4022 6206
294 250 431 322 3M8

1177 252 1238 311 S.-
1264 251 1685 312 SOPIIRONII
1710 244 2220 310 PATRIARCHJE
2252 242 2665 317 ,I‘IIEROSOL.

3441 240 3590 309 3164-

296 368 551 425 naseitur
578 364 725 422 Deus
768 363 1031 422 bumaao-
1058 377 1313 433 corpore,
1367 361 1731 431 similiterque
1756 371 1809 415 et
1847 360 1879 395 "

1998 358 2170 430 ψυχὴν
2200 357 2429 428 λογικὴν
2458 357 2556 411 καὶ
2589 324 2885 428 ἀσώματον
2910 355 3089 428 ἔχοντι
3114 395 3131 421 ,
3158 357 3298 427 ὅπερ
3330 356 3495 422 αὐτὸς
3522 361 3582 412 δν

298 460 490 516 habitu
523 456 744 532 [figura]
772 458 1006 511 animam
1058 454 1383 539 rationalem
1410 464 1462 507 et
1496 452 1881 523 incorpoream

295 552 559 614 habente,
588 557 736 620 quod
771 550 888 619 ipse
905 549 959 602 in
974 546 1292 617 semetipso,
1316 552 1369 600 et
1383 558 1733 615 nequaquam
1749 544 1885 598 alter

295 642 554 700 rationali
609 642 877 697 animavit
918 642 1141 713 spiritu,
1187 647 1249 695 et:
1288 637 1570 710 Virginem
1616 636 1885 709 generan-

297 750 403 793 tem
439 736 880 800 conserva\'it,el
920 735 1189 789 Θεοτόκον
1220 749 1341 787 eam
1375 733 1885 803 proprie,.et=vera-

297 832 435 886 citer
461 828 832 893 demonstrat,
882 829 966 883 vel
1008 830 1053 883 si
1109 827 1401 883 Nestorius
1430 841 1627 882 vecors
1672 824 1888 880 scindi-

296 930 411 988 tur,
440 930 494 979 et
524 922 646 990 ejus
685 921 795 977 Deo
847 922 1064 978 rebellis
1117 922 1394 977 exercitus
1435 919 1797 991 lacryutatur,
1828 922 1894 970 et-

297 1017 660 1082 lamentatur,
693 1024 749 1070 ct
788 1015 978 1085 eiulat,
1017 1024 1071 1070 et
1114 1015 1312 1068 iterum
1362 1028 1487 1068 cum
1521 1026 1589 1068 eo
1618 1008 1885 1080 discerpi-

298 1116 410 1162 tur.
441 1107 585 1163 Deus
626 1123 865 1178 namque
903 1117 1043 1171 erat,
1070 1108 1161 1178 qui
1191 1122 1254 1162 ex
1310 1114 1501 1162 sancta
1534 1104 1767 1174 Virgine
1791 1102 1898 1158 Dei-

299 1194 579 1251 Genitrice
629 1193 797 1248 Maria
845 1197 1065 1265 genitus
1115 1207 1220 1259 est,
1275 1202 1330 1248 et
1379 1192 1680 1249 secundum
1745 1190 1887 1245 hanc

303 1288 659 1357 temporalem
686 1295 911 1358 propter
954 1303 1055 1342 nos
1088 1287 1432 1341 nativitatem
1479 1285 1727 1352 suscepit
1758 1290 1888 1353 post

308 1380 541 1448 primam
592 1379 712 1449 ejus
743 1388 796 1434 et
826 1380 1216 1449 sempiternam
1241 1378 1391 1432 illam
1417 1392 1482 1433 ex
1516 1370 1696 1438 Patre,
1725 1384 1886 1428 natu-

303 1473 473 1526 ralem
519 1481 684 1542 atque
744 1469 1102 1535 ineffabilem,
1138 1470 1517 1531 nativitatem,
1570 1481 1887 1538 quanquam

303 1562 623 1618 incarnatus
690 1561 1026 1617 nascebatur
1086 1559 1157 1615 ob
1217 1559 1635 1616 similitudinem
1709 1558 1887 1613 nostri

303 1651 608 1706 carnalium
639 1670 652 1706 :
686 1660 835 1709 totus
884 1652 1029 1707 Deus
1072 1651 1501 1716 coliaudandus,
1557 1659 1710 1705 totus
1742 1650 1886 1705 idem

1987 451 2168 522 ἑαυτῷ
2197 451 2293 507 καὶ
2321 451 2423 521 οὐχ
2451 450 2640 521 ἕτερος
2687 449 2892 521 λογικῷ
2936 448 3250 519 ὲνεψύχωσε
3277 448 3579 521 Πνιύματο.

1987 546 2097 599 Καὶ
2123 543 2402 613 Παρθένον
2423 544 2581 614 τηρεῖ
2622 544 2722 614 τὴν
2748 542 3114 612 γεννήσασαν,
3148 543 3246 607 καὶ
3283 543 3583 601 θεοτόκον

1986 635 2156 705 αὐτὴν
2176 634 2381 706 κυρίως
2405 634 2501 689 καὶ
2527 633 2745 705 ἀληθῶς
2765 633 3134 695 ἀναδείκνυσι,
3152 634 3260 688 κᾶν
3284 634 3581 707 Νεστόριος

1985 730 2014 783 ὀ
2041 729 2360 800 παράφορος
2392 729 2684 800 ρήσσηται,
2702 728 2798 781 καὶ
2816 727 3010 782 τούτου
3027 727 3093 781 τὸ
3118 726 3393 800 θεομάχον
3413 744 3582 798 στρα-

1983 819 2214 877 τόπεδον
2257 818 2472 891 δακρύῃ
2519 820 2615 873 καὶ
2667 819 2838 890 θρηνῇ
2888 820 2984 873 καὶ
3027 819 3311 891 όδύρηται,
3343 820 3439 874 καὶ
3486 821 3584 874 σὺν

1985 912 2183 983 ἐκείνῳ
2207 911 2369 966 πάλιν
2402 910 2806 982 σπαράττηται.
2842 911 2977 975 Θεὸς
2996 913 3109 982 γὰρ
3135 908 3204 981 ἦν
3248 915 3279 967 6
3326 912 3392 966 ἔκ
3427 914 3583 984 Παρ-

1988 1003 2145 1057 θένου
2188 1002 2288 1072 τῆς
2331 1002 2491 1070 ἁγίας
2533 1002 2798 1056 Θεοτόκου
2833 1002 3058 1074 Μαρίας
3107 1003 3459 1073 τικτόμενος,
3484 1004 3584 1058 καὶ

1985 1094 2253 1167 δευτέραν
2295 1092 2365 1147 δι’
2400 1095 2549 1165 ἡμᾶς
2587 1094 2684 1151 καὶ
2712 1094 2973 1165 χρονικὴν
3002 1094 3434 1165 προσδεχόμενος
3460 1095 3585 1162 γέν-

1986 1204 2145 1260 νησιν
2177 1186 2318 1258 μετὰ
2351 1186 2450 1258 τὴν
2483 1187 2709 1257 πρώτην
2737 1185 2907 1240 αὐτοῦ
2935 1187 3031 1241 καὶ
3065 1186 3238 1243 ἀΐδιον
3260 1187 3361 1256 τὴν
3381 1188 3448 1242 ὲκ
3468 1186 3585 1242 lla-

1986 1279 2116 1350 τρὸς
2144 1276 2383 1349 φυσικὴν
2403 1277 2500 1332 καὶ
2529 1277 2912 1349 άνὲκφραστον
2943 1276 3221 1348 γέννησιν,
3256 1275 3363 1331 κᾶν
3395 1292 3585 1349 σεσαρ-

1989 1372 2239 1441 γιωμένος
2264 1372 2509 1426 ἐτίκτετο
2538 1372 2626 1425 διὰ
2657 1370 2761 1443 τὴν
2791 1371 2926 1442 πρὸς
2960 1371 3109 1443 ἡμᾶς
3130 1371 3263 1436 τοὺς
3288 1372 3584 1444 σαρκικοὺς

1987 1463 2282 1533 ὁμοιότητα
2301 1478 2316 1494 ο
2366 1463 2485 1526 ὅλος
2530 1462 2667 1526 Θεὸς
2709 1460 3123 1534 ἁνυμνούμενος
3144 1503 3158 1526 ,
3192 1462 3315 1525 ὅλος
3357 1463 3388 1514 6
3414 1461 3582 1525 αὐτὸς

1989 1551 2437 1624 προσφερόμενος
2476 1551 2794 1622 ἄνθρωπος’
2833 1551 3041 1615 τέλειος
3070 1551 3205 1616 Θεὸς
3241 1553 3271 1605 6
3303 1550 3467 1614 αὐτὸς
3494 1567 3583 1618 γι-

1990 1643 2355 1714 νωσκόμενος.
2388 1642 2485 1696 καὶ
2508 1638 2717 1706 τέλειος
2739 1642 3029 1714 ἄνθρωπος
3060 1645 3090 1697 6
3124 1643 3288 1706 αύτδς
3318 1643 3583 1712 γνωριζό-

303 1745 425 1816 ipse
458 1759 728 1815 apparens
752 1745 917 1800 homo
951 1744 1249 1816 perfectus.
1283 1743 1429 1799 Deus
1465 1742 1609 1798 idem
1651 1754 1888 1797 noscen-

1998 1749 2158 1803 μενος
2175 1749 2191 1767 ο
2227 1734 2293 1787 ἐκ
2324 1732 2419 1788 δύο
2446 1733 2558 1804 γὰρ
2587 1733 2806 1802 φύσεων
2828 1732 2955 1804 ἔσχε
2976 1735 3077 1804 τὴν
3098 1733 3298 1788 ἕνωσιν
3327 1734 3584 1803 θεότητος

303 1839 409 1892 dus
433 1854 448 1891 :
484 1836 764 1906 perfectus
794 1837 963 1892 ltumo
986 1837 1129 1892 idem
1158 1837 1273 1908 ipse
1307 1834 1741 1890 innotesceudns
1769 1852 1784 1888 :
1813 1846 1884 1889 ex

304 1929 519 1983 duabus
567 1931 768 2000 quippe
805 1929 1018 1984 naturis
1064 1928 1369 1982 uuitionem
1413 1926 1626 1991 habuit,
1662 1926 1888 1992 deitate,

303 2031 358 2077 et
391 2022 732 2077 immanitate
764 2039 776 2075 :
812 2031 864 2075 et
910 2023 962 2076 in
1012 2021 1226 2075 duabus
1270 2019 1529 2090 perfectis
1555 2019 1893 2074 noscebatur

305 2113 542 2181 naturis,
573 2112 775 2169 deitate
801 2121 855 2167 et
896 2112 1263 2167 humanitate.

374 2205 562 2276 Neque
592 2206 739 2260 enim
783 2204 1020 2260 unitioni
1067 2204 1302 2257 mutatio
1330 2201 1608 2272 qualibet,
1635 2202 1721 2256 vel
1755 2217 1892 2256 cun-

306 2294 449 2350 i'usio
501 2295 839 2361 intercessit,
895 2309 1076 2364 neque
1121 2292 1470 2357 differentia,
1526 2293 1894 2361 dualitatique

305 2388 631 2453 formarum,
664 2388 781 2442 sive
824 2386 1263 2443 substantiarum
1301 2396 1422 2456 post
1471 2386 1777 2441 unltionem
1811 2383 1894 2438 di-

304 2480 448 2535 visio
480 2478 754 2550 quadam,
785 2488 881 2534 aut
908 2481 1083 2535 sectio
1121 2489 1207 2535 est
1241 2480 1591 2542 intromissa,
1632 2479 1761 2533 licet.
1790 2479 1893 2535 boc

305 2570 596 2626 contristet
624 2566 846 2641 quidem
879 2570 1156 2626 furentem
1203 2570 1546 2637 Nestorium,
1597 2570 1731 2625 illttd
1762 2584 1894 2626 vero

307 2661 603 2718 tabefaciat
652 2660 957 2734 Eutychem
1012 2662 1374 2732 desipientem
1413 2660 1516 2732 (4).
1581 2660 1716 2717 Nam
1769 2674 1894 2733 qua

308 2755 616 2811 secundum
644 2754 1063 2811 sttbsistentiam
1098 2754 1164 2810 ad
1202 2754 1437 2810 invicem
1462 2754 1751 2818 uniuntur,
1796 2770 1895 2811 ne-

310 2859 415 2912 que
489 2843 856 2899 mutationem
906 2850 1247 2912 acceptant,
1322 2856 1502 2911 neque
1564 2841 1891 2898 divisionem

309 2942 620 3004 agnoscunt
676 2951 692 2988 :
764 2948 943 3004 neque
1014 2934 1121 2988 scit
1173 2946 1296 3003 qua:
1354 2933 1708 2990 confusionis
1765 2945 1896 2991 sunt

311 3028 569 3097 propria,
627 3040 807 3098 neque
868 3024 1136 3081 sectionis
1198 3025 1366 3082 discit
1423 3026 1650 3125 indicia.
1711 3025 1892 3094 Quod,
1922 3065 1966 3125 ο

313 3127 479 3190 prout
512 3128 736 3188 apparet
765 3119 1046 3189 Eutycbes
1086 3118 1350 3189 ignorans
1389 3126 1552 3188 atque
1581 3116 1892 3185 Nestorius,

313 3218 368 3264 et
405 3208 670 3265 unitionis
721 3211 1026 3266 secundum
1082 3210 1502 3265 subsistentiam
1573 3225 1681 3264 non
1741 3209 1900 3264 addi-

314 3311 534 3358 scentes
568 3303 854 3367 virtutem,
901 3302 1059 3374 juxta
1111 3318 1278 3374 quam
1332 3303 1763 3359 ctincaruatum
1814 3312 1902 3359 est

315 3391 581 3461 Verbum,
617 3403 672 3449 et
700 3409 831 3451 caro
859 3395 1098 3449 animata
1141 3402 1195 3449 et
1226 3394 1616 3451 intellectualis
1648 3395 1902 3449 immuta-

314 3483 501 3539 biliter
530 3485 781 3541 deificata
810 3493 891 3541 est
921 3508 933 3542 :
966 3486 1057 3540 hic
1092 3483 1315 3556 quidem
1353 3487 1406 3540 in
1443 3485 1786 3541 confusionis
1809 3499 1902 3554 pe-

314 3572 496 3641 lagum
527 3575 789 3644 jactatur,
840 3577 929 3632 bie
962 3591 1092 3632 vero
1138 3577 1192 3631 in
1244 3576 1536 3633 divisionis
1575 3580 1897 3646 voraginem

314 3665 595 3733 dejicitur.
650 3665 717 3722 Et
756 3667 966 3723 idcirco
1013 3668 1107 3723 ille
1159 3668 1383 3738 quidem
1412 3668 1617 3739 refugit
1646 3667 1900 3724 conﬁteri

315 3757 635 3813 dualitatem
668 3768 1013 3828 naturarum,
1062 3761 1151 3816 hic
1190 3777 1322 3816 vero
1365 3777 1531 3816 unam
1579 3762 1673 3817 Dei
1738 3760 1900 3818 Verbi

314 3846 953 3909 naturamincarnatam
1002 3862 1064 3903 se
1118 3848 1397 3903 subtrahit
1442 3849 1769 3920 praedicare,
1815 3852 1901 3906 vel

315 3939 481 3992 etiam
526 3953 692 3993 unam
732 3939 855 4009 ejus
902 3942 1268 4010 compositam
1331 3942 1754 3997 subslstentiam
1810 3942 1901 3997 di-

274 4096 279 4101 _
316 4042 444 4083 cere
485 4030 715 4095 metuit;
757 4031 1009 4086 timorem
1066 4031 1273 4102 refuga:
1327 4042 1657 4100 metuentes,
1706 4035 1799 4089 ubi
1833 4036 1904 4090 ti-

316 4132 439 4172 mor
498 4119 686 4173 nuilus
740 4119 1032 4174 inhabitat.
1096 4118 1207 4176 Nos
1279 4136 1412 4178 vero
1484 4138 1652 4178 sensu
1720 4123 1904 4179 vivido

317 4210 608 4280 utriusque
671 4210 867 4265 horum
934 4212 1187 4268 servilem
1260 4213 1632 4283 propellentes
1711 4228 1904 4268 amen-

316 4300 472 4365 tiam,
512 4311 567 4355 et
605 4316 772 4370 super
804 4310 1014 4371 petram
1067 4303 1290 4372 pietatis
1339 4312 1554 4360 stantes
1613 4305 1901 4376 intrepidi,

1993 1825 2090 1882 καὶ
2124 1823 2567 1895 άνθρωπότητος,
2604 1824 2702 1879 καὶ
2734 1826 2795 1879 ὲν
2830 1823 2925 1878 δύο
2973 1824 3212 1888 τελείαις
3255 1823 3585 1896 δγνωρίζετο

1994 1913 2212 1984 φύσεσι,
2242 1913 2459 1986 θεότητί
2485 1933 2546 1969 τε
2575 1916 2674 1970 καὶ
2700 1914 3113 1988 άνθρωπότητι.

2064 2192 2202 2251 Οὔτε
2224 2197 2332 2269 γὰρ
2361 2200 2428 2269 τῇ
2459 2197 2650 2252 ἑνώσει
2679 2201 2854 2272 τροπή
2879 2218 2960 2265 τις
2992 2200 3025 2272 ἢ
3057 2203 3271 2274 φυρμός
3299 2202 3587 2274 ἐμεσίτευὲ

1995 2306 2110 2354 σεν,
2148 2288 2272 2343 οὗτε
2292 2292 2358 2363 τῇ
2383 2291 2617 2363 διαφορᾷ
2643 2289 2741 2346 καὶ
2769 2292 2919 2347 δυάδι
2945 2292 3054 2347 τῶν
3084 2292 3308 2367 μορφῶν
3337 2294 3455 2365 ἦτοι
3474 2293 3584 2348 τῶν

1993 2379 2194 2433 οὐσιῶν
2230 2381 2369 2451 μετά
2411 2381 2513 2452 τὴν
2544 2382 2740 2435 ἕνωσιν
2784 2383 3048 2453 διαίρεσίς
3078 2401 3168 2447 τις
3214 2384 3247 2456 ἦ
3294 2384 3435 2455 τομὴ
3468 2387 3581 2438 εἱσ-

1995 2471 2243 2545 εκρίνετο
2262 2487 2278 2507 ·
2307 2471 2415 2527 κᾶν
2442 2472 2604 2526 τοῦτο
2631 2473 2733 2544 μὲν
2757 2474 2901 2545 λυπῇ
2936 2474 3029 2528 τὸν
3068 2475 3349 2546 μεμηνότα
3380 2475 3583 2528 Νεστό-

1997 2580 2132 2636 ριον,
2160 2565 2336 2618 ἐκεῖνο
2367 2564 2425 2618 δὲ
2448 2566 2591 2637 τήκῃ
2630 2566 2845 2638 Εὐτυχῆ
2871 2566 2961 2621 τὸν
2988 2550 3324 2638 κακόφρονά.
3358 2566 3439 2622 Τά
3471 2566 3583 2639 γὰρ

1956 2670 1963 2676 ”
1994 2653 2116 2709 καθ’
2146 2655 2445 2709 ὑπόστασιν
2476 2654 2733 2727 ἀλλήλοις
2762 2655 3028 2728 ἑνούμενα
3061 2654 3189 2711 οὔτε
3224 2656 3433 2729 τροπὴν
3462 2674 3587 2711 συν-

1994 2745 2321 2815 εισδέχεται,
2351 2744 2477 2801 οὔτε
2505 2747 2765 2818 γνωρίζει
2792 2748 3078 2819 διαίρεσιν,
3108 2747 3234 2803 οὔτε
3270 2749 3587 2821 συγχύσεως

1995 2833 2104 2892 οἶδε
2126 2837 2195 2891 τὰ
2220 2838 2354 2904 ἴδια,
2381 2837 2507 2892 οὔτε
2532 2840 2709 2910 τομῆς
2733 2838 3001 2912 λαμϐάνει
3023 2840 3090 2896 τά
3121 2841 3368 2914 σύμϐολα
3386 2858 3402 2875 ο
3426 2842 3586 2913 ὅπερ,

1997 2926 2075 2991 ὡς
2106 2926 2305 2994 ἔοικεν,
2337 2927 2588 3000 Εὑτυχὴς
2621 2928 2836 2997 ἀγνοῶν
2882 2930 2978 2984 καὶ
3004 2930 3321 3004 Νεστόριος,
3348 2932 3443 2986 καὶ
3486 2934 3590 3003 τῆς

1996 3018 2123 3073 καθ’
2153 3019 2458 3075 ὑπόστασιν
2506 3019 2754 3086 ἑνώσεως
2788 3022 2865 3093 μὴ
2899 3021 3166 3093 μαθόντες
3194 3022 3296 3094 τὴν
3333 3022 3584 3094 δύναμιν,

2000 3116 2122 3170 καθ’
2148 3116 2216 3190 ἢν
2243 3119 2273 3171 6
2294 3116 2453 3187 λόγος
2480 3118 2848 3191 σεσάρκωται,
2876 3121 2971 3175 καὶ
3003 3121 3036 3192 ἠ
3062 3120 3200 3194 σὰρξ
3224 3120 3469 3195 ἔμψυχος
3493 3122 3595 3177 καὶ*
3694 3134 3706 3147 ‘

1998 3208 2181 3273 ἔννους
2202 3208 2602 3283 ἀμεταϐλήτως
2628 3211 2912 3277 τεθέωται,
2941 3214 2971 3265 ό
3007 3211 3107 3285 μὲν
3135 3215 3215 3278 είς
3248 3214 3309 3269 τὸ
3329 3216 3428 3286 τῆς
3453 3215 3588 3269 άνα-

1999 3300 2211 3372 χύσεως
2242 3301 2587 3368 ἀκοντίζεται
2610 3302 2876 3373 πέλαγος,
2910 3305 2939 3359 6
2963 3305 3021 3359 δὲ
3053 3306 3135 3368 el;
3166 3305 3227 3359 τὸ
3250 3306 3349 3376 τῆς
3375 3304 3588 3378 διαιρὲ-

2002 3410 2141 3457 σεως
2188 3388 2559 3466 κατῶρὲρεται
2611 3396 2905 3470 βάραθρον.
2937 3399 3048 3451 Kal
3094 3397 3181 3453 διά
3211 3397 3370 3452 τοῦτο
3416 3398 3447 3451 6
3490 3397 3603 3468 μὲνκ

2001 3488 2194 3558 φεύγει
2210 3486 2598 3558 καθομολογεῖν
2613 3489 2712 3560 τὴν
2735 3489 2904 3544 δυάδα
2929 3491 3040 3544 τῶν
3068 3491 3303 3561 φύσεων,
3329 3491 3357 3544 ό
3376 3490 3432 3544 δὲ
3457 3488 3591 3559 μίαν

2000 3579 2394 3651 καθομολογεῖν
2425 3580 2523 3653 τὴν
2546 3581 2641 3634 τοῦ
2663 3580 2800 3634 Θεοῦ
2830 3583 3005 3652 Λόγου
3036 3582 3197 3652 φύσιν
3227 3580 3589 3653 σεσαρκωμέ-

2000 3689 2101 3743 νην
2134 3672 2503 3739 συστέλλεται,
2533 3673 2567 3745 ἢ
2603 3675 2697 3727 καὶ
2732 3673 2861 3743 μίαν
2906 3674 3071 3728 αὑτοῦ
3125 3673 3379 3727 σύνθετον
3408 3671 3595 3739 λέγειν

2003 3764 2300 3819 ὑπόστασιν
2347 3764 2588 3819 δέδοικε’
2618 3764 2781 3835 φόϐον
2828 3765 2878 3821 oi
2920 3765 3191 3835 δραπέται
3238 3761 3585 3834 φοϐούμενοι,

2000 3850 2063 3912 οὗ
2093 3855 2258 3926 φόϐος
2278 3856 2455 3920 οὐδεὶς
2484 3855 2844 3910 πολιτεύεται.
2864 3856 3057 3927 Ἡμεῖς
3083 3856 3141 3910 δὲ
3170 3854 3591 3926 ρωμαλέῳιφρο·

2001 3948 2208 4020 νήματι
2240 3948 2339 4018 τὴν
2386 3947 2649 4017 ἑκατέρου
2687 3946 2895 4001 τούτων
2935 3946 3132 4017 δούλην
3179 3946 3591 4019 παρελάσαντες

2005 4040 2212 4105 ἄνοιαν,
2247 4040 2345 4094 καὶ
2390 4040 2487 4093 ἐπὶ
2515 4040 2616 4112 τῆν
2658 4041 2868 4112 πέτραν
2895 4040 2994 4112 τῆς
3025 4039 3312 4104 εὐσεϐείας
3354 4038 3593 4101 tuatim;

2003 4130 2337 4202 ἀδείμαντοι,
2366 4132 2476 4188 καὶ·
2488 4132 2590 4204 τὴν
2632 4131 2751 4187 καθ’
2779 4131 3082 4187 ὑπόστασιν
3109 4130 3204 4186 τοῦ
3234 4129 3409 4201 Λόγου
3452 4128 3592 4203 πρὸς

2006 4225 2189 4295 σάρκα
2215 4224 2315 4294 τὴν
2348 4224 2408 4291 ἐξ
2437 4224 2597 4301 ἡμῶν
2627 4225 2730 4296 τὴν
2761 4223 2947 4280 ἔννουν
2985 4224 3080 4279 καὶ
3110 4221 3353 4295 ἔμψυχον
3380 4220 3590 4293 κηρύτ-

2005 4329 2174 4383 τομεν
2202 4313 2495 4384 σύμϐασιν,
2531 4315 2626 4370 καὶ
2650 4314 2746 4368 ἕνα
2779 4313 3015 4386 Χριστὸν
3045 4314 3140 4369 καὶ
3171 4314 3300 4368 Υῐδν
3331 4313 3422 4367 τὸν
3453 4329 3590 4382 σαρ-

317 4398 371 4444 et
401 4391 705 4446 secundum
736 4391 1155 4448 subsistentiam
1187 4391 1351 4449 Verbi
1388 4394 1455 4449 ad
1488 4408 1736 4462 carnem,
1775 4411 1896 4468 quas

2007 4404 2258 4460 κωθέντα
2298 4405 2471 4475 Λόγον
2512 4406 2918 4479 πρεσϐεύομεν,
2951 4406 3071 4461 καὶ.
3098 4407 3228 4477 μίαν
3279 4405 3444 4460 αὐτοῦ
3489 4406 3591 4476 τὴν

317 4495 384 4534 ex
415 4481 572 4535 nobis
622 4488 708 4536 est
751 4482 1198 4549 intellectualem,
1246 4494 1301 4538 et
1342 4484 1666 4553 animatam,
1702 4501 1902 4543 conve-

320 4572 582 4639 nientiam
620 4572 999 4642 praedicamus,
1051 4585 1106 4629 ct
1144 4591 1313 4629 unum
1339 4574 1647 4640 Christum,
1702 4587 1758 4631 et
1812 4574 1903 4631 Fi-

321 4663 451 4719 lium
482 4664 824 4721 incarnalum
858 4663 1095 4721 Verbum
1129 4668 1490 4724 obsecramus
1522 4668 1624 4739 (5).
1655 4668 1889 4740 [asseri-

322 4754 466 4828 tnus]
494 4766 549 4811 et
581 4773 744 4812 nnaut
788 4757 907 4828 ejus
950 4759 1369 4814 subsistentiam
1419 4762 1780 4830 compesitam
1820 4759 1906 4815 di-

319 4849 520 4912 cimus,
544 4859 596 4904 et
638 4851 691 4904 in
726 4851 940 4907 duabus
972 4868 1096 4907 eum
1140 4853 1536 4908 annuntiamus
1579 4852 1821 4919 naturis,
1851 4862 1905 4909 et

320 4939 461 4995 duas
513 4939 759 5011 ejusdem
813 4942 905 4998 Dei
959 4942 1121 4999 Verbi
1189 4944 1505 4999 nativitates
1575 4944 1901 5013 credimus,

322 5047 486 5087 nnant
522 5034 740 5104 quidem
776 5049 842 5093 ex
877 5034 987 5091 Deo
1029 5036 1215 5105 Patre,
1255 5052 1420 5107 quam
1481 5038 1897 5108 intemporalem

321 5128 792 5199 etsempiternam
847 5130 1077 5196 scimus,
1128 5131 1424 5187 secundum
1468 5146 1532 5187 ex
1587 5129 1682 5186 Dei
1736 5129 1902 5185 Geni-

324 5227 462 5275 trtce
495 5230 667 5275 matre
701 5262 715 5285 ,
762 5237 926 5293 quam
962 5231 1018 5279 et
1069 5226 1386 5289 modernam
1436 5232 1489 5279 et
1546 5224 1902 5294 temporalem

323 5311 733 5381 cognoscimus,
789 5322 841 5369 et
888 5328 1051 5369 unam
1098 5312 1193 5371 Dei
1244 5313 1409 5371 Verbi
1453 5323 1704 5371 naturam
1740 5314 1795 5369 in
1840 5328 1907 5370 eo

2010 4496 2308 4551 ὑπόστασιν
2358 4496 2589 4568 λέγομεν
2640 4497 2914 4564 σύνθετον,
2972 4500 3069 4552 καὶ
3110 4500 3171 4553 ἐν
3220 4499 3377 4552 δυσὶν
3424 4495 3590 4551 αὑτὸν

2010 4586 2346 4657 ἀγορεύομεν
2392 4586 2617 4655 φύσεσι,
2648 4587 2742 4641 καὶ
2773 4587 2867 4642 δύο
2897 4587 2990 4643 τοῦ
3025 4587 3190 4643 αὐτοῦ
3234 4585 3369 4641 Θεοῦ
3415 4588 3589 4656 Λόγου

2006 4676 2292 4748 γεννήσεις
2318 4678 2675 4751 πιστεύομεν
2701 4680 2831 4752 μίαν
2854 4680 2953 4752 μὲν
2980 4680 3082 4752 τὴν
3101 4682 3165 4734 ὲκ
3187 4678 3323 4733 Θεοῦ
3350 4679 3589 4749 Πατρδς,

2004 4765 2076 4835 ἡν
2096 4766 2191 4819 καὶ
2217 4765 2449 4837 ἄχρονον
2474 4768 2570 4821 καὶ
2589 4768 2761 4823 ἀΐδιον
2791 4769 3017 4841 οἴδαμεν
3035 4785 3050 4801 ο
3082 4769 3178 4824 καὶ
3201 4768 3458 4841 δευτέραν
3478 4768 3582 4840 τὴν

2012 4857 2078 4911 ex
2098 4856 2198 4927 τῆς
2225 4856 2491 4912 Θεοτόκου
2521 4859 2750 4932 μητρὸς,
2772 4860 2842 4931 ἣν
2872 4861 2966 4914 καὶ
2996 4860 3312 4932 πρόσφατον
3340 4860 3435 4914 καὶ
3458 4877 3589 4932 xpo-

2009 4948 2166 5021 νικὴν
2202 4950 2578 5020 ἐπιστάμεθα·
2619 4956 2710 5006 καὶ
2744 4952 2872 5023 μίαν
2917 4952 3012 5006 τοῦ
3060 4953 3196 5008 Θεοῦ
3224 4952 3400 5022 Λόγον
3429 4952 3593 5022 φύσιν

2006 5040 2095 5093 ἐπ’
2137 5039 2303 5094 αὐτοῦ
2354 5041 2782 5114 σεσαρκωμένην
2827 5042 3157 5117 δοξάζομεν,
3205 5043 3320 5098 ἀλλ’
3368 5043 3465 5113 οὐχ
3512 5041 3593 5106 ὡς

2022 5131 2394 5204 ’Δπολινάριος
2445 5133 2539 5187 καὶ
2585 5134 2831 5204 Εὖτυχὴς
2860 5136 2955 5187 καὶ
2999 5136 3289 5208 Διόσκορος
3317 5133 3585 5202 λέγουσινυ

2013 5221 2128 5277 ἀλλ’
2156 5222 2233 5286 ὡς
2261 5225 2289 5277 ὀ
2325 5222 2486 5293 σοφός
2515 5225 2646 5295 ἡμῖν
2677 5226 3029 5297 παραδέδωκε
3060 5227 3343 5300 Κύριλλος.
3379 5225 3489 5278 Καὶ
3519 5222 3595 5277 τὰ

2003 5312 2114 5367 τῶν
2144 5313 2362 5386 φύσεων
2391 5313 2664 5381 σώζεσθαι
2707 5317 2992 5389 φάσκομεν
3031 5318 3160 5383 ἴδια,
3194 5319 3288 5374 καὶ
3336 5318 3441 5388 τὴν
3477 5315 3599 5371 τῶν.

1856 5513 2083 5572 ΝΟΤᾹ).

403 5604 481 5677 (4)
502 5604 846 5677 Nicepiiorus
870 5608 975 5665 Cl'.
1004 5610 1058 5665 in
1094 5608 1426 5666 refutatione
1471 5626 1576 5667 ms.
1596 5609 1819 5667 Eusebii
1847 5621 1903 5667 et

328 5671 687 5743 Epiphaniae:
720 5678 815 5732 fol.
844 5679 975 5746 277,
1005 5681 1118 5738 inec
1157 5680 1419 5738 describit
1438 5697 1502 5739 ex
1537 5681 1768 5754 cpistola
1791 5679 1895 5738 So-

2011 5610 2231 5683 phrouii
2270 5610 2336 5666 ad
2365 5609 2693 5668 Honorium.
2732 5613 2905 5673 flauo.

2078 5681 2155 5752 (5)
2187 5681 2289 5739 Ms.
2312 5693 2523 5751 uoster,
2559 5682 2804 5739 colimus.
2836 5685 2910 5741 in.
