4058 6190
379 197 519 263 3177

1338 194 1705 257 EPISTOLA
1738 190 2114 253 SYNODICA
2152 191 2253 252 AD
2297 191 2646 251 SERGIUM
2682 188 2790 248 (ΣΡ.

3472 142 3644 251 ὀι-ιδ

378 313 524 374 ἐσεις
556 310 599 343 ⁸⁸
643 311 780 381 ἡμῖν
824 308 1234 378 ἐξυφαίνοντες-
1275 306 1350 369 ώς
1389 307 1519 361 ὅταν
1555 305 1796 378 ἀκούσῃς
1839 304 1963 373 περὶ

2070 306 2248 360 ronati
2281 316 2430 365 sunt,
2461 313 2517 359 et
2547 302 2696 373 loqui
2740 298 3011 355 divinitus
3042 303 3397 367 acceperunt,
3430 296 3647 355 divinas

378 402 473 454 τοῦ
506 402 629 464 ἑνὸς
659 399 791 454 Υίοῦ
821 400 923 464 τὰς
948 399 1199 463 ἐναντίας
1234 398 1442 469 φωνὰς,
1486 396 1837 466 καταλλήλως
1869 395 1965 465 μέ-

381 491 496 563 ριζε
527 495 650 555 ταῖς
687 491 884 561 φύσεσι
921 491 989 544 τὰ
1026 491 1299 560 λεγόμενα
1327 505 1342 521 ο
1371 489 1438 542 ἂν
1473 488 1574 559 μέν
1603 504 1655 540 τι
1695 488 1841 556 μέγα
1870 486 1965 538 καὶ

381 585 543 648 θεῖον,
568 586 636 655 τῇ
664 582 787 654 Θείᾳ
814 581 973 650 φύσει
1001 582 1329 652 προσνέμων
1354 595 1366 609 ·
1394 579 1461 633 ἂν
1483 578 1540 633 δέ
1572 595 1617 631 τι
1651 577 1847 647 μικρὸν
1866 577 1963 630 καὶ

378 673 741 745 ἀνθρώπινον,
780 674 846 744 τῇ
886 670 1212 742 ἀνθρωπίνῃ
1251 668 1630 739 λογιζόμενοςθ
1665 667 1808 720 οὕτω
1853 665 1964 737 γὰρ

380 765 473 817 καὶ
499 765 562 816 τὸ
601 762 710 815 τῶν
746 761 942 831 φωνῶν
985 760 1321 831 ἀσύμφωνον
1360 757 1667 831 διαφεύξῃ,
1702 758 1960 826 ἑκάστης,

377 854 409 908 ἃ
446 855 692 923 πέφυκεν
738 854 865 919 ἴδια,
912 852 1212 923 δεχομένης
1255 851 1472 921 φύσεως
1497 889 1513 913 ,
1564 851 1660 904 καὶ
1696 848 1789 903 τὸν
1814 847 1963 901 ’Υίὸν

378 945 467 999 τὸν
495 945 593 999 ἕνα
616 945 714 999 καὶ
744 944 851 1017 πρὸ
879 945 1098 999 πάντων
1126 942 1339 998 αἰώνων
1362 945 1455 996 καὶ
1476 941 1792 1012 πρόσφατον
1819 941 1963 993 κατᾶ

380 1038 477 1101 τὰς
524 1039 690 1105 ἁγίας
735 1036 962 1107 Γραφὰς
1005 1035 1389 1107 ὁμολογήσεις.
1433 1032 1595 1086 Ἀλλὰ
1643 1033 1740 1087 καὶ
1790 1030 1965 1094 οὕτως

379 1127 469 1180 ἐπὶ
496 1127 592 1181 τοῦ
630 1128 749 1190 ἐνὸς
782 1126 916 1180 Υίοῦ
964 1143 1119 1194 φασι,
1155 1127 1340 1178 πᾶσαν
1390 1124 1488 1193 μὲν
1529 1123 1811 1193 ἐνέργειαν
1860 1122 1963 1175 οὐκ

378 1218 444 1273 ἄν
471 1235 557 1282 τις
582 1219 814 1288 χωρίσαι
839 1218 885 1250 η
914 1219 1014 1287 τῆς
1039 1217 1168 1287 μιᾶς
1197 1216 1466 1285 υἱότητος,
1512 1213 1612 1283 τῆς
1637 1213 1696 1268 δὲ
1725 1213 1960 1282 φύσεως,

376 1307 443 1383 ἧς
468 1311 614 1362 ἐστιν
642 1309 841 1362 οἰκεῖον
864 1306 957 1361 τὸν
985 1306 1295 1377 γινόμενον,
1317 1288 1398 1376 τῶ
1435 1303 1580 1374 λόγῳ
1608 1302 1926 1374 γνωρίσειεν
1944 1318 1957 1332 ·

376 1398 572 1452 οὐκοῦν
606 1397 869 1452 κάλλιστα
912 1397 1031 1451 λίαν
1058 1398 1243 1459 αὐτοῖς
1285 1394 1710 1465 δεδογμάτισται
1740 1392 1824 1455 τὸ,
1863 1391 1964 1447 ’ἐνα

381 1492 478 1564 μὲν
504 1491 789 1562 ὁμολογεῖν
835 1492 929 1546 τὸν
964 1491 1317 1563 Ἐμμανουήλ
1339 1508 1354 1521 ⁸
1397 1489 1574 1553 οὕτως
1620 1488 1732 1559 γὰρ
1770 1490 1798 1540 6
1829 1487 1962 1550 Θεὸς

374 1585 548 1654 Λόγος
570 1583 878 1658 σαρκωθεὶς
908 1583 1271 1654 ὀνομάζεται·
1315 1582 1409 1635 καὶ
1437 1579 1530 1634 τὸν
1557 1579 1717 1633 αὑτὸν
1748 1578 1962 1633 ἅπαντα

374 1642 506 1747 δρέν
530 1642 763 1731 οιαὶιούκ
794 1642 951 1730 ἄλλον
972 1642 1068 1729 καὶ
1092 1642 1289 1737 -ἄλλον,
1319 1671 1390 1726 τά
1414 1688 1473 1724 τε
1500 1670 1679 1742 ὑψηλὰ
1710 1670 1805 1723 καὶ
1833 1669 1961 1723 ὲλά-
1997 1642 2036 1697 Β

374 1785 537 1839 χιστα
578 1768 842 1830 παντοίας
887 1767 1046 1829 ἐκτὸς
1097 1764 1455 1826 διαστάσεως.
1487 1764 1567 1815 Δι’
1596 1756 1671 1815 ὧν
1719 1762 1814 1814 καὶ
1853 1760 1961 1814 τῶν

374 1859 540 1914 αὑτοῦ
562 1858 778 1927 φύσεων
802 1856 1108 1927 ἀσύγχυτος
1132 1858 1165 1926 ἡ
1188 1854 1380 1925 διπλόη
1399 1851 1859 1922 γνωρίζεται,καὶ
1881 1852 1963 1914 είς

376 1950 702 2013 ὑποστάσεις
749 1947 842 2001 δύο
871 1947 967 2002 καὶ⁸
1014 1946 1282 2018 πρόσωπα
1315 1943 1565 2014 διαμπὰξ
1608 1944 1638 1997 ό
1685 1942 1846 2005 αὐτὸς
1895 1944 1959 1995 οὐ

375 2042 659 2115 μερίζεται
681 2058 695 2071 ⁸
720 2040 835 2095 ἀλλ’
861 2039 1009 2093 ἐστιν
1050 2034 1131 2103 εἷς
1164 2037 1307 2092 καὶὸ
1342 2036 1505 2100 αὐτὸς
1538 2034 1666 2097 Υἱὸς
1695 2033 1792 2087 καὶ
1821 2033 1961 2104 Χρι-

377 2138 501 2200 στὸς
532 2137 889 2206 ἀδιάτμητος,
923 2135 983 2186 ὲν
1018 2131 1172 2185 δυσὶν
1200 2130 1526 2200 ἁδιαιρέτως
1557 2126 1961 2199 γνωριζόμενος

374 2228 573 2296 φύσεσι
597 2242 611 2255 °
644 2225 742 2279 καὶ
763 2223 932 2278 αὑτοῦ
956 2223 1027 2277 τὰ
1049 2222 1231 2275 πάντα
1258 2221 1353 2275 τοῦ
1381 2220 1500 2284 ἑνός
1529 2218 1662 2273 Υἱοῦ
1688 2217 1962 2272 διαϐεὸαιο

371 2320 433 2372 ού
442 2317 604 2387 μεθα,
620 2317 715 2371 καὶ
733 2316 912 2379 πάσας
935 2314 1100 2368 αὑτοῦ
1129 2314 1223 2367 καὶ
1245 2312 1343 2376 τὰς
1368 2311 1555 2381 φωνὰς
1573 2312 1670 2366 καὶ
1699 2309 1789 2373 τὰς
1812 2311 1895 2362 ὲνε
1904 2325 1964 2378 ρ-

371 2411 528 2479 γείας
576 2406 945 2479 πιστεύομενο
981 2406 1087 2461 κᾶν
1131 2408 1188 2461 αἱ
1227 2406 1328 2477 μὲν
1370 2402 1554 2459 αὐτῶν
1595 2405 1703 2456 εισι
1736 2401 1963 2472 θεοπρεο

371 2502 516 2563 πεῖς,
544 2500 600 2552 at
629 2499 688 2551 δὲ
716 2497 859 2551 οὕτω
886 2497 1051 2553 πάλιν
1074 2495 1594 2566 ἀνθρωποπρεπείς,
1620 2492 1678 2548 αἰ
1705 2492 1762 2546 δὲ
1788 2492 1963 2563 μέσην

370 2591 494 2644 τινὰ
528 2589 679 2654 τάξιν
724 2589 1037 2659 ἐπέχουσιν,
1073 2587 1149 2651 ώς
1195 2586 1417 2657 ἔχουσαι
1458 2585 1520 2639 τὸ
1565 2582 1870 2655 θεοπρεπὲς
1903 2584 1961 2636 ὲν

368 2681 555 2751 ταύτῷ
591 2682 686 2734 καὶ
726 2680 1091 2751 ἀνθρώπινον,
1127 2678 1345 2748 Ταύτης
1366 2677 1424 2731 δέ
1458 2693 1638 2749 φαμεν
1669 2676 1768 2746 τῆς
1799 2675 1961 2729 δυνά-

372 2791 519 2844 μεως
538 2773 634 2825 καὶ
650 2773 749 2843 τὴν
764 2772 949 2842 κοινὴν
972 2771 1018 2803 ’⁸
1043 2770 1137 2825 καὶ
1152 2768 1475 2842 θεανδρικὴν
1494 2768 1794 2838 λεγομένην
1812 2768 1965 2838 ἐνέρ-

368 2880 547 2932 γειαν,
574 2864 635 2916 ού
669 2864 798 2934 μίαν
837 2863 1214 2933 ὑπάρχουσαν,
1256 2862 1371 2916 ἀλλ’
1400 2863 1707 2933 ὲτερογενεῑ
1738 2860 1835 2915 καὶ
1876 2860 1958 2913 δια

370 2955 596 3055 ἀφοροκρ
626 2955 691 3027 ἢν
726 2956 754 3008 6
779 2954 838 3021 ἐξ
881 2954 1091 3025 Ἀρείου
1118 2954 1294 3023 πάγου
1324 2952 1523 3024 Παύλῳ
1545 2951 1623 3024 τῷ
1648 2953 1776 3023 θείῳ
1799 2953 1960 3015 θείως
1985 2991 2032 3055 c

369 3043 679 3116 ζωγρηθεὶς
731 3044 995 3116 θεηγόρος
1035 3043 1313 3109 Διονύσιος
1358 3043 1602 3114 ἔφησεν,
1646 3044 1723 3107 ὡς
1751 3044 1813 3095 τὸ
1842 3041 1959 3095 Θεο-

370 3137 585 3217 πρεπὲς
612 3137 672 3190 ἐν
708 3136 894 3217 ταύτῷ
936 3137 1031 3190 καὶ
1071 3136 1411 3207 ἀνθρώπινον
1454 3136 1709 3208 ἔχουσαν,
1750 3135 1847 3189 καὶ
1869 3135 1959 3190 διὰ

366 3210 869 3302 τῆξχσριεστάτῆς
913 3247 975 3283 τε
1008 3231 1105 3283 καὶ
1151 3229 1409 3283 συνθέτου
1453 3230 1813 3299 προσρήσεως
1855 3228 1957 3299 τὴν

368 3323 607 3392 ἑκάστης
635 3320 822 3384 ούσίας
856 3322 953 3374 καὶ
984 3320 1201 3390 φύσεως
1230 3321 1472 3390 ἑκάστην
1506 3318 1737 3382 ἐντελῶς
1768 3317 1959 3389 δηλοῦ-

370 3429 471 3465 σαν
516 3410 824 3482 ἐνέργειαν.
873 3409 1210 3482 Προαιώνιον
1256 3411 1438 3464 τοίνυν
1469 3410 1560 3463 τὸν
1605 3409 1739 3462 Θεὸν
1782 3410 1956 3474 Λόγον

372 3502 687 3568 δοξάζοντες
730 3503 824 3555 καὶ
863 3501 940 3571 τῷ
978 3503 1152 3572 Πατρὶ
1185 3502 1478 3565 συναῖδιον,
1531 3501 1793 3572 χρονικὴν
1824 3501 1959 3553 ὑπο-

379 3596 554 3663 μεῖναι
603 3592 982 3665 πρεσϐεύομεν
1025 3593 1300 3663 γέννησιν,
1335 3594 1404 3664 ἢν
1443 3596 1509 3646 ἐκ
1540 3591 1817 3663 Παρθένου
1858 3592 1958 3663 τῆς

376 3688 577 3758 κυρίως
599 3686 694 3737 καὶ
717 3684 933 3755 ἀληθῶς
972 3684 1225 3737 Θεοτόκου
1255 3684 1474 3755 Μαρίας
1506 3683 1813 3754 σαρκωοεὶς
1858 3683 1959 3736 ἀπ-

371 3777 641 3830 ετίκτετο.
674 3777 785 3828 Καὶ
825 3777 914 3829 διὰ
943 3776 1104 3829 τοῦτο
1131 3776 1226 3830 δύο
1251 3778 1347 3840 τὰς
1374 3778 1659 3847 γεννήσεις
1693 3778 1957 3848 γεγεννῆ-

371 3868 500 3923 σθαι
523 3868 660 3939 πρὸς
687 3868 796 3922 τῶν
828 3867 1199 3943 εὐσεϐούντων
1218 3869 1444 3931 εἰκότως
1479 3868 1818 3924 πιστεύεται.
1844 3871 1955 3925 Καὶ

366 3958 576 4021 τέλειος
606 3957 681 4011 ῶν
703 3958 731 4009 6
758 3958 923 4020 αὐτὸς
950 3959 1007 4011 ἐν
1041 3958 1278 4029 Θεότητι,
1304 3959 1510 4021 τέλειος
1539 3954 1607 4029 ἦν
1639 3961 1667 4011 ὁ
1699 3959 1861 4023 αὐτὸς
1888 3961 1947 4012 ἐν

364 4055 755 4126 ἀνθρωπότητι
780 4071 795 4086 ·
826 4054 949 4107 οὔτε
972 4060 1038 4126 τῇ
1069 4056 1303 4128 διαφορᾷ
1333 4056 1444 4111 τῶν
1468 4057 1668 4110 οὐσιῶν
1711 4056 1952 4126 διαιρού-

369 4162 561 4216 μενος,
598 4144 723 4197 οὒτε
760 4148 829 4216 τῇ
859 4145 960 4215 τῆς
1003 4146 1355 4208 ὑποστάσεως
1400 4150 1496 4200 καὶ
1529 4147 1621 4200 τοῦ
1657 4146 1953 4218 προσώπου

362 4240 661 4307 ταυτότητι
683 4238 781 4303 τὰς
802 4239 995 4309 φύσεις
1016 4240 1168 4309 ἄγων
1191 4242 1329 4310 πρὸς
1355 4240 1590 4312 ούσιώδη
1622 4241 1949 4314 ταυτότητα·

363 4331 489 4386 ἀλλ’
525 4330 586 4395 ἐξ
606 4324 681 4384 ὧν
706 4330 831 4384 καθ’
854 4332 1152 4385 ὑπόστασιν
1176 4332 1389 4402 πέφηνε
1412 4331 1652 4400 φύσεων,
1674 4335 1732 4385 ὲν
1760 4334 1953 4395 αὐταῖς
1987 4352 2030 4407 υ

360 4422 696 4491 ἀδιαιρέτως
739 4420 944 4490 ἔμεινε,
977 4422 1155 4475 πάντα
1193 4422 1372 4490 σοφῶς
1412 4425 1506 4476 καὶ
1545 4423 1761 4493 ἀληθῶς
1791 4425 1953 4477 ὑπελ-

364 4513 482 4567 θὼν
532 4514 600 4565 τὰ
633 4513 872 4583 ὑμέτερα
912 4513 1050 4583 ἔργα
1084 4515 1178 4566 καὶ
1232 4513 1380 4581 πάθη
1421 4515 1628 4583 φυσικὰ
1660 4516 1757 4570 καὶ
1800 4515 1953 4570 ἀδιά-

363 4605 544 4675 ϐλητοι
592 4603 917 4673 πράγματα,
947 4606 1016 4657 τὰ
1053 4602 1244 4673 μώμου
1277 4607 1497 4675 μακρὰν
1535 4608 1631 4661 καὶ
1672 4607 1957 4676 μολύσμα-

361 4714 484 4760 τος,
518 4698 612 4749 καὶ
646 4698 705 4749 ὲν
729 4691 808 4758 οἷς
843 4695 1121 4764 ἁμαρτίας
1147 4697 1295 4765 ἴχνος
1316 4695 1459 4759 τινὸς
1493 4698 1567 4767 μὴ
1602 4698 1952 4765 εύρίσκεται’

359 4790 653 4861 ἁμαρτίαν
698 4788 809 4859 γὰρ
838 4788 938 4841 οὐκ
985 4788 1262 4858 εποίησεν,
1300 4788 1420 4841 ούδέ
1466 4807 1550 4852 τις
1604 4789 1751 4853 δόλος
1783 4792 1840 4843 ἐν
1880 4789 1957 4861 τῷ

362 4880 604 4950 στόματι
626 4880 792 4935 αὑτοῦ
826 4881 887 4932 τὸ
919 4880 1138 4932 σύνολον
1161 4877 1415 4950 ηὕρηται.
1444 4881 1552 4932 Καὶ
1584 4898 1957 4952 συναναστρα-

358 4974 492 5041 ipsi;
544 4970 903 5043 ἀνθρωπίνως
949 4974 1104 5042 ἡμῖν,
1150 4971 1244 5026 ἆτε
1294 4971 1502 5033 τέλειος
1557 4973 1960 5044 γνωριζόμενος

357 5064 683 5135 ἄνθρωπος,
703 5063 807 5117 κᾶν
827 5062 959 5127 Θεὸς
975 5064 1004 5115 6
1027 5063 1190 5125 αὐτὸς
1209 5062 1637 5131 ἀπαραλείπτως
1665 5064 1950 5135 ἐτύγχανε,

356 5155 465 5208 καὶ
497 5154 997 5223 Θαυματουργήσας
1030 5152 1105 5216 ὡς
1129 5153 1363 5223 ἔπρεπε.

2067 396 2230 452 nobis
2286 398 2680 470 intelligentias
2739 392 3170 468 [confessiones]
3224 400 3586 449 contexentes
3631 414 3647 450 :

2065 486 2214 541 sicut
2258 501 2384 543 cum
2439 488 2685 543 audieris
2739 487 2906 542 unius
2956 484 3055 539 ﬁlii
3111 483 3422 539 contrarias
3461 498 3649 550 voces,
3746 502 3753 507 ·

2065 576 2464 637 convenienter
2512 580 2758 641 naturis,
2800 592 2922 645 quzc
2966 576 3250 637 dicuntur,
3297 574 3508 644 partire
3546 591 3561 628 :
3602 573 3651 630 si

2066 670 2289 735 quidem
2326 668 2460 734 quid
2504 672 2762 741 magnum
2798 678 2854 724 et
2891 669 3133 723 divinum
3168 676 3274 732 est,
3309 666 3509 721 divina:
3548 681 3650 719 na-

2066 772 2206 820 turae
2247 765 2516 822 exhibens
2559 784 2572 818 :
2608 765 2656 819 si
2692 778 2826 819 vero
2863 761 2995 832 quid
3042 776 3272 831 parvum
3334 767 3507 816 estet
3546 759 3651 813 lm-

2066 868 2312 919 manum,
2362 855 2618 910 humanas
2668 860 2935 923 reputans
2981 871 2996 906 :
3033 852 3114 907 sic
3159 851 3305 905 enim
3372 859 3427 905 et
3467 850 3657 922 disse;

2067 948 2309 1000 nantiam
2361 962 2560 1001 vocum
2608 943 2859 1015 eﬂ'ugies,
2896 956 3226 1011 unaquaque
3272 948 3472 995 natura
3521 957 3652 1012 pro-

2068 1036 2350 1106 prietates,
2380 1052 2505 1105 quae
2533 1036 2582 1090 ei
2618 1043 2750 1090 sunt
2781 1034 2979 1097 insitae,
3017 1038 3354 1101 receptante,
3381 1038 3436 1084 et
3465 1030 3647 1101 ipsum

2064 1128 2263 1183 Filium
2300 1143 2469 1183 unum
2506 1139 2616 1181 tam
2652 1135 2779 1181 ante
2815 1125 3001 1180 omnia
3049 1124 3271 1189 saecula,
3308 1138 3473 1194 quam
3530 1137 3651 1176 mo-

2066 1219 2324 1280 dernum,
2359 1218 2665 1274 secundum
2699 1230 2890 1273 sacras
2928 1214 3247 1283 Scripturas
3276 1212 3648 1270 conﬁteberis.

2066 1310 2171 1367 Sed
2205 1320 2261 1366 et
2303 1311 2407 1366 hoc
2438 1312 2492 1365 in
2536 1326 2646 1366 uno
2677 1309 2814 1363 Filio
2839 1316 3093 1363 asserunt
3125 1323 3139 1360 :
3178 1320 3395 1360 omnem
3427 1305 3651 1375 quidem

2065 1404 2443 1474 ope-rationem
2494 1403 2682 1458 nullus
2729 1404 2799 1457 ab
2850 1414 2963 1455 uno
3005 1398 3147 1453 Filio
3196 1398 3648 1466 sequestraverit.

2067 1493 2244 1563 Cujus
2272 1508 2403 1549 vero
2434 1501 2649 1548 natura:
2684 1493 2756 1549 sit
2790 1491 2937 1562 quod
2977 1489 3211 1561 geritur,
3241 1503 3339 1556 per
3373 1488 3650 1557 propriam

2063 1583 2440 1653 operationem
2495 1578 2740 1637 insinuet
2792 1580 3033 1653 [ratione
3080 1576 3430 1649 cognoveris]
3468 1596 3482 1632 :
3518 1592 3650 1647 ergo

2064 1675 2233 1730 nimis
2285 1674 2657 1744 pulcherrime
2697 1674 2766 1728 ab
2808 1675 2889 1728 eis
2937 1682 3022 1728 est
3068 1671 3444 1741 esplanatum,
3479 1686 3651 1723 unum

2063 1768 2282 1838 quidem
2322 1767 2591 1823 conﬁteor
2620 1765 2948 1822 Emmanuel
2991 1764 3092 1835 (ita
3116 1764 3316 1834 quippe
3348 1762 3493 1817 Deus
3516 1760 3647 1816 Ver-

2065 1858 2194 1913 bum
2247 1857 2568 1913 incarnatus
2610 1858 3013 1927 nuncupatur)
3062 1861 3119 1909 et
3167 1853 3418 1909 eumdem
3462 1853 3648 1907 omnia

2065 1959 2312 2019 patrare,
2356 1958 2410 2005 et
2464 1965 2573 2004 non
2622 1949 2793 2003 alium
2852 1954 2907 2004 et
2963 1940 3153 2022 alium,
3204 1954 3316 2001 tam
3366 1943 3649 2002 sublimia.

2063 2059 2341 2113 quamque
2371 2042 2567 2113 exigua
2606 2042 2744 2097 citra
2786 2041 2950 2094 ullam
2981 2039 3324 2102 distantiam,
3369 2052 3468 2107 per
3503 2052 3647 2106 quae,

2063 2134 2118 2189 et
2151 2135 2274 2205 ejus
2318 2144 2645 2189 naturarum
2689 2131 2982 2188 inconfusa
3016 2130 3254 2200 qualitas
3287 2129 3645 2198 rec0gnosci-

2064 2236 2176 2293 tur,
2208 2238 2262 2282 et
2303 2230 2357 2284 in
2410 2228 2753 2284 substantias
2807 2227 2970 2291 duas,
3007 2235 3172 2296 atque
3224 2238 3489 2295 personas
3529 2225 3649 2293 ipse

2063 2335 2294 2391 prorsus
2347 2336 2454 2375 non
2513 2320 2859 2390 dispertitur,
2912 2318 3010 2374 sed
3068 2329 3156 2373 est
3205 2330 3348 2371 unus
3392 2314 3649 2385 idemque

2065 2409 2257 2478 Filius,
2293 2420 2346 2466 et
2387 2410 2645 2466 Christus
2698 2409 3088 2481 inseparabilis
3139 2408 3194 2462 in
3236 2407 3453 2462 duabus
3504 2405 3647 2459 indi-

2065 2502 2182 2557 vise
2235 2504 2621 2571 agnoscendus
2669 2502 2921 2567 naturis,
2975 2509 3031 2557 et
3084 2498 3262 2570 ipsius
3310 2500 3479 2553 unius
3520 2494 3648 2552 Filii

2065 2602 2266 2649 cuncta
2297 2609 2422 2649 esse
2450 2592 2847 2658 certiﬁcamus,
2878 2601 2932 2648 et
2964 2607 3158 2647 omnes
3192 2590 3336 2660 ejus,
3375 2598 3429 2645 et
3463 2601 3645 2653 voces,

2064 2695 2118 2741 et
2176 2688 2527 2757 operationes
2585 2686 2861 2741 credimus
2909 2704 2923 2737 :
2977 2685 3106 2738 licet
3153 2685 3402 2751 quaedam
3456 2697 3650 2738 earum

2065 2782 2179 2835 sint
2220 2777 2331 2834 Deo
2369 2776 2659 2841 decibiles,
2705 2776 2955 2845 quaedam
3005 2790 3136 2831 vero
3177 2775 3252 2829 ita
3300 2790 3494 2829 rursus
3544 2773 3646 2826 hu-

2064 2885 2261 2935 mana,
2297 2870 2547 2941 quaedam
2598 2884 2733 2923 vero
2773 2869 3014 2924 medium
3066 2868 3358 2938 quemdam
3396 2866 3648 2920 ordinem

2063 2964 2345 3028 obtinent,
2391 2971 2651 3033 tanquam
2706 2962 2971 3016 habentes
3016 2961 3071 3015 in
3121 2961 3225 3014 bne
3256 2959 3375 3029 ipso
3418 2958 3532 3012 Deo
3563 2957 3650 3012 di-

2067 3060 2234 3125 guuin
2281 3053 2412 3123 quid
2460 3062 2514 3107 et
2554 3053 2878 3107 humanum.
2930 3049 3106 3119 Hujus
3156 3065 3285 3105 vero
3349 3049 3648 3106 asserimus

2068 3160 2194 3201 esse
2228 3145 2453 3201 virtutis
2484 3144 2647 3199 etiam
2684 3143 2855 3205 illam,
2891 3157 3013 3211 qute
3044 3141 3250 3197 dicitur
3287 3155 3427 3196 nova
3475 3140 3649 3213 [com-

2067 3235 2302 3308 munis].
2333 3244 2388 3291 et
2422 3235 2690 3291 deivirilis
2728 3235 3000 3304 Operatio,
3032 3248 3143 3289 non
3180 3247 3341 3289 uuam
3380 3235 3651 3288 exsisten—

2068 3338 2199 3392 tem,
2232 3326 2328 3382 sed
2363 3325 2566 3380 diversi
2605 3325 2844 3394 generis,
2873 3338 2937 3378 ac
2967 3322 3310 3379 diﬁerentem
3340 3363 3355 3386 ,
3388 3337 3553 3393 quam
3582 3338 3650 3376 ex

2064 3419 2353 3487 Areopago
2402 3430 2433 3469 a
2483 3414 2657 3470 Paulo
2687 3413 2911 3484 egregio
2962 3412 3229 3467 divinitus
3281 3421 3497 3482 captus,
3540 3410 3650 3466 Deo

2069 3520 2300 3566 vocatus
2332 3507 2422 3580 [6.
2450 3507 2767 3579 deiloquus]
2821 3506 3060 3563 asseruit
3113 3504 3427 3575 Dionysius,
3460 3511 3652 3573 utpote

2065 3601 2179 3656 Deo
2207 3598 2439 3655 deeibile
2472 3599 2527 3652 in
2565 3597 2667 3652 hoc
2700 3598 2842 3668 ipso,
2893 3604 2948 3651 et
2996 3596 3296 3649 humanum
3352 3593 3650 3648 habentem

2067 3706 2273 3762 perque
2335 3688 2575 3743 alacrem
2631 3686 3007 3759 [elegantem],
3062 3696 3227 3756 atque
3283 3686 3649 3755 compositam

2064 3785 2385 3846 dictionem,
2439 3780 2874 3851 uniuscujusque
2930 3779 3276 3840 substantiae,
3330 3788 3494 3847 atque
3550 3793 3651 3831 na-

2066 3886 2204 3932 turae
2234 3888 2685 3944 unamquamque
2732 3871 2976 3941 perfecte
3021 3869 3424 3941 signiﬁcantem
3455 3884 3651 3939 opera-

2066 3967 2293 4021 tionem.
2352 3965 2497 4017 Ante
2552 3963 2753 4018 szecula
2800 3964 2967 4033 igitur
3022 3977 3147 4018 esse
3187 3960 3358 4018 Deum
3405 3962 3647 4016 Verbum

2062 4056 2435 4128 gloriﬁcantes
2497 4054 2874 4127 [asserentes]
2933 4054 3197 4123 Patrique
3267 4062 3645 4116 coaeternum,

2063 4153 2418 4220 temporalem
2458 4150 2794 4206 sustinuisse
2832 4153 3233 4204 annuntiamus
3281 4149 3642 4209 nativitatem,

2061 4260 2170 4314 qua
2205 4261 2269 4300 ex
2304 4244 2552 4313 Virgine,
2580 4258 2709 4298 vere
2739 4258 2805 4297 ac
2835 4243 3058 4313 proprie
3094 4241 3185 4297 Dei
3219 4241 3495 4297 Gerlitriee
3529 4240 3642 4295 Ma-

2061 4338 2141 4391 ria
2172 4336 2492 4391 incarnatus
2546 4335 2908 4390 nascebatur.
2962 4336 3026 4388 Et
3069 4335 3274 4391 ideirco
3301 4336 3514 4390 duabus
3547 4351 3643 4387 na-

2065 4429 2368 4484 tivitatibus
2421 4430 2571 4485 nasci
2616 4443 2646 4482 a
2699 4428 2808 4499 piis
2859 4428 3056 4483 merito
3102 4428 3347 4484 creditur
3385 4445 3399 4482 :
3437 4438 3492 4482 et
3526 4443 3647 4497 pcr-

2064 4519 2243 4576 fectus
2289 4520 2433 4576 idem
2486 4520 2763 4576 exsistens
2814 4520 2869 4574 in
2932 4519 3158 4583 deitate,
3204 4520 3483 4590 perfectus
3527 4527 3649 4573 erat

2064 4613 2207 4668 idem
2249 4613 2306 4667 in
2350 4613 2716 4678 humanitate,
2743 4627 3090 4683 nequaquam
3130 4628 3228 4682 per
3278 4612 3643 4667 diﬁ‘erentiam

2058 4703 2494 4759 substantiarum
2566 4704 2826 4769 divisus,
2890 4720 3069 4774 neque
3135 4719 3230 4773 per
3300 4703 3646 4758 identitatem

2060 4795 2432 4850 subsistentia:
2480 4805 2648 4865 atque
2691 4811 2961 4869 personae,
2997 4802 3226 4849 naturas
3278 4794 3432 4865 ipsas
3477 4795 3646 4849 dedo-

2060 4903 2193 4943 cens
2245 4887 2312 4941 ad
2365 4889 2709 4942 identitatem
2765 4888 3137 4943 substantia}:
3177 4886 3273 4941 sed
3328 4904 3394 4940 ex
3445 4888 3645 4956 qniims

2061 4977 2368 5033 secundum
2422 4978 2840 5033 subsistentiam
2893 4978 3107 5030 naturis
3160 4984 3246 5031 est
3302 4977 3641 5040 declaratus,

2062 5068 2116 5121 in
2155 5069 2292 5139 ipsis
2339 5069 2727 5138 inseparabilis
2772 5071 2997 5133 mansit,
3034 5069 3216 5123 omnia
3255 5070 3549 5139 sapienter,
3586 5078 3644 5119 ιιι

2060 5176 2188 5218 vere
2217 5171 2405 5217 nostra
2445 5178 2645 5233 gerens
2674 5178 2875 5233 opera,
2922 5171 2978 5217 ct
3022 5163 3311 5233 passiones
3359 5159 3639 5214 naturales

357 5255 539 5315 atque
595 5245 1136 5312 irreprehensibiles,
1195 5259 1318 5313 quae
1378 5246 1569 5314 procul
1624 5261 1655 5299 a
1721 5250 1936 5304 macula
1990 5260 2155 5324 atque
2212 5255 2516 5324 pollutione
2570 5264 2733 5321 sunt,
2787 5264 2844 5310 et
2933 5258 2988 5309 in
3043 5256 3245 5323 quibus
3329 5254 3636 5319 cujusplam

354 5338 585 5411 peccati
636 5338 925 5407 veStigium
975 5351 1086 5390 non
1134 5337 1425 5407 reperitur.
1464 5337 1759 5393 Peccatum
1796 5356 2028 5411 namque
2063 5362 2171 5400 non
2204 5348 2351 5412 fecit,
2389 5363 2492 5404 nec
2523 5349 2753 5419 quilibet
2780 5349 2939 5407 dolus
3006 5349 3062 5404 in
3136 5361 3231 5401 ore
3296 5346 3416 5417 ejus
3480 5356 3638 5413 prof-

1656 5522 1890 5581 VARIAS
1931 5527 2222 5586 LECTION
2230 5529 2331 5585 ES.

478 5602 527 5635 “
562 5608 928 5674 συναινέσεις.
1037 5612 1083 5643 ¹¹
1114 5615 1407 5686 χωρήσειε.
1477 5614 1526 5647 ³³
1575 5617 1788 5673 καινήν.

706 5701 980 5765 Ρηιιοι..
1015 5704 1132 5766 GR.
1168 5708 1531 5770 lXXXVlI.

1176 5854 1227 5873 ‘-

3225 5707 3341 5767 100
