4022 6206
416 268 557 331 3179

1411 274 1469 332 S-
1510 272 1921 333 SUPIIRONII
1957 273 2466 333 PATiilAlitIliE
2510 276 2914 336 IIIEROSOL

3544 274 3685 339 3180

416 393 515 431 sus
567 378 823 435 inventus
871 390 994 450 est;
1043 390 1097 437 et
1144 393 1500 438 conversatus
1552 398 1658 436 una
1713 383 1998 437 nobiscum
2073 382 2343 451 hnn‘ane,
2400 393 2585 455 utpote
2642 389 2734 456 qui
2792 386 3072 441 sciebatur
3160 386 3325 442 homo
3381 388 3683 458 perlectus,

422 471 583 523 utinm
619 469 770 526 Dens
823 473 1075 545 idemque
1130 475 1458 530 indimiuute
1511 478 1784 539 exstabat,
1837 476 2235 546 miraculoque,
2271 487 2327 531 ut
2362 477 2640 545 decuerat,
2679 480 2911 536 faciens.

492 564 773 621 Pet-fectus
843 572 1045 638 quippe
1114 568 1259 625 Deus
1318 571 1669 636 noscebatur,
1739 571 1993 641 quamvis

2172 572 2391 636 Τέλειος
2428 574 2535 645 γάρ
2567 575 2698 637 Θεὸς
2726 577 3075 643 ἐγινώσκετο,
3109 577 3202 630 καὶ
3224 578 3544 649 ἀνθρωπεία
3571 596 3686 633 νοε-

417 662 565 709 esset
599 655 847 709 humanae
877 656 1029 709 carni
1068 656 1514 713 intellectualiter
1549 659 1807 713 animata:
1845 672 1994 712 eom-

420 749 655 810 tnixtns;
715 754 779 800 ad
840 761 1198 818 spoutatteam
1257 752 1572 821 passionem
1632 750 1903 815 ascendit,
1942 758 1997 804 et

417 843 565 894 ultro
589 838 793 896 Judzcis
824 850 909 896 est
945 844 1197 914 proditus
1228 864 1241 898 :
1275 845 1387 899 imo
1428 846 1544 916 ipse
1581 847 1824 914 seipsutu
1862 844 1994 906 illis.

415 932 489 985 ob
528 932 759 986 salutem
794 931 1101 998 hominum,
1135 944 1329 1005 sponte
1370 936 1635 1005 prodidit,
1670 944 1723 989 et
1769 936 1992 1005 ligatur,

415 1032 471 1077 et
509 1022 756 1091 colaphis
808 1024 1059 1087 carditnr,
1118 1034 1171 1080 et
1216 1026 1512 1096 instruitur,
1553 1037 1608 1081 et
1662 1027 1994 1091 ﬂagellatur,

414 1125 470 1167 rt
519 1114 789 1177 illuditur,
824 1127 878 1169 et
924 1118 1213 1189 chlamyde
1260 1134 1536 1190 purpurea
1594 1127 1858 1189 tanquam
1900 1134 1992 1171 rex

415 1208 660 1259 omnium
711 1206 980 1272 induitur,
1030 1217 1085 1263 et
1135 1210 1352 1263 arundo
1404 1218 1667 1279 tanquam
1717 1218 1994 1278 sceptrum

417 1298 626 1366 regium
665 1297 922 1367 regaliter
952 1299 999 1351 ei
1032 1299 1398 1365 contraditnr,
1422 1308 1478 1353 et
1509 1298 1684 1353 Pilato
1713 1297 1996 1366 iudicante

417 1391 733 1453 damnatur,
783 1389 848 1443 ad
902 1400 1208 1444 extremum
1278 1392 1522 1461 patibulo
1576 1392 1897 1461 configitur,
1945 1400 1998 1443 et

417 1479 717 1544 manibus,
781 1489 946 1549 atque
1017 1482 1253 1547 pedibus
1312 1492 1635 1536 cruentatur
1698 1480 1996 1537 salutifera:

416 1568 567 1621 cruci
619 1569 1004 1633 conclavatus,
1053 1578 1107 1623 et
1147 1586 1271 1623 enm
1311 1572 1617 1626 latronibus
1665 1572 1902 1637 levatur,
1942 1579 1997 1626 ει

416 1667 645 1715 acetum
669 1668 977 1729 potatur,ct
1007 1662 1073 1714 fel
1105 1661 1376 1731 degustat,
1396 1671 1447 1716 et
1473 1678 1665 1731 magna
1713 1678 1847 1718 voce
1882 1662 1999 1717 cla-

420 1772 448 1806 ιι
475 1753 864 1837 ans’nimam
914 1754 1083 1808 tradit
1130 1754 1304 1818 Patri,
1342 1767 1395 1811 et
1438 1758 1581 1811 latus
1636 1758 1823 1812 lancea
1873 1771 1998 1826 per-

420 1852 652 1907 loratur,
698 1846 1023 1915 sanguinem
1075 1861 1319 1916 quoque,
1359 1856 1414 1901 et
1459 1863 1659 1916 aquam
1699 1848 1995 1902 salutarem

2104 664 2212 733 ρῶς
2244 665 2574 738 ἐψυχωμένῃ
2622 668 2787 734 σαρκὶ
2824 668 3211 739 συνεκέκρατο.
3256 670 3379 721 Ἐπὶ
3416 668 3482 721 τό
3515 671 3684 730 πάθος

2099 755 2160 808 τὸ
2207 755 2454 807 ἑκούσιον
2489 758 2686 821 ἄνεισι,
2731 759 2826 811 καὶ
2870 759 3132 822 ἑκουσίως
3176 760 3449 824 Ἰουδαίοις
3496 761 3686 831 προδί-

2098 850 2271 913 δοται,
2305 851 2506 921 μᾶλλον
2534 851 2592 904 δὲ
2634 853 2825 905 ἑαυτὸν
2849 855 3034 917 αὐτοῖς
3073 854 3141 907 δι’
3171 852 3475 925 ἀνθρώπων
3506 873 3682 925 σωτη-

2102 940 2225 1010 ρίαν
2253 942 2517 1006 ἑκουσίως
2542 942 2866 1014 προδίδωσι·
2906 945 3001 997 καὶ
3026 944 3372 1015 δεσμεύεται,
3402 947 3495 998 xui
3524 948 3685 1000 κολα-

2100 1031 2338 1101 φίιζεται,
2382 1035 2476 1087 xui.
2499 1036 2824 1105 ὲμπτύεται,
2858 1036 2952 1089 καὶ
2985 1037 3331 1107 μαστίζεται,
3370 1040 3463 1091 καὶ
3491 1038 3685 1108 χλευά-

2100 1122 2251 1186 ζεται
2282 1165 2295 1186 ,
2342 1125 2436 1177 καὶ
2474 1126 2722 1195 χλαμύδα
2769 1131 3060 1197 πορφυρᾶν
3104 1130 3181 1193 ὡς
3227 1129 3528 1199 βασιλεύων
3576 1131 3683 1183 τῶν

2097 1214 2235 1267 ὅλων
2277 1216 2541 1283 ἐνδύεται,
2569 1218 2664 1270 καὶ
2692 1219 2937 1289 κάλαμον
2975 1220 3052 1283 ὡς
3086 1221 3364 1291 σκῆπτρον
3405 1221 3684 1290 βασιλικὸν

2100 1306 2399 1375 βασιλικῶς
2448 1310 2838 1380 ἐγχειρίζεται,
2873 1314 2967 1365 xui
3008 1314 3245 1368 Πιλάτου
3292 1316 3683 1386 κατακρίνεται

2100 1399 2398 1469 κρίνοντος,
2425 1401 2521 1453 καὶ
2543 1402 2695 1463 τέλος
2726 1402 2886 1472 ίκρίῳ
2909 1404 3347 1473 προσπήγνυται,
3370 1406 3465 1458 καὶ
3492 1404 3683 1477 χεῖρας

2098 1489 2196 1538 καὶ
2252 1489 2420 1552 πόδας
2473 1490 2803 1560 αἱμάσσεται
2850 1491 2929 1561 τῷ
2979 1493 3234 1563 σωτηρίῳ
3267 1488 3486 1565 σταυρῷ
3518 1509 3684 1565 προσ-

2096 1579 2416 1651 ηλούμενος,
2451 1583 2545 1636 καὶ
2591 1584 2815 1653 λῃσταῖς
2852 1585 3261 1655 συνεπαίρεται,
3299 1589 3394 1640 xui
3429 1586 3549 1651 ὅξος
3581 1604 3682 1639 πο-

2098 1672 2328 1735 τίξεται,
2364 1674 2457 1726 xui.
2489 1674 2651 1743 χολῆς
2677 1674 3032 1743 ἀπογεύεται,
3065 1676 3160 1729 καὶ
3196 1677 3339 1746 μέγα
3373 1678 3577 1749 βοήσας
3605 1680 3681 1746 τσῖι

2100 1762 2276 1832 Πατρὶ
2302 1762 2399 1833 τὴν
2445 1762 2623 1833 ψυχὴν
2664 1765 3021 1835 παραδίδωσι,
3066 1767 3159 1819 καὶ
3205 1768 3304 1837 τὴν
3340 1766 3581 1837 πλευράν
3612 1771 3679 1838 τῇ

2099 1854 2269 1925 λόγχῃ
2292 1855 2679 1925 τιτρώσκεται,
2697 1858 2790 1910 xui
2811 1857 2957 1927 ὕδωρ
2974 1859 3070 1910 xu‘t
3091 1854 3231 1928 αἷμα
3249 1859 3518 1929 σωτήριον
3544 1863 3681 1929 μετὰ

418 1944 541 2006 post
570 1945 801 1990 mortem
842 1936 1153 2006 profundit;
1186 1947 1241 1992 et
1278 1949 1563 1992 emortuus
1603 1938 1671 1992 de
1704 1952 1869 1992 cruce
1900 1936 1993 1991 dc-

2103 1944 2332 1999 θάνατον
2357 1947 2583 2017 προχέει
2610 1948 2705 2001 xui.
2732 1948 3022 2019 νέκρωσιν,
3056 1948 3147 2002 καὶ
3177 1949 3368 2019 νεκρὸς
3390 1948 3483 2001 τοῦ
3514 1965 3680 2000 σταυ-

418 2031 656 2090 ionitur,
693 2038 747 2083 et
778 2038 1093 2093 aet-uratur,
1130 2040 1186 2084 et
1233 2031 1452 2101 myrrha
1493 2030 1768 2094 conditur,
1801 2041 1855 2082 et
1908 2042 1996 2083 se-

417 2124 632 2192 pultura
671 2122 929 2178 triduana
964 2124 1254 2192 Si-pclilur,
1289 2133 1341 2178 et
1372 2124 1665 2177 triduanns
1702 2136 1997 2193 resurgens

413 2224 481 2269 tie
533 2204 806 2284 sepulcro
840 2214 1218 2286 progreditur;
1272 2224 1326 2268 et
1376 2229 1483 2268 una
1532 2230 1717 2269 secum
1766 2223 1997 2269 cunctos

414 2316 665 2361 nortuos
712 2309 946 2362 suscitat
994 2324 1060 2363 ex
1116 2309 1392 2377 sepulcro,
1422 2324 1485 2362 ex
1527 2309 1883 2378 corruptione
1927 2308 1993 2363 ad

414 2405 883 2459 immortalitatem
920 2420 1033 2461 veos
1086 2405 1397 2474 perducens
1453 2420 1546 2473 per
1595 2418 1751 2459 suam
1809 2419 1997 2460 resur-

413 2501 713 2554 rectionem
766 2514 829 2553 ex
887 2500 1175 2565 mortuis;
1231 2508 1285 2554 et
1345 2497 1632 2566 discipulis
1703 2512 1996 2569 resurgens

414 2607 442 2645 a
497 2593 767 2657 mortuis,
829 2591 1243 2655 manifestatur;
1310 2604 1363 2647 et
1423 2592 1547 2644 cibo
1602 2604 1666 2643 ac
1727 2601 1854 2655 potu
1916 2590 1995 2646 rei

418 2684 575 2739 fidem
633 2683 1042 2748 aeconnnodat,
1095 2694 1148 2737 et
1194 2691 1341 2737 laetu
1418 2697 1677 2735 manuum
1730 2681 1996 2751 apostoli-

412 2791 597 2830 carum
659 2775 844 2829 carnis
909 2776 1146 2845 proprim
1225 2774 1689 2829 resurrectionem
1763 2774 1992 2843 probat,

412 2878 464 2921 rt
495 2869 763 2937 Spiritum
797 2876 1049 2921 sanctum
1085 2868 1165 2921 eis
1202 2867 1465 2935 impertit,
1496 2876 1755 2936 tauquam
1789 2880 1997 2936 cogna-

393 2970 525 3014 ·ιιιιιι
573 2959 678 3013 sibi
733 2967 900 3028 atque
930 2959 1380 3024 connaturalent;
1415 2965 1471 3011 et
1508 2957 1757 3011 elevatur
1791 2957 1845 3010 in
1879 2970 1998 3011 ca:-

411 3052 512 3114 los,
538 3051 655 3105 imo
687 3051 763 3103 ttti
803 3051 1069 3105 caelorum
1110 3049 1423 3105 dominator
1458 3049 1729 3111 ascendit.
1772 3056 1825 3104 et
1858 3047 1993 3102 dex-

411 3153 542 3199 terae
579 3143 784 3200 assidet
814 3143 1120 3203 Genitoris.
1161 3144 1369 3197 solium
1424 3142 1632 3196 habens
1677 3150 1991 3211 paternum,

408 3246 463 3289 (ιι
498 3235 699 3307 regale,
727 3244 780 3290 et
806 3234 1061 3289 sublime.
1093 3232 1249 3289 Unde
1297 3242 1352 3289 et
1383 3234 1580 3288 iterum
1612 3232 1818 3295 veniet,
1846 3232 1995 3300 judi-

408 3327 554 3382 cium
613 3326 863 3380 vivorttm
895 3332 950 3380 et
987 3337 1328 3380 mortuorum
1366 3324 1642 3391 facturus,
1669 3333 1725 3379 et
1758 3322 1992 3393 singulis

409 3417 729 3474 redditurus
794 3418 1094 3472 secundum
1159 3432 1365 3486 opera,
1430 3432 1553 3485 qua:
1607 3415 1993 3485 unusquisque

408 3519 668 3578 operatus
717 3515 823 3573 est,
866 3508 982 3562 sive
1036 3506 1202 3576 frugi,
1252 3514 1415 3576 atque
1469 3507 1610 3561 bona
1659 3506 1852 3576 gessit,
1892 3519 1990 3559 seu

409 3615 663 3669 nequam,
700 3607 755 3653 et
794 3597 1179 3667 vituperabilia
1231 3604 1491 3662 operatus
1535 3605 1641 3662 est,
1676 3610 1838 3665 quem
1881 3607 1990 3648 una

404 3708 530 3744 cum
559 3689 745 3754 Patre,
774 3694 828 3742 et
868 3686 1079 3758 Spiritu
1108 3695 1302 3742 sancto
1338 3687 1566 3741 omnino
1609 3701 1842 3755 regnare
1866 3699 1992 3740 cre-

406 3782 614 3844 dimus,
651 3794 878 3850 regnum
924 3793 1053 3834 vere
1092 3777 1427 3844 immortale,
1460 3785 1518 3833 et
1569 3778 1732 3831 linem
1781 3790 1991 3845 nequa-

406 3887 570 3943 quam
610 3877 705 3924 ant
740 3869 1035 3925 terminum
1089 3877 1499 3939 suscepturum.
1537 3866 1646 3922 Sed
1687 3875 1740 3922 et
1791 3867 1858 3920 de
1903 3866 1991 3920 in-

407 3964 748 4021 carnationis
802 3961 1242 4032 dispensatione,
1270 3960 1377 4016 hoc
1434 3968 1540 4025 est,
1576 3959 1644 4015 de
1693 3958 1991 4014 admirabi-

410 4056 446 4110 li
484 4056 576 4110 Dei
627 4053 788 4110 \'erbi
840 4053 1225 4109 incarnatione
1286 4053 1352 4108 ad
1407 4066 1508 4107 nos
1565 4051 1801 4107 humiles
1850 4050 1993 4106 assi-

406 4149 691 4205 milatione
738 4147 977 4218 qualiter
1037 4146 1163 4201 dico
1222 4161 1287 4200 ac
1348 4146 1563 4209 sentio,
1596 4145 1838 4200 breviter
1893 4145 1990 4199 de-

409 4240 733 4295 monstravi.
766 4237 970 4292 Veruut
1014 4238 1079 4293 de
1110 4236 1385 4307 principio
1415 4237 1660 4292 visibilis
1706 4236 1895 4290 mundi
1938 4244 1994 4291 et

407 4329 822 4395 constitutione,
865 4342 990 4398 quae
1047 4326 1190 4380 facta
1242 4334 1347 4388 est,
1381 4335 1438 4381 et
1486 4330 1988 4389 consummatione,

407 4434 573 4491 quam
617 4434 724 4474 non
773 4420 936 4490 longe
979 4418 1270 4489 suscipiat,
1301 4418 1571 4472 conﬁteor
1609 4418 1721 4473 Deo
1754 4418 1991 4473 honora-

409 4513 569 4577 biles,
633 4511 778 4581 quod
823 4510 1008 4565 omnia
1056 4524 1164 4564 non
1218 4518 1428 4565 tantum
1491 4510 1761 4574 visibilia,
1797 4509 1891 4567 scd
1938 4519 1993 4565 et.

406 4604 710 4660 invisibilia
741 4619 888 4658 unus
916 4602 1063 4657 Deus
1104 4601 1370 4667 condidit,
1403 4601 1585 4668 Pater,
1616 4613 1670 4656 et
1705 4600 1902 4667 Filius,
1934 4611 1989 4657 et

2100 2036 2194 2108 ροῦ
2237 2040 2629 2109 καταφέρεται,
2671 2039 2767 2093 xui.
2811 2039 3118 2109 κηδεύεται,
3165 2042 3257 2093 xui.
3302 2041 3679 2112 σμυρνίξεται,

2098 2130 2191 2183 xui.
2219 2131 2398 2199 ταψὴν
2427 2132 2729 2203 τριήμερον
2759 2131 3049 2197 θάπτεται,
3088 2132 3185 2185 καὶ
3223 2133 3421 2203 τριήμε
3433 2150 3525 2201 ρος
3552 2132 3678 2185 ἀνα-

2099 2219 2230 2284 στάς
2258 2219 2352 2273 τοῦ
2383 2220 2557 2290 τάφου
2584 2204 2940 2293 προέρχεται,
2981 2223 3075 2275 καὶ
3105 2222 3311 2286 πάντας
3351 2224 3530 2294 ἑαυτῷ
3554 2225 3680 2285 τοὺς

2096 2311 2326 2381 νεκροὺς
2378 2312 2786 2382 συνανίστησιν,
2836 2314 2901 2365 ὲκ
2951 2314 3124 2380 τάφου
3158 2314 3253 2367 καὶ
3292 2313 3500 2382 φθορᾶς
3543 2315 3679 2383 πρδς

2097 2401 2196 2469 τὴν
2222 2400 2599 2455 ἀτελευτῶσαν
2623 2401 2789 2455 αὑτοῦ
2810 2402 2956 2473 ζωὴν
2981 2403 3320 2473 ἐπαγόμενος
3349 2404 3437 2456 διὰ
3463 2407 3557 2473 τῆς
3584 2405 3682 2456 αύ-

2095 2492 2190 2545 τοῦ
2239 2494 2303 2546 ὲκ
2330 2493 2542 2564 νεκρῶν
2583 2493 2957 2558 ἀναστάσεως,
3005 2495 3101 2548 καὶ
3152 2497 3264 2558 τοῖς
3301 2495 3565 2565 μαθηταῖς
3616 2498 3680 2547 ἐκ

2096 2584 2306 2653 νεκρῶν
2328 2586 2567 2649 ἀναστὰς
2594 2585 2977 2657 ἐμφανίζεται,
3004 2587 3099 2640 xui.
3120 2591 3517 2641 πιστοποιείται
3542 2588 3680 2659 βρώς

2099 2696 2180 2731 σει
2212 2678 2304 2732 καὶ
2336 2678 2495 2732 πόσει
2534 2678 2631 2732 καὶ
2677 2679 2789 2750 ἀφῇ
2822 2678 3020 2749 χειρῶν
3055 2678 3429 2733 ἁποστολικῶν
3471 2679 3569 2748 τῆς
3599 2680 3681 2730 οἰ-

2094 2771 2250 2834 κείας
2297 2770 2501 2842 σαρκὸς
2535 2770 2636 2842 τὴν
2679 2770 2998 2835 ἀνάστασιν,
3052 2771 3147 2823 καὶ
3203 2770 3425 2841 Πνεῦμα
3470 2769 3683 2834 τούτοις

2098 2862 2329 2935 παρέχει
2360 2863 2653 2933 πανάγιον,
2688 2863 2764 2927 ὡς
2795 2865 3054 2932 συγγενὲς
3082 2863 3232 2934 αὑτῷ
3263 2865 3353 2916 καὶ
3383 2863 3677 2933 ὁμόφυλον

2096 2955 2191 3007 καὶ
2220 2956 2300 3017 είς
2333 2955 2596 3024 οὐρανοὺς
2633 2956 2986 3026 ἀναφέρεται,
3020 2954 3219 3025 μᾶλλον
3244 2953 3301 3007 δὲ
3344 2953 3419 3016 ὼς
3449 2954 3543 3006 καὶ
3570 2953 3682 3007 τῶν

2096 3046 2344 3116 οὐρανῶν
2370 3045 2649 3109 δεσπόζων
2688 3046 3000 3116 ἀνέρχεται,
3034 3048 3129 3099 xui
3171 3045 3343 3110 δεξιὸς
3372 3045 3463 3098 τοῦ
3493 3046 3677 3097 τεκόνο

2096 3152 2187 3197 τος
2215 3135 2529 3201 καθέζεται,
2558 3134 2733 3189 θῶκον
2779 3134 2920 3206 εχων
2966 3135 3056 3191 τὸν
3091 3134 3356 3204 πατρικὸν
3398 3136 3493 3187 xu‘.
3522 3135 3649 3204 βασι
3668 3167 3682 3175 -

2098 3227 2249 3281 λικδν
2301 3228 2396 3281 καὶ
2448 3228 2776 3299 ὑπέρτατον.
2842 3227 3003 3281 Ὀθεν
3056 3229 3151 3279 καὶ
3196 3226 3357 3279 πάλιν
3405 3226 3685 3279 ἐλεύσεται

2019 3298 2063 3357 c
2097 3322 2278 3392 κρίσιν
2304 3321 2523 3386 ζώντων
2544 3325 2639 3377 xui.
2676 3324 2884 3395 νεκρῶν
2921 3324 3305 3394 ποιησόμενος,
3341 3324 3436 3376 xui.
3466 3322 3682 3376 ἀποδώ-

2105 3430 2213 3466 σων
2234 3413 2450 3485 ἑκάστῳ
2473 3414 2615 3469 κατὰ
2641 3415 2742 3479 τὰς
2769 3414 3019 3487 πράξεις,
3044 3415 3224 3485 ἇσπερ
3246 3414 3549 3486 πέπραχεν,
3572 3413 3686 3467 εἴτε

2100 3505 2310 3574 ἀγαθάς
2331 3506 2378 3538 ³⁸
2400 3505 2629 3577 πράξεις
2653 3508 2749 3561 xui.
2772 3508 2964 3570 καλὰς,
2991 3507 3102 3560 εἴτε
3124 3506 3337 3575 φαύλας
3362 3507 3454 3559 xui.
3475 3506 3685 3575 ψεκτάς

2101 3598 2507 3669 κατειργάσατο
2530 3616 2542 3630 ·
2592 3599 2649 3652 ὃν
2685 3601 2783 3654 σὺν
2829 3601 3005 3671 Πατρί
3032 3617 3093 3652 τε
3142 3600 3236 3652 xu‘t
3280 3598 3558 3669 Πνεύματι
3588 3599 3686 3652 xui.

2102 3689 2409 3761 βασιλεύειν
2442 3691 2549 3743 τῶν
2579 3691 2716 3744 ὅλων
2758 3691 3092 3762 πιστεύομεν
3146 3691 3424 3762 βασιλείαν
3467 3690 3684 3761 ἀληθῶς

2100 3782 2483 3851 ἀτελεύτητον,
2524 3782 2619 3836 xui.
2650 3782 2803 3841 τέλος
2844 3783 2943 3837 οὐκ
2986 3783 3378 3854 ἐπιδεχομένην
3422 3785 3515 3836 καὶ
3545 3782 3685 3852 πλή-

2104 3889 2283 3943 ρωμα.
2343 3872 2502 3925 Ἀλλά
2549 3873 2645 3926 xui.
2694 3876 2824 3943 περὶ
2875 3874 2977 3943 τῆς
3032 3875 3300 3945 ὲνσάρκου
3349 3874 3682 3943 οίκονομίας,

2099 3962 2358 4016 ταύτὸνδὲ
2381 3963 2564 4032 φάναι,
2587 3961 2681 4016 τοῦ
2695 3963 2831 4018 Θεοῦ
2856 3964 3029 4033 Λόγου
3054 3963 3402 4035 σαρκώσειυς,
3432 3964 3523 4016 καὶ
3548 3963 3685 4032 πρὸς

2098 4055 2225 4117 τοὺς
2243 4056 2530 4118 ταπεινοὺς
2551 4056 2698 4126 ἡμᾶς
2724 4055 3059 4126 ὁμοιώσεως,
3083 4056 3157 4119 ὼς
3186 4056 3328 4125 λέγω
3358 4059 3451 4108 καὶ
3475 4054 3679 4125 φρονῶ,

2099 4145 2188 4199 διὰ
2220 4145 2464 4216 βραχέων
2503 4147 2813 4219 ἐγνώρισαο
2863 4147 2986 4217 περὶ
3032 4148 3090 4200 δὲ
3116 4147 3214 4217 τῆς
3259 4147 3353 4200 τοῦ
3400 4147 3681 4217 ὁρωμένου

2100 4235 2308 4307 κόσμου
2346 4235 2635 4304 γεγονυίας
2676 4236 2917 4308 ἀρχῆθεν
2970 4238 3301 4302 συστάσεως,
3351 4237 3444 4289 καὶ
3492 4254 3685 4289 συντε-

2100 4324 2272 4389 λείας,
2322 4326 2389 4395 ἢν
2426 4326 2471 4357 ’⁵
2501 4327 2603 4379 οὐκ
2649 4328 2729 4390 είς
2777 4327 2997 4397 μακράν
3026 4327 3358 4393 ὑποδέξοιτο,
3409 4326 3681 4395 ὁμολογῶ,

2102 4403 2538 4487 θεοτίμητοι,ὼς
2566 4420 2770 4484 πάντα,
2803 4418 2864 4470 οὐ
2898 4419 3057 4488 μόνον
3101 4422 3170 4472 τά
3212 4418 3406 4489 ὁρατὰ,
3444 4418 3581 4472 ἀλλά
3618 4419 3683 4488 δὴ

2102 4507 2199 4561 καὶ
2224 4509 2432 4578 ἀόρατα
2461 4511 2489 4561 ὁ
2510 4502 2593 4572 εἷς
2630 4509 2764 4572 Θεὸς
2801 4510 3155 4581 ἐτεκτήνατο,
3191 4512 3218 4562 ὁ
3246 4509 3458 4582 Πατὴρ,
3494 4511 3523 4562 ὁ
3554 4510 3684 4573 Υίὶς

2101 4604 2196 4655 καὶ
2221 4603 2283 4655 τὸ
2313 4601 2538 4671 Πνεῦμα
2564 4602 2623 4655 τὸ
2654 4601 2829 4670 ἆγιον,
2852 4603 2885 4671 ἡ
2919 4602 3092 4666 ἀΐδιος
3118 4602 3280 4671 φύσις
3310 4603 3403 4655 xui.
3424 4603 3681 4673 ἄναρχος,

408 4695 645 4765 Spiritus
685 4683 941 4760 sanct'us;
978 4693 1068 4747 illa
1104 4694 1439 4764 sempiterna
1482 4705 1700 4758 natura,
1735 4708 1857 4764 quae
1891 4709 1989 4748 nc-

2097 4694 2203 4747 κάκ
2236 4692 2312 4763 μὴ
2345 4692 2513 4745 ὄντων
2551 4695 2634 4755 είς
2674 4693 2734 4745 τὸ
2762 4690 2901 4746 εἶναι
2929 4696 3242 4764 παρήγαγε,
3281 4700 3377 4748 καὶ
3414 4695 3513 4748 οὐκ
3555 4694 3684 4747 ὅντα

408 4788 517 4842 scit
544 4786 852 4849 exordium,
882 4795 938 4842 et
971 4801 1037 4842 ex
1074 4801 1182 4841 non
1235 4786 1634 4841 exsistentibus
1664 4786 1893 4856 protulit
1932 4796 1989 4840 ut

407 4882 765 4945 exsisterent,
813 4888 867 4935 et
921 4895 1027 4934 non
1074 4879 1401 4935 exsistentia
1445 4886 1669 4948 repente
1707 4877 1794 4951 [Ο.
1838 4881 1993 4933 nullo

411 4970 668 5043 negotio]
720 4969 983 5042 protulit,
1041 4978 1096 5023 et
1153 4969 1348 5023 horum
1403 4969 1700 5022 multorum
1759 4968 1989 5022 millium

408 5059 747 5115 diﬂerentias
781 5058 1082 5129 prudenter
1122 5057 1406 5128 produxit.
1457 5055 1658 5112 Omnia
1704 5059 1851 5113 enim
1900 5074 1997 5125 per

421 5152 750 5223 inigenitum
799 5149 994 5203 Filium
1039 5149 1201 5205 Pater
1250 5151 1303 5204 in
1342 5149 1551 5218 Spiritu
1596 5157 1791 5206 sancto
1834 5148 1986 5213 fecit,

406 5260 529 5314 quin
563 5255 618 5299 et
658 5241 892 5314 sapienti
932 5242 1271 5312 providentia
1306 5242 1573 5307 continet,
1608 5250 1667 5296 ut
1699 5241 1841 5296 Dens
1869 5243 1988 5297 suis

406 5338 668 5407 operibus
700 5334 1024 5407 prtesideus,
1071 5334 1516 5404 principiumque
1554 5334 1812 5389 omnibus
1848 5341 1987 5386 tem-

411 5430 596 5497 porale
635 5430 1001 5493 constituens,
1039 5427 1320 5481 scnsibilia
1367 5427 1586 5498 quidem
1636 5426 1733 5481 lini
1775 5435 1988 5498 tempo-

2094 4785 2228 4855 πρὶν
2253 4784 2556 4855 ἐσχεδίασε,
2587 4786 2679 4838 xui
2701 4786 2801 4849 τὰς
2829 4784 3039 4840 τούτων
3072 4786 3272 4858 μυρίας
3306 4786 3571 4857 διαφορὰς
3602 4803 3683 4838 σο-

2096 4877 2212 4946 φῶς
2249 4877 2605 4948 προεϐάλετο.
2654 4878 2840 4931 Πάντα
2886 4876 2994 4948 γὰρ
3020 4878 3109 4930 διὰ
3152 4876 3247 4930 τοῦ
3288 4878 3683 4947 Μονογενοῦςὸ

2097 4970 2289 5039 Πατὴρ
2329 4972 2388 5023 ὲν
2414 4968 2555 5041 ἁγίῳ
2591 4970 2863 5041 πεποίηκε
2909 4968 3214 5040 Πνεύματι,
3242 4969 3278 5024 ἃ
3313 4972 3408 5025 xui.
3453 4970 3685 5041 προνοίᾳ

2095 5063 2240 5131 σοφῇ
2261 5066 2564 5132 συγκρατεῖ
2594 5061 2702 5114 τῶν
2721 5061 2942 5115 οἰκείων
2966 5060 3145 5132 ἔργων
3165 5062 3241 5125 ὼς
3264 5063 3398 5125 Θεὸς
3424 5062 3684 5131 προϊστά-

2100 5167 2259 5222 μενος
2280 5191 2294 5214 ,
2330 5152 2506 5221 ἀρχήν
2539 5168 2597 5204 τε
2634 5154 2746 5215 τοῖς
2784 5134 2919 5205 πᾶσι
2952 5151 3213 5223 χρονικὴν
3238 5151 3586 5222 ὁρισάμενος,
3613 5149 3686 5204 τὰ

2103 5243 2200 5312 μὲν
2224 5243 2460 5314 αἰσθητά
2493 5244 2636 5297 τέλει
2672 5243 2909 5314 χρονικῷ
2941 5244 3310 5304 καθυπέϐαλε,
3335 5243 3403 5295 τά
3426 5243 3483 5297 δὲ
3512 5243 3683 5313 νοητά

2099 5336 2192 5387 xui.
2224 5335 2433 5405 ἀόρατα
2458 5335 2663 5389 τούτων
2694 5338 2849 5402 ἀξίας
2884 5336 3085 5402 ἠξίωσε
3125 5333 3391 5406 μείζονος,
3425 5335 3520 5388 xui.
3549 5335 3682 5404 θνή-

2100 5443 2219 5479 σκει
2254 5427 2351 5497 μὲν
2375 5428 2645 5499 οὐδαμῶς,
2671 5430 2788 5483 οὶδὲ
2813 5427 3096 5499 φθείρεται
3122 5429 3261 5483 κατά
3280 5428 3340 5483 τὺ
3363 5429 3470 5483 τῶν
3498 5429 3686 5500 αἰσθη-

3213 5550 3283 5579 η.

672 5600 696 5614 ‘
1722 5605 1950 5659 ν.ιιιι.ιΕ
1989 5605 2396 5664 LECTIONES.

1087 5692 1113 5711 τ’

484 5698 528 5729 ⁸³
562 5697 768 5765 ἀγαθάς
796 5714 896 5760 τις.
1010 5699 1053 5731 ⁸³³⁵
1083 5697 1168 5771 ἦς.
