4058 6190
346 202 481 267 3181

1291 198 1653 260 EPISTULA
1691 195 2054 257 SYNODICA
2090 193 2189 251 AD
2231 191 2578 253 SERGIUM
2609 188 2719 249 (ΖΡ.

3462 186 3607 251 3182

344 316 454 368 τῶν
481 313 709 386 ρευστὺν
733 314 827 366 καὶ
852 312 1232 383 εὐπάροιστον,
1259 309 1321 362 οὐ
1367 310 1474 379 μήν
1505 310 1620 360 ἐστι
1643 309 1742 377 τὴν
1768 306 1929 375 φύσιν

2060 303 2156 355 t'ali
2215 301 2525 371 supposuit,
2581 298 2968 354 intellectualia
3025 313 3152 351 vero
3212 306 3265 350 et
3322 298 3615 352 ilthSiiHhtt

343 404 616 469 ἀθάνατα,
661 405 696 476 ἢ
741 403 879 476 πρὸς
920 404 1109 456 οὐσίαν
1144 400 1506 472 μετελήλυθεν
1552 398 1832 469 ἄφραστον
1864 398 1927 460 ³⁵,

343 496 481 551 ἀλλὰ
517 497 679 565 χάριν
706 496 893 558 αὐτοῖς
917 494 1211 563 ἐχαρίσατο
1246 492 1450 563 φθορᾶς
1478 490 1615 544 αὐτὰ
1642 494 1737 543 καὶ
1766 488 1928 543 θανά-

342 604 442 639 του
467 586 836 657 διείργουσαν.

2041 397 2128 450 his
2176 397 2391 450 meliori
2439 395 2704 464 dignitate
2753 393 3008 460 dignatus
3060 400 3165 453 est,
3199 399 3251 444 ct
3300 392 3615 445 nullateum

2037 490 2259 560 quidem
2330 488 2660 549 moriuntur,
2723 500 2901 554 neque
2964 492 3414 552 corrumpuntur,
3460 484 3616 554 juxta

2038 582 2182 652 quod
2223 580 2508 635 sensibilia
2541 577 2810 641 deﬂuunt,
2856 585 3021 644 atque
3058 585 3467 645 pertranseuttt,
3507 593 3615 629 nmt

347 686 531 732 tamen
588 686 718 731 sunt
749 676 1078 730 immortalia
1133 690 1229 744 per
1280 683 1554 735 naturam,
1603 685 1777 739 neque
1834 672 1887 723 in
1948 672 2242 726 essentiam
2289 667 2753 737 incorruptiltilem
2802 675 3109 728 transeunt,
3145 666 3239 718 sed
3274 667 3506 735 gratiam
3536 667 3615 719 eis

348 774 581 843 largitus
610 779 722 837 est,
772 788 801 825 a
834 773 1188 841 corruptione
1232 787 1318 837 ea,
1357 780 1410 825 et
1451 786 1479 823 a
1514 777 1688 824 morte
1734 774 2099 823 coercentem.
2196 810 2203 816 .

420 865 610 928 Οὕτως
659 864 965 936 ἀνθρώπων
1010 866 1182 937 ψυχαὶ
1235 866 1582 939 διαμένουσιν
1623 866 1926 935 ἄφθαρτοι·

346 956 523 1019 οὕτως
554 956 776 1025 ἄγγελοι
805 957 1139 1010 διατελοῦσιν
1168 956 1456 1012 ἀθάνατοι·
1487 959 1549 1010 οὐ
1596 957 1760 1025 φύσιν
1792 958 1929 1027 ἀλη-

350 1047 480 1111 θῶς,
522 1052 596 1111 ὡς
617 1048 854 1119 ἔφημεν,
887 1048 1241 1119 άφθαρτον,ἢ
1276 1049 1466 1103 οὐσίαν
1491 1049 1693 1119 κυρίως
1725 1049 1930 1103 ἀθάνα-

347 1155 441 1192 τον
466 1138 706 1208 ἔχοντες,
738 1139 874 1193 ἀλλὰ
899 1142 1061 1210 χάριν
1090 1143 1155 1193 ὲκ
1178 1139 1315 1193 Θεοῦ
1345 1140 1762 1212 κληρωσάμενοι
1791 1141 1928 1195 ἀθα-

347 1234 546 1293 νασίας
575 1231 833 1301 χορηγὸν,
866 1233 962 1286 καὶ
1005 1231 1318 1301 ἀφθαρσίας
1350 1233 1533 1295 αὐτοῖς
1577 1233 1931 1304 ὑπάρχουσαν

348 1322 616 1389 πρόξενον
639 1338 654 1353 ’
682 1322 800 1376 ἀλλ’
823 1325 925 1377 οὐκ
952 1324 1252 1393 ἐπειδήπερ
1275 1325 1331 1379 αἱ
1370 1325 1479 1379 τῶν
1506 1324 1811 1396 ἀνθρώπων
1832 1325 1934 1394 ψυ-

347 1414 451 1483 χαὶ
490 1414 625 1467 Θεοῦ
670 1415 854 1486 χάριτι
898 1417 998 1486 τὴν
1042 1416 1250 1489 φθορὰν
1299 1416 1622 1471 ἀπεώσαντο
1662 1417 1762 1488 τὴν
1798 1420 1932 1471 πᾶσι

349 1505 580 1575 κτιστῆς
605 1504 820 1574 φύσεων
854 1507 900 1539 ’⁷
923 1507 1355 1578 ὲμφολεύουσσν,
1386 1508 1475 1562 διὰ
1510 1507 1670 1562 τοῦτο
1702 1511 1797 1562 καὶ
1827 1509 1936 1579 πρὸ

352 1598 626 1668 σωμάτων
658 1598 830 1663 αὑτάς
872 1598 1310 1669 ὑποπτεύσομεν,
1341 1599 1373 1670 ἢ
1410 1600 1516 1668 πρὸ
1542 1599 1644 1669 τῆς
1676 1600 1771 1653 τοῦ
1795 1603 1935 1670 όρω-

353 1688 517 1760 μένου
555 1689 762 1760 κόσμου
809 1691 1149 1761 παραγωγῆς
1187 1691 1282 1744 καὶ
1321 1688 1648 1760 συμπήξεως
1683 1692 1739 1743 ὲν
1778 1692 1934 1763 ἀϊδίῳ

347 1780 461 1833 τινί
487 1780 602 1851 ζωῇ
633 1779 808 1834 τελεῖν
846 1781 1194 1852 ὲννοήσομεν,
1229 1782 1319 1834 καὶ
1358 1781 1471 1850 βίον
1494 1781 1640 1852 ἔχειν
1681 1783 1932 1851 οὐράνιον

350 1873 616 1940 φήσωμεν
644 1870 712 1928 ’³,
746 1870 986 1941 ἄσαρκόν
1021 1887 1082 1922 τε
1111 1873 1203 1922 καὶ
1249 1870 1540 1939 ἀσώματον
1579 1869 1757 1936 ζώσας
1785 1872 1931 1944 ζωὴν

348 1962 450 2033 τὴν
483 1962 655 2016 ἀΐδιον
679 1963 737 2014 ὲν
768 1962 984 2033 οὐρανῷ
1010 1978 1139 2015 ποτε
1171 1965 1245 2034 μὴ
1266 1964 1584 2034 ὑπάρχοντι,
1610 1965 1685 2027 ὡς
1723 1966 1932 2034 Ὠριγέ‹

348 2068 451 2124 νης
478 2056 507 2106 ό
540 2054 860 2125 παράφορος
883 2053 1154 2123 βούλεται,
1192 2056 1285 2108 καὶ
1316 2056 1366 2108 οί
1394 2055 1587 2109 τούτου
1615 2057 1930 2126 συμμύσται

350 2147 447 2198 καὶ
482 2146 792 2216 σύμφρονες
837 2146 1070 2214 Δίδυμος
1104 2147 1197 2199 καὶ
1233 2148 1521 2218 Εὑάγριος,
1550 2150 1643 2201 καί
1672 2150 1699 2200 ὁ
1744 2148 1931 2211 λοιπὸς

348 2240 533 2293 αὐτῶν
575 2239 982 2309 μυθομέριμνος
1010 2240 1231 2309 ὅμιλοςο
1275 2242 1438 2310 οἵπερ
1462 2243 1524 2295 οὐ
1573 2241 1731 2295 τοῦτο
1773 2245 1931 2312 μόνον

347 2330 792 2400 πεπλανημένως
834 2329 1154 2395 δοξάζουσιν
1188 2332 1521 2401 Ἑλληνικοῖς
1567 2334 1930 2403 ὲμφερόμενοι

346 2424 609 2491 δόγμασι,
648 2422 744 2475 καὶ
789 2423 889 2491 τὴν
932 2424 1277 2491 Χριστιανῶν
1321 2424 1803 2495 καταρρυποῦντες
1840 2427 1931 2477 εῦ-

347 2516 592 2582 γένειαν.
620 2514 757 2567 άλλά
784 2518 879 2568 καὶ
905 2517 1006 2585 τὴν
1039 2516 1150 2570 τῶν
1173 2516 1444 2586 σωμάτων
1462 2516 1689 2583 τούτων,
1717 2512 1792 2570 ὧν
1813 2518 1931 2570 νυνὶ

347 2604 739 2677 περικείμεθα,
770 2606 1014 2676 ἀνοήτως
1049 2607 1367 2677 ἀναιροῦσιν
1406 2608 1726 2672 ἀνάστασιν,
1766 2609 1931 2677 μυρία

346 2696 506 2749 δεινά
542 2695 956 2765 βατταρίζοντες
990 2698 1087 2767 τῆς
1116 2698 1411 2762 δυσσεϐοῦς
1438 2701 1619 2753 αὐτῶν
1656 2702 1933 2769 μυθοπλαο

349 2783 509 2846 στίας
540 2784 772 2849 ὲπάξια-
812 2781 894 2848 οἷς
928 2788 1090 2856 ἀρκεῖ
1137 2789 1275 2858 πρὸς
1310 2788 1603 2859 ἐπίπληξιν
1630 2790 1691 2843 τὸ
1734 2792 1931 2859 Παύλῳ

348 2874 492 2946 πρὸς
516 2876 834 2946 Κορινθίους
858 2878 1148 2948 λεγόμενον
1171 2895 1186 2909 ”
1220 2898 1238 2929 ι
1284 2880 1370 2942 Ὠς
1393 2882 1442 2934 εί
1463 2883 1645 2952 νεκροὶ
1667 2884 1767 2935 οὐκ
1790 2884 1931 2950 syst-

2112 865 2205 918 Sic
2242 862 2527 917 hominum
2559 860 2760 913 animae
2796 863 3117 926 permanent
3147 855 3505 925 incorruptae.
3536 858 3617 913 sic

2038 956 2216 1025 angeli
2266 955 2608 1008 immortales
2650 959 3027 1025 perseverant,
3059 963 3170 1002 non
3223 955 3482 1001 naturam
3534 965 3619 1002 re—

2039 1063 2186 1111 vera,
2212 1048 2357 1099 sieut
2390 1045 2625 1110 asserui,
2656 1044 3033 1110 incorruptam
3061 1040 3352 1110 proprieve
3384 1040 3615 1095 immou

2037 1143 2204 1195 talem
2239 1140 2506 1192 habentes
2547 1135 2868 1198 essentiam,
2899 1132 2994 1187 sed
3030 1134 3264 1201 gratiam
3294 1146 3325 1184 a
3359 1129 3469 1186 Deo
3499 1148 3617 1186 snt--

2036 1230 2118 1284 titi
2152 1237 2301 1291 sunt,
2334 1243 2456 1297 qum
2485 1225 2958 1281 immortalitatem
2996 1223 3248 1293 largitur,
3276 1230 3333 1277 et
3365 1222 3616 1276 incorru-

2033 1325 2275 1394 ptionem
2311 1323 2390 1377 eis
2422 1320 2692 1392 providet.
2725 1318 2833 1372 Sed
2867 1334 2976 1372 non
3010 1316 3217 1371 idcirco
3246 1318 3394 1386 quod
3443 1317 3618 1371 homi-

2035 1429 2167 1468 num
2201 1411 2399 1466 auimaa
2441 1411 2617 1481 gratia
2668 1408 2762 1463 Dei
2810 1408 3221 1477 corruptionem
3273 1409 3613 1477 repulerunt,

2038 1521 2160 1575 quae
2203 1504 2462 1558 omnibus
2516 1500 2789 1556 creaturis
2836 1501 3168 1554 naturaliter
3221 1501 3441 1565 insidet,
3496 1503 3618 1555 idm

2038 1606 2094 1652 et
2124 1603 2252 1650 ante
2278 1608 2517 1663 corpora
2547 1607 2642 1647 eas
2674 1591 2847 1645 fuisse
2880 1591 3313 1659 suspicabimur,
3361 1594 3441 1645 vel
3492 1602 3618 1644 antu.
3655 1578 3663 1595 ³

2040 1686 2207 1755 hujus
2240 1685 2477 1739 visibilis
2528 1680 2719 1736 mundi
2770 1681 3208 1749 productionem,
3260 1689 3424 1750 atque
3470 1698 3620 1735 cum-

2040 1779 2292 1846 paginem
2327 1776 2381 1829 in
2415 1773 2754 1843 sempiterna
2793 1772 3027 1842 quadam
3076 1775 3187 1825 vita
3232 1777 3438 1841 positas
3473 1776 3622 1828 arbi-

2041 1868 2330 1930 trabimur,
2364 1867 2602 1919 vitamve
2645 1863 2907 1918 habuisse
2953 1863 3231 1918 caelestem
3284 1880 3615 1924 asse-remus.

2040 1956 2352 2010 incarncam
2404 1970 2502 2009 seu
2554 1954 2941 2023 incorpoream
2988 1954 3159 2008 vitam
3202 1954 3447 2011 viventes
3491 1973 3619 2026 per-

2040 2059 2257 2116 petuam
2308 2047 2359 2099 in
2406 2046 2549 2100 cazlo
2604 2044 2902 2113 aliquando
2954 2059 3062 2099 non
3113 2046 3425 2112 exsiSIenti,
3473 2048 3617 2102 sicut

2038 2140 2305 2211 Origenes
2339 2154 2606 2193 erroneus
2640 2137 2951 2201 constituit,
2994 2145 3048 2191 et
3101 2138 3263 2206 hujus
3293 2139 3614 2207 compliccs.

2038 2242 2203 2303 atque
2253 2230 2610 2287 consentanei
2663 2229 2945 2299 Didymus,
2977 2237 3032 2283 et
3076 2228 3365 2299 Evagrius,
3398 2239 3450 2284 et
3490 2233 3583 2284 reli

2039 2340 2144 2394 qua
2188 2340 2376 2380 earum
2421 2323 2732 2377 fabularum
2771 2320 3139 2390 cxcogitatrix
3187 2321 3481 2386 sodalitas;
3522 2325 3616 2391 qui

2037 2417 2259 2487 quidem
2291 2431 2401 2469 non
2437 2416 2541 2468 hoc
2572 2413 2751 2468 solum
2779 2411 3019 2465 errando
3056 2411 3418 2480 pronuntiant
3446 2414 3619 2483 Paga-

2040 2527 2234 2566 norum
2270 2510 2511 2567 concreti
2541 2505 2891 2578 dogmatibus
2940 2505 3170 2577 [similia
3220 2504 3529 2576 docentes],
3566 2520 3620 2558 et

2039 2605 2483 2660 Christianorum
2545 2600 2888 2656 nobilitatem
2955 2598 3336 2664 sordidantes,
3400 2602 3497 2655 sed
3567 2613 3621 2653 «ι

2040 2700 2270 2752 istorum
2324 2709 2640 2764 corporum,
2695 2692 2893 2762 quibus
2956 2706 3103 2745 nunc
3155 2708 3350 2748 smnus
3406 2694 3617 2757 amicti,

2041 2788 2420 2860 imprudenter
2455 2787 2735 2857 perimunt
2780 2785 3266 2848 resurrectionem,
3306 2785 3476 2839 multa
3509 2788 3620 2840 cal-

2040 2885 2149 2939 lide
2203 2882 2568 2937 balbutientcs
2620 2877 2965 2946 itnpiissintis
3013 2892 3204 2932 eorum
3251 2886 3306 2932 et
3358 2879 3621 2933 fabulosis~

351 2982 560 3036 ρονται,
590 2966 712 3019 οὐδὲ
739 2968 972 3037 Χριστὸς
1005 2970 1319 3040 ἐγήγερται·
1358 2993 1375 3021 ι
1403 2972 1495 3023 καὶ
1527 2971 1733 3033 λοιπὸν.
1760 2974 1932 3035 οὕτως

2044 2978 2314 3047 ligmentis
2343 2976 2637 3045 condigna,
2674 2975 2876 3044 quibus
2910 2974 2974 3027 ad
3009 2975 3428 3044 castigationem
3474 2974 3623 3031 sudi-

346 3059 539 3121 αὐτοῖς
572 3061 685 3121 τοῖς
724 3058 1004 3127 λογισμοῖς
1038 3062 1417 3130 ματαιάζουσι,
1459 3062 1540 3123 τὸ,
1575 3063 1721 3132 Κενὴ
1756 3065 1863 3131 ἄρα
1887 3067 1932 3096 ⁸³

348 3152 383 3220 ἡ
420 3150 603 3212 πίστις
633 3150 807 3219 ὑμῶν,
831 3152 1262 3223 προστεθήσεται
1282 3170 1296 3184 ο
1321 3153 1355 3224 ἢ
1385 3154 1445 3206 οὐ
1482 3154 1665 3225 μέρος,
1694 3149 1740 3207 ῶ
1764 3150 1928 3219 οὗτοι,

347 3244 451 3310 τῆς
485 3241 649 3310 ἡμῶν
676 3243 882 3312 σεπτῆς
916 3244 1206 3313 ὁμολογίας
1245 3246 1538 3316 γεγένηται
1576 3247 1673 3299 καὶ.
1701 3251 1933 3316 ταυτησὶ

346 3333 451 3403 τῆς
480 3333 687 3401 σαρκὸς
714 3336 746 3403 ή
775 3334 1101 3399 ἀνάστασις;
1136 3336 1251 3390 Καὶ
1278 3337 1479 3406 σαρκὸς
1510 3339 1619 3408 γὰρ
1650 3339 1933 3409 ὁμολογεῖν

350 3422 736 3515 ἀπαιτοᾲύμεθα
782 3424 861 3494 τῷ
904 3425 1159 3515 σωτηρίῳ
1201 3427 1520 3495 προσιόντες
1568 3427 1930 3499 βαπτίσματι.

357 3514 451 3567 Διὰ
478 3513 638 3566 τοῦτο
656 3514 785 3591 γὰρ,
819 3515 963 3569 καθά
991 3513 1096 3570 τινι
1117 3516 1226 3569 τῶν
1255 3516 1436 3585 σοφῶν
1454 3517 1935 3590 τεθεώρηταινκαὶ

304 3632 311 3641 ι
363 3607 507 3659 πᾶσα
537 3604 634 3658 τοῦ
669 3606 1013 3674 Μονογενοῦς
1048 3608 1334 3679 ήλαμπρά
1360 3609 1454 3662 καὶ
1487 3610 1756 3679 διάσημος
1787 3612 1935 3663 οἰκοα

357 3697 514 3767 νομία
535 3697 805 3767 λαμπρῶς
835 3700 1350 3769 πεπραγμάτευται,
1385 3701 1472 3755 ἵνα
1499 3703 1594 3755 καὶ
1621 3702 1720 3773 τὴν
1750 3693 1939 3757 είχόνᾶ

355 3786 532 3859 σώσῃ,
562 3788 659 3841 καὶ
681 3789 780 3857 τὴν
810 3790 987 3859 σάρκα
1020 3789 1325 3863 άθανατίσῃ
1347 3808 1361 3823 ο
1391 3793 1453 3845 οὐ
1491 3793 1652 3847 τοῦτο
1680 3794 1738 3848 δὲ
1774 3795 1934 3863 μόνον

349 3881 400 3933 οἱ
452 3880 806 3949 παράφρονες
853 3880 1213 3949 σφάλλονται,
1252 3884 1346 3937 καὶ
1400 3884 1500 3955 τῆς
1545 3884 1763 3950 εὐθείας
1809 3887 1930 3941 ὁδοῦ

349 3972 798 4041 παρακρούονται
823 3988 835 4001 ⁸
864 3969 933 4043 ἦν
964 3975 1073 4045 γάρ
1111 3975 1294 4029 αὐτῶν
1325 3975 1400 4039 ὡς
1429 3978 1488 4028 ὲν
1523 3978 1808 4048 συγκρίσει
1831 3997 1931 4032 καί

348 4059 469 4112 κῶν
492 4060 588 4111 καὶ
614 4062 850 4130 φορητὸν
882 4062 945 4115 τὸ
972 4063 1290 4134 δυσσέϐημα
1309 4082 1322 4096 ο
1350 4065 1488 4118 ἀλλά
1514 4070 1609 4120 καὶ
1637 4067 1798 4137 ἕτερα
1833 4086 1935 4138 μυ-

350 4150 449 4221 ρία
482 4151 634 4218 παρά
670 4150 769 4221 τὴν
799 4153 1163 4224 άποστολικὴν
1198 4154 1293 4207 καὶ
1333 4154 1591 4226 πατρῴαν
1627 4158 1782 4227 ἡμῶν
1825 4176 1933 4211 πα-

349 4241 576 4311 ράδοσιν
626 4242 864 4310 λέγουσι,
913 4246 1240 4315 παραδείσου
1287 4248 1509 4313 φυτείαν
1554 4250 1930 4315 ἐκϐάλλοντες,

2039 3068 2135 3127 cit.
2161 3067 2304 3135 quod
2336 3081 2365 3119 a
2396 3065 2561 3118 Paulo
2587 3067 2651 3117 ad
2682 3064 3003 3119 Corinthios
3028 3065 3238 3118 dictum
3261 3074 3382 3122 est:
3416 3086 3434 3118 ι
3464 3066 3619 3134 Quod

2037 3160 2082 3214 si
2133 3158 2335 3212 mortui
2392 3173 2499 3212 non
2548 3167 2867 3227 resurgunt,
2908 3172 3086 3227 neque
3132 3157 3388 3214 Christus
3433 3175 3622 3215 I‘CSUI-

2039 3251 2177 3306 rexit
2207 3251 2274 3311 “,
2312 3269 2329 3301 ι
2367 3259 2420 3303 ct
2455 3250 2662 3318 reliqua
2699 3264 2711 3303 :
2750 3249 2822 3301 ita
2853 3264 3043 3302 eorum
3073 3251 3501 3315 cogitationibus
3545 3250 3623 3321 [et

2037 3346 2110 3397 ita
2135 3346 2248 3415 jam
2278 3340 2425 3412 cogn]
2453 3340 2900 3407 vanescentibus,
2927 3342 3063 3394 ilhtd
3096 3343 3389 3410 adjicietur
3426 3363 3440 3398 :
3480 3343 3622 3413 Ergo

2036 3449 2177 3487 vana
2220 3441 2303 3485 est
2335 3430 2471 3485 ﬁdes
2503 3438 2717 3491 vestra;
2748 3444 2933 3483 annon
2961 3441 3044 3484 est
3075 3445 3203 3499 pars
3233 3432 3389 3487 vobis
3418 3441 3623 3487 nosttre

2038 3519 2334 3574 adorandae
2395 3517 2805 3581 confessionis.
2862 3526 2915 3572 et
2974 3522 3159 3574 carnis
3219 3521 3382 3575 istius
3438 3538 3623 3577 resur-

2038 3607 2250 3661 rectio?
2288 3605 2422 3657 Nam
2450 3614 2507 3659 et
2536 3606 2720 3659 carnis
2764 3605 3233 3659 resurrectionem
3281 3609 3621 3677 exquirimur

2036 3698 2324 3759 coniitcri,
2374 3697 2442 3750 ad
2503 3697 2804 3750 salutarent
2868 3696 3201 3765 baptismum
3271 3699 3618 3764 accedentes,

2033 3790 2188 3857 juxta
2231 3788 2378 3858 quod
2424 3786 2646 3857 quidam
2691 3788 3024 3857 sapientium
3072 3792 3473 3859 contemplatus
3513 3806 3618 3852 est.

2035 3885 2184 3955 quod
2250 3891 2511 3938 cunctum
2580 3882 2881 3951 Uuigeniti
2937 3884 3211 3952 praeclara:
3277 3887 3619 3958 insignisque

2036 3976 2460 4047 dispensationis
2507 3975 2829 4043 przrclarum
2893 3976 3215 4046 mysterium
3258 3989 3395 4042 erat,
3429 3990 3483 4033 et
3525 3996 3622 4033 ne-

2036 4070 2266 4139 gotium,
2300 4077 2357 4119 ttt
2399 4066 2688 4135 imaginem
2735 4067 2930 4131 salvet,
2967 4074 3021 4118 et
3060 4082 3282 4121 carnem
3333 4071 3616 4125 immorta-

2038 4164 2142 4216 lem
2174 4161 2389 4216 elliciat.
2427 4157 2546 4213 Non
2589 4160 2770 4213 solum
2811 4169 2991 4213 autem
3043 4160 3097 4213 in
3143 4163 3244 4215 hoc
3290 4164 3622 4234 desipientts

2040 4252 2324 4311 falluntur,
2348 4259 2405 4304 et
2433 4264 2459 4301 a
2496 4259 2647 4303 recto
2675 4248 2869 4303 itinere
2895 4249 3222 4320 divagantur
3254 4250 3423 4321 (esset
3465 4267 3622 4304 natu-

348 4337 413 4386 ἐν
454 4337 622 4402 σαρκὶ
667 4335 978 4389 πεπλάσθαι
1007 4337 1101 4390 τὸν
1143 4337 1315 4407 ’Δδάμ
1352 4340 1413 4391 οὐ
1463 4339 1798 4409 βουλόμενοι,
1834 4342 1932 4413 τὴν

2038 4359 2144 4414 que
2170 4357 2357 4398 eoruut
2389 4350 2649 4410 tanquam
2681 4341 2736 4393 in
2771 4342 3183 4410 comparatione
3225 4345 3494 4397 malorum
3532 4354 3619 4397 to-

344 4425 448 4479 ἀπ’
481 4425 650 4480 αὐτοῦ
692 4430 789 4497 τῆς
819 4427 962 4492 Εὔας
1011 4428 1300 4483 διάπλασιν
1341 4431 1623 4499 ψέγοντες,
1664 4434 1761 4503 τὴν
1802 4435 1938 4505 ἠχὴν

345 4518 675 4584 ἀθετοῦντες
710 4520 803 4574 τοῦ
830 4522 1026 4589 ὄφεως,
1063 4522 1159 4582 τὰς
1204 4522 1311 4575 τῶν
1346 4524 1618 4594 οὐρανίων
1643 4528 1938 4597 ταγμάτων

342 4610 679 4681 ταξιαρχίας
727 4612 869 4665 οὕτω
896 4615 995 4683 μὲν
1037 4612 1278 4685 ἀρχῆθεν
1309 4618 1372 4668 ὲκ
1406 4616 1542 4670 Θεοῦ
1577 4618 1862 4671 κεκτίσθαι
1892 4620 1936 4651 ³ο

342 4702 680 4768 κωλύοντες,
716 4707 779 4757 ἐκ
809 4706 1111 4774 καταδίκης
1149 4707 1206 4760 δὲ
1237 4710 1670 4780 προγενεστέρας
1714 4711 1808 4763 καὶ
1832 4728 1935 4763 πα-

345 4797 634 4866 ρατροπῆς
664 4797 833 4860 αὑτάς
864 4800 1261 4869 φανταζόμενοι
1285 4817 1300 4833 ⁸
1336 4802 1410 4866 ὡς
1445 4803 1504 4854 ἐν
1538 4803 1763 4856 ἑνάδιτε
1796 4805 1932 4857 νόων

343 4887 535 4939 πάντα
561 4888 841 4959 παρῆχθαι
862 4892 930 4943 τὰ
959 4890 1175 4959 λογικὰ,
1199 4892 1377 4957 ἀθέως
1400 4894 1536 4964 ὁμοῦ
1566 4896 1661 4947 καὶ
1687 4895 1931 4965 μυθικῶς

341 4975 787 5046 ὀνειρώττοντες,
809 4979 917 5031 τῶν
947 4982 1364 5052 ὑπερουρανίων
1393 4984 1603 5037 ὑδάτων
1623 4985 1720 5055 τὴν
1753 4987 1930 5039 κτίσιν

342 5065 689 5130 κακίζοντες,
715 5068 868 5132 τέλος
894 5065 1033 5123 εἶναι
1058 5072 1332 5137 κολάσεως
1363 5073 1609 5139 θέλοντες
1630 5092 1644 5103 ·
1672 5078 1768 5129 καὶ
1797 5079 1933 5131 πάν-

337 5174 454 5212 των
491 5159 594 5227 μὲν
637 5161 746 5212 τῶν
776 5162 1053 5232 αἰσθητῶν
1100 5166 1340 5235 παντελῆ
1380 5166 1595 5237 φθορὰν
1627 5172 1932 5237 παρεισφέ-

338 5267 534 5318 ροντες
556 5264 570 5279 ⁸
604 5252 822 5305 πάντων
850 5254 905 5307 δὲ
951 5255 1059 5307 τῶν
1106 5257 1361 5324 λογικῶν,
1397 5261 1665 5327 ἀγγέλων,
1718 5262 1932 5332 ἀνθρώ-

412 5399 460 5430 ”
490 5395 534 5449 ΙΙ
564 5396 690 5450 Cor.
723 5414 810 5463 xv,
845 5399 929 5452 16.

2037 4435 2281 4490 lerabilis
2311 4432 2606 4501 impietas),
2640 4431 2735 4485 sed
2767 4439 2824 4485 et
2858 4430 2962 4483 alia
3002 4432 3172 4485 multa
3202 4441 3357 4487 extra
3402 4444 3626 4502 aposto-

2038 4528 2198 4579 licam
2243 4531 2405 4591 atque
2444 4532 2727 4591 paternam
2775 4531 3018 4576 nostram
3066 4523 3421 4580 traditionem
3473 4543 3625 4581 asse-

2034 4624 2304 4680 ruerunt,
2368 4614 2607 4684 paradisi
2664 4614 3058 4682 plantationcm
3122 4616 3507 4685 projicientes.
3565 4621 3621 4670 in

2036 4724 2202 4763 carne
2233 4708 2403 4762 Adam
2435 4706 2728 4759 formatum
2761 4706 2932 4761 fuisse
2967 4707 3237 4769 nolentes,
3267 4723 3332 4761 ex
3359 4724 3424 4762 co
3452 4708 3617 4761 Evam

2040 4800 2326 4853 formatam
2383 4795 2556 4851 fuisse
2609 4796 3011 4865 vituperantes,
3054 4799 3329 4866 serpentis
3378 4800 3622 4853 sonitum

2039 4890 2370 4951 refutantes,
2416 4889 2723 4943 caelestium
2770 4887 3076 4941 ollieiorum
3130 4886 3433 4960 [ordinum]
3476 4892 3627 4957 prin-

2040 4987 2257 5055 cipatus
2295 4984 2366 5035 ita
2401 4983 2620 5051 quidem
2668 4980 2939 5049 principio
2977 4995 3006 5031 a
3055 4978 3165 5032 Deo
3202 4992 3418 5035 creatos
3453 4981 3624 5034 fuisse.

2041 5077 2423 5147 prohibentes,
2475 5089 2541 5127 ex
2594 5070 3053 5126 condetnnatioue
3100 5057 3232 5125 vero
3287 5074 3517 5142 pristina
3570 5083 3627 5126 et

2031 5167 2474 5238 transgressione
2515 5179 2613 5219 cos
2668 5161 3068 5230 contingentes.
3116 5162 3271 5216 Sicut
3314 5166 3366 5216 in
3413 5164 3625 5215 unitate

2038 5269 2217 5314 autem
2246 5257 2512 5311 mentium
2539 5254 2724 5308 omnia
2750 5254 3098 5308 rationabilia
3129 5255 3299 5306 fuisse
3332 5255 3620 5323 ιποιΙιυϊν,

1659 5512 1744 5565 γλ
1757 5513 1893 5568 ΠΙᾸΞ
1927 5516 2332 5572 LECTIONES.

401 5607 449 5639 "
481 5606 551 5662 L.
582 5605 878 5677 ἄφθαρτον.

988 5609 1030 5640 ³⁷
1065 5607 1124 5662 Ιι.
1154 5610 1390 5670 κτιστοῖς
1416 5606 1685 5676 φυσικῶς.

1797 5608 1839 5639 ’⁸
1866 5611 2134 5682 φήσομεν.

2248 5614 2290 5644 ’³
2323 5611 2416 5663 καὶ
2447 5610 2551 5681 ἄρα
2588 5610 2815 5680 ματαία.
2930 5611 2974 5644 ³ο
3009 5607 3335 5679 κεκτῆσθαι.
