4022 6206
426 256 568 319 3183

1428 256 1488 317 S.
1524 253 1939 315 SOPHRONII
1967 254 2471 316 PATRIARCILE
2495 254 2898 317 HIEROSOL.

3554 257 3698 323 3191

431 372 600 441 impie
646 369 810 426 sirmd
851 377 904 427 et
952 350 1199 425 fabulose
1242 372 1601 434 somniantes,
1635 386 1799 440 super
1843 373 2005 428 coele-

2118 391 2250 437 πων,
2275 373 2541 442 δαιμόνων
2567 373 3010 427 ἀποκατάστασιν
3043 371 3367 440 φάσκοντες.
3404 373 3496 425 καὶ
3530 373 3695 425 πάλιν

432 470 599 515 suum
629 476 893 531 aquarum
923 468 1230 515 creaturam
1257 459 1623 529 pessimantes
1655 463 1752 531 (9),
1788 463 2014 534 [impro-

432 548 671 621 bautes],
693 551 850 606 linem
873 565 996 606 esse
1016 549 1261 604 volentes
1284 551 1542 620 supplicii
1566 562 1617 606 et
1633 551 2013 621 omniumqui-

432 642 554 698 dem
587 642 932 696 sensibilium
970 641 1344 699 omnimodam
1374 644 1781 714 corruptionem
1815 644 2010 700 subin-

434 734 809 799 troducentes,
841 733 1087 787 omnium
1131 749 1263 789 vero
1313 734 1743 801 rationabilium,
1788 736 2015 807 angelo-

432 843 589 886 rum.
648 826 973 892 hominum,
1023 827 1332 881 daemonum
1393 829 1856 885 restaurationem
1914 830 2012 884 ad-

431 926 707 976 sti-nentes
732 959 748 983 ,
784 930 838 975 et
870 921 1064 974 iterum
1101 921 1153 974 iu
1183 920 1448 976 unitatem
1478 921 1784 979 fabulosam
1814 922 2009 978 borum

431 1011 768 1066 differentias
814 1011 1242 1081 profundentes,
1297 1028 1423 1069 cum
1474 1021 1529 1070 et
1576 1015 1717 1069 nihil
1765 1029 1795 1068 a
1851 1014 2012 1069 nobis

431 1104 651 1158 differre
676 1104 981 1168 Christum,
1012 1120 1174 1175 quem
1213 1105 1313 1174 ipsi
1366 1105 1653 1160 delirando
1688 1104 2009 1176 perdocent,

434 1212 540 1248 nou
583 1212 744 1267 quem
778 1213 876 1253 uos
909 1198 994 1266 pic
1026 1199 1412 1267 praedicamus,
1447 1199 1619 1267 gloria
1647 1213 1746 1254 seu
1782 1197 2009 1263 honore,

434 1290 549 1343 sive
600 1303 771 1359 regno
825 1290 942 1343 sive
990 1290 1367 1345 dominatione
1427 1290 1762 1346 dmmoniose
1827 1297 2013 1344 scatu.

433 1382 603 1440 riunt,
634 1380 802 1435 millia
830 1380 1081 1448 quaedam
1114 1380 1456 1449 proferentes
1490 1381 1559 1435 de
1584 1380 1860 1435 diabolica
1890 1394 2013 1433 cor-

433 1474 520 1527 dis
564 1487 755 1527 eorum
801 1480 856 1527 et
907 1471 1072 1541 impio
1114 1472 1394 1537 thesauro,
1429 1486 1537 1526 non
1571 1487 1678 1527 una
1726 1469 2009 1525 faaculenta

434 1565 792 1619 SHIWCI‘SiODe
840 1564 1245 1627 tantummodo,
1304 1564 1397 1618 sed
1447 1564 1689 1618 millibus
1733 1565 2012 1632 proximos

435 1664 706 1724 potantes,
727 1663 781 1710 et
799 1654 1012 1709 animas
1041 1654 1325 1710 hominum
1354 1654 1768 1717 mortificantes,
1801 1656 2008 1718 miseri,

2117 469 2195 531 ei;
2230 466 2392 520 ὲνάδα
2428 464 2663 536 μυθικὴν
2694 465 2795 527 τὰς
2827 464 3031 517 τούτων
3057 463 3325 535 διαφορὰς
3353 465 3697 533 ἀναχέοντεςθ

2117 560 2204 612 ὅτε
2241 560 2335 612 καὶ
2361 558 2527 628 μηδὲν
2551 560 2584 627 ἡ
2595 557 2710 626 μῶν
2747 556 3024 624 διαφέρειν
3053 555 3144 608 τὸν
3167 556 3425 625 Χριστὸν,
3453 556 3512 607 ὃν
3542 556 3699 608 αὐτοὶ

2117 647 2377 718 ληρῳδῶς
2405 646 2843 715 δογματίζουσιν,
2865 648 2962 715 οὐχ
2986 644 3046 697 ὃν
3076 647 3236 715 ἡμεῖς
3262 644 3501 708 εὐσεϐῶς
3530 662 3700 715 προτ-

2117 738 2482 810 κηρύττομεν,
2513 737 2661 809 δόξῃ,
2695 737 2726 807 ἦ
2763 739 2918 807 τιμῇ,
2958 736 2990 806 ἢ
3032 735 3302 808 βασιλείᾳ,
3341 736 3374 806 ἢ
3413 736 3700 806 δεσποτεία

2115 829 2502 899 δαιμωνιωδῶς
2535 827 2933 899 ἀναϐράττουσι
2961 844 2976 858 ·
3000 828 3095 880 καὶ
3132 828 3300 899 μυρία
3332 828 3470 882 ἅττα
3500 828 3701 899 προφέ-

2120 937 2303 989 ροντες
2333 919 2469 989 πρὸς
2508 919 2602 973 τοῦ
2642 915 2950 972 διαδολικοῦ
2980 919 3074 972 καὶ
3106 918 3400 982 δυσσεϐοῦς
3437 919 3536 989 τῆς
3562 935 3697 988 καρ-
3772 984 3783 999 κ

2116 1012 2235 1074 δίας
2260 1011 2439 1065 αὐτῶν
2484 1009 2946 1081 θησαυρισματος,
2973 1010 3035 1061 ού
3084 1011 3185 1079 μιᾷ
3217 1010 3376 1080 μόνον
3416 1011 3696 1080 ἀνατροπῇ

2117 1104 2336 1174 θολερᾷ,
2369 1102 2507 1157 ἀλλά
2557 1103 2781 1172 μυρίαις
2808 1098 2899 1154 τὸν
2947 1099 3179 1170 πλησίον
3226 1099 3561 1165 ποτίζοντες,
3601 1101 3696 1155 καὶ

2114 1195 2292 1265 ψυχὰς
2335 1192 2639 1263 ἀνθρώπων
2678 1191 3040 1255 θανατοῦντες
3072 1192 3121 1244 οἱ
3155 1189 3402 1255 δείλαιοι,
3448 1190 3590 1260 ὑπὲρ
3621 1183 3698 1244 ὧν

2114 1285 2353 1356 Χριστὸς
2399 1284 2692 1339 ἀποθανεῖν
2718 1283 3047 1353 κατηξίωσε,
3079 1285 3175 1336 καὶ
3209 1282 3404 1352 λύτρον
3440 1281 3605 1335 αὐτοῦ
3636 1280 3698 1334 τὸ

2115 1373 2257 1449 αἷμα
2289 1377 2351 1432 τὸ
2382 1376 2525 1429 θεῖον
2558 1374 2765 1446 ἐξέχεε,
2797 1375 2892 1431 καὶ
2927 1373 3101 1446 δῶρον
3134 1374 3276 1445 ὑπὲρ
3311 1374 3492 1427 πᾶσαν
3540 1372 3697 1437 ἀξίαν

2116 1471 2393 1526 θειότατον
2421 1470 2519 1540 τὴν
2554 1466 2749 1521 ἑαυτοῦ
2785 1467 2964 1537 ψυχὴν
3007 1464 3355 1521 κατεϐάλετο.
3403 1464 3595 1534 Ἡμεῖς
3641 1464 3697 1515 δέ

2115 1565 2349 1628 πίστεως
2383 1562 2553 1634 ὀρθῆς
2582 1562 2676 1615 xa‘t
2703 1561 3008 1631 ἀμωμήτου
3037 1561 3131 1613 καὶ
3158 1559 3439 1629 σώφρονος
3467 1557 3527 1610 τὸ
3553 1557 3699 1624 λογι-

2115 1658 2210 1710 κόν
2257 1654 2605 1717 ποτισθέντες
2641 1652 2783 1721 γάλα
2830 1652 2925 1706 καὶ
2971 1651 3178 1715 ἄδολον,
3227 1651 3323 1705 καὶ
3365 1650 3527 1703 καλὸν
3561 1648 3696 1703 Θεοῦ

436 1761 533 1813 pro
562 1746 763 1814 quibus
791 1744 1048 1802 Christus
1078 1745 1218 1799 mori
1249 1745 1506 1816 dignatus
1531 1756 1638 1811 est,
1665 1752 1718 1799 et
1745 1760 1842 1814 pro
1870 1760 2008 1815 quo-

2120 1747 2270 1816 ρῆμα
2296 1746 2642 1814 γευσάμενοι,
2686 1741 2904 1795 ἅπαντα
2930 1740 2999 1794 τὰ
3033 1739 3257 1795 ἐκείνων
3285 1740 3539 1795 σκοτεινὰ
3572 1738 3695 1793 διω·

434 1850 554 1888 rum
596 1835 974 1905 redemptione
1014 1852 1172 1893 suum
1213 1836 1459 1892 divinum
1496 1837 1816 1907 sanguinem
1851 1838 2008 1899 fudit,

432 1935 486 1979 rt
519 1943 718 2009 munus
758 1942 869 1996 pra:
915 1929 1063 1983 omni
1108 1928 1372 1998 dignitate
1418 1930 1656 1984 divinius
1699 1943 1855 1983 suam
1896 1930 2013 1984 ani-

434 2036 576 2070 mum
619 2021 822 2087 posuit.
858 2019 967 2075 Nos
1004 2034 1136 2075 vero
1175 2028 1341 2076 rectae
1382 2020 1854 2089 immaculataeque
1889 2022 2009 2075 fidei

433 2126 497 2163 ac
548 2111 755 2179 pudicae
809 2110 949 2165 lacte
995 2111 1168 2180 potati
1219 2111 1475 2166 rationali
1519 2121 1575 2164 et
1624 2112 1744 2167 sine
1777 2114 1925 2175 dolo,
1960 2124 2013 2167 et

433 2202 633 2254 bonum
674 2202 905 2256 verbum
937 2203 1318 2272 degustantes,
1347 2202 1602 2258 universa
1633 2218 1823 2258 eorum
1857 2212 2009 2259 tene-

433 2293 597 2346 brosa
626 2292 883 2362 dogmata
915 2292 1266 2362 repellentes,
1295 2300 1349 2347 et
1387 2294 1646 2348 omnibus
1687 2293 1880 2348 horum
1918 2308 2014 2348 ne-

434 2383 721 2437 fandorum
778 2382 1115 2453 vaniloquiis
1168 2382 1359 2447 liberi,
1409 2392 1464 2439 et
1515 2386 1758 2454 paternis
1808 2384 2011 2439 nostris

433 2471 919 2540 superiuredentes
948 2473 1216 2542 vestigiis,
1249 2481 1302 2529 ct
1342 2476 1631 2541 praesentis
1661 2474 1849 2529 saeculi
1878 2490 2011 2532 con-

432 2562 859 2617 summationcm
899 2563 1161 2627 dicimus,
1209 2572 1259 2617 et
1303 2564 1469 2618 vitam
1520 2564 1695 2629 illam,
1738 2580 1858 2635 quae
1887 2572 2013 2636 post

432 2665 756 2722 przcseutem
811 2656 975 2709 vitam
1031 2655 1215 2709 futura
1266 2665 1370 2721 est,
1422 2656 1700 2713 credimus
1747 2667 2010 2713 :eteruum

435 2758 888 2810 pcnuansurnm;
928 2752 977 2796 et
1015 2744 1326 2798 immortale
1358 2743 1623 2799 trabeatus
1651 2745 2009 2813 supplicium;

435 2835 579 2885 illam
626 2834 846 2904 quidem
899 2835 1268 2889 indesinenter
1311 2834 1718 2890 exhilarantem
1766 2837 2013 2891 laudabi-

434 2922 565 2973 lium
606 2938 833 2992 operum
879 2931 1210 2991 patratores,
1251 2924 1394 2978 istud
1442 2940 1570 2980 vero
1610 2925 2014 2983 incessabiliter

433 3010 700 3080 afﬂigens,
746 3028 959 3065 necnon
991 3024 1044 3065 et
1076 3014 1333 3067 crucians
1358 3029 1477 3078 eos,
1509 3015 1603 3084 qui
1639 3017 1767 3071 hinc
1793 3017 2013 3073 aﬂ'ccta-

2114 1839 2342 1907 σάμενοι
2393 1836 2664 1904 δόγματα,
2712 1835 2809 1889 καὶ⁸
2854 1834 3062 1887 τούτων
3104 1832 3259 1895 ὄντες
3303 1830 3696 1885 ἁπάντωντῶν

2114 1928 2370 1998 ἀθέσμων
2407 1927 2587 1982 αὐτῶν
2618 1926 2915 1997 φληνάφων
2966 1924 3267 1995 ἐλεύθεροι,
3315 1924 3407 1975 καὶ
3443 1925 3555 1985 τοῖς
3591 1938 3696 1973 πα-

2112 2019 2309 2090 τρῴοις
2338 2018 2498 2089 ἡμῶν
2544 2018 2921 2081 ἐπιϐαίνοντες
2955 2018 3149 2087 ἴχνεσι,
3182 2016 3279 2069 καὶ
3311 2015 3405 2067 τοῦ
3432 2014 3697 2083 παρόντος

2113 2108 2321 2177 κόσμου
2378 2106 2688 2160 συντέλειαν
2724 2106 2983 2176 λέγομεν,
3021 2106 3115 2160 καὶ
3141 2106 3240 2174 τὴν
3280 2103 3424 2174 ζωὴν
3480 2102 3696 2171 ὲκείιην

2111 2199 2209 2268 τὴν
2237 2197 2541 2266 μέλλουσαν
2568 2198 2668 2269 τὴν
2700 2199 2838 2269 μετά
2875 2197 2973 2267 τὴν
3021 2196 3299 2269 παροῦσαν
3335 2195 3482 2265 ζωὴν
3506 2194 3691 2247 διαιω-

2112 2289 2279 2353 νίζειν
2310 2290 2661 2360 πιστεύομεν,
2699 2290 2795 2342 καὶ
2822 2289 2921 2360 τὴν
2942 2287 3162 2342 κόλασιν
3192 2286 3548 2355 ἀτελεύτητον
3573 2285 3693 2355 ἐχο-

2117 2397 2244 2451 μεν·
2289 2382 2389 2450 τὴν
2428 2381 2528 2451 μὲν
2568 2380 2821 2451 ἀλήκτως
2872 2381 3270 2450 εὐφραίνουσαν
3313 2378 3418 2432 τῶν
3455 2379 3693 2449 ἀρίστοιν

2113 2470 2291 2541 ἔργων
2318 2470 2445 2534 τοὺς
2485 2470 2826 2542 πράκτορας,
2862 2471 2964 2540 τὴν
2997 2471 3054 2524 δὲ
3093 2471 3390 2532 ἀπαύστως
3425 2468 3691 2536 ἀλγύνου-

2115 2580 2237 2627 σαν,
2269 2563 2330 2616 οὐ
2366 2562 2474 2634 μὴν
2501 2562 2639 2618 ἀλλά
2680 2563 2775 2617 καὶ
2803 2563 3135 2627 κολάζουσαν
3161 2563 3290 2625 τοὺς
3318 2560 3506 2615 ἐνθάδε
3534 2577 3693 2628 γεγο-

2112 2655 2272 2717 νότας
2321 2654 2557 2727 ἐραστὰς
2601 2656 2702 2726 τῆς
2746 2656 3116 2727 φαυλότητος,
3162 2656 3257 2711 καὶ
3304 2657 3585 2724 μετανοεῖν
3630 2653 3692 2706 ού

2114 2745 2449 2817 θελήσαντας
2468 2747 2577 2818 πρὸ
2591 2748 2689 2819 τῆς
2706 2746 2955 2803 ἐντεῦθεν
2977 2748 3250 2819 ἐκδρομῆς
3278 2750 3372 2801 καὶ
3392 2747 3689 2808 ἑκϐἀσεω;.

2119 2857 2139 2891 ι
2184 2840 2244 2892 '0
2274 2840 2384 2912 γὰρ
2419 2839 2634 2912 σκώληξ
2666 2840 2844 2895 αὐτῶν
2877 2841 2938 2893 οὐ
2966 2841 3306 2911 τελευτήσει,
3342 2859 3360 2892 ι
3393 2841 3527 2909 φησι
3560 2842 3692 2909 Χρι-

2117 2932 2239 2996 στδς
2273 2935 2301 2987 ὁ
2329 2933 2543 3005 κριτὴς,
2589 2935 2623 3004 ή
2655 2933 2915 3004 ἀλήθεια·
2962 2952 2981 2985 ι
3018 2935 3113 2988 καὶ
3161 2934 3224 2987 τὸ
3256 2932 3367 3004 πῦρ
3404 2933 3584 2999 αὐτῶν
3630 2933 3690 2984 οὐ

2117 3023 2497 3094 σϐεσθήσεται.
2537 3044 2557 3077 ι

435 3112 583 3157 tores
608 3104 874 3157 malorum
904 3104 1081 3159 etferti
1108 3115 1256 3173 sunt,
1279 3115 1333 3160 et
1357 3107 1731 3176 pmttileutiatlt
1761 3124 1922 3181 agere
1950 3114 2266 3183 noluerunt,
2289 3116 2608 3187 priusquam
2632 3118 2760 3173 hinc
2781 3117 3098 3183 evaderent,
3117 3125 3171 3172 et
3193 3117 3423 3175 exirent:
3448 3136 3466 3169 ι
3482 3116 3694 3172 Vermis

434 3198 577 3249 enim
606 3212 795 3250 eorum
839 3212 944 3251 non
988 3201 1272 3263 morietur,
1315 3217 1333 3251 ι
1373 3202 1550 3270 inquit
1583 3202 1833 3260 Christus
1866 3206 2030 3274 judcx
2062 3218 2119 3264 et
2154 3210 2375 3273 veritas,
2413 3229 2432 3262 ι
2462 3221 2515 3267 et
2543 3212 2684 3282 ignis
2707 3227 2896 3266 eorum
2929 3226 3039 3266 non
3071 3213 3450 3283 exstinguetur
3478 3213 3520 3266 τ.
3564 3229 3582 3261 ι

508 3290 632 3343 lla-c
690 3304 882 3358 sapere
944 3298 1108 3359 atque
1161 3291 1424 3357 credere,
1471 3295 1903 3364 sapientissimi,
1947 3315 2013 3353 ex

2190 3302 2373 3356 Ταῦτα
2426 3305 2645 3374 φρονεῖν
2679 3304 2773 3356 καὶ
2820 3303 3123 3370 πιστεύειν,
3172 3304 3496 3373 σοφώτατοι,
3527 3305 3589 3357 ἐκ
3636 3323 3696 3358 τε

436 3381 736 3453 apostolica
777 3389 832 3435 ct
866 3385 1213 3453 evangelica,
1260 3394 1425 3455 atque
1473 3387 1790 3457 prephctica
1834 3400 1889 3446 et
1932 3392 2013 3446 le-

435 3476 544 3545 gali
566 3514 581 3540 ,
613 3481 666 3527 cl.
697 3489 763 3526 ex
796 3482 1022 3540 paterna
1052 3484 1111 3530 ct
1150 3476 1444 3531 doctt‘inali
1478 3478 1866 3548 pt‘mdicatione
1891 3497 2016 3552 per-

437 3569 704 3636 cepimus,
729 3578 780 3617 ct
800 3564 1084 3620 manifesta
1111 3567 1265 3622 vobis
1294 3567 1739 3639 prudentissimis
1760 3570 2019 3651 fecimus,

437 3667 686 3735 mhilque
718 3666 870 3720 vobis
912 3664 1335 3719 ercultavimus.
1366 3664 1729 3737 Consequens
1755 3679 2013 3724 creterum

436 3759 685 3823 exsistit,
721 3770 774 3813 et
812 3764 1151 3825 competens,
1190 3771 1255 3810 ac
1289 3758 1536 3826 pristinae
1567 3759 1849 3814 traditioni
1881 3776 2015 3816 con-

440 3850 691 3914 veniens,
732 3848 1103 3902 sacratissima
1131 3848 1367 3916 concilia
1401 3858 1756 3919 paternorum
1798 3862 2022 3905 nostro-
2066 3888 2081 3911 κ

440 3958 585 4003 rum,
609 3950 771 4010 atque
797 3940 1305 3998 sacratissimorum
1334 3950 1701 3999 conventuum
1726 3943 2017 3999 manifesta

438 4032 643 4086 litteris
669 4033 868 4096 facere,
899 4046 1018 4101 qua:
1048 4040 1307 4099 tauquam
1331 4031 1624 4088 lustrautia
1657 4043 1876 4090 nostras
1904 4036 2020 4089 ani-

366 4132 377 4137 ‘
436 4140 559 4179 mas
596 4124 978 4189 coufovcmus,
1003 4134 1058 4179 et
1093 4139 1191 4192 per
1237 4125 1436 4180 sarcula
1469 4125 1672 4180 habere
1700 4142 1800 4182 nos
1821 4143 2018 4181 exora-

439 4232 580 4279 mus,
610 4223 888 4284 quatenus
916 4230 1042 4269 cum
1075 4216 1156 4269 eis
1191 4227 1243 4270 et
1273 4216 1490 4270 beatam
1521 4217 1685 4270 vitam
1727 4220 2019 4288 participe-

440 4323 585 4368 mus,
623 4310 702 4361 uti
732 4322 927 4363 eorum
958 4307 1051 4359 tilii
1091 4307 1322 4368 nobiles.
1357 4322 1422 4361 ac
1448 4324 1827 4365 successores.
1871 4309 2018 4376 Qua-

441 4410 563 4453 tuor
604 4400 788 4469 itaque
823 4400 875 4452 iu
907 4398 1111 4452 divinis
1140 4396 1398 4454 Ecclesia:
1424 4398 1770 4469 dogmatibus
1829 4418 2020 4470 tnagna

441 4504 712 4559 sacraque
739 4498 793 4544 et
830 4488 1166 4543 universalia
1191 4490 1425 4544 coueiiia
1459 4492 1821 4560 suscipimus,
1851 4509 2021 4548 evan-

441 4579 632 4647 gelicis
672 4578 947 4635 illustrata
990 4577 1316 4649 fulgoribus,
1344 4589 1399 4633 et
1440 4582 1821 4651 spicuditicata
1850 4600 2021 4639 evan-

2118 3395 2483 3466 ἁποστολικῆς
2511 3395 2607 3449 καὶ
2627 3395 3012 3467 εὐαγγελικῆς,
3044 3395 3109 3449 ἐκ
3136 3413 3196 3450 τε
3225 3397 3574 3468 προφητικῆς
3602 3399 3698 3450 καὶ

2119 3488 2369 3558 νομικῆς,
2396 3488 2459 3542 ἔκ
2488 3506 2551 3542 τε
2580 3488 2840 3560 πατρῴας
2878 3489 2973 3542 καὶ
2998 3489 3386 3560 διδασκαλικῆς
3429 3490 3697 3559 παρειλη-

2120 3582 2280 3651 φότες
2311 3581 2613 3652 κηρύξεως,
2646 3583 2739 3637 καὶ¹
2763 3581 3085 3652 δεδρακότες
3109 3583 3238 3654 ὑμῖν
3265 3585 3378 3646 τοῖς
3405 3582 3698 3649 πανσόφοις

2120 3674 2421 3742 κατάδηλα,
2456 3674 2552 3728 καὶ
2593 3674 2761 3745 μηδὲν
2802 3674 2949 3742 ὑμᾶς
2992 3672 3443 3743 ἀποκρύψαντες·
3472 3674 3699 3726 ἀκόλουο

2120 3766 2212 3819 θον
2239 3765 2425 3818 λοιπόν
2453 3767 2569 3818 ἐστι
2595 3766 2693 3817 καὶ
2724 3766 3009 3835 ἁρμόδιον·
3044 3766 3139 3819 καὶ
3179 3769 3245 3835 τῇ
3289 3764 3493 3835 παλαιᾷ
3525 3782 3700 3836 πειρα-

2116 3858 2262 3909 δόσει
2293 3857 2649 3926 κατάλληλον,
2681 3858 2778 3919 τὰς
2801 3857 2953 3925 ἱερὰς
2989 3856 3241 3918 συνόδους
3274 3857 3384 3910 τῶν
3414 3858 3700 3926 πατρικῶν

2120 3949 2279 4018 ἡμῶν
2333 3948 2427 4001 καὶ
2478 3946 2757 4017 πανιέρων
2814 3947 3114 4017 ἀθροίσεων
3157 3947 3324 4017 δήλας
3379 3950 3553 4000 ποιεῖν
3610 3950 3701 4000 ἐπὶ

2120 4041 2467 4111 γράμματος,
2499 4040 2567 4102 ἃς
2597 4041 2672 4104 ὡς
2717 4041 3089 4110 φωταγωγούς
3124 4042 3247 4102 ταῖς
3282 4039 3578 4109 ἡμετέραις
3602 4038 3701 4107 ψυ-

2121 4138 2243 4203 χαῖς
2295 4133 2657 4204 περιέπομεν,
2700 4134 2795 4187 καὶ
2852 4134 2921 4187 δι’
2969 4132 3162 4196 αἰῶνος
3210 4132 3356 4201 ἔχειν
3409 4132 3699 4201 εὐχόμεθα,

2120 4227 2272 4288 ὅπως
2300 4228 2491 4289 αὐταῖς
2516 4228 2610 4278 καὶ
2630 4225 2731 4294 τῆς
2761 4225 3038 4296 μακαρίας
3065 4224 3215 4293 ζωῆς
3246 4226 3701 4294 κοινωνήσαιμεν,

2122 4318 2196 4380 ὼς
2248 4317 2433 4380 παῖδες
2479 4316 2660 4370 αὐτῶν
2686 4318 2928 4384 εὐγενεῖς
2970 4317 3063 4369 καὶ
3114 4315 3373 4385 διάδοχοι.
3425 4316 3705 4384 Τέτταρας

2121 4410 2303 4462 τοίνυν
2331 4407 2549 4461 ἐπὶτῶν
2581 4408 2778 4461 ἐνθέων
2802 4408 2902 4477 τῆς
2940 4407 3264 4477 Ἐκκλησίας
3296 4408 3581 4479 δογμάτων
3613 4426 3707 4477 με-

2124 4499 2296 4565 γάλας
2343 4499 2436 4551 καὶ
2484 4498 2638 4568 ἱερὰς
2678 4498 3066 4568 οἱκουμενικάς
3115 4497 3362 4561 συνόδους
3411 4499 3702 4569 δεχόμεθα,

2125 4590 2510 4659 εὐαγγελικαῖς
2551 4591 2985 4662 φαιδρυνομένας
3030 4591 3402 4662 λαμπρότησι,
3451 4594 3547 4645 καὶ
3603 4610 3703 4661 χα-

441 4667 736 4736 gelicarum
785 4668 1278 4736 configuratiorutm
1338 4678 1391 4722 et
1441 4671 1805 4739 specimiuum
1849 4689 2015 4740 quau-

2130 4684 2419 4753 ρακτήρων
2445 4683 2820 4751 εὐαγγελικῶν
2854 4683 3252 4755 ἀγλαῖζομὲνας
3271 4686 3530 4753 ποσότητι
3553 4702 3567 4715 ο
3592 4685 3709 4738 τού-

442 4761 616 4815 titate.
657 4758 755 4815 llis
793 4760 1095 4833 principari
1127 4762 1366 4819 dicimus
1402 4762 1682 4820 Nic-renum
1740 4777 2018 4823 trecento-

444 4867 562 4905 rum
592 4851 779 4906 deCem
812 4861 866 4906 et
896 4854 1020 4907 ‘octo
1051 4851 1221 4908 Deum
1269 4858 1576 4924 gerentiqu
1626 4856 1847 4912 Patrum
1889 4873 2020 4913 con-

445 4951 691 5007 ventum,
722 4944 817 5012 qui
840 4960 907 4999 ex
929 4945 1116 4999 divino
1148 4955 1280 5000 mtto
1316 4948 1592 5012 concitus,
1612 4948 1831 5004 Arianae
1857 4950 2024 5007 rabiei

444 5033 645 5101 alejcctt
670 5034 948 5101 contagia.
984 5031 1114 5088 Post
1144 5032 1294 5087 illum
1320 5051 1447 5093 tero
1477 5045 1743 5107 tempore,
1780 5058 1884 5095 non
1911 5038 2027 5113 glo-

446 5126 523 5178 ria
554 5124 671 5179 sive
706 5125 906 5195 gratia,
964 5125 1243 5180 secundus
1286 5135 1657 5197 congregatur
1696 5144 2023 5196 ionventus.

443 5218 535 5288 qui
584 5217 639 5271 in
684 5217 888 5285 regiam
922 5227 1256 5274 convocatus
1286 5228 1371 5274 est
1403 5220 1699 5277 civitatem.
1739 5224 2022 5296 Quinqua-

441 5312 591 5381 ginta
618 5327 744 5366 vero
778 5319 839 5365 ct-
868 5319 1088 5365 centum
1129 5324 1164 5366 a
1207 5311 1316 5367 Deo
1348 5312 1583 5369 instituti
1616 5316 1803 5373 Patres
1849 5320 2020 5372 exsti-

514 5486 558 5516 ⁸⁷
594 5484 697 5538 Isa.
723 5501 873 5553 ωτι,
893 5488 992 5555 24;
1019 5486 1184 5542 Marc.
1213 5502 1289 5551 rx,
1319 5487 1407 5540 45.

2128 4789 2233 4825 των
2269 4772 2571 4841 πρωτεύειν
2601 4773 2783 4844 φαμὲν
2815 4771 2875 4826 τὺ
2903 4775 2962 4826 ἐν
2996 4773 3201 4843 Νικαὶᾳ
3231 4772 3339 4825 τῶν
3371 4776 3704 4844 τριακοσίων

2126 4862 2255 4914 δέκα
2279 4864 2373 4918 καὶ
2394 4864 2539 4917 ὀκτὼ
2567 4865 2846 4935 θεοφόρων
2871 4864 3134 4935 Πατὲρων
3162 4864 3463 4936 συνέδριον,
3488 4867 3625 4936 ὅπερ
3645 4869 3707 4919 ἐκ

2127 4955 2275 5020 θείας
2314 4957 2601 5028 ἀθροισθὲν
2633 4958 2964 5022 ἐπινεύσεως
2995 4959 3095 5027 τῆς
3142 4958 3353 5029 Ἀρείου
3375 4959 3573 5029 λύττης
3604 4977 3707 5013 κα-

2126 5048 2308 5116 θαιρεῖ
2344 5050 2412 5104 τά
2463 5052 2769 5122 μιάσματα.
2804 5051 2939 5105 Μετ’
2975 5052 3151 5104 ἐκεῖνο
3193 5051 3249 5104 δέ
3289 5052 3367 5121 τῷ
3410 5052 3605 5121 χρόνῳ,
3645 5053 3708 5105 οὐ

2125 5142 2250 5211 δόξῃ
2286 5143 2381 5196 καὶ
2424 5144 2627 5213 χάριτι,
2685 5142 3099 5214 συναθροίζεται
3139 5141 3388 5210 δεύτερον
3432 5140 3710 5209 ἄθροισμα

2126 5233 2185 5286 τὸ
2209 5236 2267 5286 ἐν
2296 5237 2362 5304 τῇ
2396 5234 2629 5306 βασιλίδι
2660 5234 3077 5304 συνειλεγμένον
3103 5234 3213 5287 τῶν
3239 5232 3465 5285 πόλεων.
3502 5231 3711 5300 Πεντή-

2130 5340 2293 5377 κοντα
2327 5323 2383 5376 δὲ
2419 5326 2513 5377 καὶ
2540 5326 2734 5380 ἑκατὸν
2762 5324 3010 5394 θεόσοφοι
3045 5322 3282 5393 Πατέρες
3312 5321 3629 5392 ἐτύγχανον,
3658 5317 3709 5369 οἱ

1944 5574 2170 5631 ΝΟΤᾸΞ.

513 5668 590 5741 (9)
628 5667 727 5724 Ms.
761 5678 966 5739 ucstcr,
1007 5673 1377 5740 vituperantes.
1416 5668 1589 5725 iiano.
