4058 6190
296 393 447 458 3Ι85

1175 397 1540 460 EPISTULA
1598 397 1965 458 SYNUDICA
2024 400 2123 459 AD
2183 400 2529 461 SERGIUM
2560 400 2668 462 ΟΡ.

3448 400 3589 463 3186

298 510 397 565 καὶ
426 508 591 563 τοῦτο
612 464 856 579 πληροθν
883 506 1069 562 θεόθεν
1090 508 1322 579 ἠγμένοι
1345 509 1405 563 τὸ
1428 508 1719 579 ἄθροισμα,
1750 507 1779 559 ὃ
1799 508 1893 575 τὴν

2004 516 2207 573 terunt,
2272 509 2367 579 qui
2419 517 2473 563 et
2520 510 2622 562 hoc
2681 509 2907 579 implere
2961 508 3252 563 concilium
3317 507 3588 563 divinitus

294 601 667 675 τρικέραυνον
695 600 1055 667 Μακεδονίου,
1104 601 1521 671 ’Δπολλιναρίου
1544 616 1603 652 τε
1646 599 1741 651 καὶ
1773 598 1896 651 Md-

294 713 436 767 γνου
469 692 719 747 σϐεννύει
754 692 1098 758 δυσσέϐειαν,
1124 694 1338 764 καὶτῆς
1362 691 1630 763 τοσαύτης
1656 691 1900 763 χαλεπῆς

297 786 716 858 πυρακτώσεως
731 784 841 839 τῶν
863 786 922 840 εὖ
931 785 1234 843 σεδούντων
1250 787 1323 841 τὰ
1344 788 1667 857 συστήματα
1688 786 1897 855 ῥύεται.

293 878 503 949 Τρίτον
529 878 668 948 μετὰ
688 876 852 931 τοῦτο
891 878 1042 949 μόνῳ
1068 878 1149 950 τῷ
1179 879 1358 952 χρόνῳ
1385 878 1594 944 δοξάζω
1624 878 1900 949 συνέδριον

295 970 363 1024 τὸ
392 970 455 1022 ὲν
493 969 709 1040 Ἐφέσῳ
737 968 802 1022 τδ
829 970 1100 1042 πρότερον
1127 973 1193 1025 ὲκ
1225 971 1380 1034 θείας
1418 970 1743 1041 ὲνεδρεῦσαν
1773 970 1901 1040 pou-

299 1057 516 1130 λήσεως
534 1074 549 1089 ·
581 1057 762 1129 τὸγὰρ
789 1060 1085 1131 Διοσκόρου
1103 1060 1393 1132 λεγόμενον
1408 1058 1660 1132 δεύτερον
1678 1060 1780 1130 τῆς
1796 1061 1900 1114 Εὐ-

307 1149 505 1220 τυχοῦς
565 1149 832 1221 ἁδοκίμου
900 1149 1130 1223 γνώμης
1192 1150 1515 1223 πεφώραται
1581 1151 1894 1223 σύστοιχον·

303 1242 449 1311 ὅπερ
472 1238 693 1311 πρῶτον
738 1239 1017 1312 συνέδρων
1039 1240 1330 1295 διακοσίων
1373 1241 1473 1311 μὲν
1513 1240 1683 1309 ἁγίων
1718 1240 1899 1296 Πατέ-

303 1350 423 1403 ρων
451 1333 784 1404 ὲγνωρίζετο
811 1333 1117 1405 πλήρωμα,
1143 1334 1478 1389 καταϐάλλει
1503 1334 1559 1387 δὲ
1581 1334 1672 1386 τὸν
1698 1333 1901 1404 ἀνθρω-

303 1424 590 1494 πολάτρην
612 1424 932 1497 Νεστόριον,
956 1426 1051 1480 καὶ
1070 1426 1255 1479 πᾶσαν
1277 1424 1445 1479 αὐτοῦ
1467 1426 1567 1492 τὴν
1587 1425 1898 1495 Χριπομὰο

302 1530 404 1584 χον
428 1512 704 1567 ἀσέϐειαν.
737 1513 850 1568 Καὶ
886 1514 1146 1585 τέταρτον
1179 1515 1321 1586 μετὰ
1343 1515 1411 1569 τὰ
1452 1515 1579 1585 τρία
1618 1515 1694 1585 τῷ
1722 1514 1900 1585 χρόνῳ

306 1606 463 1674 μόνῳ
484 1604 745 1674 θεόσοφον
791 1606 1105 1676 ἀθροίζεται
1135 1608 1424 1677 σύνταγμα
1463 1607 1569 1660 τῶν
1603 1606 1899 1670 ἑξακοσίων

303 1689 449 1763 ὁμοῦ
492 1693 585 1746 καὶ
627 1694 925 1764 τριάκοντα
969 1698 1341 1767 πανυμνήτων
1382 1697 1665 1767 Πατέρων,
1696 1698 1788 1750 καὶ
1809 1698 1901 1768 δᾳ-

302 1784 517 1855 δοὺχων
561 1785 660 1855 τῆς
715 1787 977 1852 πίστεως,
1021 1788 1161 1860 ὅπερ
1212 1790 1269 1841 ὲν
1308 1788 1611 1860 Χαλκηδόνι
1666 1789 1764 1857 μὲν
1802 1788 1898 1858 τὴν

305 1875 462 1929 θείαν
503 1878 738 1930 ποιεῖται
780 1877 965 1932 θεόθεν
1008 1878 1344 1944 συνέλευσιν,
1384 1881 1478 1933 καὶ
1528 1878 1897 1933 συναθλοῦσαν

306 1962 459 2035 εἶχεν
499 1966 792 2036 Εὐφημίαν
833 1969 933 2039 τὴν
979 1969 1270 2040 μάρτυρα,
1314 1970 1412 2041 τὴν
1460 1970 1552 2023 καὶ
1596 1968 1758 2041 μέχρι
1799 1969 1900 2037 τῆς

310 2060 553 2128 σήμερον
577 2059 971 2131 προμαχοῦσαν
1006 2061 1188 2114 αὐτῶν
1219 2060 1313 2113 τοῦ
1346 2063 1474 2132 ὅρου
1505 2060 1609 2130 τῆς
1637 2062 1894 2126 πίστεως,

309 2150 537 2219 καὶτῆς
567 2151 747 2203 αὐτῶν
798 2153 1117 2223 περιφήμου
1159 2152 1253 2205 καὶ
1294 2152 1557 2223 μεγίστης
1600 2152 1898 2223 ἀθροίσεως

308 2236 468 2306 λόγον
502 2238 669 2293 πολὺν
698 2242 1033 2313 ποιουμένην
1057 2242 1150 2297 καὶ⁸
1180 2243 1478 2298 ἄπαυστον.

969 2332 1041 2377 ιν

375 2419 767 2489 Κατασφάττει
796 2420 852 2473 δὲ
878 2421 975 2492 τὴν
1004 2422 1270 2493 ξυνωρίδα
1290 2424 1388 2493 τὴν
1411 2422 1659 2493 βέϐηλον,
1682 2425 1893 2495 Εὐτυχῆ

307 2528 454 2581 φημι
504 2510 599 2562 καὶ
645 2511 962 2583 Διόσκορον,
1019 2514 1115 2565 καὶ
1158 2512 1256 2584 τὴν
1295 2513 1500 2567 τούτοιν
1553 2515 1893 2586 ἀποψράττει

304 2599 580 2670 θεομάχον
610 2601 899 2653 κακόνοιαν
932 2603 996 2655 ἐκ
1036 2602 1138 2672 τῆς
1184 2603 1667 2675 ’Λπολλιναριανῆς
1704 2604 1895 2677 ὥσπερ

306 2693 494 2762 πηγῆς
543 2693 978 2764 καταρρέουσαν,
1019 2697 1114 2748 καὶ
1167 2695 1484 2769 πληροῦσαν
1531 2700 1743 2763 πάντας
1793 2704 1896 2772 τῆς

302 2783 563 2848 ἀσεϐείας
588 2787 717 2851 τοὺς
736 2785 964 2856 ῥύακας.
1008 2787 1289 2843 Ἑκϐἀλλει
1311 2790 1367 2843 δὲ
1397 2790 1536 2861 μετὰ
1565 2791 1662 2862 τῆς
1687 2792 1894 2847 τούτων

301 2875 679 2945 ἀσεϐεστάτης
745 2879 1014 2949 αἱρέσεως
1068 2879 1156 2932 διὰ
1210 2880 1321 2934 τῶν
1370 2882 1543 2951 αὐτῆς
1599 2884 1893 2954 όρθοδόξων

303 2967 666 3037 προρρήσεων
698 2970 790 3023 καὶ
828 2966 926 3039 τὴν
972 2970 1269 3042 Νεστορίου
1309 2972 1401 3025 τοῦ
1430 2972 1701 3044 θεομάχου
1739 2993 1891 3048 παμ-

305 3058 507 3129 μίαρον
557 3060 806 3131 αἰρεσιν*
858 3063 951 3115 καὶ
990 3063 1134 3117 κατὰ
1186 3064 1389 3134 ταύτης
1440 3069 1548 3138 γὰρ
1591 3067 1664 3132 ὡς
1710 3068 1790 3122 ἔτι
1823 3048 1917 3142 τῇ

302 3150 555 3253 ἀναιδείιξ⁵
607 3152 949 3253 σπαιρούσης
988 3155 1293 3226 ἠθροίζετο.
1327 3158 1489 3213 Ὅθεν
1532 3161 1626 3213 καὶ
1672 3162 1892 3225 τελείως
1919 3193 1964 3253 C

302 3242 476 3313 αὐτὴν
506 3244 884 3314 ἀπενέκρωσε,
913 3247 1008 3299 καὶ
1052 3248 1161 3302 τῶν
1206 3249 1683 3320 ἐκκλησιαπικῶν
1714 3254 1891 3307 αὐλῶν

301 3333 731 3404 ἐξωστράκισεν.
779 3337 902 3388 Ἐπὶ
944 3338 1170 3404 ταύταις
1206 3342 1262 3394 δὲ
1310 3344 1433 3406 ταῖς
1485 3345 1751 3413 μεγάλαις
1798 3347 1891 3399 καὶ

300 3426 719 3495 οἰκουμενικαῖς
737 3428 1074 3492 πανσέπτοις
1099 3447 1158 3483 τε
1180 3432 1275 3485 καὶ
1294 3433 1571 3505 πανιέροις
1592 3436 1698 3488 τῶν
1721 3436 1891 3506 ἁγίων

304 3518 402 3571 καὶ
437 3518 732 3588 μακαρίων
791 3520 1049 3589 Πατέρων
1098 3524 1380 3595 ὁμοτίμοις
1433 3526 1713 3598 ἀθροίσεσι
1765 3530 1891 3582 τέσ-

318 3622 492 3677 σαρσι,
536 3608 632 3659 καὶ
678 3608 937 3679 πέμπτην
973 3610 1133 3678 ἁγίαν
1166 3612 1333 3683 ἄλλην
1364 3614 1513 3685 παρὰ
1554 3615 1758 3679 ταύτας
1798 3617 1891 3669 καὶ

316 3699 449 3765 μετὰ
483 3698 692 3763 ταύτας
735 3702 1031 3764 συστᾶσαν,
1064 3704 1451 3775 οίκουμενικὴν
1496 3706 1721 3777 δέχομαι
1762 3707 1888 3760 σύν-

308 3787 443 3852 οδον,
492 3791 592 3859 τὴν
626 3792 685 3843 ὲν
716 3794 783 3862 τῇ
818 3791 1049 3861 βασιλίδι
1104 3795 1197 3848 καὶ
1229 3796 1400 3867 αὐτὴν
1433 3798 1733 3869 γενομένην
1779 3800 1890 3852 τῶν

308 3878 540 3941 πόλεων,
606 3882 985 3936 Ἱουστινιανοῦ
1024 3870 1133 3937 "tot?
1190 3886 1311 3938 τότε
1366 3887 1435 3940 τὰ
1495 3889 1746 3961 σκῆπτρα
1792 3892 1890 3961 τῆς

319 3966 639 4039 Ῥωμαῖκῆς
668 3971 943 4040 βασιλείας
970 3976 1272 4043 διέποντος,
1297 3982 1392 4034 καὶ
1419 3984 1595 4037 πάντα
1630 3984 1799 4053 αὐτῆς
1817 3986 1886 4038 τὰ

302 4058 537 4129 λαμπρὰ
586 4061 938 4134 διορίσματα’
984 4069 1108 4138 ἥτις
1155 4072 1400 4142 κυροῦσα
1448 4074 1489 4105 ³⁸
1537 4074 1636 4144 μὲν
1685 4076 1783 4146 τὴν
1828 4078 1887 4128 ὲν

301 4149 612 4219 Χαλκηδόνι
651 4152 995 4227 περιώνυμον
1038 4160 1324 4231 ἥθροισται
1376 4164 1627 4219 σύνοδον’
1674 4169 1890 4237 ἀναιρεῖ

296 4238 361 4292 Gl
394 4241 489 4294 καὶ
520 4243 768 4311 ἑκρίπτει
794 4249 932 4316 πρὸς
953 4248 1176 4320 ὄλεθρον
1205 4254 1581 4322 πρωτοτύπως
1609 4256 1708 4325 μὲν
1741 4257 1885 4328 Ὠρι-

296 4331 472 4402 γένην
500 4332 595 4385 τὸν
642 4333 875 4404 ἄφρονα,
924 4339 1023 4392 καὶ
1065 4340 1247 4395 πάντα
1296 4344 1465 4397 αὐτοῦ
1509 4346 1579 4399 τὰ
1624 4348 1885 4420 όνειρώδη

297 4423 693 4494 κομψεύματα,
723 4428 820 4480 καὶ
863 4429 1179 4497 πολυειδοῦς
1229 4437 1485 4501 ἀσεϐείας
1520 4438 1703 4509 πλήρη
1755 4459 1884 4509 συγ⁸

2002 600 2152 655 ducti
2187 609 2335 665 sunt,
2375 600 2523 670 quod
2561 600 2900 671 trilulgurem
2940 600 3271 665 Macedonii,
3306 602 3587 667 Ap.n|ii:;:-.-

2002 690 2206 759 risqne,
2241 699 2297 745 et
2339 689 2520 761 Magni
2569 691 2904 761 impietatem
2940 691 3225 754 exstinxit,
3282 700 3337 744 ct
3369 692 3435 744 dc
3476 702 3583 743 tam
3631 734 3643 743 .

2001 792 2198 848 magna
2240 786 2406 848 atque
2452 778 2659 833 dillicili
2697 777 3125 834 inﬂammatione
3155 788 3332 833 cattus
3371 780 3583 848 piorum
3631 777 3649 807 ³

2000 869 2226 941 eripuit.
2264 869 2513 925 Tertium
2555 880 2678 940 post
2711 871 2813 926 hoc
2852 879 3094 939 tempore
3135 874 3255 927 solo
3286 873 3583 927 concilimn

2001 960 2274 1030 gloriﬁco,
2302 961 2451 1031 quod
2486 962 2541 1015 in
2573 960 2788 1033 Epheso
2821 964 2978 1032 prius
3003 978 3067 1017 ex
3095 963 3278 1016 divina
3309 963 3586 1017 voluntate

2001 1052 2256 1109 consedit
2306 1053 2457 1124 (nam
2498 1054 2805 1110 secundum
2853 1054 3000 1125 quod
3048 1054 3298 1110 Dioscuri
3360 1056 3581 1117 dicitur.

2002 1142 2151 1198 illius
2186 1144 2433 1213 reprohte
2471 1144 2842 1214 intelligentiae
2868 1142 3186 1214 Eutychetis
3216 1146 3584 1215 comprehen-

2002 1236 2154 1290 ditur
2198 1238 2527 1308 consonum)
2562 1238 2708 1307 quod
2753 1236 2988 1308 primum
3039 1238 3337 1292 concilium
3379 1236 3581 1293 άιιοριιο

2004 1337 2183 1383 torum
2217 1329 2439 1398 quidem
2472 1338 2790 1384 sanctorum
2829 1328 3050 1382 Patrum
3086 1330 3366 1399 plenitudo
3398 1346 3585 1384 nosce—

2001 1420 2191 1475 batur:
2229 1420 2433 1490 dejecit
2485 1429 2667 1476 autem
2712 1421 3102 1475 hominicolam
3142 1418 3480 1486 Nestorium,
3525 1428 3578 1473 et

2000 1524 2217 1563 omnem
2249 1509 2371 1579 ejus
2411 1508 2630 1564 Christo
2662 1510 2917 1565 rebellem
2955 1510 3310 1577 impietatem.
3343 1512 3581 1575 Quartus

2001 1618 2220 1673 quoque
2275 1614 2399 1675 post
2442 1603 2556 1657 haec
2593 1601 2698 1657 tria
2745 1611 2989 1669 tempore
3021 1611 3233 1654 tantum
3284 1618 3313 1654 a
3349 1600 3458 1653 llct)
3495 1601 3582 1653 iti-

2002 1704 2244 1750 structus
2279 1702 2646 1766 congregatur
2677 1702 2979 1748 conventus
3003 1701 3391 1748 sexcentarum
3420 1693 3583 1745 simul

2002 1797 2056 1843 et
2097 1788 2320 1859 triginta
2362 1788 2719 1842 laudabilium
2778 1786 3022 1853 l‘atrum,
3068 1793 3121 1841 et
3184 1784 3583 1839 illttstratornm

2003 1878 2149 1943 ﬁdei,
2188 1879 2282 1948 qui
2318 1880 2372 1932 in
2403 1877 2750 1935 Chalcedone
2775 1878 2996 1949 quidem
3039 1877 3284 1933 divinum
3321 1877 3585 1933 divinitus

2004 1970 2131 2025 fecit
2182 1979 2537 2034 conventum,
2575 1978 2628 2026 et
2674 1978 3086 2025 concertantem
3132 1969 3319 2023 habuit
3368 1967 3584 2039 Euplm

2003 2064 2166 2116 miam
2200 2069 2535 2133 martyrem;
2563 2077 2686 2132 quae
2708 2070 2760 2116 et
2786 2078 2960 2133 usque
2985 2062 3253 2115 hactenus
3276 2076 3438 2129 super
3461 2060 3580 2112 tidvi

1999 2167 2187 2207 eorum
2219 2152 2541 2208 definitione
2576 2162 2906 2222 prepttgnat,
2956 2161 3009 2206 et
3044 2167 3143 2220 pro
3197 2152 3583 2220 opilzalissitno

1999 2260 2190 2300 eorum
2219 2264 2247 2297 ιι
2273 2244 2569 2314 αχὶηιοεμιο
2600 2252 2874 2299 conventu
2909 2243 3137 2298 verbum
3179 2244 3472 2311 plutimum
3531 2251 3586 2296 et

2001 2335 2328 2389 incessabile
2362 2334 2509 2388 facit.

2068 2426 2292 2481 Pcrimit
2341 2441 2472 2480 vero
2538 2426 2826 2496 profanam
2880 2425 3225 2488 dualitatem,
3277 2422 3581 2495 Eutychen,

1999 2520 2245 2589 inquam,
2269 2528 2322 2572 et
2349 2516 2697 2581 Dioscorum,
2727 2528 2779 2571 et
2804 2533 2991 2571 eorum
3022 2518 3244 2571 obturat
3280 2514 3387 2567 Deo
3412 2518 3585 2570 rebel-

1998 2611 2099 2665 lem
2149 2610 2435 2674 malitiam,
2479 2624 2542 2663 cx
2593 2608 2918 2677 Apollinarii
2954 2609 3099 2662 unda
3134 2619 3396 2675 tanquam
3436 2608 3584 2661 fonte

1997 2702 2356 2768 deﬂuentem,
2395 2710 2447 2756 ct
2477 2701 2774 2771 rcplentem
2797 2717 2989 2756 omnes
3017 2701 3319 2770 impietatis
3350 2701 3580 2765 rivulos,

1996 2795 2267 2865 ejccitquc
2300 2809 2421 2847 cum
2454 2793 2684 2848 istormn
2721 2792 3050 2862 impiissima
3092 2792 3286 2845 ltmresi
3327 2807 3421 2861 per
3453 2809 3583 2847 suas

1996 2886 2333 2939 orthodoan
2390 2882 2750 2945 assertiones,
2807 2891 2861 2937 et
2913 2880 3148 2937 Nestorii
3203 2882 3313 2936 Deo
3361 2882 3583 2937 rebellis

1995 2976 2489 3030 immnmlissimam
2550 2975 2822 3029 haeresim.
2886 2971 3018 3027 Nam
3074 2980 3128 3027 et
3182 2986 3374 3027 contra
3417 2975 3581 3037 hanc,

1995 3065 2175 3119 adhuc
2217 3064 2563 3131 impudenter
2603 3064 2966 3134 respirantem
3013 3073 3370 3119 convenerat.
3426 3064 3582 3119 Unde

1996 3160 2050 3205 et
2108 3167 2225 3207 eam
2282 3151 2523 3222 perfecte
2577 3151 2877 3214 interemit,
2943 3163 2996 3207 ct
3065 3155 3131 3207 ah
3189 3153 3581 3207 ecclesiasticis

1995 3238 2154 3295 atriis
2181 3239 2409 3309 expulit.
2444 3238 2623 3308 Super
2658 3239 2744 3295 bis
2772 3247 2953 3293 autem
2997 3244 3233 3312 magnis,
3266 3254 3317 3295 et
3358 3244 3579 3295 univcr-

1992 3328 2225 3393 salibus,
2273 3326 2607 3381 venerandis
2646 3340 2865 3396 quoque
2909 3340 2973 3379 ac
3017 3329 3418 3383 sacratissimis
3453 3344 3580 3383 san-

1992 3430 2207 3474 ctorum
2250 3419 2647 3486 beatorumque
2684 3417 2907 3469 Patrum
2959 3417 3167 3472 honore
3225 3422 3579 3489 coaequandis

1991 3521 2227 3583 quatuor
2257 3510 2640 3575 conventibus,
2662 3510 2830 3564 etiam
2853 3509 3105 3578 quintum
3136 3526 3194 3564 sa
3208 3521 3417 3572 nctum,
3441 3529 3579 3579 prac-

1993 3615 2077 3662 ter
2107 3606 2268 3667 istos,
2302 3611 2357 3658 et
2396 3611 2523 3672 post
2554 3603 2694 3657 istos
2723 3603 2873 3657 aliud
2911 3604 3211 3657 concilium
3240 3592 3581 3659 'universali-

1990 3706 2076 3753 ter
2104 3696 2465 3751 constitutum
2499 3694 2765 3762 suscipio,
2802 3693 2947 3763 quod
2988 3694 3039 3746 in
3067 3696 3211 3764 regia
3250 3696 3384 3749 urbe
3413 3698 3576 3748 etiam

1992 3791 2043 3844 id
2077 3788 2413 3843 celebratum
2439 3793 2544 3851 cst,
2572 3784 2887 3840 Justiniano
2919 3794 3052 3839 tunc
3082 3796 3301 3855 sceptra
3338 3785 3571 3842 Romani

1990 3881 2205 3951 imperii
2238 3879 2610 3949 dispensante,
2635 3893 2936 3948 omnesque
2987 3878 3110 3946 ejus
3144 3881 3439 3948 prmclaras
3478 3880 3574 3935 deo

1992 3976 2287 4040 ﬁnitiones,
2319 3975 2465 4043 quod
2500 3971 2567 4026 ad
2600 3971 3085 4026 conﬁrmationem
3120 3974 3341 4042 quidem
3388 3974 3576 4026 mimi-

1990 4065 2267 4120 natissimi
2323 4060 2796 4117 Chalcedonensis
2869 4060 3092 4116 concilii
3186 4073 3573 4135 congregatum

1990 4166 2094 4214 est.
2135 4155 2363 4210 Perimit
2396 4161 2600 4217 autem,
2642 4161 2696 4207 et
2748 4152 2800 4207 in
2836 4153 3120 4208 interitum
3160 4154 3380 4224 projicit
3424 4156 3576 4225 prin-

1989 4249 2238 4319 cipaliter
2269 4247 2490 4316 quidem
2527 4246 2817 4316 Origenem
2846 4247 3124 4312 insanum,
3157 4259 3210 4301 et
3246 4263 3435 4303 omnes
3458 4249 3576 4318 ejus

1989 4352 2285 4408 pumposas
2320 4335 2737 4401 somnolentias,
2771 4345 2826 4391 et
2855 4337 3012 4406 plena
3064 4340 3249 4391 multae
3278 4339 3576 4408 inpietatis

1990 4437 2334 4492 commenta;
2394 4425 2610 4497 Evagrii
2663 4441 2884 4496 quoque
2941 4443 3065 4482 cum
3116 4443 3201 4493 co,
3249 4438 3305 4483 ct
3358 4429 3572 4501 Didymi

296 4513 644 4582 γράμματα·
698 4515 969 4587 Εὑαγρίου
1001 4520 1057 4573 δὲ
1100 4523 1199 4575 σὺν
1231 4524 1382 4594 αὐτῷ
1417 4526 1507 4578 καὶ
1548 4528 1782 4599 Διδύμου
1815 4530 1882 4583 τὰ

1995 4522 2245 4592 dogmata
2291 4519 2474 4573 omnia
2506 4534 2700 4574 eorum
2734 4534 2964 4589 pagana,
3015 4530 3179 4590 atque
3234 4521 3571 4592 prodigiosa,

294 4603 582 4673 δόγματασ
618 4608 712 4659 καὶ
744 4609 922 4662 πάντα
963 4612 1141 4665 αὐτῶν
1166 4617 1233 4667 τὰ
1272 4616 1558 4686 Ἑλληνικὰ
1598 4620 1691 4672 καὶ
1719 4638 1882 4691 τερα-

291 4694 467 4766 τώδη.
497 4696 557 4749 οὐ
595 4698 702 4769 μὴν
736 4700 871 4754 ἀλλὰ
903 4705 1000 4756 καὶ
1032 4704 1254 4776 μυθώδη
1282 4707 1604 4778 ληρήματα·
1638 4712 1758 4781 μεθ’
1790 4712 1884 4776 οὒς

292 4788 393 4841 τὸν
424 4788 801 4856 Μοψουεστίας
847 4794 1081 4848 ἐκτίλλει
1121 4798 1418 4871 Θεόδωρον,
1452 4802 1542 4854 τὸν
1584 4802 1882 4874 Νεστορίου

294 4879 396 4932 τοῦ
428 4879 699 4950 θεομάχου
747 4882 1087 4949 διδάσκαλον,
1112 4889 1205 4942 καὶ
1239 4889 1314 4953 ώς
1362 4893 1609 4963 μυσαρὸν
1648 4894 1744 4947 σὺν
1773 4899 1886 4957 τοῖς

296 4970 468 5024 αὑτοῦ
505 4971 841 5044 βλασφήμοις
875 4979 1266 5050 συγγράμμασι
1301 4982 1401 5049 τῆς
1430 4984 1720 5055 καθολικῆς
1762 4988 1884 5040 Ἐκ-

299 5063 536 5131 κλησίας
565 5065 819 5135 ἐκρίπτει
858 5067 1131 5134 ζιζάνιοψ
1157 5072 1489 5146 Θεοδωρίτου
1520 5076 1573 5129 δὲ
1598 5079 1667 5131 τὰ
1700 5079 1886 5143 κακῶς

1992 4629 2095 4667 nec
2153 4628 2259 4666 non
2333 4621 2385 4665 et
2416 4610 2664 4665 fabulosa
2720 4610 3107 4664 deliramenta.
3153 4610 3283 4667 l‘ust
3335 4630 3474 4683 quos
3522 4626 3575 4667 et

1991 4706 2433 4774 Mupstiestcnum
2470 4703 2656 4756 evellit
2691 4700 3043 4755 Theodorum
3085 4706 3406 4771 magistrum
3460 4708 3570 4760 Deo

1991 4793 2213 4848 rebellis
2250 4791 2510 4856 Nestorii,
2544 4798 2599 4845 et
2635 4799 2695 4843 ut
2733 4790 3080 4845 immundum
3129 4792 3406 4848 zizaniam
3446 4810 3569 4849 cum

1992 4886 2111 4941 suis
2151 4883 2487 4951 blasphemis
2531 4882 2813 4952 opusculis
2864 4885 2932 4937 ab
2981 4886 3282 4952 apostolica
3323 4887 3569 4942 Ecclesia

1991 4975 2234 5046 prujicit.
2268 4973 2487 5042 Scripta
2519 4987 2739 5041 quoque
2784 4970 3126 5037 Theodoriti,
3156 4992 3279 5046 qua:
3318 4978 3457 5031 n'ale
3514 4991 3569 5030 et

1988 5070 2153 5140 impie
2206 5067 2473 5122 adversus
2513 5064 2781 5137 Cyrillum
2840 5078 3305 5137 propugnatorem
3350 5069 3569 5137 pietatis

296 5154 446 5206 κατὰ
492 5152 589 5207 τοῦ
637 5159 735 5224 τῆς
787 5158 1069 5226 εὐσεϐείας
1123 5168 1411 5236 προμάχου
1471 5170 1745 5239 Κυρίλλου
1791 5176 1885 5226 καὶ

1995 5162 2175 5216 ell‘ecta
2204 5166 2355 5223 sunt,
2397 5168 2450 5213 et
2481 5173 2713 5227 qumque
2741 5166 2849 5212 tam
2878 5168 3069 5214 contra
3098 5159 3389 5215 duodecim
3421 5161 3569 5227 ejus-
3620 5222 3629 5225 μ

294 5244 576 5309 δυσσεϐῶς
618 5250 882 5317 γεγονότα
934 5253 1310 5325 συντάγματα,
1342 5261 1435 5312 καὶ
1477 5261 1579 5314 ὅσα
1639 5264 1781 5317 κατὰ
1820 5282 1882 5332 γε

296 5338 405 5390 τῶν
449 5338 661 5394 δώδεκα
709 5341 803 5395 τοῦ
841 5344 1008 5400 αὑτοῦ
1046 5347 1337 5403 Θεσπεσίου
1387 5354 1656 5425 Κυρί).λου
1708 5373 1881 5427 κεςρςι⁸

295 5427 487 5494 λαίων,
513 5429 610 5498 τῆς
642 5448 701 5484 τε
740 5433 963 5505 πρώτης
988 5438 1152 5506 ἁγίας
1187 5442 1244 5493 ὲν
1281 5442 1491 5515 Ἐφέσῳ
1540 5446 1757 5499 συνόδου
1790 5449 1881 5501 καὶ

292 5521 393 5589 τῆς
422 5519 592 5590 ὀρθῆς
622 5522 778 5591 ἡμῶν
811 5528 1161 5601 κατηγόρησε
1198 5533 1450 5600 πίστεως,
1489 5536 1772 5608 Νεστορίῳ
1804 5539 1879 5609 τῷ

295 5608 548 5662 δυσσεϐεῖ
577 5610 931 5683 χαριζόμενος
956 5634 966 5646 '
1004 5621 1229 5677 κάκεῖνα
1265 5624 1465 5696 ταύτης
1494 5626 1637 5680 ποιεί
1662 5627 1761 5697 τῆς
1787 5608 1880 5683 κα-

1984 5255 2105 5310 dem
2139 5253 2309 5308 divini
2345 5250 2531 5319 Cyrilli
2567 5248 2829 5319 capitula,
2867 5266 3139 5319 quamque
3170 5264 3420 5305 sanctum
3452 5252 3565 5320 pri-
3628 5274 3631 5279 ·

1984 5364 2133 5403 nmm
2166 5347 2495 5415 Ephesinum
2535 5345 2854 5406 concilium,
2898 5356 3208 5413 nostraeque
3248 5346 3367 5399 lidei
3400 5345 3563 5399 rccti-
3616 5326 3630 5369 Ῡ

1990 5446 2232 5499 tudinem
2265 5441 2567 5505 accusavit,
2613 5439 2780 5507 impio
2822 5439 3054 5492 favendo
3084 5438 3364 5504 Nestorio;
3398 5439 3564 5494 ctiam

1991 5532 2081 5585 illa
2136 5532 2297 5586 istius
2348 5526 2824 5584 condcmnationis
2868 5526 3108 5580 obnoxia
3166 5520 3395 5591 faciens,
3444 5541 3569 5596 quae

1990 5637 2087 5693 pro
2131 5621 2388 5687 Diodoro,
2435 5631 2483 5676 ct
2527 5616 2817 5673 'l'heodoru
2860 5614 3210 5674 satisfaciens
3247 5618 3566 5688 scripserat.

1594 5739 1830 5799 VARle
1865 5738 2271 5800 LECTIONES.

397 5811 443 5848 ⁸³
484 5817 800 5885 κνςςπθςι.
