4022 6206
458 360 595 425 3ἱ87

1430 375 1489 436 S.
1519 376 1933 442 SOPIIBONII
1961 380 2462 448 PATRIARCILE
2491 383 2893 444 HIEROSOL.

3561 383 3702 450 3188

457 478 592 529 Cum
620 479 819 546 quibus
849 491 902 534 et
929 482 1239 550 epistolam,
1266 500 1386 553 qua:
1423 485 1626 540 dicitur
1655 486 1780 547 ibas.
1811 489 1874 542 ad
1911 490 2022 542 Ma-

2130 491 2427 557 τακρίσεως
2485 492 2708 562 μέτοχα.
2749 493 2892 562 άπερ
2947 492 3038 544 καὶ
3106 491 3246 561 ὑπὲρ
3290 492 3557 563 Διοδώρου
3606 499 3702 550 καί

458 569 560 622 rim
597 567 814 624 Persam
849 573 1110 640 scriptam
1138 577 1504 640 obtruncavit,
1541 577 1590 631 id
1625 591 1728 642 ρει,
1757 580 2026 649 exstirpa-

457 671 555 724 vu,
594 671 780 729 utpote
807 678 914 716 non
943 671 1166 718 tantum
1189 669 1357 722 rectis
1377 667 1630 722 infestam
1657 671 2025 740 dogmatibus,

459 753 552 806 sed
595 763 651 806 ct
701 757 846 809 omni
888 758 1161 828 impietate
1199 763 1482 820 refertam.
1523 764 1615 820 Illa
1651 768 1813 834 igitur
1845 784 2026 832 sacra,

458 853 510 898 et
545 860 743 914 magna
772 848 1209 921 universaliaque
1238 864 1427 910 sancta
1459 866 1698 926 quatuor
1729 861 2029 927 amplector

459 935 716 998 concilia,
745 943 800 990 et
851 953 961 992 uno
999 955 1164 995 sensu
1209 943 1496 998 confoveo.
1553 944 1728 1014 Super
1763 948 1846 999 his
1877 961 2026 1012 vero,

459 1029 513 1075 et
546 1020 686 1076 hanc
714 1024 958 1092 quintam
981 1025 1214 1090 honoro,
1245 1040 1407 1099 atque
1437 1031 1756 1096 honoriﬁco,
1788 1023 1848 1088 et
1869 1047 2030 1088 vene-

460 1123 574 1169 ror,
605 1116 662 1162 et
695 1111 895 1164 c’unrta
935 1129 1126 1167 eorum
1174 1115 1404 1170 libenter
1451 1119 1654 1188 recipio
1689 1129 1796 1173 tam
1831 1119 1885 1175 in
1927 1121 2028 1174 do-

461 1199 758 1267 gmatibus,
800 1207 855 1254 ct
901 1200 1136 1258 diversis
1179 1204 1468 1270 doctrinis,
1502 1223 1778 1277 quamque
1811 1211 2031 1266 haereti-

461 1303 652 1343 corum
700 1291 1162 1358 anathematibus,
1215 1305 1269 1350 et
1307 1299 1735 1357 deﬁnitionibus.
1780 1301 1937 1358 Unde
1977 1314 2032 1360 et

461 1384 780 1452 eomprobo,
827 1395 991 1454 atque
1038 1389 1302 1457 suscipio,
1339 1407 1482 1460 quos.
1543 1404 1928 1463 susceperunt,
1975 1406 2032 1452 et

433 1549 436 1553 λ
462 1478 852 1542 probaverunt.
882 1478 948 1532 Et
979 1483 1400 1545 anathematizo,
1437 1491 1601 1552 atque
1635 1485 1859 1554 abjicio,
1893 1502 2031 1558 quos

433 1562 436 1568 ’
468 1568 805 1622 anathemati
838 1571 1239 1638 suhrniseruut,
1272 1582 1328 1627 ct
1359 1575 1602 1643 abjectos
1632 1591 1662 1630 a
1701 1585 1888 1632 sancta
1931 1593 2031 1633 no-

464 1667 580 1713 stra
617 1660 887 1716 catholica
936 1661 1182 1718 Ecclesia
1211 1675 1570 1722 censuerunt.
1612 1667 1722 1724 llas
1763 1668 1952 1725 beatas
1977 1675 2031 1724 et

463 1759 684 1808 sanctas
715 1753 958 1823 quinque
999 1757 1238 1827 synodos
1268 1773 1588 1828 assequens,
1625 1775 1788 1816 unam
1816 1768 2030 1816 tantum

2131 579 2404 650 Θεοδώρου
2436 583 2870 654 ἀπολογούμενος
2917 583 3193 651 γέγραφε·
3229 581 3349 650 μεθ’
3376 576 3449 635 ὧν
3483 584 3578 640 καὶ
3603 586 3703 655 τὴν

2135 673 2256 724 ’Ίόα
2291 673 2578 742 ἐπιστολὴν
2609 675 2745 743 πρὸς
2776 675 2868 728 τὸν
2899 675 3112 744 Πέρσην
3135 673 3443 744 γεγράφθαι
3473 676 3702 746 λεγομέ-

2129 783 2226 834 νην
2257 765 2454 839 Μάρην
2489 767 2888 838 ἀπερῤίζωσεν,
2924 767 2997 828 ὼς
3022 767 3082 818 οὐ
3114 767 3274 833 μόνον
3301 766 3477 836 ὀρθῶν
3497 767 3702 838 δογμά-

2129 873 2234 910 των
2256 857 2568 920 ἀντίπαλον,
2602 858 2738 910 ἀλλὰ
2763 860 2856 911 καὶ
2889 859 3068 926 πάσης
3097 859 3352 920 ἀσεϐείας
3391 859 3698 915 ἀνάπλεων.

2142 945 2386 1010 Ἐκείνας
2411 949 2508 1016 μὲν
2530 949 2621 1002 οὖν
2643 950 2739 1013 τὰς
2767 950 2913 1020 ἱερὰς
2937 951 3030 1002 καὶ
3049 950 3292 1019 μεγάλας
3320 951 3414 1003 καὶ⁵
3445 951 3701 1022 οἰκουμε-

2140 1037 2294 1100 νικὰς
2331 1038 2489 1104 ἁγίας
2521 1040 2788 1110 τέτταρας
2819 1041 3066 1104 συνόδους
3089 1040 3422 1110 ἀσπάζομαι,
3453 1044 3546 1097 καὶ
3567 1061 3702 1112 φρο-

2136 1126 2340 1195 νήματι
2374 1128 2453 1181 έν¹ι
2482 1130 2946 1200 περιπτύσσομαι·
2981 1129 3076 1182 ἐπὶ
3110 1130 3337 1191 ταύταις
3365 1129 3422 1183 δὲ
3451 1131 3545 1184 καὶ
3571 1131 3702 1185 ταύ-

2129 1234 2229 1286 την
2251 1217 2350 1287 τὴν
2401 1218 2656 1288 πέμπτην
2688 1219 2852 1289 τιμῶ,
2877 1220 2972 1272 καὶ
3013 1219 3273 1288 γεραίρω,
3309 1221 3403 1272 καὶ
3446 1219 3696 1288 σέϐομαι.

2131 1311 2239 1363 Καὶ
2272 1311 2449 1364 πάντα
2480 1310 2658 1363 αὐτῶν
2692 1311 2944 1380 ἀσμένως
2969 1310 3262 1381 προσίεμαι
3291 1311 3362 1365 τά
3403 1329 3460 1364 τε
3489 1313 3543 1365 ἐν
3573 1313 3699 1380 δόγ-

2135 1419 2294 1472 μασι,
2345 1403 2439 1455 καὶ
2482 1401 2758 1473 διαφόροις
2801 1402 3116 1472 διδάγμασι,
3159 1403 3400 1465 καὶτοῖς
3425 1403 3566 1456 κατὰ
3593 1404 3700 1458 τῶν

2130 1493 2516 1563 αίρετιζόντων
2563 1493 3028 1564 ἁναθεματισμοῖς
3073 1495 3166 1547 καὶ
3211 1493 3530 1564 όρίσμασινυ
3575 1493 3702 1548 ὅθεν

2131 1583 2224 1636 καί
2254 1583 2532 1652 ὰσμενίξω
2557 1583 2650 1635 καὶ
2694 1582 2943 1652 δέχομαι,
2985 1583 3076 1646 οὓς
3112 1582 3357 1647 ἐδέξαντο
3405 1584 3498 1637 καὶ
3523 1584 3699 1652 ἠσμέ-

2132 1692 2321 1728 νισανο
2364 1668 2467 1729 ’καὶ
2515 1673 2904 1745 ἁναθεματίζω
2955 1675 3050 1728 καὶ
3094 1674 3496 1744 άποὸάλλομαι.
3541 1675 3698 1738 ὅσους

2132 1765 2433 1837 ἀναθέματι
2464 1767 2868 1833 καθυπέὅαλον,
2903 1768 2998 1820 καὶ
3039 1767 3379 1837 ἁποϐλήτους
3416 1768 3512 1836 τῆς
3541 1767 3701 1820 καθο-

421 1915 438 1930 σ
466 1841 586 1896 ﬁdei
617 1841 992 1900 deﬁnitionem
1021 1861 1280 1917 agnosco,
1309 1858 1363 1902 et
1389 1849 1660 1906 mathema
1679 1866 1850 1906 unum
1877 1852 2025 1916 novi,

2133 1857 2292 1926 λικῆς
2341 1859 2436 1911 καὶ
2466 1857 2629 1926 ἁγίας
2663 1857 2820 1929 ἡμῶν
2863 1857 3526 1928 Ἐκκλησίαςήγήσαντω
3565 1856 3699 1910 ταύ-

462 1937 518 1982 et
547 1929 879 1997 symbolum,
903 1931 1048 2008 quod
1081 1936 1508 2004 sapientissima,
1547 1947 1710 2006 atque
1735 1941 1892 1996 beata
1915 1951 2026 1998 tre-

462 2027 744 2072 centorum
786 2019 972 2075 decem
1007 2028 1061 2077 et
1089 2032 1216 2078 octo
1249 2025 1414 2080 Deum
1463 2029 1768 2095 gerenlium
1803 2030 2026 2086 Patrum

430 2111 433 2114 ’
462 2119 650 2166 sancta
678 2111 893 2168 Nicazna
924 2115 1213 2170 multitudo
1235 2131 1302 2171 ex
1333 2126 1523 2172 sancto
1560 2118 1828 2198 etiata'est
1854 2122 2027 2190 Spiri-

461 2211 542 2266 tu,
566 2203 710 2272 quod
740 2203 795 2257 in
813 2203 1281 2276 Constantinopoli
1311 2217 1525 2263 centum
1549 2219 1604 2264 et
1630 2213 2026 2280 qumquaginta

429 2343 434 2362 ι
461 2306 492 2346 a
511 2292 621 2348 Deo
636 2295 1026 2364 inspiratorum
1047 2295 1264 2352 Patrum
1290 2299 1640 2368 congregatio
1659 2301 2023 2366 conﬁrmavit,

431 2369 434 2380 ’
460 2395 513 2440 οι
533 2383 587 2437 in
607 2382 820 2454 Epheso
836 2386 1068 2454 primum
1087 2387 1449 2445 ducentorum
1468 2387 1774 2445 divinorum
1807 2388 2026 2443 Patrum

430 2477 833 2559 Icorroboravit
851 2479 1166 2546 concilium,
1198 2491 1253 2536 et
1305 2481 1360 2535 in
1406 2481 1770 2547 Chalcedone,
1804 2497 2030 2538 εοεοοηη

429 2638 434 2648 ν
460 2579 642 2624 torum
663 2570 884 2640 triginta
909 2571 1518 2642 sacratissimorumque
1547 2569 1764 2626 Patrum
1787 2572 2029 2640 suscepit

429 2660 432 2675 ¹
462 2671 515 2717 et
541 2661 804 2717 stabilivit
839 2667 1151 2726 conventio,
1196 2670 1251 2717 et
1286 2663 1730 2718 incommutabile
1785 2661 2028 2718 indisru-

430 2747 433 2751 ’
461 2764 720 2826 ptumque
738 2763 790 2810 et
811 2755 1088 2810 immobile
1109 2753 1173 2808 ila
1185 2765 1403 2826 grauter
1420 2756 1656 2810 asseruit
1686 2759 2026 2819 conservari.

2135 1966 2254 2012 ταις
2280 1946 2402 2012 ταῖς
2441 1949 2625 2016 ἁγίαις
2653 1951 2745 2002 καὶ
2773 1949 3068 2020 μακαρίαις
3109 1950 3269 2002 πέντε
3303 1947 3538 2010 συνόδοις
3569 1948 3698 2001 ἑπό-

2137 2055 2296 2110 μενος
2339 2038 2436 2092 ἕνα
2465 2040 2560 2093 καὶ
2596 2040 2756 2110 μόνον
2800 2041 2926 2108 ὅρον
2972 2040 3270 2108 ἐπίσταμαι
3319 2039 3570 2102 πίστεως,
3606 2041 3701 2092 καὶ

2137 2129 2368 2200 μάθημα
2395 2129 2451 2182 ἓν
2475 2126 2593 2186 οἴδα
2619 2132 2713 2186 καὶ
2750 2130 3036 2199 σύμϐολον,
3063 2131 3203 2202 ὅπερ
3227 2133 3259 2200 ἡ
3301 2129 3574 2198 πάνσοφος
3607 2132 3700 2183 καὶ

2127 2223 2378 2292 μακαρία
2405 2222 2515 2274 τῶν
2559 2225 2616 2274 ὲν
2658 2221 2863 2294 Νικαίᾳ
2897 2222 3226 2292 τριακοσίων
3255 2222 3384 2274 δέκα
3428 2223 3522 2274 καὶ
3556 2220 3704 2274 ὀκτὼ

2125 2313 2394 2386 θεοφόρων
2430 2315 2685 2385 Πατὲρων
2708 2313 2970 2368 θεσπεσία
2997 2313 3206 2380 πληθὺς
3248 2313 3306 2379 ἐξ
3345 2313 3499 2382 ἁγίου
3533 2330 3699 2382 προσ-

2126 2399 2424 2471 εφθέγξατο
2479 2401 2812 2472 Πνεύματος,
2842 2399 2870 2453 ὃ
2901 2403 3058 2472 καὶὴ
3089 2405 3146 2455 ἐν
3189 2402 3698 2455 Κωνσταντινουπό-

2125 2497 2208 2549 λει
2239 2495 2347 2549 τῶν
2393 2497 2587 2550 ἑκατὸν
2638 2496 2978 2566 πεντήκοντα
3029 2495 3400 2548 θεοπνεύστων
3441 2495 3704 2568 Πατέρων

2134 2584 2483 2656 ἐπεκύρωσεν
2516 2585 2788 2655 ἁθροισιςο
2822 2586 2918 2638 καὶ
2963 2587 2996 2653 ἠ
3037 2585 3094 2638 ὲν
3134 2585 3341 2653 Ἐφέσῳ
3373 2582 3560 2652 πρώτη
3589 2584 3701 2634 τῶν

2133 2673 2420 2730 διακοσίων
2447 2675 2645 2730 ἐνθέων
2677 2676 2937 2748 Πατέρων
2970 2675 3266 2728 ἐϐεϐαίωσε
3315 2674 3530 2737 σύνοδος
3557 2690 3572 2704 ⁸
3604 2675 3699 2727 καὶ

2133 2763 2166 2833 ἡ
2192 2763 2307 2816 τῶν
2332 2766 2388 2816 ἐν
2428 2765 2732 2834 Χαλκηδόνι
2779 2767 3076 2830 ἑξακοσίων
3105 2763 3396 2832 τριάκοντα
3428 2763 3700 2831 πανιέρων

431 2847 719 2917 Πατέρων
769 2847 1128 2916 προσεδέξατο
1155 2846 1250 2900 καὶ
1295 2847 1558 2919 ἐκράτυνε
1599 2847 1890 2919 σύμϐασις,
1923 2853 2019 2906 καὶ
2051 2853 2451 2926 ἀπαράτρωτον
2481 2857 2576 2913 καὶ
2629 2855 2873 2927 ἀρραγὲς
2941 2855 3036 2907 καὶ
3083 2855 3382 2908 ἀσάλευτον
3469 2854 3702 2924 διαπρυς

431 2995 434 3008 1
459 2937 586 3002 σίως
614 2937 715 3008 ἔφη
745 2937 1124 3006 φυλάττεσθαι.

529 3029 874 3098 Suscipimus
919 3029 1135 3091 deinde,
1196 3030 1514 3104 eisdemque
1565 3036 1706 3091 ulnis
1745 3033 2025 3105 amplecti-

432 3124 579 3176 mur
605 3131 799 3177 cuncta
825 3136 1042 3192 quoque
1080 3125 1431 3179 sacratissimi
1461 3126 1645 3196 Cyrilli
1696 3127 1877 3182 divina
1905 3137 1958 3183 et
1989 3145 2018 3183 a

2204 3033 2484 3105 Δεχόμεθα
2523 3035 2580 3089 δὲ
2607 3035 2702 3089 καὶ
2735 3035 3002 3103 ἀγκάλαις
3032 3035 3152 3096 ταῖς
3179 3034 3370 3106 αὐταῖς
3403 3034 3495 3086 καὶ
3527 3036 3701 3104 dape.

2129 3126 2349 3196 νίζομεν
2393 3126 2570 3179 πάντα
2601 3125 2712 3178 τοῦ·
2740 3125 3026 3178 θεσπεσίου
3059 3125 3324 3196 Κυρίλλου
3371 3127 3438 3178 τά
3479 3127 3600 3178 θεῖά
3639 3143 3701 3179 τε

454 3212 566 3268 Deo
600 3213 866 3267 instructa
911 3215 1245 3286 conscripta,
1285 3224 1475 3286 utpote
1503 3219 1648 3271 omni
1696 3219 2022 3274 rectitudine

2130 3221 2219 3271 καὶ
2274 3217 2510 3286 θεόσοιρα
2563 3219 3002 3287 συγγράμματα,
3053 3216 3129 3279 ὡς
3185 3216 3362 3286 πάσης
3412 3216 3701 3288 ὀρθότητος

454 3306 636 3372 plena,
666 3313 720 3358 et
748 3317 964 3358 omnem
1019 3305 1398 3360 haereticorum
1455 3307 1786 3376 impietatem
1837 3310 2020 3363 demo-

455 3395 663 3462 Iientia,
717 3397 991 3468 prmcipue
1029 3405 1210 3452 autem
1246 3399 1368 3453 illas
1416 3399 1482 3454 ad
1543 3397 1850 3454 Nestorium
1915 3401 2024 3456 Deo

452 3489 732 3556 odibilem,
767 3500 820 3545 et
851 3505 880 3544 a
908 3491 1016 3547 Deo
1042 3491 1371 3563 projectum,
1401 3491 1541 3547 duas
1569 3495 1862 3562 synodicas
1907 3495 2023 3564 epi-

453 3583 649 3646 stolas,
701 3583 998 3638 secundarn
1056 3600 1298 3655 quoque,
1337 3593 1392 3640 et
1444 3587 1681 3648 tertiam.
1715 3587 1767 3641 in
1802 3603 1906 3658 qua
1969 3598 2026 3642 et

451 3672 738 3738 duodecim
769 3689 1017 3730 connexa
1057 3684 1186 3731 sunt
1227 3677 1487 3748 capitula,
1522 3693 1644 3748 quae
1672 3695 1887 3734 omnem
1918 3679 2025 3733 Ne-

452 3764 610 3818 storii
660 3764 960 3830 mahtiam,
998 3776 1314 3821 sanctorum
1371 3771 1744 3838 apostolorum
1772 3771 2022 3838 aequino-

454 3857 619 3911 meris
645 3857 1229 3914 exussitcarbonibus.
1264 3861 1400 3914 Cum
1445 3862 1570 3916 istis
1617 3877 1749 3916 vero
1781 3865 2024 3932 suscipio

451 3957 506 4002 et
557 3948 872 4018 synodicam
897 3950 1208 4019 epistolam,
1248 3967 1373 4022 qum
1419 3953 1626 4022 scripta
1669 3961 1755 4012 est
1791 3953 1857 4008 ad
1893 3969 2022 4010 san-

453 4040 736 4095 ctissimos
763 4040 1060 4097 orientales
1086 4043 1397 4114 episcopos,
1427 4045 1482 4098 in
1508 4059 1616 4114 qua
1642 4057 1700 4100 et
1743 4061 1904 4101 voces
1932 4062 2025 4101 eo-

453 4145 575 4182 rum
605 4144 792 4185 sacras
827 4133 1144 4199 appellavit,
1183 4147 1486 4203 pacemque
1511 4149 1633 4188 cum
1661 4119 1742 4189 eis
1766 4135 2021 4190 ﬁrmavit.

452 4218 588 4269 tium
625 4218 847 4287 quibus,
875 4229 927 4274 et
952 4221 1100 4288 ipsas
1130 4221 1491 4276 Orientalium
1518 4224 1898 4294 episcoporum
1935 4225 2025 4280 lit-

454 4321 599 4364 teras
628 4311 1127 4375 connumerabiles,
1151 4323 1204 4367 et
1235 4313 1646 4370 indissolubilcs
1671 4314 1905 4370 dicimus
1936 4324 2026 4368 ut-

453 4408 581 4468 pote
613 4400 681 4454 ab
713 4401 833 4470 ipso
858 4401 1044 4456 divino
1073 4402 1279 4474 Cyrillo
1336 4414 1643 4474 susceptas,
1679 4414 1731 4460 et
1781 4406 1851 4461 ab
1905 4407 2026 4475 ipso

2126 3309 2386 3378 γέμοντα,
2426 3308 2524 3362 καὶ
2557 3311 2736 3362 πᾶσαν
2777 3307 3070 3380 αίρετικὼν
3107 3307 3470 3378 καθαιροῦντα
3513 3309 3702 3360 δυσσέ-

2127 3403 2276 3454 ϐειαν
2295 3419 2308 3431 '
2341 3401 2636 3469 ἐξαιρέτως
2658 3399 2714 3454 δὲ
2734 3402 2832 3461 τάς
2852 3401 2988 3470 πρὸς
3012 3401 3305 3469 Νεστόριον
3323 3400 3412 3452 τὸν
3434 3399 3698 3466 θεοστυγῆ

2126 3494 2220 3546 καὶ
2249 3491 2506 3561 θεήλατον
2539 3493 2634 3547 δύο
2664 3493 2947 3552 συνοδικᾶς
2977 3491 3285 3552 ἐπιστολὰς.
3315 3496 3414 3560 τήν
3439 3507 3498 3542 τε
3521 3490 3701 3542 δευτέ-

2130 3601 2226 3654 ραν
2261 3585 2353 3636 καὶ
2383 3585 2481 3654 τὴν
2525 3584 2736 3654 τρίτην,
2838 3583 2930 3634 καὶ
2963 3581 3030 3634 τά
3069 3581 3397 3634 δυοκαίδεκα
3431 3581 3700 3648 συνῆπται

2126 3677 2432 3745 κεφάλαια·
2478 3677 2620 3747 ἅπερ
2657 3676 2874 3730 ἃπασαν
2919 3675 3016 3744 τὴν
3063 3674 3362 3743 Νεστορίου
3413 3674 3702 3725 κακόνοιαν

2125 3766 2440 3818 ἀποστόλων
2493 3766 2664 3831 ἁγίων
2714 3765 3020 3834 ίςαρίθμοις
3065 3763 3398 3830 κατέφλεξεν
3450 3762 3702 3831 ἄνθραξι.

2126 3858 2230 3910 Σὺν
2281 3857 2508 3920 ταύταις
2538 3857 2765 3925 δέχομαι
2815 3857 2910 3908 καὶ
2939 3855 3036 3923 τὴν
3065 3854 3200 3924 πρὸς
3226 3854 3351 3916 τοὺς
3393 3853 3494 3922 τῆς
3530 3853 3701 3922 Ἑῴας

2125 3949 2462 4016 ἁγιωτάτους
2494 3948 2788 4016 προέδρους
2825 3946 3109 4016 συνοδικὴν
3142 3947 3450 4015 γραφεῖσαν
3479 3946 3699 3996 ἐπιστο-

2125 4041 2244 4110 λὴν,
2281 4041 2338 4092 ὲν
2460 4038 2555 4090 καὶ
2595 4038 2745 4108 ἱεράς
2781 4037 2960 4090 αὐτῶν
3003 4037 3099 4099 τὰς
3138 4039 3320 4104 φωνάς
3365 4035 3695 4098 ἀπεκάλεσε,

2125 4135 2223 4185 καὶ
2251 4131 2348 4203 τὴν
2393 4132 2528 4203 πρὸς
2571 4133 2768 4195 αὐτοὺς
2809 4134 3032 4204 εἰρήνην
3074 4132 3388 4202 ὲκράτυνεν.
3431 4127 3527 4194 Δίς
3576 4151 3700 4184 συν-

2125 4224 2353 4294 αρίθμια
2368 4225 2461 4276 καὶ
2486 4225 2624 4278 αὐτὰ
2644 4223 2751 4276 τῶν
2767 4224 3102 4277 ἀνατολικῶν
3127 4224 3408 4294 προέδρων
3426 4227 3496 4278 τὰ
3525 4225 3707 4294 γράμ-

2130 4332 2278 4384 ματα
2337 4315 2592 4385 λέγομεν,
2627 4315 2703 4379 ὡς
2738 4316 2830 4369 ὑπ’
2871 4316 3034 4369 αὑτοῦ
3091 4316 3358 4386 Κυρᾶλου
3400 4317 3495 4369 τοῦ
3551 4317 3703 4370 θείου

2125 4407 2404 4477 δεχθέντα,
2438 4408 2531 4460 καὶ
2573 4402 2714 4460 εἶναι
2761 4407 2897 4478 πρὸς
2926 4407 3092 4461 αὐτοῦ
3133 4405 3556 4480 μαρτυρούμενα
3589 4426 3704 4476 φω-

451 4506 574 4544 esse
601 4501 829 4546 testatas
861 4494 1089 4550 vocibus
1131 4512 1241 4551 non
1269 4498 1612 4566 ambigendis
1668 4497 2022 4552 orthodoxae.

2131 4503 2246 4562 ναῖς
2294 4501 2722 4570 ἀναμφιλέκτοις
2772 4499 3045 4568 όρθόδοξσ..
3085 4499 3307 4562 Τούτοις
3347 4481 3548 4569 ὁμοίως
3591 4501 3706 4562 τοῖς

452 4584 552 4636 liis
589 4584 839 4640 similiter
869 4579 1262 4654 sapientissimi
1296 4588 1483 4660 Cyrilli
1541 4591 1714 4644 sacris
1744 4589 2025 4657 inscriptis

453 4687 713 4746 tanquam
741 4694 978 4757 sacram,
1008 4691 1062 4734 et
1085 4681 1529 4736 cohouorandam
1569 4683 1835 4753 suscipio,
1868 4681 2026 4753 ejus-

455 4768 688 4836 demque
721 4778 882 4825 rectm
911 4770 1033 4826 lidei
1063 4775 1515 4842 propagatricem,
1540 4783 1594 4829 et
1617 4791 1644 4826 a
1677 4775 1786 4830 Deo
1810 4777 2020 4831 condo-

455 4869 662 4924 natum,
695 4869 859 4930 atque
884 4879 914 4916 a
946 4862 1054 4918 Deo
1094 4864 1412 4934 inspiratam
1471 4867 1758 4936 epistolam
1818 4867 2002 4938 magni

457 4960 621 5018 atque
657 4953 901 5019 praeclari
935 4951 1133 5007 Leonis
1165 4955 1502 5010 sanctissimi
1547 4955 1800 5010 Romana:
1834 4954 2026 5010 Eccle-

455 5043 568 5105 size,
604 5042 712 5096 imo
743 5045 986 5097 omnium
1024 5061 1146 5112 qua:
1193 5045 1296 5100 sub
1325 5046 1440 5100 sole
1487 5055 1632 5106 sunt,
1696 5047 2022 5111 luminaris;

453 5152 618 5202 quant
669 5135 855 5190 divino
889 5138 1180 5193 manifeste
1231 5147 1513 5206 permotus
1565 5138 1776 5207 Spiritu
1832 5149 2026 5191 contra

456 5226 734 5298 Eutychen
792 5227 1164 5292 maledictum,
1215 5239 1269 5282 ct
1308 5228 1414 5281 Deo
1463 5229 1720 5282 odibilem
1749 5229 2026 5297 desipien-

457 5333 676 5390 temque
705 5318 1042 5385 Nestorium,
1068 5319 1137 5374 ad
1178 5316 1506 5373 Flavianum
1545 5320 1867 5374 laudabilem
1897 5320 2028 5373 scri-

459 5423 564 5479 ps:t
596 5413 754 5481 regia:
782 5412 932 5466 urbis
965 5411 1282 5481 episcopum
1315 5429 1328 5478 ;
1354 5429 1516 5482 quium
1545 5423 1596 5466 et
1629 5411 2029 5465 ﬁrmamentum

459 5511 622 5554 rertte
653 5502 775 5556 ﬁdei
807 5503 1043 5570 appello,
1078 5511 1243 5570 atque
1269 5503 1494 5568 deﬁnio,
1531 5503 1629 5560 hos
1663 5504 1755 5571 qui
1803 5503 1876 5556 ita
1911 5517 2029 5555 cam

459 5597 662 5660 optime
693 5594 1043 5659 deﬁnierunt,
1079 5605 1300 5649 sanctos
1334 5596 1525 5650 Patres
1563 5612 1822 5663 Sequens,
1849 5604 2032 5664 utpote

459 5696 677 5734 munem
705 5685 923 5752 quidem
953 5687 1340 5740 rectitudinem
1369 5689 1490 5740 ﬁdei
1521 5703 1620 5741 nos
1645 5689 2029 5750 instruentem,

461 5790 676 5828 Omnem
715 5791 838 5829 \ero
875 5778 1198 5845 pravitatem
1228 5778 1542 5834 hacrcticmu
1579 5779 1954 5848 peiimeutcm,
1981 5788 2027 5831 cl

2133 4593 2300 4660 ἱεροῖς
2326 4590 2596 4662 Κυρίλλου
2628 4590 2722 4642 τοῦ
2758 4589 3038 4656 πανσόφου
3069 4589 3419 4660 χαράγμασιν
3445 4589 3519 4652 ὡς
3553 4587 3706 4659 ἱεράν

2129 4683 2224 4733 καὶ
2258 4680 2521 4749 ὁμότιμον
2553 4680 2800 4750 δέχομαι,
2825 4681 2920 4732 καὶ
2943 4681 3044 4748 τῆς
3067 4681 3233 4750 αὐτῆς
3255 4678 3565 4750 ὀρθοδοξίας
3584 4697 3704 4748 γεν-

2130 4774 2354 4842 νήτριαν
2383 4771 2478 4824 καὶ
2508 4771 2607 4840 τὴν
2637 4771 2878 4824 θεόδοτον
2905 4771 3195 4838 ἐπιστολὴν
3226 4772 3321 4824 καὶ
3351 4771 3707 4824 θεόπνευστον

2127 4865 2224 4916 τοῦ
2267 4863 2529 4932 μεγάλου,
2566 4863 2661 4914 καὶ
2689 4860 2970 4932 λαμπροῦ,
3004 4863 3102 4916 καὶ
3145 4862 3440 4932 θεόφρονος
3477 4864 3703 4925 Λέοντος

2127 4953 2222 5006 τοῦ
2257 4955 2354 5021 τῆς
2401 4953 2690 5019 Ῥωμαίων
2729 4951 3045 5021 ἁγιωτάτης
3087 4952 3446 5022 ἐκκλησίαςο
3502 4951 3704 5021 μᾶλλον

2127 5044 2181 5096 δὲ
2214 5044 2316 5112 τῆς
2346 5044 2436 5112 ὑφ’
2482 5041 2616 5112 ἡλίῳ
2663 5043 2843 5112 πάσης
2886 5045 3194 5113 φωστῆρος,
3237 5045 3304 5112 ἢν
3345 5043 3473 5112 θείῳ
3519 5041 3705 5108 σαφῶς

2129 5136 2352 5206 ὲνεργού
2363 5153 2520 5205 μενος
2552 5135 2832 5205 ιΙνεύματι
2853 5137 2974 5188 κατ’
3001 5134 3278 5204 Εὐτυχοῦς
3306 5134 3400 5186 τοῦ
3429 5132 3703 5201 κακόφρο-

2131 5247 2238 5292 νος,
2267 5231 2359 5282 καὶ
2389 5230 2688 5299 Νεστορίου
2732 5229 2828 5282 τοῦ
2868 5227 3192 5297 θεοστυγοῦς
3234 5227 3324 5280 καὶ
3359 5225 3706 5294 παράφρονος

2133 5324 2269 5390 πρὸς
2294 5323 2590 5374 Φλαυῖανὸν
2632 5321 2724 5374 τὸν
2758 5321 3004 5391 ἀοίδιμον
3039 5322 3138 5387 τῆς
3175 5316 3439 5388 βασιλίδος
3477 5313 3584 5368 τῶν
3607 5315 3707 5365 πόα

2131 5416 2268 5470 λεων
2302 5416 2560 5484 πρόεδρον
2599 5415 2875 5484 γέγραφεν
2897 5429 2910 5442 ·
2945 5414 3012 5483 ἢν
3047 5413 3140 5466 καὶ
3169 5409 3370 5486 στήλην
3401 5405 3706 5478 όρθοδοξίας

2138 5506 2286 5560 κς.λῶ
2321 5508 2411 5558 καὶ
2441 5507 2718 5575 ὁρίζομαι,
2751 5507 2864 5567 τοῖς
2903 5503 3075 5566 οὕτως
3107 5501 3278 5571 αὐτὴν
3312 5498 3492 5560 καλῶς
3523 5497 3709 5566 ὁρισα-

2139 5599 2323 5665 μένοις
2375 5597 2652 5665 ιιατράσιν
2701 5594 2878 5660 ἁγίοις
2929 5593 3216 5663 ἑπόμενος,
3262 5589 3338 5652 ὼς
3388 5589 3568 5640 πᾶσαν
3612 5585 3711 5652 μὲν

2137 5689 2444 5757 ὀρθοόοξίαν
2477 5689 2622 5755 ἡμᾶς
2669 5681 3116 5748 ἑκδιὸάσκουσαν,
3155 5685 3339 5736 πᾶσαν
3383 5679 3439 5732 δὲ
3487 5676 3707 5729 3:37.059-

2141 5780 2259 5846 ξίαν
2282 5779 2559 5849 αἱρετικὴν
2581 5776 2990 5845 ὀλοθρεύονσαν,
3016 5773 3106 5829 καὶ
3128 5775 3234 5827 τῶν
3251 5775 3348 5842 τῆς
3375 5770 3532 5838 ἁγίας
3557 5766 3712 5838 ἡμῶν
