4058 6190
313 264 457 332 3139

1230 276 1598 343 EPISTULA
1658 282 2024 343 SYNODICA
2087 281 2184 341 AD
2248 279 2589 339 SEilGlUM
2621 280 2722 340 ΟΡ.

3429 283 3585 346 319ῦ

313 382 611 450 καθολικῆς
646 381 968 453 Ἐκκλησίας
1004 383 1420 459 θεοφρουρήτων
1441 393 1620 446 αὐλῶν
1651 396 1889 450 ἀπελαύ-

1999 395 2062 448 ab
2088 410 2116 447 a
2154 393 2262 447 Deo
2287 394 2575 447 custoditis
2603 393 2758 446 atriis
2806 399 3008 446 nostrae
3053 399 3256 446 sanctrr
3289 393 3573 448 catholicze

316 471 543 522 vobaav.
580 469 714 522 Μεθ’
745 467 813 542 ἦς
846 470 1032 524 ἐνθέου
1068 474 1346 547 συλλαϐῆς
1379 481 1473 532 καὶ
1515 483 1890 553 χαράγματος,

320 562 420 614 καὶ
457 562 636 623 πάσας
669 562 835 615 αὑτοῦ
864 563 963 626 τὰς
987 566 1273 630 ἐπιστολὰς
1302 570 1396 623 καὶ
1421 573 1490 624 τὰ
1520 572 1786 643 δόγματα,
1818 575 1893 639 ὡς

314 652 383 705 ὲκ
422 652 689 720 στόματος
718 655 974 722 προϊόντα
997 656 1203 727 Πέτρου
1230 660 1324 712 τοῦ
1380 665 1679 731 κορυφαίου
1718 683 1892 736 προσ-

318 740 476 810 ίεμαι
506 742 600 794 καὶ
639 744 922 811 καταφιλῶ
948 748 1042 800 καὶ
1069 748 1408 820 ἀσπάζομαι,
1446 754 1540 805 καὶ
1569 754 1718 825 πὰσῃ
1747 756 1890 828 ψυχῇ

288 833 788 919 ξπεριπτύσσομαι.
824 836 1031 899 Ταῦτα,
1065 837 1247 901 καθὼς
1285 844 1567 909 προεῖπον,
1607 845 1892 916 δεχόμενος

317 924 386 976 τὰ
420 923 544 994 ἱερὰ
572 924 734 977 πέντε
758 924 869 977 τῶν
900 927 1184 997 μακαρίων
1216 930 1473 1000 Πατέρων
1499 933 1594 987 καὶ
1619 933 1739 988 θεῖα
1764 952 1892 990 σνν-

322 1014 475 1085 έδρια
496 1056 510 1077 ,
548 1016 639 1068 καὶ
674 1016 742 1070 τὰ
787 1017 1058 1088 Κυρίλλου
1104 1021 1281 1074 πάντα
1306 1022 1402 1075 τοῦ
1453 1026 1728 1094 πανσόφου
1758 1043 1893 1095 συγ-

321 1106 648 1175 γράμματα,
681 1108 778 1160 καὶ⁵
808 1107 1044 1179 μάλιστα
1070 1110 1210 1163 κατὰ
1238 1112 1341 1179 τῆς
1367 1112 1662 1185 Νεστορίου
1695 1118 1923 1186 μανίας-

316 1198 607 1267 γενόμενα,
656 1199 751 1252 καὶ
780 1201 881 1270 τὴν
906 1200 1016 1252 τῶν
1060 1200 1397 1256 ἀνατολικῶν
1445 1205 1727 1276 προέδρων
1761 1209 1891 1262 συλ-

316 1290 491 1360 λαϐὴν
509 1291 609 1361 τὴν
634 1291 771 1360 πρὸς
800 1292 964 1345 αὑτὸν
997 1295 1304 1363 γραφεῖσαν
1335 1296 1429 1348 τὸν
1471 1295 1745 1351 θειότατον
1777 1301 1892 1353 Κύ-

318 1378 524 1448 ριλλον,
568 1382 663 1434 καὶ
710 1383 842 1451 παρ’
888 1383 1054 1437 αὐτοῦ
1100 1385 1543 1455 μαρτυρηθείσαν
1587 1388 1889 1459 ὀρθόδοξον,

316 1468 421 1520 ὃσα
453 1486 512 1521 τε
540 1470 694 1523 Λέων
718 1473 746 1523 6
771 1471 870 1539 τῆς
908 1472 1195 1541 Ῥωμαίων
1215 1474 1527 1545 ἁγιωτάτης
1568 1478 1893 1550 Ἐκκλησίας

317 1559 517 1627 νομεὺς
564 1558 868 1626 ἁγιώτατος
912 1562 1178 1632 γέγραφε,
1218 1566 1313 1617 καὶ
1351 1566 1587 1635 μάλιστα
1622 1571 1765 1624 κατὰ
1789 1572 1892 1642 τῆς

316 1647 662 1719 Εὑτυχιανῆς
722 1651 819 1702 καὶ⁵
860 1651 1233 1725 Νεστοριανῆς
1282 1655 1564 1729 βδελυρίας
1596 1662 1853 1728 συνέταξε
1871 1680 1900 1699 ο-

314 1737 495 1791 ταῦτα
537 1740 635 1805 μὲν
669 1739 745 1802 ὡς
777 1740 1008 1812 Πέτρου,
1043 1745 1227 1799 ἐκεῖνα
1265 1746 1321 1799 δὲ
1350 1749 1427 1812 ὡς
1457 1751 1687 1824 Μάρκου
1731 1755 1895 1822 de:-
1928 1770 1966 1825 Β

318 1847 439 1885 σκω
472 1831 765 1902 ὁρίσματα.
798 1834 874 1886 Οὐ
906 1834 1012 1906 μὴν
1040 1836 1177 1892 ἀλλὰ
1212 1840 1305 1894 καὶ
1335 1842 1514 1897 πάντα
1545 1844 1761 1900 πάντων
1785 1849 1904 1902 τῶν.

315 1921 419 1990 τῆς
442 1920 741 1990 καθολικῆς
765 1926 796 1992 ὴ
806 1924 923 1994 μῶν
956 1926 1280 1998 Ἐκκλησίας
1298 1913 1577 2002 ἐκκρίτων
1607 1952 1896 2007 μυσταγω-

317 2009 432 2078 γῶν
465 2009 699 2080 θεόσοφα
738 2011 1070 2083 διδάγματα,
1096 2017 1208 2070 είτε
1237 2019 1295 2071 ὲν
1325 2018 1507 2088 λόγοις
1546 2041 1606 2076 τε
1640 2026 1735 2077 καὶ
1762 2044 1893 2093 συγ-

317 2098 669 2168 γράμμασιν,
712 2102 821 2155 εττε
865 2105 933 2155 ὲν.
966 2104 1284 2171 ἐπιστολαῖς
1335 2126 1446 2163 τισι
1486 2116 1889 2188 περιείληπται.

317 2188 431 2261 Καί
466 2189 770 2263 συλλήδδην
790 2195 986 2258 είπείν,
1020 2195 1237 2252 ἅπαντα
1264 2199 1492 2272 δέχομαι
1526 2208 1621 2258 καὶ
1649 2209 1892 2272 ἀσπάζου

318 2296 441 2348 μαι,
471 2282 738 2354 ὅσαπερη
767 2285 897 2353 ἁγία
922 2285 1185 2359 καθολικὴ
1212 2290 1370 2360 ἡμῶν
1404 2292 1699 2365 Ἐκκλησία
1725 2317 1894 2369 προσ-

318 2370 487 2425 ίεταιο
540 2373 634 2425 καὶ
688 2374 866 2428 πάντα
913 2375 1217 2448 τοῦμπαλιν
1280 2382 1733 2457 ἀποστρέφομαι,
1798 2393 1893 2445 καὶ

318 2462 721 2532 ἁναθεματίζω,
758 2468 851 2519 καὶ
901 2467 1187 2539 λογίζομαι
1221 2470 1447 2543 βέϐηλα,
1490 2477 1591 2531 ὅσα
1629 2482 1722 2534 καὶ
1754 2483 1891 2553 αὑτὴ

318 2554 614 2623 πανσόφως
665 2555 1028 2625 βδελύττεται,
1074 2562 1170 2613 καὶ
1210 2566 1310 2631 τῆς
1351 2566 1563 2631 οίκείας
1612 2571 1892 2637 εὐσεϐείας

314 2645 531 2711 ἡγεῖται
586 2646 843 2713 πολέμια,
888 2649 949 2701 οὐ
983 2650 1147 2719 μόνον
1200 2653 1454 2723 βιϐλίδια,
1488 2658 1583 2711 καὶ
1626 2660 1889 2732 λογίδρια,

314 2737 409 2797 καὶ
443 2738 688 2807 θεομὰχα
723 2739 818 2791 καὶ
848 2742 1254 2813 παρέγγραπτα
1305 2745 1578 2815 δόγματα,
1609 2751 1747 2804 ἀλλὰ
1799 2756 1894 2806 καὶ

313 2829 570 2896 αἱρετικὰ
623 2831 718 2883 καὶ
775 2832 1078 2898 κακόδοξα,
1128 2837 1225 2889 καὶ
1271 2839 1579 2903 κακοδόξων
1628 2845 1893 2914 αἱρέσεων

314 2922 642 2991 ἡγησάμενα
681 2925 988 3001 πρόσωπαζ
1017 2929 1111 2982 καὶ
1164 2931 1297 2998 πρδς
1333 2934 1704 3008 πληροφορίαν
1735 2940 1893 3008 ἡμῶν

313 3013 726 3082 ἁπαρὰλειπτον
761 3018 899 3070 αὑτὰ
929 3017 1288 3091 διαρθροῦμαι
1319 3025 1388 3077 τὰ
1427 3028 1714 3097 πρόσωπα,
1748 3030 1891 3102 ἁπερ

2031 482 2289 537 Ecclesia:
2321 482 2682 552 cll‘ngantem:
2719 499 2840 534 rum
2883 497 2989 551 qua
3034 480 3217 536 divina
3259 484 3486 552 syllaba,
3518 492 3573 537 et

2000 573 2306 642 scriptura,
2342 582 2395 625 rt
2449 583 2676 626 cunctas
2716 574 2835 641 ejus
2869 572 3149 640 epistolas,
3194 580 3246 627 et
3297 574 3571 649 dogmata,

1992 673 2261 732 tanquam
2310 663 2515 731 prolata
2568 679 2634 716 ex
2659 677 2753 716 ore
2808 660 2951 715 Petri
2989 663 3253 732 principis
3290 662 3573 732 apostolo-

2000 767 2145 825 rum,
2178 753 2496 821 amplector,
2530 762 2582 806 et
2610 752 2947 821 perosculor,
2974 762 3027 806 ct
3070 767 3326 816 veneror,
3368 761 3421 806 et
3454 752 3573 805 ani-

2001 855 2087 892 ma
2118 845 2231 893 tota
2265 839 2621 908 complector.
2676 838 2820 904 Hinc,
2851 840 2995 893 sicut
3025 839 3273 909 przcdixi,
3302 854 3481 902 sacra,
3516 849 3572 895 et

2000 928 2184 982 divina
2237 928 2480 997 quinque
2550 926 2994 981 beatissimorum
3061 926 3283 981 Patrum
3335 928 3569 982 concilia

2002 1017 2336 1086 suscipiens,
2368 1017 2663 1085 omniaque
2687 1017 3027 1087 conscripta,
3053 1019 3359 1085 praesertim
3383 1016 3570 1088 Cyrilli

1999 1109 2417 1178 sapientissimi,
2460 1124 2580 1177 quae
2604 1116 2798 1162 contra
2831 1108 3063 1164 Nestorii
3108 1111 3377 1166 insaniam
3431 1110 3569 1165 facta

2002 1207 2151 1265 sunt,
2188 1210 2241 1254 et
2276 1199 2565 1269 epistolam
2602 1199 2955 1253 orientalium
3004 1201 3411 1271 episcoporum,
3450 1217 3571 1272 qua:

2000 1291 2066 1344 ad
2096 1288 2350 1344 eumdem
2376 1288 2623 1343 divinum
2648 1288 2910 1359 Cyrillum
2944 1292 3151 1361 scripta
3190 1301 3298 1355 est,
3327 1307 3490 1362 quam
3516 1304 3585 1348 et-

2001 1380 2117 1449 ipse
2152 1378 2515 1434 orthodoxam
2560 1394 2684 1434 esse
2729 1389 2963 1435 testatus
3017 1391 3124 1444 est,
3183 1397 3412 1451 qumque
3463 1382 3571 1437 beo

2000 1471 2365 1527 sanctissimae
2404 1468 2665 1524 Romamn
2706 1470 2964 1527 Ecclesia?
3014 1473 3404 1528 sanctissimus
3463 1473 3574 1529 dis-

2002 1570 2264 1632 pensator
2326 1562 2543 1627 scribit,
2573 1571 2626 1616 et
2666 1563 3039 1631 maximequa:
3061 1573 3253 1618 contra
3276 1555 3575 1634 Eulycltia-

2000 1665 2126 1705 nam
2152 1659 2206 1707 et
2248 1649 2631 1707 Nestorianam
2681 1651 3117 1723 profanationem
3154 1654 3422 1722 scripsit:
3459 1657 3591 1710 hzce~

1999 1744 2215 1814 quidem
2251 1753 2310 1797 ut
2355 1742 2523 1809 Petri,
2572 1744 2673 1797 illa
2720 1759 2848 1799 vero
2896 1754 2954 1798 ut
3007 1744 3173 1799 Marci
3228 1745 3574 1801 deﬁnitiones

2001 1851 2280 1906 agnosco;
2315 1851 2427 1891 nec.
2445 1852 2554 1891 non
2615 1845 2670 1891 et
2704 1837 2887 1890 omnia
2937 1838 3180 1892 omnium
3229 1850 3429 1893 nostra:
3476 1853 3572 1893 ca-

2003 1928 2219 1982 tholicae
2266 1927 2521 1983 Ecclesia:
2552 1928 2918 1996 probabilium
2958 1930 3353 1983 instructornm
3384 1946 3411 1984 a
3464 1932 3572 1986 Deo

1999 2016 2269 2071 instructa
2302 2016 2638 2085 didagmata,
2669 2032 2768 2071 seu
2808 2019 2861 2071 in
2896 2018 3080 2073 verbis
3103 2028 3155 2073 ct
3179 2020 3423 2087 scriptis,
3457 2021 3572 2075 sive

2002 2108 2056 2160 in
2093 2107 2349 2174 epistolis
2379 2106 2724 2175 quibuslibet
2752 2109 3213 2177 comprehensum
3252 2121 3357 2163 est.
3397 2112 3478 2173 Et,
3513 2122 3571 2182 ut

2001 2201 2271 2254 concinne
2315 2200 2515 2261 dicam,
2567 2207 2765 2253 cuncta
2825 2201 3088 2269 suscipio,
3140 2211 3193 2254 et
3254 2204 3572 2271 amplector,

2000 2302 2229 2356 quaeque
2261 2295 2453 2340 sancta
2480 2286 2752 2340 catholica
2784 2298 2969 2340 nostra
3005 2287 3250 2342 Ecclesia
3288 2291 3519 2359 suscipit
3554 2310 3569 2343 :

2000 2386 2053 2433 et
2092 2385 2290 2431 cuncta
2336 2393 2367 2431 e
2402 2377 2623 2447 regione
2671 2376 2871 2440 refuto,
2922 2387 3088 2447 atque
3146 2380 3567 2446 anathematizo,

1999 2476 2055 2520 et
2086 2465 2312 2535 profana
2343 2480 2465 2520 esse
2505 2474 2716 2535 reputo,
2745 2473 3013 2534 quotquot
3036 2475 3091 2520 et
3125 2469 3243 2536 ipsa
3297 2469 3574 2538 sapienter

2001 2557 2367 2621 abominetur,
2400 2566 2454 2612 et
2486 2558 2716 2626 propriae
2767 2559 2952 2627 pietati
2994 2560 3228 2613 aestimat
3264 2576 3387 2615 esse
3434 2576 3572 2614 con-

2001 2648 2194 2709 traria,
2251 2663 2358 2701 non
2411 2650 2586 2702 solum
2639 2648 2925 2702 codicillos
2962 2660 3013 2703 et
3065 2651 3307 2713 verhnla,
3358 2660 3413 2704 et
3464 2634 3574 2705 Deo

2001 2740 2382 2809 repugnantia,
2421 2748 2475 2793 ct
2528 2740 2733 2809 privata
2785 2739 3020 2813 [spuria]
3052 2743 3328 2812 dogmata,
3389 2744 3482 2798 sed
3519 2753 3573 2798 et

2001 2833 2286 2888 haereticas
2324 2840 2378 2886 et
2408 2832 2724 2895 maledicas,
2764 2832 3262 2904 maledicartlntque
3291 2847 3567 2890 sectarum

1998 2927 2272 2980 doctrices
2304 2937 2588 2993 persooas.
2648 2922 2711 2974 Et
2753 2933 2811 2975 ut
2840 2924 2973 2976 nihil
3025 2926 3169 2979 desit
3224 2926 3290 2978 ad
3333 2935 3570 2980 vestram

2000 3017 2454 3078 satisfactionem,
2513 3016 2663 3084 ipsas
2713 3029 2932 3084 quoque
2981 3031 3246 3084 personas
3301 3019 3569 3087 exprime,

314 3106 702 3175 ἁναθεματίξω
742 3109 837 3162 καὶ
884 3110 1147 3181 ποιοῦμαι
1190 3115 1518 3187 κατάκριτα,
1567 3120 1631 3171 οὐ
1677 3122 1891 3196 γλώττῃ

1999 3126 2138 3180 quas
2167 3108 2592 3170 anathematizo,
2631 3113 2686 3160 et
2716 3106 3111 3162 condemnatas
3142 3108 3315 3163 eﬂicio
3346 3124 3450 3163 non
3475 3109 3574 3164 lin-

317 3198 483 3267 μόνον
514 3199 608 3251 καὶ
637 3199 887 3268 στόματι,
923 3199 1060 3255 ἀλλὰ
1092 3204 1187 3256 καὶ
1216 3204 1418 3276 καρδίᾳ
1460 3208 1553 3260 καὶ
1594 3210 1888 3281 πνεύματι,

312 3289 388 3351 ὡς
413 3289 516 3357 τῆς
540 3290 701 3358 ἁγίας
741 3294 835 3345 καὶ
861 3293 1159 3365 καθολικῆς
1198 3295 1357 3364 ἡμῶν
1391 3297 1625 3362 πίστεως
1659 3300 1893 3371 ὀφθέντα

313 3381 404 3433 διὰ
426 3383 646 3435 πάντων
672 3384 954 3438 ἐπίϐουλα.

398 3472 676 3541 ’Δνὰθεμα
716 3475 897 3527 τοίνυν
936 3477 1114 3529 είσαεὶ
1165 3479 1257 3531 καὶ
1293 3480 1599 3550 κατάθεμα,
1648 3484 1755 3536 ἀπὸ
1792 3483 1893 3552 τῆς

326 3561 478 3626 ἁγίας
513 3565 607 3616 καὶ
635 3567 918 3633 ὁμοουσίου
954 3569 1050 3621 καὶ
1080 3572 1460 3642 προσκυνητῆς
1492 3574 1746 3643 Τριὰδος,
1780 3578 1893 3628 Πα-

319 3653 441 3721 τρὸς
466 3693 481 3716 ,
504 3654 601 3706 καὶ
623 3654 752 3708 Υίοῦ
771 3697 786 3721 ,
820 3657 914 3709 καὶ
941 3659 1094 3726 ἁγίου
1116 3661 1426 3730 Πνεύματος
1455 3664 1717 3725 ἔστωσαν,
1746 3666 1895 3736 πρῶ-

313 3761 406 3797 τον
440 3746 539 3815 μὲν
572 3748 749 3818 Σίμων
775 3751 802 3801 6
830 3752 1038 3818 Μάγος,
1072 3754 1100 3805 ό
1153 3754 1341 3807 πασῶν
1378 3757 1590 3825 πρῶτος
1623 3757 1893 3811 κακίστων

313 3838 591 3900 κικίστως
619 3840 785 3910 ἄρξας
806 3842 1087 3912 αἱρέσεωνο
1106 3844 1224 3913 μεθ’
1241 3846 1300 3898 ὃν
1328 3847 1423 3900 καὶ
1445 3847 1723 3911 Κλεόσιος,
1749 3848 1892 3902 Μέν-

316 3929 537 3998 ανδρος,
591 3931 838 4019 Φίλητος,
888 3932 1242 4004 Ἑρμογένης,
1297 3937 1642 4009 Ἀλέξανδρος
1680 3941 1709 3991 6
1754 3940 1895 3993 Χαλε-

312 4020 469 4082 κεὺς,
522 4021 807 4087 Δοσίθεος,
852 4024 1112 4093 Γόρθεος,
1171 4027 1518 4097 Σατορνῖνος,
1554 4028 1888 4095 Μασϐόθεος,

322 4110 624 4181 Ἀδριανὸς,
670 4112 1008 4185 Βασιλείδης,
1051 4116 1321 4187 Ἰσίδωρος
1363 4120 1391 4170 6
1430 4118 1622 4172 τούτου
1657 4121 1771 4183 υίὸς
1798 4122 1894 4174 καὶ

306 4205 415 4270 τὴν
447 4203 647 4271 μανίαν
674 4205 992 4276 ὑπέρτερος,
1034 4209 1245 4275 Ἐὁίων,
1280 4211 1711 4281 Καρποκρὰτης,
1743 4214 1894 4265 Ἐπι-

308 4291 512 4361 φανὴς,
560 4294 838 4363 Πρόδικος,
874 4296 1146 4365 Κήρινθός
1181 4314 1242 4350 τε
1289 4300 1384 4352 καὶ
1417 4300 1715 4371 Μήρινθος,
1751 4303 1891 4355 Οὐα-

306 4382 572 4447 λεντίνος,
618 4384 908 4455 Φλωρῑνος,
941 4386 1198 4451 Βλαστὸς,
1235 4390 1536 4460 Ἀρτέμων,
1580 4392 1890 4459 Σεκοῦνδος,

311 4472 652 4535 Κασσιανὸς,
674 4448 947 4539 Θεόδοτος,
991 4448 1333 4548 Ἡρακλέων,
1358 4448 1715 4552 Πῑτολειμαῖος,
1733 4448 1897 4551 Mdg;
1917 4448 1971 4507 D

310 4577 433 4624 κος,
469 4563 835 4633 Κολορὸἁσος,
885 4567 1101 4633 Ἀδέμις
1139 4570 1168 4621 ὀ
1201 4570 1533 4639 Καρύστιος,
1579 4572 1829 4637 Θεόδοτος
1862 4577 1891 4628 6

312 4652 580 4715 σκυτεὺς,
630 4653 882 4718 Θεόδοτος
938 4657 1146 4729 ἔτερος,
1192 4660 1482 4732 Εὐφράτης
1527 4665 1555 4716 6
1601 4664 1890 4735 Ιισρσικὸς,

309 4740 587 4808 Μονόῖμος
618 4741 649 4793 δ
685 4742 885 4812 Ἄραψ,
935 4745 1296 4817 Ἑρμογένης,
1336 4750 1598 4816 Τατιανὸς
1632 4753 1661 4803 ὁ
1698 4753 1890 4825 Σύρος,

312 4831 576 4900 Sani-‘90.;
644 4836 1116 4905 ’Λσκληπιόδοτος,
1166 4840 1544 4912 Βαρδησὰνης,
1609 4844 1894 4914 Ἀρμόνιος

310 4923 340 4973 6
368 4921 561 4976 τούτου
599 4924 713 4987 υίὸς
748 4926 839 4977 καὶ
884 4926 983 4997 τὴν
1027 4928 1237 4997 πλάνην
1284 4930 1595 5001 ἰσόρροπος,
1636 4933 1894 5004 Ἐρμόερι-

312 5013 441 5075 λος,
495 5014 751 5083 Κέρδων,
804 5018 1127 5089 Σακέρδων,
1193 5022 1456 5091 Μαρκίων
1514 5026 1542 5076 6
1600 5025 1897 5087 Ποντικὸς,

326 5102 617 5173 Ἀπελλῆς,
663 5105 1078 5179 Ἀπολλωνίδης,
1109 5112 1352 5175 ΙΙότιτος,
1401 5114 1653 5184 Πρέπων,
1687 5116 1903 5179 Πίθων,.

310 5195 571 5264 Συνερδς,
624 5198 875 5262 Θεόδοτος
925 5204 953 5254 6
1000 5200 1359 5272 τραπεζίτης,
1410 5206 1708 5272 Μοντανὸς,
1760 5210 1891 5277 Πρί-

310 5287 510 5341 σκιλλά
541 5306 595 5340 τε
632 5290 726 5343 καὶ
747 5292 1059 5362 Μαξίμιλλα
1089 5296 1143 5349 αἱ
1169 5295 1362 5348 τούτου
1397 5298 1684 5365 μανιώδεις
1717 5300 1893 5369 μαθή·

305 5394 480 5450 τριαι,
530 5381 727 5447 Νέπος,
792 5383 1087 5448 Ἐλκεσέως
1117 5388 1185 5451 ³³,
1246 5388 1565 5457 Ὠριγένης,
1612 5391 1891 5462 Ὠριγένης

1993 3219 2099 3273 gua
2144 3210 2353 3256 tantum
2385 3209 2438 3254 et
2488 3213 2604 3264 ore,
2648 3198 2740 3252 sed
2785 3198 2949 3254 corde
2997 3208 3052 3254 et
3108 3199 3323 3269 spiritu,
3387 3208 3572 3271 utpote

1994 3309 2118 3363 quae
2140 3303 2348 3347 sancta:
2374 3284 2658 3345 catholicae
2683 3297 2888 3344 nostra:
2924 3289 3051 3344 ﬁdei
3084 3291 3138 3344 in
3200 3292 3456 3345 omnibus
3492 3291 3575 3345 in-

1995 3385 2260 3439 sidiantes
2294 3391 2708 3438 ostensio-sunt.

2065 3475 2368 3529 Anathema
2430 3474 2615 3544 itaque
2651 3474 2706 3527 in
2760 3484 3063 3545 perpetum,
3094 3483 3147 3529 et
3204 3476 3506 3530 calatheina
3538 3490 3568 3529 a

1996 3575 2187 3621 sancta
2245 3571 2300 3620 et
2356 3565 2817 3620 consubstantiali
2859 3574 2915 3620 et
2952 3566 3233 3619 adoranda
3294 3548 3594 3621 Trinitate'

1996 3660 2177 3726 l’atre,
2212 3669 2266 3714 et
2288 3658 2446 3725 Filio,
2475 3668 2530 3713 et
2561 3657 2769 3728 Spiritu
2798 3667 2991 3714 sancto
3022 3660 3153 3723 sint,
3187 3661 3420 3728 primum
3446 3660 3571 3731 qui-

1995 3753 2116 3807 dem
2170 3752 2360 3807 Simon
2414 3751 2621 3823 Magus,
2654 3752 2746 3823 qui
2782 3752 2992 3821 primus
3048 3752 3302 3823 pessimis
3348 3752 3567 3807 hazrcsi-

1996 3845 2099 3900 bus
2154 3845 2424 3914 pessimus
2468 3844 2844 3913 principiavit;
2890 3852 3012 3914 post
3062 3860 3223 3914 quem
3289 3845 3567 3910 Cleobins,

1998 3935 2314 3998 Menander,
2341 3936 2603 3999 Pbiletus,
2643 3934 3037 4005 Hermogenes,
3070 3935 3379 4006 Alexander
3408 3935 3568 3989 Adra-

1993 4032 2130 4089 rius,
2158 4027 2470 4091 Dositheus,
2499 4028 2790 4094 Gortheus,
2818 4028 3172 4089 Saturninus,
3195 4028 3565 4090 Masbotheus,

1997 4119 2324 4183 lladrianns,
2358 4119 2645 4183 Basilides,
2679 4121 2932 4177 lsidorus
2967 4122 3089 4191 ejus
3135 4122 3298 4187 lilins,
3333 4133 3386 4176 ct
3419 4121 3569 4175 furo-

1996 4225 2055 4264 re
2078 4212 2349 4280 superior,
2381 4210 2575 4275 Ebion,
2605 4210 2990 4280 Carpocrates,
3046 4209 3377 4279 Epiphanes,
3402 4266 3405 4267 ν
3429 4209 3566 4262 Pro-

1996 4298 2152 4354 dicus
2204 4298 2629 4369 Cerinthusqne,
2654 4308 2707 4354 et
2735 4299 3055 4363 Merinthus,
3091 4298 3431 4364 Valentinus,
3452 4298 3569 4353 Floo

1978 4390 2173 4459 rimis,
2237 4390 2473 4454 Blastus,
2534 4390 2827 4454 Artemon,
2886 4391 3193 4453 Secundus,
3246 4388 3565 4449 Cassianus,

1997 4477 2339 4543 Theodotus,
2370 4478 2699 4545 lleracleon,
2735 4480 3078 4543 Ptolemwns,
3111 4479 3346 4545 Marcus,
3376 4481 3567 4534 Color-
3606 4548 3607 4551 η

2000 4572 2190 4635 basus,
2255 4568 2480 4625 Ademis
2534 4568 2923 4641 Carystiensis,
2983 4570 3298 4625 Theodotus
3354 4569 3570 4641 [Cerdo

1996 4658 2322 4731 Coriarius]
2377 4662 2626 4730 Scytens,
2688 4661 3002 4716 Theodotus
3053 4661 3211 4726 alter,
3258 4661 3568 4730 Euphrates

1999 4751 2278 4818 Persicus,
2341 4750 2645 4807 Monoimns
2674 4752 2871 4815 Arabs,
2937 4751 3325 4821 Hermogenes,
3382 4750 3567 4804 Tatia-

2003 4858 2105 4896 ntts
2137 4841 2331 4912 Syrus,
2394 4844 2650 4903 Severus,
2712 4842 3151 4910 Asclepiodotus,
3207 4843 3567 4908 Bardcsancs,

2002 4932 2334 4987 llarmonius
2367 4933 2484 5001 rjus
2527 4932 2690 4995 lilius,
2722 4941 2778 4985 ct
2803 4948 2992 4987 errore
3043 4934 3368 4998 consimilis,
3429 4929 3566 4985 Iler-

2001 5026 2297 5097 tnophilus,
2342 5025 2578 5090 Cet'don,
2629 5025 2930 5088 Sacerdon,
2989 5024 3222 5079 Marcion
3286 5025 3564 5086 Ponticus,

2000 5118 2235 5186 Apelles,
2293 5116 2659 5184 Apollonides,
2713 5113 2945 5178 Potitus,
3027 5114 3257 5184 l’repon,
3348 5114 3562 5174 Pithon,

2000 5207 2316 5263 Theodotus
2352 5205 2679 5278 [Syriacus]
2712 5204 3019 5273 Trapezita,
3052 5204 3366 5264 Montanus,
3418 5202 3566 5255 Pris-

2000 5301 2258 5368 cillaqne,
2309 5305 2363 5351 et
2428 5295 2719 5350 Maximilla
2779 5295 2941 5365 hujus
2999 5296 3216 5349 furiosa:
3263 5295 3565 5362 discipnlsr,

1999 5392 2196 5461 Nepos,
2242 5385 2863 5458 llclt:t'seus,01igcnes,
2896 5386 3032 5438 alter
3073 5384 3336 5452 Origenes
3369 5387 3461 5454 qui
3516 5390 3573 5438 et.

1632 5568 1862 5624 \"Alllﬂ’.
1900 5566 2303 5623 LEC'I‘lONES.

382 5647 427 5679 ³¹
457 5648 502 5705 L
565 5653 749 5707 Ἐλκῖο
789 5654 867 5718 ὐ;.
899 5654 953 5709 F.
999 5659 1165 5713 seiib.
1203 5660 1530 5724 Ἰἰλκ;σαίος.

1942 5803 1979 5817 -
