4022 6206
398 349 533 414 3191

1292 357 1354 417 S.
1379 355 1796 417 SOPHRONII
1818 358 2324 419 ΡΑΤΒΙΑΒΟΗᾸΞ
2354 360 2757 420 IIIEROSOL.

3521 353 3663 419 3192

400 456 781 522 Adamantius,
834 462 1114 518 Sabellius
1170 464 1431 535 Libycus.
1471 466 1737 532 Novatus,
1781 467 1971 521 Paulus

2085 467 2273 535 ἕτερος
2311 468 2339 520 6
2370 468 2465 521 καὶ
2507 467 2884 537 ’Λδαμάντιος,
2916 468 3206 530 Σαϐἐλλιος
3252 468 3282 519 6
3327 465 3514 529 Λίϐυς,
3553 465 3661 519 No-

314 594 337 621 ,ἦ
402 545 822 612 Satnosatenus,
848 548 1147 619 Epigenus,
1180 549 1525 619 Cleomenes,
1556 554 1768 609 Noetus
1797 553 1980 623 Smyr-

399 639 611 703 nensis,
639 637 845 705 Manes,
874 641 961 693 cui
994 641 1148 710 impii
1184 641 1388 697 luroris
1417 658 1747 715 cognomen,
1803 642 1978 698 Saba-

397 729 533 789 tius,
566 728 752 791 Arius,
792 726 1060 793 Meletius,
1100 731 1307 795 Actius,
1343 729 1669 796 Eunomius,
1707 732 1976 796 Asterius,

400 818 699 885 Eudoxius,
735 820 1011 885 Donatus,
1043 821 1422 887 Macedonius,
1459 824 1552 894 qui
1586 832 1781 877 saneto
1827 824 1976 878 relu«

396 912 579 963 ctatus
608 920 695 966 est
725 910 977 981 Spiritui,
1009 922 1065 967 et
1110 912 1595 969 Pneumatomachi
1655 915 1977 985 appellatio-

398 1011 522 1051 nem
548 998 769 1066 dignam
800 999 1036 1066 accepit,
1076 1000 1451 1069 Apollinarius
1502 1000 1885 1065 Laodicensis,
1911 1007 1967 1054 et

397 1088 520 1158 ejus
557 1089 703 1145 lilius
744 1090 1145 1159 Apollinarius,
1180 1091 1436 1163 Magnus,
1487 1094 1777 1158 Polemon,
1812 1092 1973 1146 Pela-

396 1178 540 1246 gius.
569 1178 886 1243 Cretestius,
916 1179 1192 1248 Julianus,
1214 1182 1459 1251 ejusdem
1489 1183 1690 1237 furoris
1716 1183 1977 1239 defenso-

395 1281 510 1333 res,
527 1265 848 1323 Theodorus
875 1268 1309 1340 Mopsuestenus,
1325 1281 1380 1327 et
1395 1271 1678 1328 Nestorius
1699 1272 1854 1328 [tedae
1879 1288 1978 1328 an-

395 1357 773 1427 thropolatriae
797 1360 1091 1417 tardissimi
1116 1362 1523 1431 praedicatores,
1545 1362 1722 1433 Cyrus
1745 1362 1977 1419 etJoan-

398 1461 499 1501 nes
531 1445 755 1514 Cilices,
788 1450 1039 1518 ejusdem
1072 1450 1374 1520 impietatis
1401 1453 1554 1523 impii
1585 1453 1971 1524 productores,

395 1535 694 1608 Eutyches,
731 1540 1032 1597 Dioscorus
1066 1541 1386 1614 Eutychetis
1415 1545 1695 1611 defensor,
1731 1555 1786 1600 et
1816 1547 1979 1600 advo-

394 1632 550 1681 catus
606 1625 924 1694 Barsumas,
987 1630 1215 1695 Zooras,
1279 1631 1600 1689 Timotheus
1647 1635 1741 1705 qui
1774 1636 1977 1690 dicitur

394 1713 646 1782 ASIurus,
700 1717 896 1774 Petrus
949 1719 1205 1791 Moggus,
1246 1723 1299 1777 id
1322 1730 1427 1790 est,
1474 1723 1716 1789 Balbus;
1750 1736 1803 1780 et
1835 1726 1975 1781 Aca-

2089 556 2275 620 ϐᾶτος,
2316 556 2524 620 Παῦλος
2558 559 2585 609 6
2611 559 2676 609 ὲκ
2704 555 3377 625 Σαμοσάτων,Ἑπίγενος,
3410 555 3660 624 Κλεομέ-

2087 664 2204 715 νης,
2235 648 2446 712 Νὸητος
2483 649 2512 700 6
2557 648 2879 717 Σμυρναῖος,
2913 650 3105 717 Μάνης
3137 651 3166 702 6
3197 649 3295 717 τῆς
3336 648 3500 701 ἀθέου
3555 665 3659 717 μα-

2085 740 2204 801 νίας
2262 736 2588 808 ἐπώνυμος,
2656 737 2996 802 Σαϐϐάτιος,
3059 740 3313 809 Ἀρειος,
3367 736 3659 800 Μελέτιος,

2097 830 2328 893 Ἀέτιος,
2382 829 2668 897 Εὐνόμιος,
2727 829 3029 899 Ἀστέριος,
3080 829 3355 896 Εὐδὸειος,
3406 832 3657 893 Δονᾶτος,

2084 919 2433 982 Μακεδόνως,
2476 920 2505 972 6
2563 920 2641 989 τῷ
2704 920 2847 989 ἁγίῳ
2907 922 3285 991 μαχεσάμενος
3349 923 3656 993 Πνευματι,

2085 1012 2178 1066 καὶ
2213 1011 2678 1080 Πνευματομάχου
2711 1011 3085 1081 προσηγορίαν
3119 1011 3277 1075 ἀξίαν
3325 1013 3617 1082 δεξάμενος
3639 1030 3656 1046 ο

2097 1102 2499 1171 Ἀπολλινάριος
2526 1104 2555 1155 6
2580 1100 2898 1168 Λαοδικεὺς,
2923 1104 3019 1155 καὶ
3047 1104 3076 1154 6
3102 1102 3292 1156 τούτου
3322 1104 3438 1167 υίὸς
3471 1106 3661 1159 Ἀπολ-

2084 1194 2345 1265 ὶινάριος,
2393 1193 2637 1261 Μάγνος,
2693 1192 2975 1263 Πολέμων,
3019 1194 3332 1258 Κελέστιος,
3373 1196 3657 1263 Πελάγιος,

2097 1284 2404 1350 Ἰουλιανὸς,
2435 1286 2486 1338 οἱ
2514 1287 2615 1354 τῆς
2637 1284 2808 1354 αὐτῆς
2844 1286 3045 1354 μανίας
3072 1284 3387 1355 ὑπέρμαχοι
3406 1303 3420 1317 ο
3454 1286 3659 1340 Θεόδω-

2088 1393 2177 1445 ρος
2214 1377 2243 1428 6
2289 1374 2693 1444 Μοψουεστίας,
2737 1374 2834 1427 καὶ
2881 1374 3199 1447 Νεστόριος,
3232 1377 3282 1428 oi
3308 1375 3410 1446 τῆς
3456 1366 3660 1447 μιαρᾶς

2083 1465 2596 1536 ἁνθρωπολατρείας
2653 1462 2987 1536 μιαρώτατοι
3034 1466 3315 1534 κήρυκεςο
3369 1464 3552 1535 Κῦρός
3597 1481 3660 1517 τε

2083 1559 2180 1611 καὶ
2220 1556 2476 1626 Ἰωάννης
2507 1557 2557 1608 oi
2588 1555 2832 1618 Κίλικες,
2861 1556 2910 1607 οἱ
2941 1554 3041 1622 τῆς
3066 1554 3237 1624 αὐτῆς
3272 1555 3460 1615 ἀθεῖας
3489 1554 3663 1609 ἀθεώ-

2083 1665 2237 1703 τατοι
2289 1647 2583 1719 πρόὸολοιυ
2632 1645 2900 1715 Εὑτυχὴς,
2953 1645 3248 1716 Διόσκορος
3294 1647 3324 1698 6
3376 1645 3661 1715 Εὑτυχέως

2084 1738 2499 1811 ὑπερασπιστὴς
2528 1736 2625 1790 καὶ
2659 1736 2984 1806 συνήγορος,
3032 1735 3354 1805 Βαρσουμᾶς
3376 1751 3389 1766 ’
3418 1734 3658 1804 Ζωόραῖ,

392 1806 534 1873 eius,
567 1809 657 1878 qui
690 1809 1024 1875 henoticum,
1059 1814 1111 1867 id
1158 1822 1268 1876 est.
1314 1814 1653 1889 [cenoticon]
1677 1820 1971 1874 vanitatem

2079 1806 2345 1903 Ttpt69eoc
2388 1832 2417 1884 6
2445 1806 2738 1900 λεγόμενος
2781 1826 3075 1897 Αῐλουρος⁸
3112 1826 3320 1895 Πέτρος
3365 1826 3396 1878 6
3441 1827 3661 1895 Μογγδς

397 1898 637 1956 Zenonis
683 1903 981 1959 machinati
1034 1917 1187 1971 sunt,
1247 1906 1568 1978 Lampetius
1621 1920 1813 1966 auctor
1872 1927 1974 1968 nec

392 1991 737 2047 nominandae
816 1993 1295 2053 Mareionistarum
1363 2000 1478 2069 (10)
1532 2001 1827 2066 haereseos,
1879 2001 1974 2056 Di-

391 2082 612 2152 dymus,
648 2090 704 2137 et.
734 2084 1003 2155 Evagrius
1029 2088 1373 2158 Origenianze
1418 2093 1677 2146 vanitatis
1699 2093 1860 2162 primi
1893 2110 1975 2150 se-

392 2173 625 2228 cretales
668 2172 980 2232 foedissitui.
1032 2179 1229 2235 Petrus
1262 2181 1437 2245 Fullo,
1474 2183 1566 2252 qui
1602 2183 1671 2238 ad
1711 2183 1970 2254 hymnum

392 2262 604 2333 trisagii
642 2278 865 2320 crucem
900 2281 1070 2323 ausus
1121 2279 1207 2324 est
1248 2278 1527 2339 coeptare.
1578 2270 1776 2327 Petrus
1813 2273 1971 2339 alter,

390 2352 684 2418 lbericutu,
734 2365 789 2411 et
848 2358 1097 2413 barbara:
1147 2361 1355 2417 mentis
1389 2364 1728 2433 contagium,
1785 2363 1974 2420 Esaias

388 2444 557 2515 hujus
587 2445 732 2501 Petri
775 2449 1006 2519 collega,
1037 2452 1129 2522 qui
1165 2452 1329 2506 aliam
1371 2454 1775 2523 Acephalorum
1834 2456 1974 2510 inter

388 2538 697 2607 Acephalos
744 2542 993 2596 hmresim
1054 2552 1519 2613 propagaverunt.
1572 2543 1710 2599 Cum
1771 2547 1972 2616 quibus

390 2632 675 2697 omnibus,
703 2641 757 2685 et
782 2648 891 2703 pra:
916 2636 1192 2699 omnibus,
1223 2643 1279 2689 et
1309 2644 1433 2704 post
1460 2650 1676 2699 omnes,
1706 2646 1758 2692 et
1784 2654 1973 2693 secun-

390 2724 520 2778 dum
564 2734 782 2788 otunes,
811 2733 866 2779 et
898 2739 1065 2794 super
1124 2741 1316 2780 omnes
1370 2729 1439 2779 sit
1472 2736 1528 2781 et
1564 2726 1799 2784 Severus
1838 2744 1972 2783 ana-

391 2816 601 2881 tbema,
635 2816 830 2870 horum
854 2816 1189 2872 saevissimus
1221 2817 1550 2887 discipulus,
1581 2820 1676 2889 qui
1714 2836 1827 2890 prae
1851 2837 1970 2877 om-

389 2907 554 2962 nibus
606 2908 899 2977 Acepbalis
961 2917 1070 2962 tam
1119 2910 1274 2965 novis
1321 2925 1492 2980 quam
1530 2914 1833 2979 veteribus,
1872 2915 1971 2971 de-

392 3007 734 3053 monstratus
760 3009 844 3053 est
891 3000 1311 3056 crudelissimus
1363 3013 1652 3072 tyrannus,
1679 3014 1734 3059 et
1767 3014 1972 3060 sancta:

390 3086 648 3142 Ecclesia:
679 3089 1410 3147 catholiczeimmanissimus
1434 3094 1713 3161 inimicus,
1734 3099 1971 3152 sanctis-

392 3182 656 3250 simaeque
675 3175 1033 3237 Antiocheam
1053 3185 1300 3240 ecclesia:
1326 3187 1538 3241 adulter
1565 3189 1968 3259 iniquissimus,

390 3281 449 3326 et
473 3282 768 3342 corruptor
799 3275 1184 3331 exsecrabilis.
1218 3274 1562 3335 Theodosius
1592 3296 1813 3351 quoque
1845 3284 1970 3336 Ale-

393 3361 729 3427 xandrinus,
758 3362 1054 3417 Anthimus
1104 3366 1526 3435 Trapezuntius.
1574 3367 1813 3427 Jacohus
1867 3372 1971 3443 Sy-

395 3468 512 3516 rus,
540 3451 793 3508 Julianus
841 3452 1321 3521 Halicarnasseus,
1346 3457 1745 3527 Felicissitnus,
1801 3462 1969 3534 Gaja-

394 3559 501 3599 nus
562 3544 990 3609 Alexandrinus,
1047 3562 1076 3599 a
1141 3549 1344 3617 quibus
1410 3549 1788 3621 Gajanitarum
1855 3556 1970 3609 sive

390 3634 803 3691 Julianistarnm
830 3638 1213 3706 superinventa
1262 3648 1345 3693 est
1376 3640 1624 3697 haeresis.
1662 3642 1969 3700 Dorotheus

394 3726 640 3795 ejusdem
671 3727 851 3796 impia:
885 3728 1107 3784 haeresis
1140 3743 1542 3800 propugnator.
1601 3733 1826 3801 Paulus,
1876 3738 1967 3804 qui

393 3817 606 3873 Fuscus
651 3833 758 3871 non
789 3819 968 3872 solum
1002 3821 1390 3890 appellatione,
1425 3823 1524 3877 sed
1580 3832 1634 3879 et
1668 3827 1966 3881 secundum

390 3911 695 3966 veritatem.
731 3909 971 3966 Joannes
993 3910 1421 3978 Grammaticus,
1450 3930 1811 3986 cognomento
1844 3919 1969 3974 Phi-

392 4004 610 4073 liponus
636 4050 649 4067 ,
686 4003 737 4056 id
764 4005 1205 4079 est,.studiosus,
1236 4007 1346 4062 imo
1377 4008 1768 4078 Matazopontts,
1789 4011 1838 4064 id
1862 4019 1966 4077 est,

392 4097 585 4151 irritus
619 4095 918 4158 laboratur,
950 4096 1137 4151 Conon
1181 4113 1399 4169 quoque
1450 4110 1504 4155 et
1558 4099 1830 4171 Ettgeuius
1862 4122 1875 4157 :
1913 4104 1969 4157 bi

391 4197 528 4252 tres,
574 4188 827 4253 tritbeim,
869 4189 922 4242 id
970 4199 1075 4250 est,
1112 4192 1342 4259 triplicis
1383 4192 1624 4259 deitatis,
1667 4203 1748 4248 ter
1795 4196 1967 4251 male-

392 4279 522 4333 dicti
550 4292 1003 4349 propugnatores.
1039 4280 1397 4347 Thctnistius,
1439 4285 1529 4354 qui
1560 4283 1664 4339 fuit
1708 4287 1969 4355 ignoran-

392 4372 482 4425 tiae
513 4380 686 4441 pater,
712 4381 767 4427 et
795 4374 1031 4441 genitor,
1076 4382 1240 4444 atque
1286 4377 1588 4431 seminator
1637 4377 1968 4434 ttel‘audissi-

2076 1924 2170 1977 καὶ
2208 1922 2463 1984 Ἀκάκιος
2494 1922 2542 1973 οί
2588 1920 2649 1972 τὸ
2699 1918 2994 1972 κενωτικὸν
3021 1916 3068 1950 ³⁸
3110 1917 3501 1986 τεκτηνάμενοι
3554 1920 3659 1986 Ζή-

2077 2033 2243 2079 νωνος
2266 2031 2277 2043 ο
2315 2013 2634 2082 Δαμπέτιος
2665 2013 2694 2065 6
2727 2012 2826 2082 τῆς
2855 2009 3177 2081 δυσωνύμου
3207 2009 3317 2061 τῶν
3342 2010 3661 2071 Μαρκιωνι-

2078 2106 2219 2160 στῶν
2264 2105 2533 2175 αἱρέσεως
2578 2102 2840 2173 ἔξαρχος·
2872 2102 3104 2169 Δίδυμος
3148 2102 3244 2154 καὶ
3290 2101 3561 2171 Εὐάγριος
3606 2102 3659 2160 οἱ

2074 2201 2173 2270 τῆς
2216 2196 2595 2268 Ὠριγενιανῆς
2618 2195 2909 2266 τερθρείας
2960 2194 3368 2264 μυστηριάρχαι
3403 2193 3659 2263 παμμία-

2084 2308 2194 2363 ροι·
2238 2291 2443 2361 Πέτρος
2473 2291 2502 2343 6
2552 2288 2795 2357 κναφεὺς
2824 2288 2851 2339 6
2890 2284 2969 2356 τῷ
2999 2286 3268 2355 τρισαγίῳ
3301 2285 3455 2355 ὕμνῳ
3483 2301 3656 2355 προσ-

2081 2384 2319 2455 αρμόσαι
2370 2379 2603 2451 σταυρὸν
2644 2377 3073 2450 θρασυνόμενος·
3109 2377 3317 2447 Πέτρος
3367 2376 3555 2445 ἕτερος
3592 2374 3657 2428 τὸ

2089 2473 2358 2547 Ἰϐηρικὸν
2402 2473 2499 2527 καὶ
2544 2467 2994 2540 φρενοὸἀρσαρον
3047 2467 3295 2536 μίασμα’
3346 2466 3574 2529 Ἡσαΐας
3625 2467 3655 2519 6

2074 2565 2169 2618 τοῦ
2190 2564 2456 2633 παρόντος
2488 2563 2693 2632 Πέτρου
2721 2558 3025 2628 συνόμιλος,
3075 2558 3125 2611 οἱ
3168 2557 3336 2627 ἄλλην
3379 2555 3654 2624 ἀκέφαλον

2075 2657 2133 2707 ὲν
2195 2651 2518 2720 Ἀκεφᾶλοις
2580 2646 2998 2712 καταδείξαντες
3070 2646 3316 2715 αἳρεσιν’
3391 2642 3512 2712 μεθ’
3576 2635 3654 2696 ὧν

2073 2739 2332 2793 ἁπάντων
2365 2738 2458 2790 καὶ
2487 2737 2594 2807 πρὸ
2615 2736 2835 2789 πάντων
2861 2734 2956 2787 καὶ
2979 2733 3120 2802 μετὰ
3151 2733 3361 2794 πάντας
3388 2732 3483 2783 καὶ
3512 2731 3650 2783 κατά

2074 2833 2284 2895 πάντας
2308 2830 2405 2883 καὶ
2432 2829 2573 2900 ὑπὲρ
2597 2828 2804 2889 πάντας
2829 2825 2969 2881 ἔστω
2994 2826 3088 2878 καὶ
3110 2824 3349 2893 Σεῦἦρος
3375 2823 3648 2893 ἀνάθεμα,

2073 2921 2102 2972 6
2126 2919 2333 2972 τούτων
2384 2915 2627 2987 μαθητὴς
2669 2913 3092 2983 ὲκμανέστατος,
3141 2914 3235 2965 καὶ
3271 2913 3487 2965 πάντων
3515 2928 3651 2981 χρη-

2079 3011 2311 3080 ματίσας
2356 3007 2674 3076 Ἀκεφάλων
2699 3006 2809 3059 τῶν
2835 3003 2971 3058 νέων
2999 3004 3222 3057 καὶτῶν
3250 3002 3494 3057 παλαιῶν
3515 3002 3652 3072 ὠμό·

2074 3119 2235 3164 τατος
2265 3100 2545 3170 τύραννος,
2594 3098 2690 3151 καὶ
2734 3098 2831 3166 τῆς
2875 3097 3037 3165 ἁγίας
3083 3096 3377 3164 καθολικῆς
3416 3094 3653 3164 Ἐκκλη-

2076 3195 2197 3255 σίας
2241 3192 2434 3262 ἐχθρὸς
2494 3190 2945 3259 δυσμενέστατος,
3005 3187 3100 3239 καὶ
3164 3186 3261 3254 τῆς
3333 3185 3651 3254 Ἀντιοχέων

2072 3283 2381 3351 ἁγιωτάτης
2427 3279 2751 3347 Ἐκκλησίας
2788 3280 2974 3347 μοιχξς
3006 3276 3375 3345 ἀνομώτατος,
3408 3276 3502 3328 καὶ
3524 3273 3653 3345 φθο-

2077 3377 2207 3446 ρεὺς
2250 3371 2682 3443 βδελυρώτατος·
2715 3370 2997 3433 Θεοδόσιος
3045 3387 3106 3423 τε
3155 3371 3183 3422 6
3247 3367 3649 3438 Ἀλεξανδρεὺς,

2071 3468 2101 3519 6
2127 3464 2562 3536 Τραπεζούντιος
2603 3460 2883 3530 Ἀνθιμος,
2928 3459 3185 3522 Ἰάκωϐος
3215 3460 3243 3512 6
3282 3459 3474 3527 Σύρος,
3519 3460 3651 3511 Ἰου-

2070 3556 2253 3619 λιανὸς
2297 3557 2326 3607 ὁ
2371 3554 2866 3621 Ἁλικαρνασσεὺς,
2915 3551 3319 3619 Φελικίσσιμος,
3366 3548 3593 3611 Γαῖανδς
3621 3550 3651 3601 6

2087 3645 2605 3716 Ἀλεξανδρεὺς,ἁφ’
2639 3637 2714 3697 ὧν
2744 3645 2778 3713 ἡ
2813 3643 2923 3696 τῶν
2963 3642 3281 3705 Γαῖανιτῶν,
3318 3643 3483 3712 ἤγουν
3524 3641 3685 3693 Ἰου·“

2072 3740 2383 3804 λιανιστῶν,
2416 3738 2732 3805 ὲπιγέγοκθεν
2767 3738 3005 3807 αἵρεσις·
3042 3736 3320 3805 Δωρόθεος
3349 3738 3377 3786 6
3417 3737 3513 3805 τῆς
3553 3736 3652 3787 αὑ-

2072 3833 2171 3901 τῆς
2202 3832 2375 3894 ἀθέως
2413 3832 2813 3900 ὑπερμαχῆσας
2853 3831 3119 3900 αἱρέσεως
3141 3846 3155 3860 ο
3189 3829 3400 3891 Παῦλος
3428 3831 3456 3881 6
3482 3828 3654 3881 Μελα-

2073 3923 2182 3983 νὺς,
2206 3924 2267 3975 οὐ
2298 3923 2457 3989 μόνον
2484 3922 2541 3974 δὲ
2569 3922 2883 3991 λεγόμενος,
2910 3920 3047 3974 ἀλλὰ
3077 3921 3170 3973 καὶ
3198 3920 3490 3988 γενόμενος
3512 3920 3651 3971 κατά

2074 4012 2331 4083 ἀλήθειαν
2350 4027 2363 4040 ·
2404 4012 2653 4079 Ἰωάννης
2676 4010 2705 4061 6
2730 4009 3121 4080 Γραμματικδς
3152 4011 3179 4062 6
3206 4008 3304 4075 τὴν
3334 4007 3650 4077 ἐπωνυμίαν

2072 4103 2383 4166 Φιλόπονος,
2424 4101 2623 4170 μᾶλλον
2658 4100 2717 4154 δὲ
2768 4102 3171 4163 Ματαιόπονος,
3225 4101 3414 4153 Κόνων
3443 4116 3503 4151 τε
3557 4101 3650 4158 καὶ

2069 4194 2346 4261 Εὑγένιος,
2366 4195 2414 4247 οί
2441 4196 2589 4263 τρεῖς
2614 4192 2712 4263 τῆς
2725 4193 2965 4262 τριθεῖας
2987 4194 3415 4264 τρισκατάρατοι
3434 4192 3650 4262 πρόμα-

2070 4304 2153 4356 χοι
2172 4300 2185 4313 ·
2220 4285 2509 4355 Θεμίστιος
2547 4288 2576 4338 6
2606 4284 2705 4356 τῆς
2735 4284 2957 4353 ἀγνοίας
2986 4285 3191 4354 πατὴρ,
3225 4284 3317 4337 καὶ
3341 4284 3644 4354 γεννήτωρ,

2070 4379 2165 4430 καὶ
2210 4377 2445 4447 σπορεὺς
2494 4375 2887 4446 ἁθεσμότατος,
2930 4374 2989 4437 ὃς
3036 4374 3253 4442 ἀγνοεῖν
3285 4374 3521 4443 Χριστὸν
3557 4376 3651 4425 τὸν

390 4478 537 4527 mus,
572 4463 664 4531 qui
704 4462 984 4518 Christum
1038 4481 1227 4520 verum
1279 4466 1448 4521 Deum
1511 4478 1758 4523 nostrum
1819 4469 1963 4524 diem

2079 4467 2322 4539 ἂληθινὺν
2351 4468 2483 4520 Θεὸν
2522 4467 2679 4537 ἡμῶν
2707 4467 2808 4536 τὴν
2838 4465 3049 4536 ἡμέραν
3076 4464 3376 4534 ἐφληνάφει
3403 4464 3502 4532 τῆς
3532 4464 3651 4533 κρε-

386 4556 583 4624 judicii
617 4559 866 4611 nescisse
896 4556 1187 4625 delirabat,
1216 4561 1475 4616 nesciens
1523 4578 1645 4632 quae
1677 4562 1812 4630 ipse,
1856 4562 1968 4632 jam

2079 4575 2231 4623 ςεως,
2276 4557 2487 4625 ἀγνοῶν
2513 4555 2658 4626 ἅπερ
2688 4554 2850 4618 αὐτὸς
2895 4556 2923 4608 6
2972 4554 3231 4624 θεήλατος
3286 4552 3514 4620 ἔφασκε,
3556 4553 3649 4603 καὶ

390 4661 421 4699 a
458 4643 566 4701 Deo
615 4647 919 4715 projectus,
969 4657 1261 4711 assereret,
1297 4660 1352 4703 et
1379 4665 1486 4704 non
1543 4666 1968 4721 recognoscens,

2079 4650 2147 4722 μὴ
2178 4649 2505 4719 είδὼςάπερ
2532 4647 2854 4719 ἀμφιγνοῶν
2900 4645 3291 4714 ἀνεφθέγγετο.
3331 4645 3393 4696 El
3439 4642 3514 4713 μὴ
3543 4645 3652 4712 γάρ

390 4751 513 4805 quae
553 4736 856 4806 ignorando
890 4736 1237 4808 loquebatur.
1290 4738 1404 4795 Nisi
1462 4742 1610 4794 enim
1664 4741 1971 4810 ignorasset

2079 4742 2254 4812 ἠγνόει
2300 4742 2409 4794 τῶν
2437 4742 2654 4794 οἰκείων
2694 4739 2868 4807 λόγων
2910 4738 3010 4808 τὴν
3040 4737 3291 4806 δύναμιν,
3318 4737 3419 4787 οὐκ
3457 4735 3523 4787 ἂν
3551 4734 3650 4803 τὴν

390 4827 684 4881 verborum
709 4841 936 4882 suorum
970 4827 1254 4893 virtutem,
1301 4844 1407 4883 non
1443 4830 1633 4899 utique
1665 4830 1970 4886 lethit‘eram

2079 4832 2315 4903 6).éOptov
2344 4832 2569 4899 ἄγνοιαν
2596 4831 2808 4895 τὲτοκε,
2849 4832 2944 4882 καὶ
2977 4826 3071 4881 τοῦ
3101 4829 3199 4898 τῆς
3229 4828 3457 4894 ἀγνοίας
3482 4827 3650 4892 ἄγους

390 4917 755 4987 ignorantiam
809 4917 1138 4990 peperisset,
1180 4927 1235 4972 et
1284 4918 1611 4989 ignorantia:
1660 4918 1963 4976 fteditatetn

2079 4924 2292 4996 θερμῶς
2332 4922 2727 4994 ὑπερήσπιζεν,
2765 4922 2980 4987 ἀγνοεῖν
3009 4920 3102 4972 τὸν
3131 4918 3384 4985 Χριστὸν,
3423 4916 3485 4967 οὐ
3518 4918 3651 4969 καθὸ

388 5009 666 5064 ferventer
698 5009 1036 5074 defenderet,
1093 5010 1349 5081 ignorare
1395 5011 1677 5067 Christum
1728 5030 1835 5067 non
1875 5029 1963 5068 se-

2079 5015 2204 5077 Θεὸς
2229 5014 2478 5085 ὑπῆρχεν
2521 5014 2709 5075 ἀΐδιος,
2742 5010 2879 5064 ἀλλὰ
2911 5011 3050 5062 καθὸ
3080 5008 3302 5076 γέγονεν
3344 5008 3486 5059 κατὰ
3517 5004 3651 5074 ἁλή-

390 5099 630 5153 cundum
660 5099 709 5152 id
733 5097 879 5167 quod
921 5098 1065 5154 Deus
1086 5109 1205 5155 erat
1233 5101 1621 5171 sempiternus,
1648 5104 1742 5159 sed
1772 5119 1967 5159 secun-

2079 5101 2229 5154 θειαν
2281 5102 2588 5172 ἄνθρωπος,
2640 5099 2739 5168 τὴν
2791 5099 3006 5168 ἡμέραν
3057 5098 3155 5166 τῆς
3204 5095 3509 5155 συντελείας
3556 5092 3648 5145 καὶ

390 5190 518 5244 dum
550 5190 694 5260 quod
729 5190 1001 5244 veraciter
1058 5190 1224 5245 homo
1269 5190 1470 5256 factus,
1511 5194 1654 5247 diem
1706 5210 1969 5250 consum-

391 5282 674 5345 mationis,
709 5281 1090 5351 atquejqdicii
1121 5297 1184 5336 et
1225 5281 1543 5353 insipientia
1576 5289 1777 5341 mentis
1835 5302 1963 5341 eru-

392 5383 572 5440 ctans,
617 5385 671 5428 et
716 5390 913 5442 purum
971 5391 1092 5429 eum
1125 5374 1364 5431 clliciens
1418 5376 1717 5441 hominem,
1758 5386 1811 5430 et
1866 5378 1967 5432 hoc

2078 5192 2311 5259 κρίσεως
2341 5192 2400 5257 ἐξ
2431 5191 2681 5262 ἀφρόνων
2715 5188 2929 5258 φρενῶν
2959 5188 3339 5259 ἐρευγόμενος,
3372 5185 3467 5236 καὶ
3493 5181 3647 5251 ψιλὸν

2076 5285 2239 5338 αὐτὸν
2270 5282 2633 5355 ἐργαζόμενος
2666 5280 2985 5351 ἄνθρωπον·
3028 5281 3123 5332 καὶ
3162 5278 3335 5331 ταῦτα
3362 5276 3649 5347 τερατείαν

2075 5378 2427 5447 ὲπςεξημίζων
2482 5373 2658 5444 ἑαυτῷ
2702 5374 2799 5442 τὴν
2839 5371 3158 5441 Ἀκέφαλον,
3191 5370 3282 5422 καὶ
3320 5366 3482 5437 φύσιν
3519 5369 3648 5438 μίαν

1651 5490 1877 5544 νΑιιιΑί
1930 5490 2334 5547 ιΕατιοΝιεδ.

501 5583 545 5614 ³³
568 5584 827 5638 ἑνωτικδν
869 5584 1139 5654 intelligit.

1906 5650 2113 5705 ΝΟΤΑΞ
2124 5690 2137 5703 .

462 5743 577 5814 (i0)
621 5743 724 5801 Pro
770 5744 1236 5799 Marcianistarum
1296 5758 1358 5798 ex
1427 5744 1712 5798 Tiltzothco
1752 5743 1935 5813 prcsb.
1978 5741 2148 5797 “Mlti.
