4022 6206
400 337 540 406 3195

1306 346 1367 406 S.
1410 346 1828 407 SOPHRONH
1866 346 2372 410 ΡΑΤΒΙΑΒΟΙΜΞ
2400 353 2802 412 lliEllOSOL.

3530 349 3671 415 3195
3752 326 3756 329 Α

404 452 609 507 verbis.
650 460 814 522 atque
844 454 1210 511 sermonibus.
1250 459 1317 513 Et
1357 476 1573 517 omnem
1604 464 1771 518 alium
1803 464 1976 518 haere-

2091 481 2143 517 τε
2169 468 2263 519 καὶ
2287 468 2462 536 λόγοις
2502 469 2596 520 καὶ
2629 470 2857 537 ῥήμασι,
2896 464 2991 520 καὶ
3031 464 3209 520 πάντα
3238 466 3426 537 ⁸«ἕτερον
3462 469 3672 537 capso.-

403 546 484 599 sis
518 556 799 599 auctorem
846 548 1143 616 perditurus,
1175 561 1228 604 et
1261 569 1474 608 onniem
1511 559 1671 610 aliam
1707 558 1980 627 profanis-

404 636 597 689 simam
639 637 921 703 haeresim,
958 647 1011 692 et
1033 655 1195 695 ontne
1229 643 1374 697 aliud
1408 646 1649 700 scbisma
1681 663 1709 702 a
1749 650 1857 704 Deo
1886 649 1980 703 de-

399 723 631 790 iectum,
671 731 941 793 quotquot
979 735 1170 781 nostra
1200 742 1390 784 sancta
1437 734 1708 788 catholica
1736 734 1983 790 Ecclesia

405 813 853 868 anatlietuatizat.
910 817 1330 875 Anatbematizo
1389 831 1596 888 autem,
1645 836 1699 880 et
1739 827 1984 882 catathe-

403 904 607 958 matizo
662 907 825 959 etiam
876 923 1070 964 omnes
1134 928 1329 967 eorum
1399 926 1822 981 consentaneus,
1889 918 1983 988 qui

403 991 625 1046 easdem
655 1009 778 1048 cum
805 997 887 1051 eis
918 997 1230 1068 impietatcs
1271 1004 1619 1071 emulantes,
1653 1008 1771 1061 sine
1807 1011 1985 1078 paeni-

403 1080 596 1135 tudine
629 1084 681 1137 in
716 1087 797 1139 eis
832 1096 963 1140 sunt
1005 1091 1234 1155 mortui,
1286 1100 1341 1147 et
1381 1095 1570 1163 quiqui
1609 1113 1785 1165 usque
1838 1114 1985 1152 nunc

405 1171 461 1225 in
493 1174 702 1227 eisdem
735 1191 1107 1247 perseverant,
1138 1190 1193 1236 et
1223 1197 1539 1254 expugnant
1566 1188 1853 1242 catholicm
1888 1207 1985 1243 no-

408 1276 536 1319 stra:
597 1265 861 1324 Ecclesim
914 1272 1390 1343 praedicationem,
1436 1287 1489 1331 ct
1546 1279 1704 1334 fidem
1739 1288 2007 1336 nostram‘

404 1368 633 1420 rectam,
671 1370 725 1413 et
766 1362 1178 1420 immaculatam
1214 1368 1519 1439 itnpetuzzt:
1575 1381 1628 1426 ct
1662 1375 1984 1430 anathema—

405 1449 516 1504 tizo
551 1451 750 1505 iterum
778 1454 1037 1511 similiter
1066 1458 1249 1513 omnia
1285 1476 1474 1516 eorum
1515 1463 1623 1518 Deo
1672 1484 1984 1539 repugnau-

405 1539 479 1591 tia
508 1542 738 1612 scripta.
778 1559 901 1613 quae
934 1555 1124 1601 contra
1171 1562 1419 1606 nostram
1448 1556 1861 1611 sanctissimam
1895 1575 1983 1613 ca-

403 1628 666 1683 tholicam
720 1631 1023 1689 Ecclesiam
1095 1653 1552 1709 composuerunt,
1599 1657 1652 1701 et
1719 1647 1985 1705 adversus

403 1718 566 1775 iidem
634 1731 880 1777 nostram
983 1735 1188 1784 rectam
1228 1774 1242 1797 ,
1321 1742 1485 1804 atque
1576 1736 1982 1793 iuunaculatam

402 1815 873 1884 conscrisperunt.
939 1821 1358 1882 Anatbematizo
1430 1841 1610 1885 autem
1686 1849 1810 1886 cum
1876 1799 2062 1888 eiso-B

404 1907 525 1960 dcm
588 1909 835 1978 profanis
902 1911 1225 1983 bacrcsibus,
1282 1928 1336 1973 et
1380 1935 1597 1977 omnem
1652 1923 1816 1978 aliam
1877 1923 1986 1977 Deo

402 1997 682 2061 odibilem,
750 2012 805 2057 et
864 2005 1187 2062 maledicam
1250 2010 1523 2077 breresim,
1579 2030 1742 2084 quam
1794 2028 1984 2071 sancta

402 2096 591 2143 nostra
655 2094 926 2149 catholica
982 2097 1229 2154 Ecclesia
1277 2103 1767 2171 anathematizare,
1822 2118 1985 2178 atque

401 2182 772 2239 condemnare
837 2199 1102 2244 consueta
1167 2200 1272 2257 cst,
1343 2210 1646 2266 eorumque
1692 2212 1981 2268 auctores,

401 2281 456 2326 et
475 2276 772 2342 genitores,
805 2286 860 2332 et
889 2295 1080 2335 eorum
1108 2284 1427 2353 probrosas,
1462 2295 1625 2358 atque
1650 2288 1983 2347 foedissimas

402 2362 729 2433 loquelulas,
793 2377 958 2440 atque
1013 2374 1319 2443 codicillos,
1384 2379 1500 2433 sola
1561 2386 1863 2448 lionorans,
1931 2393 1985 2437 et

402 2464 619 2523 tenens,
642 2463 996 2535 sentiensque
1028 2476 1082 2522 et
1120 2485 1391 2526 venerans
1417 2482 1607 2528 sancta
1645 2485 1848 2530 ltOslf‘tB
1878 2476 1984 2531 Ec-

400 2552 579 2608 clesia:
611 2555 894 2612 catholica:
922 2569 973 2613 et
1004 2565 1322 2631 apostolica:
1355 2566 1635 2637 dogmata,
1686 2586 1806 2637 qua:
1860 2585 1985 2641 par-

400 2641 499 2697 tim
555 2644 886 2721 |5peciatim,]
950 2653 1130 2718 vobis,
1157 2662 1211 2710 et
1242 2656 1485 2712 breviter
1533 2658 1704 2722 edidi,
1761 2672 1985 2731 propter

401 2738 788 2809 synodicarum
828 2744 1106 2800 literarum
1157 2755 1215 2802 ut
1249 2750 1384 2817 dixi,
1410 2754 1820 2822 compendium.
1850 2754 1983 2809 Cum

400 2830 601 2898 quibus
639 2834 769 2889 ltinc
814 2838 978 2891 etiam
1007 2840 1243 2910 migrare
1291 2843 1579 2913 deprecor,
1624 2845 1845 2915 quando
1882 2847 1985 2902 boc

401 2919 543 2975 Deus
572 2929 911 2995 praeceperit.
944 2928 1099 2985 Unde
1129 2943 1183 2986 et
1213 2942 1453 2989 vestram
1489 2952 1677 3005 quatso
1699 2951 1982 3008 paternam

401 3018 772 3081 samtitatem,
826 3020 926 3075 bas
985 3037 1164 3078 amca
1224 3026 1536 3082 humilitate
1587 3033 1981 3102 suscipientem

2087 565 2262 634 ἀρχην
2295 564 2560 634 ὀλέθριον,
2590 564 2685 616 καὶ
2719 566 2898 617 πᾶσαν
2944 563 3140 635 ἑτέραν
3184 563 3540 633 παμϐέὸηλον
3579 561 3669 615 αἴ-

2090 671 2261 725 ρεσιν,
2294 654 2390 707 καὶ
2444 656 2552 708 πᾶν
2586 653 2774 724 ἕτερον
2813 653 3020 724 σχίσμα
3067 653 3349 723 θεήλατον,
3392 654 3672 723 ὅσουσπερ

2087 748 2120 816 ἠ
2153 746 2282 813 ἁγία
2310 746 2403 798 καὶ
2437 745 2700 817 καθολικὴ
2725 744 2884 815 ήμῶν
2917 745 3217 813 Ἐκκλησία
3251 745 3666 816 ἀναθεματίζει.

2101 838 2513 905 ’Δναθεματίζω
2543 836 2601 891 δὲ
2632 837 2727 891 καὶ
2756 838 3179 909 καταθεματίζω
3208 840 3303 893 καὶ
3331 838 3539 901 πάντας
3567 840 3670 892 αὐ-

2087 930 2197 982 τῶν
2224 931 2349 993 τοὺς
2381 930 2713 1003 ὁμόφρονας,
2734 931 2860 993 τοὺς
2882 929 2982 994 τὰς
3006 929 3175 994 αὑτὰς
3201 930 3387 994 αὐτοῖς
3414 929 3670 995 ἀσεϐείας

2090 1022 2462 1090 ζηλώσαντας,
2499 1023 2594 1076 καὶ
2626 1023 3035 1093 ἀμετανοήτους
3070 1026 3130 1077 ὲν
3179 1024 3375 1087 αὑταῖς
3411 1024 3669 1095 τελευτή-

2091 1132 2310 1177 σαντας,
2348 1116 2443 1168 καὶ
2471 1116 2598 1177 τοὺς
2621 1114 2699 1168 ἔτι
2733 1115 2826 1169 καὶ⁵
2855 1115 2948 1168 νῦν
2977 1116 3035 1170 ὲν
3067 1115 3258 1179 αὐταῖς
3292 1115 3666 1186 διαμένοντας,

2091 1206 2185 1257 καὶ
2210 1205 2579 1275 πολεμοῦντας
2612 1206 2708 1275 τῆς
2731 1205 3029 1275 καθολικῆς
3056 1204 3219 1275 ἡμῶν
3259 1206 3670 1276 Ἐκκλησίαςτδ

2088 1298 2369 1366 κήρυγμα,
2400 1297 2495 1350 καὶ
2526 1298 2709 1350 πίστιν
2738 1296 2897 1367 ήμῶν
2920 1297 3021 1368 τὴν
3048 1296 3215 1368 ὀρθὴν
3241 1297 3338 1350 καὶ
3366 1298 3669 1369 ἀμώμητον

2092 1389 2422 1457 βάλλονταςο
2458 1390 2553 1441 καὶ
2608 1388 2997 1458 ἀναθεματίζω
3047 1389 3212 1443 πάλιν
3266 1388 3667 1460 παραπλησίως

2090 1482 2184 1533 καὶ
2213 1482 2391 1534 πάντα
2421 1480 2600 1533 αὐτῶν
2625 1481 2695 1534 τά
2728 1481 2976 1551 θεομάχα
3006 1482 3439 1553 συγγράμματα,
3472 1481 3668 1537 ἃκατὲι

2089 1573 2187 1641 τῆς
2236 1573 2548 1642 ἁγιωτάτης
2598 1573 2757 1642 ἡμῶν
2800 1573 3097 1642 καθολικῆς
3162 1573 3495 1644 Ἐκκλησίας
3540 1592 3665 1628 συν-

2089 1647 2309 1730 έταξαδ,
2330 1664 2423 1716 καὶ
2453 1664 2593 1716 κατά
2620 1663 2716 1733 τῆς
2735 1663 3070 1734 ὀρθῆςήμῶν
3098 1664 3192 1718 καὶ
3211 1665 3517 1735 ἀμωμήτου
3543 1681 3668 1717 συνσο

2090 1755 2401 1825 εγράψαντο
2464 1756 2731 1818 πίστεως·
2784 1757 3172 1827 ἁναθεματίζω
3222 1757 3279 1810 δὲ
3333 1757 3430 1811 σὺν
3478 1758 3668 1820 αὐταῖς

2090 1853 2209 1911 ταῖς
2249 1848 2501 1918 βεϐήλοις
2541 1849 2788 1918 αἱρέσεσι
2827 1850 2923 1904 καὶ
2955 1850 3139 1902 πᾶσαν
3168 1849 3363 1919 ἑτέραν
3401 1848 3667 1919 θεοστυγῆ

2089 1940 2182 1991 καὶ
2208 1938 2497 2004 κακόδοξον
2514 1938 2746 2008 αἵρεσιν,
2772 1939 2837 2008 ἢν
2860 1941 2892 2009 ή
2920 1940 3055 2007 ἁγία
3078 1938 3345 2011 καθολικὴ
3363 1938 3520 2009 ήμῶν
3554 1938 3669 1991 Ἐκ-

2088 2030 2288 2099 κλησία
2331 2030 2756 2099 ἀναθεματίζειν
2788 2032 2882 2084 καὶ
2916 2031 3268 2102 κατακρίνειν
3314 2030 3660 2094 συνείθισται,

2089 2123 2181 2174 καὶ
2203 2122 2330 2184 τοὺς
2361 2120 2624 2190 ἐξάρχους
2650 2123 2830 2175 αὐτῶν
2852 2124 2943 2176 καὶ
2973 2125 3324 2194 γεννήτορας,
3353 2123 3447 2176 καὶ
3473 2121 3541 2174 τὰ
3569 2121 3662 2175 αὖ·

2086 2215 2199 2268 τών
2231 2216 2451 2286 μυσαρὰ
2477 2217 2568 2268 καὶ
2599 2213 2899 2285 παμμίαρα
2919 2214 3167 2285 λογίδριά
3189 2231 3248 2266 τε
3279 2214 3374 2267 καὶ
3405 2212 3663 2283 βιΰλίδια·

2091 2308 2226 2377 μόνα
2254 2306 2446 2375 τιμῶν,
2477 2306 2569 2357 καὶ
2607 2305 2842 2375 κρατῶν,
2872 2306 2964 2359 καὶ
2998 2304 3230 2376 φρονῶν,
3261 2307 3354 2358 καὶ
3381 2305 3671 2374 σεϐόμενος

2088 2404 2185 2469 τῆς
2218 2401 2378 2468 ἁγίας
2407 2397 2705 2462 καθολικῆς
2739 2399 2832 2449 καὶ
2862 2395 3228 2464 ἀποατολικῆς
3255 2394 3412 2466 ήμῶν
3447 2384 3671 2464 Ἐκκλητ

2089 2496 2211 2555 σίας
2246 2493 2312 2545 τὰ
2359 2491 2628 2559 δόγματα,
2666 2490 2812 2559 ἅπερ
2854 2489 3098 2559 μερικῶς
3131 2489 3261 2555 ὑμῖν
3296 2488 3389 2541 καὶ
3420 2487 3509 2539 διὰ
3540 2487 3672 2557 βρα-

2087 2584 2226 2654 χέων
2259 2582 2580 2652 ἐκτέθειμαι
2618 2581 2707 2633 6ιά
2749 2582 2808 2632 τὺ
2838 2581 2945 2632 τῶν
2978 2579 3269 2631 συνοδικῶν
3303 2577 3668 2649 γραμμάτων,

2086 2674 2161 2738 ώς
2188 2670 2361 2735 εἷπον,
2407 2676 2699 2742 ἐπίτομον·
2738 2672 2855 2742 μεθ’
2888 2667 2961 2724 ὧν
3000 2671 3096 2723 καὶ
3138 2671 3396 2740 ἀπαίρειν
3439 2670 3547 2722 τῶν
3584 2671 3667 2721 ὲν-

2086 2765 2276 2817 τεῦθεν
2309 2763 2705 2832 προσεύχομαι,
2744 2764 2831 2815 ὅτε
2870 2761 3002 2824 Θεὸς
3034 2758 3190 2812 τοῧῗο
3214 2761 3462 2828 γενέσθαι
3504 2776 3672 2829 πρ⁰⁵⁶

2086 2857 2319 2921 τάξειεν.
2384 2857 2547 2909 Ὅθεν
2595 2858 2690 2908 κού⁸
2738 2856 2834 2923 τὴν
2886 2855 3162 2927 ὑμετέραν
3199 2854 3335 2920 ἀξιῶ
3400 2853 3671 2924 πατρικὴν

2088 2951 2373 3021 ἀγιότητα,
2408 2949 2579 3005 ταῦτα
2608 2949 2744 3019 προς
2774 2948 2871 3016 τῆς
2903 2950 3041 3017 ἐμῆς
3063 2948 3455 3015 ταπεινότητος
3484 2946 3673 3016 θεσμῴ

2089 3042 2352 3113 συνοδικῴ
2380 3041 2679 3112 δεχομένην
2702 3040 2769 3093 τὰ
2795 3040 3124 3108 γράμματα,
3157 3037 3430 3107 πατρῴοις
3466 3037 3674 3106 θεωρῆο

398 3104 523 3173 jure
570 3110 836 3177 synodico
877 3113 1114 3181 litteras,
1151 3121 1398 3186 paternis
1428 3122 1605 3176 oculis
1637 3125 1981 3195 conspicere,

2093 3132 2349 3197 σαι’τοῖς
2399 3135 2631 3205 ὄμμασι,
2687 3133 2779 3186 καὶ
2826 3132 3136 3200 ἀδελιφικοῖς
3182 3130 3517 3199 κατανοῆσαι
3562 3132 3675 3189 τοῖς

398 3207 454 3252 et
483 3199 741 3257 fraternis
768 3204 1057 3273 obtutibus
1088 3224 1317 3267 cernere
1342 3230 1354 3266 :
1383 3222 1437 3267 ct
1470 3216 1514 3268 si
1538 3216 1670 3285 quid
1706 3234 1800 3286 per
1828 3219 1985 3287 igno-

400 3291 635 3359 rantiam
669 3294 949 3363 culpatum
980 3295 1305 3373 [offensum]
1334 3314 1437 3369 cst,
1473 3306 1590 3360 sive
1627 3322 1721 3376 per
1756 3309 1987 3364 oblivio-

401 3397 535 3435 ncnr
600 3387 1020 3453 prastcrmissmn
1100 3399 1360 3458 cst,-aut
1412 3411 1509 3464 per
1576 3399 1985 3457 festinationem

403 3474 585 3528 minus
630 3477 1077 3536 animadversum
1139 3493 1245 3550 est,
1310 3496 1404 3540 aut
1450 3504 1546 3556 per
1599 3493 1985 3562 compendium

404 3562 590 3618 minus
638 3582 962 3635 expressum
1011 3583 1112 3635 cst,
1152 3584 1204 3628 ct
1246 3578 1564 3636 nullatenus
1591 3596 1984 3649 memoratum,

401 3662 495 3707 aut
535 3672 632 3724 per
660 3662 1096 3719 immobilitatem
1129 3667 1324 3736 lingua:
1359 3679 1444 3724 est
1475 3674 1728 3739 tacitum,
1765 3686 1859 3729 aut
1894 3693 1988 3746 per

403 3747 602 3819 lingua:
653 3753 1001 3820 gravitatem,
1048 3767 1103 3810 ct
1168 3760 1319 3815 vocis
1372 3762 1599 3816 nimiam
1660 3765 1985 3833 exilitatem,

402 3848 505 3894 aut.
532 3858 626 3910 per
656 3859 975 3900 sermonum
1024 3850 1322 3920 agrestium
1352 3853 1445 3907 inii
1461 3855 1765 3930 rmitatem,
1801 3869 1856 3913 et
1885 3874 1985 3914 no-

402 3933 489 3988 bis
527 3936 841 3993 uolentibus
880 3940 1054 4005 siluit,
1092 3944 1516 4013 adjectionibus,
1560 3957 1616 4005 et
1649 3949 1986 4007 dictionibus

402 4027 723 4098 adimplere,
750 4047 816 4086 ex
863 4042 1087 4103 paterna
1138 4038 1574 4106 procedentibus
1616 4043 1984 4113 plenitudine,

400 4133 457 4176 ct
513 4124 997 4189 emendationilius
1049 4130 1349 4200 corrigere,
1393 4141 1448 4187 et
1490 4135 1661 4192 robur
1709 4138 1988 4195 amicissi-

403 4232 551 4269 mum
590 4217 857 4281 tribuere,
904 4217 1164 4276 fraternis
1210 4234 1497 4293 operatum
1546 4228 1768 4289 studiis.
1804 4240 1989 4301 pater-

403 4314 602 4378 nisque
631 4310 917 4379 irrigatum
952 4313 1252 4381 propositis
1281 4332 1293 4368 :
1322 4325 1379 4370 ut
1408 4333 1587 4389 neque
1610 4321 1760 4390 quod
1796 4323 1854 4377 in
1880 4323 1961 4379 eis

401 4403 580 4467 deeSI,
613 4402 999 4473 imperfectum
1029 4421 1249 4477 semper
1279 4423 1541 4480 appareat
1576 4430 1588 4466 :
1624 4428 1804 4485 neque
1838 4418 1987 4487 quod

2092 3229 2391 3298 βλέμμασι,
2431 3227 2525 3279 καὶ
2558 3226 2611 3277 εἴ
2663 3242 2714 3276 τι
2760 3224 3097 3297 δι’ὶᾰγνοιαν
3148 3222 3457 3283 ἓπταισται,
3505 3220 3532 3288 ἢ
3586 3219 3674 3273 διὰ

2088 3321 2259 3391 λήθην
2293 3316 2654 3383 ἐλλέλειπται,
2687 3316 2718 3386 ἢ
2747 3316 2833 3370 δια
2860 3316 3093 3386 σπουδὴν
3130 3312 3505 3385 παρεώραται,
3534 3311 3563 3381 ἦ
3587 3311 3675 3364 διὰ

2092 3414 2382 3483 συντομίαν
2427 3412 2755 3481 κεκώφωται
2802 3413 2896 3465 καὶ
2943 3412 3195 3482 οὐδαμῶς
3244 3408 3673 3480 ἐμνημόνευται,

2091 3508 2236 3578 ἥδιά
2267 3505 2516 3576 γλώττης
2573 3504 2863 3575 ἀκινησίαν
2913 3503 3289 3573 σεσίγηται,ἢ
3339 3502 3424 3555 διὰ
3475 3498 3674 3570 βραδυ·

2088 3600 2360 3668 γλωττίαν
2396 3600 2487 3652 καὶ
2522 3598 2707 3668 φωνῆς
2755 3597 3019 3667 μεγίστην
3055 3596 3363 3666 ἰσχνότητα,
3398 3591 3544 3664 ἣδιά
3580 3589 3673 3641 λό’-

2089 3707 2203 3760 γων
2254 3689 2656 3761 ἀγροικοτέρων
2715 3686 3001 3740 ἀσθένειαν
3054 3690 3150 3738 καὶ
3198 3684 3271 3754 μὴ
3328 3680 3671 3753 βουλομένων

2089 3781 2248 3850 ἡμῶν
2299 3777 2671 3847 σεσιώπηται,
2729 3774 3071 3849 προσθήκαις
3128 3773 3521 3843 ἀναπληρῶσαι
3578 3769 3675 3823 καὶ

2091 3871 2428 3941 φθέγμασιν,
2460 3872 2524 3923 ἐκ
2552 3869 2825 3939 πατρικῆς
2857 3867 3283 3939 προερχομένοις
3316 3865 3681 3935 πληρώσεως,

2089 3964 2184 4018 καὶ
2212 3962 2568 4034 διορθώσεσιν
2617 3960 2819 4023 ἱθῦναι,
2852 3962 2947 4013 καὶ
2986 3961 3154 4029 ρῶσιν
3202 3955 3675 4029 προσφιλεστάτην

2088 4055 2421 4129 χαρίσασθαι
2462 4054 2772 4122 ἀδελφικοῖς
2827 4054 3232 4121 ἐνεργουμένην
3271 4048 3672 4116 σπουδάσμασι,

2089 4150 2183 4204 καὶ
2213 4149 2510 4220 πατρικαῖς
2541 4143 2998 4215 ἀνομὸρουμένην
3031 4142 3355 4211 προθέσεσιν
3383 4141 3446 4204 ³⁸,
3477 4141 3564 4192 ἵνα
3601 4141 3675 4208 μὴ

2086 4245 2147 4299 τό
2182 4261 2242 4297 τε
2273 4241 2490 4304 ἐλλιπὲς
2544 4240 2602 4292 ἐν
2635 4239 2817 4302 αὐτοῖς
2854 4238 2947 4290 καὶ
2976 4235 3192 4298 εὐτελὲς
3242 4234 3418 4287 εἰσαεὶ
3463 4231 3678 4300 διαφαίο

2088 4352 2252 4400 νοιτο,
2294 4335 2430 4404 μήτε
2462 4333 2521 4385 τὸ
2563 4329 2790 4393 ἀσθενὲς
2832 4329 2926 4381 καὶ
2973 4327 3170 4397 ἀγνοίᾳ
3205 4325 3471 4422 πολλάκις
3501 4323 3674 4422 σφαλῑ

2088 4427 2316 4499 λόμενον
2343 4422 2661 4497 ἀρρωστοῦν
2693 4423 2867 4476 εἰσαεὶ
2897 4420 3162 4492 διαμένοι,
3199 4418 3293 4472 καὶ
3331 4417 3399 4471 δι’
3428 4417 3552 4470 ὅλου
3580 4417 3675 4468 το)

404 4495 682 4549 iulirmum
713 4504 818 4563 est,
850 4507 902 4553 et
930 4512 1029 4568 per
1053 4498 1422 4570 ignorantiam
1456 4502 1713 4561 fortassis
1743 4506 1985 4576 plerum-

2096 4495 2211 4592 βίου
2239 4516 2666 4588 νοσηλευόμενον
2681 4556 2697 4572 .

402 4604 508 4655 que
547 4586 760 4654 fefellit,
800 4589 1105 4644 invalidum
1152 4592 1357 4662 jugitcr
1394 4604 1633 4663 maneat,
1674 4605 1729 4653 et
1765 4613 1863 4667 per
1897 4609 1982 4655 to-

403 4688 511 4731 tum
549 4680 716 4733 vitam
746 4689 997 4753 aegrotet.

476 4771 629 4836 Quod
692 4790 814 4827 cum
859 4775 1221 4832 amicabiliter
1272 4795 1301 4832 a
1332 4780 1488 4836 vobis
1534 4779 1699 4838 fuerit
1745 4781 1979 4851 factum,

405 4880 491 4917 me
564 4863 786 4934 quidem
832 4866 1186 4936 locupletabit
1222 4879 1387 4940 atque
1437 4864 1787 4940 salviﬁcabit,
1829 4876 1984 4933 vobis

402 4965 583 5012 autem
649 4954 986 5014 beatissi‘mis
1029 4962 1412 5016 testificabitur
1476 4964 1544 5018 de
1581 4967 1984 5035 compassiouis

401 5067 531 5103 raro
595 5050 814 5117 alfectu,
853 5052 956 5106 hoc
1006 5052 1146 5108 idem
1192 5064 1275 5109 est
1318 5055 1503 5111 dicere
1546 5058 1614 5112 de
1670 5057 1769 5114 ﬁlii
1808 5068 1976 5131 atque

406 5138 769 5192 fraternitatis
813 5138 1129 5196 dilectione.
1188 5139 1266 5194 lta
1301 5157 1430 5197 vero
1465 5145 1531 5198 ex
1567 5146 1720 5201 vobis
1753 5163 1858 5218 ego
1895 5148 1981 5203 di-

404 5235 571 5291 tatus,
614 5239 667 5282 et
710 5230 854 5298 quod
905 5229 1100 5297 defuit,
1158 5233 1589 5303 redintegratus,
1634 5246 1689 5292 ct
1716 5240 1864 5309 quod
1904 5242 1985 5297 in-

406 5322 619 5371 lit'tnutn
667 5330 773 5383 est,
824 5322 1146 5388 medicatus,
1179 5331 1234 5378 ct
1270 5325 1416 5395 quod
1460 5327 1830 5394 claudicabat,
1866 5346 1989 5386 cor-

405 5421 608 5473 retus,
675 5412 918 5480 paternis
985 5414 1353 5486 fraternisque
1404 5417 1614 5474 divitiis
1662 5432 1985 5489 coronatus,

403 5501 589 5568 quales
623 5505 775 5556 tubis
824 5505 1026 5573 gratias
1067 5506 1289 5572 referre,
1318 5515 1372 5563 ct
1405 5526 1511 5565 una
1539 5526 1664 5567 cum
1695 5513 1780 5569 his
1842 5529 1981 5585 gau-

1677 5696 1912 5751 γημπ

476 5775 518 5807 ⁸8
553 5776 744 5829 πνιςτῧέ

758 5794 881 5829 ςεσι·

2167 4781 2345 4849 Ὅπερ
2377 4776 2605 4847 φιλικῶς
2641 4777 2732 4846 ὑφ’
2764 4775 2916 4846 ὑμῶν
2970 4775 3065 4827 καὶ
3123 4772 3363 4843 γνησίως
3415 4770 3675 4840 γιγνόμε-

2094 4890 2182 4930 νον
2233 4872 2494 4943 πλουτίσῃ
2537 4870 2635 4941 μὲν
2679 4870 2780 4940 ἐμὲ
2834 4870 2929 4922 καὶ
2983 4868 3222 4937 ἰάσηται,
3261 4865 3590 4937 μαρτυρήσῃ
3622 4863 3678 4916 δὲ

2092 4971 2206 5033 τοῖς
2233 4966 2674 5039 μακαριωτάτοις
2701 4964 2831 5033 ὑμῖν
2862 4961 2922 5015 τὸ
2955 4959 3237 5031 συμπαθὲς
3274 4957 3372 5012 καὶ
3398 4956 3678 5026 φιλόστορ-

2095 5077 2213 5129 γον,
2241 5055 2408 5111 ταύτδ
2435 5054 2492 5107 δὲ
2526 5055 2700 5108 εἰπεῖν
2715 5051 2776 5106 τὸ
2800 5050 3122 5121 φιλάδελφόν
3145 5067 3205 5103 τε
3230 5050 3325 5102 καὶ
3344 5047 3673 5118 φιλότεκνον·

2093 5151 2237 5205 οὕτω
2269 5149 2329 5204 δὲ
2363 5149 2500 5220 πρὸς
2529 5146 2683 5218 ὑμῶν
2714 5141 2825 5215 ἐγὼ
2853 5140 3296 5214 πλουτιζόμενος,
3325 5139 3503 5195 καὶτὸ
3535 5136 3678 5192 ἐλλι-

2095 5242 2198 5307 πὲς
2222 5237 2871 5314 προσαναπληρούμενος,
2928 5239 3021 5292 καὶ
3079 5237 3142 5291 τὸ
3168 5233 3395 5319 ἀσθενὲς
3423 5230 3675 5301 ίατρευό-

2100 5351 2280 5407 μενος,
2334 5334 2430 5388 καὶ
2472 5332 2535 5386 τὸ
2596 5331 2767 5403 χωλὸν
2819 5329 3234 5401 ἀνορθούμενος,
3265 5326 3357 5427 καί
3391 5323 3556 5394 ρώσει
3584 5320 3678 5427 καὶ

2102 5426 2317 5497 πλούτῳ
2350 5424 2604 5497 πατρικῷ
2619 5425 2712 5478 καὶ
2729 5422 3002 5493 ἀδελφικῷ
3032 5420 3483 5490 στεφανούμενος,
3517 5411 3676 5519 πηλί-

2104 5538 2206 5591 κην
2231 5519 2374 5590 ἔχειν
2404 5517 2564 5589 χάριν
2592 5517 2719 5588 ὑμῖν
2743 5516 2836 5569 καὶ
2883 5515 3055 5585 χαρὰν
3108 5515 3202 5566 σὺν
3249 5512 3385 5581 αὐτῇ
3427 5505 3681 5577 νομισθή-

1957 5700 1978 5721 ν
2006 5699 2342 5730 νινε-πηκτπε
