  <div class='ocr_page' id='page_1' title='image "/cluster/home/n/w/nwhite01/storage/ocr_20150623/87:3/hvd.32044069650125/212.png"; bbox 0 0 4058 6190; ppageno 0'>
   <div class='ocr_carea' id='block_1_1' title="bbox 395 303 537 370">
    <p class='ocr_par' dir='ltr' id='par_1_1' title="bbox 395 303 537 370">
     <span class='ocr_line' id='line_1_1' title="bbox 395 303 537 370; baseline 0.014 -4"><span class='ocrx_word' id='word_1_1' title='bbox 395 303 537 370; x_wconf 73' lang='lat'><strong>3197</strong></span> 
     </span>
    </p>
   </div>
   <div class='ocr_carea' id='block_1_2' title="bbox 1351 318 2758 387">
    <p class='ocr_par' dir='ltr' id='par_1_2' title="bbox 1351 318 2758 387">
     <span class='ocr_line' id='line_1_2' title="bbox 1351 318 2758 387; baseline 0.008 -11"><span class='ocrx_word' id='word_1_2' title='bbox 1351 318 1713 379; x_wconf 73' lang='lat' dir='ltr'><strong>EPISTULA</strong></span> <span class='ocrx_word' id='word_1_3' title='bbox 1749 321 2120 383; x_wconf 60' lang='lat' dir='ltr'><strong>SYNODICA</strong></span> <span class='ocrx_word' id='word_1_4' title='bbox 2148 324 2247 382; x_wconf 86' lang='lat' dir='ltr'><strong>AD</strong></span> <span class='ocrx_word' id='word_1_5' title='bbox 2274 325 2625 385; x_wconf 76' lang='lat' dir='ltr'><strong>SERGIUM</strong></span> <span class='ocrx_word' id='word_1_6' title='bbox 2647 326 2758 387; x_wconf 69' lang='grc' dir='ltr'><strong>ΕΡ.</strong></span> 
     </span>
    </p>
   </div>
   <div class='ocr_carea' id='block_1_3' title="bbox 3505 329 3646 391">
    <p class='ocr_par' dir='ltr' id='par_1_3' title="bbox 3505 329 3646 391">
     <span class='ocr_line' id='line_1_3' title="bbox 3505 329 3646 391; baseline 0.043 -6"><span class='ocrx_word' id='word_1_7' title='bbox 3505 329 3646 391; x_wconf 68' lang='lat'><strong>3198</strong></span> 
     </span>
    </p>
   </div>
   <div class='ocr_carea' id='block_1_4' title="bbox 404 419 1995 498">
    <p class='ocr_par' dir='ltr' id='par_1_4' title="bbox 404 419 1980 498">
     <span class='ocr_line' id='line_1_4' title="bbox 404 419 1980 498; baseline 0.006 -26"><span class='ocrx_word' id='word_1_8' title='bbox 404 435 589 488; x_wconf 79' lang='grc' dir='ltr'>σομαι,</span> <span class='ocrx_word' id='word_1_9' title='bbox 625 419 656 489; x_wconf 86' lang='grc' dir='ltr'>ἢ</span> <span class='ocrx_word' id='word_1_10' title='bbox 693 419 1038 492; x_wconf 79' lang='grc' dir='ltr'>εὐφροσύνην</span> <span class='ocrx_word' id='word_1_11' title='bbox 1069 424 1278 492; x_wconf 72' lang='grc' dir='ltr'>τρυγᾷν</span> <span class='ocrx_word' id='word_1_12' title='bbox 1323 425 1419 478; x_wconf 77' lang='grc' dir='ltr'><strong>καί</strong></span> <span class='ocrx_word' id='word_1_13' title='bbox 1462 428 1653 496; x_wconf 73' lang='grc' dir='ltr'>ἡδονὴν</span> <span class='ocrx_word' id='word_1_14' title='bbox 1692 428 1790 498; x_wconf 74' lang='grc' dir='ltr'>τὴν</span> <span class='ocrx_word' id='word_1_15' title='bbox 1836 431 1980 482; x_wconf 84' lang='grc' dir='ltr'>ἀνω-</span> 
     </span>
    </p>
   </div>
   <div class='ocr_carea' id='block_1_5' title="bbox 2097 419 3646 498">
    <p class='ocr_par' dir='ltr' id='par_1_5' title="bbox 2097 428 3646 492">
     <span class='ocr_line' id='line_1_5' title="bbox 2097 428 3646 492; baseline 0.004 -10"><span class='ocrx_word' id='word_1_16' title='bbox 2097 431 2233 484; x_wconf 87' lang='lat' dir='ltr'><strong>lium</strong></span> <span class='ocrx_word' id='word_1_17' title='bbox 2269 431 2470 486; x_wconf 83' lang='lat' dir='ltr'><strong>habere</strong></span> <span class='ocrx_word' id='word_1_18' title='bbox 2495 433 2832 492; x_wconf 68' lang='lat' dir='ltr'><strong>aestimabor,</strong></span> <span class='ocrx_word' id='word_1_19' title='bbox 2861 432 2975 486; x_wconf 91' lang='lat' dir='ltr'><strong>sive</strong></span> <span class='ocrx_word' id='word_1_20' title='bbox 3005 429 3246 484; x_wconf 66' lang='lat' dir='ltr'><strong>lanitium</strong></span> <span class='ocrx_word' id='word_1_21' title='bbox 3280 428 3646 488; x_wconf 76' lang='lat' dir='ltr'><strong>vintlemiassc</strong></span> 
     </span>
    </p>
   </div>
   <div class='ocr_carea' id='block_1_6' title="bbox 401 511 1980 590">
    <p class='ocr_par' dir='ltr' id='par_1_6' title="bbox 401 511 1980 590">
     <span class='ocr_line' id='line_1_6' title="bbox 401 511 1980 590; baseline 0.006 -28"><span class='ocrx_word' id='word_1_22' title='bbox 401 511 551 564; x_wconf 83' lang='grc' dir='ltr'>τάτω</span> <span class='ocrx_word' id='word_1_23' title='bbox 617 512 1043 582; x_wconf 75' lang='grc' dir='ltr'>γνωσθήσομαιὲ</span> <span class='ocrx_word' id='word_1_24' title='bbox 1101 513 1264 568; x_wconf 78' lang='grc' dir='ltr'>Ἀλλά</span> <span class='ocrx_word' id='word_1_25' title='bbox 1319 515 1477 569; x_wconf 87' lang='grc' dir='ltr'>τοῦτο</span> <span class='ocrx_word' id='word_1_26' title='bbox 1530 519 1628 585; x_wconf 81' lang='grc' dir='ltr'>μὲν</span> <span class='ocrx_word' id='word_1_27' title='bbox 1685 521 1848 589; x_wconf 75' lang='grc' dir='ltr'>εἰδείη</span> <span class='ocrx_word' id='word_1_28' title='bbox 1892 521 1980 590; x_wconf 84' lang='grc' dir='ltr'>μό-</span> 
     </span>
    </p>
   </div>
   <div class='ocr_carea' id='block_1_7' title="bbox 399 605 1983 681">
    <p class='ocr_par' dir='ltr' id='par_1_7' title="bbox 399 605 1983 681">
     <span class='ocr_line' id='line_1_7' title="bbox 399 605 1983 681; baseline 0.008 -27"><span class='ocrx_word' id='word_1_29' title='bbox 399 621 490 666; x_wconf 79' lang='grc' dir='ltr'><strong>νος</strong></span> <span class='ocrx_word' id='word_1_30' title='bbox 535 605 686 668; x_wconf 76' lang='grc' dir='ltr'>Θεὸς,</span> <span class='ocrx_word' id='word_1_31' title='bbox 724 606 923 676; x_wconf 79' lang='grc' dir='ltr'><strong>εἰδείην</strong></span> <span class='ocrx_word' id='word_1_32' title='bbox 963 607 1019 660; x_wconf 83' lang='grc' dir='ltr'>δὲ</span> <span class='ocrx_word' id='word_1_33' title='bbox 1053 609 1145 662; x_wconf 68' lang='grc' dir='ltr'>καὶ</span> <span class='ocrx_word' id='word_1_34' title='bbox 1179 611 1342 672; x_wconf 74' lang='grc' dir='ltr'>αὐτὸς</span> <span class='ocrx_word' id='word_1_35' title='bbox 1379 611 1509 678; x_wconf 80' lang='grc' dir='ltr'>ἐγὼ,</span> <span class='ocrx_word' id='word_1_36' title='bbox 1565 612 1898 681; x_wconf 83' lang='grc' dir='ltr'>θεοτίμητοι,</span> <span class='ocrx_word' id='word_1_37' title='bbox 1954 617 1983 666; x_wconf 85' lang='grc' dir='ltr'><strong>ὁ</strong></span> 
     </span>
    </p>
   </div>
   <div class='ocr_carea' id='block_1_8' title="bbox 401 695 1982 776">
    <p class='ocr_par' dir='ltr' id='par_1_8' title="bbox 401 695 1982 776">
     <span class='ocr_line' id='line_1_8' title="bbox 401 695 1982 776; baseline 0.008 -29"><span class='ocrx_word' id='word_1_38' title='bbox 401 697 499 767; x_wconf 75' lang='grc' dir='ltr'>τὴν</span> <span class='ocrx_word' id='word_1_39' title='bbox 524 695 780 769; x_wconf 78' lang='grc' dir='ltr'><strong>τοιαύτην</strong></span> <span class='ocrx_word' id='word_1_40' title='bbox 810 698 1104 768; x_wconf 85' lang='grc' dir='ltr'>κερδαίνων</span> <span class='ocrx_word' id='word_1_41' title='bbox 1140 700 1454 766; x_wconf 85' lang='grc' dir='ltr'>εὐπάθειαν,</span> <span class='ocrx_word' id='word_1_42' title='bbox 1477 707 1568 756; x_wconf 72' lang='grc' dir='ltr'>καὶ</span> <span class='ocrx_word' id='word_1_43' title='bbox 1592 705 1692 774; x_wconf 85' lang='grc' dir='ltr'>τὴν</span> <span class='ocrx_word' id='word_1_44' title='bbox 1721 705 1982 776; x_wconf 76' lang='grc' dir='ltr'>λαμπρὰν</span> 
     </span>
    </p>
   </div>
   <div class='ocr_carea' id='block_1_9' title="bbox 406 788 1985 866">
    <p class='ocr_par' dir='ltr' id='par_1_9' title="bbox 406 788 1985 866">
     <span class='ocr_line' id='line_1_9' title="bbox 406 788 1985 866; baseline 0.007 -28"><span class='ocrx_word' id='word_1_45' title='bbox 406 788 728 857; x_wconf 73' lang='grc' dir='ltr'>εὐεργεσίαν</span> <span class='ocrx_word' id='word_1_46' title='bbox 769 789 1121 860; x_wconf 84' lang='grc' dir='ltr'>δρεπόμενος.</span> <span class='ocrx_word' id='word_1_47' title='bbox 1153 791 1396 861; x_wconf 80' lang='grc' dir='ltr'>Είδείητε</span> <span class='ocrx_word' id='word_1_48' title='bbox 1447 794 1503 847; x_wconf 82' lang='grc' dir='ltr'>δὲ</span> <span class='ocrx_word' id='word_1_49' title='bbox 1534 797 1674 866; x_wconf 90' lang='grc' dir='ltr'>τάχα</span> <span class='ocrx_word' id='word_1_50' title='bbox 1717 798 1809 851; x_wconf 80' lang='grc' dir='ltr'><strong>καὶ</strong></span> <span class='ocrx_word' id='word_1_51' title='bbox 1831 797 1985 850; x_wconf 75' lang='grc' dir='ltr'>αὐτοὶ</span> 
     </span>
    </p>
   </div>
   <div class='ocr_carea' id='block_1_10' title="bbox 401 877 1986 957">
    <p class='ocr_par' dir='ltr' id='par_1_10' title="bbox 401 877 1986 957">
     <span class='ocr_line' id='line_1_10' title="bbox 401 877 1986 957; baseline 0.007 -27"><span class='ocrx_word' id='word_1_52' title='bbox 401 877 499 930; x_wconf 78' lang='grc' dir='ltr'>καὶ</span> <span class='ocrx_word' id='word_1_53' title='bbox 539 877 890 949; x_wconf 75' lang='grc' dir='ltr'>μαθήσοισθε,</span> <span class='ocrx_word' id='word_1_54' title='bbox 931 883 979 934; x_wconf 80' lang='grc' dir='ltr'><strong>εί</strong></span> <span class='ocrx_word' id='word_1_55' title='bbox 1007 881 1231 952; x_wconf 79' lang='grc' dir='ltr'><strong>καρδίας</strong></span> <span class='ocrx_word' id='word_1_56' title='bbox 1255 883 1354 952; x_wconf 83' lang='grc' dir='ltr'>τῆς</span> <span class='ocrx_word' id='word_1_57' title='bbox 1393 885 1532 954; x_wconf 80' lang='grc' dir='ltr'>ἐμῆς</span> <span class='ocrx_word' id='word_1_58' title='bbox 1563 887 1624 938; x_wconf 88' lang='grc' dir='ltr'><strong>τὸ</strong></span> <span class='ocrx_word' id='word_1_59' title='bbox 1662 887 1862 957; x_wconf 86' lang='grc' dir='ltr'>θερμὸν</span> <span class='ocrx_word' id='word_1_60' title='bbox 1904 889 1986 951; x_wconf 82' lang='grc' dir='ltr'><strong>εἰς</strong></span> 
     </span>
    </p>
   </div>
   <div class='ocr_carea' id='block_1_11' title="bbox 403 969 1986 1048">
    <p class='ocr_par' dir='ltr' id='par_1_11' title="bbox 403 969 1986 1048">
     <span class='ocr_line' id='line_1_11' title="bbox 403 969 1986 1048; baseline 0.006 -26"><span class='ocrx_word' id='word_1_61' title='bbox 403 969 688 1024; x_wconf 79' lang='grc' dir='ltr'>εὐσέϐειαν</span> <span class='ocrx_word' id='word_1_62' title='bbox 713 970 895 1034; x_wconf 78' lang='grc' dir='ltr'><strong>ἴδοιτε,</strong></span> <span class='ocrx_word' id='word_1_63' title='bbox 913 971 1008 1025; x_wconf 73' lang='grc' dir='ltr'>καὶ</span> <span class='ocrx_word' id='word_1_64' title='bbox 1028 973 1123 1042; x_wconf 83' lang='grc' dir='ltr'>τῆς</span> <span class='ocrx_word' id='word_1_65' title='bbox 1139 972 1316 1043; x_wconf 72' lang='grc' dir='ltr'>ψυχῆς</span> <span class='ocrx_word' id='word_1_66' title='bbox 1329 977 1389 1028; x_wconf 84' lang='grc' dir='ltr'><strong>τὸ</strong></span> <span class='ocrx_word' id='word_1_67' title='bbox 1401 976 1535 1030; x_wconf 78' lang='grc' dir='ltr'>πολὺ</span> <span class='ocrx_word' id='word_1_68' title='bbox 1551 977 1685 1046; x_wconf 85' lang='grc' dir='ltr'>πρὸς</span> <span class='ocrx_word' id='word_1_69' title='bbox 1708 980 1986 1048; x_wconf 80' lang='grc' dir='ltr'><strong>ἀγάπησιν</strong></span> 
     </span>
    </p>
   </div>
   <div class='ocr_carea' id='block_1_12' title="bbox 406 1060 1986 1136">
    <p class='ocr_par' dir='ltr' id='par_1_12' title="bbox 406 1060 1986 1136">
     <span class='ocr_line' id='line_1_12' title="bbox 406 1060 1986 1136; baseline 0.007 -24"><span class='ocrx_word' id='word_1_70' title='bbox 406 1060 656 1130; x_wconf 82' lang='grc' dir='ltr'><strong>ψυχικοῖς</strong></span> <span class='ocrx_word' id='word_1_71' title='bbox 680 1061 980 1131; x_wconf 80' lang='grc' dir='ltr'><strong>ὀφθαλμοῖς</strong></span> <span class='ocrx_word' id='word_1_72' title='bbox 1009 1063 1356 1136; x_wconf 78' lang='grc' dir='ltr'>Θεωρὴσοιτε.</span> <span class='ocrx_word' id='word_1_73' title='bbox 1391 1067 1523 1136; x_wconf 77' lang='grc' dir='ltr'><strong>Περὶ</strong></span> <span class='ocrx_word' id='word_1_74' title='bbox 1553 1068 1754 1122; x_wconf 89' lang='grc' dir='ltr'>τούτων</span> <span class='ocrx_word' id='word_1_75' title='bbox 1775 1069 1866 1123; x_wconf 85' lang='grc' dir='ltr'><strong>οῦν</strong></span> <span class='ocrx_word' id='word_1_76' title='bbox 1893 1071 1986 1123; x_wconf 71' lang='grc' dir='ltr'><strong>ἐπὶ</strong></span> 
     </span>
    </p>
   </div>
   <div class='ocr_carea' id='block_1_13' title="bbox 405 1152 1984 1232">
    <p class='ocr_par' dir='ltr' id='par_1_13' title="bbox 405 1152 1984 1232">
     <span class='ocr_line' id='line_1_13' title="bbox 405 1152 1984 1232; baseline 0.008 -29"><span class='ocrx_word' id='word_1_77' title='bbox 405 1152 572 1204; x_wconf 83' lang='grc' dir='ltr'>πλέον</span> <span class='ocrx_word' id='word_1_78' title='bbox 605 1152 749 1223; x_wconf 79' lang='grc' dir='ltr'>ὑμᾶς</span> <span class='ocrx_word' id='word_1_79' title='bbox 782 1156 950 1206; x_wconf 71' lang='grc' dir='ltr'>αἰτεῖν</span> <span class='ocrx_word' id='word_1_80' title='bbox 978 1157 1090 1218; x_wconf 85' lang='grc' dir='ltr'>τοῖς</span> <span class='ocrx_word' id='word_1_81' title='bbox 1131 1155 1313 1224; x_wconf 86' lang='grc' dir='ltr'><strong>λόγοις</strong></span> <span class='ocrx_word' id='word_1_82' title='bbox 1343 1159 1615 1229; x_wconf 77' lang='grc' dir='ltr'><strong>ἀφέμενος</strong></span> <span class='ocrx_word' id='word_1_83' title='bbox 1648 1155 1794 1229; x_wconf 63' lang='grc' dir='ltr'>ίοῖδα</span> <span class='ocrx_word' id='word_1_84' title='bbox 1829 1162 1940 1232; x_wconf 81' lang='grc' dir='ltr'><strong>γὰρ</strong></span> <span class='ocrx_word' id='word_1_85' title='bbox 1969 1200 1984 1225; x_wconf 92' lang='grc'><strong>,</strong></span> 
     </span>
    </p>
   </div>
   <div class='ocr_carea' id='block_1_14' title="bbox 405 1242 1986 1320">
    <p class='ocr_par' dir='ltr' id='par_1_14' title="bbox 405 1242 1986 1320">
     <span class='ocr_line' id='line_1_14' title="bbox 405 1242 1986 1320; baseline 0.006 -26"><span class='ocrx_word' id='word_1_86' title='bbox 405 1242 484 1305; x_wconf 80' lang='grc' dir='ltr'>ὡς</span> <span class='ocrx_word' id='word_1_87' title='bbox 519 1242 692 1296; x_wconf 87' lang='grc' dir='ltr'>ταῦτα</span> <span class='ocrx_word' id='word_1_88' title='bbox 724 1243 941 1306; x_wconf 84' lang='grc' dir='ltr'>πάντως</span> <span class='ocrx_word' id='word_1_89' title='bbox 984 1245 1301 1316; x_wconf 73' lang='grc' dir='ltr'><strong>πληρώσετε</strong></span> <span class='ocrx_word' id='word_1_90' title='bbox 1325 1247 1368 1279; x_wconf 78' lang='grc'><strong>³⁹</strong></span> <span class='ocrx_word' id='word_1_91' title='bbox 1417 1248 1510 1300; x_wconf 71' lang='grc' dir='ltr'>καὶ</span> <span class='ocrx_word' id='word_1_92' title='bbox 1557 1248 1664 1318; x_wconf 89' lang='grc' dir='ltr'><strong>πρὸ</strong></span> <span class='ocrx_word' id='word_1_93' title='bbox 1692 1248 1798 1302; x_wconf 86' lang='grc' dir='ltr'><strong>τῶν</strong></span> <span class='ocrx_word' id='word_1_94' title='bbox 1845 1251 1986 1320; x_wconf 76' lang='grc' dir='ltr'>ἠμε-</span> 
     </span>
    </p>
   </div>
   <div class='ocr_carea' id='block_1_15' title="bbox 407 1333 1987 1412">
    <p class='ocr_par' dir='ltr' id='par_1_15' title="bbox 407 1333 1987 1412">
     <span class='ocr_line' id='line_1_15' title="bbox 407 1333 1987 1412; baseline 0.003 -24"><span class='ocrx_word' id='word_1_95' title='bbox 407 1333 585 1404; x_wconf 77' lang='grc' dir='ltr'>τέρ.υν</span> <span class='ocrx_word' id='word_1_96' title='bbox 615 1333 911 1404; x_wconf 79' lang='grc' dir='ltr'><strong>ἐλαχίστων</strong></span> <span class='ocrx_word' id='word_1_97' title='bbox 943 1337 1234 1408; x_wconf 78' lang='grc' dir='ltr'>αἰτήσεων,</span> <span class='ocrx_word' id='word_1_98' title='bbox 1279 1338 1576 1410; x_wconf 81' lang='grc' dir='ltr'>άδελφικῆς</span> <span class='ocrx_word' id='word_1_99' title='bbox 1597 1341 1820 1412; x_wconf 79' lang='grc' dir='ltr'><strong>ἀγάπης</strong></span> <span class='ocrx_word' id='word_1_100' title='bbox 1847 1358 1987 1410; x_wconf 85' lang='grc' dir='ltr'>πυρ-</span> 
     </span>
    </p>
   </div>
   <div class='ocr_carea' id='block_1_16' title="bbox 411 1427 1988 1503">
    <p class='ocr_par' dir='ltr' id='par_1_16' title="bbox 411 1427 1988 1503">
     <span class='ocr_line' id='line_1_16' title="bbox 411 1427 1988 1503; baseline 0.004 -25"><span class='ocrx_word' id='word_1_101' title='bbox 411 1427 490 1496; x_wconf 67' lang='grc' dir='ltr'>σῷ</span> <span class='ocrx_word' id='word_1_102' title='bbox 522 1427 980 1497; x_wconf 71' lang='grc' dir='ltr'>πυρακτούμε-νοις</span> <span class='ocrx_word' id='word_1_103' title='bbox 1031 1430 1126 1482; x_wconf 76' lang='grc' dir='ltr'>καὶ</span> <span class='ocrx_word' id='word_1_104' title='bbox 1176 1430 1328 1500; x_wconf 87' lang='grc' dir='ltr'>πόθῳ</span> <span class='ocrx_word' id='word_1_105' title='bbox 1361 1431 1614 1503; x_wconf 86' lang='grc' dir='ltr'>πατρικῷ</span> <span class='ocrx_word' id='word_1_106' title='bbox 1664 1431 1988 1502; x_wconf 75' lang='grc' dir='ltr'>φλογιξόμε-</span> 
     </span>
    </p>
   </div>
   <div class='ocr_carea' id='block_1_17' title="bbox 409 1518 1988 1587">
    <p class='ocr_par' dir='ltr' id='par_1_17' title="bbox 409 1518 1988 1587">
     <span class='ocr_line' id='line_1_17' title="bbox 409 1518 1988 1587; baseline 0.003 -16"><span class='ocrx_word' id='word_1_107' title='bbox 409 1519 538 1587; x_wconf 73' lang='lat' dir='ltr'><strong>vat),</strong></span> <span class='ocrx_word' id='word_1_108' title='bbox 599 1521 775 1570; x_wconf 79' lang='grc' dir='ltr'>ἐκεῖνο</span> <span class='ocrx_word' id='word_1_109' title='bbox 817 1518 1076 1584; x_wconf 79' lang='grc' dir='ltr'><strong>δυσωπῶ,</strong></span> <span class='ocrx_word' id='word_1_110' title='bbox 1130 1521 1228 1572; x_wconf 76' lang='grc' dir='ltr'>καὶ</span> <span class='ocrx_word' id='word_1_111' title='bbox 1253 1521 1518 1575; x_wconf 82' lang='grc' dir='ltr'>δυσωπῶν</span> <span class='ocrx_word' id='word_1_112' title='bbox 1552 1523 1807 1575; x_wconf 73' lang='grc' dir='ltr'>οὐδέποτε</span> <span class='ocrx_word' id='word_1_113' title='bbox 1849 1523 1988 1575; x_wconf 85' lang='grc' dir='ltr'>παύ-</span> 
     </span>
    </p>
   </div>
   <div class='ocr_carea' id='block_1_18' title="bbox 414 1609 1988 1685">
    <p class='ocr_par' dir='ltr' id='par_1_18' title="bbox 414 1609 1988 1685">
     <span class='ocr_line' id='line_1_18' title="bbox 414 1609 1988 1685; baseline 0.004 -23"><span class='ocrx_word' id='word_1_114' title='bbox 414 1627 600 1680; x_wconf 85' lang='grc' dir='ltr'>σομαι,</span> <span class='ocrx_word' id='word_1_115' title='bbox 639 1609 778 1663; x_wconf 84' lang='grc' dir='ltr'>ὥστε</span> <span class='ocrx_word' id='word_1_116' title='bbox 809 1611 903 1662; x_wconf 68' lang='grc' dir='ltr'><strong>καὶ</strong></span> <span class='ocrx_word' id='word_1_117' title='bbox 942 1611 1126 1680; x_wconf 80' lang='grc' dir='ltr'>εὐχαῖς</span> <span class='ocrx_word' id='word_1_118' title='bbox 1156 1613 1290 1682; x_wconf 82' lang='grc' dir='ltr'>πρὸς</span> <span class='ocrx_word' id='word_1_119' title='bbox 1335 1611 1466 1667; x_wconf 82' lang='grc' dir='ltr'>Θεὸν</span> <span class='ocrx_word' id='word_1_120' title='bbox 1492 1613 1584 1668; x_wconf 80' lang='grc' dir='ltr'><strong>καὶ</strong></span> <span class='ocrx_word' id='word_1_121' title='bbox 1614 1613 1860 1685; x_wconf 81' lang='grc' dir='ltr'>δεήσεσιν</span> <span class='ocrx_word' id='word_1_122' title='bbox 1890 1615 1988 1685; x_wconf 77' lang='grc' dir='ltr'><strong>ἐμὲ</strong></span> 
     </span>
    </p>
   </div>
   <div class='ocr_carea' id='block_1_19' title="bbox 413 1703 1990 1777">
    <p class='ocr_par' dir='ltr' id='par_1_19' title="bbox 413 1703 1990 1777">
     <span class='ocr_line' id='line_1_19' title="bbox 413 1703 1990 1777; baseline 0.002 -22"><span class='ocrx_word' id='word_1_123' title='bbox 413 1703 700 1773; x_wconf 76' lang='grc' dir='ltr'>περιέπειν</span> <span class='ocrx_word' id='word_1_124' title='bbox 746 1703 1056 1772; x_wconf 78' lang='grc' dir='ltr'><strong>θερμότατα</strong></span> <span class='ocrx_word' id='word_1_125' title='bbox 1087 1705 1178 1755; x_wconf 60' lang='grc' dir='ltr'><strong>τὸν</strong></span> <span class='ocrx_word' id='word_1_126' title='bbox 1203 1703 1415 1772; x_wconf 64' lang='grc' dir='ltr'>δεόιότα</span> <span class='ocrx_word' id='word_1_127' title='bbox 1443 1707 1538 1759; x_wconf 71' lang='grc' dir='ltr'><strong>καὶ</strong></span> <span class='ocrx_word' id='word_1_128' title='bbox 1567 1706 1862 1777; x_wconf 80' lang='grc' dir='ltr'>τρέμοντα,</span> <span class='ocrx_word' id='word_1_129' title='bbox 1894 1707 1990 1760; x_wconf 77' lang='grc' dir='ltr'>καὶ</span> 
     </span>
    </p>
   </div>
   <div class='ocr_carea' id='block_1_20' title="bbox 410 1791 1987 1866">
    <p class='ocr_par' dir='ltr' id='par_1_20' title="bbox 410 1791 1987 1866">
     <span class='ocr_line' id='line_1_20' title="bbox 410 1791 1987 1866; baseline 0.004 -22"><span class='ocrx_word' id='word_1_130' title='bbox 410 1792 473 1844; x_wconf 85' lang='grc' dir='ltr'><strong>τὸ</strong></span> <span class='ocrx_word' id='word_1_131' title='bbox 521 1792 680 1862; x_wconf 64' lang='grc' dir='ltr'>βάρος</span> <span class='ocrx_word' id='word_1_132' title='bbox 713 1791 1003 1862; x_wconf 71' lang='grc' dir='ltr'><strong>βαστάζειν</strong></span> <span class='ocrx_word' id='word_1_133' title='bbox 1055 1792 1150 1846; x_wconf 87' lang='grc' dir='ltr'><strong>τοῦ</strong></span> <span class='ocrx_word' id='word_1_134' title='bbox 1186 1795 1669 1864; x_wconf 83' lang='grc' dir='ltr'>προσεπιτεθέντος</span> <span class='ocrx_word' id='word_1_135' title='bbox 1703 1813 1794 1866; x_wconf 86' lang='grc' dir='ltr'><strong>μοι</strong></span> <span class='ocrx_word' id='word_1_136' title='bbox 1823 1795 1987 1862; x_wconf 80' lang='grc' dir='ltr'>ζυγοῦ</span> 
     </span>
    </p>
   </div>
   <div class='ocr_carea' id='block_1_21' title="bbox 415 1885 1990 1957">
    <p class='ocr_par' dir='ltr' id='par_1_21' title="bbox 415 1885 1990 1957">
     <span class='ocr_line' id='line_1_21' title="bbox 415 1885 1990 1957; baseline 0.004 -21"><span class='ocrx_word' id='word_1_137' title='bbox 415 1887 492 1954; x_wconf 81' lang='grc' dir='ltr'>μὴ</span> <span class='ocrx_word' id='word_1_138' title='bbox 529 1885 822 1954; x_wconf 75' lang='grc' dir='ltr'>δυνάμενον</span> <span class='ocrx_word' id='word_1_139' title='bbox 856 1901 871 1916; x_wconf 88' lang='grc'><strong>·</strong></span> <span class='ocrx_word' id='word_1_140' title='bbox 901 1885 995 1938; x_wconf 72' lang='grc' dir='ltr'>καὶ</span> <span class='ocrx_word' id='word_1_141' title='bbox 1025 1885 1086 1938; x_wconf 83' lang='grc' dir='ltr'>ού</span> <span class='ocrx_word' id='word_1_142' title='bbox 1125 1885 1284 1938; x_wconf 85' lang='grc' dir='ltr'>τοῦτό</span> <span class='ocrx_word' id='word_1_143' title='bbox 1334 1902 1397 1954; x_wconf 83' lang='grc' dir='ltr'>γε</span> <span class='ocrx_word' id='word_1_144' title='bbox 1447 1888 1628 1957; x_wconf 82' lang='grc' dir='ltr'>μόνον,</span> <span class='ocrx_word' id='word_1_145' title='bbox 1695 1887 1806 1940; x_wconf 83' lang='grc' dir='ltr'>ἀλλ’</span> <span class='ocrx_word' id='word_1_146' title='bbox 1842 1889 1990 1951; x_wconf 83' lang='grc' dir='ltr'>ὅπως</span> 
     </span>
    </p>
   </div>
   <div class='ocr_carea' id='block_1_22' title="bbox 412 1975 1985 2047">
    <p class='ocr_par' dir='ltr' id='par_1_22' title="bbox 412 1975 1985 2047">
     <span class='ocr_line' id='line_1_22' title="bbox 412 1975 1985 2047; baseline 0.004 -21"><span class='ocrx_word' id='word_1_147' title='bbox 412 1976 510 2027; x_wconf 73' lang='grc' dir='ltr'>καὶ</span> <span class='ocrx_word' id='word_1_148' title='bbox 562 1975 622 2028; x_wconf 81' lang='grc' dir='ltr'><strong>τὸ</strong></span> <span class='ocrx_word' id='word_1_149' title='bbox 670 1975 906 2046; x_wconf 81' lang='grc' dir='ltr'>Χριστοῦ</span> <span class='ocrx_word' id='word_1_150' title='bbox 967 1993 1057 2044; x_wconf 87' lang='grc' dir='ltr'>μοι</span> <span class='ocrx_word' id='word_1_151' title='bbox 1089 1977 1250 2029; x_wconf 86' lang='grc' dir='ltr'>τοῦτο</span> <span class='ocrx_word' id='word_1_152' title='bbox 1293 1977 1652 2047; x_wconf 84' lang='grc' dir='ltr'>συμϐὀσκοιτε</span> <span class='ocrx_word' id='word_1_153' title='bbox 1695 1978 1942 2044; x_wconf 78' lang='grc' dir='ltr'>ποίμνιον</span> <span class='ocrx_word' id='word_1_154' title='bbox 1970 1997 1985 2011; x_wconf 87' lang='grc'><strong>·</strong></span> 
     </span>
    </p>
   </div>
   <div class='ocr_carea' id='block_1_23' title="bbox 410 2067 1989 2142">
    <p class='ocr_par' dir='ltr' id='par_1_23' title="bbox 410 2067 1989 2142">
     <span class='ocr_line' id='line_1_23' title="bbox 410 2067 1989 2142; baseline 0.003 -22"><span class='ocrx_word' id='word_1_155' title='bbox 410 2069 550 2137; x_wconf 85' lang='grc' dir='ltr'>ὅπερ</span> <span class='ocrx_word' id='word_1_156' title='bbox 592 2067 897 2136; x_wconf 79' lang='grc' dir='ltr'>ποιμαίνειν</span> <span class='ocrx_word' id='word_1_157' title='bbox 938 2068 1034 2137; x_wconf 83' lang='grc' dir='ltr'>μὲν</span> <span class='ocrx_word' id='word_1_158' title='bbox 1076 2069 1236 2132; x_wconf 86' lang='grc' dir='ltr'>αὑτὸς</span> <span class='ocrx_word' id='word_1_159' title='bbox 1277 2071 1712 2142; x_wconf 80' lang='grc' dir='ltr'><strong>ἐγκεχείρισμαι,</strong></span> <span class='ocrx_word' id='word_1_160' title='bbox 1743 2071 1989 2126; x_wconf 87' lang='grc' dir='ltr'>ἀδυνατῶ</span> 
     </span>
    </p>
   </div>
   <div class='ocr_carea' id='block_1_24' title="bbox 411 2158 1990 2234">
    <p class='ocr_par' dir='ltr' id='par_1_24' title="bbox 411 2158 1990 2234">
     <span class='ocr_line' id='line_1_24' title="bbox 411 2158 1990 2234; baseline 0.001 -20"><span class='ocrx_word' id='word_1_161' title='bbox 411 2159 490 2224; x_wconf 69' lang='grc' dir='ltr'>δὲ,</span> <span class='ocrx_word' id='word_1_162' title='bbox 523 2159 597 2230; x_wconf 81' lang='grc' dir='ltr'>μὴ</span> <span class='ocrx_word' id='word_1_163' title='bbox 627 2158 1060 2230; x_wconf 78' lang='grc' dir='ltr'>ἐπικουρούντων</span> <span class='ocrx_word' id='word_1_164' title='bbox 1103 2161 1256 2231; x_wconf 82' lang='grc' dir='ltr'>ὑμῶν</span> <span class='ocrx_word' id='word_1_165' title='bbox 1301 2161 1641 2232; x_wconf 72' lang='grc' dir='ltr'>ἀντιλήψεσι,</span> <span class='ocrx_word' id='word_1_166' title='bbox 1675 2164 1990 2234; x_wconf 85' lang='grc' dir='ltr'>ποιμαίνειν</span> 
     </span>
    </p>
   </div>
   <div class='ocr_carea' id='block_1_25' title="bbox 410 2250 1992 2324">
    <p class='ocr_par' dir='ltr' id='par_1_25' title="bbox 410 2250 1992 2324">
     <span class='ocr_line' id='line_1_25' title="bbox 410 2250 1992 2324; baseline 0.003 -22"><span class='ocrx_word' id='word_1_167' title='bbox 410 2251 570 2310; x_wconf 83' lang='grc' dir='ltr'>τοῦτο</span> <span class='ocrx_word' id='word_1_168' title='bbox 589 2251 684 2304; x_wconf 77' lang='grc' dir='ltr'>καὶ</span> <span class='ocrx_word' id='word_1_169' title='bbox 708 2250 928 2320; x_wconf 80' lang='grc' dir='ltr'>τρέφειν</span> <span class='ocrx_word' id='word_1_170' title='bbox 959 2252 1164 2314; x_wconf 74' lang='grc' dir='ltr'>ἐνθέοις</span> <span class='ocrx_word' id='word_1_171' title='bbox 1192 2254 1297 2304; x_wconf 75' lang='grc' dir='ltr'>τισὶ</span> <span class='ocrx_word' id='word_1_172' title='bbox 1320 2254 1415 2306; x_wconf 74' lang='grc' dir='ltr'><strong>καὶ</strong></span> <span class='ocrx_word' id='word_1_173' title='bbox 1434 2253 1732 2322; x_wconf 81' lang='grc' dir='ltr'>ὠφελίμοις</span> <span class='ocrx_word' id='word_1_174' title='bbox 1762 2255 1992 2324; x_wconf 74' lang='grc' dir='ltr'>βλαστή-</span> 
     </span>
    </p>
   </div>
   <div class='ocr_carea' id='block_1_26' title="bbox 416 2343 1990 2418">
    <p class='ocr_par' dir='ltr' id='par_1_26' title="bbox 416 2343 1990 2418">
     <span class='ocr_line' id='line_1_26' title="bbox 416 2343 1990 2418; baseline 0.001 -19"><span class='ocrx_word' id='word_1_175' title='bbox 416 2365 571 2416; x_wconf 84' lang='grc' dir='ltr'>μασι,</span> <span class='ocrx_word' id='word_1_176' title='bbox 611 2346 706 2398; x_wconf 80' lang='grc' dir='ltr'>καὶ</span> <span class='ocrx_word' id='word_1_177' title='bbox 741 2343 1029 2414; x_wconf 79' lang='grc' dir='ltr'><strong>φυλάττειν</strong></span> <span class='ocrx_word' id='word_1_178' title='bbox 1081 2347 1316 2411; x_wconf 79' lang='grc' dir='ltr'>ἀϐλαϐὲς</span> <span class='ocrx_word' id='word_1_179' title='bbox 1357 2349 1453 2402; x_wconf 80' lang='grc' dir='ltr'>καὶ</span> <span class='ocrx_word' id='word_1_180' title='bbox 1504 2349 1842 2418; x_wconf 78' lang='grc' dir='ltr'>ἀπήμαντον.</span> <span class='ocrx_word' id='word_1_181' title='bbox 1883 2349 1990 2401; x_wconf 81' lang='grc' dir='ltr'><strong>Καὶ</strong></span> 
     </span>
    </p>
   </div>
   <div class='ocr_carea' id='block_1_27' title="bbox 410 2437 1990 2510">
    <p class='ocr_par' dir='ltr' id='par_1_27' title="bbox 410 2437 1990 2510">
     <span class='ocr_line' id='line_1_27' title="bbox 410 2437 1990 2510; baseline 0 -20"><span class='ocrx_word' id='word_1_182' title='bbox 410 2438 500 2490; x_wconf 73' lang='grc' dir='ltr'><strong>διὰ</strong></span> <span class='ocrx_word' id='word_1_183' title='bbox 528 2437 686 2491; x_wconf 89' lang='grc' dir='ltr'>τοῦτο</span> <span class='ocrx_word' id='word_1_184' title='bbox 708 2437 997 2508; x_wconf 78' lang='grc' dir='ltr'>πρεσϐεύω</span> <span class='ocrx_word' id='word_1_185' title='bbox 1021 2438 1114 2490; x_wconf 78' lang='grc' dir='ltr'>καὶ</span> <span class='ocrx_word' id='word_1_186' title='bbox 1139 2437 1352 2508; x_wconf 76' lang='grc' dir='ltr'>δέομαι,</span> <span class='ocrx_word' id='word_1_187' title='bbox 1369 2439 1457 2492; x_wconf 81' lang='grc' dir='ltr'>ἵνα</span> <span class='ocrx_word' id='word_1_188' title='bbox 1491 2439 1562 2507; x_wconf 80' lang='grc' dir='ltr'>μὴ</span> <span class='ocrx_word' id='word_1_189' title='bbox 1598 2439 1798 2510; x_wconf 76' lang='grc' dir='ltr'>βλάϐην</span> <span class='ocrx_word' id='word_1_190' title='bbox 1819 2438 1990 2491; x_wconf 88' lang='grc' dir='ltr'>ταῦτα</span> 
     </span>
    </p>
   </div>
   <div class='ocr_carea' id='block_1_28' title="bbox 410 2527 1990 2599">
    <p class='ocr_par' dir='ltr' id='par_1_28' title="bbox 410 2527 1990 2599">
     <span class='ocr_line' id='line_1_28' title="bbox 410 2527 1990 2599; baseline -0.001 -19"><span class='ocrx_word' id='word_1_191' title='bbox 410 2528 511 2598; x_wconf 76' lang='grc' dir='ltr'>τὴν</span> <span class='ocrx_word' id='word_1_192' title='bbox 554 2527 770 2585; x_wconf 81' lang='grc' dir='ltr'>οἱανοῦν</span> <span class='ocrx_word' id='word_1_193' title='bbox 821 2528 1157 2596; x_wconf 80' lang='grc' dir='ltr'>ὑπομένοντα</span> <span class='ocrx_word' id='word_1_194' title='bbox 1211 2529 1361 2598; x_wconf 74' lang='grc' dir='ltr'>παρὰ</span> <span class='ocrx_word' id='word_1_195' title='bbox 1409 2531 1506 2599; x_wconf 81' lang='grc' dir='ltr'>τὴν</span> <span class='ocrx_word' id='word_1_196' title='bbox 1546 2529 1684 2599; x_wconf 79' lang='grc' dir='ltr'>ἐμὴν</span> <span class='ocrx_word' id='word_1_197' title='bbox 1735 2529 1990 2598; x_wconf 80' lang='grc' dir='ltr'>ἀπειρίαν</span> 
     </span>
    </p>
   </div>
   <div class='ocr_carea' id='block_1_29' title="bbox 414 2617 1991 2690">
    <p class='ocr_par' dir='ltr' id='par_1_29' title="bbox 414 2617 1991 2690">
     <span class='ocr_line' id='line_1_29' title="bbox 414 2617 1991 2690; baseline -0.002 -17"><span class='ocrx_word' id='word_1_198' title='bbox 414 2620 510 2673; x_wconf 76' lang='grc' dir='ltr'>καὶ</span> <span class='ocrx_word' id='word_1_199' title='bbox 563 2617 839 2688; x_wconf 88' lang='grc' dir='ltr'>ἀτεχνίαν,</span> <span class='ocrx_word' id='word_1_200' title='bbox 881 2619 974 2671; x_wconf 84' lang='grc' dir='ltr'>καὶ</span> <span class='ocrx_word' id='word_1_201' title='bbox 1023 2619 1126 2672; x_wconf 87' lang='grc' dir='ltr'><strong>οῦκ</strong></span> <span class='ocrx_word' id='word_1_202' title='bbox 1163 2617 1440 2690; x_wconf 86' lang='grc' dir='ltr'>ἀρκοῦσαν</span> <span class='ocrx_word' id='word_1_203' title='bbox 1487 2623 1620 2690; x_wconf 79' lang='grc' dir='ltr'>πρὸς</span> <span class='ocrx_word' id='word_1_204' title='bbox 1667 2621 1729 2672; x_wconf 91' lang='grc' dir='ltr'><strong>τὸ</strong></span> <span class='ocrx_word' id='word_1_205' title='bbox 1761 2619 1991 2682; x_wconf 85' lang='grc' dir='ltr'>δεόντως</span> 
     </span>
    </p>
   </div>
   <div class='ocr_carea' id='block_1_30' title="bbox 413 2706 1991 2781">
    <p class='ocr_par' dir='ltr' id='par_1_30' title="bbox 413 2706 1991 2781">
     <span class='ocr_line' id='line_1_30' title="bbox 413 2706 1991 2781; baseline -0.002 -19"><span class='ocrx_word' id='word_1_206' title='bbox 413 2711 603 2780; x_wconf 82' lang='grc' dir='ltr'>νέμειν</span> <span class='ocrx_word' id='word_1_207' title='bbox 631 2710 940 2780; x_wconf 85' lang='grc' dir='ltr'>ἀδράνειαν,</span> <span class='ocrx_word' id='word_1_208' title='bbox 972 2708 1048 2772; x_wconf 86' lang='grc' dir='ltr'>ὡς</span> <span class='ocrx_word' id='word_1_209' title='bbox 1094 2706 1255 2772; x_wconf 79' lang='grc' dir='ltr'>αὐτὸς</span> <span class='ocrx_word' id='word_1_210' title='bbox 1290 2709 1472 2774; x_wconf 83' lang='grc' dir='ltr'>αὐτοῖς</span> <span class='ocrx_word' id='word_1_211' title='bbox 1516 2711 1895 2781; x_wconf 76' lang='grc' dir='ltr'>λυμηνάμενος</span> <span class='ocrx_word' id='word_1_212' title='bbox 1933 2707 1991 2760; x_wconf 76' lang='grc' dir='ltr'>ἑν</span> 
     </span>
    </p>
   </div>
   <div class='ocr_carea' id='block_1_31' title="bbox 414 2799 1992 2872">
    <p class='ocr_par' dir='ltr' id='par_1_31' title="bbox 414 2799 1992 2872">
     <span class='ocr_line' id='line_1_31' title="bbox 414 2799 1992 2872; baseline 0.003 -19"><span class='ocrx_word' id='word_1_213' title='bbox 414 2801 606 2872; x_wconf 73' lang='grc' dir='ltr'>ἡμέρᾳ</span> <span class='ocrx_word' id='word_1_214' title='bbox 643 2801 742 2868; x_wconf 81' lang='grc' dir='ltr'>τῆς</span> <span class='ocrx_word' id='word_1_215' title='bbox 791 2799 1026 2870; x_wconf 83' lang='grc' dir='ltr'>κρίσεως</span> <span class='ocrx_word' id='word_1_216' title='bbox 1053 2800 1344 2869; x_wconf 87' lang='grc' dir='ltr'>κρίνωμαι,</span> <span class='ocrx_word' id='word_1_217' title='bbox 1391 2803 1481 2853; x_wconf 59' lang='grc' dir='ltr'><strong>καὶ⁸</strong></span> <span class='ocrx_word' id='word_1_218' title='bbox 1509 2803 1621 2858; x_wconf 89' lang='grc' dir='ltr'><strong>τῶν</strong></span> <span class='ocrx_word' id='word_1_219' title='bbox 1651 2805 1992 2858; x_wconf 84' lang='grc' dir='ltr'>κλεπτόντων</span> 
     </span>
    </p>
   </div>
   <div class='ocr_carea' id='block_1_32' title="bbox 415 2891 1990 2963">
    <p class='ocr_par' dir='ltr' id='par_1_32' title="bbox 415 2891 1990 2963">
     <span class='ocr_line' id='line_1_32' title="bbox 415 2891 1990 2963; baseline 0.001 -13"><span class='ocrx_word' id='word_1_220' title='bbox 415 2895 515 2950; x_wconf 72' lang='grc' dir='ltr'>καὶ</span> <span class='ocrx_word' id='word_1_221' title='bbox 543 2894 891 2963; x_wconf 84' lang='grc' dir='ltr'>σφαττόντων</span> <span class='ocrx_word' id='word_1_222' title='bbox 921 2894 1016 2946; x_wconf 70' lang='grc' dir='ltr'><strong>καὶ</strong></span> <span class='ocrx_word' id='word_1_223' title='bbox 1059 2891 1404 2946; x_wconf 80' lang='grc' dir='ltr'>ἀπολλύντων</span> <span class='ocrx_word' id='word_1_224' title='bbox 1431 2893 1666 2963; x_wconf 83' lang='grc' dir='ltr'>Χριστοῦ</span> <span class='ocrx_word' id='word_1_225' title='bbox 1718 2895 1811 2947; x_wconf 85' lang='grc' dir='ltr'><strong>τοῦ</strong></span> <span class='ocrx_word' id='word_1_226' title='bbox 1856 2896 1990 2951; x_wconf 84' lang='grc' dir='ltr'>Θεοῦ</span> 
     </span>
    </p>
   </div>
   <div class='ocr_carea' id='block_1_33' title="bbox 413 2982 1992 3058">
    <p class='ocr_par' dir='ltr' id='par_1_33' title="bbox 413 2982 1992 3058">
     <span class='ocr_line' id='line_1_33' title="bbox 413 2982 1992 3058; baseline -0.003 -18"><span class='ocrx_word' id='word_1_227' title='bbox 413 2987 484 3040; x_wconf 78' lang='grc' dir='ltr'><strong>τά</strong></span> <span class='ocrx_word' id='word_1_228' title='bbox 525 2984 870 3054; x_wconf 87' lang='grc' dir='ltr'>πολυτίμητα</span> <span class='ocrx_word' id='word_1_229' title='bbox 923 2983 1170 3053; x_wconf 85' lang='grc' dir='ltr'>πρόϐατα</span> <span class='ocrx_word' id='word_1_230' title='bbox 1199 2983 1258 3036; x_wconf 87' lang='grc' dir='ltr'>ού</span> <span class='ocrx_word' id='word_1_231' title='bbox 1305 2982 1642 3036; x_wconf 82' lang='grc' dir='ltr'>τελευτῶσαν</span> <span class='ocrx_word' id='word_1_232' title='bbox 1673 2985 1852 3054; x_wconf 80' lang='grc' dir='ltr'>ὑφέξω</span> <span class='ocrx_word' id='word_1_233' title='bbox 1894 2988 1992 3058; x_wconf 82' lang='grc' dir='ltr'>τὴν</span> 
     </span>
    </p>
   </div>
   <div class='ocr_carea' id='block_1_34' title="bbox 2085 512 3643 592">
    <p class='ocr_par' dir='ltr' id='par_1_34' title="bbox 2085 512 3643 592">
     <span class='ocr_line' id='line_1_34' title="bbox 2085 512 3643 592; baseline 0.001 -15"><span class='ocrx_word' id='word_1_234' title='bbox 2085 531 2138 577; x_wconf 82' lang='lat' dir='ltr'><strong>et</strong></span> <span class='ocrx_word' id='word_1_235' title='bbox 2165 512 2624 578; x_wconf 65' lang='lat' dir='ltr'><strong>delt-clamentum</strong></span> <span class='ocrx_word' id='word_1_236' title='bbox 2672 524 2935 577; x_wconf 67' lang='lat' dir='ltr'><strong>eximium</strong></span> <span class='ocrx_word' id='word_1_237' title='bbox 2966 521 3369 592; x_wconf 75' lang='lat' dir='ltr'><strong>t&#39;ccognoscar?</strong></span> <span class='ocrx_word' id='word_1_238' title='bbox 3409 520 3512 576; x_wconf 80' lang='lat' dir='ltr'><strong>Sed</strong></span> <span class='ocrx_word' id='word_1_239' title='bbox 3543 526 3643 578; x_wconf 85' lang='lat' dir='ltr'><strong>hoc</strong></span> 
     </span>
    </p>
   </div>
   <div class='ocr_carea' id='block_1_35' title="bbox 2087 613 3650 684">
    <p class='ocr_par' dir='ltr' id='par_1_35' title="bbox 2087 613 3650 684">
     <span class='ocr_line' id='line_1_35' title="bbox 2087 613 3650 684; baseline -0.002 -17"><span class='ocrx_word' id='word_1_240' title='bbox 2087 615 2304 684; x_wconf 73' lang='lat' dir='ltr'><strong>quidem</strong></span> <span class='ocrx_word' id='word_1_241' title='bbox 2343 614 2560 670; x_wconf 78' lang='lat' dir='ltr'><strong>itovet&#39;it</strong></span> <span class='ocrx_word' id='word_1_242' title='bbox 2595 614 2746 668; x_wconf 86' lang='lat' dir='ltr'><strong>solus</strong></span> <span class='ocrx_word' id='word_1_243' title='bbox 2791 613 2956 678; x_wconf 70' lang='lat' dir='ltr'><strong>llcus;</strong></span> <span class='ocrx_word' id='word_1_244' title='bbox 3007 613 3249 666; x_wconf 75' lang='lat' dir='ltr'><strong>noverim</strong></span> <span class='ocrx_word' id='word_1_245' title='bbox 3282 619 3460 664; x_wconf 81' lang='lat' dir='ltr'><strong>autem</strong></span> <span class='ocrx_word' id='word_1_246' title='bbox 3492 614 3650 664; x_wconf 87' lang='lat' dir='ltr'><strong>ctiatn</strong></span> 
     </span>
    </p>
   </div>
   <div class='ocr_carea' id='block_1_36' title="bbox 2034 703 3650 774">
    <p class='ocr_par' dir='ltr' id='par_1_36' title="bbox 2034 703 3650 774">
     <span class='ocr_line' id='line_1_36' title="bbox 2034 703 3650 774; baseline -0.001 -17"><span class='ocrx_word' id='word_1_247' title='bbox 2034 758 2039 765; x_wconf 75' lang='grc'><strong>,</strong></span> <span class='ocrx_word' id='word_1_248' title='bbox 2084 719 2184 774; x_wconf 88' lang='lat' dir='ltr'><strong>ego</strong></span> <span class='ocrx_word' id='word_1_249' title='bbox 2213 707 2347 774; x_wconf 87' lang='lat' dir='ltr'><strong>ipse,</strong></span> <span class='ocrx_word' id='word_1_250' title='bbox 2389 705 2496 759; x_wconf 86' lang='lat' dir='ltr'><strong>Deo</strong></span> <span class='ocrx_word' id='word_1_251' title='bbox 2539 705 2910 769; x_wconf 81' lang='lat' dir='ltr'><strong>honorabiles,</strong></span> <span class='ocrx_word' id='word_1_252' title='bbox 2945 703 3038 770; x_wconf 88' lang='lat' dir='ltr'><strong>qui</strong></span> <span class='ocrx_word' id='word_1_253' title='bbox 3070 703 3379 772; x_wconf 68' lang='lat' dir='ltr'><strong>huiusmodi</strong></span> <span class='ocrx_word' id='word_1_254' title='bbox 3407 717 3650 770; x_wconf 84' lang='lat' dir='ltr'><strong>compas-</strong></span> 
     </span>
    </p>
   </div>
   <div class='ocr_carea' id='block_1_37' title="bbox 2085 794 3655 868">
    <p class='ocr_par' dir='ltr' id='par_1_37' title="bbox 2085 794 3655 868">
     <span class='ocr_line' id='line_1_37' title="bbox 2085 794 3655 868; baseline -0.002 -18"><span class='ocrx_word' id='word_1_255' title='bbox 2085 798 2294 850; x_wconf 81' lang='lat' dir='ltr'><strong>sionem</strong></span> <span class='ocrx_word' id='word_1_256' title='bbox 2337 794 2729 868; x_wconf 89' lang='lat' dir='ltr'><strong>[commodum]</strong></span> <span class='ocrx_word' id='word_1_257' title='bbox 2761 795 3074 856; x_wconf 83' lang='lat' dir='ltr'><strong>lucrifacio,</strong></span> <span class='ocrx_word' id='word_1_258' title='bbox 3105 803 3159 850; x_wconf 89' lang='lat' dir='ltr'><strong>et</strong></span> <span class='ocrx_word' id='word_1_259' title='bbox 3201 794 3460 862; x_wconf 72' lang='lat' dir='ltr'><strong>praeclaro</strong></span> <span class='ocrx_word' id='word_1_260' title='bbox 3495 794 3655 847; x_wconf 79' lang='lat' dir='ltr'><strong>bene-</strong></span> 
     </span>
    </p>
   </div>
   <div class='ocr_carea' id='block_1_38' title="bbox 2089 885 3653 956">
    <p class='ocr_par' dir='ltr' id='par_1_38' title="bbox 2089 885 3653 956">
     <span class='ocr_line' id='line_1_38' title="bbox 2089 885 3653 956; baseline -0.003 -16"><span class='ocrx_word' id='word_1_261' title='bbox 2089 889 2212 942; x_wconf 83' lang='lat' dir='ltr'><strong>ficio</strong></span> <span class='ocrx_word' id='word_1_262' title='bbox 2251 888 2450 956; x_wconf 87' lang='lat' dir='ltr'><strong>potior.</strong></span> <span class='ocrx_word' id='word_1_263' title='bbox 2481 885 2754 942; x_wconf 81' lang='lat' dir='ltr'><strong>Noveritis</strong></span> <span class='ocrx_word' id='word_1_264' title='bbox 2785 897 2963 939; x_wconf 86' lang='lat' dir='ltr'><strong>autem</strong></span> <span class='ocrx_word' id='word_1_265' title='bbox 2999 901 3122 939; x_wconf 87' lang='lat' dir='ltr'><strong>reor</strong></span> <span class='ocrx_word' id='word_1_266' title='bbox 3150 893 3204 939; x_wconf 88' lang='lat' dir='ltr'><strong>et</strong></span> <span class='ocrx_word' id='word_1_267' title='bbox 3236 900 3354 944; x_wconf 84' lang='lat' dir='ltr'><strong>vos,</strong></span> <span class='ocrx_word' id='word_1_268' title='bbox 3391 896 3444 938; x_wconf 89' lang='lat' dir='ltr'><strong>et</strong></span> <span class='ocrx_word' id='word_1_269' title='bbox 3495 885 3653 937; x_wconf 91' lang='lat' dir='ltr'><strong>addi-</strong></span> 
     </span>
    </p>
   </div>
   <div class='ocr_carea' id='block_1_39' title="bbox 2087 975 3654 1044">
    <p class='ocr_par' dir='ltr' id='par_1_39' title="bbox 2087 975 3654 1044">
     <span class='ocr_line' id='line_1_39' title="bbox 2087 975 3654 1044; baseline -0.003 -12"><span class='ocrx_word' id='word_1_270' title='bbox 2087 979 2274 1044; x_wconf 87' lang='lat' dir='ltr'><strong>scetis,</strong></span> <span class='ocrx_word' id='word_1_271' title='bbox 2299 978 2344 1032; x_wconf 92' lang='lat' dir='ltr'><strong>si</strong></span> <span class='ocrx_word' id='word_1_272' title='bbox 2377 978 2559 1032; x_wconf 85' lang='lat' dir='ltr'><strong>cordis</strong></span> <span class='ocrx_word' id='word_1_273' title='bbox 2592 977 2698 1031; x_wconf 88' lang='lat' dir='ltr'><strong>mei</strong></span> <span class='ocrx_word' id='word_1_274' title='bbox 2743 976 3008 1031; x_wconf 88' lang='lat' dir='ltr'><strong>fervorem</strong></span> <span class='ocrx_word' id='word_1_275' title='bbox 3035 975 3178 1029; x_wconf 88' lang='lat' dir='ltr'><strong>circa</strong></span> <span class='ocrx_word' id='word_1_276' title='bbox 3215 977 3469 1044; x_wconf 76' lang='lat' dir='ltr'><strong>pietatem</strong></span> <span class='ocrx_word' id='word_1_277' title='bbox 3501 975 3654 1028; x_wconf 79' lang='lat' dir='ltr'><strong>vitle-</strong></span> 
     </span>
    </p>
   </div>
   <div class='ocr_carea' id='block_1_40' title="bbox 2090 1069 3649 1140">
    <p class='ocr_par' dir='ltr' id='par_1_40' title="bbox 2090 1069 3649 1140">
     <span class='ocr_line' id='line_1_40' title="bbox 2090 1069 3649 1140; baseline -0.003 -16"><span class='ocrx_word' id='word_1_278' title='bbox 2090 1071 2230 1133; x_wconf 87' lang='lat' dir='ltr'><strong>ritis.</strong></span> <span class='ocrx_word' id='word_1_279' title='bbox 2263 1071 2481 1140; x_wconf 77' lang='lat' dir='ltr'><strong>etquod</strong></span> <span class='ocrx_word' id='word_1_280' title='bbox 2517 1071 2808 1139; x_wconf 88' lang='lat' dir='ltr'><strong>plurimum</strong></span> <span class='ocrx_word' id='word_1_281' title='bbox 2857 1069 3052 1123; x_wconf 75' lang='lat' dir='ltr'><strong>aniuue</strong></span> <span class='ocrx_word' id='word_1_282' title='bbox 3077 1069 3142 1122; x_wconf 86' lang='lat' dir='ltr'><strong>ad</strong></span> <span class='ocrx_word' id='word_1_283' title='bbox 3195 1069 3516 1121; x_wconf 83' lang='lat' dir='ltr'><strong>charitatent</strong></span> <span class='ocrx_word' id='word_1_284' title='bbox 3566 1075 3649 1120; x_wconf 86' lang='lat' dir='ltr'><strong>est</strong></span> 
     </span>
    </p>
   </div>
   <div class='ocr_carea' id='block_1_41' title="bbox 2089 1158 3654 1228">
    <p class='ocr_par' dir='ltr' id='par_1_41' title="bbox 2089 1158 3654 1228">
     <span class='ocr_line' id='line_1_41' title="bbox 2089 1158 3654 1228; baseline -0.004 -11"><span class='ocrx_word' id='word_1_285' title='bbox 2089 1163 2264 1217; x_wconf 80' lang='lat' dir='ltr'><strong>oculis</strong></span> <span class='ocrx_word' id='word_1_286' title='bbox 2294 1163 2490 1216; x_wconf 73' lang='lat' dir='ltr'><strong>anima:</strong></span> <span class='ocrx_word' id='word_1_287' title='bbox 2533 1161 2835 1216; x_wconf 81' lang='lat' dir='ltr'><strong>creveritis.</strong></span> <span class='ocrx_word' id='word_1_288' title='bbox 2878 1161 3054 1228; x_wconf 86' lang='lat' dir='ltr'><strong>Super</strong></span> <span class='ocrx_word' id='word_1_289' title='bbox 3087 1161 3171 1213; x_wconf 64' lang='lat' dir='ltr'><strong>liis</strong></span> <span class='ocrx_word' id='word_1_290' title='bbox 3219 1159 3385 1228; x_wconf 80' lang='lat' dir='ltr'><strong>igitur</strong></span> <span class='ocrx_word' id='word_1_291' title='bbox 3421 1158 3654 1226; x_wconf 81' lang='lat' dir='ltr'><strong>amplius</strong></span> 
     </span>
    </p>
   </div>
   <div class='ocr_carea' id='block_1_42' title="bbox 2090 1248 3655 1322">
    <p class='ocr_par' dir='ltr' id='par_1_42' title="bbox 2090 1248 3655 1322">
     <span class='ocr_line' id='line_1_42' title="bbox 2090 1248 3655 1322; baseline -0.002 -17"><span class='ocrx_word' id='word_1_292' title='bbox 2090 1269 2188 1307; x_wconf 85' lang='lat' dir='ltr'><strong>vos</strong></span> <span class='ocrx_word' id='word_1_293' title='bbox 2221 1252 2401 1307; x_wconf 81' lang='lat' dir='ltr'><strong>verbis</strong></span> <span class='ocrx_word' id='word_1_294' title='bbox 2428 1267 2653 1322; x_wconf 88' lang='lat' dir='ltr'><strong>poscere</strong></span> <span class='ocrx_word' id='word_1_295' title='bbox 2690 1252 2949 1306; x_wconf 88' lang='lat' dir='ltr'><strong>desinens</strong></span> <span class='ocrx_word' id='word_1_296' title='bbox 3015 1249 3153 1320; x_wconf 85' lang='lat' dir='ltr'><strong>(scio</strong></span> <span class='ocrx_word' id='word_1_297' title='bbox 3187 1250 3330 1303; x_wconf 88' lang='lat' dir='ltr'><strong>enim</strong></span> <span class='ocrx_word' id='word_1_298' title='bbox 3363 1248 3506 1318; x_wconf 89' lang='lat' dir='ltr'><strong>quod</strong></span> <span class='ocrx_word' id='word_1_299' title='bbox 3541 1249 3655 1302; x_wconf 79' lang='lat' dir='ltr'><strong>lia:c</strong></span> 
     </span>
    </p>
   </div>
   <div class='ocr_carea' id='block_1_43' title="bbox 2093 1339 3656 1413">
    <p class='ocr_par' dir='ltr' id='par_1_43' title="bbox 2093 1339 3656 1413">
     <span class='ocr_line' id='line_1_43' title="bbox 2093 1339 3656 1413; baseline -0.003 -15"><span class='ocrx_word' id='word_1_300' title='bbox 2093 1360 2187 1413; x_wconf 88' lang='lat' dir='ltr'><strong>per</strong></span> <span class='ocrx_word' id='word_1_301' title='bbox 2217 1344 2400 1398; x_wconf 89' lang='lat' dir='ltr'><strong>omnia</strong></span> <span class='ocrx_word' id='word_1_302' title='bbox 2427 1343 2790 1411; x_wconf 86' lang='lat' dir='ltr'><strong>complebitis,</strong></span> <span class='ocrx_word' id='word_1_303' title='bbox 2817 1351 2869 1395; x_wconf 89' lang='lat' dir='ltr'><strong>et</strong></span> <span class='ocrx_word' id='word_1_304' title='bbox 2905 1351 3030 1396; x_wconf 89' lang='lat' dir='ltr'><strong>ante</strong></span> <span class='ocrx_word' id='word_1_305' title='bbox 3067 1351 3284 1396; x_wconf 89' lang='lat' dir='ltr'><strong>nostras</strong></span> <span class='ocrx_word' id='word_1_306' title='bbox 3321 1339 3656 1413; x_wconf 82' lang='lat' dir='ltr'><strong>humillimas</strong></span> 
     </span>
    </p>
   </div>
   <div class='ocr_carea' id='block_1_44' title="bbox 2091 1411 3656 1502">
    <p class='ocr_par' dir='ltr' id='par_1_44' title="bbox 2091 1411 3656 1502">
     <span class='ocr_line' id='line_1_44' title="bbox 2091 1411 3656 1502; baseline -0.003 -12"><span class='ocrx_word' id='word_1_307' title='bbox 2091 1433 2522 1502; x_wconf 80' lang='lat' dir='ltr'><strong>supplicationes</strong></span> <span class='ocrx_word' id='word_1_308' title='bbox 2572 1434 2836 1487; x_wconf 70' lang='lat' dir='ltr'><strong>fraterna:</strong></span> <span class='ocrx_word' id='word_1_309' title='bbox 2877 1432 3167 1488; x_wconf 86' lang='lat' dir='ltr'><strong>charitatis</strong></span> <span class='ocrx_word' id='word_1_310' title='bbox 3201 1434 3396 1490; x_wconf 87' lang='lat' dir='ltr'><strong>ardore</strong></span> <span class='ocrx_word' id='word_1_311' title='bbox 3425 1411 3656 1487; x_wconf 45' lang='lat' dir='ltr'><strong>concire-</strong></span> 
     </span>
    </p>
   </div>
   <div class='ocr_carea' id='block_1_45' title="bbox 2093 1523 3656 1596">
    <p class='ocr_par' dir='ltr' id='par_1_45' title="bbox 2093 1523 3656 1596">
     <span class='ocr_line' id='line_1_45' title="bbox 2093 1523 3656 1596; baseline -0.001 -16"><span class='ocrx_word' id='word_1_312' title='bbox 2093 1528 2243 1590; x_wconf 85' lang='lat' dir='ltr'><strong>mati,</strong></span> <span class='ocrx_word' id='word_1_313' title='bbox 2277 1524 2585 1594; x_wconf 81' lang='lat' dir='ltr'><strong>aﬂ&#39;ectuque</strong></span> <span class='ocrx_word' id='word_1_314' title='bbox 2641 1534 2868 1594; x_wconf 80' lang='lat' dir='ltr'><strong>paterno</strong></span> <span class='ocrx_word' id='word_1_315' title='bbox 2919 1523 3443 1596; x_wconf 81' lang='lat' dir='ltr'><strong>intlammati),illud</strong></span> <span class='ocrx_word' id='word_1_316' title='bbox 3471 1539 3656 1594; x_wconf 76' lang='lat' dir='ltr'><strong>quteso</strong></span> 
     </span>
    </p>
   </div>
   <div class='ocr_carea' id='block_1_46' title="bbox 2089 1619 3656 1688">
    <p class='ocr_par' dir='ltr' id='par_1_46' title="bbox 2089 1619 3656 1688">
     <span class='ocr_line' id='line_1_46' title="bbox 2089 1619 3656 1688; baseline -0.003 -14"><span class='ocrx_word' id='word_1_317' title='bbox 2089 1629 2140 1674; x_wconf 86' lang='lat' dir='ltr'><strong>et</strong></span> <span class='ocrx_word' id='word_1_318' title='bbox 2177 1619 2465 1687; x_wconf 82' lang='lat' dir='ltr'><strong>postulans</strong></span> <span class='ocrx_word' id='word_1_319' title='bbox 2501 1633 2775 1686; x_wconf 87' lang='lat' dir='ltr'><strong>tmnquam</strong></span> <span class='ocrx_word' id='word_1_320' title='bbox 2817 1619 3084 1682; x_wconf 80' lang='lat' dir='ltr'><strong>desinam,</strong></span> <span class='ocrx_word' id='word_1_321' title='bbox 3133 1627 3406 1688; x_wconf 83' lang='lat' dir='ltr'><strong>quatenus</strong></span> <span class='ocrx_word' id='word_1_322' title='bbox 3449 1619 3656 1670; x_wconf 87' lang='lat' dir='ltr'><strong>oratio-</strong></span> 
     </span>
    </p>
   </div>
   <div class='ocr_carea' id='block_1_47' title="bbox 2091 1710 3656 1780">
    <p class='ocr_par' dir='ltr' id='par_1_47' title="bbox 2091 1710 3656 1780">
     <span class='ocr_line' id='line_1_47' title="bbox 2091 1710 3656 1780; baseline -0.002 -15"><span class='ocrx_word' id='word_1_323' title='bbox 2091 1713 2256 1767; x_wconf 86' lang='lat' dir='ltr'><strong>nibus</strong></span> <span class='ocrx_word' id='word_1_324' title='bbox 2288 1712 2431 1780; x_wconf 87' lang='lat' dir='ltr'><strong>apud</strong></span> <span class='ocrx_word' id='word_1_325' title='bbox 2462 1710 2631 1765; x_wconf 87' lang='lat' dir='ltr'><strong>Deum</strong></span> <span class='ocrx_word' id='word_1_326' title='bbox 2671 1728 2755 1765; x_wconf 89' lang='lat' dir='ltr'><strong>me</strong></span> <span class='ocrx_word' id='word_1_327' title='bbox 2789 1711 3213 1780; x_wconf 86' lang='lat' dir='ltr'><strong>flagrantissime</strong></span> <span class='ocrx_word' id='word_1_328' title='bbox 3262 1710 3492 1763; x_wconf 78' lang='lat' dir='ltr'><strong>foveatis</strong></span> <span class='ocrx_word' id='word_1_329' title='bbox 3542 1724 3656 1762; x_wconf 81' lang='lat' dir='ltr'><strong>nte-</strong></span> 
     </span>
    </p>
   </div>
   <div class='ocr_carea' id='block_1_48' title="bbox 2093 1798 3658 1871">
    <p class='ocr_par' dir='ltr' id='par_1_48' title="bbox 2093 1798 3658 1871">
     <span class='ocr_line' id='line_1_48' title="bbox 2093 1798 3658 1871; baseline -0.004 -13"><span class='ocrx_word' id='word_1_330' title='bbox 2093 1811 2356 1868; x_wconf 82' lang='lat' dir='ltr'><strong>tuentem,</strong></span> <span class='ocrx_word' id='word_1_331' title='bbox 2388 1811 2550 1871; x_wconf 87' lang='lat' dir='ltr'><strong>atque</strong></span> <span class='ocrx_word' id='word_1_332' title='bbox 2592 1811 2937 1864; x_wconf 87' lang='lat' dir='ltr'><strong>trementem,</strong></span> <span class='ocrx_word' id='word_1_333' title='bbox 2981 1809 3036 1856; x_wconf 90' lang='lat' dir='ltr'><strong>et</strong></span> <span class='ocrx_word' id='word_1_334' title='bbox 3079 1816 3221 1855; x_wconf 91' lang='lat' dir='ltr'><strong>onus</strong></span> <span class='ocrx_word' id='word_1_335' title='bbox 3261 1799 3492 1854; x_wconf 84' lang='lat' dir='ltr'><strong>suﬂerre</strong></span> <span class='ocrx_word' id='word_1_336' title='bbox 3525 1798 3658 1852; x_wconf 79' lang='lat' dir='ltr'><strong>milii</strong></span> 
     </span>
    </p>
   </div>
   <div class='ocr_carea' id='block_1_49' title="bbox 2088 1889 3654 1966">
    <p class='ocr_par' dir='ltr' id='par_1_49' title="bbox 2088 1889 3654 1966">
     <span class='ocr_line' id='line_1_49' title="bbox 2088 1889 3654 1966; baseline -0.003 -18"><span class='ocrx_word' id='word_1_337' title='bbox 2088 1897 2202 1966; x_wconf 83' lang='lat' dir='ltr'><strong>jugi</strong></span> <span class='ocrx_word' id='word_1_338' title='bbox 2235 1895 2476 1964; x_wconf 80' lang='lat' dir='ltr'><strong>impositi</strong></span> <span class='ocrx_word' id='word_1_339' title='bbox 2516 1897 2862 1964; x_wconf 85' lang='lat' dir='ltr'><strong>nequientem</strong></span> <span class='ocrx_word' id='word_1_340' title='bbox 2888 1911 2901 1947; x_wconf 92' lang='lat'><strong>:</strong></span> <span class='ocrx_word' id='word_1_341' title='bbox 2933 1901 2988 1948; x_wconf 91' lang='lat' dir='ltr'><strong>et</strong></span> <span class='ocrx_word' id='word_1_342' title='bbox 3015 1909 3120 1946; x_wconf 85' lang='lat' dir='ltr'><strong>non</strong></span> <span class='ocrx_word' id='word_1_343' title='bbox 3148 1893 3250 1946; x_wconf 88' lang='lat' dir='ltr'><strong>hoc</strong></span> <span class='ocrx_word' id='word_1_344' title='bbox 3280 1889 3654 1953; x_wconf 83' lang='lat' dir='ltr'><strong>solummodo,</strong></span> 
     </span>
    </p>
   </div>
   <div class='ocr_carea' id='block_1_50' title="bbox 2092 1975 3662 2055">
    <p class='ocr_par' dir='ltr' id='par_1_50' title="bbox 2092 1975 3662 2055">
     <span class='ocr_line' id='line_1_50' title="bbox 2092 1975 3662 2055; baseline -0.006 -11"><span class='ocrx_word' id='word_1_345' title='bbox 2092 1989 2184 2044; x_wconf 88' lang='lat' dir='ltr'><strong>sed</strong></span> <span class='ocrx_word' id='word_1_346' title='bbox 2227 1997 2287 2042; x_wconf 90' lang='lat' dir='ltr'><strong>ut</strong></span> <span class='ocrx_word' id='word_1_347' title='bbox 2315 1987 2461 2040; x_wconf 89' lang='lat' dir='ltr'><strong>hunc</strong></span> <span class='ocrx_word' id='word_1_348' title='bbox 2499 2001 2716 2055; x_wconf 91' lang='lat' dir='ltr'><strong>quoque</strong></span> <span class='ocrx_word' id='word_1_349' title='bbox 2739 1975 2939 2038; x_wconf 70' lang='lat' dir='ltr'><strong>Christi</strong></span> <span class='ocrx_word' id='word_1_350' title='bbox 2967 1999 3181 2055; x_wconf 85' lang='lat' dir='ltr'><strong>gregem</strong></span> <span class='ocrx_word' id='word_1_351' title='bbox 3211 1997 3423 2037; x_wconf 81' lang='lat' dir='ltr'><strong>mecum</strong></span> <span class='ocrx_word' id='word_1_352' title='bbox 3465 1995 3662 2050; x_wconf 85' lang='lat' dir='ltr'><strong>pasca-</strong></span> 
     </span>
    </p>
   </div>
   <div class='ocr_carea' id='block_1_51' title="bbox 2093 2073 3656 2149">
    <p class='ocr_par' dir='ltr' id='par_1_51' title="bbox 2093 2073 3656 2149">
     <span class='ocr_line' id='line_1_51' title="bbox 2093 2073 3656 2149; baseline -0.005 -17"><span class='ocrx_word' id='word_1_353' title='bbox 2093 2081 2190 2142; x_wconf 86' lang='lat' dir='ltr'><strong>tis,</strong></span> <span class='ocrx_word' id='word_1_354' title='bbox 2214 2079 2306 2149; x_wconf 89' lang='lat' dir='ltr'><strong>qui</strong></span> <span class='ocrx_word' id='word_1_355' title='bbox 2340 2077 2472 2132; x_wconf 82' lang='lat' dir='ltr'><strong>mihi</strong></span> <span class='ocrx_word' id='word_1_356' title='bbox 2507 2075 2725 2146; x_wconf 86' lang='lat' dir='ltr'><strong>quidem</strong></span> <span class='ocrx_word' id='word_1_357' title='bbox 2761 2078 2826 2129; x_wconf 88' lang='lat' dir='ltr'><strong>ad</strong></span> <span class='ocrx_word' id='word_1_358' title='bbox 2867 2073 3164 2143; x_wconf 85' lang='lat' dir='ltr'><strong>regendqu</strong></span> <span class='ocrx_word' id='word_1_359' title='bbox 3195 2073 3523 2128; x_wconf 83' lang='lat' dir='ltr'><strong>commissus</strong></span> <span class='ocrx_word' id='word_1_360' title='bbox 3550 2079 3656 2126; x_wconf 89' lang='lat' dir='ltr'><strong>est:</strong></span> 
     </span>
    </p>
   </div>
   <div class='ocr_carea' id='block_1_52' title="bbox 2091 2162 3653 2234">
    <p class='ocr_par' dir='ltr' id='par_1_52' title="bbox 2091 2162 3653 2234">
     <span class='ocr_line' id='line_1_52' title="bbox 2091 2162 3653 2234; baseline -0.004 -12"><span class='ocrx_word' id='word_1_361' title='bbox 2091 2169 2368 2224; x_wconf 71' lang='lat' dir='ltr'><strong>inualidus</strong></span> <span class='ocrx_word' id='word_1_362' title='bbox 2399 2177 2576 2221; x_wconf 87' lang='lat' dir='ltr'><strong>autem</strong></span> <span class='ocrx_word' id='word_1_363' title='bbox 2607 2182 2751 2231; x_wconf 90' lang='lat' dir='ltr'><strong>sum,</strong></span> <span class='ocrx_word' id='word_1_364' title='bbox 2784 2165 2888 2218; x_wconf 87' lang='lat' dir='ltr'><strong>nisi</strong></span> <span class='ocrx_word' id='word_1_365' title='bbox 2914 2167 3110 2220; x_wconf 75' lang='lat' dir='ltr'><strong>vestris</strong></span> <span class='ocrx_word' id='word_1_366' title='bbox 3141 2163 3408 2234; x_wconf 58' lang='lat' dir='ltr'><strong>prasidiis</strong></span> <span class='ocrx_word' id='word_1_367' title='bbox 3427 2162 3653 2230; x_wconf 82' lang='lat' dir='ltr'><strong>adjuver</strong></span> 
     </span>
    </p>
   </div>
   <div class='ocr_carea' id='block_1_53' title="bbox 2092 2255 3650 2330">
    <p class='ocr_par' dir='ltr' id='par_1_53' title="bbox 2092 2255 3650 2330">
     <span class='ocr_line' id='line_1_53' title="bbox 2092 2255 3650 2330; baseline -0.005 -13"><span class='ocrx_word' id='word_1_368' title='bbox 2092 2263 2156 2317; x_wconf 88' lang='lat' dir='ltr'><strong>ad</strong></span> <span class='ocrx_word' id='word_1_369' title='bbox 2189 2260 2484 2330; x_wconf 85' lang='lat' dir='ltr'><strong>regendum</strong></span> <span class='ocrx_word' id='word_1_370' title='bbox 2520 2259 2687 2324; x_wconf 85' lang='lat' dir='ltr'><strong>hunc,</strong></span> <span class='ocrx_word' id='word_1_371' title='bbox 2717 2266 2880 2326; x_wconf 86' lang='lat' dir='ltr'><strong>atque</strong></span> <span class='ocrx_word' id='word_1_372' title='bbox 2906 2259 3252 2310; x_wconf 84' lang='lat' dir='ltr'><strong>nutriendum</strong></span> <span class='ocrx_word' id='word_1_373' title='bbox 3287 2255 3488 2310; x_wconf 83' lang='lat' dir='ltr'><strong>divinis</strong></span> <span class='ocrx_word' id='word_1_374' title='bbox 3526 2257 3650 2324; x_wconf 87' lang='lat' dir='ltr'><strong>qui-</strong></span> 
     </span>
    </p>
   </div>
   <div class='ocr_carea' id='block_1_54' title="bbox 2095 2347 3662 2420">
    <p class='ocr_par' dir='ltr' id='par_1_54' title="bbox 2095 2347 3662 2420">
     <span class='ocr_line' id='line_1_54' title="bbox 2095 2347 3662 2420; baseline -0.006 -11"><span class='ocrx_word' id='word_1_375' title='bbox 2095 2353 2348 2415; x_wconf 87' lang='lat' dir='ltr'><strong>busdam,</strong></span> <span class='ocrx_word' id='word_1_376' title='bbox 2380 2363 2433 2406; x_wconf 83' lang='lat' dir='ltr'><strong>et</strong></span> <span class='ocrx_word' id='word_1_377' title='bbox 2481 2349 2785 2420; x_wconf 78' lang='lat' dir='ltr'><strong>profuturis</strong></span> <span class='ocrx_word' id='word_1_378' title='bbox 2831 2347 3190 2418; x_wconf 83' lang='lat' dir='ltr'><strong>germinibus.</strong></span> <span class='ocrx_word' id='word_1_379' title='bbox 3228 2349 3292 2400; x_wconf 85' lang='lat' dir='ltr'><strong>ad</strong></span> <span class='ocrx_word' id='word_1_380' title='bbox 3329 2362 3662 2401; x_wconf 80' lang='lat' dir='ltr'><strong>conservan-</strong></span> 
     </span>
    </p>
   </div>
   <div class='ocr_carea' id='block_1_55' title="bbox 2092 2429 3657 2514">
    <p class='ocr_par' dir='ltr' id='par_1_55' title="bbox 2092 2429 3657 2514">
     <span class='ocr_line' id='line_1_55' title="bbox 2092 2429 3657 2514; baseline -0.006 -13"><span class='ocrx_word' id='word_1_381' title='bbox 2092 2448 2223 2501; x_wconf 90' lang='lat' dir='ltr'><strong>dutn</strong></span> <span class='ocrx_word' id='word_1_382' title='bbox 2251 2429 2474 2514; x_wconf 79' lang='lat' dir='ltr'><strong>quoque</strong></span> <span class='ocrx_word' id='word_1_383' title='bbox 2505 2441 2808 2503; x_wconf 79' lang='lat' dir='ltr'><strong>innoxium,</strong></span> <span class='ocrx_word' id='word_1_384' title='bbox 2845 2450 2898 2494; x_wconf 89' lang='lat' dir='ltr'><strong>et</strong></span> <span class='ocrx_word' id='word_1_385' title='bbox 2936 2439 3186 2494; x_wconf 71' lang='lat' dir='ltr'><strong>illa‘sum.</strong></span> <span class='ocrx_word' id='word_1_386' title='bbox 3221 2438 3430 2493; x_wconf 84' lang='lat' dir='ltr'><strong>idcirco</strong></span> <span class='ocrx_word' id='word_1_387' title='bbox 3467 2454 3657 2502; x_wconf 63' lang='lat' dir='ltr'><strong>exoro,</strong></span> 
     </span>
    </p>
   </div>
   <div class='ocr_carea' id='block_1_56' title="bbox 2092 2529 3657 2607">
    <p class='ocr_par' dir='ltr' id='par_1_56' title="bbox 2092 2529 3657 2607">
     <span class='ocr_line' id='line_1_56' title="bbox 2092 2529 3657 2607; baseline -0.008 -13"><span class='ocrx_word' id='word_1_388' title='bbox 2092 2547 2145 2594; x_wconf 88' lang='lat' dir='ltr'><strong>ct</strong></span> <span class='ocrx_word' id='word_1_389' title='bbox 2183 2538 2468 2607; x_wconf 83' lang='lat' dir='ltr'><strong>deprecor,</strong></span> <span class='ocrx_word' id='word_1_390' title='bbox 2531 2543 2588 2587; x_wconf 91' lang='lat' dir='ltr'><strong>ut</strong></span> <span class='ocrx_word' id='word_1_391' title='bbox 2633 2533 2836 2586; x_wconf 89' lang='lat' dir='ltr'><strong>nullam</strong></span> <span class='ocrx_word' id='word_1_392' title='bbox 2873 2532 2958 2586; x_wconf 85' lang='lat' dir='ltr'><strong>hic</strong></span> <span class='ocrx_word' id='word_1_393' title='bbox 2994 2547 3121 2600; x_wconf 76' lang='lat' dir='ltr'><strong>grex</strong></span> <span class='ocrx_word' id='word_1_394' title='bbox 3153 2547 3349 2584; x_wconf 71' lang='lat' dir='ltr'><strong>noxam</strong></span> <span class='ocrx_word' id='word_1_395' title='bbox 3385 2529 3657 2585; x_wconf 85' lang='lat' dir='ltr'><strong>sustineat</strong></span> 
     </span>
    </p>
   </div>
   <div class='ocr_carea' id='block_1_57' title="bbox 2096 2623 3659 2700">
    <p class='ocr_par' dir='ltr' id='par_1_57' title="bbox 2096 2623 3659 2700">
     <span class='ocr_line' id='line_1_57' title="bbox 2096 2623 3659 2700; baseline -0.006 -16"><span class='ocrx_word' id='word_1_396' title='bbox 2096 2646 2191 2700; x_wconf 88' lang='lat' dir='ltr'><strong>per</strong></span> <span class='ocrx_word' id='word_1_397' title='bbox 2239 2644 2414 2684; x_wconf 88' lang='lat' dir='ltr'><strong>meam</strong></span> <span class='ocrx_word' id='word_1_398' title='bbox 2459 2623 2810 2696; x_wconf 87' lang='lat' dir='ltr'><strong>imperitiam,</strong></span> <span class='ocrx_word' id='word_1_399' title='bbox 2860 2631 2913 2678; x_wconf 87' lang='lat' dir='ltr'><strong>et</strong></span> <span class='ocrx_word' id='word_1_400' title='bbox 2954 2623 3230 2685; x_wconf 86' lang='lat' dir='ltr'><strong>inertiam,</strong></span> <span class='ocrx_word' id='word_1_401' title='bbox 3265 2631 3318 2676; x_wconf 85' lang='lat' dir='ltr'><strong>et</strong></span> <span class='ocrx_word' id='word_1_402' title='bbox 3353 2632 3659 2689; x_wconf 80' lang='lat' dir='ltr'><strong>opportune</strong></span> 
     </span>
    </p>
   </div>
   <div class='ocr_carea' id='block_1_58' title="bbox 2095 2714 3658 2790">
    <p class='ocr_par' dir='ltr' id='par_1_58' title="bbox 2095 2714 3658 2790">
     <span class='ocr_line' id='line_1_58' title="bbox 2095 2714 3658 2790; baseline -0.006 -15"><span class='ocrx_word' id='word_1_403' title='bbox 2095 2736 2282 2790; x_wconf 73' lang='lat' dir='ltr'><strong>regere</strong></span> <span class='ocrx_word' id='word_1_404' title='bbox 2327 2737 2433 2773; x_wconf 90' lang='lat' dir='ltr'><strong>non</strong></span> <span class='ocrx_word' id='word_1_405' title='bbox 2480 2716 2840 2772; x_wconf 86' lang='lat' dir='ltr'><strong>sufficientem</strong></span> <span class='ocrx_word' id='word_1_406' title='bbox 2876 2714 3272 2782; x_wconf 82' lang='lat' dir='ltr'><strong>impotentiam.</strong></span> <span class='ocrx_word' id='word_1_407' title='bbox 3313 2724 3364 2766; x_wconf 89' lang='lat' dir='ltr'><strong>et</strong></span> <span class='ocrx_word' id='word_1_408' title='bbox 3401 2726 3658 2780; x_wconf 86' lang='lat' dir='ltr'><strong>tanquam</strong></span> 
     </span>
    </p>
   </div>
   <div class='ocr_carea' id='block_1_59' title="bbox 2094 2802 3661 2880">
    <p class='ocr_par' dir='ltr' id='par_1_59' title="bbox 2094 2802 3661 2880">
     <span class='ocr_line' id='line_1_59' title="bbox 2094 2802 3661 2880; baseline -0.006 -15"><span class='ocrx_word' id='word_1_409' title='bbox 2094 2827 2196 2879; x_wconf 82' lang='lat' dir='ltr'><strong>ego</strong></span> <span class='ocrx_word' id='word_1_410' title='bbox 2238 2812 2354 2880; x_wconf 87' lang='lat' dir='ltr'><strong>ipse</strong></span> <span class='ocrx_word' id='word_1_411' title='bbox 2390 2825 2514 2862; x_wconf 88' lang='lat' dir='ltr'><strong>eum</strong></span> <span class='ocrx_word' id='word_1_412' title='bbox 2551 2808 2835 2869; x_wconf 83' lang='lat' dir='ltr'><strong>laesissem,</strong></span> <span class='ocrx_word' id='word_1_413' title='bbox 2876 2807 2928 2858; x_wconf 89' lang='lat' dir='ltr'><strong>in</strong></span> <span class='ocrx_word' id='word_1_414' title='bbox 2970 2805 3058 2859; x_wconf 89' lang='lat' dir='ltr'><strong>die</strong></span> <span class='ocrx_word' id='word_1_415' title='bbox 3102 2802 3294 2872; x_wconf 85' lang='lat' dir='ltr'><strong>judicii</strong></span> <span class='ocrx_word' id='word_1_416' title='bbox 3335 2803 3570 2871; x_wconf 86' lang='lat' dir='ltr'><strong>jmlicer,</strong></span> <span class='ocrx_word' id='word_1_417' title='bbox 3606 2807 3661 2855; x_wconf 82' lang='lat' dir='ltr'><strong>et</strong></span> 
     </span>
    </p>
   </div>
   <div class='ocr_carea' id='block_1_60' title="bbox 2097 2897 3663 2967">
    <p class='ocr_par' dir='ltr' id='par_1_60' title="bbox 2097 2897 3663 2967">
     <span class='ocr_line' id='line_1_60' title="bbox 2097 2897 3663 2967; baseline -0.006 -10"><span class='ocrx_word' id='word_1_418' title='bbox 2097 2905 2398 2957; x_wconf 85' lang='lat' dir='ltr'><strong>furantium</strong></span> <span class='ocrx_word' id='word_1_419' title='bbox 2445 2901 2743 2962; x_wconf 80' lang='lat' dir='ltr'><strong>latronum,</strong></span> <span class='ocrx_word' id='word_1_420' title='bbox 2794 2909 2957 2967; x_wconf 85' lang='lat' dir='ltr'><strong>atque</strong></span> <span class='ocrx_word' id='word_1_421' title='bbox 3001 2897 3394 2959; x_wconf 83' lang='lat' dir='ltr'><strong>occidentium,</strong></span> <span class='ocrx_word' id='word_1_422' title='bbox 3443 2903 3497 2950; x_wconf 85' lang='lat' dir='ltr'><strong>et</strong></span> <span class='ocrx_word' id='word_1_423' title='bbox 3535 2910 3663 2963; x_wconf 79' lang='lat' dir='ltr'><strong>per-</strong></span> 
     </span>
    </p>
   </div>
   <div class='ocr_carea' id='block_1_61' title="bbox 2096 2983 3664 3060">
    <p class='ocr_par' dir='ltr' id='par_1_61' title="bbox 2096 2983 3664 3060">
     <span class='ocr_line' id='line_1_61' title="bbox 2096 2983 3664 3060; baseline -0.006 -12"><span class='ocrx_word' id='word_1_424' title='bbox 2096 2995 2341 3048; x_wconf 89' lang='lat' dir='ltr'><strong>dentium</strong></span> <span class='ocrx_word' id='word_1_425' title='bbox 2370 2991 2804 3060; x_wconf 87' lang='lat' dir='ltr'><strong>pretiosissimas</strong></span> <span class='ocrx_word' id='word_1_426' title='bbox 2829 3003 2964 3056; x_wconf 37' lang='lat' dir='ltr'><strong>oves.</strong></span> <span class='ocrx_word' id='word_1_427' title='bbox 2989 2986 3192 3042; x_wconf 66' lang='lat' dir='ltr'><strong>Clu-isti</strong></span> <span class='ocrx_word' id='word_1_428' title='bbox 3217 2986 3330 3050; x_wconf 83' lang='lat' dir='ltr'><strong>Dei,</strong></span> <span class='ocrx_word' id='word_1_429' title='bbox 3359 2983 3664 3039; x_wconf 82' lang='lat' dir='ltr'><strong>immortale</strong></span> 
     </span>
    </p>
   </div>
   <div class='ocr_carea' id='block_1_62' title="bbox 415 3074 1995 3154">
    <p class='ocr_par' dir='ltr' id='par_1_62' title="bbox 415 3075 1994 3147">
     <span class='ocr_line' id='line_1_62' title="bbox 415 3075 1994 3147; baseline 0.001 -16"><span class='ocrx_word' id='word_1_430' title='bbox 415 3078 662 3132; x_wconf 78' lang='grc' dir='ltr'>κόλασιν.</span> <span class='ocrx_word' id='word_1_431' title='bbox 709 3075 819 3146; x_wconf 84' lang='grc' dir='ltr'><strong>Τὴν</strong></span> <span class='ocrx_word' id='word_1_432' title='bbox 865 3075 972 3144; x_wconf 77' lang='grc' dir='ltr'>γὰρ</span> <span class='ocrx_word' id='word_1_433' title='bbox 1025 3075 1232 3128; x_wconf 88' lang='grc' dir='ltr'>τούτων</span> <span class='ocrx_word' id='word_1_434' title='bbox 1279 3075 1552 3147; x_wconf 80' lang='grc' dir='ltr'>σωτηρίαν</span> <span class='ocrx_word' id='word_1_435' title='bbox 1589 3093 1648 3128; x_wconf 87' lang='grc' dir='ltr'><strong>τε</strong></span> <span class='ocrx_word' id='word_1_436' title='bbox 1690 3077 1785 3130; x_wconf 70' lang='grc' dir='ltr'>καὶ</span> <span class='ocrx_word' id='word_1_437' title='bbox 1825 3079 1994 3132; x_wconf 83' lang='grc' dir='ltr'>ὲπαύ-</span> 
     </span>
    </p>
   </div>
   <div class='ocr_carea' id='block_1_63' title="bbox 2097 3074 3664 3154">
    <p class='ocr_par' dir='ltr' id='par_1_63' title="bbox 2099 3074 3664 3154">
     <span class='ocr_line' id='line_1_63' title="bbox 2099 3074 3664 3154; baseline -0.008 -16"><span class='ocrx_word' id='word_1_438' title='bbox 2099 3092 2428 3138; x_wconf 88' lang='lat' dir='ltr'><strong>tormentum</strong></span> <span class='ocrx_word' id='word_1_439' title='bbox 2475 3080 2798 3149; x_wconf 78' lang='lat' dir='ltr'><strong>suscipiam.</strong></span> <span class='ocrx_word' id='word_1_440' title='bbox 2867 3077 3070 3131; x_wconf 87' lang='lat' dir='ltr'><strong>llarum</strong></span> <span class='ocrx_word' id='word_1_441' title='bbox 3117 3076 3262 3130; x_wconf 90' lang='lat' dir='ltr'><strong>enim</strong></span> <span class='ocrx_word' id='word_1_442' title='bbox 3309 3074 3567 3154; x_wconf 73' lang='lat' dir='ltr'><strong>salutem.</strong></span> <span class='ocrx_word' id='word_1_443' title='bbox 3609 3081 3664 3126; x_wconf 88' lang='lat' dir='ltr'><strong>et</strong></span> 
     </span>
    </p>
   </div>
   <div class='ocr_carea' id='block_1_64' title="bbox 419 3162 1994 3236">
    <p class='ocr_par' dir='ltr' id='par_1_64' title="bbox 419 3162 1994 3236">
     <span class='ocr_line' id='line_1_64' title="bbox 419 3162 1994 3236; baseline 0.001 -18"><span class='ocrx_word' id='word_1_444' title='bbox 419 3167 597 3236; x_wconf 81' lang='grc' dir='ltr'>ξησιν,</span> <span class='ocrx_word' id='word_1_445' title='bbox 645 3166 737 3218; x_wconf 78' lang='grc' dir='ltr'>καὶ</span> <span class='ocrx_word' id='word_1_446' title='bbox 767 3165 863 3236; x_wconf 81' lang='grc' dir='ltr'>τὴν</span> <span class='ocrx_word' id='word_1_447' title='bbox 916 3165 1070 3227; x_wconf 81' lang='grc' dir='ltr'>πόαις</span> <span class='ocrx_word' id='word_1_448' title='bbox 1121 3165 1240 3226; x_wconf 82' lang='grc' dir='ltr'>ταῖς</span> <span class='ocrx_word' id='word_1_449' title='bbox 1290 3162 1541 3234; x_wconf 81' lang='grc' dir='ltr'>ἀρίσταις</span> <span class='ocrx_word' id='word_1_450' title='bbox 1582 3165 1994 3236; x_wconf 74' lang='grc' dir='ltr'>κορυφουμένην</span> 
     </span>
    </p>
   </div>
   <div class='ocr_carea' id='block_1_65' title="bbox 416 3251 1996 3328">
    <p class='ocr_par' dir='ltr' id='par_1_65' title="bbox 416 3251 1996 3328">
     <span class='ocr_line' id='line_1_65' title="bbox 416 3251 1996 3328; baseline -0.001 -16"><span class='ocrx_word' id='word_1_451' title='bbox 416 3259 652 3328; x_wconf 75' lang='grc' dir='ltr'>πιότητα</span> <span class='ocrx_word' id='word_1_452' title='bbox 684 3251 800 3310; x_wconf 78' lang='grc' dir='ltr'>οἶδα</span> <span class='ocrx_word' id='word_1_453' title='bbox 836 3255 1022 3324; x_wconf 83' lang='grc' dir='ltr'>σαφῶς</span> <span class='ocrx_word' id='word_1_454' title='bbox 1054 3255 1149 3307; x_wconf 79' lang='grc' dir='ltr'>καὶ</span> <span class='ocrx_word' id='word_1_455' title='bbox 1197 3255 1501 3325; x_wconf 76' lang='grc' dir='ltr'>ἐπίσταμαι</span> <span class='ocrx_word' id='word_1_456' title='bbox 1529 3257 1664 3325; x_wconf 80' lang='grc' dir='ltr'>πρὸς</span> <span class='ocrx_word' id='word_1_457' title='bbox 1693 3255 1787 3308; x_wconf 89' lang='grc' dir='ltr'><strong>τοῦ</strong></span> <span class='ocrx_word' id='word_1_458' title='bbox 1839 3257 1996 3328; x_wconf 88' lang='grc' dir='ltr'>ἀρχι-</span> 
     </span>
    </p>
   </div>
   <div class='ocr_carea' id='block_1_66' title="bbox 418 3346 1999 3419">
    <p class='ocr_par' dir='ltr' id='par_1_66' title="bbox 418 3346 1999 3419">
     <span class='ocr_line' id='line_1_66' title="bbox 418 3346 1999 3419; baseline -0.001 -16"><span class='ocrx_word' id='word_1_459' title='bbox 418 3352 682 3419; x_wconf 67' lang='grc' dir='ltr'>ποιμένςς</span> <span class='ocrx_word' id='word_1_460' title='bbox 721 3346 958 3418; x_wconf 82' lang='grc' dir='ltr'>Χριστοῦ</span> <span class='ocrx_word' id='word_1_461' title='bbox 989 3346 1472 3417; x_wconf 74' lang='grc' dir='ltr'>εῦθυνθησόμενος.</span> <span class='ocrx_word' id='word_1_462' title='bbox 1515 3347 1655 3401; x_wconf 79' lang='grc' dir='ltr'>Ἀλλ’</span> <span class='ocrx_word' id='word_1_463' title='bbox 1695 3349 1749 3401; x_wconf 83' lang='grc' dir='ltr'>εῐ</span> <span class='ocrx_word' id='word_1_464' title='bbox 1775 3365 1847 3412; x_wconf 89' lang='grc' dir='ltr'><strong>τι,</strong></span> <span class='ocrx_word' id='word_1_465' title='bbox 1881 3351 1999 3402; x_wconf 87' lang='grc' dir='ltr'>θεο-</span> 
     </span>
    </p>
   </div>
   <div class='ocr_carea' id='block_1_67' title="bbox 417 3438 1995 3512">
    <p class='ocr_par' dir='ltr' id='par_1_67' title="bbox 417 3438 1995 3512">
     <span class='ocr_line' id='line_1_67' title="bbox 417 3438 1995 3512; baseline -0.001 -16"><span class='ocrx_word' id='word_1_466' title='bbox 417 3445 658 3512; x_wconf 85' lang='grc' dir='ltr'>τίμητοι.</span> <span class='ocrx_word' id='word_1_467' title='bbox 690 3439 942 3503; x_wconf 81' lang='grc' dir='ltr'>δύνασθε,</span> <span class='ocrx_word' id='word_1_468' title='bbox 968 3438 1207 3509; x_wconf 79' lang='grc' dir='ltr'>Χριστοῦ</span> <span class='ocrx_word' id='word_1_469' title='bbox 1235 3438 1594 3508; x_wconf 77' lang='grc' dir='ltr'>χαριζομένου</span> <span class='ocrx_word' id='word_1_470' title='bbox 1624 3439 1685 3492; x_wconf 88' lang='grc' dir='ltr'><strong>τὸ</strong></span> <span class='ocrx_word' id='word_1_471' title='bbox 1715 3439 1995 3504; x_wconf 88' lang='grc' dir='ltr'>δύνασθαι,</span> 
     </span>
    </p>
   </div>
   <div class='ocr_carea' id='block_1_68' title="bbox 425 3530 2000 3605">
    <p class='ocr_par' dir='ltr' id='par_1_68' title="bbox 425 3530 2000 3605">
     <span class='ocr_line' id='line_1_68' title="bbox 425 3530 2000 3605; baseline -0.001 -18"><span class='ocrx_word' id='word_1_472' title='bbox 425 3535 640 3605; x_wconf 73' lang='grc' dir='ltr'>βοηθεῖν</span> <span class='ocrx_word' id='word_1_473' title='bbox 661 3536 797 3604; x_wconf 72' lang='grc' dir='ltr'>ἡμῖν</span> <span class='ocrx_word' id='word_1_474' title='bbox 828 3530 1171 3600; x_wconf 77' lang='grc' dir='ltr'>ἀγιυνίσασθε</span> <span class='ocrx_word' id='word_1_475' title='bbox 1203 3546 1216 3558; x_wconf 90' lang='grc'><strong>·</strong></span> <span class='ocrx_word' id='word_1_476' title='bbox 1259 3531 1350 3584; x_wconf 88' lang='grc' dir='ltr'><strong>ἴνα</strong></span> <span class='ocrx_word' id='word_1_477' title='bbox 1383 3531 1458 3602; x_wconf 81' lang='grc' dir='ltr'>μὴ</span> <span class='ocrx_word' id='word_1_478' title='bbox 1507 3531 1706 3594; x_wconf 80' lang='grc' dir='ltr'>καύτὸς</span> <span class='ocrx_word' id='word_1_479' title='bbox 1743 3531 1873 3601; x_wconf 78' lang='grc' dir='ltr'><strong>ἐγὼ,</strong></span> <span class='ocrx_word' id='word_1_480' title='bbox 1905 3535 2000 3586; x_wconf 74' lang='grc' dir='ltr'>καὶ</span> 
     </span>
    </p>
   </div>
   <div class='ocr_carea' id='block_1_69' title="bbox 424 3621 2000 3696">
    <p class='ocr_par' dir='ltr' id='par_1_69' title="bbox 424 3621 2000 3696">
     <span class='ocr_line' id='line_1_69' title="bbox 424 3621 2000 3696; baseline -0.001 -19"><span class='ocrx_word' id='word_1_481' title='bbox 424 3627 490 3678; x_wconf 72' lang='grc' dir='ltr'><strong>τά</strong></span> <span class='ocrx_word' id='word_1_482' title='bbox 510 3623 748 3696; x_wconf 79' lang='grc' dir='ltr'>Χριστοῦ</span> <span class='ocrx_word' id='word_1_483' title='bbox 774 3623 949 3676; x_wconf 86' lang='grc' dir='ltr'>ταῦτα</span> <span class='ocrx_word' id='word_1_484' title='bbox 977 3623 1043 3676; x_wconf 78' lang='grc' dir='ltr'><strong>τά</strong></span> <span class='ocrx_word' id='word_1_485' title='bbox 1059 3621 1367 3692; x_wconf 82' lang='grc' dir='ltr'>τιμιώτατα</span> <span class='ocrx_word' id='word_1_486' title='bbox 1389 3622 1638 3692; x_wconf 88' lang='grc' dir='ltr'>πρόϐατα</span> <span class='ocrx_word' id='word_1_487' title='bbox 1670 3622 2000 3694; x_wconf 82' lang='grc' dir='ltr'>θηριάλωτοι</span> 
     </span>
    </p>
   </div>
   <div class='ocr_carea' id='block_1_70' title="bbox 423 3714 1541 3790">
    <p class='ocr_par' dir='ltr' id='par_1_70' title="bbox 423 3714 1541 3790">
     <span class='ocr_line' id='line_1_70' title="bbox 423 3714 1541 3790; baseline -0.002 -20"><span class='ocrx_word' id='word_1_488' title='bbox 423 3719 574 3790; x_wconf 80' lang='grc' dir='ltr'>παρὰ.</span> <span class='ocrx_word' id='word_1_489' title='bbox 603 3717 699 3786; x_wconf 79' lang='grc' dir='ltr'>τὴν</span> <span class='ocrx_word' id='word_1_490' title='bbox 732 3717 870 3785; x_wconf 80' lang='grc' dir='ltr'>ἐμὴν</span> <span class='ocrx_word' id='word_1_491' title='bbox 897 3715 1201 3784; x_wconf 85' lang='grc' dir='ltr'>ἀδυναμίαν</span> <span class='ocrx_word' id='word_1_492' title='bbox 1231 3714 1541 3784; x_wconf 79' lang='grc' dir='ltr'>γενοίμεθα.</span> 
     </span>
    </p>
   </div>
   <div class='ocr_carea' id='block_1_71' title="bbox 499 3803 2001 3876">
    <p class='ocr_par' dir='ltr' id='par_1_71' title="bbox 499 3803 2001 3876">
     <span class='ocr_line' id='line_1_71' title="bbox 499 3803 2001 3876; baseline 0 -16"><span class='ocrx_word' id='word_1_493' title='bbox 499 3808 612 3876; x_wconf 76' lang='grc' dir='ltr'>Τὴν</span> <span class='ocrx_word' id='word_1_494' title='bbox 641 3808 762 3874; x_wconf 80' lang='grc' dir='ltr'>ἴσην</span> <span class='ocrx_word' id='word_1_495' title='bbox 793 3806 848 3858; x_wconf 82' lang='grc' dir='ltr'>δὲ</span> <span class='ocrx_word' id='word_1_496' title='bbox 899 3807 1028 3876; x_wconf 87' lang='grc' dir='ltr'>ὑμῖν</span> <span class='ocrx_word' id='word_1_497' title='bbox 1061 3803 1325 3866; x_wconf 85' lang='grc' dir='ltr'>πλουσίαν</span> <span class='ocrx_word' id='word_1_498' title='bbox 1368 3805 1487 3872; x_wconf 80' lang='grc' dir='ltr'>ἄγω</span> <span class='ocrx_word' id='word_1_499' title='bbox 1515 3805 1878 3876; x_wconf 87' lang='grc' dir='ltr'>παράκλησιν,</span> <span class='ocrx_word' id='word_1_500' title='bbox 1913 3805 2001 3860; x_wconf 80' lang='grc' dir='ltr'><strong>ἵνα</strong></span> 
     </span>
    </p>
   </div>
   <div class='ocr_carea' id='block_1_72' title="bbox 425 3896 2000 3969">
    <p class='ocr_par' dir='ltr' id='par_1_72' title="bbox 425 3896 2000 3969">
     <span class='ocr_line' id='line_1_72' title="bbox 425 3896 2000 3969; baseline -0.001 -18"><span class='ocrx_word' id='word_1_501' title='bbox 425 3899 620 3967; x_wconf 77' lang='grc' dir='ltr'>ἐκτενῆ</span> <span class='ocrx_word' id='word_1_502' title='bbox 652 3897 880 3967; x_wconf 83' lang='grc' dir='ltr'>ποιῆσθε</span> <span class='ocrx_word' id='word_1_503' title='bbox 904 3899 997 3950; x_wconf 76' lang='grc' dir='ltr'>καὶ</span> <span class='ocrx_word' id='word_1_504' title='bbox 1018 3897 1295 3951; x_wconf 84' lang='grc' dir='ltr'>ἄπαυστον</span> <span class='ocrx_word' id='word_1_505' title='bbox 1316 3896 1414 3967; x_wconf 78' lang='grc' dir='ltr'>τὴν</span> <span class='ocrx_word' id='word_1_506' title='bbox 1444 3896 1581 3969; x_wconf 86' lang='grc' dir='ltr'>πρὸς</span> <span class='ocrx_word' id='word_1_507' title='bbox 1601 3897 1734 3951; x_wconf 85' lang='grc' dir='ltr'>Θεὸν</span> <span class='ocrx_word' id='word_1_508' title='bbox 1768 3897 2000 3950; x_wconf 80' lang='grc' dir='ltr'>ἱκετείαν</span> 
     </span>
    </p>
   </div>
   <div class='ocr_carea' id='block_1_73' title="bbox 423 3987 2000 4060">
    <p class='ocr_par' dir='ltr' id='par_1_73' title="bbox 423 3987 2000 4060">
     <span class='ocr_line' id='line_1_73' title="bbox 423 3987 2000 4060; baseline -0.002 -17"><span class='ocrx_word' id='word_1_509' title='bbox 423 3992 522 4044; x_wconf 85' lang='grc' dir='ltr'>καὶ</span> <span class='ocrx_word' id='word_1_510' title='bbox 550 3989 734 4060; x_wconf 77' lang='grc' dir='ltr'>δέησιν</span> <span class='ocrx_word' id='word_1_511' title='bbox 771 3989 912 4058; x_wconf 84' lang='grc' dir='ltr'>ὑπὲρ</span> <span class='ocrx_word' id='word_1_512' title='bbox 939 3987 1044 4041; x_wconf 84' lang='grc' dir='ltr'><strong>τῶν</strong></span> <span class='ocrx_word' id='word_1_513' title='bbox 1089 3988 1454 4060; x_wconf 86' lang='grc' dir='ltr'>φιλοχρίστων</span> <span class='ocrx_word' id='word_1_514' title='bbox 1491 3989 1588 4041; x_wconf 79' lang='grc' dir='ltr'>καὶ</span> <span class='ocrx_word' id='word_1_515' title='bbox 1617 3988 2000 4055; x_wconf 83' lang='grc' dir='ltr'>γαληνοτάτων</span> 
     </span>
    </p>
   </div>
   <div class='ocr_carea' id='block_1_74' title="bbox 420 4077 2002 4152">
    <p class='ocr_par' dir='ltr' id='par_1_74' title="bbox 420 4077 2002 4152">
     <span class='ocr_line' id='line_1_74' title="bbox 420 4077 2002 4152; baseline -0.001 -18"><span class='ocrx_word' id='word_1_516' title='bbox 420 4081 587 4152; x_wconf 73' lang='grc' dir='ltr'>ἡμῶν</span> <span class='ocrx_word' id='word_1_517' title='bbox 621 4079 907 4142; x_wconf 79' lang='grc' dir='ltr'>βασιλέων,</span> <span class='ocrx_word' id='word_1_518' title='bbox 931 4079 1041 4134; x_wconf 85' lang='grc' dir='ltr'><strong>τῶν</strong></span> <span class='ocrx_word' id='word_1_519' title='bbox 1081 4079 1266 4133; x_wconf 80' lang='grc' dir='ltr'>θεόθεν</span> <span class='ocrx_word' id='word_1_520' title='bbox 1293 4082 1394 4149; x_wconf 82' lang='grc' dir='ltr'>τῆς</span> <span class='ocrx_word' id='word_1_521' title='bbox 1424 4077 1698 4148; x_wconf 81' lang='grc' dir='ltr'>βασιλείας</span> <span class='ocrx_word' id='word_1_522' title='bbox 1731 4080 2002 4150; x_wconf 84' lang='grc' dir='ltr'>λαχόντων</span> 
     </span>
    </p>
   </div>
   <div class='ocr_carea' id='block_1_75' title="bbox 419 4171 1999 4242">
    <p class='ocr_par' dir='ltr' id='par_1_75' title="bbox 419 4171 1999 4242">
     <span class='ocr_line' id='line_1_75' title="bbox 419 4171 1999 4242; baseline -0.003 -15"><span class='ocrx_word' id='word_1_523' title='bbox 419 4173 555 4237; x_wconf 76' lang='grc' dir='ltr'>τοὺς</span> <span class='ocrx_word' id='word_1_524' title='bbox 593 4173 817 4237; x_wconf 77' lang='grc' dir='ltr'>οίακαςο</span> <span class='ocrx_word' id='word_1_525' title='bbox 867 4173 1014 4234; x_wconf 82' lang='grc' dir='ltr'>ὅπως</span> <span class='ocrx_word' id='word_1_526' title='bbox 1047 4171 1233 4234; x_wconf 81' lang='grc' dir='ltr'>αὐτοῖς</span> <span class='ocrx_word' id='word_1_527' title='bbox 1289 4171 1688 4242; x_wconf 87' lang='grc' dir='ltr'>φιλοικτίρμων</span> <span class='ocrx_word' id='word_1_528' title='bbox 1725 4171 1857 4234; x_wconf 86' lang='grc' dir='ltr'>Θεὸς</span> <span class='ocrx_word' id='word_1_529' title='bbox 1907 4171 1999 4224; x_wconf 58' lang='grc' dir='ltr'>καὶ</span> 
     </span>
    </p>
   </div>
   <div class='ocr_carea' id='block_1_76' title="bbox 423 4261 2004 4335">
    <p class='ocr_par' dir='ltr' id='par_1_76' title="bbox 423 4261 2004 4335">
     <span class='ocr_line' id='line_1_76' title="bbox 423 4261 2004 4335; baseline -0.003 -18"><span class='ocrx_word' id='word_1_530' title='bbox 423 4265 828 4335; x_wconf 75' lang='grc' dir='ltr'>φιλάνθρωπος,</span> <span class='ocrx_word' id='word_1_531' title='bbox 864 4265 892 4316; x_wconf 87' lang='grc' dir='ltr'><strong>ό</strong></span> <span class='ocrx_word' id='word_1_532' title='bbox 925 4265 1020 4316; x_wconf 78' lang='grc' dir='ltr'><strong>καὶ</strong></span> <span class='ocrx_word' id='word_1_533' title='bbox 1064 4262 1294 4332; x_wconf 87' lang='grc' dir='ltr'>δύναμιν</span> <span class='ocrx_word' id='word_1_534' title='bbox 1333 4261 1472 4332; x_wconf 77' lang='grc' dir='ltr'>ἔχων</span> <span class='ocrx_word' id='word_1_535' title='bbox 1508 4261 1755 4333; x_wconf 85' lang='grc' dir='ltr'>ίσοσθενῆ</span> <span class='ocrx_word' id='word_1_536' title='bbox 1783 4263 1862 4333; x_wconf 82' lang='grc' dir='ltr'><strong>τῷ</strong></span> <span class='ocrx_word' id='word_1_537' title='bbox 1883 4262 2004 4332; x_wconf 83' lang='grc' dir='ltr'>βου-</span> 
     </span>
    </p>
   </div>
   <div class='ocr_carea' id='block_1_77' title="bbox 423 4342 2078 4428">
    <p class='ocr_par' dir='ltr' id='par_1_77' title="bbox 423 4342 2078 4428">
     <span class='ocr_line' id='line_1_77' title="bbox 423 4342 2078 4428; baseline -0.002 -17"><span class='ocrx_word' id='word_1_538' title='bbox 423 4359 647 4428; x_wconf 83' lang='grc' dir='ltr'>λήματι,</span> <span class='ocrx_word' id='word_1_539' title='bbox 685 4360 804 4420; x_wconf 88' lang='grc' dir='ltr'>ταῖς</span> <span class='ocrx_word' id='word_1_540' title='bbox 845 4355 1138 4427; x_wconf 83' lang='grc' dir='ltr'>ὑμετέραις</span> <span class='ocrx_word' id='word_1_541' title='bbox 1177 4354 1472 4420; x_wconf 80' lang='grc' dir='ltr'>θεοδέκτοις</span> <span class='ocrx_word' id='word_1_542' title='bbox 1513 4357 1702 4426; x_wconf 84' lang='grc' dir='ltr'>εὐχαῖς</span> <span class='ocrx_word' id='word_1_543' title='bbox 1739 4355 2006 4426; x_wconf 84' lang='grc' dir='ltr'>μειλιττό-</span> <span class='ocrx_word' id='word_1_544' title='bbox 2038 4342 2078 4394; x_wconf 81' lang='grc' dir='ltr'>ί)</span> 
     </span>
    </p>
   </div>
   <div class='ocr_carea' id='block_1_78' title="bbox 429 4447 2002 4521">
    <p class='ocr_par' dir='ltr' id='par_1_78' title="bbox 429 4447 2002 4521">
     <span class='ocr_line' id='line_1_78' title="bbox 429 4447 2002 4521; baseline -0.002 -18"><span class='ocrx_word' id='word_1_545' title='bbox 429 4467 619 4521; x_wconf 88' lang='grc' dir='ltr'>μενος,</span> <span class='ocrx_word' id='word_1_546' title='bbox 675 4449 812 4503; x_wconf 79' lang='grc' dir='ltr'>ἐτῶν</span> <span class='ocrx_word' id='word_1_547' title='bbox 855 4449 954 4519; x_wconf 76' lang='grc' dir='ltr'>μὲν</span> <span class='ocrx_word' id='word_1_548' title='bbox 984 4448 1192 4518; x_wconf 84' lang='grc' dir='ltr'>πληθὺν</span> <span class='ocrx_word' id='word_1_549' title='bbox 1224 4449 1410 4512; x_wconf 85' lang='grc' dir='ltr'>αὐτοῖς</span> <span class='ocrx_word' id='word_1_550' title='bbox 1457 4447 1656 4519; x_wconf 79' lang='grc' dir='ltr'>πολλὴν</span> <span class='ocrx_word' id='word_1_551' title='bbox 1701 4448 2002 4518; x_wconf 89' lang='grc' dir='ltr'>προσχαρί-</span> 
     </span>
    </p>
   </div>
   <div class='ocr_carea' id='block_1_79' title="bbox 426 4539 2002 4614">
    <p class='ocr_par' dir='ltr' id='par_1_79' title="bbox 426 4539 2002 4614">
     <span class='ocr_line' id='line_1_79' title="bbox 426 4539 2002 4614; baseline -0.002 -20"><span class='ocrx_word' id='word_1_552' title='bbox 426 4559 616 4614; x_wconf 84' lang='grc' dir='ltr'>σηται,</span> <span class='ocrx_word' id='word_1_553' title='bbox 654 4543 812 4606; x_wconf 78' lang='grc' dir='ltr'>νίκας</span> <span class='ocrx_word' id='word_1_554' title='bbox 843 4559 902 4595; x_wconf 86' lang='grc' dir='ltr'><strong>τε</strong></span> <span class='ocrx_word' id='word_1_555' title='bbox 933 4540 1196 4610; x_wconf 77' lang='grc' dir='ltr'>μεγίστας</span> <span class='ocrx_word' id='word_1_556' title='bbox 1229 4540 1372 4594; x_wconf 88' lang='grc' dir='ltr'><strong>κατά</strong></span> <span class='ocrx_word' id='word_1_557' title='bbox 1398 4540 1699 4612; x_wconf 87' lang='grc' dir='ltr'>Βαρϐάρων</span> <span class='ocrx_word' id='word_1_558' title='bbox 1742 4539 1857 4610; x_wconf 85' lang='grc' dir='ltr'>δοίη</span> <span class='ocrx_word' id='word_1_559' title='bbox 1909 4540 2002 4592; x_wconf 76' lang='grc' dir='ltr'><strong>καὶ</strong></span> 
     </span>
    </p>
   </div>
   <div class='ocr_carea' id='block_1_80' title="bbox 424 4630 2002 4705">
    <p class='ocr_par' dir='ltr' id='par_1_80' title="bbox 424 4630 2002 4705">
     <span class='ocr_line' id='line_1_80' title="bbox 424 4630 2002 4705; baseline -0.005 -15"><span class='ocrx_word' id='word_1_560' title='bbox 424 4633 684 4705; x_wconf 83' lang='grc' dir='ltr'>τρόπαια,</span> <span class='ocrx_word' id='word_1_561' title='bbox 737 4632 832 4686; x_wconf 73' lang='grc' dir='ltr'>καὶ</span> <span class='ocrx_word' id='word_1_562' title='bbox 872 4631 1080 4684; x_wconf 87' lang='grc' dir='ltr'>παίδων</span> <span class='ocrx_word' id='word_1_563' title='bbox 1137 4633 1322 4684; x_wconf 75' lang='grc' dir='ltr'>παισὶν</span> <span class='ocrx_word' id='word_1_564' title='bbox 1371 4630 1568 4691; x_wconf 78' lang='grc' dir='ltr'>αὐτοὺς</span> <span class='ocrx_word' id='word_1_565' title='bbox 1615 4630 2002 4700; x_wconf 82' lang='grc' dir='ltr'>στεφανώσειε,</span> 
     </span>
    </p>
   </div>
   <div class='ocr_carea' id='block_1_81' title="bbox 425 4722 2000 4797">
    <p class='ocr_par' dir='ltr' id='par_1_81' title="bbox 425 4722 2000 4797">
     <span class='ocr_line' id='line_1_81' title="bbox 425 4722 2000 4797; baseline -0.005 -15"><span class='ocrx_word' id='word_1_566' title='bbox 425 4728 523 4782; x_wconf 77' lang='grc' dir='ltr'><strong>καὶ</strong></span> <span class='ocrx_word' id='word_1_567' title='bbox 537 4727 730 4797; x_wconf 74' lang='grc' dir='ltr'>εἰρήνῃ</span> <span class='ocrx_word' id='word_1_568' title='bbox 750 4723 905 4794; x_wconf 81' lang='grc' dir='ltr'>θεῖκῇ</span> <span class='ocrx_word' id='word_1_569' title='bbox 936 4723 1302 4796; x_wconf 82' lang='grc' dir='ltr'>χαρακώσειε,</span> <span class='ocrx_word' id='word_1_570' title='bbox 1328 4725 1422 4776; x_wconf 80' lang='grc' dir='ltr'>καὶ</span> <span class='ocrx_word' id='word_1_571' title='bbox 1441 4726 1698 4793; x_wconf 82' lang='grc' dir='ltr'>σκῆπτρα</span> <span class='ocrx_word' id='word_1_572' title='bbox 1720 4722 2000 4793; x_wconf 87' lang='grc' dir='ltr'>παράσχοι</span> 
     </span>
    </p>
   </div>
   <div class='ocr_carea' id='block_1_82' title="bbox 427 4813 2002 4886">
    <p class='ocr_par' dir='ltr' id='par_1_82' title="bbox 427 4813 2002 4886">
     <span class='ocr_line' id='line_1_82' title="bbox 427 4813 2002 4886; baseline -0.001 -18"><span class='ocrx_word' id='word_1_573' title='bbox 427 4817 668 4885; x_wconf 81' lang='grc' dir='ltr'>κραταιά</span> <span class='ocrx_word' id='word_1_574' title='bbox 691 4815 784 4868; x_wconf 73' lang='grc' dir='ltr'>καὶ</span> <span class='ocrx_word' id='word_1_575' title='bbox 807 4814 1100 4885; x_wconf 79' lang='grc' dir='ltr'>ὲνδύναμα,</span> <span class='ocrx_word' id='word_1_576' title='bbox 1133 4815 1435 4886; x_wconf 87' lang='grc' dir='ltr'>Βαρϐάρων</span> <span class='ocrx_word' id='word_1_577' title='bbox 1471 4813 1570 4884; x_wconf 79' lang='grc' dir='ltr'>μὲν</span> <span class='ocrx_word' id='word_1_578' title='bbox 1597 4815 1874 4875; x_wconf 83' lang='grc' dir='ltr'>ἁπάντων,</span> <span class='ocrx_word' id='word_1_579' title='bbox 1895 4814 2002 4882; x_wconf 84' lang='grc' dir='ltr'>μά-</span> 
     </span>
    </p>
   </div>
   <div class='ocr_carea' id='block_1_83' title="bbox 426 4902 2002 4978">
    <p class='ocr_par' dir='ltr' id='par_1_83' title="bbox 426 4902 2002 4978">
     <span class='ocr_line' id='line_1_83' title="bbox 426 4902 2002 4978; baseline -0.003 -18"><span class='ocrx_word' id='word_1_580' title='bbox 426 4907 581 4960; x_wconf 84' lang='grc' dir='ltr'>λιστα</span> <span class='ocrx_word' id='word_1_581' title='bbox 603 4907 660 4960; x_wconf 83' lang='grc' dir='ltr'>δὲ</span> <span class='ocrx_word' id='word_1_582' title='bbox 707 4906 1062 4977; x_wconf 86' lang='grc' dir='ltr'>Σαρακηνῶν,</span> <span class='ocrx_word' id='word_1_583' title='bbox 1088 4909 1262 4978; x_wconf 79' lang='grc' dir='ltr'>ὀφρὺν</span> <span class='ocrx_word' id='word_1_584' title='bbox 1299 4904 1768 4974; x_wconf 87' lang='grc' dir='ltr'>καταθράττοντα,</span> <span class='ocrx_word' id='word_1_585' title='bbox 1793 4904 1904 4956; x_wconf 83' lang='grc' dir='ltr'>τῶν</span> <span class='ocrx_word' id='word_1_586' title='bbox 1935 4902 2002 4956; x_wconf 88' lang='grc' dir='ltr'><strong>δι’</strong></span> 
     </span>
    </p>
   </div>
   <div class='ocr_carea' id='block_1_84' title="bbox 426 4997 2000 5070">
    <p class='ocr_par' dir='ltr' id='par_1_84' title="bbox 426 4997 2000 5070">
     <span class='ocr_line' id='line_1_84' title="bbox 426 4997 2000 5070; baseline -0.004 -16"><span class='ocrx_word' id='word_1_587' title='bbox 426 4999 704 5070; x_wconf 83' lang='grc' dir='ltr'>ἁμαρτίας</span> <span class='ocrx_word' id='word_1_588' title='bbox 740 4998 898 5068; x_wconf 73' lang='grc' dir='ltr'>ἡμῶν</span> <span class='ocrx_word' id='word_1_589' title='bbox 938 4999 1216 5070; x_wconf 82' lang='grc' dir='ltr'>ἀδοκήτως</span> <span class='ocrx_word' id='word_1_590' title='bbox 1253 4997 1350 5052; x_wconf 90' lang='grc' dir='ltr'><strong>νῦν</strong></span> <span class='ocrx_word' id='word_1_591' title='bbox 1388 4999 1520 5069; x_wconf 74' lang='grc' dir='ltr'>ἡμῖν</span> <span class='ocrx_word' id='word_1_592' title='bbox 1554 4997 2000 5056; x_wconf 72' lang='grc' dir='ltr'>ἐπαναστάντων,</span> 
     </span>
    </p>
   </div>
   <div class='ocr_carea' id='block_1_85' title="bbox 428 5089 2003 5163">
    <p class='ocr_par' dir='ltr' id='par_1_85' title="bbox 428 5089 2003 5163">
     <span class='ocr_line' id='line_1_85' title="bbox 428 5089 2003 5163; baseline -0.003 -18"><span class='ocrx_word' id='word_1_593' title='bbox 428 5091 526 5145; x_wconf 84' lang='grc' dir='ltr'>καί</span> <span class='ocrx_word' id='word_1_594' title='bbox 555 5092 734 5144; x_wconf 84' lang='grc' dir='ltr'>πάντα</span> <span class='ocrx_word' id='word_1_595' title='bbox 759 5091 1092 5162; x_wconf 74' lang='grc' dir='ltr'>ληϊζομένων</span> <span class='ocrx_word' id='word_1_596' title='bbox 1109 5089 1247 5163; x_wconf 81' lang='grc' dir='ltr'>ὠμῷ</span> <span class='ocrx_word' id='word_1_597' title='bbox 1275 5091 1366 5144; x_wconf 77' lang='grc' dir='ltr'><strong>καὶ</strong></span> <span class='ocrx_word' id='word_1_598' title='bbox 1393 5089 1647 5162; x_wconf 85' lang='grc' dir='ltr'>θηριώδει</span> <span class='ocrx_word' id='word_1_599' title='bbox 1671 5091 2003 5160; x_wconf 87' lang='grc' dir='ltr'>φρονήματι,</span> 
     </span>
    </p>
   </div>
   <div class='ocr_carea' id='block_1_86' title="bbox 428 5177 2006 5252">
    <p class='ocr_par' dir='ltr' id='par_1_86' title="bbox 428 5177 2006 5252">
     <span class='ocr_line' id='line_1_86' title="bbox 428 5177 2006 5252; baseline 0 -18"><span class='ocrx_word' id='word_1_600' title='bbox 428 5183 525 5236; x_wconf 75' lang='grc' dir='ltr'>καὶ</span> <span class='ocrx_word' id='word_1_601' title='bbox 577 5180 830 5234; x_wconf 84' lang='grc' dir='ltr'>δυσσεϐεῖ</span> <span class='ocrx_word' id='word_1_602' title='bbox 873 5181 968 5234; x_wconf 68' lang='grc' dir='ltr'>καὶ</span> <span class='ocrx_word' id='word_1_603' title='bbox 1013 5181 1160 5252; x_wconf 81' lang='grc' dir='ltr'>ἀθέῳ</span> <span class='ocrx_word' id='word_1_604' title='bbox 1209 5181 1534 5251; x_wconf 76' lang='grc' dir='ltr'>τολμήματι.</span> <span class='ocrx_word' id='word_1_605' title='bbox 1595 5180 1686 5232; x_wconf 84' lang='grc' dir='ltr'>Διὸ</span> <span class='ocrx_word' id='word_1_606' title='bbox 1731 5177 2006 5248; x_wconf 84' lang='grc' dir='ltr'>περισσῶς</span> 
     </span>
    </p>
   </div>
   <div class='ocr_carea' id='block_1_87' title="bbox 426 5271 2005 5345">
    <p class='ocr_par' dir='ltr' id='par_1_87' title="bbox 426 5271 2005 5345">
     <span class='ocr_line' id='line_1_87' title="bbox 426 5271 2005 5345; baseline -0.001 -21"><span class='ocrx_word' id='word_1_607' title='bbox 426 5273 556 5336; x_wconf 72' lang='grc' dir='ltr'>τοὺς</span> <span class='ocrx_word' id='word_1_608' title='bbox 589 5274 888 5345; x_wconf 86' lang='grc' dir='ltr'>μακαρίους</span> <span class='ocrx_word' id='word_1_609' title='bbox 937 5275 1081 5343; x_wconf 79' lang='grc' dir='ltr'>ὑμᾶς</span> <span class='ocrx_word' id='word_1_610' title='bbox 1109 5273 1425 5343; x_wconf 73' lang='grc' dir='ltr'>ἱκετεύομεν</span> <span class='ocrx_word' id='word_1_611' title='bbox 1449 5271 1840 5334; x_wconf 84' lang='grc' dir='ltr'>ὲκτενεστάτας</span> <span class='ocrx_word' id='word_1_612' title='bbox 1867 5272 2005 5341; x_wconf 89' lang='grc' dir='ltr'>πρὸς</span> 
     </span>
    </p>
   </div>
   <div class='ocr_carea' id='block_1_88' title="bbox 428 5359 2006 5433">
    <p class='ocr_par' dir='ltr' id='par_1_88' title="bbox 428 5359 2006 5433">
     <span class='ocr_line' id='line_1_88' title="bbox 428 5359 2006 5433; baseline -0.003 -17"><span class='ocrx_word' id='word_1_613' title='bbox 428 5362 665 5433; x_wconf 80' lang='grc' dir='ltr'>Χριστὸν</span> <span class='ocrx_word' id='word_1_614' title='bbox 707 5363 806 5424; x_wconf 77' lang='grc' dir='ltr'><strong>τὰς</strong></span> <span class='ocrx_word' id='word_1_615' title='bbox 837 5363 1053 5432; x_wconf 86' lang='grc' dir='ltr'>δεήσεις</span> <span class='ocrx_word' id='word_1_616' title='bbox 1096 5361 1446 5433; x_wconf 78' lang='grc' dir='ltr'>ποιήσασθαι,</span> <span class='ocrx_word' id='word_1_617' title='bbox 1487 5363 1637 5423; x_wconf 79' lang='grc' dir='ltr'>ὅπως</span> <span class='ocrx_word' id='word_1_618' title='bbox 1678 5359 1884 5422; x_wconf 86' lang='grc' dir='ltr'>ταύτας</span> <span class='ocrx_word' id='word_1_619' title='bbox 1915 5361 2006 5413; x_wconf 86' lang='grc' dir='ltr'>εὑ-</span> 
     </span>
    </p>
   </div>
   <div class='ocr_carea' id='block_1_89' title="bbox 435 5452 2006 5526">
    <p class='ocr_par' dir='ltr' id='par_1_89' title="bbox 435 5452 2006 5526">
     <span class='ocr_line' id='line_1_89' title="bbox 435 5452 2006 5526; baseline -0.002 -19"><span class='ocrx_word' id='word_1_620' title='bbox 435 5452 610 5521; x_wconf 59' lang='lat' dir='ltr'><strong>pauci;</strong></span> <span class='ocrx_word' id='word_1_621' title='bbox 646 5453 781 5525; x_wconf 82' lang='grc' dir='ltr'>πρὸς</span> <span class='ocrx_word' id='word_1_622' title='bbox 810 5454 966 5524; x_wconf 84' lang='grc' dir='ltr'>ὑμῶν</span> <span class='ocrx_word' id='word_1_623' title='bbox 995 5455 1412 5526; x_wconf 79' lang='grc' dir='ltr'>προσηκάμενος</span> <span class='ocrx_word' id='word_1_624' title='bbox 1441 5455 1770 5511; x_wconf 84' lang='grc' dir='ltr'>καταϐάλλοι</span> <span class='ocrx_word' id='word_1_625' title='bbox 1811 5455 2006 5508; x_wconf 78' lang='grc' dir='ltr'>θάττον</span> 
     </span>
    </p>
   </div>
   <div class='ocr_carea' id='block_1_90' title="bbox 2099 3164 3666 3244">
    <p class='ocr_par' dir='ltr' id='par_1_90' title="bbox 2099 3164 3666 3244">
     <span class='ocr_line' id='line_1_90' title="bbox 2099 3164 3666 3244; baseline -0.008 -16"><span class='ocrx_word' id='word_1_626' title='bbox 2099 3183 2476 3244; x_wconf 74' lang='lat' dir='ltr'><strong>augmentum,</strong></span> <span class='ocrx_word' id='word_1_627' title='bbox 2500 3181 2558 3226; x_wconf 90' lang='lat' dir='ltr'><strong>et</strong></span> <span class='ocrx_word' id='word_1_628' title='bbox 2583 3170 2970 3241; x_wconf 73' lang='lat' dir='ltr'><strong>pinguedinem</strong></span> <span class='ocrx_word' id='word_1_629' title='bbox 2997 3167 3215 3237; x_wconf 87' lang='lat' dir='ltr'><strong>pascuis</strong></span> <span class='ocrx_word' id='word_1_630' title='bbox 3243 3165 3463 3236; x_wconf 84' lang='lat' dir='ltr'><strong>eptimis</strong></span> <span class='ocrx_word' id='word_1_631' title='bbox 3485 3164 3666 3218; x_wconf 80' lang='lat' dir='ltr'><strong>excel-</strong></span> 
     </span>
    </p>
   </div>
   <div class='ocr_carea' id='block_1_91' title="bbox 2099 3259 3668 3332">
    <p class='ocr_par' dir='ltr' id='par_1_91' title="bbox 2099 3259 3668 3332">
     <span class='ocr_line' id='line_1_91' title="bbox 2099 3259 3668 3332; baseline -0.008 -12"><span class='ocrx_word' id='word_1_632' title='bbox 2099 3269 2298 3320; x_wconf 85' lang='lat' dir='ltr'><strong>lentem</strong></span> <span class='ocrx_word' id='word_1_633' title='bbox 2332 3265 2468 3328; x_wconf 90' lang='lat' dir='ltr'><strong>scio,</strong></span> <span class='ocrx_word' id='word_1_634' title='bbox 2499 3273 2551 3318; x_wconf 92' lang='lat' dir='ltr'><strong>et</strong></span> <span class='ocrx_word' id='word_1_635' title='bbox 2573 3262 2865 3332; x_wconf 87' lang='lat' dir='ltr'><strong>aliquando</strong></span> <span class='ocrx_word' id='word_1_636' title='bbox 2902 3277 2931 3314; x_wconf 92' lang='lat' dir='ltr'><strong>a</strong></span> <span class='ocrx_word' id='word_1_637' title='bbox 2956 3260 3178 3314; x_wconf 85' lang='lat' dir='ltr'><strong>Clu-isto</strong></span> <span class='ocrx_word' id='word_1_638' title='bbox 3207 3267 3487 3328; x_wconf 79' lang='lat' dir='ltr'><strong>pastorum</strong></span> <span class='ocrx_word' id='word_1_639' title='bbox 3519 3259 3668 3326; x_wconf 86' lang='lat' dir='ltr'><strong>prin-</strong></span> 
     </span>
    </p>
   </div>
   <div class='ocr_carea' id='block_1_92' title="bbox 2097 3346 3669 3426">
    <p class='ocr_par' dir='ltr' id='par_1_92' title="bbox 2097 3346 3669 3426">
     <span class='ocr_line' id='line_1_92' title="bbox 2097 3346 3669 3426; baseline -0.008 -14"><span class='ocrx_word' id='word_1_640' title='bbox 2097 3360 2216 3426; x_wconf 88' lang='lat' dir='ltr'><strong>cipe</strong></span> <span class='ocrx_word' id='word_1_641' title='bbox 2245 3372 2272 3408; x_wconf 89' lang='lat' dir='ltr'><strong>a</strong></span> <span class='ocrx_word' id='word_1_642' title='bbox 2294 3373 2378 3410; x_wconf 84' lang='lat' dir='ltr'><strong>tne</strong></span> <span class='ocrx_word' id='word_1_643' title='bbox 2395 3357 2713 3422; x_wconf 77' lang='lat' dir='ltr'><strong>exigendam</strong></span> <span class='ocrx_word' id='word_1_644' title='bbox 2734 3368 2998 3422; x_wconf 74' lang='lat' dir='ltr'><strong>agnosco:</strong></span> <span class='ocrx_word' id='word_1_645' title='bbox 3022 3351 3115 3406; x_wconf 86' lang='lat' dir='ltr'><strong>sed</strong></span> <span class='ocrx_word' id='word_1_646' title='bbox 3142 3348 3351 3418; x_wconf 82' lang='lat' dir='ltr'><strong>siquid,</strong></span> <span class='ocrx_word' id='word_1_647' title='bbox 3381 3347 3486 3400; x_wconf 90' lang='lat' dir='ltr'><strong>Deo</strong></span> <span class='ocrx_word' id='word_1_648' title='bbox 3500 3346 3669 3400; x_wconf 85' lang='lat' dir='ltr'><strong>Itono-</strong></span> 
     </span>
    </p>
   </div>
   <div class='ocr_carea' id='block_1_93' title="bbox 2100 3437 3668 3517">
    <p class='ocr_par' dir='ltr' id='par_1_93' title="bbox 2100 3437 3668 3517">
     <span class='ocr_line' id='line_1_93' title="bbox 2100 3437 3668 3517; baseline -0.009 -13"><span class='ocrx_word' id='word_1_649' title='bbox 2100 3450 2322 3512; x_wconf 80' lang='lat' dir='ltr'><strong>rabilt-s,</strong></span> <span class='ocrx_word' id='word_1_650' title='bbox 2395 3447 2703 3517; x_wconf 86' lang='lat' dir='ltr'><strong>potueritis,</strong></span> <span class='ocrx_word' id='word_1_651' title='bbox 2769 3446 2878 3498; x_wconf 87' lang='lat' dir='ltr'><strong>Deo</strong></span> <span class='ocrx_word' id='word_1_652' title='bbox 2910 3445 2974 3497; x_wconf 87' lang='lat' dir='ltr'><strong>ad</strong></span> <span class='ocrx_word' id='word_1_653' title='bbox 3041 3439 3450 3512; x_wconf 71' lang='lat' dir='ltr'><strong>suifragandum</strong></span> <span class='ocrx_word' id='word_1_654' title='bbox 3509 3437 3668 3491; x_wconf 88' lang='lat' dir='ltr'><strong>nobis</strong></span> 
     </span>
    </p>
   </div>
   <div class='ocr_carea' id='block_1_94' title="bbox 2099 3526 3668 3598">
    <p class='ocr_par' dir='ltr' id='par_1_94' title="bbox 2099 3526 3668 3598">
     <span class='ocr_line' id='line_1_94' title="bbox 2099 3526 3668 3598; baseline -0.01 -4"><span class='ocrx_word' id='word_1_655' title='bbox 2099 3533 2466 3598; x_wconf 78' lang='lat' dir='ltr'><strong>contionante,</strong></span> <span class='ocrx_word' id='word_1_656' title='bbox 2497 3536 2750 3589; x_wconf 80' lang='lat' dir='ltr'><strong>virtutem</strong></span> <span class='ocrx_word' id='word_1_657' title='bbox 2777 3540 3112 3594; x_wconf 85' lang='lat' dir='ltr'><strong>concertate,</strong></span> <span class='ocrx_word' id='word_1_658' title='bbox 3143 3546 3212 3584; x_wconf 88' lang='lat' dir='ltr'><strong>ne</strong></span> <span class='ocrx_word' id='word_1_659' title='bbox 3235 3537 3290 3584; x_wconf 87' lang='lat' dir='ltr'><strong>et</strong></span> <span class='ocrx_word' id='word_1_660' title='bbox 3317 3543 3418 3598; x_wconf 85' lang='lat' dir='ltr'><strong>ego</strong></span> <span class='ocrx_word' id='word_1_661' title='bbox 3449 3526 3584 3594; x_wconf 86' lang='lat' dir='ltr'><strong>ipse,</strong></span> <span class='ocrx_word' id='word_1_662' title='bbox 3613 3532 3668 3580; x_wconf 88' lang='lat' dir='ltr'><strong>et</strong></span> 
     </span>
    </p>
   </div>
   <div class='ocr_carea' id='block_1_95' title="bbox 2101 3615 3670 3697">
    <p class='ocr_par' dir='ltr' id='par_1_95' title="bbox 2101 3615 3670 3697">
     <span class='ocr_line' id='line_1_95' title="bbox 2101 3615 3670 3697; baseline -0.009 -13"><span class='ocrx_word' id='word_1_663' title='bbox 2101 3633 2180 3684; x_wconf 71' lang='lat' dir='ltr'><strong>Ita:</strong></span> <span class='ocrx_word' id='word_1_664' title='bbox 2212 3628 2623 3697; x_wconf 77' lang='lat' dir='ltr'><strong>pretiosissima:</strong></span> <span class='ocrx_word' id='word_1_665' title='bbox 2644 3624 2847 3678; x_wconf 80' lang='lat' dir='ltr'><strong>Christi</strong></span> <span class='ocrx_word' id='word_1_666' title='bbox 2882 3639 3014 3677; x_wconf 84' lang='lat' dir='ltr'><strong>oves</strong></span> <span class='ocrx_word' id='word_1_667' title='bbox 3045 3628 3267 3692; x_wconf 86' lang='lat' dir='ltr'><strong>propter</strong></span> <span class='ocrx_word' id='word_1_668' title='bbox 3292 3633 3467 3673; x_wconf 86' lang='lat' dir='ltr'><strong>meatu</strong></span> <span class='ocrx_word' id='word_1_669' title='bbox 3497 3615 3670 3670; x_wconf 76' lang='lat' dir='ltr'><strong>imbe~</strong></span> 
     </span>
    </p>
   </div>
   <div class='ocr_carea' id='block_1_96' title="bbox 2101 3716 3012 3783">
    <p class='ocr_par' dir='ltr' id='par_1_96' title="bbox 2101 3716 3012 3783">
     <span class='ocr_line' id='line_1_96' title="bbox 2101 3716 3012 3783; baseline -0.01 -11"><span class='ocrx_word' id='word_1_670' title='bbox 2101 3720 2382 3772; x_wconf 88' lang='lat' dir='ltr'><strong>cillitatem</strong></span> <span class='ocrx_word' id='word_1_671' title='bbox 2425 3732 2452 3768; x_wconf 89' lang='lat' dir='ltr'><strong>a</strong></span> <span class='ocrx_word' id='word_1_672' title='bbox 2487 3716 2678 3770; x_wconf 85' lang='lat' dir='ltr'><strong>bestiis</strong></span> <span class='ocrx_word' id='word_1_673' title='bbox 2707 3717 3012 3783; x_wconf 82' lang='lat' dir='ltr'><strong>capiamur.</strong></span> 
     </span>
    </p>
   </div>
   <div class='ocr_carea' id='block_1_97' title="bbox 2174 3798 3670 3880">
    <p class='ocr_par' dir='ltr' id='par_1_97' title="bbox 2174 3798 3670 3880">
     <span class='ocr_line' id='line_1_97' title="bbox 2174 3798 3670 3880; baseline -0.008 -16"><span class='ocrx_word' id='word_1_674' title='bbox 2174 3809 2460 3880; x_wconf 62' lang='lat' dir='ltr'><strong>rEqualcm</strong></span> <span class='ocrx_word' id='word_1_675' title='bbox 2493 3806 2870 3880; x_wconf 32' lang='lat' dir='ltr'><strong>atttetn‘vobis</strong></span> <span class='ocrx_word' id='word_1_676' title='bbox 2891 3805 3205 3874; x_wconf 89' lang='lat' dir='ltr'><strong>opulentam</strong></span> <span class='ocrx_word' id='word_1_677' title='bbox 3245 3798 3670 3871; x_wconf 85' lang='lat' dir='ltr'><strong>postulationem</strong></span> 
     </span>
    </p>
   </div>
   <div class='ocr_carea' id='block_1_98' title="bbox 2103 3873 3672 3964">
    <p class='ocr_par' dir='ltr' id='par_1_98' title="bbox 2103 3873 3672 3964">
     <span class='ocr_line' id='line_1_98' title="bbox 2103 3873 3672 3964; baseline -0.008 -8"><span class='ocrx_word' id='word_1_678' title='bbox 2103 3904 2296 3964; x_wconf 57' lang='grc' dir='ltr'><strong>(ἢτοι-ο,</strong></span> <span class='ocrx_word' id='word_1_679' title='bbox 2329 3911 2383 3953; x_wconf 83' lang='grc' dir='ltr'><strong>ιιι</strong></span> <span class='ocrx_word' id='word_1_680' title='bbox 2435 3873 2730 3952; x_wconf 68' lang='lat' dir='ltr'><strong>instantem</strong></span> <span class='ocrx_word' id='word_1_681' title='bbox 2773 3897 2838 3949; x_wconf 82' lang='lat' dir='ltr'><strong>ad</strong></span> <span class='ocrx_word' id='word_1_682' title='bbox 2881 3873 3048 3950; x_wconf 75' lang='lat' dir='ltr'><strong>[lcum</strong></span> <span class='ocrx_word' id='word_1_683' title='bbox 3091 3893 3551 3955; x_wconf 81' lang='lat' dir='ltr'><strong>obsecrationem,</strong></span> <span class='ocrx_word' id='word_1_684' title='bbox 3587 3898 3672 3943; x_wconf 84' lang='lat' dir='ltr'><strong>at-</strong></span> 
     </span>
    </p>
   </div>
   <div class='ocr_carea' id='block_1_99' title="bbox 2103 3979 3670 4060">
    <p class='ocr_par' dir='ltr' id='par_1_99' title="bbox 2103 3979 3670 4060">
     <span class='ocr_line' id='line_1_99' title="bbox 2103 3979 3670 4060; baseline -0.008 -15"><span class='ocrx_word' id='word_1_685' title='bbox 2103 4009 2209 4060; x_wconf 87' lang='lat' dir='ltr'><strong>que</strong></span> <span class='ocrx_word' id='word_1_686' title='bbox 2239 3989 2679 4058; x_wconf 86' lang='lat' dir='ltr'><strong>deprecationem</strong></span> <span class='ocrx_word' id='word_1_687' title='bbox 2727 3983 2976 4038; x_wconf 85' lang='lat' dir='ltr'><strong>fundatis</strong></span> <span class='ocrx_word' id='word_1_688' title='bbox 3025 3999 3125 4052; x_wconf 87' lang='lat' dir='ltr'><strong>pro</strong></span> <span class='ocrx_word' id='word_1_689' title='bbox 3177 3981 3398 4036; x_wconf 87' lang='lat' dir='ltr'><strong>Christo</strong></span> <span class='ocrx_word' id='word_1_690' title='bbox 3429 3979 3670 4041; x_wconf 78' lang='lat' dir='ltr'><strong>dilectis.</strong></span> 
     </span>
    </p>
   </div>
   <div class='ocr_carea' id='block_1_100' title="bbox 2103 4068 3714 4149">
    <p class='ocr_par' dir='ltr' id='par_1_100' title="bbox 2103 4068 3714 4149">
     <span class='ocr_line' id='line_1_100' title="bbox 2103 4068 3714 4149; baseline -0.012 -11"><span class='ocrx_word' id='word_1_691' title='bbox 2103 4093 2158 4138; x_wconf 93' lang='lat' dir='ltr'><strong>ct</strong></span> <span class='ocrx_word' id='word_1_692' title='bbox 2191 4079 2668 4149; x_wconf 79' lang='lat' dir='ltr'><strong>tranquillissimis</strong></span> <span class='ocrx_word' id='word_1_693' title='bbox 2721 4077 2925 4130; x_wconf 86' lang='lat' dir='ltr'><strong>nostris</strong></span> <span class='ocrx_word' id='word_1_694' title='bbox 2974 4072 3420 4142; x_wconf 85' lang='lat' dir='ltr'><strong>imperatoribus,</strong></span> <span class='ocrx_word' id='word_1_695' title='bbox 3463 4069 3556 4140; x_wconf 89' lang='lat' dir='ltr'><strong>qui</strong></span> <span class='ocrx_word' id='word_1_696' title='bbox 3589 4068 3674 4123; x_wconf 85' lang='lat' dir='ltr'><strong>di-</strong></span> <span class='ocrx_word' id='word_1_697' title='bbox 3697 4106 3714 4119; x_wconf 80' lang='lat'><strong>.</strong></span> 
     </span>
    </p>
   </div>
   <div class='ocr_carea' id='block_1_101' title="bbox 2107 4164 3674 4237">
    <p class='ocr_par' dir='ltr' id='par_1_101' title="bbox 2107 4164 3674 4237">
     <span class='ocr_line' id='line_1_101' title="bbox 2107 4164 3674 4237; baseline -0.009 -11"><span class='ocrx_word' id='word_1_698' title='bbox 2107 4176 2310 4227; x_wconf 87' lang='lat' dir='ltr'><strong>vinitus</strong></span> <span class='ocrx_word' id='word_1_699' title='bbox 2343 4167 2554 4237; x_wconf 89' lang='lat' dir='ltr'><strong>imperii</strong></span> <span class='ocrx_word' id='word_1_700' title='bbox 2604 4164 2976 4236; x_wconf 83' lang='lat' dir='ltr'><strong>gubernacula</strong></span> <span class='ocrx_word' id='word_1_701' title='bbox 3019 4168 3354 4222; x_wconf 88' lang='lat' dir='ltr'><strong>meruerunt,</strong></span> <span class='ocrx_word' id='word_1_702' title='bbox 3407 4169 3674 4228; x_wconf 84' lang='lat' dir='ltr'><strong>quatenus</strong></span> 
     </span>
    </p>
   </div>
   <div class='ocr_carea' id='block_1_102' title="bbox 2112 4249 3673 4332">
    <p class='ocr_par' dir='ltr' id='par_1_102' title="bbox 2112 4249 3673 4332">
     <span class='ocr_line' id='line_1_102' title="bbox 2112 4249 3673 4332; baseline -0.008 -15"><span class='ocrx_word' id='word_1_703' title='bbox 2112 4266 2228 4332; x_wconf 82' lang='lat' dir='ltr'><strong>ipse</strong></span> <span class='ocrx_word' id='word_1_704' title='bbox 2257 4257 2820 4332; x_wconf 77' lang='lat' dir='ltr'><strong>misericordissimus</strong></span> <span class='ocrx_word' id='word_1_705' title='bbox 2847 4263 3010 4324; x_wconf 84' lang='lat' dir='ltr'><strong>atque</strong></span> <span class='ocrx_word' id='word_1_706' title='bbox 3054 4253 3481 4308; x_wconf 84' lang='lat' dir='ltr'><strong>hutnanissituus</strong></span> <span class='ocrx_word' id='word_1_707' title='bbox 3510 4249 3673 4316; x_wconf 88' lang='lat' dir='ltr'><strong>Deus,</strong></span> 
     </span>
    </p>
   </div>
   <div class='ocr_carea' id='block_1_103' title="bbox 2110 4329 3674 4425">
    <p class='ocr_par' dir='ltr' id='par_1_103' title="bbox 2110 4329 3674 4425">
     <span class='ocr_line' id='line_1_103' title="bbox 2110 4329 3674 4425; baseline -0.01 -15"><span class='ocrx_word' id='word_1_708' title='bbox 2110 4329 2202 4425; x_wconf 86' lang='lat' dir='ltr'><strong>qui</strong></span> <span class='ocrx_word' id='word_1_709' title='bbox 2261 4354 2426 4407; x_wconf 88' lang='lat' dir='ltr'><strong>etiam</strong></span> <span class='ocrx_word' id='word_1_710' title='bbox 2477 4352 2734 4403; x_wconf 87' lang='lat' dir='ltr'><strong>virtutem</strong></span> <span class='ocrx_word' id='word_1_711' title='bbox 2788 4329 2948 4401; x_wconf 73' lang='lat' dir='ltr'><strong>liabet</strong></span> <span class='ocrx_word' id='word_1_712' title='bbox 2999 4345 3331 4416; x_wconf 57' lang='lat' dir='ltr'><strong>a‘quiparcm</strong></span> <span class='ocrx_word' id='word_1_713' title='bbox 3383 4344 3674 4408; x_wconf 85' lang='lat' dir='ltr'><strong>voluntati,</strong></span> 
     </span>
    </p>
   </div>
   <div class='ocr_carea' id='block_1_104' title="bbox 2113 4435 3677 4508">
    <p class='ocr_par' dir='ltr' id='par_1_104' title="bbox 2113 4435 3677 4508">
     <span class='ocr_line' id='line_1_104' title="bbox 2113 4435 3677 4508; baseline -0.006 -12"><span class='ocrx_word' id='word_1_714' title='bbox 2113 4446 2310 4499; x_wconf 82' lang='lat' dir='ltr'><strong>\estt‘is</strong></span> <span class='ocrx_word' id='word_1_715' title='bbox 2359 4440 2470 4496; x_wconf 85' lang='lat' dir='ltr'><strong>Deo</strong></span> <span class='ocrx_word' id='word_1_716' title='bbox 2521 4439 2951 4508; x_wconf 85' lang='lat' dir='ltr'><strong>acceptabilibus</strong></span> <span class='ocrx_word' id='word_1_717' title='bbox 2992 4436 3338 4491; x_wconf 87' lang='lat' dir='ltr'><strong>orationibus</strong></span> <span class='ocrx_word' id='word_1_718' title='bbox 3391 4435 3677 4502; x_wconf 79' lang='lat' dir='ltr'><strong>mitigatus</strong></span> 
     </span>
    </p>
   </div>
   <div class='ocr_carea' id='block_1_105' title="bbox 2109 4525 3680 4602">
    <p class='ocr_par' dir='ltr' id='par_1_105' title="bbox 2109 4525 3680 4602">
     <span class='ocr_line' id='line_1_105' title="bbox 2109 4525 3680 4602; baseline -0.009 -12"><span class='ocrx_word' id='word_1_719' title='bbox 2109 4549 2376 4590; x_wconf 86' lang='lat' dir='ltr'><strong>annorum</strong></span> <span class='ocrx_word' id='word_1_720' title='bbox 2409 4531 2626 4602; x_wconf 90' lang='lat' dir='ltr'><strong>quidem</strong></span> <span class='ocrx_word' id='word_1_721' title='bbox 2658 4531 2741 4584; x_wconf 83' lang='lat' dir='ltr'><strong>eis</strong></span> <span class='ocrx_word' id='word_1_722' title='bbox 2781 4529 3060 4598; x_wconf 86' lang='lat' dir='ltr'><strong>copiosam</strong></span> <span class='ocrx_word' id='word_1_723' title='bbox 3107 4525 3512 4581; x_wconf 88' lang='lat' dir='ltr'><strong>multitudinem</strong></span> <span class='ocrx_word' id='word_1_724' title='bbox 3543 4540 3680 4580; x_wconf 82' lang='lat' dir='ltr'><strong>cen-</strong></span> 
     </span>
    </p>
   </div>
   <div class='ocr_carea' id='block_1_106' title="bbox 2109 4617 3681 4692">
    <p class='ocr_par' dir='ltr' id='par_1_106' title="bbox 2109 4617 3681 4692">
     <span class='ocr_line' id='line_1_106' title="bbox 2109 4617 3681 4692; baseline -0.007 -9"><span class='ocrx_word' id='word_1_725' title='bbox 2109 4631 2294 4692; x_wconf 86' lang='lat' dir='ltr'><strong>douet,</strong></span> <span class='ocrx_word' id='word_1_726' title='bbox 2347 4622 2720 4692; x_wconf 85' lang='lat' dir='ltr'><strong>victoriasque</strong></span> <span class='ocrx_word' id='word_1_727' title='bbox 2782 4621 3052 4674; x_wconf 76' lang='lat' dir='ltr'><strong>maximas</strong></span> <span class='ocrx_word' id='word_1_728' title='bbox 3099 4619 3360 4674; x_wconf 86' lang='lat' dir='ltr'><strong>adversus</strong></span> <span class='ocrx_word' id='word_1_729' title='bbox 3414 4617 3681 4672; x_wconf 84' lang='lat' dir='ltr'><strong>barbaros</strong></span> 
     </span>
    </p>
   </div>
   <div class='ocr_carea' id='block_1_107' title="bbox 2111 4709 3678 4787">
    <p class='ocr_par' dir='ltr' id='par_1_107' title="bbox 2111 4709 3678 4787">
     <span class='ocr_line' id='line_1_107' title="bbox 2111 4709 3678 4787; baseline -0.009 -15"><span class='ocrx_word' id='word_1_730' title='bbox 2111 4717 2408 4787; x_wconf 87' lang='lat' dir='ltr'><strong>impendat.</strong></span> <span class='ocrx_word' id='word_1_731' title='bbox 2440 4723 2496 4767; x_wconf 90' lang='lat' dir='ltr'><strong>et</strong></span> <span class='ocrx_word' id='word_1_732' title='bbox 2522 4721 2748 4782; x_wconf 74' lang='lat' dir='ltr'><strong>tropaea,</strong></span> <span class='ocrx_word' id='word_1_733' title='bbox 2781 4719 2835 4764; x_wconf 85' lang='lat' dir='ltr'><strong>et</strong></span> <span class='ocrx_word' id='word_1_734' title='bbox 2872 4710 2997 4764; x_wconf 84' lang='lat' dir='ltr'><strong>filiis</strong></span> <span class='ocrx_word' id='word_1_735' title='bbox 3033 4709 3270 4762; x_wconf 86' lang='lat' dir='ltr'><strong>filiorum</strong></span> <span class='ocrx_word' id='word_1_736' title='bbox 3301 4723 3398 4761; x_wconf 89' lang='lat' dir='ltr'><strong>eos</strong></span> <span class='ocrx_word' id='word_1_737' title='bbox 3428 4714 3678 4767; x_wconf 89' lang='lat' dir='ltr'><strong>coronet,</strong></span> 
     </span>
    </p>
   </div>
   <div class='ocr_carea' id='block_1_108' title="bbox 2110 4795 3681 4876">
    <p class='ocr_par' dir='ltr' id='par_1_108' title="bbox 2110 4795 3681 4876">
     <span class='ocr_line' id='line_1_108' title="bbox 2110 4795 3681 4876; baseline -0.007 -16"><span class='ocrx_word' id='word_1_738' title='bbox 2110 4819 2160 4861; x_wconf 71' lang='lat' dir='ltr'><strong>et</strong></span> <span class='ocrx_word' id='word_1_739' title='bbox 2197 4821 2328 4876; x_wconf 85' lang='lat' dir='ltr'><strong>pace</strong></span> <span class='ocrx_word' id='word_1_740' title='bbox 2358 4804 2546 4858; x_wconf 87' lang='lat' dir='ltr'><strong>divina</strong></span> <span class='ocrx_word' id='word_1_741' title='bbox 2584 4799 2908 4864; x_wconf 84' lang='lat' dir='ltr'><strong>circumdet,</strong></span> <span class='ocrx_word' id='word_1_742' title='bbox 2944 4809 2998 4852; x_wconf 89' lang='lat' dir='ltr'><strong>et</strong></span> <span class='ocrx_word' id='word_1_743' title='bbox 3031 4809 3250 4866; x_wconf 87' lang='lat' dir='ltr'><strong>sceptra</strong></span> <span class='ocrx_word' id='word_1_744' title='bbox 3280 4795 3442 4850; x_wconf 83' lang='lat' dir='ltr'><strong>fortia</strong></span> <span class='ocrx_word' id='word_1_745' title='bbox 3477 4811 3681 4850; x_wconf 85' lang='lat' dir='ltr'><strong>conce-</strong></span> 
     </span>
    </p>
   </div>
   <div class='ocr_carea' id='block_1_109' title="bbox 2111 4887 3682 4966">
    <p class='ocr_par' dir='ltr' id='par_1_109' title="bbox 2111 4887 3682 4966">
     <span class='ocr_line' id='line_1_109' title="bbox 2111 4887 3682 4966; baseline -0.01 -12"><span class='ocrx_word' id='word_1_746' title='bbox 2111 4901 2224 4962; x_wconf 90' lang='lat' dir='ltr'><strong>dat,</strong></span> <span class='ocrx_word' id='word_1_747' title='bbox 2255 4907 2417 4966; x_wconf 88' lang='lat' dir='ltr'><strong>atque</strong></span> <span class='ocrx_word' id='word_1_748' title='bbox 2445 4895 2677 4963; x_wconf 69' lang='lat' dir='ltr'><strong>rigentia</strong></span> <span class='ocrx_word' id='word_1_749' title='bbox 2711 4892 3074 4944; x_wconf 82' lang='lat' dir='ltr'><strong>Barbarorum</strong></span> <span class='ocrx_word' id='word_1_750' title='bbox 3109 4887 3376 4951; x_wconf 91' lang='lat' dir='ltr'><strong>omnium,</strong></span> <span class='ocrx_word' id='word_1_751' title='bbox 3420 4887 3682 4940; x_wconf 79' lang='lat' dir='ltr'><strong>maxime-</strong></span> 
     </span>
    </p>
   </div>
   <div class='ocr_carea' id='block_1_110' title="bbox 2111 4979 3679 5061">
    <p class='ocr_par' dir='ltr' id='par_1_110' title="bbox 2111 4979 3679 5061">
     <span class='ocr_line' id='line_1_110' title="bbox 2111 4979 3679 5061; baseline -0.009 -17"><span class='ocrx_word' id='word_1_752' title='bbox 2111 5007 2217 5061; x_wconf 89' lang='lat' dir='ltr'><strong>que</strong></span> <span class='ocrx_word' id='word_1_753' title='bbox 2273 4988 2668 5042; x_wconf 83' lang='lat' dir='ltr'><strong>Saraceuorum</strong></span> <span class='ocrx_word' id='word_1_754' title='bbox 2722 4982 3012 5050; x_wconf 86' lang='lat' dir='ltr'><strong>supercilia</strong></span> <span class='ocrx_word' id='word_1_755' title='bbox 3069 4979 3402 5047; x_wconf 82' lang='lat' dir='ltr'><strong>confringat,</strong></span> <span class='ocrx_word' id='word_1_756' title='bbox 3468 4981 3560 5048; x_wconf 92' lang='lat' dir='ltr'><strong>qui</strong></span> <span class='ocrx_word' id='word_1_757' title='bbox 3611 4993 3679 5033; x_wconf 77' lang='lat' dir='ltr'><strong>ex</strong></span> 
     </span>
    </p>
   </div>
   <div class='ocr_carea' id='block_1_111' title="bbox 2115 5075 3678 5152">
    <p class='ocr_par' dir='ltr' id='par_1_111' title="bbox 2115 5075 3678 5152">
     <span class='ocr_line' id='line_1_111' title="bbox 2115 5075 3678 5152; baseline -0.01 -14"><span class='ocrx_word' id='word_1_758' title='bbox 2115 5082 2322 5138; x_wconf 82' lang='lat' dir='ltr'><strong>nostris</strong></span> <span class='ocrx_word' id='word_1_759' title='bbox 2352 5079 2594 5152; x_wconf 84' lang='lat' dir='ltr'><strong>peccatis</strong></span> <span class='ocrx_word' id='word_1_760' title='bbox 2627 5091 2692 5130; x_wconf 81' lang='lat' dir='ltr'><strong>ex</strong></span> <span class='ocrx_word' id='word_1_761' title='bbox 2737 5075 3018 5143; x_wconf 87' lang='lat' dir='ltr'><strong>insperato</strong></span> <span class='ocrx_word' id='word_1_762' title='bbox 3043 5087 3188 5126; x_wconf 88' lang='lat' dir='ltr'><strong>nunc</strong></span> <span class='ocrx_word' id='word_1_763' title='bbox 3223 5087 3389 5141; x_wconf 88' lang='lat' dir='ltr'><strong>super</strong></span> <span class='ocrx_word' id='word_1_764' title='bbox 3424 5086 3522 5124; x_wconf 89' lang='lat' dir='ltr'><strong>nos</strong></span> <span class='ocrx_word' id='word_1_765' title='bbox 3552 5085 3678 5124; x_wconf 79' lang='lat' dir='ltr'><strong>sur—</strong></span> 
     </span>
    </p>
   </div>
   <div class='ocr_carea' id='block_1_112' title="bbox 2113 5159 3681 5238">
    <p class='ocr_par' dir='ltr' id='par_1_112' title="bbox 2113 5159 3681 5238">
     <span class='ocr_line' id='line_1_112' title="bbox 2113 5159 3681 5238; baseline -0.01 -9"><span class='ocrx_word' id='word_1_766' title='bbox 2113 5180 2400 5238; x_wconf 72' lang='lat' dir='ltr'><strong>rexerunt,</strong></span> <span class='ocrx_word' id='word_1_767' title='bbox 2457 5169 2754 5238; x_wconf 88' lang='lat' dir='ltr'><strong>omniaque</strong></span> <span class='ocrx_word' id='word_1_768' title='bbox 2807 5165 3079 5235; x_wconf 67' lang='lat' dir='ltr'><strong>diripiunt</strong></span> <span class='ocrx_word' id='word_1_769' title='bbox 3141 5159 3349 5216; x_wconf 71' lang='lat' dir='ltr'><strong>crude‘li</strong></span> <span class='ocrx_word' id='word_1_770' title='bbox 3405 5161 3681 5229; x_wconf 81' lang='lat' dir='ltr'><strong>feriunun</strong></span> 
     </span>
    </p>
   </div>
   <div class='ocr_carea' id='block_1_113' title="bbox 2113 5250 3685 5339">
    <p class='ocr_par' dir='ltr' id='par_1_113' title="bbox 2113 5250 3685 5339">
     <span class='ocr_line' id='line_1_113' title="bbox 2113 5250 3685 5339; baseline -0.011 -17"><span class='ocrx_word' id='word_1_771' title='bbox 2113 5266 2418 5339; x_wconf 88' lang='lat' dir='ltr'><strong>proposito,</strong></span> <span class='ocrx_word' id='word_1_772' title='bbox 2449 5273 2502 5318; x_wconf 89' lang='lat' dir='ltr'><strong>et</strong></span> <span class='ocrx_word' id='word_1_773' title='bbox 2537 5263 2698 5332; x_wconf 87' lang='lat' dir='ltr'><strong>impia</strong></span> <span class='ocrx_word' id='word_1_774' title='bbox 2729 5259 3063 5330; x_wconf 80' lang='lat' dir='ltr'><strong>profanaque</strong></span> <span class='ocrx_word' id='word_1_775' title='bbox 3099 5255 3350 5307; x_wconf 87' lang='lat' dir='ltr'><strong>audacia.</strong></span> <span class='ocrx_word' id='word_1_776' title='bbox 3389 5250 3540 5306; x_wconf 88' lang='lat' dir='ltr'><strong>Unde</strong></span> <span class='ocrx_word' id='word_1_777' title='bbox 3565 5252 3685 5321; x_wconf 86' lang='lat' dir='ltr'><strong>plus</strong></span> 
     </span>
    </p>
   </div>
   <div class='ocr_carea' id='block_1_114' title="bbox 2115 5345 3680 5430">
    <p class='ocr_par' dir='ltr' id='par_1_114' title="bbox 2115 5345 3680 5430">
     <span class='ocr_line' id='line_1_114' title="bbox 2115 5345 3680 5430; baseline -0.009 -17"><span class='ocrx_word' id='word_1_778' title='bbox 2115 5375 2276 5430; x_wconf 85' lang='lat' dir='ltr'><strong>quam</strong></span> <span class='ocrx_word' id='word_1_779' title='bbox 2306 5357 2468 5410; x_wconf 87' lang='lat' dir='ltr'><strong>etiam</strong></span> <span class='ocrx_word' id='word_1_780' title='bbox 2511 5372 2608 5410; x_wconf 84' lang='lat' dir='ltr'><strong>vos</strong></span> <span class='ocrx_word' id='word_1_781' title='bbox 2637 5349 3021 5409; x_wconf 68' lang='lat' dir='ltr'><strong>sanctiSSitnos</strong></span> <span class='ocrx_word' id='word_1_782' title='bbox 3055 5349 3357 5420; x_wconf 84' lang='lat' dir='ltr'><strong>poscimus,</strong></span> <span class='ocrx_word' id='word_1_783' title='bbox 3404 5345 3680 5400; x_wconf 85' lang='lat' dir='ltr'><strong>instantis-</strong></span> 
     </span>
    </p>
   </div>
   <div class='ocr_carea' id='block_1_115' title="bbox 2116 5433 3686 5512">
    <p class='ocr_par' dir='ltr' id='par_1_115' title="bbox 2116 5433 3686 5512">
     <span class='ocr_line' id='line_1_115' title="bbox 2116 5433 3686 5512; baseline -0.011 -6"><span class='ocrx_word' id='word_1_784' title='bbox 2116 5453 2284 5506; x_wconf 84' lang='lat' dir='ltr'><strong>simas</strong></span> <span class='ocrx_word' id='word_1_785' title='bbox 2341 5449 2407 5502; x_wconf 88' lang='lat' dir='ltr'><strong>ad</strong></span> <span class='ocrx_word' id='word_1_786' title='bbox 2449 5447 2727 5500; x_wconf 72' lang='lat' dir='ltr'><strong>(thristum</strong></span> <span class='ocrx_word' id='word_1_787' title='bbox 2790 5442 3080 5512; x_wconf 84' lang='lat' dir='ltr'><strong>petitiones</strong></span> <span class='ocrx_word' id='word_1_788' title='bbox 3133 5437 3434 5498; x_wconf 77' lang='lat' dir='ltr'><strong>effundere,</strong></span> <span class='ocrx_word' id='word_1_789' title='bbox 3481 5443 3538 5489; x_wconf 87' lang='lat' dir='ltr'><strong>ut</strong></span> <span class='ocrx_word' id='word_1_790' title='bbox 3589 5433 3686 5489; x_wconf 81' lang='lat' dir='ltr'><strong>has</strong></span> 
     </span>
    </p>
   </div>
   <div class='ocr_carea' id='block_1_116' title="bbox 1696 5629 2389 5686">
    <p class='ocr_par' dir='ltr' id='par_1_116' title="bbox 1696 5629 2389 5686">
     <span class='ocr_line' id='line_1_116' title="bbox 1696 5629 2389 5686; baseline -0.012 -1"><span class='ocrx_word' id='word_1_791' title='bbox 1696 5630 1930 5686; x_wconf 66' lang='lat' dir='ltr'><strong>VARL-E</strong></span> <span class='ocrx_word' id='word_1_792' title='bbox 1987 5629 2389 5686; x_wconf 61' lang='grc' dir='ltr'><strong>ΙιίῦίζΤΙΟῗ-ἶίςτὶ.</strong></span> 
     </span>
    </p>
   </div>
   <div class='ocr_carea' id='block_1_117' title="bbox 507 5721 947 5793">
    <p class='ocr_par' dir='ltr' id='par_1_117' title="bbox 507 5721 947 5793">
     <span class='ocr_line' id='line_1_117' title="bbox 507 5721 947 5793; baseline 0.002 -18"><span class='ocrx_word' id='word_1_793' title='bbox 507 5723 550 5756; x_wconf 76' lang='grc'><strong><em>³⁸</em></strong></span> <span class='ocrx_word' id='word_1_794' title='bbox 587 5721 692 5792; x_wconf 77' lang='grc' dir='ltr'><strong>πλη</strong></span> <span class='ocrx_word' id='word_1_795' title='bbox 701 5721 947 5793; x_wconf 80' lang='grc' dir='ltr'>ρὼσοιτε.</span> 
     </span>
    </p>
   </div>
  </div>
