4022 6206
365 341 506 409 3199

1177 344 1235 402 S.
1273 340 1690 403 SOPHRONII
1739 341 2244 402 PATRIARCH/E
2284 341 2693 403 HIEROSOL.

3500 334 3639 400 3209

365 452 640 524 propitius
686 466 714 505 a
758 453 912 507 vobis
955 452 1288 521 suscipiens,
1334 452 1444 506 cito
1485 451 1707 522 dejiciat
1754 468 1946 506 eorum

2054 451 2233 504 αὐτῶν
2290 449 2360 503 τὰ
2407 450 2602 520 μανίας
2627 448 2809 518 πλήρη
2846 446 3201 527 φρυάγματα,
3264 446 3358 500 καλ⁸
3402 447 3639 511 εὐτελεῖς

366 546 555 600 furore
607 546 820 612 plenam
864 543 1211 613 jactantiam,
1255 552 1310 598 et
1360 545 1496 598 viles
1532 562 1649 608 eos,
1706 546 1851 599 sicut
1895 553 1947 597 et

366 650 549 697 antea,
581 637 684 690 sub
715 636 1014 689 scabellum
1064 648 1093 687 a
1142 634 1251 688 Deo
1295 635 1695 688 conservandis
1740 633 1945 687 nostris

368 724 799 790 imperatoribus
844 724 1072 786 tribuat,
1124 732 1182 775 ut
1212 732 1267 777 ct
1300 723 1419 793 ipsa
1448 724 1661 778 dierum
1698 724 1945 777 lmtitiam

365 815 626 877 habeant,
665 814 757 884 qui
806 815 860 868 in
890 816 1051 868 terris
1082 821 1336 869 nostrum
1368 814 1570 867 habent
1629 815 1945 881 imperium,

365 924 393 958 a
424 906 638 961 bellicis
692 906 1203 975 perturbationibus
1235 906 1606 977 quiescentes.
1655 913 1709 958 et
1745 912 1947 959 Cuncta

363 1012 556 1051 eorum
584 1011 706 1051 cum
742 999 824 1051 eis
872 997 1084 1052 lactetur
1118 998 1431 1068 reSpublica
1478 997 1711 1065 sceptris
1756 1010 1947 1049 eorum

366 1086 683 1140 firmissime
723 1085 1086 1147 communita,
1123 1094 1178 1137 et
1223 1101 1317 1154 per
1369 1100 1466 1139 eos
1521 1082 1752 1152 paciﬁco
1802 1086 1946 1132 statu

361 1178 732 1247 jucunditatis
759 1177 1213 1247 procreatoribus
1247 1175 1482 1229 racemis
1509 1180 1783 1227 vescatur.
1816 1170 1949 1225 Jurc

366 1269 599 1338 proinde
619 1268 866 1337 supplico
898 1277 1095 1323 vestra:
1141 1268 1401 1322 fratem.»
1438 1264 1746 1326 dilectioni,
1772 1262 1949 1317 Leon-

368 1362 505 1414 tium
558 1359 667 1415 Deo
704 1360 1000 1414 amabilem
1055 1360 1347 1414 diaconum
1377 1365 1583 1412 sanctre
1620 1354 1826 1410 Christi
1856 1353 1949 1407 Dei

368 1452 547 1506 nostri
586 1450 1041 1514 resurrectionis,
1094 1458 1148 1504 ct
1182 1450 1361 1503 nostri
1407 1447 1738 1501 venerabilis
1766 1460 1951 1500 secre-

369 1543 491 1596 tririi
521 1543 937 1607 cancellarium,
994 1542 1347 1612 primumque
1382 1540 1746 1599 notariorum,
1777 1546 1830 1591 et
1865 1551 1952 1591 re-

368 1634 627 1703 ligiosum
666 1632 893 1687 fratrem
935 1642 1188 1687 nostrum
1239 1632 1618 1702 l’olyeuctum,
1654 1630 1748 1699 qui
1787 1628 1950 1696 hujus

371 1734 575 1779 nostra!
614 1725 893 1795 synodicae
939 1726 1230 1795 scriptura:
1265 1725 1503 1779 ministri
1548 1734 1699 1787 sunt,
1736 1720 1952 1788 placido

2051 536 2256 599 αὐτοὺς
2300 536 2612 601 ὑποπόδιον,
2662 537 2803 589 καθὰ
2850 536 2911 589 τὸ
2944 537 3232 607 πρότερον,
3274 538 3386 599 τοῖς
3425 535 3639 589 θεοσδὸ-

2047 644 2160 683 τοις
2194 627 2346 698 ὑμῶν
2370 626 2651 697 βασιλεῦσι
2688 627 2985 697 δωρήσοιτο
3008 643 3020 656 ·
3053 626 3139 679 ἵνα
3172 627 3499 697 εὐημεροῖεν
3539 626 3638 695 μὲν

2050 720 2204 772 αὐτοὶ
2233 721 2283 772 οί
2316 720 2378 773 τὸ
2397 722 2490 773 ἐπὶ
2512 720 2616 790 γῆς
2650 720 2807 790 ἡμῶν
2849 719 3118 790 βασίλειον
3147 717 3385 789 ἔχοντες,
3413 717 3639 788 πολεμι⁰

2051 812 2162 864 κῶν
2192 810 2437 882 θορύῦων
2473 813 2817 881 παυσάμενοι
2844 828 2859 842 °
2908 812 3175 883 εύημεροϊ
3207 811 3265 864 δὲ
3313 811 3411 864 σὺν
3459 810 3641 874 αὐτοῖς

2050 903 2144 954 καὶ
2176 903 2323 956 ἅπαν
2354 903 2534 957 αὐτῶν
2568 904 2630 956 τὸ
2652 903 2979 973 πολίτευμα,
3014 904 3287 974 σκὴπροις
3320 905 3433 965 τοῖς
3458 902 3641 955 αὐτῶν

2051 993 2334 1063 καρτερῶς
2390 993 2825 1065 χσρακούμενον,
2879 994 2974 1047 καὶ
3011 992 3295 1062 εἰρηνικῆς
3352 991 3421 1045 δι’
3456 990 3638 1044 αὐτῶν

2052 1086 2441 1149 καταστάσεως
2489 1086 2617 1148 τοὺς
2672 1085 3014 1157 εὐφροσύνης
3053 1084 3251 1145 τοκέας
3303 1083 3639 1154 δρεπόμενον

2056 1177 2307 1248 βότρυας.
2342 1178 2641 1232 Ἀντιϐολῶ
2664 1178 2720 1231 δὲ
2753 1176 2979 1239 δικαίως
3014 1175 3170 1246 ὑμῶν
3202 1176 3263 1228 τὸ
3289 1176 3636 1245 φιλάδελφον,

2053 1269 2305 1321 Λεόντιον
2333 1266 2425 1320 τὸν
2455 1266 2873 1336 θεοφιλέστατον
2894 1266 3145 1319 διάκονον
3179 1265 3276 1334 τῆς
3311 1265 3474 1332 ἁγίας
3503 1266 3637 1336 Χρι-

2055 1359 2182 1412 στοῦ
2226 1358 2320 1412 τοῦ
2361 1358 2496 1413 Θεοῦ
2530 1359 2689 1429 ἡμῶν
2716 1358 3090 1423 ἀναστάσεως,
3138 1359 3232 1410 καὶ
3275 1356 3369 1410 τοῦ
3404 1357 3639 1425 εὐαγοῦς

2053 1451 2210 1521 ἡμῶν
2243 1451 2504 1521 σεκρέτου
2538 1450 2935 1521 καγκελλάριόν
2965 1467 3025 1503 τε
3042 1450 3138 1503 καὶ⁵
3166 1451 3633 1520 πρωτονοτάριονο
3696 1454 3701 1457 ’

2054 1544 2148 1595 καὶ
2189 1543 2282 1596 τὸν
2325 1542 2722 1596 εύλαδέστατον
2776 1542 2934 1613 ἡμῶν
2979 1543 3209 1611 ἀδελφὺν
3263 1542 3635 1608 Πολύευκτον,

2052 1635 2179 1697 τοὺς
2229 1636 2405 1687 τοῖσδε
2466 1634 2626 1705 ἡμῶν
2674 1637 2785 1699 τοῖς
2832 1635 3131 1698 συνοδικοῖς
3187 1635 3639 1705 διακονουμένους

2054 1726 2427 1796 χαράγμασιν,
2493 1727 2753 1797 εὐμενέσι
2814 1727 3133 1798 προσώποις
3190 1726 3485 1791 Θεὰσασθε,
3543 1728 3638 1780 καὶ

368 1817 522 1870 vultu
572 1816 916 1885 conspicere,
977 1827 1028 1871 et
1082 1815 1408 1871 condecenti
1480 1815 1951 1869 condescensione

2058 1818 2464 1884 συγκοταϐάσει
2514 1817 2791 1889 πρεπώδει
2859 1797 3251 1889 προσδέξασθε.
3298 1817 3469 1871 Τοῦτο
3530 1819 3639 1888 γὰρ

369 1906 674 1977 suscipere.
726 1905 841 1960 Hoc
880 1908 1085 1977 quippe
1118 1914 1364 1961 vestrum
1417 1903 1648 1957 nimium
1714 1902 1955 1972 speciale

369 2006 588 2053 constat
630 1999 920 2062 indicium,
976 1997 1123 2067 quod
1164 2005 1217 2051 et
1260 1996 1593 2066 aspicientes
1629 2009 1729 2048 vos
1771 1993 1950 2046 admi-

369 2098 583 2151 rantur,
610 2090 756 2157 quod
780 2097 835 2141 ct
861 2089 916 2142 in
948 2086 1285 2142 sublimitate
1310 2084 1550 2138 maxima
1576 2083 1869 2146 exsistitis,
1902 2092 1956 2136 et

369 2182 668 2236 maximam
712 2181 1080 2234 humilitatem
1121 2178 1257 2232 estis
1292 2176 1491 2230 induti.
1517 2174 1624 2229 Sed
1654 2188 1710 2228 et
1740 2173 1955 2228 cuni-tis

366 2275 571 2330 vestris
604 2274 885 2345 praeclaris
908 2271 1344 2343 pr0prietattous
1395 2268 1720 2338 spiritaliter
1791 2274 1958 2335 atque

367 2367 617 2419 hilariter
663 2364 1126 2434 complectliiiiui,
1159 2371 1215 2416 et
1245 2361 1443 2415 animae
1486 2360 1756 2430 spiritalia
1796 2359 1956 2428 largi-

366 2457 501 2511 mini
527 2456 828 2525 stipendia,
860 2464 914 2510 et
942 2455 1009 2510 ad
1040 2471 1138 2510 nos
1169 2454 1424 2510 celeriter
1450 2452 1715 2508 remittite
1743 2450 1956 2505 alacres

367 2562 534 2620 atque
571 2550 904 2617 gaudentes,
951 2551 1098 2619 quod
1130 2550 1297 2602 talem
1331 2554 1459 2600 sunt
1511 2545 1692 2599 meriti
1730 2544 1955 2613 conspi-

367 2657 494 2695 cere
527 2640 957 2712 Byzantinorum
998 2640 1325 2703 antistitem,
1357 2636 1700 2692 laatiﬁcantes
1734 2652 1956 2707 quoque

368 2734 536 2787 etiam
584 2741 830 2787 nostram
876 2731 1258 2801 pusillitatem,
1298 2729 1430 2782 dum
1475 2727 1767 2798 splendide
1799 2729 1957 2783 nobis

367 2841 493 2897 qua:
525 2834 706 2880 vestra
734 2833 888 2890 sunt,
919 2823 1203 2880 disserunt
1231 2838 1261 2877 a
1290 2822 1400 2878 Deo
1429 2821 1802 2877 condonatam
1838 2821 1956 2876 aui-

366 2933 471 2971 ma:
518 2916 916 2979 valetudinem,
971 2924 1026 2971 et
1068 2931 1098 2978 ο
1149 2913 1261 2968 Deo
1302 2928 1630 2969 concessam
1699 2911 1953 2981 corporis

367 3009 661 3065 sanitatem
699 3027 712 3062 :
760 3016 814 3064 et
852 3006 1240 3063 desiderabilia
1287 3005 1495 3075 scripta
1530 3004 1806 3069 conferre,
1834 3018 1955 3072 quae

369 3107 575 3153 rectam
623 3098 785 3153 nobis
836 3098 997 3153 fidem
1051 3096 1330 3151 illustrent
1357 3104 1411 3149 et
1449 3094 1700 3149 habitum
1754 3095 1953 3148 anima:
1980 3136 2022 3194 ο

368 3187 726 3251 candificent,
741 3194 794 3242 et
807 3187 1137 3256 pastoralem
1154 3201 1253 3242 nos
1266 3184 1613 3255 disciplinam
1638 3183 1948 3249 instituant,

368 3291 418 3331 et
448 3279 932 3335 constantissimos
963 3278 1029 3333 ad
1063 3278 1359 3349 regendum
1388 3277 1477 3332 hic
1500 3276 1703 3332 Christi
1732 3290 1949 3345 gregem

368 3366 633 3433 cfliciattt,
677 3377 737 3423 ut
767 3368 1119 3425 discretionis
1170 3385 1233 3424 ac
1251 3368 1495 3423 scientia:
1547 3365 1803 3436 praesidio
1838 3382 1953 3416 um-

370 3466 493 3529 niti,
556 3481 586 3519 a
650 3465 825 3520 caulis
887 3465 1073 3520 ovium
1124 3464 1311 3521 divina
1369 3462 1724 3517 Providentia
1794 3461 1952 3515 nobis

370 3555 787 3610 coiuiiiissarum
826 3556 1023 3611 baculo
1057 3555 1350 3626 pastoralis
1384 3552 1678 3623 vigilantia:
1710 3551 1951 3607 furentes

371 3659 435 3696 ac
472 3643 798 3701 insidiantes
847 3648 1005 3715 lupus
1043 3660 1333 3700 arceamus
1378 3660 1391 3696 :
1438 3643 1810 3713 populumque
1857 3658 1952 3694 nu-

373 3735 458 3787 bis
499 3737 858 3792 commissum
898 3736 1125 3807 periculi
1185 3737 1484 3789 immunem
1515 3734 1759 3788 Creatori
1815 3749 1952 3803 pra:-

372 3833 675 3889 swdemus,
715 3842 814 3895 pro
849 3827 1132 3881 laboribus
1164 3827 1371 3881 nostris
1407 3825 1476 3878 ab
1515 3824 1951 3893 a'qttissituoju-

370 3917 493 3971 ilice
544 3918 851 3971 mercedem
895 3919 1154 3971 tnunii‘ice
1205 3915 1501 3985 recepturi.
1562 3914 1790 3968 Omnem
1828 3931 1952 3985 qua:

370 4023 497 4063 cum
544 4010 943 4065 sacratiSsimis
1000 4011 1156 4063 vobis
1206 4018 1313 4072 est,
1370 4006 1483 4062 Deo
1529 4007 1845 4069 amabilem,
1896 4016 1953 4061 et

366 4099 669 4169 jucundam
701 4100 1126 4165 fraternitatem,
1158 4100 1456 4169 plurimum
1502 4098 1558 4152 in
1587 4097 1809 4155 Christo
1841 4099 1953 4156 Deo

371 4207 473 4261 cgo
506 4192 732 4247 btuuilis
764 4201 818 4247 ct
849 4193 1100 4263 pusillus,
1137 4200 1191 4247 ct
1221 4192 1275 4246 bi
1303 4192 1396 4261 qui
1427 4205 1643 4246 mecum
1681 4200 1814 4246 sunt
1835 4207 1950 4246 om-

370 4299 470 4340 ttes
514 4285 715 4341 fratres
760 4286 1112 4369 salutamus:
1156 4284 1451 4341 incolumis
1489 4284 1542 4339 in
1592 4281 1828 4341 Domino
1855 4301 1951 4341 ora

371 4391 473 4447 pro
503 4393 611 4446 me,
641 4377 992 4435 sanctissime
1023 4377 1211 4434 frater.

2057 1909 2210 1978 ὑμῶν
2258 1909 2350 1961 καὶ
2386 1910 2445 1962 τὸ
2493 1910 2778 1964 ἰδιώτατον
2827 1910 3039 1979 πέφυκε
3083 1909 3393 1981 γνώρισμα,
3433 1902 3477 1977 ᾧ
3513 1913 3639 1972 τοὺς

2056 2000 2253 2063 θεατὰς
2283 2000 2436 2071 ὑμῶν
2469 2001 2557 2053 ἀεὶ
2582 2001 3027 2073 καταπλήττετε,
3060 2004 3117 2055 ἐν
3152 2001 3277 2071 ὕψει
3300 2019 3360 2054 τε
3399 2002 3640 2071 μεγίστῳ

2054 2092 2439 2161 τυγχάνοντες,
2476 2092 2571 2144 καὶ
2592 2093 2868 2161 μεγίστην
2910 2092 3246 2163 ἐνδεδυμένοι
3288 2093 3634 2146 ταπείνωσιν.

2069 2184 2229 2237 Ἀλλὰ
2278 2187 2373 2237 καὶ¹
2432 2186 2600 2238 πᾶσιν
2661 2184 2818 2255 ὑμῶν
2876 2186 2990 2248 τοῖς
3053 2185 3327 2256 λαμπροῖς
3388 2184 3638 2254 ίδιώμασι

2058 2275 2446 2342 πνευματικῶς
2502 2277 2599 2328 καὶ
2659 2275 2863 2346 ἱλαρῶς
2914 2275 3268 2342 δεξιώσασθε,
3326 2277 3424 2330 καὶ
3453 2276 3639 2345 ἐφόδια

2054 2365 2233 2435 ψυχῆς
2262 2366 2612 2437 πνευματικὰ
2649 2367 2744 2420 καὶ
2773 2366 3007 2438 λαμπρὰ
3049 2369 3516 2439 προσχαρίσασθε,
3548 2368 3640 2420 καὶ

2057 2458 2252 2511 θᾶττον
2290 2460 2364 2521 ὡς
2400 2459 2550 2528 ἡμᾶς
2580 2459 2954 2530 ἁντιπέμψατε
2993 2460 3363 2530 γαννυμένους
3402 2461 3497 2514 καὶ
3522 2459 3637 2530 καί.

2060 2570 2272 2623 ροντας,
2311 2553 2393 2605 ὅτι
2449 2552 2692 2605 τοιοῦτον
2755 2554 2988 2623 ἱστορεῖν
3038 2552 3349 2617 Βυζαντίων
3378 2552 3636 2623 ἠξίωνται

2058 2645 2326 2717 πρόεδρον
2354 2661 2365 2673 ·
2396 2644 2799 2714 χαροποιοῦντά
2827 2662 2885 2697 τε
2924 2646 3018 2699 καὶ
3047 2646 3201 2715 ἡμῶν
3228 2648 3329 2714 τὴν
3357 2648 3637 2700 εὐτέλειαν

2057 2740 2116 2792 ἐν
2166 2737 2244 2809 τῷ
2285 2736 2591 2806 διηγεῖσθαι
2633 2735 2861 2807 κομψῶς
2893 2739 3027 2807 ἡμῖν
3066 2739 3135 2789 τα
3172 2738 3435 2809 ὑμέτερα,
3473 2739 3638 2807 ρῶσιν

2054 2831 2231 2901 ψυχῆς
2262 2828 2616 2899 θεοδώρητον,
2650 2830 2744 2881 καὶ
2774 2828 2966 2896 ὑγείαν
3000 2828 3095 2881 τοῦ
3131 2828 3383 2900 σώματος
3419 2831 3634 2884 θεόσδο-

2055 2939 2166 2987 τον,
2213 2922 2308 2975 καὶ
2359 2923 2544 2991 νέμειν
2594 2920 2907 2990 ποθούμενα
2959 2921 3289 2992 γράμματα,
3344 2922 3411 2976 τὰ
3440 2922 3637 2987 ,πίστιν

2055 3014 2187 3085 ἡμῖν
2242 3013 2343 3083 τὴν
2398 3012 2567 3082 ὀρθὴν
2618 3013 3069 3084 ἐκφαιδρύνοντα,
3120 3014 3213 3066 καὶ
3248 3013 3308 3065 τὸ
3347 3009 3477 3083 ἦθος
3536 3012 3637 3082 τῆς

2055 3105 2235 3176 ψυχῆς
2281 3104 2700 3157 ὲκλευκαίνοντα
2727 3147 2741 3170 ,
2795 3105 2886 3157 καὶ
2932 3105 3031 3174 τὴν
3075 3107 3440 3174 ποιμαντικὴν
3491 3106 3636 3174 ἡμᾶς

2056 3194 2368 3263 ἐπιστήμην
2445 3192 2792 3260 παιδεύοντα,
2848 3196 2941 3248 καὶ
2997 3195 3329 3264 θαρραλέους
3382 3194 3519 3265 πρὸς
3576 3196 3638 3248 τὸ

2056 3288 2367 3357 ποιμαίνειν
2396 3284 2464 3339 τὰ
2485 3286 2676 3342 ἐνθάδε
2695 3285 2935 3358 Χριστοῦ
2961 3288 3266 3358 ποιούμενα
3296 3288 3540 3359 ποίμνια.
3572 3330 3586 3342 .
3618 3328 3632 3340 .

2155 4057 2167 4069 .
2244 4017 2423 4067 πᾶσαν
2463 4016 2561 4084 τὴν
2605 4015 2703 4067 σὺν
2754 4018 2866 4079 τοῖς
2919 4015 3199 4085 πανιέροις
3243 4017 3371 4085 ὑμῖν
3410 4015 3633 4084 θεοφιλῆ

2057 4111 2149 4163 καὶ
2172 4106 2401 4179 φαιδρὰν
2434 4109 2773 4179 ἀδελφότητα
2814 4108 3042 4161 πλεῖστα
3075 4111 3132 4161 ὲν
3156 4109 3383 4181 Χριστῷ
3420 4109 3497 4179 τῷ
3518 4109 3636 4179 Θεῷ

2056 4201 2166 4269 ἐγώ
2190 4217 2249 4253 τε
2278 4203 2305 4254 ὁ
2350 4201 2603 4264 ταπεινὸς
2635 4202 2727 4256 καὶ
2784 4201 3088 4271 ἐλάχιστος,
3142 4204 3234 4255 καὶ
3286 4203 3335 4255 οἱ
3374 4204 3471 4256 σὺν
3507 4203 3631 4273 ἐμοὶ

2058 4292 2255 4355 πάντες
2273 4291 2490 4361 ἀδελφοὶ
2506 4294 3001 4365 προσαγορεύομεν·
3033 4294 3342 4366 ἐρρωμένος
3366 4294 3425 4348 ὲν
3445 4293 3637 4367 Κυρίῳ

2057 4379 2360 4453 ὑπερεύχον
2397 4399 2522 4452 μου,
2553 4382 2821 4452 ἀγιώτατε
2848 4383 3066 4452 ἀδελφέ.
