4058 6190
413 383 607 413 π
618 400 1702 417 mm
1707 392 1917 418 ._—_"
1802 392 2368 418 '—-.-—_'————-———_—-

2847 411 3133 419 ἡ-

1333 214 1619 275 ORATIO
1656 218 1706 278 1.
1740 243 1808 251 --
1848 219 1931 279 ΙΝ
1964 222 2276 283 CHRISTI
2313 225 2745 290 NATALITIA.

811 580 1221 668 SANCTI
1333 579 2005 673 SOPHRONII
2117 589 3259 745 HIEROSQLYMITANI

1550 844 2507 987 ORATIONES.
2570 904 2575 913 '

392 1289 783 1373 S.n§npliroiiii
838 1293 915 1364 (l)
967 1294 1352 1373 archiepiscopi
1394 1296 1885 1373 llierosolgniiiaui
1917 1296 1971 1373 in
2004 1298 2047 1353 Α
2076 1304 2252 1364 potest
2288 1295 2569 1349 illustrius
2594 1294 2775 1362 ?Quid
2820 1297 3191 1356 celebratione
3225 1302 3443 1373 dignius
3472 1305 3495 1358 ?
3523 1307 3662 1372 Quid

465 1359 665 1435 Christi
706 1359 1005 1435 servatoris
1042 1359 1314 1435 natalitia,
1344 1383 1461 1435 qua:
1500 1377 1608 1421 tum
1636 1359 1690 1421 ἶη
1728 1366 1974 1421 Domini-

464 1447 578 1484 cam
599 1433 737 1485 diem
766 1433 1080 1499 inciderant,
1120 1433 1312 1490 Oratio
1340 1433 1441 1505 ('2).

465 1568 661 1623 Lanam
695 1569 1073 1643 illustremque
1105 1584 1425 1642 priesenteiu
1463 1575 1608 1630 diem
1654 1590 1822 1631 cerno
1889 1584 1976 1627 ut-

387 1670 517 1728 pote
569 1662 788 1729 gemino
824 1680 923 1717 nos
955 1664 1248 1735 splendore
1284 1676 1339 1721 et
1371 1667 1491 1722 luce
1532 1666 1973 1737 perfunileutem,

386 1752 714 1821 geminaque
767 1754 953 1827 laetitia
995 1765 1049 1809 et
1097 1756 1449 1825 jucunditate
1498 1774 1673 1827 genus
1723 1768 1973 1813 nostrum

384 1846 781 1900 eumulantein.
806 1846 922 1901 Non
942 1848 1087 1917 quod
1116 1849 1389 1918 duplicem
1414 1852 1572 1905 nobis
1599 1850 1770 1905 solem
1799 1862 1976 1906 osten-

384 1936 502 1999 dat,
536 1952 710 2005 eaque
734 1939 946 1993 ratione
975 1940 1183 2008 duplici
1233 1956 1334 1994 nos
1366 1943 1540 2012 gratia
1590 1943 1833 2005 irradiet,
1878 1943 1972 1996 sed

383 2030 533 2097 quod
579 2044 723 2085 unus
762 2030 1016 2100 idemque
1054 2033 1286 2100 justitiie
1318 2034 1434 2097 Sol,
1465 2049 1631 2105 quem
1660 2034 1842 2098 olfert,
1867 2033 1974 2088 du-

385 2120 606 2188 pliciter
642 2121 1044 2188 quodammodo
1093 2124 1276 2185 nobis.
1325 2125 1418 2194 qui
1475 2124 1528 2177 in
1558 2124 1724 2179 terris
1761 2134 1970 2178 aetatem

382 2211 659 2279 degimus.
721 2212 1025 2277 exoriatur,
1074 2211 1461 2286 duplicemque
1530 2217 1880 2288 splendorem
1918 2227 1974 2273 et

382 2304 613 2368 gloriam
644 2306 956 2361 mortalium
988 2306 1178 2375 generi
1222 2306 1605 2364 subministret
1635 2328 1651 2377 ;
1684 2318 1737 2364 et
1771 2310 1971 2381 duplex

382 2394 602 2449 tandem
628 2394 876 2464 spiritale
906 2395 1168 2465 gaudium
1205 2397 1383 2453 eidem
1426 2398 1638 2455 aﬂ‘erat.
1690 2400 1828 2456 Hinc
1849 2405 1973 2472 qui-

379 2482 505 2536 dem
537 2499 605 2538 ex
637 2492 794 2539 utero
840 2487 1088 2558 virgineo
1116 2496 1365 2556 exortus,
1389 2489 1519 2544 inde
1548 2506 1679 2547 vero
1707 2508 1772 2548 ex
1804 2494 1972 2550 aditis

382 2573 688 2629 inferorum
738 2577 917 2632 antris
973 2577 1268 2634 excitatus.
1325 2578 1392 2634 Ut
1442 2590 1668 2637 exortus
1704 2583 1969 2640 iunnensa

2090 1403 2309 1442 rursum
2338 1388 2513 1442 eidem
2554 1388 2646 1442 Dei
2679 1405 2745 1443 ex
2805 1392 3037 1447 mortius
3082 1397 3483 1452 resurrectione
3512 1403 3665 1469 cogi-

2086 1477 2188 1530 tari
2232 1483 2412 1546 potest
2459 1476 2634 1530 huius
2675 1476 2699 1529 ?
2732 1475 2873 1543 Quid
2903 1478 3045 1532 obiri
3078 1478 3377 1535 festivius?
3423 1483 3487 1537 Et
3516 1486 3661 1540 enim

2086 1568 2174 1621 ille
2198 1584 2321 1622 vera
2359 1569 2471 1629 lux,
2503 1585 2622 1638 quze
2647 1585 2710 1623 ex
2747 1585 2879 1625 vera
2904 1571 3026 1625 luce
3054 1580 3256 1628 arterne
3283 1575 3665 1648 indivulseque

2084 1660 2333 1713 nascitur
2362 1678 2375 1713 :
2408 1677 2635 1731 qumque
2670 1661 2826 1716 nobis
2851 1663 3012 1718 hodie
3046 1663 3299 1720 bifariam
3336 1668 3535 1730 oritur,
3567 1686 3665 1740 per

2084 1750 2420 1804 nativitatem
2477 1752 2756 1815 nimirum,
2787 1761 2838 1805 et
2866 1756 3353 1819 resurrectionem,
3383 1758 3663 1828 duplices-

2083 1857 2189 1910 que
2221 1841 2491 1896 salutares
2520 1843 2705 1899 radios
2736 1844 3047 1914 impertitur
3079 1864 3091 1900 :
3130 1856 3363 1918 utraque
3401 1851 3547 1905 enim
3570 1866 3661 1907 sa-

2084 1932 2246 1985 lutari
2280 1932 2480 2003 gaudio
2512 1934 2710 1990 referta
2735 1946 2837 1990 est.
2870 1935 3240 2001 Quamobrem
3280 1940 3414 1995 liene
3442 1958 3662 2011 quoque

2084 2023 2397 2093 festivieque
2446 2039 2608 2080 voces
2662 2036 2986 2095 priesentem
3043 2028 3186 2083 hanc
3246 2031 3656 2087 solemnitatem

2082 2113 2358 2168 illustrant
2385 2114 2679 2185 fidelesque
2706 2115 2912 2185 duplici
2939 2118 3165 2173 nomine
3194 2119 3264 2172 ad
3290 2119 3489 2175 festum
3517 2122 3660 2177 hunc

2080 2206 2222 2259 diem
2255 2206 2643 2260 celebrandum
2680 2206 2933 2261 invitant.
2960 2207 3060 2262 llic
3092 2212 3267 2281 virgo,
3297 2228 3419 2280 qua:
3448 2230 3572 2267 eum
3606 2215 3662 2271 in

2082 2297 2257 2351 lucem
2280 2297 2471 2363 edidit,
2495 2297 2749 2366 angelum
2779 2313 2886 2354 non
2908 2300 3118 2370 absque
3140 2301 3449 2369 justissima
3472 2319 3659 2372 causa,

2078 2387 2350 2457 ejusmodi
2382 2389 2632 2441 oratione
2660 2404 2718 2443 se
2749 2391 3167 2457 compellantem
3202 2394 3400 2462 accipit
3434 2412 3490 2447 τι
3523 2394 3658 2462 Ave,

2080 2479 2254 2551 gratia
2288 2479 2471 2549 plena,
2504 2478 2768 2532 Dominus
2802 2490 2980 2534 tecum
3019 2483 3039 2512 '
3063 2484 3278 2552 nquasi
3306 2485 3452 2538 dirat
3496 2488 3663 2542 male-

2079 2572 2247 2627 dictio
2277 2588 2398 2642 qua:
2428 2571 2551 2627 Evze
2573 2572 2683 2641 jam
2720 2572 2850 2625 olim
2886 2572 3126 2644 irrogata
3166 2574 3362 2639 fuerat,
3391 2576 3506 2647 jam
3533 2586 3658 2634 tan-

380 2662 695 2719 niortalium
739 2664 958 2721 animos
1012 2666 1200 2721 laetitia
1252 2667 1531 2724 delibatos
1584 2672 1870 2726 reddidit:
1914 2684 1962 2727 ul

2075 2662 2196 2717 dem
2236 2678 2332 2733 per
2365 2671 2418 2717 te
2461 2663 2617 2717 tinem
2653 2662 2816 2717 facit.
2867 2662 2966 2717 llic
3002 2680 3215 2719 rursum
3252 2676 3499 2736 pastores
3526 2671 3660 2740 vigi-

378 2767 513 2806 vero
539 2755 835 2818 excitatus,
861 2755 1074 2811 tristem
1099 2766 1333 2814 mortem
1364 2762 1617 2830 peremit,
1644 2777 1972 2834 omnesque.

376 2860 520 2913 quos
544 2844 822 2900 detinebat
846 2857 1114 2915 mortuos,
1142 2850 1218 2904 illi
1250 2851 1491 2907 ademit:
1521 2862 1576 2908 et
1608 2854 1762 2911 nobis
1791 2857 1881 2924 qui
1916 2858 1971 2911 in

376 2936 639 2991 terrestri
688 2937 802 2992 hare
832 2939 1058 3009 regione
1098 2957 1407 3006 versamur,
1470 2946 1537 2996 ad
1593 2945 1969 3016 incorruptam

379 3030 857 3100 immortalemque
905 3032 1073 3087 vitam
1116 3033 1222 3089 iter
1253 3037 1492 3106 aperuit.
1534 3037 1592 3091 In
1623 3054 1789 3094 unum
1819 3057 1971 3096 nam-

377 3136 485 3190 que
524 3128 757 3190 utraque
783 3122 1057 3187 coierunt,
1089 3124 1245 3193 juxta
1289 3126 1444 3191 illud,
1481 3130 1625 3198 quod
1658 3131 1708 3183 in
1735 3129 1967 3189 Psalmis

376 3213 592 3268 tertur:
631 3231 649 3265 i
678 3213 1060 3270 Misericordia
1088 3224 1143 3270 et
1192 3221 1399 3274 veritas
1427 3220 1786 3276 obviaverunt
1837 3226 1963 3288 sibi,

369 3303 589 3372 justitia
621 3314 675 3360 et
714 3322 815 3376 pax
843 3308 1103 3362 osculata:
1131 3319 1281 3365 sunt.
1317 3309 1527 3365 Veritas
1558 3312 1627 3368 de
1664 3322 1812 3368 terra
1840 3325 1963 3371 orta

374 3403 482 3460 est,
517 3396 805 3465 etjustitia
832 3397 899 3452 de
926 3400 1075 3454 caelo
1108 3402 1410 3469 prospexit.
1448 3402 1660 3459 Etenim
1697 3405 1962 3463 Dominus

378 3482 579 3540 Noster
603 3484 765 3542 .lesus
799 3486 1053 3543 Christus
1078 3489 1231 3543 dabit
1280 3490 1700 3563 benignitatem.
1731 3504 1787 3551 et
1815 3505 1961 3551 terra

388 3584 565 3628 nostra
611 3573 764 3629 dabit
819 3574 1059 3629 fructum
1110 3592 1269 3631 suum
1303 3582 1338 3631 ι.
1395 3598 1413 3629 ι
1468 3579 1673 3635 (ΣΙιι-ἰειί
1724 3599 1961 3655 namque

282 3681 288 3689 ·
378 3677 624 3730 exortus,
687 3667 1045 3736 ejusdemque
1095 3671 1458 3727 ex’inortiiis
1503 3677 1837 3730 resurrectio
1903 3678 1958 3733 in

377 3773 546 3810 unum
612 3756 754 3811 diem
807 3758 1142 3815 inciderunt.
1196 3758 1325 3816 Jure
1373 3763 1601 3830 proinde
1656 3766 1959 3838 meritoque

376 3849 556 3903 lucem
586 3849 728 3902 hanc
761 3848 980 3903 dierum
1013 3849 1297 3905 Dominam
1330 3852 1714 3922 appellaveris,
1754 3865 1813 3911 ut
1835 3874 1959 3928 qua:

370 3955 718 3995 communem
773 3942 1019 3995 omnium
1061 3941 1345 3995 Dominum
1402 3945 1560 4001 nobis
1606 3962 1669 4000 ex
1721 3951 1956 4003 mortuis

368 4032 663 4086 exhibebat
690 4030 1021 4104 redivivum.
1058 4033 1413 4104 natalitiaque
1448 4036 1517 4089 ob
1557 4036 1704 4093 illius
1736 4054 1800 4093 ex
1834 4037 1957 4094 Vir-

370 4123 502 4188 gine
550 4134 753 4185 ortum,
807 4123 1155 4178 solemnitate
1200 4132 1362 4176 aui-ta
1419 4133 1473 4178 ct
1533 4129 1808 4181 cumulata
1863 4131 1955 4184 sit.

370 4210 519 4264 Nihil
574 4211 749 4266 videri
794 4211 880 4267 his
907 4219 1092 4284 potest
1127 4211 1493 4282 splendidius,
1562 4216 1698 4271 nihil
1764 4223 1961 4273 mentis

368 4302 551 4355 oculis
582 4302 865 4356 observari
910 4302 1233 4371 jucundius.
1266 4302 1472 4375 Ecquid
1505 4306 1651 4361 enim
1679 4308 1961 4365 divinissi-

369 4406 460 4443 mo
511 4389 605 4444 Dei
656 4389 861 4460 Optimi
909 4389 1126 4445 Maximi
1171 4404 1367 4446 exortu
1414 4395 1600 4448 animo
1634 4398 1960 4465 pertractari

439 4532 456 4563 ¹
499 4529 652 4587 Psal.
686 4543 909 4594 Lxxsiv,
937 4529 1124 4583 II-Ii’i.
1202 4530 1223 4561 ³
1253 4528 1388 4586 Luc.
1423 4546 1462 4595 i,
1489 4529 1580 4585 28.

1656 4531 1678 4562 ³
1697 4530 1831 4587 Luc.
1864 4550 1923 4597 ii,
1950 4532 2038 4597 10,
2074 4532 2091 4583 Ι
2112 4533 2156 4585 1.

2081 2756 2276 2820 tantes,
2322 2765 2734 2825 nocturnasque
2773 2757 3054 2811 custodias
3083 2758 3464 2822 observantes.
3493 2776 3659 2832 ange-

2078 2848 2186 2900 lum
2215 2847 2484 2917 ejusmodi
2520 2848 2770 2902 nuntium
2806 2849 2871 2903 ad
2920 2864 2978 2904 se
3016 2848 3356 2906 deferentem
3390 2852 3656 2907 audiunt:

2079 2957 2098 2990 i
2143 2938 2283 2994 Ecce
2342 2941 2657 3011 evangelizo
2696 2940 2853 2995 vobis
2902 2941 3161 3012 gaudium
3206 2958 3462 3012 magnum
3511 2947 3655 3014 quod

2071 3032 2178 3084 erit
2233 3032 2382 3086 omni
2441 3031 2685 3102 populo:
2742 3032 2867 3101 quia
2919 3041 3082 3089 natus
3139 3041 3223 3088 est
3281 3034 3435 3088 vobis
3498 3036 3658 3093 hodie

2073 3120 2351 3181 Salvator.
2393 3122 2486 3191 qui
2527 3133 2607 3177 est
2640 3121 2894 3176 Christus
2928 3122 3195 3178 Dominus
3224 3124 3275 3177 in
3300 3123 3519 3179 civitate
3551 3124 3655 3180 Da-

2069 3212 2154 3267 vid
2175 3215 2215 3266 ³.
2242 3234 2261 3264 ι
2286 3213 2387 3267 Per
2413 3230 2572 3283 quem
2604 3224 2659 3268 et
2691 3228 2996 3279 servamur,
3029 3223 3082 3268 et
3116 3229 3348 3271 excusso
3373 3217 3657 3272 servitutis

2062 3304 2214 3376 jugo,
2251 3305 2303 3357 in
2346 3304 2437 3359 Dei
2486 3305 2627 3359 filios
2681 3305 2853 3374 gratis
2902 3314 3241 3374 cooptamur.
3283 3304 3548 3361 Illic-vero
3593 3308 3657 3359 il-

2069 3396 2275 3451 lustres
2321 3395 2538 3450 femina:
2608 3395 2815 3450 Christi
2889 3396 3277 3465 redemptionis
3349 3397 3649 3466 discipulae.

2070 3490 2366 3555 ipsummet
2400 3489 2686 3542 Dominum
2724 3494 2899 3550 Avele,
2929 3489 3255 3543 clamantem
3285 3490 3650 3547 exaudiunt".

2064 3581 2166 3647 Qui
2222 3595 2357 3634 sane
2404 3580 2663 3634 Christus
2706 3581 2961 3635 omnibus
3022 3589 3187 3634 tanta:
3230 3579 3394 3648 hujus
3448 3581 3650 3636 lwtitiie

2063 3680 2254 3723 auctor
2300 3669 2539 3723 exsistit.
2584 3666 2718 3721 Nam
2769 3676 2825 3724 et
2873 3684 2971 3738 per
3020 3669 3198 3737 ipsum
3236 3684 3386 3722 mors
3436 3678 3649 3723 mortua

2062 3768 2169 3825 est,
2211 3769 2265 3813 et
2301 3760 2544 3817 terribile
2592 3760 2724 3815 illud
2761 3760 3236 3816 condcmnationis
3275 3764 3650 3829 nostraejiidi-

2062 3852 2207 3905 cium
2270 3851 2427 3921 quasi
2480 3851 2830 3919 exterritum,
2906 3851 3166 3905 abolitum
3220 3859 3325 3913 est,
3368 3860 3422 3904 et
3479 3853 3650 3923 legale

2063 3942 2414 3995 maledictum
2451 3941 2779 3995 dissolutum
2814 3951 2898 3996 est
2934 3950 2988 3995 et
3023 3940 3144 3996 Eva:
3173 3957 3332 4011 pinna
3373 3944 3637 3998 restincta

2063 4043 2169 4103 est,
2194 4046 2243 4089 et
2270 4036 2463 4088 mortis
2486 4035 2773 4103 imperium
2806 4048 3056 4088 eversuri.
3088 4041 3194 4098 est,
3224 4042 3277 4088 et
3306 4043 3646 4088 mortuorum

2064 4127 2400 4182 resurrectio
2438 4166 2451 4187 ,
2508 4134 2737 4178 mortem
2790 4124 2843 4179 in
2897 4125 3133 4194 seipsani
3177 4125 3365 4178 smvire
3412 4128 3647 4194 amplius

2065 4232 2173 4271 non
2212 4217 2424 4280 sinetis,
2466 4216 2768 4270 luculenter
2838 4215 3091 4267 inchoata
3146 4224 3252 4269 est.
3284 4216 3383 4278 lbi,
3425 4223 3648 4284 propter

2067 4308 2363 4362 admissam
2399 4309 2451 4360 iu
2478 4306 2734 4374 paradiso
2765 4306 3293 4377 pra-varieationem,
3337 4307 3648 4359 ntaledirtio

2072 4399 2198 4454 illa:
2237 4418 2253 4449 i
2296 4397 2355 4451 In
2390 4397 2580 4451 dolore
2619 4399 2798 4469 paries
2836 4395 2976 4451 filios
3000 4397 3044 4459 ⁸,
3081 4416 3097 4446 ι
3140 4399 3369 4450 omnino
3403 4396 3647 4466 pres-eri-

2232 4532 2250 4559 ⁸
2282 4527 2475 4582 Matth.
2512 4544 2703 4591 xxviii,
2748 4528 2802 4583 9.
2877 4528 2899 4558 ⁸
2948 4526 3086 4583 Cen.
3117 4543 3199 4593 ni,
3264 4529 3349 4583 16.

1917 4641 2151 4697 NOTAE.

441 4734 519 4803 (1)
571 4732 941 4802 Soplironiiim
974 4732 1123 4786 hunc
1175 4734 1540 4802 posteriorem
1592 4748 1718 4787 esse
1780 4734 1962 4801 priore

369 4804 469 4859 illo
500 4805 676 4857 altero
703 4804 866 4869 cujus
903 4811 963 4856 ut
993 4804 1300 4873 presbyteri
1337 4804 1604 4873 meminit.
1633 4805 1952 4870 deSi-ripsii-

369 4889 481 4943 que
518 4875 686 4927 vitam
716 4882 948 4926 sanctus
989 4871 1442 4943 Iliei-onymusin
1480 4871 1817 4943 Scriploium
1870 4889 1953 4925 ec-

368 4942 792 4998 clesiasticarum
835 4943 1076 5012 catalogo
1104 4959 1121 4995 :
1161 4957 1282 5012 cum
1333 4942 1420 4995 ille
1449 4954 1674 5012 sancio”
1701 4942 1960 5011 Hierony-

370 5030 462 5067 nio
503 5013 807 5081 σύγχρονος
851 5013 916 5064 ad
959 5010 1209 5081 teiiipora
1255 5011 1484 5065 Joannis
1514 5012 1583 5065 44
1640 5010 1955 5080 Hierosoly-

370 5084 568 5135 mitani
608 5080 887 5152 pontiticis
918 5083 1137 5135 vixerit.
1182 5080 1281 5135 llic
1308 5098 1438 5135 vero
1484 5099 1610 5135 ium
1646 5082 1699 5134 in
1748 5096 1846 5135 sua
1885 5081 1954 5133 de

2060 4749 2242 4785 carum
2283 4740 2458 4785 exact.
2493 4730 2578 4789 15.
2607 4737 2775 4783 sexta:
2800 4729 2992 4797 synodi
3022 4743 3084 4781 ex
3127 4726 3362 4781 concilio
3398 4726 3646 4797 Romano

2061 4806 2165 4855 sub
2201 4805 2258 4855 ὃ.
2306 4802 2541 4853 Maitino
2604 4801 2765 4867 Papa.
2812 4796 3114 4850 secretario
3143 4799 3197 4853 εὶ.
3233 4807 3381 4849 tonio
3429 4798 3514 4850 III.
3567 4796 3643 4850 Ex

2060 4872 2398 4941 Theophane
2448 4872 2500 4923 in
2542 4869 2781 4941 Misretla
2836 4878 2886 4917 et
2927 4870 3086 4941 aliis.
3136 4868 3642 4941 (Aioiisiileuquoque

2057 4934 2307 4996 notas'ad
2347 4940 2635 4993 Romanum
2673 4936 3113 5005 illurlyrolugium
3148 4935 3201 4989 ll
3257 4934 3458 5005 Martii.
3492 4935 3641 4988 Con-

2058 5016 2310 5077 signatur
2355 5013 2536 5063 obitus
2570 5009 2740 5061 sancti
2786 5004 3091 5077 tjophron‘ii
3126 5007 3227 5077 sub
3271 5004 3519 5077 Heraclio
3550 5005 3643 5077 im-

2056 5072 2325 5146 peratore,
2355 5096 2501 5132 anno
2532 5078 2726 5132 salutis
2768 5072 2894 5146 656,
2933 5077 2986 5128 11
3040 5075 3242 5146 Martii,
3276 5088 3383 5142 quo
3410 5074 3497 5146 die
3517 5072 3639 5146 ejus

364 5153 578 5206 Christi
609 5142 902 5205 'natalitiis
940 5154 1187 5205 oratione
1225 5152 1411 5207 multis
1446 5162 1567 5220 agat
1616 5153 1684 5204 de
1728 5152 1949 5203 immani
1986 5152 2029 5208 D
2058 5142 2256 5204 natalis
2301 5153 2443 5220 inter
2502 5157 2724 5220 sanctos
2768 5145 3353 5220 _iiiscript_us__hatuetur
3400 5142 3636 5220 publicis

365 5238 623 5290 Sarvaque
652 5222 942 5290 tyrannide
970 5222 1366 5274 Saracenorum
1401 5226 1491 5289 qui
1529 5238 1621 5290 per
1656 5221 1706 5274 id
1738 5229 1952 5287 tempus

364 5292 629 5360 oppidum
680 5290 958 5343 Bethleem
1008 5293 1355 5359 occupabant
1406 5334 1418 5355 ,
1468 5296 1603 5345 satis
1655 5292 1861 5344 indicat
1895 5306 1953 5343 se

364 5363 520 5415 illum
554 5376 678 5415 esse
709 5360 1080 5429 Sophrouiimi
1132 5362 1225 5425 6'2,
1260 5376 1322 5412 ac
1374 5371 1712 5430 postremum
1766 5360 1955 5430 Pontif

365 5433 528 5484 licent
559 5429 1142 5500 Ilierosolymitauum.
1182 5430 1343 5497 cujus
1374 5429 1622 5485 meminit
1650 5429 1949 5499 Nicepliori

359 5499 969 5567 Constantinopolitani
1005 5501 1397 5567 Chronologia.

434 5570 691 5627 Pleiiiora
725 5569 792 5625 de
824 5570 882 5624 S.
933 5569 1247 5640 Sophronio
1280 5569 1780 5640 Hierosolymitano
1840 5569 1956 5638 epi-

363 5654 536 5713 scepo
559 5641 931 5711 suppeditabit
968 5650 1115 5694 tonio
1165 5638 1276 5695 VIII
1318 5638 1600 5694 Amtohtim
1632 5640 1956 5695 ecclesiasti-

2054 5221 2264 5274 Latina:
2306 5231 2358 5273 et
2396 5217 2599 5271 Grieeze.
2656 5214 2914 5268 Ecclesia:
2952 5209 3174 5268 tabulis.
3214 5212 3469 5266 Biblioth.
3522 5209 3635 5263 l’ao

2059 5302 2218 5364 (runt,
2256 5298 2294 5364 t.
2337 5288 2447 5351 XII,
2496 5286 2639 5364 206._
2705 5355 2716 5364 .
2952 5352 2968 5364 ,
3151 5352 3181 5364 ν.
3325 5350 3340 5364 .
3409 5349 3422 5361 .

2128 5350 2213 5429 (ei
2247 5350 2578 5433 AUC-Xllllllll'
2627 5355 2754 5408 huic
2802 5352 3060 5433 quaedam
3113 5352 3276 5433 etiam
3310 5350 3377 5406 de
3396 5350 3635 5433 immani

2057 5420 2310 5497 saevaque
2355 5429 2759 5497 Saracenorum
2794 5420 3103 5497 tyrannide,
3128 5422 3220 5491 qui
3269 5436 3366 5489 per
3396 5420 3452 5497 id
3497 5427 3638 5497 tem-

2059 5517 2160 5570 pus
2193 5490 2451 5567 oppidum
2487 5495 2791 5570 Bethleem,
2823 5490 2907 5550 vel
2970 5490 3330 5563 occuparant,
3370 5490 3457 5546 vel
3485 5493 3638 5547 certe

2060 5568 2654 5628 obsessuurtenehant.

3712 1654 3736 1678 \
