4022 6206
430 254 567 316 3903

1273 261 1332 318 S.
1358 261 1774 320 SOPIIRONII
1809 260 2082 321 PATRIA
2096 264 2312 325 RCIM‘]
2357 268 2755 331 IIIEROSOL.

3534 276 3672 339 3‘20].

432 378 522 434 pta
570 377 652 419 est
683 381 697 431 ;
738 368 935 436 quippe
989 383 1108 419 cum
1176 370 1358 423 laetitia
1402 383 1455 424 ct
1505 375 1759 441 gaudium
1797 374 2002 428 Christi
2032 384 2077 437 Α
2109 391 2265 434 antea
2296 398 2400 436 non
2436 398 2805 444 cssenms.-ex
2839 386 3008 439 nihilo
3043 402 3149 441 nos
3171 388 3443 456 produxit.
3480 390 3676 447 Insano

431 459 680 510 natalitia
712 460 1028 527 exceperint
1056 478 1067 513 :
1115 460 1200 513 hic
1242 477 1368 515 vero
1398 462 1630 517 alterum
1663 466 1794 519 illud
1833 468 2001 522 male-

427 548 662 609 dictum,
691 564 883 617 nempe
916 565 931 601 :
988 567 1007 599 ι
1045 549 1212 603 Terra
1242 567 1331 615 es,
1355 562 1407 605 et
1439 555 1494 608 in
1528 564 1727 608 terram
1759 568 2002 612 reverte-

429 642 508 696 ris
538 645 579 703 ε,
635 660 652 690 ι
709 642 926 709 penitus
972 656 1293 699 evacuatum
1340 657 1446 713 est,
1478 667 1543 704 eo
1583 655 1730 718 quod
1772 656 1879 709 vita
1913 672 2001 711 re-

430 733 824 786 surrectionem
886 749 951 787 ex
1014 738 1251 792 mortuis
1313 742 1592 809 pr0pa|am
1634 746 1934 800 ostenderit
1984 766 1999 811 ;

427 822 693 889 siquidem
722 823 1032 879 maledictio
1057 832 1111 881 et
1134 842 1299 896 paena
1325 839 1443 883 erat
1477 832 1642 886 illud:
1685 853 1703 884 ι
1735 836 1791 888 ln
1816 836 2003 892 dolore

428 910 609 979 paries
646 910 823 975 ﬁlios;
867 931 885 963 ›
914 912 1107 967 Adami
1139 930 1267 969 vero
1299 918 1528 972 alterum
1559 922 1688 975 illud
1730 942 1743 977 :
1783 943 1801 975 ι
1834 923 2001 979 'l‘erra

426 1018 507 1061 es.
544 1011 598 1054 et
634 1003 686 1055 in
724 1013 923 1057 terram
954 1006 1201 1070 redibis;
1248 1028 1267 1060 ι
1310 1012 1598 1080 utriusque
1652 1010 1831 1068 autem
1872 1032 2001 1085 par-

427 1103 547 1141 cam
597 1098 649 1143 et
702 1093 958 1145 miseram
1005 1095 1171 1147 vitam
1220 1107 1481 1167 perpetuo
1533 1100 1755 1155 dueere.
1804 1103 2002 1158 Verum

428 1181 709 1235 enimvero
764 1185 1173 1251 potentissimus
1235 1189 1428 1241 horum
1479 1187 1765 1244 Liberator
1805 1202 1859 1246 et
1900 1192 2005 1246 Re-

430 1270 681 1339 demptor
716 1288 810 1341 per
861 1291 1015 1328 suam
1069 1278 1405 1333 nativitatem
1447 1288 1502 1334 et
1546 1285 2003 1338 resurrectionem

434 1360 490 1413 in
534 1362 769 1415 medium
816 1378 875 1417 se
934 1365 1079 1428 tulit,
1127 1382 1428 1436 verumque
1477 1367 1894 1439 Redemptorem
1951 1380 2006 1427 et

430 1454 799 1507 Liberatorem
832 1470 951 1510 sese
972 1457 1283 1514 declaravit.
1309 1461 1454 1515 Nihil
1476 1463 1619 1517 enim
1648 1466 2005 1535 exstat,quod

430 1546 521 1598 Dei
576 1545 867 1613 potentiam
905 1548 1106 1602 vincat.
1145 1569 1163 1600 ‹
1208 1550 1474 1608 Dominus
1525 1568 1759 1624 namque
1814 1560 2005 1611 morti-

430 1633 553 1685 ﬁcat
582 1641 636 1685 et
662 1634 917 1696 viviﬁcat,
958 1638 1179 1692 deducit
1210 1640 1274 1693 ad
1306 1642 1513 1699 inferos
1545 1654 1601 1699 et
1631 1647 1862 1713 reducit,
1895 1668 1913 1701 ›
1947 1657 2004 1702 ut

428 1724 689 1789 scriptum
753 1732 835 1779 est
877 1726 919 1778 ".
972 1727 1075 1781 Sed
1142 1746 1317 1800 neque
1354 1734 1652 1803 quidquam
1706 1739 2001 1807 comperiri

428 1829 645 1881 quoque
676 1824 875 1883 potest,
913 1818 1056 1887 quod
1093 1823 1450 1891 omnipotenti
1489 1827 1636 1882 illius
1663 1831 1823 1882 nutui
1856 1831 2003 1884 obsi-

428 1912 573 1958 stere
594 1905 788 1959 valeat.
818 1906 1008 1963 Manus
1039 1911 1159 1979 ejus
1192 1923 1419 1981 propter
1466 1926 1689 1985 peccata
1722 1920 2000 1975 hominem

428 1993 719 2046 verberant
753 2009 770 2060 ;
811 1999 1014 2051 easdem
1049 2014 1244 2055 rursus
1284 2013 1505 2072 propter
1530 2008 1802 2076 ingentem
1850 2010 2002 2079 ejus-

426 2082 548 2134 dem
616 2082 1025 2153 benignitatem,
1086 2104 1405 2157 percussum
1470 2106 1686 2149 sanant.
1737 2098 1834 2152 Ast
1877 2100 2002 2168 quis

427 2186 546 2222 sum
577 2188 699 2240 ego,
742 2176 832 2242 qui
875 2193 995 2245 qua}
1017 2181 1282 2245 videmus,
1316 2191 1370 2237 et
1407 2185 1681 2249 audimus,
1702 2202 1801 2255 pro
1829 2189 2002 2257 digni-

427 2270 540 2318 tate
576 2281 843 2335 exponam
869 2272 892 2324 ?
938 2273 1211 2329 Destituor
1240 2278 1388 2332 enim
1418 2283 1686 2345 oratione,
1716 2291 1769 2336 et
1794 2284 1999 2353 lingua,

427 2364 481 2408 et
529 2371 646 2420 ore,
691 2361 893 2428 quibus
917 2362 1229 2421 divinorum
1269 2368 1482 2424 illorum
1534 2371 1796 2428 festorum
1841 2375 2002 2428 mira-

427 2447 549 2500 cula
598 2464 697 2517 pro
749 2453 942 2507 merito
994 2456 1315 2514 edisseram.
1372 2461 1444 2515 Ea
1497 2472 1719 2533 propter
1766 2466 2002 2520 maxime

428 2540 735 2608 perplexus,
783 2559 1105 2615 summaque
1158 2550 1212 2603 in
1256 2567 1438 2607 rerum
1501 2554 1821 2610 ditlicullate
1863 2572 1997 2611 con-

428 2631 688 2692 stitutus,
744 2634 1061 2702 angelorum
1133 2639 1397 2711 hymnum
1458 2653 1648 2698 mutuo
1710 2647 1996 2715 accipiam,

429 2720 689 2790 illumque
743 2724 849 2777 Deo
906 2725 1198 2781 humanam
1239 2741 1489 2786 naturam
1524 2736 1739 2799 sortito,
1783 2751 1997 2791 necnon

428 2826 460 2864 θ
499 2813 756 2880 sepulcro
808 2823 862 2869 et
913 2819 1145 2874 mortuis
1183 2822 1447 2877 hodierna
1486 2824 1605 2879 luce
1637 2829 1993 2893 exsuscitato,

430 2901 636 2970 ingenti
673 2920 805 2961 voce
834 2907 1158 2978 decantabo,
1203 2914 1457 2983 clareque
1485 2925 1538 2971 et
1572 2920 1855 2987 perspicue
1884 2937 2000 2989 per-

2104 487 2321 527 rursum
2357 475 2755 545 temerarioque
2796 476 3047 540 consilio,
3076 477 3129 531 in
3172 478 3450 557 interitum
3492 483 3674 549 prola-

2104 577 2254 631 psos,
2282 579 2494 617 necnon
2532 564 2586 617 in
2607 566 2798 621 mortis
2817 566 3131 621 barathrum
3174 570 3481 639 praecipites
3500 580 3671 631 actos,

2103 670 2167 709 ex
2186 655 2397 707 tumulo
2425 656 2604 710 denuo
2624 657 3004 722 exsuscitavit;
3032 670 3330 728 morteque,
3361 675 3466 727 qua
3503 662 3676 716 valide

2105 748 2448 810 tenebamur,
2492 747 2782 812 debellata,
2823 749 2995 817 ipsam
3036 750 3250 804 vivendi
3293 761 3542 804 naturam
3573 756 3674 807 itc-

2104 854 2224 892 rmn
2278 839 2436 895 nobis
2467 840 2733 903 restituit,
2769 850 2931 908 atque
2984 842 3119 894 adeo
3153 842 3323 910 ipsam
3375 843 3672 910 spiritalem

2106 929 2238 993 vim,
2300 944 2455 997 atque
2495 937 2555 982 ut
2605 939 2750 995 ante,
2813 931 3102 986 infundere
3154 948 3433 1001 nunquam
3491 934 3672 992 desiit.

2105 1020 2241 1074 Cum
2280 1021 2425 1075 enim
2480 1021 2624 1078 Deus
2671 1024 2764 1086 sit,
2802 1023 2894 1085 iis,
2932 1024 3024 1092 qui
3060 1039 3162 1094 ope
3209 1024 3353 1078 illius
3402 1025 3671 1093 indigent,

2106 1113 2248 1166 dona
2298 1123 2353 1168 et
2410 1114 2679 1168 beneﬁcia
2721 1130 2850 1171 vere
2904 1117 3087 1170 divina
3131 1126 3184 1171 et
3218 1102 3421 1187 inagna
3470 1118 3675 1187 iugiter

2107 1204 2373 1271 impertit.
2426 1203 2502 1257 Ea
2555 1213 2780 1275 propter
2828 1222 3045 1260 rursum
3098 1207 3295 1270 clamo,
3349 1223 3674 1277 semperque

2107 1309 2233 1348 cum
2272 1295 2594 1351 coelestibus
2632 1298 2741 1350 illis
2783 1299 3118 1353 exercitibus
3154 1299 3443 1367 clamabo:
3490 1319 3507 1350 ι
3547 1300 3674 1352 Glo-

2106 1385 2188 1440 ria
2242 1385 2298 1440 in
2353 1388 2589 1441 excelsis
2638 1386 2770 1452 Deo,
2815 1397 2870 1441 et
2921 1390 2971 1442 in
3011 1398 3154 1443 terra
3200 1404 3304 1458 pax
3355 1390 3674 1445 hominibus

2108 1478 2263 1531 bona:
2303 1478 2604 1532 voluntatis
2654 1479 2719 1531 η.
2763 1497 2781 1530 ι
2831 1477 3035 1547 Ecquid
3071 1478 3213 1532 enim
3256 1479 3672 1553 convenientius

2107 1580 2346 1635 vereque
2384 1567 2693 1634 decentius,
2728 1574 2787 1622 .et
2817 1570 2997 1637 reipsa
3041 1583 3260 1637 quoque
3295 1569 3561 1622 illustrius
3588 1568 3671 1622 di-

2110 1671 2235 1710 cere
2280 1666 2533 1727 possunt,
2584 1658 2678 1726 qui
2726 1668 2913 1727 natum
2955 1659 3118 1714 Deum
3161 1661 3455 1725 celebrare,
3494 1660 3670 1715 laudi-

2033 1719 2078 1778 Β
2109 1747 2321 1816 busque
2346 1749 2578 1806 evehere
2609 1751 2856 1818 cupiunt,
2884 1765 3046 1819 quam
3077 1769 3090 1805 :
3126 1769 3145 1801 ι
3173 1749 3357 1805 Gloria
3392 1752 3445 1805 in
3477 1751 3672 1806 altissi-

2105 1841 2210 1895 mis
2236 1840 2365 1903 Deo,
2398 1851 2452 1896 et
2480 1842 2533 1895 in
2573 1852 2716 1896 terra
2751 1858 2853 1912 pax
2890 1844 3207 1898 hominilms
3229 1844 3384 1899 bona:
3415 1846 3670 1898 volunta-

2105 1929 2215 1983 tis?
2256 1949 2274 1980 ι
2310 1930 2453 1985 Deus
2484 1932 2537 1983 in
2587 1940 2734 1986 terra
2787 1933 2936 2002 agit;
2970 1940 3024 1988 et
3068 1935 3192 2001 quis
3222 1934 3277 1987 in
3322 1936 3519 1989 malum
3558 1951 3669 1990 non

2104 2021 2338 2076 evadat?
2368 2020 2516 2076 Deus
2554 2038 2583 2076 e
2622 2020 2843 2092 Virgine
2893 2033 3058 2078 natus
3090 2022 3406 2078 inmedium
3446 2024 3665 2091 prodit:

2104 2114 2309 2182 etquis
2372 2113 2533 2166 hodie
2585 2114 2804 2169 divinus
2854 2129 2961 2167 non
3016 2114 3319 2168 efﬁciatur?
3362 2112 3518 2180 Quis,
3560 2129 3666 2183 quo

2106 2206 2333 2277 propius
2388 2206 2453 2258 ad
2504 2221 2626 2257 eum
2674 2206 2935 2259 accedere
2982 2215 3173 2275 queat,
3216 2205 3283 2257 ad
3334 2198 3667 2274 virginitatis

2104 2296 2448 2350 sanctitatem
2507 2311 2615 2349 non
2654 2296 2911 2355 anhelet.
2944 2295 3461 2362 tcontinentiamque
3501 2293 3668 2347 alacri

2103 2388 2287 2440 animo
2313 2402 2421 2441 non
2446 2388 2882 2455 complectatur?
2911 2386 3054 2441 Deus
3086 2387 3287 2440 vilibus
3329 2385 3667 2453 abiectisque

2103 2479 2411 2547 panniculis
2455 2477 2798 2531 involvitur:
2849 2486 2902 2532 et
2955 2479 3078 2544 quis
3113 2486 3222 2540 est,
3272 2478 3386 2546 qui,
3436 2478 3481 2529 si
3532 2476 3666 2544 quid

2103 2568 2245 2623 forte
2310 2569 2417 2622 vile
2452 2569 2839 2637 abiectumque
2892 2568 3223 2637 quandoque
3250 2574 3524 2627 occurrat,
3557 2579 3667 2634 quo

2101 2659 2406 2713 divinitatis
2470 2660 2746 2727 particeps
2796 2658 2907 2720 ﬁat,
2960 2657 3137 2712 obviis
3183 2658 3328 2712 ulnis
3380 2656 3512 2711 illud
3558 2672 3664 2710 non

2101 2750 2373 2820 excipiat?
2407 2749 2516 2805 Nec
2546 2750 2691 2804 enim
2723 2750 2831 2802 alia
2858 2749 2925 2803 de
2954 2763 3122 2804 causa
3159 2750 3398 2803 humana
3431 2763 3666 2817 pauper-

2101 2850 2213 2895 tate
2246 2857 2367 2895 sese
2402 2843 2725 2895 convestivit
2758 2840 2918 2903 Deus,
2953 2855 3117 2911 quam
3147 2850 3205 2894 ut
3235 2854 3336 2894 sua
3366 2856 3466 2893 nos
3492 2838 3665 2908 gratia

2099 2934 2241 2987 Deos
2282 2934 2542 2989 efﬁceret.
2581 2934 2759 3001 Atque
2791 2934 2893 2987 hoc
2925 2932 3216 2987 Psalmista
3261 2931 3455 2992 David.
3495 2931 3664 2983 idem-

427 2995 677 3101 lsonabo:
713 3013 731 3046 ι
771 2995 952 3101 Cloria
980 3000 1033 3101 in
1067 3002 1348 3059 altissimis
1384 3005 1510 3071 DeO,
1548 3017 1601 3061 cl
1633 3010 1685 3062 in
1715 3018 1860 3063 terra
1894 3027 1992 3079 βεδε
2023 3043 2067 3101 c
2105 3043 2210 3095 que
2264 3026 2470 3081 Christi
2518 2995 2736 3096 parens,
2786 3024 3088 3095 prophetiae
3143 3024 3290 3077 dono
3338 3024 3661 3084 illustratus,

429 3080 742 3140 hominibus
771 3086 924 3140 bona:
950 3090 1243 3148 voluntatis
1264 3094 1305 3148 ⁸.
1333 3114 1352 3146 ι
1400 3095 1530 3150 Nam
1562 3115 1670 3167 quo
1700 3116 1800 3156 uos
1826 3104 1998 3157 subli-

428 3186 542 3225 mes
573 3173 827 3236 elﬁceret,
882 3181 1164 3249 magisque
1208 3184 1484 3251 cmlestes,
1535 3204 1695 3258 quam
1750 3202 1997 3249 terrenos

426 3276 550 3317 esse
582 3267 898 3322 ostenderet
927 3285 958 3324 e
992 3273 1212 3328 sublimi
1244 3277 1311 3329 ad
1355 3294 1456 3334 nos
1481 3283 1615 3337 viles
1648 3284 1998 3358 abiectosque

426 3352 727 3409 descendit.
761 3357 907 3413 Bello
960 3376 1200 3430 rursum,
1235 3370 1378 3438 quod
1417 3372 1517 3425 sub
1562 3384 1841 3443 aspectum
1889 3352 1995 3434 non

425 3444 593 3510 cadit,
646 3447 946 3518 impetitos,
993 3458 1288 3514 securitate
1328 3469 1380 3515 et
1412 3478 1545 3531 pace
1591 3467 1833 3531 donavit,
1867 3487 1995 3524 suo-

426 3550 533 3599 que
554 3534 704 3591 Patri
753 3545 1144 3611 reconciliavit,
1172 3558 1226 3602 et
1261 3560 1503 3618 nostram
1533 3571 1656 3623 cum
1703 3559 1809 3613 Deo
1840 3560 1997 3617 Patre

426 3627 859 3693 paciﬁcationem
901 3634 953 3688 in
981 3636 1165 3706 seipse
1194 3638 1420 3707 faciens,
1453 3659 1512 3699 se
1535 3662 1721 3716 pacem
1752 3659 1993 3706 nostram

423 3730 549 3771 esse
594 3719 1011 3805 demonstravit.
1043 3727 1111 3782 Et
1139 3745 1241 3785 nos
1273 3747 1447 3802 atque,
1476 3738 1569 3805 qui
1604 3738 1925 3808 longissime
1965 3758 1993 3795 a

423 3807 610 3862 divino
661 3825 882 3882 aspectu
940 3817 1129 3885 reiecti
1181 3824 1583 3894 proscriptique
1636 3807 1877 3889 eramus.
1920 3830 1993 3885 ita

423 3896 541 3951 suis
579 3898 868 3956 virtutibus
911 3908 1199 3962 exornavit
1239 3920 1291 3964 et
1324 3912 1670 3979 instauravit,
1704 3928 1761 3970 ut
1801 3924 1853 3971 et
1884 3916 1994 3972 Deo

424 3986 801 4055 probaremur,
848 4002 902 4049 et
927 3995 1176 4052 clementi
1205 4002 1367 4055 oculo
1404 4003 1474 4058 ab
1501 4005 1690 4059 eodem
1724 4009 1993 4076 aspicere-

424 4091 566 4131 mur.
618 4078 686 4133 Et
744 4084 889 4153 scpis
943 4090 1178 4144 maceria
1247 4108 1278 4147 e
1329 4095 1507 4149 medio
1556 4098 1792 4164 sublata,
1858 4099 1989 4154 illud

422 4183 642 4237 quoque.
664 4183 864 4239 praeter
896 4186 1089 4232 caetera
1115 4183 1271 4237 nobis
1307 4185 1615 4255 impertitus
1655 4200 1761 4252 est,
1807 4199 1864 4245 ut
1894 4191 1988 4246 Dei

423 4259 726 4315 claritatem
777 4267 1011 4321 revelata
1063 4270 1204 4326 faeie
1254 4278 1609 4345 contemplari
1657 4296 1919 4348 queamus
1943 4285 1985 4339 θ.

2101 3117 2414 3187 Christique
2462 3133 2523 3171 ex
2575 3132 2633 3170 se
2681 3114 2944 3171 nascituri
3001 3114 3263 3169 beneﬁcia
3303 3113 3555 3175 edoctus,
3601 3128 3666 3166 ac

2101 3211 2364 3280 praeclara
2440 3209 2738 3278 divinaque
2802 3206 3048 3276 eiusdem
3105 3205 3245 3259 facta
3299 3204 3511 3274 liquido
3567 3218 3666 3272 per

2100 3304 2353 3374 spiritum
2410 3304 2786 3371 conspicatus,
2846 3299 3068 3355 disertis
3120 3299 3231 3368 iam
3300 3297 3430 3350 olim
3479 3295 3665 3350 verbis

2098 3395 2379 3463 exposuit:
2417 3410 2435 3443 ι
2460 3392 2593 3461 Ego,
2620 3392 2730 3454 ait,
2811 3391 2943 3454 dixi,
2985 3390 3059 3445 dii
3085 3391 3241 3452 estis,
3266 3396 3320 3441 et
3342 3386 3432 3441 ﬁlii
3453 3385 3663 3440 Excelsi

2099 3500 2289 3539 omnes
2322 3483 2384 3535 ”.
2429 3502 2446 3533 ›
2480 3482 2622 3537 Deus
2660 3483 2800 3536 inter
2836 3498 2936 3537 nos
2961 3490 3070 3546 est,
3107 3490 3342 3536 veterem
3388 3477 3663 3532 hominem

2097 3572 2269 3634 exuti,
2302 3568 2608 3636 ipsumque,
2637 3566 2814 3635 quoad
2844 3568 2963 3634 eius
3006 3566 3120 3619 ﬁeri
3160 3572 3361 3634 potest,
3400 3562 3659 3621 annulati.

2097 3657 2268 3711 divini
2302 3653 2627 3709 efﬁciamur.
2663 3652 3021 3708 Celsissimus
3059 3653 3236 3704 factus
3258 3659 3342 3704 est
3366 3658 3658 3714 terrenus;

2096 3756 2151 3804 et
2189 3763 2292 3802 nos
2324 3757 2525 3801 nostrae
2551 3760 2771 3816 quoque
2815 3746 3018 3799 mentis
3051 3743 3351 3814 preposita,
3384 3741 3661 3809 animique

2095 3835 2366 3891 desideria
2404 3850 2623 3888 sursum
2662 3834 3035 3902 subrigamus.
3089 3833 3511 3901 divinorumque
3543 3846 3661 3884 mu-

2095 3940 2286 3980 nerum
2315 3940 2547 3994 capaces
2574 3940 2675 3979 nos
2704 3923 2933 3989 reddere
2965 3923 3309 3978 studeamus.

2168 4017 2310 4072 Deus
2344 4018 2396 4069 in
2452 4016 2721 4086 presepio
2751 4015 2930 4085 palam
2966 4016 3316 4084 preponitur,
3365 4013 3655 4082 nobisque,

2092 4109 2183 4178 qui
2214 4120 2267 4163 et
2300 4107 2441 4163 fame
2466 4107 2822 4169 tabescimus,
2846 4114 2900 4160 et
2929 4106 3309 4174 iumentorum
3335 4120 3488 4159 more
3505 4104 3656 4158 nulla

2092 4217 2229 4272 pene
2265 4200 2485 4255 ratione
2544 4199 2819 4261 ducimur,
2875 4198 3119 4266 seipsum
3175 4198 3320 4252 ultro
3368 4197 3421 4251 in
3469 4197 3656 4251 cibum

2091 4293 2333 4348 exhibet.
2369 4292 2573 4362 Ecquis
2602 4290 2943 4347 euchobruto
2975 4290 3069 4344 illo
3105 4290 3364 4344 alimento
3395 4296 3654 4357 tanquam

424 4347 668 4454 Denique
705 4369 825 4418 nos,
862 4359 953 4426 qui
982 4360 1187 4428 pridem
1225 4364 1295 4418 ob
1322 4366 1521 4421 delicta
1550 4372 1813 4455 nostra/in
1842 4389 1986 4428 mor-

2098 4385 2297 4440 divinis
2331 4347 2587 4455 dapibus,
2629 4383 2926 4452 divinaque
2954 4382 3226 4436 charitate
3261 4395 3488 4450 prorsus
3516 4379 3654 4434 indi-

423 4445 528 4492 tem
578 4440 1005 4510 incurret-amns,
1048 4451 1347 4523 eademque
1377 4457 1520 4511 ultro
1566 4468 1620 4513 et
1654 4444 1811 4530 quasi
1857 4462 1982 4518 data

420 4542 584 4596 opera
629 4534 790 4590 nobis
846 4537 1249 4598 absciveramus
1284 4562 1297 4599 :
1332 4565 1350 4598 ι
1392 4545 1533 4603 Deus
1575 4552 1720 4605 enim
1753 4564 1980 4609 mortem

419 4634 528 4674 non
567 4622 714 4691 fecit,
761 4643 959 4697 neque,
1014 4632 1157 4702 (cum
1203 4635 1276 4690 sit
1320 4640 1581 4711 optimus)
1626 4643 1680 4697 in
1736 4646 1980 4700 vivorum

421 4712 721 4780 perditione
759 4718 970 4771 laetatur
1002 4723 1067 4786 '°,
1112 4744 1140 4774 ,ι
1196 4726 1374 4782 denuo
1407 4730 1459 4783 in
1510 4732 1672 4785 vitam
1726 4738 1977 4801 asseruit,

417 4809 468 4853 et
496 4815 526 4854 e
554 4804 879 4871 sepulcroet
917 4808 1137 4865 interitu
1170 4817 1551 4882 exsuscitavit,
1570 4821 1853 4891 dicereque
1880 4840 1982 4880 nos

413 4889 579 4959 iussit
606 4907 620 4944 :
649 4911 668 4944 ι
700 4894 801 4949 Ubi
827 4907 931 4963 cst,
957 4916 1125 4963 mors,
1159 4905 1387 4960 victoria
1420 4909 1654 4964 tua?nbi
1686 4889 1981 4969 est—stimu-

418 4980 502 5035 lus
532 4990 678 5048 tuus,
705 4985 914 5043 inferne
950 4991 1026 5044 “?
1047 5011 1065 5042 ι
1091 4992 1344 5051 Christus
1372 4998 1515 5051 enim
1536 5000 1599 5054 ad
1626 5017 1725 5056 nos
1749 5004 1981 5057 humiles

415 5087 536 5128 sese
570 5075 883 5143 dcmittens,
918 5095 1274 5155 nostrumque
1294 5098 1476 5142 ortum
1508 5101 1701 5159 sponte
1732 5095 1981 5165 subiens,

411 5172 468 5219 et
500 5174 557 5219 ut
586 5183 745 5224 verus
775 5172 935 5225 homo
964 5185 1192 5231 mortem
1231 5187 1516 5248 Oppetens,
1548 5191 1780 5251 utraque
1803 5184 1978 5241 defre-

412 5254 487 5321 git
514 5265 567 5308 et
601 5257 944 5325 obscuravit.,

486 5368 505 5398 ι
533 5349 824 5407 Oaltitudo
850 5356 1163 5412 divitiarum
1194 5363 1471 5430 sapientiae
1486 5374 1539 5419 ct
1564 5369 1817 5434 potentia:
1840 5370 1977 5422 divi—

412 5454 493 5491 na:
515 5442 577 5493 "3
604 5461 623 5491 υ
646 5443 689 5497 Ο
708 5445 1095 5515 benignitatem
1120 5468 1241 5506 vere
1259 5454 1599 5510 immensam!
1629 5457 1974 5514 Etenimcum

2090 4494 2197 4545 gno
2258 4478 2498 4546 abiecto,
2536 4478 2589 4531 in
2620 4477 2771 4530 illius
2805 4474 3091 4530 divinitate
3132 4489 3192 4529 se
3245 4488 3350 4527 non
3382 4471 3656 4527 oblectet?

2094 4569 2227 4625 Vere
2266 4570 2535 4624 dixerim:
2570 4587 2588 4620 ι
2624 4568 2808 4623 Gloria
2833 4568 2887 4622 in
2913 4567 3148 4623 excelsis
3181 4567 3308 4631 Deo,
3335 4575 3388 4621 et
3424 4567 3477 4619 in
3509 4575 3653 4620 terra

2088 4658 2534 4729 paxhominibus
2561 4657 2719 4711 bona:
2749 4657 3069 4711 voluntatis.
3108 4674 3126 4707 ι
3160 4653 3447 4724 Tripudio,
3474 4661 3655 4721 pasto-

2089 4762 2323 4816 rumque
2376 4761 2526 4801 more
2564 4747 2804 4809 exsulto,
2842 4746 2970 4799 dum
3005 4758 3168 4799 voces
3187 4742 3461 4811 ejusmodi
3496 4741 3653 4808 plane

2088 4838 2302 4892 divinas
2332 4837 2493 4889 audio
2518 4856 2532 4900 ;
2560 4848 2612 4891 et
2644 4836 2709 4889 ad
2737 4850 3003 4905 prmsepe,
3037 4832 3182 4903 quod
3211 4831 3380 4885 Deum
3414 4830 3650 4899 excepit.

2088 4929 2276 4982 statim
2311 4929 2604 4981 convolare
2660 4926 2858 4995 gestio,
2912 4940 3124 4979 necnon
3162 4922 3228 4977 ad
3270 4922 3490 4977 cteleste
3519 4920 3651 4975 illud

2088 5035 2282 5089 specus
2310 5028 2425 5073 toto
2453 5019 2619 5072 animi
2656 5019 2861 5088 impetu
2891 5025 3103 5085 raptus,
3129 5015 3472 5086 mysterium,
3504 5010 3648 5080 quod

2088 5110 2141 5163 in
2204 5111 2325 5179 ipso
2371 5110 2519 5173 latet,
2573 5123 2760 5163 coram
2809 5109 3142 5177 conspicari,
3182 5114 3345 5175 atque
3387 5104 3648 5175 hymnum

2089 5200 2278 5253 illum:
2319 5198 2505 5251 Gloria
2548 5199 2600 5252 in
2635 5199 2857 5252 excelsis
2891 5198 3020 5262 Deo,
3055 5208 3106 5251 et
3147 5197 3201 5250 in
3233 5204 3374 5248 terra
3422 5208 3527 5263 pax
3556 5192 3650 5246 ho-
3734 5186 3745 5199 ⁸

2086 5292 2312 5343 minibus
2340 5290 2492 5344 bona!
2540 5291 2847 5353 voluntatis,
2891 5291 2945 5344 in
2977 5304 3174 5343 recens
3206 5289 3315 5342 nati
3341 5287 3568 5357 gloriam
3593 5292 3648 5338 ct

2086 5380 2345 5433 honorem
2378 5380 2701 5448 depromere
2731 5380 2989 5433 ardenter
3018 5378 3294 5434 desidero.

2152 5468 2293 5533 Quin
2320 5467 2538 5523 divinos
2579 5482 2799 5537 quoque
2840 5469 3020 5539 Magos
3054 5483 3311 5534 veneror,
3358 5464 3647 5538 magnique

475 5551 496 5580 ⁸
522 5551 653 5637 Cen.
683 5560 885 5651 ppulit.
944 5562 963 5592 ⁷
1006 5561 1181 5645 lites.
1216 5580 1275 5622 tl.
1306 5566 1358 5619 ϐ.
1408 5567 1451 5596 ’π
1474 5566 1602 5622 an.
1643 5587 1677 5629 ι,
1716 5571 1793 5623 14.
1864 5576 1883 5604 ⁹
1914 5574 1992 5642 Ep

2100 5616 2111 5628 .
2151 5594 2208 5637 ιι,
2246 5575 2449 5651 175,15.
2527 5578 2569 5607 ¹⁰
2595 5575 2721 5647 Sap.
2760 5578 2912 5642 1,13.
2989 5579 3028 5612 ¹¹
3065 5578 3202 5635 Osee
3224 5576 3450 5651 11",”;
3484 5574 3643 5630 lCor.

566 5624 591 5637 υ

410 5633 496 5683 ιγ,
526 5628 612 5674 ῑιῧ.
698 5629 738 5655 ¹²
772 5628 929 5681 llum.
967 5648 1040 5693 χι,
1110 5633 1194 5685 55.

1278 5636 1315 5665 ⁸³
1348 5636 1477 5691 Luc.
1529 5655 1587 5705 tt,
1629 5642 1708 5693 li.
1776 5643 1817 5671 "
1845 5636 1987 5698 Psal.
2027 5664 2209 5708 t.xxx:,
2253 5650 2304 5699 ϋ.
