4058 6190
329 198 444 259 3:20
453 203 480 256 ῗι

1273 203 1556 264 ORATIO
1590 204 1640 264 Ι.
1681 228 1745 238 -
1782 203 1863 262 IN
1891 203 2209 265 CHRISTI
2252 207 2688 266 ΝΛΤᾹΙᾸἨΛ.

3465 206 3606 270 3⁵2ιίῐῖ

332 307 519 360 facio:
555 313 608 360 et
638 321 889 372 cursum,
921 321 1032 378 quo
1066 305 1174 362 lleo
1201 309 1431 374 addicti,
1460 311 1761 380 divinaque
1792 310 1920 364 cdo-
1956 322 1991 368 Λ
2029 314 2180 367 rihus
2229 319 2428 367 choros
2470 316 2818 376 duceremus,
2866 325 2918 368 ct
2949 329 3072 368 cum
3123 313 3292 386 Magis
3326 315 3434 369 Deo
3465 321 3609 375 dona

335 401 413 453 cti
452 399 558 452 viri
588 398 664 450 illi
701 399 809 462 usi,
841 399 907 452 ad
941 400 1224 456 caelestem
1257 401 1532 456 Bethleem
1563 403 1924 466 devenerunt,

337 489 603 560 majorem
659 488 714 542 iu
773 489 995 544 modqu
1054 489 1324 545 admiror.
1385 493 1760 547 Accesserant
1818 492 1926 546 huc

321 589 546 642 «autem,
611 575 843 636 llerodis
899 580 1129 650 quidem
1193 581 1464 647 furorem,
1538 583 1928 652 infantumque

325 675 736 730 trucidatorem
812 673 1083 742 gladium,
1153 674 1292 728 nihil
1354 674 1656 745 quidquam
1725 676 1923 730 veriti:

337 766 556 820 stellam
591 779 725 819 vero
761 765 882 818 luce
913 777 1014 818 sua
1045 763 1190 816 viam
1235 770 1779 835 prtemonstr‘antem,
1824 767 1926 820 dn-

327 873 455 912 ccm
487 857 685 925 utique
717 856 1035 918 sublimem,
1079 855 1353 926 planeque
1394 857 1701 921 cmlestem,
1734 857 1800 910 ad
1828 873 1924 911 su-

336 950 502 1004 blime
526 949 666 1003 illud
692 949 1032 1018 cmlesteqne
1061 951 1166 1003 iter
1188 947 1474 1004 commode
1493 949 1922 1011 conficiendum,

283 1009 304 1126 ξ
342 1053 749 1115 peropportune
800 1045 974 1098 nacti.
1017 1042 1224 1097 Horum
1264 1059 1364 1115 ego
1394 1058 1584 1098 comes
1629 1058 1756 1099 esse
1798 1058 1926 1114 per-

339 1147 502 1206 opto;
533 1147 775 1206 natoque
799 1134 910 1190 Deo
952 1150 1177 1190 munera
1205 1120 1451 1205 quaedam
1487 1133 1684 1190 oll‘erre
1723 1151 1924 1204 percu-

337 1229 602 1298 pio;etsi
654 1229 744 1282 ille
792 1227 895 1282 hoc
939 1233 1187 1296 tempore
1227 1227 1297 1280 ab
1329 1226 1524 1284 amicis
1575 1240 1683 1280 non
1743 1228 1926 1296 exigat

336 1335 560 1385 aurum,
587 1329 682 1373 aut
720 1318 1027 1388 myrrham,
1075 1326 1168 1372 aut
1194 1317 1322 1372 thus
1348 1317 1504 1388 (inec
1529 1319 1674 1373 enim
1709 1319 1925 1387 aliaque

337 1413 409 1467 ad
458 1413 582 1466 vita:
627 1427 787 1466 usum
847 1412 1186 1476 necessaria,
1228 1419 1490 1480 tanquam
1536 1411 1922 1466 universorum

337 1503 596 1559 conditor
641 1511 695 1558 et
749 1503 1034 1568 Dominus,
1091 1503 1386 1573 egentibus
1436 1501 1766 1558 familiarius
1807 1503 1926 1572 ipse

336 1597 551 1651 donare
600 1597 755 1653 solet.
809 1609 976 1665 quam
1015 1597 1082 1649 ah
1136 1597 1264 1650 ullis
1319 1595 1548 1649 omnino
1593 1593 1926 1665 postulare).

335 1689 474 1742 Auri
503 1697 684 1742 autem
715 1687 836 1742 loco
865 1687 988 1741 fidei
1021 1687 1400 1742 sinceritatem
1426 1687 1616 1758 exigit.
1644 1687 1746 1741 Pro
1775 1701 1923 1757 mvr-

333 1781 442 1834 rha
480 1788 664 1833 autem
714 1777 1094 1847 incorruptam
1151 1778 1348 1832 animae
1393 1777 1754 1847 corporisque
1780 1777 1922 1830 inte-

336 1872 598 1944 gritatem
651 1869 906 1938 deposcit
947 1886 961 1922 :
999 1877 1114 1922 tum
1163 1868 1436 1923 doctrina:
1466 1883 1687 1922 rursum
1723 1866 1921 1936 praedi-

335 1963 579 2017 cationis
615 1962 949 2032 puritatem;
973 1969 1087 2014 tum
1116 1959 1483 2014 orthodoxum
1519 1959 1740 2012 tandem
1775 1959 1922 2012 circa

336 2054 504 2109 Iidem
547 2067 774 2108 seusqu
831 2059 885 2106 et
927 2051 1290 2106 intellectum.
1341 2050 1549 2104 Thuris
1587 2060 1768 2104 autem
1801 2050 1924 2104 vice

338 2149 614 2202 bonorum
647 2160 876 2216 operum
914 2143 1349 2200 suaveolentiam
1386 2158 1415 2196 a
1451 2143 1612 2198 nobis
1641 2141 1919 2208 elllagitat:

335 2256 450 2294 non
485 2254 596 2308 quo
635 2239 834 2292 horum
893 2235 1215 2306 acceptione
1257 2235 1412 2289 dives
1461 2234 1702 2289 evadat:
1734 2248 1920 2288 verum

335 2347 451 2403 quo
485 2347 586 2385 nos
613 2347 710 2400 per
749 2346 813 2384 ea
854 2329 1232 2400 opulentiores
1271 2327 1490 2380 reddat.
1533 2327 1741 2396 Ecquid
1775 2327 1920 2380 enirn

336 2433 520 2478 exstat
566 2438 742 2492 usque
774 2421 1096 2477 sublimium
1149 2419 1530 2472 cmlestiumve
1567 2428 1773 2480 rerum,
1829 2424 1925 2470 aut

337 2515 638 2569 illustrium
671 2511 1088 2579 beneﬁciorum,
1130 2524 1362 2578 quorum
1397 2508 1690 2562 thesaurus
1723 2515 1776 2560 ct
1801 2505 1924 2562 fans

337 2607 789 2674 immensumque
841 2605 1064 2673 pelagus
1101 2617 1208 2655 non
1259 2610 1344 2656 est
1385 2599 1570 2654 Deus?
1605 2598 1792 2668 Neque
1821 2599 1923 2653 lto-

337 2715 462 2753 rutn
487 2699 662 2753 solum
693 2698 850 2766 origo
877 2704 931 2749 et
959 2709 1128 2750 causa
1159 2701 1265 2752 est,
1298 2693 1392 2745 sed
1424 2691 1749 2760 magniﬁcus
1787 2707 1924 2760 quo-

336 2804 449 2858 que
505 2788 880 2854 lileralisquc,
930 2785 975 2839 si
1043 2791 1268 2854 egentes
1319 2783 1542 2845 adsunt,
1598 2781 1921 2834 eortttndetn

336 2881 523 2935 dator.

2031 403 2378 464 aﬂ‘erremus.
2411 419 2460 459 et
2497 421 2621 458 cum
2661 407 2868 474 angcl's
2903 407 3058 458 olant
3110 409 3258 460 illam
3291 425 3304 460 :
3339 407 3525 462 (.‘loria
3551 411 3608 464 in

1979 542 1981 546 .
2027 497 2252 550 excelsis
2299 498 2426 561 Deo,
2467 509 2514 551 ct
2547 500 2598 550 in
2651 507 2791 551 terra
2845 513 2952 565 pax
2990 499 3293 553 hominibus
3329 500 3476 554 (tona:
3518 519 3601 554 ιου-

2031 587 2275 647 laniatis.
2312 587 2758 644 decantat-omns.

2101 679 2301 733 Verum
2353 681 2637 735 enimvero
2680 681 2950 749 ejusmodi
3010 698 3172 739 voces
3215 685 3298 738 vel
3348 684 3452 737 hoc
3485 685 3611 737 loco

2029 771 2355 842 depromere
2387 772 2652 827 inoffense
2693 775 2958 839 sinimur;
3001 784 3054 828 at
3091 759 3270 846 ipsum
3305 793 3436 830 vero
3471 794 3604 846 prte-

2029 879 2180 932 sepc.
2211 874 2263 918 et
2289 881 2512 934 Specum
2551 867 2698 920 illam
2731 884 2860 922 vere
2889 869 3180 922 sublimem
3215 869 3606 938 cmlcstemque

2029 958 2302 1020 contueri,
2359 967 2615 1027 tanquam
2675 961 2994 1028 spectaculo
3038 958 3312 1028 ejusmodi
3370 961 3604 1030 indigni,

2029 1047 2256 1100 omnino
2294 1058 2558 1102 vetamur.
2607 1047 2746 1104 Vere
2789 1051 3004 1120 generis
3047 1051 3224 1104 nostri
3269 1051 3607 1120 principem,

2029 1139 2379 1210 primumque
2408 1153 2690 1210 parentem
2731 1142 2998 1201 Adamum
3033 1159 3060 1196 a
3117 1142 3358 1213 paradisi
3393 1144 3610 1197 habita-

2028 1230 2178 1284 tione
2228 1231 2618 1286 miserabiliter
2692 1233 3084 1302 proscripturit,
3144 1234 3233 1287 hic
3299 1233 3606 1288 imitamur.

2027 1319 2238 1374 Etenim
2272 1322 2344 1374 ob
2396 1321 2604 1376 nefaria
2655 1332 2876 1392 peccata
2921 1326 3241 1392 lapsusque,
3289 1339 3412 1392 qua;
3440 1337 3608 1392 prava

2027 1412 2473 1482 praeposteraque
2528 1423 2712 1468 mente
2759 1414 2997 1469 subinde
3057 1413 3436 1486 designamtts,
3487 1423 3608 1468 tam

2027 1505 2236 1574 gravia,
2299 1506 2381 1559 vel
2430 1506 2600 1560 multo
2653 1521 2872 1576 quoque
2935 1508 3191 1575 graviora
3245 1508 3608 1578 tristioraque

2028 1595 2288 1665 patimur,
2321 1612 2484 1666 quam
2524 1597 2633 1652 ille.
2667 1597 2892 1651 Nam-ut
2919 1599 3011 1652 ille
3045 1615 3074 1653 a
3107 1598 3350 1669 paradisi
3393 1599 3609 1664 deliciis

2028 1690 2391 1758 proscriptus,
2429 1689 2698 1760 exsulque
2725 1689 2924 1758 factus,
2961 1697 3016 1745 et
3041 1690 3369 1762 gravissima
3397 1691 3608 1746 irrevo-

2026 1780 2300 1849 cabilique
2332 1779 2428 1832 Dei
2457 1781 2731 1834 sententia
2758 1783 2883 1837 inde
2914 1781 3148 1852 cjectus,
3179 1782 3357 1837 oculis
3384 1783 3606 1852 quidem

2029 1871 2269 1940 paradisi
2319 1871 2537 1924 hortum
2581 1873 2884 1942 usurpabat
2920 1876 2971 1940 (e
3012 1875 3239 1944 regione
3269 1876 3416 1930 enim
3461 1874 3603 1929 illius

2027 1959 2330 2028 habitabat)
2359 1960 2426 2013 ad
2467 1962 2645 2029 ipsum
2681 1971 2864 2016 autem
2895 1963 3079 2018 denuo
3113 1965 3329 2034 regredi
3371 1979 3480 2018 non
3510 1979 3606 2018 va-

2023 2051 2208 2114 lebat;
2249 2058 2306 2102 ut
2345 2051 2436 2120 qui
2478 2049 2786 2106 ﬂammeam
2831 2053 2975 2106 illam
3013 2055 3432 2124 versatilemqne
3457 2069 3605 2109 rom-

2025 2141 2258 2211 phaeam,
2287 2159 2410 2212 quae
2439 2143 2648 2198 aditum
2707 2145 2773 2199 ad
2807 2145 3078 2215 ejusmodi
3135 2147 3314 2200 locum
3377 2147 3606 2216 praeclu-

2023 2231 2208 2298 debat,
2262 2234 2549 2305 ipsumque
2591 2236 2662 2289 ob
2723 2236 3068 2306 designatum
3139 2237 3604 2306 prazvaricationis

2024 2334 2307 2395 peccatum
2355 2326 2498 2379 bono
2543 2327 2639 2380 illo
2675 2332 2936 2382 ardenter
2981 2328 3168 2398 cupito
3213 2329 3466 2393 orbabat,
3531 2329 3604 2383 ob

2025 2419 2216 2472 oculos
2243 2419 2448 2472 versari
2479 2429 2770 2484 cerneret;
2809 2423 2884 2473 ita
2930 2435 3034 2477 nos
3077 2435 3301 2490 quoque
3333 2419 3600 2474 hodierna

2025 2509 2114 2563 die
2143 2511 2438 2564 multamul-
2473 2529 2486 2564 :
2521 2512 2964 2582 quandoquidem
2993 2513 3271 2568 civitatem
3301 2512 3600 2578 Bethleem,

2023 2617 2145 2670 qum
2184 2603 2351 2656 Deum
2402 2605 2620 2673 excepit
2676 2605 2914 2658 vicinam
2976 2605 3266 2668 habemus,
3327 2618 3505 2673 neque
3547 2603 3603 2656 in

2025 2693 2198 2763 ipsam
2246 2700 2430 2748 tamen
2485 2695 2694 2764 ingredi
2763 2695 3156 2765 permittimur,
3219 2709 3325 2749 non
3378 2695 3602 2764 quidem

2025 2785 2304 2840 ardentem
2379 2786 2572 2854 illam,
2638 2787 3064 2856 versatilemque
3145 2787 3386 2857 paradisi
3451 2801 3602 2840 rom-

2028 2877 2260 2946 phmam,
2322 2877 2741 2946 conSpicantes,
2803 2878 2897 2933 sed
2968 2877 3272 2941 eﬂ‘eratum,
3331 2877 3603 2946 planeque

410 2973 616 3028 Verum
670 2970 810 3041 Magi
851 2969 1138 3038 divinique
1192 2975 1440 3036 pastores
1497 2963 1563 3017 ad
1617 2963 1914 3026 Bethleem.
1950 2979 1993 3036 ο
2029 2969 2346 3032 barbarum,
2399 2979 2562 3039 atque
2591 2970 2741 3024 omni
2779 2985 2969 3024 revera
3023 2969 3350 3024 crudelitate,
3381 2969 3603 3038 plenum

337 3076 465 3134 quae
493 3061 662 3114 Deum
698 3057 936 3126 excepit,
978 3055 1426 3125 proﬁciscantur,
1463 3051 1795 3120 stellamque
1827 3065 1922 3103 co-

265 3185 273 3191 -
340 3153 529 3208 mitem
579 3160 632 3204 et
682 3147 903 3203 itineris
955 3149 1150 3201 ducem
1201 3146 1466 3208 habeant,
1503 3151 1558 3196 et
1593 3143 1922 3196 miraculum

337 3243 478 3300 illud
509 3242 674 3312 plane
699 3237 1029 3308 stupendum
1065 3251 1250 3290 coram
1282 3245 1540 3300 eontemp
1555 3232 1760 3295 lentur,
1793 3245 1946 3310 (νοη-¹

338 3335 782 3402 templantesque
834 3333 1248 3400 obstupescant,
1282 3334 1340 3380 et
1365 3326 1511 3380 dona
1553 3323 1724 3395 Magis
1759 3323 1922 3394 digna

341 3429 599 3483 hilariter
638 3424 890 3487 oderant,
935 3431 990 3478 et
1025 3421 1348 3490 angelorum
1389 3417 1738 3488 doxologiam
1780 3418 1929 3487 inge-

348 3521 598 3574 minent:
655 3515 840 3571 Gloria
879 3515 936 3568 in
977 3513 1212 3568 excelsis
1267 3509 1394 3574 Deo,
1431 3507 1768 3568 recinentes,
1792 3519 1838 3560 et
1869 3508 1926 3559 in

352 3619 491 3665 terra
517 3625 628 3680 pax
656 3607 958 3664 hominibus
986 3606 1134 3660 bona:
1166 3602 1474 3658 voluntatis.
1512 3599 1660 3654 Nihil
1695 3599 1774 3652 illi
1813 3599 1925 3652 for-

349 3701 580 3768 mident,
633 3701 772 3756 nihil
837 3698 1236 3761 extimescant;
1289 3709 1398 3748 non
1466 3691 1649 3748 insani
1689 3689 1925 3744 Herodis

347 3793 545 3859 furias,
600 3809 710 3849 non
755 3791 903 3847 aliud
949 3791 1122 3845 ullum
1174 3795 1380 3843 metum
1411 3787 1665 3842 incutere
1693 3785 1924 3839 solitum

345 3886 535 3940 animo
565 3890 942 3957 pertractent;
979 3881 1075 3938 sed
1105 3880 1312 3936 divinis
1343 3886 1558 3934 tantum
1605 3877 1925 3932 nteditatio-

342 3977 514 4032 nibus
539 3993 598 4031 se
627 3982 921 4046 occupent,
945 3971 1326 4042 infantemque
1360 3970 1560 4042 pannis
1592 3969 1923 4029 involutum,

341 4071 496 4124 etin
553 4067 740 4122 divino
779 4064 1050 4136 praesepio
1093 4065 1360 4134 positum,
1407 4061 1584 4116 defixa
1635 4062 1922 4114 oculorum

341 4161 470 4215 acie
496 4167 764 4229 spectent,
794 4156 892 4228 qui
927 4153 1108 4210 infans
1125 4155 1508 4209 universorum
1541 4157 1624 4206 est
1652 4164 1920 4212 servator,

343 4251 606 4320 Deosque
649 4258 703 4305 et
735 4247 1003 4304 Dominus
1040 4261 1168 4302 vere
1216 4242 1656 4315 inexplicabilis;
1684 4243 1784 4295 etsi
1824 4258 1922 4294 no-

2029 3063 2433 3116 Saracennrum
2493 3061 2734 3131 gladium
2791 3060 3240 3116 extimescentes.
3299 3059 3399 3114 llic
3456 3059 3602 3114 enim

2028 3141 2251 3223 gladius
2277 3153 2608 3206 horrendum
2668 3151 2995 3217 fuiminans,
3029 3151 3344 3222 aedemque
3382 3153 3603 3222 spirans

2029 3252 2080 3296 et
2130 3243 2433 3307 intentans,
2491 3243 2663 3298 beata:
2710 3243 2860 3299 illius
2909 3243 3144 3299 visionis
3203 3252 3452 3298 exsortes
3505 3259 3606 3300 nos

2028 3335 2230 3395 reddit,
2279 3333 2537 3402 domique
2595 3334 2734 3388 citra
2791 3333 3108 3389 ulteriorem
3164 3335 3604 3404 progressionem

2029 3437 2253 3476 manere
2291 3421 2592 3490 compellit.
2625 3423 2698 3475 At
2733 3437 2863 3476 vero
2903 3423 3034 3476 licet
3083 3422 3463 3490 Agarenorum
3489 3423 3604 3476 sica

2027 3529 2182 3581 aeque
2213 3530 2356 3568 nunc
2388 3514 2660 3577 fulminet,
2701 3530 2766 3567 ac.
2792 3513 3068 3584 romphaea
3101 3512 3191 3564 illa
3226 3528 3344 3581 quae
3367 3512 3605 3581 paradisi

2029 3606 2231 3658 ostium
2265 3604 2539 3673 quondam
2599 3605 2960 3667 asservabat;
3001 3609 3242 3656 attamen
3297 3601 3342 3656 si
3379 3617 3477 3654 nos
3507 3616 3606 3653 vo-

2028 3695 2317 3757 luerimus.
2350 3695 2453 3749 hoc
2483 3703 2588 3761 est,
2620 3694 2667 3750 si
2713 3693 2966 3751 conversi
3013 3691 3179 3746 Deum
3227 3693 3402 3746 nostri
3435 3707 3604 3746 causa

2030 3798 2219 3844 natum
2251 3805 2346 3859 per
2383 3789 2630 3844 studiosa
2663 3803 2830 3858 opera
2852 3805 2920 3844 ex
2950 3788 3134 3842 animo
3163 3786 3602 3856 qua-siverinuts,

2031 3891 2092 3936 ut
2127 3884 2285 3936 antea
2335 3879 2540 3944 fuerat,
2584 3879 2776 3936 sedata
2825 3894 2950 3933 mox
2983 3888 3038 3932 et
3072 3877 3221 3932 mitis
3257 3879 3472 3932 evadet.
3519 3876 3601 3939 Si,

2030 3975 2275 4044 inquam,
2310 3987 2410 4026 nos
2439 3980 2789 4042 peccatorum
2815 3970 3064 4024 ﬂammas
3093 3983 3188 4038 per
3220 3969 3601 4038 paenitentiam

2031 4065 2475 4130 restinxeritnus,
2508 4073 2562 4119 ct
2615 4062 2782 4117 Deum
2831 4063 3110 4130 Optimum
3145 4059 3436 4114 Maximum
3477 4074 3605 4129 pro—
3633 4113 3650 4118 _

2027 4167 2149 4226 pter
2181 4169 2284 4208 nos
2309 4164 2364 4208 et
2405 4153 2710 4208 secundum
2743 4165 2842 4205 nos.
2876 4158 3064 4204 natum
3089 4149 3346 4219 religiose
3367 4147 3608 4203 colueri-

2032 4262 2178 4309 mus,
2207 4259 2570 4325 operulnque.
2597 4259 2721 4312 qua:
2748 4243 2836 4296 illc
2869 4239 3145 4296 exsecrari
3177 4238 3337 4300 solet,
3361 4236 3604 4292 studium

341 4341 448 4396 stri
499 4355 686 4405 causa,
739 4341 833 4410 qui
883 4337 1136 4393 carnales
1183 4350 1401 4396 sumus,
1441 4333 1688 4400 adeoque
1729 4345 1922 4400 puram
1959 4313 2000 4366 θ
2033 4313 2514 4396 intermiserirnus,
2555 4330 2770 4384 ardoris
2797 4329 2882 4384 sui
2911 4343 3135 4383 sensum
3166 4325 3328 4380 facile
3347 4325 3600 4392 deponet.

346 4431 666 4501 nudamque
717 4431 867 4486 illius
915 4431 1262 4485 divinitatem
1298 4425 1501 4482 intueri
1535 4413 1922 4494 nequibamds,

347 4524 609 4578 humana:
631 4523 818 4578 carnis
859 4521 1222 4591 corporisque
1250 4519 1522 4573 velamine
1551 4518 1623 4570 sit
1649 4516 1923 4570 obtectas.

342 4615 461 4671 Nos
533 4623 712 4670 autem
775 4622 998 4686 propter
1054 4613 1345 4667 innumera
1404 4617 1634 4680 peccata
1709 4617 1924 4663 noetra.

342 4704 785 4778 gravissimaque
811 4712 1015 4768 errata,
1039 4716 1230 4758 earum
1258 4716 1443 4755 rerum
1467 4697 1930 4768 contemplatione

347 4795 561 4864 indigni
589 4791 788 4857 elIccti,
841 4807 1008 4848 cursu
1047 4792 1180 4846 illuc
1227 4789 1582 4850 contendere,
1620 4794 1930 4856 praestoque

349 4883 548 4939 adesse
581 4883 956 4954 prohibemur,
987 4880 1080 4936 sed
1107 4881 1188 4937 vel
1221 4879 1375 4935 inviti
1405 4889 1459 4934 et
1495 4887 1754 4931 nocentes
1782 4875 1927 4929 domi

345 4989 580 5032 manere
627 4975 916 5044 cegimur;
966 4973 1131 5028 nullis
1196 4986 1329 5028 sane
1393 4967 1644 5039 corporis
1699 4967 1932 5021 vinculis

346 5065 596 5128 astricti,
625 5080 812 5118 verum
847 5062 1179 5118 Saracenico
1209 5072 1352 5117 metu
1384 5059 1666 5114 absterriti
1701 5068 1756 5112 et
1785 5074 1934 5110 eom-

349 5156 555 5228 pediti;
589 5155 944 5224 tristitiaqne,
987 5165 1175 5209 nostra
1213 5153 1436 5222 quidem
1487 5149 1812 5204 infelicitate
1848 5149 1932 5199 di-

351 5263 486 5320 gna,
549 5247 774 5316 indigna
841 5257 1021 5300 autem
1080 5246 1265 5307 bonis,
1318 5259 1441 5314 qua:
1513 5243 1674 5296 nobis
1728 5242 1934 5310 aliaqui

346 5337 716 5395 debebantur,
779 5336 946 5389 veluti
1004 5342 1326 5403 tempestate
1404 5331 1640 5401 quadam
1717 5331 1930 5398 jactati.

345 5428 832 5496 Quandoquidem,
859 5429 904 5482 si
947 5427 1167 5481 miseria
1198 5435 1388 5479 nostra
1425 5424 1586 5478 bonis
1620 5421 1728 5474 illis
1753 5421 1917 5490 digna

347 5521 565 5583 fuisset,
617 5523 841 5574 omnino
875 5534 977 5573 nos
1020 5533 1236 5588 quoque
1269 5531 1436 5586 prope
1465 5517 1582 5568 loca
1633 5515 1722 5567 illa
1756 5513 1918 5582 positi

343 5607 470 5680 (nec
495 5612 646 5666 enim
681 5628 710 5664 a
740 5612 1036 5681 longinquo
1080 5609 1168 5664 illa
1202 5609 1524 5679 aspicimus)
1565 5621 1688 5660 eum
1717 5613 1908 5674 pasto-

2031 4422 2172 4489 Qua,
2205 4436 2415 4492 qumso,
2444 4419 2624 4474 fronte
2659 4419 2726 4474 ad
2775 4417 2944 4472 Deum
3000 4417 3264 4472 accedere
3308 4415 3603 4476 audemus,

2029 4516 2125 4586 qui
2185 4515 2433 4576 nullam,
2489 4527 2667 4579 neque
2719 4509 2888 4564 animi
2947 4507 3360 4568 fecunditatem,
3430 4521 3610 4577 neque

2031 4605 2280 4674 corporis
2333 4600 2718 4658 castimoniam
2783 4598 3029 4653 muneris
3088 4597 3211 4651 loco
3261 4591 3604 4650 deferimus?

2033 4689 2321 4758 Quomodo
2374 4688 2476 4758 ipsi
2533 4686 2981 4758 appropinquare
3035 4699 3142 4738 non
3199 4698 3472 4747 veremur,
3511 4681 3609 4750 qui

2035 4799 2299 4854 cperum,
2353 4796 2474 4852 quae
2510 4779 2584 4834 illi
2646 4779 2886 4834 laetitiam
2939 4785 2995 4832 et
3042 4776 3376 4845 voluptatem
3417 4786 3608 4842 parere

2035 4876 2458 4946 dignoscuntur,
2516 4869 2950 4926 suaveolentiam
2999 4865 3204 4919 nullam
3249 4863 3620 4920 obtinemus?

2038 4963 2344 5019 Praesertim
2395 4976 2520 5016 cum
2557 4958 2954 5030 ﬂagitiosorum
3011 4967 3238 5022 operum
3289 4951 3610 5021 graveolen-

2033 5058 2166 5111 tiam
2221 5052 2579 5108 infestissime
2633 5048 2818 5104 odisse
2865 5061 2973 5101 non
3024 5042 3386 5112 ignoremus?
3427 5041 3610 5095 Metuo

2035 5155 2214 5199 atttem
2241 5157 2547 5212 magnoque
2595 5151 2831 5195 tremore
2879 5135 3248 5203 conslringor,
3287 5147 3354 5186 ne
3389 5131 3486 5212 qui
3521 5146 3608 5181 or-

2037 5238 2331 5292 thodoxam
2369 5233 2527 5288 ﬁdem
2567 5234 2770 5288 habere
2805 5228 3074 5292 videmur,
3113 5225 3422 5281 secundum
3459 5208 3608 5275 illam

2041 5342 2260 5399 quoque
2307 5324 2552 5378 laborare
2581 5320 3060 5394 deprehendantur
3096 5335 3107 5370 :
3141 5323 3197 5369 ut
3237 5314 3332 5386 qui
3367 5327 3486 5368 eam
3523 5327 3619 5364 so-

2045 5426 2174 5488 lam,
2215 5421 2320 5475 hoc
2367 5428 2452 5473 est
2498 5418 2566 5472 ab
2622 5419 2977 5471 honestarum
3019 5413 3300 5466 actionum
3358 5403 3620 5476 conjugio

2048 5516 2374 5583 sejunctam.
2414 5511 2627 5565 bonoru
2643 5522 2805 5577 mque
2827 5518 3057 5576 operum
3091 5497 3359 5557 comitatu
3389 5495 3624 5556 destitu-

2044 5615 2151 5660 tam
2193 5645 2206 5670 ,
2252 5603 2511 5660 oberrare
2560 5597 3000 5670 permiserimus.
3051 5591 3111 5647 Si
3149 5592 3297 5648 enim
3342 5586 3482 5646 ﬁdes
3510 5593 3625 5642 stu.
