4022 6206
458 262 552 325 ΒΞ(
552 267 597 328 t7
1339 264 1393 321 S.
1423 258 1769 319 SOPIIRON
1780 258 1831 315 Il
1858 255 2046 315 ΡΑΊἪ

2108 253 2359 314 \ilClizE
2387 252 2788 311 IIIEROSOL.
3558 245 3696 308 3203

458 379 614 432 diosa
652 379 1007 446 flagrantium
1043 390 1268 444 cperunt
1310 374 1525 425 aetionc
1555 372 1770 428 orbata,
1814 382 2014 423 seenn-
2044 369 2091 426 Λ
2119 365 2374 434 syncrgia
2407 363 2555 417 nulla
2589 364 2841 430 egebat),
2890 367 2944 413 ct
2994 357 3234 427 Virginis
3284 366 3442 409 utero
3477 372 3535 408 se
3569 358 3690 411 eir-

460 469 590 523 dum
642 468 905 522 Jacobnm
961 468 1181 522 fratrem
1217 464 1430 517 Domini
1460 462 1527 523 ¹⁸.
1569 463 1660 531 qui
1696 460 1857 529 hujus
1888 474 2023 527 quo-
2129 455 2427 509 cutnscribi
2471 454 2756 515 sustinuit,
2817 460 2872 506 et
2924 448 3208 503 hominum
3246 460 3397 500 more
3450 462 3545 513 pro
3596 461 3695 500 sua

459 577 570 631 que
608 561 790 630 gregis
831 568 1019 629 pastor
1053 556 1351 626 aliquando
1400 554 1631 617 exstitit,
1674 561 1758 607 est
1785 560 2020 613 mortua,
2127 545 2416 601 clementia
2453 545 2508 598 in
2565 545 2743 597 lucent
2789 541 2876 595 edi
2904 541 3092 603 voluit,
3124 549 3180 594 et
3222 538 3275 591 in
3310 536 3699 593 manifestissi-

458 629 737 718 quomodo
774 662 874 700 nos
930 658 1136 699 rectum
1173 658 1395 698 cursum
1449 643 1781 705 tenebimus,
1836 640 1927 709 qui
1964 640 2026 692 fi-
2126 652 2274 692 mum
2306 636 2697 706 omnipotentis
2727 634 3032 688 divinitatis
3079 647 3193 686 sua:
3226 629 3496 699 judicium
3527 638 3581 683 et
3606 642 3707 684 ιι·-

460 740 583 794 dem
630 739 911 807 operibus,
954 737 1111 807 quasi
1176 736 1302 791 aliis
1367 733 1697 805 quibusdam
1754 745 2025 786 exornare
2125 738 2470 799 gumentnm,
2518 726 2823 795 Virginem.
2865 740 2931 778 ex
2989 737 3096 792 qua
3148 721 3374 791 prodiit,
3427 721 3696 785 integram

460 843 569 882 non
623 828 914 883 curamus?
968 842 1147 896 neque
1192 825 1407 880 animos
1461 832 1682 879 nostros
1711 822 2027 893 pernicibus
2127 822 2616 888 incorruptamque
2669 813 3043 877 conservavit,
3088 814 3374 881 ipsamque
3416 811 3699 864 nibilomi-

459 933 687 985 operum
714 916 1105 972 misericordiae
1158 916 1354 986 pennis
1392 912 1784 969 obarmatnus?
1818 909 2025 977 Quatn-
2129 928 2232 967 nus
2282 911 2569 981 Deiparam
2610 924 2735 964 esse
2768 906 2945 976 palam
2983 903 3246 958 ostendit.
3308 902 3452 967 Qutn
3483 910 3538 953 et
3579 901 3696 969 ipsa

459 1009 677 1074 obrem,
739 1008 940 1063 fratres
986 1007 1171 1062 animo
1214 1021 1334 1061 meo
1383 1003 1805 1073 exoptatissimi,
1836 1015 2022 1070 opera,
2130 1003 2370 1058 vicissim
2399 1003 2552 1073 virgo
2578 1000 2917 1056 luculentum
2948 994 3212 1052 ineffabili
3246 993 3398 1047 illius
3419 992 3695 1046 divinitati

458 1116 666 1171 quaeso,
701 1114 826 1154 cum
869 1098 974 1154 fide
1020 1099 1427 1160 consociemus,
1459 1108 1638 1163 neque
1670 1093 1740 1147 ob
1773 1105 2027 1162 operum,
2128 1092 2504 1148 testimonium
2558 1088 2881 1160 perhibuit:
2927 1091 3216 1147 testatum,
3285 1081 3533 1151 inquam,
3575 1081 3694 1134 orbi

458 1206 580 1259 qua:
609 1190 802 1242 adesse
824 1188 1133 1259 oportebat,
1162 1186 1489 1245 absentiam,
1518 1197 1637 1238 eam
1668 1180 2025 1234 infirtnemus:
2132 1187 2279 1248 fecit,
2315 1187 2492 1255 ipsum
2523 1200 2649 1240 esse
2696 1196 2885 1237 verum
2925 1179 3117 1240 Deum,
3145 1192 3447 1247 verumque
3481 1177 3571 1231 Dei
3606 1176 3698 1230 Fi-

457 1283 534 1335 ita
568 1282 715 1334 enim
752 1280 863 1344 fiet,
898 1289 957 1333 ttt
989 1278 1451 1348 quemadmodum
1486 1275 1592 1329 fide
1625 1274 1793 1327 fortes
1826 1269 2027 1324 validi-
2131 1276 2285 1339 lium,
2309 1274 2556 1343 ejusdem
2602 1287 2729 1328 cum
2779 1270 2941 1325 Patre
2985 1279 3195 1323 natura:
3236 1277 3293 1322 et
3322 1267 3649 1322 substantia:
3680 1285 3695 1320 :

458 1388 565 1440 que
591 1370 946 1425 consistimus
979 1372 1180 1440 (neque
1206 1371 1351 1423 enim
1375 1365 1582 1421 Christi
1612 1362 1788 1436 gratia
1815 1358 2027 1416 defensi
2130 1370 2234 1424 ειεί
2266 1368 2336 1422 ab
2372 1366 2503 1429 illis,
2554 1367 2609 1420 ίη
2647 1378 2886 1435 quorum
2917 1360 3109 1416 oculos
3152 1359 3493 1421 incurrebat,
3531 1358 3699 1412 homo

459 1461 905 1530 οοηεθτνδιῑιιυος
941 1461 1051 1514 υ¹¹³
1085 1460 1231 1513 “lam
1257 1474 1321 1512 εκ
1350 1464 1503 1527 Ρετιθ
1529 1449 2026 1517 Ιθῧείπιδνίηιυδ)ν
2129 1471 2341 1515 tantum
2372 1459 2546 1513 nostri
2590 1456 2787 1513 similis
2826 1453 2993 1509 fuerit
3023 1452 3269 1507 habitus.
3310 1449 3700 1504 Coruscat’an-

460 1554 541 1608 sic
575 1553 734 1607 bonis
758 1568 975 1622 quoque
1006 1551 1266 1621 operibus
1300 1550 1621 1603 ﬁrmentur:
1656 1554 1710 1601 et
1742 1544 2025 1599 Christum
2129 1563 2237 1608 tem
2265 1563 2321 1608 et
2359 1552 2488 1606 licet
2517 1550 2609 1604 hic
2637 1547 2814 1602 Filius
2842 1545 3057 1600 duabus
3089 1542 3305 1598 naturis
3346 1541 3532 1595 divina
3564 1553 3697 1601 una,

462 1644 641 1711 ipsum
683 1643 777 1711 qui
804 1642 1051 1695 honestis
1087 1639 1397 1694 actionibus
1427 1637 1673 1706 impense
1703 1635 2025 1695 delectatur,
2061 1705 2093 1711 _
2130 1642 2370 1698 humana
2397 1643 2591 1702 altera,
2619 1639 2837 1695 ξιιιειιῑηι
2881 1636 3031 1691 nulla
3055 1650 3121 1693 ex
3153 1643 3308 1703 parte
3333 1641 3421 1687 est
3451 1630 3695 1695 divisus;

463 1735 564 1787 fide
598 1733 761 1787 simul
797 1742 845 1787 et
878 1733 1137 1803 operibus
1167 1747 1274 1786 non
1313 1745 1505 1800 parum
1549 1740 1882 1789 recreemus,
1914 1725 2027 1778 cle-
2061 1705 2101 1762 Β
2129 1744 2314 1787 manu;
2342 1735 2488 1788 enim
2534 1748 2678 1787 υιιυε
2725 1728 3002 1789 Christus,
3033 1737 3088 1782 et
3119 1740 3260 1780 unus
3291 1722 3485 1789 Filius,
3519 1723 3698 1777 omnis

462 1825 973 1893 mentissimatnque
1015 1823 1262 1892 ejusdem
1294 1821 1676 1876 celsitudinem
1708 1817 1868 1870 nobis
1899 1830 2025 1884 pro-
2131 1841 2331 1895 “pars
2382 1823 2729 1886 mlum-mnis,
2794 1818 3159 1883 confusionis,
3210 1816 3494 1878 εθριὶοιιίε,
3530 1823 3585 1870 οι
3614 1813 3700 1868 di.

463 1931 789 1971 mereamur.
828 1917 949 1986 Ipse
979 1917 1122 1971 enim
1167 1924 1268 1971 est.
1306 1913 1398 1981 qui
1428 1922 1686 1981 tanquam
1729 1907 2024 1976 legislalor.
2128 1917 2378 1971 visionis.
2410 1914 2606 1969 Annon
2654 1913 2799 1968 idem
2845 1911 2956 1973 ille,
2987 1922 3113 1963 cum
3156 1907 3311 1962 dives
3366 1915 3533 1968 esset,
3566 1920 3711 1973 unao,

462 2004 577 2057 haec
612 2004 828 2059 decreta
859 2004 1067 2057 diserte
1103 2000 1462 2071 pronuntiat:
1498 2017 1517 2049 ι
1563 1995 1681 2051 Non
1724 1994 1902 2048 omnis
1932 1993 2027 2062 qui

2128 2008 2235 2075 que
2259 2020 2381 2060 cum
2424 2019 2593 2074 regno
2621 2002 2908 2071 imperium
2943 2000 2998 2053 in
3030 2012 3225 2053 omnes
3265 1996 3560 2062 obtineret,
3589 2009 3699 2065 quo

461 2094 596 2149 dicit
633 2094 768 2148 tttihi
820 2094 1069 2158 Domine,
1127 2091 1377 2155 Domine,
1416 2087 1643 2142 intrabit
1690 2086 1743 2137 itt
1799 2098 2025 2155 regnum

2132 2111 2256 2158 nos,
2308 2095 2401 2165 qui
2453 2092 2791 2165 pauperritni
2842 2076 3096 2153 eramus,
3155 2087 3493 2143 immortales
3552 2087 3699 2142 illius

461 2186 773 2240 caelorum:
828 2185 922 2238 sed
972 2185 1064 2252 qui
1107 2182 1240 2237 facit
1284 2181 1619 2234 voluntatem
1672 2176 1851 2229 Patris
1897 2174 2024 2234 mei,
2129 2203 2265 2258 opes
2327 2198 2819 2255 consequeremur,
2871 2182 2924 2236 ίη
2982 2189 3234 2236 nosH-am
3291 2178 3696 2234 ωρηάίρίωιοιη

460 2276 553 2345 qui
584 2283 670 2330 est
701 2276 757 2328 in
801 2275 941 2329 C(elo
978 2276 1041 2327 η.
1080 2293 1100 2324 ι
1144 2272 1384 2327 Rursum
1421 2288 1435 2324 :
1476 2288 1492 2321 ι
1539 2269 1596 2322 Si
1643 2265 1871 2334 diligitis
1918 2280 2026 2323 tne.

2131 2278 2275 2331 ultro
2324 2289 2446 2331 sese
2499 2272 2747 2329 dimisit?
2798 2270 3011 2336 Nonne,
3051 2286 3172 2324 cum
3233 2269 3535 2331 increatns,
3593 2267 3699 2320 into

460 2365 719 2418 "laudata
769 2378 889 2416 mea
943 2370 1157 2419 servate
1185 2361 1251 2413 ¹⁷ο
1291 2379 1310 2412 ι
1341 2358 1540 2421 "emit
1574 2354 1684 2411 νοῦ
1722 2354 1886 2407 amid
1922 2352 2028 2406 mea
2130 2379 2261 2420 vero
2293 2375 2533 2428 creator,
2584 2365 2969 2429 universaque
3015 2367 3285 2415 creatura:
3314 2357 3570 2412 conditor
3608 2372 3698 2412 es-

459 2458 617 2522 cstis,
659 2457 706 2511 si
764 2454 1031 2519 feceritis,
1088 2470 1211 2522 qua:
1260 2468 1362 2523 ego
1401 2447 1661 2521 praccipio
1705 2445 1863 2500 vobis
1900 2444 1965 2498 ‘°.
2004 2462 2022 2495 ι

2131 2468 2238 2523 set,
2281 2472 2393 2528 quo
2425 2473 2523 2512 nos
2554 2458 2608 2511 in
2664 2459 2917 2511 increata:
2957 2463 3166 2508 naturae
3208 2465 3322 2506 suae
3364 2449 3700 2503 consortium

414 2620 419 2623 Ι
463 2548 519 2600 Si
562 2548 745 2616 itaque
784 2554 1067 2616 paternam
1118 2546 1266 2599 illius
1318 2542 1653 2596 voluntatem
1707 2535 2002 2590 fecerimus

2136 2553 2415 2611 evelteret,
2470 2551 2612 2602 inter
2656 2555 2940 2602 creaturas
2984 2542 3196 2599 censeri
3244 2540 3463 2596 voluit?
3509 2537 3699 2593 Nonne

461 2653 760 2707 veramque
798 2648 852 2691 et
898 2637 1263 2691 orthodoxam
1312 2636 1469 2690 fidem
1522 2642 1845 2689 constanter
1898 2636 2030 2686 reti-
2132 2654 2258 2693 cum
2306 2638 2491 2692 omnis
2557 2637 2819 2699 materiae,
2882 2646 3273 2709 corporczeque
3332 2631 3747 2685 concretionisi

466 2726 1199 2794 ngerimustmaelitarum
1248 2726 1580 2795 romphrcam
1627 2722 1775 2778 facili
1809 2723 2029 2790 negotio

2132 2746 2326 2785 exsors
2356 2730 2595 2798 degeret,
2628 2743 2736 2798 quo
2759 2741 2857 2780 nos
2881 2725 3103 2780 caducis
3135 2724 3255 2777 istis
3284 2721 3553 2789 ﬂttxisque
3580 2736 3700 2775 cor-

464 2819 829 2882 amoliemur;
865 2814 1370 2885 Saraccuican-que
1408 2815 1577 2870 sicam
1612 2830 1644 2869 a
1688 2810 2032 2868 nobis'aver-
2133 2819 2365 2889 poribus
2404 2825 2459 2872 et
2506 2817 2767 2871 carnibus
2821 2814 3136 2882 superiores
3182 2810 3443 2875 efficeret,
3488 2820 3702 2863 nostra-

471 2923 685 2973 ιρηιιιδς
731 2918 782 2964 (³1
815 2909 1188 2979 Agarenorum
1239 2922 1424 2961 arcam
1479 2905 1933 2975 cnllrl‘ingcmus;
1977 2910 2032 2958 el
2134 2927 2242 2981 que
2294 2923 2528 2979 corpora
2578 2907 2994 2976 incorruptione
3040 2905 3306 2958 vestiret:
3365 2910 3418 2955 ct
3478 2916 3700 2956 carnem

467 3002 709 3054 (ἲίνίηίηη
762 2999 1037 3053 Βοιίιιθθῐη
1087 3013 1194 3051 “0"
1254 2997 1416 3067 "m8"
1445 3002 1571 3065 Ροδι
1620 3005 1864 3064 ῑθίῐιβοτε
1894 3010 2033 3050 εοιι·
2061 3045 2102 3100 ι,
2137 3012 2381 3059 nostram
2432 2999 2844 3055 immortalitate
2897 2996 3149 3057 donaret,
3207 3010 3339 3050 caro
3396 3004 3449 3048 et
3500 3008 3702 3064 corpus

463 3089 881 3156 templabimur;
915 3096 968 3142 et
997 3102 1118 3157 qua:
1152 3086 1205 3140 in
1239 3086 1329 3139 illa
1363 3096 1493 3141 sunt
1519 3086 1863 3141 admirabilia
1898 3102 2032 3141 con-

2138 3095 2254 3151 fieri
2297 3095 2350 3148 in
2381 3093 2625 3146 animum
2673 3089 2931 3146 induxit?
2959 3089 3177 3150 Annon,
3221 3102 3344 3141 cum
3398 3085 3703 3140 secundum

465 3181 765 3241 tuebimur,
793 3187 845 3233 ct
868 3178 1316 3235 admirandorum
1345 3192 1571 3246 operum
1597 3178 1847 3247 opificem
1872 3177 2032 3231 Chri-

2135 3186 2479 3240 divinitaletn
2548 3181 2720 3236 nullis
2788 3180 3055 3233 limitibus
3124 3175 3700 3236 circumscriberetur,

467 3283 613 3328 stum
644 3270 1091 3341 conspicabimur
1119 3286 1133 3321 :
1164 3276 1218 3322 et
1248 3284 1355 3323 una
1393 3284 1516 3322 cum
1564 3268 1774 3340 angelis
1804 3269 2033 3323 doxolo-

2135 3276 2317 3348 quoad
2349 3276 2677 3330 immensum
2710 3286 2933 3339 regnum
2950 3285 3108 3324 suum
3139 3268 3345 3321 aditum
3374 3267 3529 3322 nobis
3560 3275 3704 3334 pate-

469 3363 611 3431 giam
650 3361 795 3414 illam
829 3376 842 3411 :
889 3378 906 3410 ι
930 3358 1115 3413 Gloria
1152 3359 1205 3412 in
1234 3360 1521 3414 altissimis
1548 3360 1678 3424 Deo,
1712 3368 1767 3414 et
1801 3360 1855 3414 in
1890 3369 2035 3414 terra

2140 3368 2367 3426 faceret,
2408 3379 2629 3418 carnem
2681 3362 2825 3416 mole
2856 3360 3136 3414 definitam
3190 3358 3296 3412 sibi
3332 3356 3565 3411 ascivit?
3592 3354 3704 3409 Att-

469 3466 571 3521 pax
604 3450 920 3504 hominibus
953 3450 1110 3503 bona:
1157 3449 1477 3514 voluntatis,
1510 3467 1529 3499 ι
1579 3464 1778 3517 magna
1809 3464 2035 3503 sonora-

2137 3473 2244 3512 non
2276 3471 2400 3511 cum
2452 3455 2521 3509 ab
2564 3452 2710 3507 omni
2754 3458 2982 3522 peccato
3027 3464 3258 3511 vacuus,
3288 3456 3623 3515 sanctusque
3651 3455 3706 3500 et

469 3556 578 3610 que
609 3555 741 3593 voce
775 3539 1215 3605 decantabimus’,
1252 3554 1587 3610 operamque
1626 3553 1689 3594 ea
1720 3554 1780 3593 re
1816 3539 2037 3592 Christo

2138 3564 2233 3615 per
2261 3545 2447 3600 omnia
2476 3543 2794 3614 impollutus
2821 3541 3007 3596 esset?
3040 3558 3057 3591 ‹
3091 3538 3379 3593 Peccatum
3416 3538 3561 3591 enim
3596 3550 3706 3591 non

469 3646 595 3684 cum
638 3628 827 3699 Primis
892 3640 1102 3699 8mm“
1152 3628 1494 3682 ηενίὼῖηιηεο
1531 3628 1625 3682 Est
1659 3628 1804 3683 enim
1847 3628 1937 3681 ῖὶίο
1970 3628 2037 3681 iis
2139 3637 2288 3698 fecit,
2342 3649 2518 3705 neque
2569 3634 2827 3687 inventus
2874 3638 2960 3685 est
3011 3629 3172 3684 dolus
3212 3628 3264 3680 in
3298 3643 3394 3681 ore
3437 3626 3556 3696 ejus
3584 3628 3650 3680 η.
3682 3644 3701 3677 ο
3764 3638 3767 3639 ⁷

471 3722 660 3783 rebus.
693 3735 812 3790 quae
842 3721 1074 3776 Salllletn
1119 3728 1361 3775 noslt‘ntlt
1396 3732 1718 3789 pr0movere
1745 3727 1801 3773 et
1831 3734 2034 3789 procu-
2141 3726 2327 3781 Nostri
2361 3740 2533 3779 causa
2578 3723 2956 3793 peccatoribus
2989 3726 3381 3775 annumeratus
3413 3718 3534 3773 est?
3568 3727 3621 3771 et
3650 3718 3706 3772 in

470 3828 594 3867 rare
622 3821 766 3866 nata:
798 3812 1395 3879 sunt,addietissimus.

2140 3818 2464 3888 peccatricis
2516 3814 2706 3870 carnis
2746 3813 3180 3875 similitudinem,
3217 3812 3271 3865 in
3320 3810 3495 3866 lucent
3552 3807 3707 3864 fusus

542 3905 741 3957 Annon
795 3917 919 3957 cum
967 3901 1058 3956 Dei
1090 3900 1326 3955 Verbum
1358 3908 1526 3965 esset,
1556 3908 1936 3969 aeternumque
1971 3915 2037 3953 ex

2140 3909 2265 3964 est?
2297 3909 2401 3974 Qui
2454 3910 2601 3962 enim
2644 3916 2929 3975 peccatum
2986 3904 3291 3974 ignorabat,
3346 3917 3470 3959 eum
3525 3901 3704 3964 Pater,

470 4004 676 4049 aeterno
722 3992 885 4047 Patre
913 4004 1095 4046 ortum
1145 3992 1389 4051 haberet.
1438 3991 1783 4060 impolltttum
1846 3992 2039 4045 matris
2142 3999 2193 4052 in
2222 4014 2381 4068 quem
2413 3998 2624 4051 nullum
2673 4005 2962 4065 peccatum
3003 3995 3169 4058 cadit,
3206 4004 3423 4063 propler
3452 4009 3550 4045 [mg
3583 4008 3708 4059 νεαρ-

469 4083 711 4153 Virginis
731 4091 943 4138 uterum
973 4094 1188 4151 propter
1217 4097 1317 4136 nos
1363 4081 1720 4135 inhabitavit?
1750 4096 2041 4147 veramque

2142 4098 2323 4144 catum
2359 4089 2483 4143 fecit
2513 4089 2558 4119 ὀ
2595 4104 2608 4141 :
2640 4096 2699 4141 ιιι
2733 4102 2900 4142 carne
2925 4087 2992 4140 ab
3023 4087 3171 4140 omni
3202 4091 3423 4155 peccato
3452 4083 3705 4146 immuni,

470 4175 527 4229 ἱιὶ
560 4176 672 4237 m3.
721 4181 775 4228 (ξι
815 4190 883 4228 οι
928 4173 1019 4227 illa
1071 4187 1290 4226 03""6'"
1342 4172 1625 4243 SUSC‘T“?
1655 4173 1911 4242 δυεεερίῑ
1941 4188 2039 4226 θιι·
2143 4179 2348 4248 peccati
2382 4177 2897 4232 condemnationem
2926 4183 3239 4231 evacttaret.
3276 4186 3484 4241 nosque
3516 4185 3708 4239 porca-

474 4276 580 4318 tem
612 4279 675 4318 cx
709 4279 771 4317 ea
802 4278 1023 4317 carnem
1061 4278 1167 4316 non
1192 4263 1344 4331 prius
1379 4265 1597 4331 quidem
1642 4263 1933 4317 formatam
1985 4274 2039 4319 et
2147 4279 2294 4324 tores
2322 4284 2352 4322 a
2399 4266 2702 4321 contractis
2750 4274 3098 4334 peccatorum
3139 4262 3398 4315 sordibus
3446 4260 3708 4328 expiaret.

473 4362 843 4418 exsistentem,
888 4368 1050 4422 quam
1108 4354 1475 4408 indissolubili
1524 4355 1741 4409 vinculo
1786 4355 1862 4408 illi
1903 4370 2037 4408 con-
2072 4369 2113 4423 ο
2142 4360 2333 4414 Nonne
2355 4373 2477 4412 cum
2515 4356 2687 4411 Filius
2718 4367 2772 4412 ει
2814 4357 2951 4410 mter
3002 4354 3161 4413 τοπιρι,
3197 4354 3573 4420 "munusque
3604 4349 3710 4402 ῃη.

477 4446 836 4514 iungeretur:
886 4442 979 4498 sed
1029 4457 1136 4496 una
1169 4457 1296 4497 cum
1328 4432 1474 4512 ipso,
1525 4454 1578 4497 et
1611 4444 1666 4497 in
1705 4445 1826 4514 ipso
1867 4442 2034 4497 Verbi
2146 4451 2277 4505 mini
2332 4426 2581 4519 polleret,
2640 4461 2748 4515 quo
2784 4462 2890 4501 nos
2943 4445 3219 4499 libertatis
3268 4443 3413 4496 dono
3463 4449 3708 4504 ornatos,

440 4537 781 4604 _complexn,
837 4535 1215 4589 exsistentiam
1264 4535 1537 4588 sortitam.
1579 4534 1759 4603 Ipsius
1802 4550 2028 4603 namque

2151 4545 2257 4596 Deo
2288 4542 2432 4597 Patri
2463 4541 2623 4609 quasi
2660 4538 2801 4592 filios
2828 4535 3069 4596 offerret,
3103 4536 3243 4587 inter
3276 4550 3466 4587 servos
3498 4533 3708 4585 ct-nseti

475 4625 797 4680 constitutio
850 4638 903 4678 et
956 4626 1102 4678 ratio
1154 4639 1279 4677 cum
1340 4624 1460 4693 ipsa
1522 4624 1926 4691 compositione
1970 4625 2036 4676 ad
2148 4631 2447 4685 sustinuit?
2477 4630 2578 4682 Per
2625 4628 2805 4697 ipsum
2854 4627 3000 4680 enim
3037 4624 3087 4677 id
3124 4624 3359 4677 assecuti
3396 4639 3610 4679 sumus,
3655 4632 3713 4675 ut

475 4725 741 4787 punctum
781 4715 985 4777 coibat,
1012 4716 1228 4784 ipsique
1274 4730 1454 4770 coaeva
1490 4722 1627 4769 erat.
1663 4712 1838 4779 Quam
1873 4715 2040 4767 etiam

2149 4721 2416 4775 Altissimi
2468 4719 2559 4773 filii
2612 4719 2963 4772 nominemur
2989 4728 3055 4770 et‘
3075 4716 3269 4768 simus.
3321 4714 3540 4768 Interim
3579 4713 3712 4765 illud

476 4822 697 4861 carnem
738 4807 1021 4861 rationalis
1061 4807 1184 4860 vita:
1229 4807 1422 4876 spiritu
1471 4806 1768 4859 animatam
1813 4806 1918 4858 sibi
1949 4821 2040 4859 se-
2147 4811 2456 4880 adoptionis
2510 4811 2714 4862 donum
2774 4824 2883 4861 non
2936 4815 3156 4871 natura,
3203 4805 3298 4860 sed
3339 4807 3513 4874 gratia
3566 4804 3713 4857 nacti

474 4899 715 4952 cundum
749 4899 1074 4968 hypostasin
1103 4896 1376 4968 adjttnxit,
1410 4905 1473 4950 ut
1505 4897 1722 4950 illustre
1748 4896 1878 4947 illttd
1920 4896 2039 4949 fidei
2150 4916 2361 4955 sumus.
2414 4898 2631 4961 Annon,
2701 4913 2823 4950 cum
2904 4906 3144 4949 mternus
3182 4903 3237 4948 et
3284 4892 3623 4962 iutpattbilis,
3661 4901 3716 4944 et

477 4991 657 5044 lumen
688 4988 794 5045 Leo
859 4990 1040 5053 docet,
1069 4998 1120 5044 et
1154 4989 1595 5060 sapientissimus
1646 4988 1885 5057 Cyrillus
1930 5001 2043 5039 ma-

2149 4991 2474 5045 immortalis
2524 4999 2688 5047 esset.
2740 5001 2852 5056 quo
2905 5002 3005 5039 nos
3060 4988 3128 5038 ab
3193 4985 3417 5037 interitu
3458 4982 3714 5049 omnique

476 5097 614 5152 guns
639 5081 726 5136 ille
758 5080 1000 5137 caelestis
1042 5081 1307 5136 doctrina:
1336 5094 1535 5150 prteco,
1583 5079 1843 5149 praeclare
1877 5093 2044 5131 verte-
2145 5077 2385 5148 patiendi
2420 5078 2751 5131 necessitate
2792 5074 3074 5136 liberaret,
3110 5083 3167 5127 et
3211 5086 3239 5125 a
3284 5071 3479 5125 mortis
3519 5072 3715 5123 vincu-

475 5187 582 5241 qne
635 5171 823 5240 pietati
877 5180 931 5224 et
986 5172 1237 5242 religioni
1292 5170 1585 5224 admodum
1645 5175 2038 5228 consentanee,
2146 5171 2214 5223 lis
2256 5167 2758 5236 multiplicibnsque
2796 5164 3011 5218 catenis
3064 5164 3268 5232 quibus
3316 5160 3512 5215 irretiti
3565 5168 3716 5213 tene-

476 5263 788 5316 confirmat.
832 5260 1092 5317 Christus
1128 5277 1367 5331 namque
1411 5259 1607 5314 salutis
1639 5266 1840 5312 nostr-re
1878 5272 2043 5310 causa
2146 5261 2361 5319 bantur,
2404 5256 2683 5326 expediret
2733 5264 2787 5307 et
2831 5252 3158 5315 vindicaret,
3202 5264 3420 5304 carnem
3464 5255 3709 5301 nostrain

478 5353 637 5407 nobis
671 5368 767 5423 per
800 5355 983 5428 omnia
1035 5356 1399 5417 assitnilatus,
1441 5359 1496 5406 et
1532 5350 1733 5406 similis
1762 5358 2041 5418 expertem
2151 5347 2427 5416 patibiletn
2485 5345 2882 5411 mortalemque
2914 5343 3134 5396 induit?
3162 5342 3355 5395 Annon
3388 5338 3504 5392 haec
3529 5337 3714 5390 omnia

476 5444 888 5511 conceptionem
936 5444 1127 5497 habuit
1182 5442 1320 5514 (viri
1372 5442 1539 5502 enim,
1590 5448 1649 5492 ut
1701 5447 2041 5498 nasceretur,
2149 5437 2422 5507 praestitit,
2461 5439 2732 5504 modoque
2779 5433 3128 5486 dixinissitno
3178 5430 3447 5499 implevit,
3498 5435 3553 5482 et
3582 5442 3713 5481 con-

478 5623 527 5656 "
558 5554 995 5681 u’Lgac.vttélt7.
1063 5557 1106 5588 “
1139 5555 1328 5611 Matth.
1354 5571 1448 5620 vtt,
1484 5556 1577 5608 5|.
1637 5552 1677 5583 ¹⁷
1707 5549 1865 5607 Joan.
1899 5566 2008 5614 xrv,
2063 5549 2146 5604 t2.
2214 5551 2256 5583 ¹⁸
2284 5549 2442 5604 .loan.
2482 5565 2588 5614 xv,
2634 5548 2719 5602 Μ.
2780 5549 2822 5579 ιθ
2863 5547 2965 5603 lsa.
2993 5560 3112 5611 Lm,
3142 5545 3211 5609 9;
3286 5541 3307 5595 Ι
3354 5540 3490 5596 Petr.
3525 5554 3594 5603 tt,
3632 5534 3721 5590 Ἡ.
