4058 6190
348 174 490 238 3209

1260 164 1542 227 ORATIO
1580 164 1629 223 Ι.
1668 186 1736 199 -
1777 163 1857 223 ΙΝ
1890 162 2198 225 CHRISTI
2242 163 2678 225 NATALITIA.

3453 156 3596 227 3210

348 276 676 336 stunmavit?
712 275 951 353 Utique;
979 288 1080 330 nec
1113 274 1259 330 cnim
1289 275 1561 346 contingit
1595 275 1761 331 Deum
1794 289 1921 345 pro-
1952 280 1996 338 Λ
2027 276 2277 332 salientis
2328 276 2383 330 in
2423 276 2587 329 vitam
2619 281 2878 328 aeternam
2922 272 2989 322 ”.
3035 290 3052 321 ι
3086 268 3336 324 Cistcrna
3364 270 3476 325 haec
3506 289 3597 328 sa.

347 374 530 443 posito
561 386 661 426 suo
707 369 986 425 frustrari.
1026 368 1161 424 Nam
1205 368 1335 438 quid
1366 360 1549 423 animo
1580 368 1796 438 concipi
1824 383 1917 438 po-

349 473 477 530 test,
533 463 679 532 quod
733 461 896 526 Deus,
947 461 992 516 si
1042 460 1194 525 velit,
1244 475 1352 513 non
1387 458 1625 514 cﬁiciat?
1655 458 1766 513 Aut
1797 460 1924 527 quis

351 563 462 619 est,
524 553 618 622 qui
677 550 1042 620 omnipotenti
1102 548 1615 617 efﬁcacissimusque
1676 546 1923 618 ejusdem

351 642 622 696 ro'untati
656 655 754 695 sua
798 641 1103 703 voluntate,
1136 646 1194 692 ut
1234 639 1472 692 maxime
1504 638 1557 691 id
1602 636 1923 700 contendat,

353 735 627 790 obsistere
661 731 873 785 valeat?
906 731 1082 801 llnjus
1115 732 1252 785 tanti
1274 730 1516 785 numinis
1538 769 1553 793 ,
1601 728 1819 793 fratres,
1845 730 1925 786 fe-

352 835 499 883 stum
526 825 669 879 diem
709 840 813 877 nos
852 823 1015 877 hodie
1051 823 1291 883 obimus,
1322 822 1544 876 etiamsi
1578 836 1772 891 magna
1800 837 1924 877 cum

351 914 580 970 tristitia
605 913 735 966 illttd
766 912 1072 967 faciamus:
1113 919 1171 964 ut
1205 911 1298 984 qui
1332 911 1534 974 locum,
1571 910 1623 963 in
1645 926 1755 980 quo
1786 910 1924 966 Deus

354 1005 615 1067 Verbum,
646 1015 697 1060 et
739 1002 1003 1058 Dominus
1037 1018 1135 1071 per
1169 1010 1445 1066 exortum,
1497 1002 1590 1072 qui
1622 1002 1804 1056 verbis
1833 1018 1927 1057 ex-

356 1096 543 1167 plicari
580 1098 789 1165 nequit,
844 1094 1117 1164 apparuit,
1182 1090 1550 1162 propinquum
1607 1093 1924 1156 habeamus,

353 1204 533 1259 neque
569 1188 640 1242 ad
674 1188 825 1241 illum
869 1197 1051 1241 tamen
1100 1200 1395 1241 accurrere
1433 1186 1736 1241 valeamus.
1786 1186 1929 1240 Sane

354 1278 498 1332 idem
534 1277 663 1332 fere
698 1277 786 1331 hic
840 1276 998 1329 nobis
1046 1291 1146 1330 usu
1176 1275 1351 1341 venit,
1401 1274 1546 1344 quod
1578 1276 1928 1332 divinissinto

356 1368 552 1439 Moysi.

357 1472 505 1525 ctus,
546 1460 931 1530 promissionis
967 1468 1166 1513 terram
1203 1457 1382 1513 oculis
1424 1457 1645 1527 quidem
1691 1474 1928 1529 usurpa-

360 1556 454 1610 bat
488 1554 918 1624 avidissimeque
960 1553 1013 1606 in
1065 1553 1210 1607 illam
1267 1552 1478 1623 ingredi
1511 1553 1802 1622 cupiebat;
1836 1570 1929 1608 ve-

358 1660 482 1699 rum
518 1644 663 1716 quod
694 1646 860 1714 virgre
908 1657 1023 1697 sua:
1062 1643 1287 1699 verbere
1335 1658 1601 1713 aquarum
1650 1643 1848 1699 fluenta
1878 1654 1932 1699 et

358 1739 509 1792 rivos
540 1752 569 1791 e
600 1745 751 1806 petra
784 1735 1108 1799 educturus,
1143 1734 1311 1792 Deum
1347 1751 1453 1790 non
1492 1735 1789 1800 benedixit,
1835 1751 1931 1790 nc-

359 1844 637 1900 quaquam
665 1830 772 1882 huc
809 1828 1020 1898 ingredi
1052 1828 1355 1895 permissus
1385 1836 1469 1884 est
1502 1829 1569 1881 ²¹.
1604 1826 1669 1881 Et
1698 1829 1791 1882 ille
1820 1828 1936 1898 qui-

356 1924 483 1976 deut
514 1919 582 1974 ad
625 1935 749 1975 eum
785 1920 1007 1974 modum
1043 1928 1189 1973 terra
1232 1920 1463 1975 multum
1498 1920 1807 1975 desiderata
1839 1936 1932 1974 or-

356 2011 544 2072 batus,
577 2024 924 2079 manereque
947 2009 1275 2075 exhaustus,
1322 2008 1451 2063 hinc
1485 2009 1553 2063 ad
1593 2008 1760 2063 Deum
1795 2009 1931 2063 emi-

358 2102 554 2174 gravit.
594 2100 705 2157 Nos
726 2111 935 2164 autem,
969 2101 1064 2171 qui
1098 2101 1183 2156 his
1216 2115 1321 2155 non
1348 2100 1634 2155 dissimilia
1669 2102 1930 2170 patimur,

344 2195 491 2265 quid
550 2193 853 2248 faciemus?
903 2191 1039 2246 Nam
1098 2191 1203 2247 etsi
1269 2192 1337 2247 de
1372 2191 1713 2248 .coelestibus
1767 2190 1934 2249 donis

358 2288 550 2341 animo
593 2287 930 2356 voluptatem
984 2284 1254 2351 capimus,
1306 2292 1359 2338 et
1388 2284 1655 2351 laetamur,
1697 2290 1754 2339 et
1794 2284 1932 2338 preli-

360 2379 513 2449 giose
537 2391 640 2434 nos
663 2377 1024 2442 oblectamus,
1057 2382 1113 2430 et
1144 2377 1301 2447 quasi
1325 2376 1642 2433 continuum
1665 2375 1932 2447 gaudium

361 2471 695 2535 haurimus;
755 2469 1157 2538 contristamur
1212 2478 1418 2533 tamen,
1475 2469 1761 2524 turbamur
1826 2484 1935 2524 non

354 2576 580 2631 parum,
627 2560 772 2630 quod
815 2559 995 2615 locum
1041 2559 1298 2615 cominus
1349 2561 1598 2630 aspicere
1635 2575 1742 2616 non
1783 2560 1932 2624 licet,

362 2654 551 2725 ibique
598 2652 856 2709 festivum
889 2661 1222 2708 conventum
1268 2652 1501 2723 agitare,
1554 2653 1647 2707 ubi
1686 2668 1813 2707 vera
1842 2652 1934 2707 lux

348 2752 558 2800 exorta
591 2752 696 2808 est,
728 2744 820 2798 ubi
852 2750 1058 2798 aeterna
1084 2746 1191 2797 vita
1220 2742 1423 2806 floruit,
1452 2744 1545 2799 ubi
1586 2744 1805 2798 tandem
1832 2744 1933 2799 doo

364 2854 564 2894 norum
615 2846 669 2895 et
697 2838 997 2909 gratiarum
1037 2839 1283 2894 omnium
1337 2837 1629 2892 thesaurus
1685 2845 1937 2906 aspecta-

356 2932 465 2986 .bili
507 2931 683 2987 forma
721 2946 1015 3002 apparens,
1049 2946 1262 2996 omnes,
1295 2930 1384 3000 qui
1425 2945 1553 2985 cum
1591 2928 1696 2983 ﬁde
1724 2939 1775 2983 et
1815 2929 1931 2999 pic-

354 3031 486 3079 rtate
538 3024 849 3089 intuentur,
913 3024 1155 3077 illustrat
1211 3030 1265 3077 et
1314 3028 1547 3086 recreat,
1614 3019 1937 3087 caelestique

364 3113 568 3185 gaudio
588 3113 860 3167 uberrime
882 3112 1151 3177 exsatiat;
1173 3125 1237 3166 ac
1264 3110 1402 3164 tales
1429 3109 1537 3164 illis
1569 3123 1701 3178 opes
1734 3108 1933 3176 imper-

366 3206 527 3269 titur,
575 3205 669 3275 qui
700 3218 880 3274 neque
915 3202 1179 3267 deﬂuunt,
1210 3199 1702 3272 nrquedeﬁciunt;
1737 3196 1940 3254 efﬁcit-

364 3312 479 3369 que
533 3306 594 3351 ut
642 3311 752 3351 non
804 3297 1013 3365 absque
1059 3296 1259 3367 gaudio
1287 3302 1340 3348 et
1378 3292 1766 3356 oblectatione,
1817 3304 1939 3343 cum

369 3390 605 3459 angelis,
661 3389 974 3459 pastoribus
1024 3397 1077 3440 et
1114 3387 1330 3456 Magis:
1384 3383 1573 3438 Cioria
1625 3382 1679 3436 in
1737 3381 1942 3434 altissi-

372 3483 472 3535 mis
510 3479 645 3543 Deo,
679 3488 729 3532 et
771 3481 827 3533 in
862 3472 1005 3532 terra
1033 3493 1143 3550 pax
1179 3478 1476 3531 hominibus
1518 3476 1669 3529 bona:
1701 3474 1947 3528 volunta-

369 3573 464 3637 tis,
494 3574 813 3627 concinant.
836 3570 1043 3625 Adamo
1073 3577 1282 3625 tantum
1316 3568 1495 3640 primo
1522 3566 1743 3636 generis
1765 3563 1939 3619 nostri

374 3665 607 3734 parenti,
677 3664 975 3729 divinaque
1036 3662 1209 3733 Moysi
1249 3662 1450 3717 misere
1503 3657 1797 3713 admodum
1846 3655 1943 3710 bo-

373 3750 566 3803 dierna
599 3749 725 3804 luce
763 3749 1141 3804 assimilamur
1171 3767 1184 3803 :
1214 3755 1408 3802 verum
1452 3745 1678 3800 Davidis
1725 3758 1945 3814 quoque

366 3840 619 3909 parentis
665 3850 867 3894 sortem
901 3854 1025 3893 cum
1066 3837 1269 3908 primis
1305 3845 1498 3892 exacte
1535 3835 1938 3905 exprimimus:

374 3939 431 3982 ut
483 3932 577 3999 qui
617 3930 813 3984 iisdem
867 3945 1006 4001 pene
1063 3929 1484 3986 difﬁcultatibus
1538 3928 1643 3983 hoc
1697 3937 1943 3997 tempore

369 4021 741 4085 involvantur,
793 4020 1209 4090 obstaculisque
1263 4020 1683 4089 praepediamur,
1738 4019 1941 4089 quibus

370 4113 501 4166 olim
542 4113 652 4167 ille.
710 4110 923 4189 Etenim
961 4110 1125 4166 David
1175 4112 1227 4165 in
1278 4124 1458 4179 regem
1499 4123 1528 4161 a
1564 4109 1673 4163 Deo
1732 4124 1943 4163 assum-

366 4213 541 4273 ptus,
595 4218 715 4257 cum
789 4202 1188 4257 Philistaeorum
1247 4203 1363 4256 acie
1416 4199 1659 4271 undique
1702 4199 1942 4253 circum-

670 1366 769 1422 llic
807 1367 949 1422 enim
985 1367 1040 1421 in
1074 1375 1314 1421 montem
1364 1367 1689 1435 praecelsum
1723 1352 1951 1422 subve-i

2027 380 2118 420 cra
2181 366 2586 423 sanctissimam
2630 362 2913 433 Virginem
2965 361 3309 431 designabat,
3372 377 3492 427 qua:
3542 370 3597 417 et

2029 464 2242 520 uterum
2274 464 2595 526 gestoraret
2622 455 2789 508 Deum
2827 454 3070 523 paritura
3098 461 3233 505 erat.
3264 449 3422 516 Quod
3449 450 3596 504 enim

2028 548 2117 603 hic
2151 547 2582 617 transigebatur,
2611 546 2899 616 prophetia
2929 551 2984 598 et
3014 544 3186 611 ﬁgura
3216 541 3421 596 cratde
3441 539 3600 594 Chri~

2029 649 2137 706 sto,
2168 642 2262 711 qui
2292 649 2377 695 cst
2414 656 2557 710 aqua
2604 640 2726 692 viva
2771 637 3032 692 omnibus
3068 636 3232 688 vitam
3279 629 3597 693 infundens,

2020 735 2203 804 deque
2260 737 2489 804 mystica
2537 743 2590 787 et
2640 730 2872 801 Spiritali
2918 730 3179 792 cisterna,
3229 740 3352 795 qum
3399 730 3599 794 aquam

2030 828 2201 890 illam,
2235 840 2356 894 qua:
2385 838 2664 893 nunquam
2691 822 2896 884 deﬁcit,
2928 830 3085 875 utero
3119 818 3599 886 comprehensam,

2029 919 2082 972 in
2115 918 2289 971 lucem
2319 916 2490 980 dedit,
2520 917 2623 969 hoc
2654 921 2739 969 est
2779 913 2846 968 de
2880 912 3165 982 impolluta
3203 909 3442 978 Virgine.

2099 1008 2252 1063 Hanc
2297 1016 2477 1061 autem
2517 1009 2808 1060 cisternam
2859 1012 2911 1057 et
2959 1000 3458 1071 aquambil‘ariam
3499 1010 3598 1051 rex

2030 1099 2196 1153 David
2249 1098 2433 1152 videre
2484 1095 2868 1157 desiderabat,
2934 1093 3258 1159 intenseque
3306 1085 3597 1159 gestiebat,

2030 1189 2374 1261 spiritalibus
2428 1188 2689 1241 nimirum
2754 1195 2810 1240 et
2875 1184 3157 1253 corporeis
3216 1180 3445 1236 oculis:
3492 1178 3602 1233 illis

2031 1282 2270 1352 quidem,
2307 1289 2365 1333 ut
2414 1279 2827 1333 illustrissimus
2878 1276 3170 1347 propheta;
3221 1273 3306 1327 his
3351 1280 3502 1337 vero,
3541 1278 3606 1324 ut

2032 1372 2607 1427 consutnmatissiutus
2662 1370 2846 1438 justus
2903 1386 2916 1423 :
2978 1368 3092 1422 lloc
3145 1381 3276 1435 ergo
3330 1364 3604 1420 desiderio

2033 1463 2417 1527 intusardcns
2451 1462 2631 1517 aiebat
2665 1477 2683 1514 :
2722 1479 2740 1512 ‹
2782 1460 2826 1515 O
2862 1461 2905 1515 si
2954 1460 3081 1529 quis
3132 1458 3265 1512 mihi
3302 1456 3459 1511 daret
3505 1470 3606 1525 po-

2039 1568 2149 1611 tum
2179 1572 2334 1626 aqua:
2362 1558 2429 1611 de
2465 1557 2728 1618 cisterna,
2760 1571 2879 1625 qua:
2926 1564 3011 1610 est
3053 1554 3106 1607 in
3138 1552 3414 1606 Bethleem
3442 1551 3601 1617 juxta

1962 1623 2005 1680 Β
2038 1658 2247 1720 portam
2264 1651 2331 1702 ⁸³.
2346 1668 2363 1700 ι
2389 1650 2730 1720 Cognoscere
2757 1649 2881 1701 hinc
2895 1649 3042 1711 licet,
3064 1661 3224 1715 quam
3246 1651 3370 1714 apte
3388 1658 3486 1698 nos
3503 1642 3610 1697 hoc

2035 1750 2277 1808 tempore
2312 1740 2380 1793 iis
2414 1738 2806 1803 assimilemur,
2848 1737 2939 1807 qtti
2977 1735 3255 1790 Christum
3308 1730 3609 1801 quondam,

2033 1846 2156 1884 cum
2192 1831 2551 1901 spiritalibus.
2583 1840 2694 1883 tum
2728 1829 3010 1898 corporeis
3037 1842 3257 1897 quoque
3285 1825 3460 1879 oculis
3486 1839 3613 1878 con-

2034 1924 2174 1976 tueri
2246 1924 2598 1993 exoptabant.
2652 1923 2731 1976 Ad
2788 1921 2935 1991 quod
2990 1929 3235 1974 veterum
3279 1918 3611 1974 desiderium

2035 2015 2287 2070 Christus
2327 2015 2593 2069 Dominus
2631 2029 2770 2082 aqua
2810 2014 2900 2068 illa
2935 2014 3056 2067 viva
3086 2010 3380 2076 talludens,
3410 2007 3613 2063 alicubi

2036 2109 2108 2161 ita
2144 2107 2512 2162 concionatur
2541 2126 2554 2162 ε
2589 2125 2606 2157 t
2646 2106 2802 2160 Multi
2844 2107 3123 2176 propheta:
3154 2113 3205 2159 et
3235 2103 3373 2172 justi
3422 2101 3613 2172 cupie-

2035 2206 2161 2253 runt
2193 2198 2396 2266 videre,
2431 2215 2552 2269 qum
2586 2198 2804 2263 videtis,
2848 2205 2902 2252 et
2952 2214 3060 2251 non
3109 2182 3386 2261 viderunt,
3422 2203 3474 2251 et
3508 2212 3612 2249 aur

2033 2288 2171 2353 dire,
2204 2304 2325 2358 quae
2358 2303 2454 2343 vos
2499 2287 2727 2354 auditis,
2759 2298 2812 2344 et
2858 2303 2967 2341 non
3010 2287 3305 2343 audierunt
3336 2288 3399 2342 ".
3440 2306 3459 2340 ι
3494 2286 3614 2340 lluc

2032 2381 2197 2435 etiam
2244 2388 2518 2449 spectant,
2554 2395 2677 2450 quae
2719 2380 3000 2450 apostolus
3033 2378 3227 2434 Petrus
3261 2377 3328 2433 ad
3369 2394 3485 2443 eos,
3518 2379 3613 2449 qui

2035 2471 2090 2527 in
2143 2471 2425 2527 Christum
2477 2469 2832 2527 Servatorem
2884 2471 3262 2534 crediderant,
3315 2486 3378 2526 ca
3433 2470 3502 2527 de
3553 2486 3614 2525 re

2035 2565 2269 2621 scribit:
2309 2586 2329 2616 ‹
2366 2565 2561 2631 Quem,
2597 2565 2695 2629 ait,
2733 2579 2858 2619 cum
2904 2580 3012 2618 non
3055 2563 3327 2627 videritis,
3363 2562 3609 2633 diligitis,

2035 2656 2089 2712 in
2119 2671 2278 2726 quem
2318 2669 2464 2710 nunc
2496 2669 2717 2726 quoque
2745 2669 2852 2709 non
2890 2654 3138 2711 videntes
3185 2656 3434 2710 creditis.
3478 2652 3616 2709 Cre-

2034 2749 2225 2804 dentes
2255 2758 2436 2804 autem
2479 2747 2769 2803 exsultatis
2806 2747 2992 2802 laetitia
3030 2745 3384 2801 inenarrabili
3416 2753 3469 2801 et
3496 2746 3617 2817 glo-

2034 2843 2268 2910 riﬁcala,
2321 2848 2670 2912 reportantes
2724 2839 2894 2894 ﬁnem
2955 2838 3077 2893 ﬁdei
3136 2847 3334 2894 vestra:
3383 2839 3617 2894 salutem

2039 2934 2346 2989 animarum
2403 2942 2712 2987 vestrarum
2752 2947 2766 2984 :
2814 2930 2883 2985 de
2929 2928 3262 3000 qua’salute
3305 2929 3619 3000 exquisivc.

2038 3035 2171 3081 runt
2219 3033 2382 3094 atque
2428 3023 2657 3078 scrutati
2698 3029 2826 3079 sunt
2868 3021 3167 3092 prophetae,
3202 3021 3295 3091 qui
3332 3020 3397 3075 de
3432 3018 3619 3079 futura

2044 3119 2098 3172 in
2131 3116 2285 3172 vobis
2316 3115 2493 3186 gratia
2524 3115 3015 3184 prephetaverunt,
3049 3120 3357 3168 scrutantes
3387 3112 3440 3165 in
3472 3111 3621 3181 quod

2045 3208 2127 3263 vel
2159 3208 2319 3277 quale
2349 3215 2566 3276 tempus
2590 3205 2927 3276 signiﬁcaret
2951 3205 3003 3257 in
3030 3205 3113 3259 eis
3141 3202 3370 3273 spiritus
3391 3200 3620 3263 Christi,

2044 3302 2417 3371 pramuntiaus
2460 3314 2522 3353 ea
2562 3313 2682 3367 quae
2710 3298 2763 3351 in
2793 3297 3016 3351 Christo
3062 3304 3191 3353 sunt
3224 3298 3531 3366 passiones,
3568 3305 3623 3352 et

2044 3391 2382 3463 posteriores
2408 3388 2633 3458 glorias.
2663 3387 2877 3451 Quibus
2899 3388 3195 3442 revelatum
3215 3397 3318 3453 est,
3337 3390 3480 3458 quod
3509 3405 3620 3442 non

2034 3480 2432 3550 sibimetipsis,
2464 3478 2618 3533 vobis
2634 3486 2813 3533 autem
2834 3478 3222 3532 mznistrabant
3248 3495 3307 3532 ea
3334 3495 3455 3549 qum
3476 3496 3621 3533 nunc

2046 3573 2367 3627 annuntiata
2402 3578 2531 3626 sunt
2582 3570 2739 3625 vobis
2781 3586 2876 3640 per
2904 3586 3020 3635 eos,
3054 3571 3145 3640 qui
3204 3572 3620 3641 evangelizavc--

2044 3670 2177 3721 runt
2205 3663 2382 3727 vobis,
2423 3660 2630 3731 Spiritu
2684 3670 2875 3716 sancto
2920 3662 3087 3717 misso
3126 3662 3192 3717 dc
3223 3663 3383 3728 cmlo,
3412 3664 3463 3718 in
3498 3681 3620 3733 qum

2045 3753 2362 3810 desiderant
2392 3752 2572 3823 angeli
2606 3753 2921 3822 prospicere
2951 3755 3015 3805 ".
3060 3771 3079 3804 ι
3134 3751 3190 3808 Si
3224 3770 3353 3823 ergo
3377 3754 3535 3823 justi,
3566 3764 3620 3810 et

2046 3844 2342 3916 propheta,
2379 3852 2435 3899 et
2485 3844 2686 3914 angeli,
2719 3843 2924 3898 Christi
2969 3845 3308 3899 nativitatem
3348 3855 3403 3901 et
3440 3848 3617 3902 locum

2045 3939 2099 3993 in
2132 3952 2242 4008 quo
2273 3936 2725 4005 exoptatissimus
2757 3935 3000 4004 ejusdem
3035 3946 3186 3992 ortus
3213 3939 3460 4009 contigit,
3487 3955 3619 3993 con-

2046 4029 2184 4085 tueri
2237 4028 2651 4095 desiderabant,
2673 4038 2727 4084 et
2753 4028 3097 4096 desiderant;
3128 4031 3259 4099 quid
3292 4034 3485 4085 mirum
3513 4042 3616 4095 est,

2044 4123 2089 4177 si
2135 4136 2236 4177 nos
2286 4119 2486 4190 abjecti
2529 4121 2882 4193 minimique,
2918 4123 3011 4192 qui
3049 4123 3293 4191 ejusdem
3339 4125 3619 4193 religionis

2042 4219 2097 4265 et
2140 4208 2362 4279 pictatis
2407 4208 2724 4278 participes,
2766 4210 3192 4279 orthodoxmqne
3238 4211 3385 4276 ﬁdei,
3435 4214 3617 4266 colun-

366 4298 513 4365 jecta
572 4295 866 4364 aliquando
928 4305 1273 4348 coerceretur
1331 4292 1565 4362 spiritali
1626 4292 1739 4354 siti,
1794 4290 1934 4360 quali

2045 4303 2203 4357 redes
2241 4299 2413 4356 effecti
2461 4317 2677 4367 sumus,
2712 4301 2973 4355 ardenter
3023 4302 3169 4356 istud
3222 4303 3616 4359 desideremus.

373 4388 563 4441 forsan
638 4403 740 4442 nos
801 4388 1002 4454 modo,
1048 4401 1209 4441 arens
1277 4388 1587 4454 ardensque
1645 4385 1939 4439 salutarent

369 4493 569 4549 aquam
596 4493 661 4534 ex
703 4479 968 4543 cisterna,
994 4494 1117 4549 quin
1162 4478 1363 4532 eratin
1410 4476 1709 4540 Bethleem,
1761 4474 1944 4529 bibere

367 4570 767 4625 desiderabat?
800 4571 956 4640 Aqua
988 4579 1170 4625 autem
1203 4584 1367 4638 quam
1413 4568 1641 4640 mystice
1672 4568 1761 4621 ille
1787 4580 1943 4636 expc-

368 4666 542 4728 twbat,
593 4672 649 4719 et
678 4666 796 4718 viva
825 4674 970 4731 erat,
1010 4674 1065 4721 et
1100 4679 1293 4720 omnes
1323 4664 1417 4734 qui
1465 4678 1530 4718 ex
1562 4678 1628 4717 ea
1657 4661 1939 4724 bibebant,

366 4755 559 4810 divina
588 4756 794 4812 virtute
829 4759 983 4814 vivos
1009 4758 1326 4813 efﬁciebat:
1366 4776 1384 4809 ι
1428 4756 1486 4811 Si
1523 4756 1694 4811 scires
1727 4754 1933 4809 donum

364 4846 490 4912 Dei,
543 4866 562 4898 ι
618 4849 797 4903 aiebat
834 4849 1112 4913 Christus,
1168 4850 1291 4905 fons
1345 4849 1437 4904 ille
1491 4849 1616 4902 vita:
1654 4862 1935 4917 nunquam

363 4939 629 4995 deﬁciens
658 4941 722 4996 ad
757 4941 1158 4996 Samaritanam
1189 4959 1204 5009 ;
1240 4960 1258 4992 ι
1303 4949 1355 4996 et
1378 4941 1503 5011 quis
1544 4948 1651 5007 est,
1684 4940 1772 5010 qui
1803 4938 1939 4993 dicit

356 5028 504 5086 tibi:
548 5031 620 5084 Da
650 5032 783 5089 mihi
814 5034 1020 5100 bibere,
1077 5042 1133 5088 tu
1190 5034 1376 5091 forsan
1409 5032 1698 5103 petivisses
1749 5031 1817 5086 ab
1848 5045 1936 5095 eo,

361 5134 419 5179 et
461 5122 703 5179 dedisset
736 5125 831 5179 tibi
873 5141 1066 5195 aquam
1108 5125 1310 5181 vivant.
1342 5123 1531 5180 Omnis
1556 5124 1649 5194 qui
1693 5123 1840 5179 bibet
1871 5138 1937 5177 ex

362 5230 509 5285 aqua
569 5215 692 5280 hac,
757 5216 905 5271 sitiet
959 5218 1192 5282 iterum;
1254 5217 1344 5286 qui
1395 5226 1578 5270 autem
1632 5215 1832 5271 biberit
1873 5230 1937 5270 ex

361 5321 533 5375 aqua,
573 5322 734 5376 quam
773 5322 878 5377 ego
912 5308 1055 5362 dabo
1102 5309 1175 5372 ei,
1228 5324 1336 5363 non
1369 5309 1518 5363 sitiet
1557 5308 1610 5362 in
1650 5316 1937 5362 retentum.

360 5397 479 5454 Sed
521 5414 681 5468 aqua,
716 5415 879 5470 quam
916 5416 1017 5472 ego
1047 5400 1187 5457 dabo
1212 5401 1285 5469 ei,
1328 5404 1420 5456 ﬁet
1445 5401 1499 5456 in
1529 5415 1593 5456 eo
1619 5399 1744 5456 fons
1789 5415 1944 5474 aqua!

2044 4396 2110 4449 Et
2146 4409 2394 4464 quaenam
2427 4409 2615 4460 causa,
2653 4410 2861 4464 quaeso,
2897 4394 3142 4449 divinum
3179 4395 3457 4461 Davidem,
3493 4413 3619 4452 cum

2043 4489 2097 4537 ct
2143 4496 2438 4552 germanus
2478 4480 2832 4536 Bethlccmita
2873 4492 3055 4547 esset,
3100 4493 3388 4554 ortumque
3430 4500 3461 4540 e
3504 4486 3620 4540 dei-

2043 4578 2155 4630 fera
2184 4574 2455 4631 Bethleem
2477 4575 2701 4629 duceret
2729 4574 3081 4645 impediebat,
3111 4591 3219 4646 quo
3255 4577 3434 4632 minus
3456 4577 3621 4632 Beth-

2041 4664 2326 4719 leemiticae
2369 4664 2623 4718 cisterna:
2676 4679 2910 4733 aquam,
2970 4680 3132 4734 quant
3198 4676 3479 4735 tantopere
3517 4681 3622 4721 ex--

2040 4756 2284 4828 petebat,
2307 4762 2573 4826 tantaque
2599 4756 2859 4811 aviditate
2885 4758 3105 4811 sitiebat
3134 4758 3383 4813 biberet?
3418 4758 3618 4813 Eadem

2042 4864 2294 4920 prorsus,
2334 4864 2455 4918 quae
2478 4850 2586 4903 ‘nos
2620 4848 2725 4903 hoc
2769 4855 3049 4919 tempore;
3087 4866 3210 4905 nam
3248 4859 3300 4906 et
3331 4853 3445 4923 ipse
3476 4867 3621 4923 quo-

2044 4957 2152 5012 que
2198 4955 2352 5012 teque
2402 4954 2466 4994 ac
2516 4954 2618 4995 nos
2669 4938 2851 5003 modo,
2884 4941 2955 4993 ob
2997 4941 3247 4995 hostilem
3289 4951 3517 5007 metum,
3549 4940 3619 4996 ad

2045 5047 2258 5089 sacram
2316 5031 2591 5089 Bethleem
2654 5045 2819 5084 cursu
2879 5030 3252 5097 contendere,
3312 5044 3620 5102 aquamque

2046 5123 2397 5194 concupitam
2432 5123 2653 5178 haurire
2692 5122 3105 5192 prohibebatur.
3134 5119 3273 5189 Quid
3304 5135 3484 5178 autem
3523 5126 3624 5186 ho-

2048 5217 2181 5272 mini
2212 5216 2531 5287 contingere
2575 5224 2753 5284 potest
2800 5216 3187 5281 miserabilius,
3220 5233 3381 5289 quam
3414 5217 3619 5274 bonum

2050 5307 2420 5366 desideratum
2461 5307 2530 5361 ob
2560 5307 2748 5361 oculos
2781 5309 3019 5376 positum
3058 5309 3286 5371 hahcre,
3320 5324 3496 5378 neque
3525 5307 3623 5363 dev
3652 5345 3659 5353 -

2052 5398 2293 5455 siderato
2344 5405 2525 5450 tamen
2586 5396 2689 5451 frui
2745 5413 2909 5467 posse
2953 5415 2966 5451 :
3003 5398 3447 5468 quandoquidem
3511 5410 3625 5462 tum

446 5579 489 5614 ’³
517 5576 682 5633 Num.
711 5591 804 5641 xx,
835 5576 926 5631 η.
1010 5577 1054 5610 ’⁸
1085 5576 1240 5632 Joan.
1278 5594 1351 5643 tv,
1378 5580 1443 5635 10
1471 5595 1625 5652 seqq.
1704 5583 1757 5657 3'
1786 5579 1828 5639 ll
1861 5580 1934 5637 Ile

2036 5596 2182 5649 ltiti",
2215 5580 2304 5636 15.
2382 5578 2644 5636 “Matth.
2680 5596 2798 5647 xm,
2845 5581 2932 5637 l7.
3015 5580 3102 5633 ³⁸1
3142 5578 3287 5632 Petr.
3337 5581 3562 5649 t,8~l2.

694 5676 973 5741 Psraoc.
1020 5673 1139 5736 Gn.
1173 5674 1553 5755 LXXXVII.

3194 5673 3316 5737 1οὶ
