4058 6190
347 286 489 350 3225

354 497 489 566 μίαν
517 495 905 560 συνάπτοντες,
934 495 1034 558 τὰς
1056 496 1327 568 ἑκατέρας
1357 499 1570 569 μορφὰς
1595 497 1850 570 θεότητός
1878 511 1941 550 τε

353 589 453 642 καὶ
479 587 907 660 ἁνθρωπότητος
929 588 1038 640 τῶν
1067 587 1288 642 οίκείων
1333 587 1624 660 δογμάτων
1652 587 1943 642 ἐκϐάλλον-

351 693 468 743 τες,
509 677 607 730 καὶ
631 676 846 749 μορφὴν
877 673 1020 730 εἶναι
1047 678 1179 748 μίαν
1208 679 1444 749 Χριστοῦ
1487 677 1582 733 καὶ
1627 679 1816 732 ούσίαν
1852 677 1948 730 καὶ

357 769 522 840 φύσιν
559 769 873 842 βουλόμενοι
905 788 920 802 ο
951 771 1038 824 ἴνα
1075 771 1213 844 μήτε
1248 771 1351 844 τῆς
1405 771 1681 842 θεολογίας
1715 771 1773 824 οἷ’
1797 770 1958 838 λόγοι

359 865 680 936 ἀκραιφνεῖς
713 864 810 918 καὶ
833 865 1088 936 ἀκέραιοι
1123 865 1347 937 μένωσι,
1411 867 1548 938 μήτε
1607 866 1707 936 τῆς
1736 867 1949 922 οίκονοο

369 957 496 1029 μίας
523 956 591 1013 τά
623 957 872 1028 δόγματα
902 957 1260 1032 ἐλευθεριάζῃ
1285 959 1388 1025 τῆς
1447 961 1789 1031 Εύτυχιανῆς
1849 962 1949 1014 αύ-

369 1047 498 1112 τῶν,
535 1049 737 1119 μᾶλλον
769 1050 826 1103 δὲ
851 1051 1176 1122 δυστυχοῦς,
1197 1053 1409 1124 τροπῆς
1443 1053 1537 1107 καὶ
1604 1053 1946 1122 συγχύσεως.

383 1141 521 1194 Ἆλλ⁴
555 1142 756 1196 ἐκεῖνοι
785 1142 886 1213 μὲν
912 1144 990 1207 είς
1025 1142 1280 1208 ἀσεϐείας
1309 1143 1474 1214 βυθὸν
1505 1143 1946 1216 κυϐιστήσαντες

365 1232 744 1304 ιρυρέσθωσαν,
774 1235 871 1289 καλ⁷
895 1237 1008 1299 τοῖς
1033 1234 1131 1306 τῆς
1159 1235 1412 1300 ἀσεϐείας
1434 1236 1950 1308 περικλυζέσθωσαν

361 1326 656 1397 ῥεύμασιν.

436 1590 514 1646 Ζ’.
554 1590 745 1663 Ἡμεῖς
773 1591 829 1646 δὲ
859 1592 956 1662 τῆς
981 1593 1262 1658 εὐσεϐείας
1293 1595 1342 1648 οἱ
1395 1593 1674 1663 τρόφιμοι,
1706 1592 1802 1645 καὶ
1848 1591 1948 1662 τῆς

359 1683 592 1738 ἐκείνων
657 1683 932 1753 ἀκεφάλου
992 1686 1276 1756 τερθρείας
1321 1685 1626 1752 ἀντίπαλοι,
1683 1684 1794 1738 τῶν
1836 1700 1946 1736 πα-

1009 286 1402 370 ORA_TIO‘II.
1431 315 1499 326 --
1544 289 1628 352 IN
1666 289 1770 351 SS.
1803 277 2159 362 DEIPAIUE
2196 288 2918 353 ANNUNTIATIONEM.

353 403 517 471 φύσιν
567 398 697 470 μίαν
727 398 1279 467 ὲλαύνοντες,·ούσίας
1315 402 1417 468 τὰς
1464 402 1560 458 δύο
1588 403 1722 474 πρὸς
1747 403 1938 456 οὐσίαν

2045 401 2518 474 dispensationem
2585 403 2956 474 pertrahunt;

3499 289 3644 354 3225

3045 407 3275 455 naturas
3351 397 3512 454 binas
3581 401 3634 455 in

2049 505 2216 547 unam
2266 492 2521 564 redigant
2569 498 2846 558 naturam,
2878 489 2933 544 in
2987 487 3353 544 substantiam
3414 485 3634 541 unicam

2049 585 2391 656 coniungunt
2444 583 2582 639 duas
2641 581 3006 648 substantias,
3034 580 3311 651 duplicem
3335 587 3398 635 et
3431 578 3639 634 divini-

2049 677 2180 732 tatis
2219 684 2274 732 et
2305 674 2667 731 humanitatis
2700 672 2934 727 formam
2965 687 2994 726 a
3032 670 3270 742 propriis
3302 670 3522 740 placitis
3545 685 3635 725 ex-

2049 772 2321 837 pungunt,
2351 779 2627 833 unamque
2648 761 2852 817 Christi
2887 761 3120 815 formam
3157 768 3210 814 et
3236 759 3632 823 substantiam,

2052 871 2118 912 ac
2179 867 2431 912 naturam
2481 852 2793 918 definiunt;
2829 851 2964 906 adeo
2998 860 3059 905 ut
3114 865 3292 920 neque
3343 849 3634 920 theologia:

2051 945 2296 1002 rationes
2343 943 2574 1001 sincerae
2601 939 2744 1012 apud
2775 941 2902 994 illos
2935 947 3102 1009 atque
3133 940 3476 993 intemeratae
3515 951 3564 989 ιη
3579 951 3634 990 a-

2051 1043 2242 1103 neant,
2300 1049 2480 1106 neque
2539 1030 2971 1102 dispensationis
3036 1029 3287 1099 dogmata
3357 1027 3428 1083 ab
3483 1035 3635 1097 enly-

2051 1127 2248 1182 chiana
2283 1126 2528 1195 ipsorum
2549 1137 2644 1176 seu
2668 1121 2854 1190 potius
2887 1118 3248 1190 dystychiana
3271 1116 3637 1172 conversione

2052 1226 2216 1288 atque
2273 1213 2600 1270 confusione
2639 1217 2932 1267 serventur
2985 1201 3275 1264 immania.
3329 1207 3528 1261 Verum
3579 1205 3634 1258 in

2051 1304 2353 1377 impietatis
2375 1303 2635 1374 abyssum
2667 1301 2818 1355 ultro
2869 1297 3178 1369 praecipites
3232 1294 3446 1364 delapsi
3503 1308 3639 1348 cou-

2051 1399 2364 1456 fundantur
2389 1396 2468 1452 illi
2493 1394 2819 1468 qu-idem,et
2852 1389 3154 1462 impietatis
3203 1387 3464 1444 ﬂuctibus
3531 1386 3638 1441 cir-

2051 1495 2435 1561 cumaganlur.

2123 1577 2235 1634 Ἧι.
2267 1578 2380 1634 Nos
2409 1591 2538 1633 vero
2607 1575 2830 1648 pietatis
2861 1575 3092 1640 alumni,
3125 1571 3637 1643 acephalorumque

2053 1673 2272 1728 illorum
2307 1669 2600 1740 praestigiis
2633 1667 2866 1734 inimici,
2900 1675 3120 1738 patrum
3152 1671 3472 1719 nostrorum
3500 1661 3636 1732 dog-

356 1776 556 1850 τρῴων
583 1777 740 1848 ήμῶν
768 1755 1067 1850 δογμάτων
1082 1755 1322 1850 γνησίως
1346 1778 1604 1850 ἐχώμεθα
1632 1795 1646 1811 ’
1707 1780 1802 1833 καὶ
1835 1778 1940 1832 τῶν

2049 1771 2197 1819 mata
2226 1762 2462 1818 ﬁdeliter
2476 1775 2794 1827 servemus;
2834 1770 2886 1813 et
2911 1757 3274 1813 traditionum
3297 1755 3636 1825 apostolica.

355 1869 738 1924 ἀποστολικῶν
767 1870 1119 1941 παραδόσεων
1145 1873 1414 1944 ἄγρυπνοι
1445 1872 1730 1942 γενόμενοι
1764 1870 1937 1941 φύλα-

357 1980 477 2028 κες,
509 1963 702 2032 λόγους
729 1965 1043 2036 τριαδικοὺς
1080 1967 1462 2036 ἐπιστάμενοι,
1495 1965 1592 2018 καὶ
1615 1965 1808 2035 λόγους
1860 1966 1942 2017 oi-

356 2055 622 2126 κονομίας
685 2055 1068 2126 γινώσκοντες,
1098 2059 1194 2112 καὶ
1249 2059 1386 2130 μηδὲ
1433 2057 1654 2122 τούτους
1713 2057 1944 2119 ἐκείνοις

361 2148 708 2221 συγχέωμεν,
771 2151 911 2222 μήτε
970 2149 1180 2214 τούτοις
1235 2151 1482 2216 ἐκείνους
1534 2150 1939 2222 συμφύρωμεν,

363 2241 476 2296 ἀλλ’
511 2242 763 2306 ἑκάστοις
791 2243 854 2296 τὸ
887 2243 1097 2315 πρέπον
1147 2235 1498 2316 ἁρμόξωμεν,
1529 2244 1622 2297 καὶ
1649 2243 1814 2297 τόπον
1851 2241 1943 2296 καὶ

359 2332 562 2404 τρόπον
619 2334 713 2387 καὶ
770 2334 961 2406 καιρὸν
984 2335 1334 2406 ἀφορίζωμεν
1359 2335 1379 2366 ⁷
1445 2335 1598 2388 ἴδιον.
1636 2335 1746 2388 Καὶ
1767 2333 1941 2397 οὕτως

357 2424 468 2491 ἕξω
525 2425 840 2481 σκανδάλων
892 2426 1150 2496 ἐσόμεθα,
1214 2427 1310 2480 καὶ
1387 2425 1596 2498 πλάνης
1646 2424 1944 2497 αἱρετικῶν

356 2515 740 2585 ἇκοινώνητοι,
773 2517 868 2571 καὶ¹
905 2517 1100 2587 μανίας
1127 2517 1457 2590 ἑτεροδόξων
1489 2515 1766 2588 ἐλεύθεροι
1799 2534 1814 2549 ⁶
1845 2515 1942 2570 καὶ

357 2605 455 2660 ἐπὶ
483 2606 582 2677 τῆς
633 2606 816 2661 ἐνθέου
881 2607 1197 2678 στησόμεθα
1241 2609 1500 2673 πίστεως,
1543 2609 1648 2662 ὑπὸ
1714 2608 1944 2679 μηδενὸς

354 2697 470 2752 τῶν
499 2697 752 2770 πονηρῶν
779 2700 1106 2769 πνευμάτων
1160 2701 1572 2772 στροϐούμενοι,
1607 2700 1742 2771 μηδὲ
1803 2701 1943 2773 πρὸς

357 2789 576 2852 ἑννοίας
611 2791 859 2862 πονηρὰς
890 2792 1274 2864 ἐκφερόμενοι,
1307 2795 1386 2856 εἰς
1411 2793 1477 2858 ἃς
1504 2793 1662 2866 ἡμῶν
1693 2793 1944 2858 ἐλεεινῶς

355 2884 411 2936 οἱ
439 2882 746 2952 ἀντίπαλοι,
795 2883 856 2936 τὸ
887 2885 1108 2938 ἑστάναι
1164 2884 1346 2948 καλῶς
1376 2885 1789 2956 παρωσάμενοι,
1846 2886 1944 2938 καὶ

355 2971 420 3028 τὸ
453 2973 743 3044 φυλάττειν
767 2974 998 3042 ἀφέντες
1026 2974 1286 3046 ἀσφαλῶς
1323 2975 1422 3046 τὴν
1482 2974 1744 3046 πατρῴαν
1783 2975 1934 3030 εύσέ-

2047 1869 2166 1911 rum
2222 1855 2483 1912 custodes
2535 1854 2730 1926 vigiles
2789 1851 2996 1918 effecti,
3077 1865 3201 1906 cum
3267 1849 3514 1904 rationes
3569 1846 3639 1902 ad

2046 1945 2370 2017 Trinitatem
2387 1946 2727 2017 pertinentes
2753 1944 3053 2000 habeamus
3070 1950 3410 2014 perspectas,
3437 1949 3491 1995 et
3517 1951 3638 2010 quae

2047 2043 2159 2098 sint
2215 2039 2650 2112 dispensationis
2703 2039 2950 2094 rationes
3003 2038 3270 2102 sciamus,
3318 2033 3500 2104 neque
3534 2033 3638 2088 has

2045 2115 2171 2190 eum
2219 2134 2326 2188 illis
2385 2131 2815 2195 confundamns,
2871 2143 3052 2198 neque
3112 2122 3200 2184 liis
3259 2126 3381 2183 illas
3411 2124 3640 2180 commi-

2044 2241 2331 2292 seeamus;
2379 2223 2471 2280 sed
2527 2222 2762 2292 singulis
2817 2221 3154 2292 quibusque,
3207 2219 3354 2289 quod
3417 2231 3516 2287 par
3540 2217 3634 2278 sit,

2045 2316 2392 2386 adaptemus,
2416 2323 2693 2380 suumque
2720 2310 2934 2375 locum,
2973 2315 3026 2364 et
3063 2307 3308 2371 modum,
3342 2312 3396 2360 et
3421 2313 3636 2374 tempus

2047 2408 2332 2480 proprium
2383 2405 2742 2462 delluiamus.
2781 2401 2849 2457 Et
2868 2402 2950 2458 sic
2979 2417 3009 2455 a
3038 2399 3319 2456 scandalis
3347 2399 3509 2468 longe
3543 2413 3633 2452 rc-

2047 2502 2206 2566 moti,
2228 2508 2284 2557 et
2321 2499 2390 2555 ab
2429 2498 2820 2554 haereticorum
2854 2494 3301 2551 aberrationibus
3336 2492 3632 2556 immunes,

2045 2605 2099 2650 et
2130 2594 2198 2649 ab
2225 2591 2691 2648 heterodoxorum
2755 2587 2974 2644 insania
3021 2585 3182 2640 liberi
3219 2584 3460 2651 erimus;
3490 2583 3635 2638 divi-

2045 2700 2227 2757 naque
2251 2686 2305 2740 in
2347 2684 2454 2740 (ide
2483 2688 2808 2739 constanter
2854 2679 3249 2752 persistentes,
3285 2690 3636 2748 nequaquam

2047 2778 2116 2832 ab
2139 2777 2267 2832 ullis
2310 2774 2470 2830 malis
2517 2771 2804 2844 spiritibus
2855 2771 3320 2840 circumagemur,
3366 2780 3546 2836 neque
3581 2765 3636 2817 in

2045 2883 2305 2940 perversa
2341 2866 2434 2921 illa
2473 2865 2730 2938 ﬁgmenta
2758 2863 3164 2935 pertrahemnr,
3190 2861 3245 2914 in
3287 2872 3408 2928 qua:
3443 2857 3637 2910 adver-

2047 2963 2179 3019 sarii
2205 2961 2404 3026 nostri,
2421 2959 2552 3014 dum
2577 2959 2723 3015 felici
2747 2956 2858 3012 frui
2879 2955 3180 3013 stabilitate
3202 2951 3634 3024 parvipenduut,

359 3067 536 3128 ϐειαν,
587 3067 1004 3139 ἐμπεπτώκασι,
1039 3070 1135 3122 καὶ
1193 3068 1448 3134 ὀλώλασι,
1489 3069 1583 3123 καὶ
1618 3069 1940 3135 δυσσεϐείας

2048 3063 2442 3126 paternamque
2473 3052 2733 3123 pietatem
2788 3049 3082 3119 diligenter
3137 3043 3420 3101 custodire
3465 3041 3640 3113 negli-

358 3161 646 3232 αίρετικῆς
675 3161 1093 3227 κλυδωνίζονται
1122 3160 1388 3231 κύμασιν.

427 3339 514 3394 ιιι.
549 3337 762 3392 Ούκοῦν
794 3337 1000 3392 τούτων
1027 3339 1191 3410 ἡμεῖς
1217 3337 1402 3404 καλῶς
1435 3341 1778 3410 πεφευγότες
1841 3343 1940 3412 τῆς

360 3431 616 3495 ἀσεϐείας
639 3432 740 3503 τὴν
769 3431 1027 3496 ἄϐυσσον,
1052 3431 1148 3484 καὶ
1175 3432 1268 3486 ἐπὶ
1315 3431 1416 3502 τῆς
1442 3432 1695 3486 άσείστου
1725 3423 1932 3504 πέτρας

367 3523 460 3592 τῆς
486 3523 724 3586 πίστεως
753 3523 850 3576 σὺν
879 3524 1150 3596 ἀσφαλείᾳ
1179 3526 1308 3590 τοὺς
1361 3525 1529 3603 πόδας
1590 3525 1937 3596 ἐρείσαντες,

365 3615 456 3668 καὶ
507 3618 590 3680 εἰς
628 3615 752 3688 ὅρος
783 3616 986 3688 ὑψηλὸν
1039 3617 1444 3682 ἀναϐαίνοντες,
1503 3619 1598 3672 καὶ
1625 3620 1712 3672 ἐπ’
1747 3619 1934 3690 ἄκρων

359 3703 646 3776 διγμάτων
669 3707 945 3778 ίστάμενοι
969 3707 1109 3762 κατά
1137 3709 1204 3763 τὰ
1229 3708 1560 3779 εὐαγγελικά
1591 3709 1688 3764 καί
1719 3727 1940 3781 προφη-

356 3798 488 3851 τικά
523 3797 889 3868 διατάγματα,
920 3799 1014 3852 καὶ
1043 3799 1142 3871 τὴν
1168 3801 1375 3872 φωνὴν,
1429 3800 1504 3867 ὡς
1542 3801 1728 3865 σθένος
1783 3803 1937 3872 ἡμῖν,

359 3889 567 3958 μᾶλλον
621 3891 678 3944 δὲ
724 3891 798 3954 ὡς
817 3891 931 3962 δοίη
964 3891 1118 3956 Θεὸς,
1165 3893 1569 3963 ἀνυψὼσαντες,
1607 3893 1938 3963 Εὑαγγὲλια,

357 3979 674 4048 εὐαγγέλια,
696 3981 1013 4050 κράξωμεν,
1037 3983 1130 4036 καὶ
1147 3984 1312 4041 πάλιν
1367 3987 1568 4056 φαμὲν,
1602 3986 1936 4054 Εύαγγέλια,

359 4071 456 4124 καὶ
483 4071 584 4141 τῆς
603 4072 831 4144 Τριάδος
854 4074 914 4126 τὸ
937 4074 1098 4138 σέϐας
1127 4076 1498 4147 γεραίροντες,
1535 4079 1630 4132 καὶ
1681 4079 1776 4132 τοῦ
1838 4079 1938 4148 τῆς

357 4160 591 4232 Τριὰδος
617 4163 736 4228 ἐνὸς
767 4163 900 4218 Θεοῦ
928 4167 1103 4236 Λόγου
1127 4166 1226 4238 τὴν
1277 4168 1414 4238 πρὸς
1455 4170 1603 4240 ἡμᾶς
1665 4171 1941 4238 συγκατά-

357 4256 519 4310 ϐασιν
542 4256 778 4328 ᾄδοντες.
814 4259 1000 4313 Ταῦτα
1033 4261 1140 4330 γάρ
1161 4262 1307 4314 ἐστιν
1350 4262 1528 4334 ἡμῶν,
1574 4263 1816 4332 ἀδελφοὶ,
1871 4265 1941 4317 τὰ

357 4341 696 4418 εὐαγγέλια,
729 4350 871 4422 άπερ
922 4355 1035 4416 τοῖς
1083 4354 1430 4418 πιστοτάτοις
1473 4354 1602 4425 ὑμῖν
1651 4355 1938 4424 εὐαγγελί-

2042 3155 2199 3219 gunt,
2255 3144 2648 3200 miserabiliter
2701 3142 2944 3212 prolapsi
3007 3146 3160 3205 sunt,
3219 3147 3274 3193 et
3327 3135 3636 3206 perierunt,

2043 3249 2209 3308 atque
2235 3237 2505 3292 haeretica:
2537 3233 2843 3303 impietatis
2868 3230 3129 3286 ﬂuctibus
3156 3229 3466 3300 iactantur.

2112 3325 2252 3383 VIII.
2286 3326 2558 3393 Quoniam
2591 3326 2780 3394 itaque
2806 3323 3110 3394 impietatis
3144 3335 3342 3376 eorum
3371 3321 3636 3391 abyssum

2045 3419 2276 3476 feliciter
2306 3415 2696 3480 devitavimus,
2727 3430 2793 3470 ac
2815 3428 2984 3484 super
3016 3413 3353 3466 inconcussa
3385 3411 3510 3465 lidei
3541 3425 3638 3480 pe-

2042 3520 2128 3568 tra
2186 3508 2382 3567 secure
2435 3507 2630 3580 pedem
2692 3506 2994 3577 derigentes
3053 3511 3301 3558 montem
3355 3502 3636 3554 excelsum

2041 3603 2490 3664 conscendimus,
2525 3609 2693 3670 atque
2749 3599 2806 3654 in
2853 3596 3086 3654 summis
3136 3594 3494 3664 dogmatibus
3544 3605 3636 3646 se-

2042 3694 2284 3751 cundum
2315 3691 2634 3762 evangelica
2685 3698 2742 3744 et
2785 3687 3108 3760 prophetica
3143 3685 3475 3740 documenta
3503 3696 3639 3736 con—

2041 3787 2290 3842 sistimus
2309 3801 2324 3850 ;
2343 3783 2456 3854 jam
2471 3789 2526 3837 et
2540 3796 2754 3846 vocem,
2778 3787 2944 3851 prout
2966 3779 3112 3833 vires
3133 3777 3294 3832 nobis
3313 3782 3634 3848 suppetunt,

2042 3895 2138 3936 seu
2183 3879 2366 3948 potius
2410 3883 2575 3946 prout
2606 3873 2752 3928 Deus
2788 3871 3030 3936 dederit,
3064 3871 3390 3926 attollentes
3433 3872 3640 3925 clame-

2040 3986 2212 4028 mus:
2258 3989 2278 4023 ι
2322 3969 2534 4024 Bonum
2577 3967 2860 4031 nuntium,
2903 3966 3114 4022 bonum
3157 3965 3436 4029 nuntium,
3477 3982 3497 4015 ι
3532 3964 3632 4019 ite-

2044 4076 2274 4134 rumque
2299 4061 2554 4116 dicamus
2584 4075 2598 4111 :
2642 4075 2662 4110 ι
2702 4059 2915 4114 Bonum
2945 4058 3228 4124 nuntium,
3259 4075 3278 4109 ι
3310 4065 3366 4111 et
3393 4055 3636 4110 Trinita-

2042 4156 2114 4212 tis
2135 4169 2331 4225 nempe
2361 4153 2594 4225 gloriam
2629 4151 2998 4216 celebrantes,
3033 4159 3086 4206 et
3124 4151 3214 4204 Dei
3253 4148 3635 4212 Verbi,uuius

2041 4245 2109 4301 de
2137 4245 2436 4311 Trinitate,
2467 4242 2884 4298 misericordem
2918 4241 2984 4296 ad
3015 4255 3116 4296 nos
3153 4241 3483 4296 descensum
3527 4241 3639 4293 lau-

2038 4337 2208 4394 dibus
2259 4343 2682 4408 prosequentes.
2729 4335 2846 4389 Hoc
2893 4334 3040 4388 enim
3091 4341 3200 4398 est,
3251 4333 3469 4394 fratres,
3509 4329 3637 4385 felix

358 4438 550 4504 ζεσθαι
585 4439 1034 4512 προεληλύθαμέν
1081 4461 1139 4497 τε
1179 4444 1276 4498 κοιλ⁵
1306 4443 1597 4516 κηρύττειν
1625 4444 1932 4518 βουλόμεθα

2045 4433 2298 4488 nuntium
2325 4440 2601 4501 nostrum,
2629 4429 2777 4500 quod
2813 4438 2872 4483 ut
2902 4427 3061 4484 vobis
3099 4426 3436 4483 fidelissimis
3458 4426 3640 4482 fausto

359 4531 628 4602 σήμερον.

427 4709 540 4764 Καὶ
562 4709 662 4781 τὴν
693 4711 720 4762 ύ
729 4711 844 4782 μῶν
861 4711 1080 4782 ἀγάπην
1096 4715 1494 4786 προτρέπομεν,
1521 4715 1721 4786 ἑαυτὴν
1739 4715 1940 4786 εὐπρε-

357 4803 479 4866 πῶς
508 4805 991 4874 καθαρίσασαν,τά
1019 4807 1242 4859 τοιαῦτα
1271 4807 1426 4877 ἡμῶν
1452 4809 1744 4876 εὐαγγέλια
1776 4809 1938 4872 δέξα-

355 4893 509 4948 σθαι.
539 4895 643 4944 Τὸν
687 4897 815 4965 γὰρ,
847 4895 922 4960 ὡς
951 4899 1146 4968 χρεὼν,
1198 4898 1388 4951 ἑαυτὸν
1422 4899 1818 4968 καθαρίσαντα,
1868 4900 1928 4952 ού

355 4983 726 5054 βδελύττεται,
765 4983 885 5038 οὐδὲ
942 4985 1048 5055 μὴν
1073 4986 1472 5056 ἀποστρέφεται
1518 4987 1677 5040 ταυτὶ
1713 4985 1782 5038 τὰ
1815 4987 1934 5056 ἱερὰ

353 5075 515 5148 ἡμῶν
542 5076 835 5144 εὐαγγέλια
862 5093 878 5106 ·
903 5077 1038 5128 ἀλλὰ
1066 5078 1232 5148 μονὴν
1265 5079 1394 5148 παρ’
1457 5079 1606 5148 αύτῷ
1653 5081 1883 5131 ποιεῖται
1914 5079 1935 5111 ⁸

355 5169 651 5239 σωτήριον,
684 5171 780 5238 καὶ,
802 5168 976 5236 φωτὸς
999 5170 1164 5222 αὐτὸν
1193 5171 1392 5241 πληροῖ
1444 5172 1538 5224 καὶ
1594 5170 1936 5241 ὲλλάμψεως,

352 5263 454 5315 καὶ
473 5261 610 5314 Θεοῦ
640 5262 782 5315 θεῖον
812 5263 1104 5334 ἐργάζεται
1133 5265 1378 5334 τέμενος,
1413 5264 1510 5336 τὴν
1541 5264 1703 5334 φύσιν
1735 5265 1943 5336 ἄνθρω-

353 5370 464 5407 πον
495 5355 594 5425 μὲν
623 5355 766 5418 ὄντα,
801 5358 896 5410 καὶ
920 5356 1252 5412 πλουτοῦντα
1309 5357 1442 5411 Θεοῦ
1488 5358 1586 5428 τὴν
1609 5357 1930 5430 ἐμφάνειαν.

2037 4527 2224 4581 omine
2246 4524 2577 4579 aderremus
2634 4531 2690 4577 et
2723 4523 2791 4576 .in
2827 4521 3150 4576 concionem
3184 4519 3552 4590 prodivimus,
3586 4527 3641 4574 et

2038 4617 2202 4672 verba
2236 4614 2416 4670 facere
2434 4613 2701 4670 hodierna
2729 4613 2818 4668 die
2845 4611 3212 4667 instituimus.

2110 4707 2361 4764 Vestram
2412 4716 2592 4763 autem
2629 4707 2963 4762 charitatem
3023 4705 3330 4770 hortamur,
3379 4711 3459 4767 ut,
3513 4717 3641 4756 vos-

2039 4807 2304 4876 metipsos
2361 4804 2760 4860 convenienter
2834 4800 3215 4872 puriﬁcantes,
3273 4800 3340 4854 ad
3395 4799 3634 4855 faustam

1982 4890 1988 4896 ’
2044 4897 2184 4950 hanc
2231 4902 2484 4950 nostram
2535 4892 3019 4948 annuntiationcm
3066 4890 3448 4962 excipiendam
3479 4897 3636 4960 aptos

2037 4987 2366 5044 exhibeatis.
2410 4977 2747 5047 Ettm'euim,
2781 4985 2877 5056 qui
2933 4993 3128 5048 semet,
3176 4985 3357 5053 prouti
3393 4992 3638 5052 oportet,

2039 5080 2444 5141 etuundaverit,
2479 5094 2639 5134 sacra
2687 5078 2802 5132 haec
2833 5091 3023 5132 nosua
3057 5076 3378 5130 felicissima
3419 5089 3637 5126 annun-

2009 5146 2201 5226 ‘tiatio
2247 5187 2354 5225 non
2414 5170 2579 5224 taedio
2641 5167 2835 5231 afﬁcit,
2892 5184 3074 5238 neque
3115 5184 3248 5223 sane
3295 5174 3482 5231 arcet;
3538 5163 3634 5218 sed

2034 5265 2388 5325 mansionem
2425 5263 2569 5334 apud
2633 5263 2812 5333 ipsum
2873 5261 3004 5318 facit
3049 5262 3372 5326 salutarem,
3421 5275 3484 5314 ac
3514 5259 3637 5314 luce

2042 5358 2219 5426 ipsum
2243 5365 2408 5425 atque
2441 5355 2718 5410 charitate
2747 5355 2962 5425 implet.
2995 5370 3255 5426 cumque,
3285 5362 3410 5408 utut
3433 5360 3636 5406 natura

356 5447 642 5502 hominem
667 5449 1044 5514 οχεὶειοιιιοιη,
1075 5462 1366 5520 augustum
1395 5451 1620 5507 deitatis
1652 5453 1938 5523 templum,
1976 5466 2039 5506 ac
2073 5450 2536 5519 splendidissima:
2582 5449 2676 5506 Dei
2729 5449 3034 5520 praesentia:
3118 5463 3348 5506 munere
3414 5445 3636 5504 divitem

357 5537 556 5595 efficit.

464 5746 490 5779 ’
532 5746 667 5803 Cod.
697 5748 1052 5820 ἀφορῖζομεν.
1170 5753 1189 5785 ⁸
1215 5753 1348 5810 Cod.
1377 5754 1618 5824 ποιῆται.

1661 5663 1745 5720 VA
1759 5665 1894 5751 lll._E
1937 5668 2349 5734 LECTIONES.
