4022 6206
418 317 560 382 3227

1272 321 1333 382 S.
1373 320 1790 382 SOPHRONII
1826 320 2335 382 PATRIARCHiE
2374 320 2783 385 HIEROSOL.

3548 324 3696 392 39.28

494 430 697 489 Omnes
731 431 913 502 itaque
944 430 1253 496 convenite,
1283 446 1478 489 omnes
1503 431 1777 499 festinate,
1805 449 1998 492 omnes

2172 437 2380 500 Πάντες
2426 434 2791 506 ἀθροίζεσθε,,
2829 432 3050 506 πάντες⁵
3099 432 3432 501 συνάγεσθε,.
3482 436 3693 501 παντες

422 525 758 589 concurrite,
815 538 1008 578 omnes
1078 523 1395 591 convolate,
1438 538 1634 581 omnes
1672 527 2001 584 alterutrum

426 616 736 689 pnevcnite,
772 613 1036 669 columbae
1068 613 1223 669 vobis
1274 630 1483 684 pennas
1515 616 1829 684 induentes,
1860 626 1919 673 ut
1947 627 2004 675 et

422 709 638 772 voletis,
670 714 724 761 et
775 705 1007 760 feliciter
1042 704 1098 760 in
1136 705 1355 761 Christo
1386 709 1687 778 quiescatis
1718 708 1760 771 ⁸.
1797 710 1883 765 vel
1912 724 2005 766 as-

421 806 704 856 sumentes
738 797 1100 852 velocissima:
1145 813 1365 869 caprea}
1408 801 1598 869 pedes,
1661 811 1719 855 ut
1754 803 2003 858 caelestia

422 890 615 947 nuntia
645 889 871 944 auribus
898 887 1151 959 excipere
1183 892 1439 961 possitis;
1469 902 1530 947 ut
1560 894 1751 962 angelo
1802 893 2004 949 felicis-

425 982 565 1037 sima
616 980 806 1034 nuntia
838 980 1119 1035 enarranti
1158 981 1437 1045 credatis;
1468 992 1528 1037 ut
1581 983 2003 1038 annuntiantem

424 1070 519 1125 Dei
557 1071 626 1125 ad
662 1070 1219 1126 hominesadventum
1258 1071 1365 1140 piis
1384 1072 1614 1127 auribus
1637 1073 2001 1141 auscultetis;

426 1172 485 1218 ut
528 1163 763 1232 denique
800 1178 902 1217 nos
936 1178 1153 1233 quoque
1197 1172 1525 1218 conventum
1575 1164 1721 1220 hunc
1756 1174 2003 1221 vestrum

426 1262 716 1309 cernentes
756 1255 1017 1320 alacrem,
1066 1263 1382 1325 coetumque
1419 1255 1485 1309 ad
1511 1256 1775 1325 praecelsa
1816 1259 2005 1313 nuntia

426 1350 618 1398 nostra
673 1342 944 1398 audienda
986 1344 1423 1412 paratissimum,
1453 1343 1758 1413 gaudentes
1800 1347 2007 1414 pariter

426 1444 591 1505 atque
630 1435 972 1491 exsultantes
1027 1435 1266 1489 clamare
1324 1435 1601 1504 possimus
1647 1453 1662 1490 :
1724 1453 1742 1487 ι
1795 1434 2004 1491 Bonum

426 1529 703 1590 nuntium,
737 1527 938 1581 bonum
972 1528 1255 1589 nuntium.
1284 1527 1490 1581 bonum
1518 1527 1828 1590 nuntium,»
1852 1534 2006 1582 terna

2107 525 2459 590 σπουδάζετε,
2487 524 2689 586 πάντες
2741 521 3017 586 συνθέετε.
3042 502 3279 587 ἱπείίντες
3334 524 3684 596 συντρέχετε,

2105 616 2307 680 πάντες
2352 615 2597 687 ἀλλήλων
2643 612 2996 686 προτρέχετε,
3075 616 3410 686 περιστερᾶς
3463 616 3689 681 ἑαυτοῖς

2106 707 2453 778 περιθέμενοι
2501 705 2818 774 πτέρυγας·
2874 705 3024 768 ὅπως
3064 705 3159 758 καὶ
3226 705 3693 774 πετασθήσοισθε,

2104 800 2199 854 καὶ⁸
2234 799 2412 863 καλῶς
2438 799 2528 853 ἐπὶ
2550 797 2787 867 Χριστὸν
2818 797 3231 852 καταπαύσοιτε
3254 814 3269 828 ο
3314 798 3348 870 ἢ
3404 799 3573 863 πόδας
3597 798 3690 853 εὐ-

2104 889 2409 963 δρομούσης
2431 889 2688 961 δορκάδος
2710 888 3020 960 δεξάμενοι,
3053 888 3142 942 ῖνα
3197 888 3465 960 οὐρανίων
3522 891 3693 954 εὐαγε-

2105 980 2300 1049 γελίων
2344 980 2651 1044 ἁκούσοιτε,
2714 980 2784 1034 ἶν’
2816 981 3049 1049 ἀγγέλου
3106 979 3403 1049 εὐαγγέλια
3429 980 3689 1050 λέγοντος

2106 1068 2404 1135 πείθοισθε,
2454 1070 2542 1124 ἵνα
2598 1068 2733 1124 Θεοῦ
2783 1070 2920 1143 πρὸς
2978 1069 3302 1141 ἀνθρώπους
3348 1070 3687 1140 ἀγγέλλοντα

2105 1160 2287 1228 ἄφιξιν
2320 1160 2590 1231 φιλοθέοις
2615 1163 2807 1226 ἀκοαῖς
2851 1162 3234 1233 ὰκροάσοισθε,
3274 1163 3361 1217 ῖνα
3388 1164 3483 1218 καὶ
3522 1167 3687 1237 ἡμεῖς

2106 1250 2339 1319 ὁρῶντες
2368 1251 2522 1321 ὑμῶν
2555 1252 2653 1321 τὴν
2681 1252 2858 1317 ὀξεῖαν
2884 1252 3254 1324 συνάθροισιν,
3293 1255 3390 1308 καὶ
3419 1257 3518 1327 τὴν
3544 1256 3685 1327 πρὸς

2106 1342 2370 1411 ἀκρόασιν
2400 1342 2511 1396 τῶν
2536 1342 2757 1413 ὑψηλῶν
2788 1343 2942 1413 ήμῶν
2976 1342 3315 1413 εὐαγγελίων
3396 1347 3680 1418 προθυμο-

2105 1433 2274 1505 τάτην
2306 1433 2639 1500 συνέλευσιν,
2687 1434 2972 1505 χαίροντες
3034 1436 3171 1505 ὁμοῦ
3214 1438 3309 1491 καὶ
3360 1438 3687 1509 γαννύμενοι

2108 1524 2435 1597 κράζωμεν·
2495 1526 2822 1594 Εὐαγγέλια,
2880 1528 3196 1596 εὐαγγέλια,
3231 1528 3549 1598 εὐαγγέλια,
3603 1529 3686 1602 τῷ

427 1618 607 1673 felicis
656 1617 834 1671 nuntii
883 1616 1319 1686 proclamatione
1374 1616 1535 1671 iidem
1571 1623 1817 1671 nostram
1854 1631 2011 1671 com-

2108 1618 2317 1689 τρισσῷ
2347 1617 2437 1670 τοῦ
2468 1617 2821 1690 κηρύγματος
2845 1618 2950 1673 τῶν
2977 1618 3307 1689 εὐαγγελίων
3340 1619 3687 1691 βεϐαιοῦντες

425 1711 743 1780 probantes.

2109 1710 2207 1777 τὴν
2235 1708 2517 1762 πίστωσιν.

496 1801 589 1857 lX.
642 1803 707 1857 Et
745 1818 876 1859 sane
929 1812 1059 1858 tunc
1108 1801 1314 1857 veritas
1342 1800 1594 1873 emergit,
1649 1800 1999 1858 mendacium

2180 1800 2257 1854 9'.
2323 1799 2492 1853 Ἔνθα
2522 1799 2687 1871 γὰρὴ
2746 1798 2974 1869 ἀλήθεια
3031 1799 3298 1870 πρόεισιν,
3336 1800 3460 1856 οὐτε
3489 1802 3686 1875 ψεῦδός

425 1903 606 1950 autem
668 1909 951 1965 nunquam
1001 1894 1274 1964 praevalet,
1318 1908 1499 1964 neque
1563 1892 2003 1953 infaustissimus

423 1986 794 2041 incredulitati
839 1985 1021 2041 aditus
1059 2000 1289 2056 prorsus
1331 1985 1627 2056 aperietur.
1667 1985 1816 2041 Nihil
1853 1988 2002 2042 enim

421 2079 797 2148 perniciosum
854 2078 1053 2148 magis,
1112 2092 1276 2148 quam
1322 2076 1681 2133 incredulitas
1736 2077 2003 2134 adversus

422 2170 584 2226 effata
640 2170 853 2225 divina.
899 2168 1197 2239 Propterea
1235 2167 1408 2225 Judaei
1475 2170 1531 2225 in
1579 2185 1823 2242 praeceps
1892 2170 2002 2227 acti

422 2269 593 2329 sunt;
669 2269 958 2332 propterea
1017 2261 1351 2316 aberrarunt
1417 2260 1701 2316 Samaritae
1773 2280 1788 2317 :
1869 2277 2001 2333 pro-

419 2362 605 2424 pterea
670 2354 726 2408 in
779 2353 1018 2409 tenebris
1067 2362 1354 2410 versantur
1394 2352 1661 2421 gentiles;
1711 2360 1999 2426 propterea

416 2443 663 2501 haeretici
692 2450 1055 2511 corruerunt;
1089 2443 1218 2514 quia
1242 2459 1366 2498 cum
1390 2442 1485 2499 Dei
1516 2444 1811 2516 evangeliis
1841 2444 2001 2501 Iidem

417 2538 777 2607 denegat-ent,
815 2550 995 2606 neque
1030 2534 1239 2591 divinis
1258 2535 1505 2590 oraculis
1539 2536 1999 2607 obsequerentur,

416 2634 516 2689 sed
555 2632 915 2701 pertinaciter
960 2640 1015 2687 et
1041 2630 1325 2686 hostiliter
1359 2629 1552 2685 eadem
1588 2630 2003 2701 impugnarent,

415 2723 597 2779 anima
629 2722 795 2778 simul
842 2730 899 2777 et
941 2735 1174 2792 corpore
1222 2720 1520 2787 demortui,
1577 2731 1742 2790 atque
1781 2732 2003 2778 aeterna:

411 2815 544 2871 vitae
565 2822 839 2884 expertes,
874 2827 1125 2882 veraeque
1166 2812 1306 2868 lucis
1335 2820 1584 2869 exsortes
1612 2813 1816 2883 reperti
1846 2820 1998 2869 sunt.

414 2904 704 2977 Nunquam
733 2906 877 2962 enim
895 2905 1264 2971 mendacium,
1290 2920 1465 2977 usque
1487 2905 1615 2959 dum
1650 2906 2000 2961 mendacium

414 3005 502 3055 est
534 3007 590 3054 et
638 2998 1011 3069 cognoscitur,
1066 2997 1356 3052 veritatem
1409 2996 1761 3068 assequitur;
1820 3012 2002 3067 neque

2107 1910 2236 1946 ποτε
2252 1880 2619 1956 πολιτεύεται,
2655 1889 2778 1944 οὐτε
2820 1890 3045 1947 ἀπιστία
3073 1891 3256 1963 χώραν
3282 1892 3397 1958 ἔξει
3416 1895 3685 1967 κακίστης

2105 1989 2395 2051 εἰσδόσεως
2428 2004 2441 2017 ’
2481 1986 2738 2051 ἀπιστίας
2768 1986 2875 2057 γὰρ
2900 1986 3053 2041 οὐδὲν
3084 1988 3222 2059 πρὸς
3247 1987 3440 2057 λόγους
3468 1989 3686 2055 θεῖκούς

2104 2080 2504 2154 χαλεπώτερον.
2538 2079 2729 2135 Ἔνθεν
2790 2080 3032 2134 Ἰουδαῖοι
3093 2080 3444 2137 πεπτώκασιν
3472 2099 3488 2115 ο
3530 2082 3684 2137 ἔνθεν

2104 2174 2445 2244 Σαμαρεῖται
2476 2171 2850 2243 πεπλάνηνται
2887 2188 2901 2204 ο
2926 2171 3076 2225 ἐνθεν
3110 2171 3369 2242 Ἕλληνες
3416 2175 3474 2229 ὲν
3498 2174 3680 2229 σκότει

2103 2263 2380 2330 διάγουσιν
2409 2279 2424 2294 ο
2461 2261 2613 2315 ἔνθεν
2644 2262 2912 2333 αἱρετικοὶ
2943 2261 3380 2334 κατεϐλήθησαν,
3441 2264 3679 2334 εὐαγγε-

2102 2355 2237 2419 λίοις
2267 2354 2404 2409 Θεοῦ
2446 2354 2521 2427 μὴ
2575 2353 2985 2420 πιστεύσαντες,
3033 2354 3370 2424 εὐαγγελίοις
3427 2354 3563 2409 Θεοῦ
3603 2356 3681 2429 μὴ

2103 2449 2443 2515 ύπείξαντες,
2467 2448 2737 2502 ἀντίθετοι
2762 2465 2821 2501 τε
2887 2447 2984 2502 καὶ
3029 2446 3314 2501 ἀντίπαλοι
3373 2446 3681 2518 μείναντες,

2101 2539 2197 2594 καὶ
2246 2537 2633 2610 νεκρωθέντες,
2681 2536 2884 2608 ψυχαῖς
2904 2555 2961 2591 τε
2993 2539 3087 2593 καὶ
3131 2537 3371 2609 σώμασι,
3430 2538 3526 2592 καὶ
3571 2537 3676 2609 τῆς

2102 2631 2321 2685 αἰωνίου
2354 2629 2499 2701 ζωῆς
2524 2631 2900 2698 ἀκοινώνητοι,
2931 2629 3026 2686 καὶ
3061 2628 3155 2682 τοῦ
3206 2628 3462 2699 ἀληθινοῦ
3498 2612 3678 2699 φωτὸς

2102 2720 2363 2792 φανέντες
2407 2719 2686 2790 ἀμέτοχοι.
2739 2719 2814 2772 Οὐ
2846 2720 2956 2791 γὰρ
3016 2718 3427 2790 καταλαμϐάνει
3482 2718 3682 2789 ψεῦδός

2102 2827 2233 2864 ποτε
2252 2811 2352 2881 τὴν
2381 2810 2660 2880 ἀλήθειαν,
2693 2808 2798 2875 ἕως
2827 2803 2886 2863 οῦ
2908 2808 3102 2879 ψεῦδός
3149 2811 3267 2862 ἐστι
3298 2810 3393 2864 καλ⁵
3416 2809 3681 2878 γινώσκε-

2101 2920 2193 2957 ται
2227 2918 2240 2933 ⁸
2302 2902 2424 2956 οὐδὲ
2478 2901 2668 2956 σκοτία
2724 2900 3021 2972 φωτίζεται
3072 2901 3315 2967 πώποτε,
3344 2901 3450 2965 ἕως
3483 2901 3680 2966 σκότος

2102 2995 2220 3050 ἐστὶ
2242 2996 2339 3049 καὶ
2370 2993 2641 3065 ὲζόφωται
2666 2996 2710 3059 ⁸,
2739 2994 2836 3048 καὶ
2863 2994 3135 3058 παντοίως
3185 2996 3407 3067 ἀμοιρεῖ
3427 2995 3470 3027 ¹⁶
3503 3011 3683 3064 φωτο-

416 3089 676 3152 tenebrae,
703 3104 991 3160 quousque
1021 3089 1259 3145 tenebrae
1276 3098 1426 3155 sunt,
1461 3103 1672 3160 suaque
1699 3088 2000 3160 persistunt

2105 3087 2286 3160 φόρων
2313 3087 2658 3159 ἐλλάμψεων.
2688 3086 2785 3141 Διὰ
2816 3085 2973 3141 τοῦτο
3011 3085 3199 3140 καὶτὰ
3252 3087 3489 3156 φωτεινά
3525 3087 3686 3159 ήμῶν

415 3181 473 3237 in
529 3181 784 3252 caligine,
837 3196 1079 3251 unquam
1127 3180 1533 3244 illuminantur,
1596 3196 1774 3251 neque
1825 3181 1998 3235 ullum

2104 3178 2394 3248 εὐαγγέλια
2431 3181 2541 3242 τοῖς
2569 3177 2893 3249 φωτοδόχοις
2950 3178 3079 3248 ὑμῖν
3133 3177 3532 3248 μεγαλοφώνως
3582 3195 3685 3248 κη-

414 3288 647 3343 prorsus
676 3271 1245 3343 refulgentisluminis
1268 3271 1484 3326 radium
1513 3270 1807 3340 recipiunt.
1834 3268 2001 3340 Prop-

415 3372 567 3420 terea
611 3362 830 3435 fulgidte
862 3362 1314 3418 annuntiationes
1349 3373 1553 3418 nostra:
1574 3362 1752 3427 vobis,
1788 3364 1886 3433 qui
1917 3363 2003 3416 lu-

416 3471 537 3513 cem
568 3457 716 3511 ultro
761 3457 1035 3527 excipitis,
1070 3470 1265 3528 magna
1312 3471 1447 3512 voce
1482 3454 1872 3527 proferuntur;
1903 3468 2002 3510 ne-

2105 3268 2357 3339 ρύττεται
2387 3283 2400 3296 ·
2434 3268 2495 3321 οὐ
2522 3270 2626 3339 γὰρ
2666 3266 2915 3337 βούλεται
2945 3266 3188 3321 ἀπίστων
3234 3268 3427 3330 ἀκοαῖς
3461 3268 3686 3322 κατατίέ-

2102 3358 2313 3426 θεσθαι,
2367 3359 2489 3430 οὐδὲ
2530 3359 2790 3431 καρδίαις
2843 3359 2993 3429 φιλεῖ
3030 3362 3336 3424 σκοτειναῖς
3398 3360 3681 3427 ἐναυλίζε-

2108 3452 2263 3509 σθαι.
2372 3456 2379 3463 ’

415 3568 525 3623 que
555 3552 700 3607 enim
753 3550 1164 3607 incredulorum
1218 3552 1449 3610 auribus
1483 3552 1716 3624 proponi
1759 3551 1865 3607 illae
1925 3550 2228 3622 patiuntur,
2266 3562 2447 3619 neque
2500 3547 2557 3603 in
2618 3546 2929 3603 tenebrosis
2956 3544 3218 3603 cordibus
3239 3543 3440 3600 habere
3496 3541 3684 3599 sedem

416 3644 557 3715 ipsis
595 3645 824 3703 arridet.

490 3734 559 3791 Χ.
592 3735 704 3794 Vos
754 3737 942 3808 itaque
983 3744 1246 3808 tanquam
1276 3736 1376 3792 filii
1403 3737 1548 3793 lucis
1568 3737 1611 3803 ⁵,
1637 3751 1701 3792 ac
1742 3736 1867 3793 luce
1896 3752 2001 3791 nu-

416 3829 547 3885 trita
568 3830 839 3901 germina,
870 3829 1107 3884 lucentia
1133 3835 1320 3884 nostra
1346 3829 1660 3899 pariterque
1685 3828 2002 3883 illuminan-

418 3920 495 3976 tia
527 3919 763 3990 excipite
797 3920 917 3975 laeta
941 3920 1155 3974 nuntia.
1181 3917 1301 3975 Jam
1336 3920 1484 3974 enim
1519 3919 1588 3976 de
1614 3919 1857 3989 ipsorum
1888 3918 2001 3974 vir-

417 4022 536 4068 tute
564 4028 663 4069 vos
692 4012 987 4067 illuminati
1018 4012 1175 4081 estis,
1206 4025 1261 4068 et
1286 4012 1472 4068 divina
1512 4027 1707 4069 eorum
1738 4013 1999 4082 mysteria

417 4105 751 4161 illuminatis
798 4106 1002 4162 vestris
1044 4105 1322 4160 mentibus
1366 4104 1689 4171 illuxerunt,
1738 4105 2001 4174 purisque

416 4196 513 4253 illa
546 4197 808 4252 cordibus
838 4195 1172 4267 excepistis;
1205 4204 1259 4250 et
1289 4193 1383 4250 Dei
1433 4193 1631 4249 Filium
1656 4210 1779 4250 cum
1813 4193 1918 4249 fide
1948 4201 2004 4249 et

415 4288 619 4360 gaudio
662 4289 1018 4358 recipientes.
1056 4301 1118 4342 ac
1162 4287 1343 4342 solum
1380 4286 1725 4342 Salvatorem
1757 4293 2000 4342 vestrum

415 4394 542 4435 eum
574 4380 865 4446 habentes,
890 4379 984 4434 filii
1005 4377 1098 4434 Dei
1121 4378 1251 4434 facti
1277 4378 1433 4433 estis.
1465 4397 1483 4430 ι
1518 4376 1800 4448 Quotquot
1827 4376 1999 4440 enim,

2182 3731 2239 3788 l’.
2282 3731 2472 3805 Ὑμεῖς
2491 3733 2606 3799 οῦν,
2632 3733 2707 3798 ὡς
2729 3733 2896 3789 τέκνα
2915 3733 3009 3788 τοῦ
3037 3734 3214 3804 φωτὸς
3240 3732 3335 3788 καὶ
3358 3731 3684 3804 φωτότροφα

2109 3828 2443 3897 γεννήματα,
2492 3826 2600 3881 τῶν
2655 3826 2938 3897 φωτεινῶν
2987 3827 3145 3898 ήμῶν
3199 3827 3295 3881 καὶ
3340 3824 3687 3895 φωτιστικῶν

2107 3919 2446 3988 εὐαγγελίων
2466 3918 2759 3975 ἀκούσατε.
2809 3920 3002 3991 Ὑμεῖς
3045 3919 3155 3992 γὰρ
3206 3920 3300 3974 καὶ
3354 3918 3450 3989 τὴν
3506 3916 3688 3972 αὐτῶν

2106 4011 2443 4083 ἐφωτίσθητε
2470 4011 2721 4084 δύναμιν,
2755 4013 2849 4067 καὶ
2876 4012 2936 4067 τὸ
2965 4013 3145 4067 αὐτῶν
3191 4012 3450 4080 θεόσοφον
3473 4012 3687 4083 μυστήτ

2110 4118 2224 4173 ριον
2246 4100 2444 4173 ψυχαῖς
2461 4105 2748 4172 φωτειναῖς
2776 4103 3180 4174 ὲπελάμφθητε,
3214 4104 3308 4157 καὶ
3323 4102 3570 4174 καρδίαις
3586 4119 3687 4157 κα·

2109 4192 2305 4262 θαραῖς
2359 4194 2710 4260 ὑπεδέξασθε,
2767 4196 2863 4250 καὶ
2886 4194 3021 4249 Θεοῦ
3073 4195 3237 4249 τέκνα
3267 4195 3559 4263 γεγόνατε..
3593 4194 3685 4248 τὸν

2108 4283 2201 4338 τοῦ
2235 4284 2371 4339 Θεοῦ
2403 4286 2532 4340 Υἰδν
2557 4286 2763 4355 πιστῶς
2791 4288 2887 4342 καὶ
2907 4288 3158 4359 ἀσμένως
3176 4288 3568 4357 εἰσδεξάμενοι,
3590 4285 3687 4341 καὶ

2115 4378 2276 4448 μόνον
2305 4376 2459 4448 ὑμῶν
2480 4379 2708 4451 Σωτῆρα
2736 4380 3130 4451 γνωρίσαντες.
3164 4396 3183 4430 ι
3218 4379 3376 4432 Ὅσοι
3403 4378 3513 4449 γὰρ
3568 4377 3685 4431 ἔλα·

417 4470 617 4539 inquit,
652 4477 981 4539 receperunt
1015 4482 1163 4534 eum,
1187 4467 1338 4524 dedit
1372 4468 1455 4524 eis
1488 4476 1813 4539 potestatem
1862 4467 2002 4524 filios

2108 4469 2202 4523 δον
2257 4471 2439 4537 αὐτὸν,
2504 4472 2692 4542 φησὶν,
2744 4471 2947 4526 ἔδωκεν
2999 4471 3184 4534 αὐτοῖς
3213 4468 3462 4537 ἐξουσίαν
3516 4469 3685 4535 τέκνα

417 4558 517 4613 Dei
547 4559 684 4624 fieri,
716 4559 803 4615 his
839 4558 930 4630 qui
964 4557 1196 4614 credunt
1235 4558 1291 4614 in
1329 4561 1549 4614 nomine
1578 4557 1733 4627 ejus;
1767 4558 1857 4629 qui
1890 4573 2002 4613 non

416 4664 484 4704 ex
512 4650 894 4718 sanguinibus,
926 4664 1104 4720 neque
1137 4664 1203 4705 ex
1227 4649 1512 4705 voluntate
1556 4648 1767 4713 carnis,
1821 4663 2002 4718 neque

415 4758 482 4797 ex
523 4743 805 4798 voluntate
854 4742 979 4809 viri,
1016 4740 1112 4797 sed
1150 4757 1216 4797 ex
1262 4741 1373 4799 Deo
1426 4742 1539 4796 nati
1576 4749 1707 4798 sunt
1739 4742 1782 4797 ⁸.
1831 4760 1848 4792 ι
1889 4739 2001 4797 Vos

413 4849 570 4905 ergo,
604 4834 806 4906 quippe
838 4833 933 4891 Dei
982 4834 1079 4890 lilii
1133 4835 1486 4900 lucidissimi,
1531 4834 1873 4892 lucidissima
1905 4835 1999 4891 illa

414 4927 602 4982 audite
637 4927 729 4983 Dei
757 4929 968 4993 nuntia,
1020 4943 1116 4999 per
1139 4944 1260 4999 quae
1292 4927 1387 4983 Dei
1438 4927 1534 4982 ﬁlii
1582 4926 1714 4982 facti
1751 4928 1906 4993 estis,
1937 4934 1994 4983 et

352 5034 361 5042 κ
413 5018 1004 5089 terrena‘ignobilitate
1033 5017 1273 5088 abjecta,
1329 5018 1609 5074 caelestem
1664 5018 1806 5073 nacti
1858 5019 1995 5077 estis

414 5109 777 5176 nobilitatem,
811 5110 1221 5180 humanamque
1269 5110 1549 5180 aspernati
1581 5109 1877 5181 originem,
1905 5110 1993 5165 di-

416 5202 595 5256 vinam
631 5202 1039 5272 generationem
1080 5202 1264 5273 adepti
1314 5202 1472 5257 estis.
1514 5200 1620 5257 Vos
1653 5201 1856 5271 itaque,
1895 5202 1992 5271 qui

413 5293 484 5349 ob
521 5294 818 5364 perfectam
855 5308 1140 5350 sacrarum
1174 5294 1656 5348 annuntiationum
1720 5294 1879 5349 tidem
1912 5294 1995 5349 di-

413 5387 536 5440 vina
578 5387 923 5443 institutione
947 5387 1101 5458 digni
1139 5387 1420 5453 evasistis,
1467 5401 1585 5452 vos,
1614 5386 1860 5457 inquam,
1897 5402 1993 5443 eas

418 5480 641 5535 auribus
673 5480 930 5551 excipite.

487 5589 509 5620 ⁸
534 5589 675 5646 Psal.
714 5607 824 5657 ιιν,
848 5591 899 5646 τ.
966 5595 989 5627 ⁸
1023 5591 1042 5647 l
1071 5591 1267 5650 Thess.
1300 5608 1353 5659 v,
1387 5592 1441 5648 5.
1526 5578 1722 5648 ‘tloan.
1759 5609 1799 5658 ι,
1830 5592 1918 5656 12,
1956 5594 2043 5648 l3.

2103 4561 2239 4615 Θεοῦ
2264 4561 2536 4630 γενέσθαι,
2563 4565 2674 4627 τοῖς
2700 4562 3049 4616 πιστεύουσιν
3077 4564 3158 4625 εἰς
3182 4561 3244 4615 τὸ
3273 4562 3445 4633 ὄνομα
3463 4560 3629 4615 αὐτοῦ
3666 4576 3679 4590 ·

2101 4653 2151 4707 οἳ
2175 4655 2276 4709 οὐκ
2295 4654 2353 4720 ἐξ
2378 4655 2645 4723 αἱμάτων,
2670 4654 2793 4708 οὐδὲ
2830 4654 2895 4707 ἐκ
2922 4653 3232 4724 θελήματος
3298 4653 3519 4721 σαρκὸς,
3556 4652 3681 4706 οὐδὲ

2102 4746 2168 4799 ὲκ
2218 4744 2524 4816 θελήματος
2552 4745 2771 4816 ἀνδρὸς,
2829 4744 2946 4798 ἀλλ’
2974 4747 3039 4799 ἐκ
3063 4744 3198 4798 Θεοῦ
3225 4744 3614 4815 ἐγεννήθησαν.
3656 4763 3675 4793 ι

2115 4835 2307 4904 Ὑμεῖς
2361 4835 2475 4903 οῦν,
2534 4835 2610 4900 ὡς
2680 4835 2814 4889 Θεοῦ
2858 4837 3044 4900 παῖδες
3075 4838 3387 4906 φανότατοι,
3424 4837 3521 4891 καὶ
3573 4835 3684 4889 τῶν

2101 4926 2195 4982 τοῦ
2253 4927 2389 4981 Θεοῦ
2447 4928 2762 4998 φανοτὰτων
2794 4928 3130 4998 εὐαγγελίων
3173 4928 3551 4993 ἀκούσατε,δι’
3604 4922 3681 4982 ὧν

2100 5019 2236 5074 Θεοῦ
2270 5021 2456 5084 παῖδες
2480 5020 2744 5089 γεγόνατε
2763 5021 2969 5092 χάριτι,
3002 5022 3097 5074 καὶ
3126 5021 3385 5093 οὐρανίαν
3401 5020 3679 5090 εὐγένειαν

2101 5110 2311 5181 ἔσχετε,
2350 5111 2449 5181 τὴν
2477 5111 2666 5183 χοῖκὴν
2689 5112 3009 5181 δυσγένειαν
3060 5113 3337 5183 ῥίψαντες,
3367 5114 3461 5165 καῖ⁵
3522 5111 3675 5165 θείαν

2101 5203 2509 5275 προσειλήφατε
2531 5205 2808 5276 γέννησιν,
2837 5204 2938 5274 τὴν
3004 5205 3350 5278 ἀνθρωπείαν
3399 5203 3676 5273 ἀποθέμε-

2099 5314 2179 5350 νοι
2209 5297 2453 5368 πρόοδον.
2497 5298 2687 5369 Ὑμεῖς
2717 5297 2811 5352 οῦν
2838 5298 2946 5353 τῶν
2966 5299 3128 5370 ἱερῶν
3155 5296 3487 5367 εὐαγγελίων
3508 5294 3675 5351 ἀκού-

2102 5405 2253 5450 σατε,
2281 5389 2330 5441 οί
2354 5389 2455 5459 τῆς
2481 5390 2687 5445 τούτων
2713 5389 3060 5462 τελειοτάτῖε
3080 5390 3314 5454 πίστεως
3346 5387 3499 5454 θείας
3516 5386 3676 5454 ἀξιωο

2102 5481 2287 5547 θέντες
2319 5484 2595 5555 μυήσεως.
3084 5546 3121 5577 ι’

3652 5628 3670 5657 J

1722 5686 1955 5745 VARI/IS
1996 5686 2405 5746 LEC'l‘lONES.

524 5762 545 5798 '
579 5774 709 5832 Cod.
736 5775 1007 5847 ἑζόφοται.
1123 5780 1166 5813 ’⁵
1197 5778 1257 5837 C.
1283 5779 1422 5839 C-es.
1449 5780 1709 5861 ἀμαυρεῖ.
