4058 6190
12 124 35 177 τ

344 320 486 383 δὲἶ)
1028 318 1310 381 ORATIO
1343 320 1431 384 II.
1456 344 1522 355 —
1553 318 1635 378 IN
1667 320 1728 379 S.
1752 270 2102 380 DEIPAR/é
2132 320 2848 385 ANNUNTIATIONEM.
3452 319 3602 384 3230

410 429 548 481 Τίνα
576 427 632 481 δὲ
659 426 815 498 ήμῶν
844 429 956 481 ἐστι
981 426 1052 480 τὰ
1081 428 1411 496 εὐαγγέλια,;
1465 427 1498 497 ἢ
1546 427 1598 479 τί
1625 427 1688 480 τὸ
1717 425 1921 480 τούτων

2095 428 2162 479 At
2190 429 2537 484 aununtiatio
2562 438 2771 492 nostra,
2809 440 3056 498 quasnam
3092 426 3313 482 tandem
3347 426 3437 483 illa
3471 440 3595 491 est?

339 521 582 591 ὑπάρχει
608 518 968 591 κατόρθωμας
989 517 1266 586 λεγόντων
1282 519 1462 590 ἡμῶν,
1482 518 1688 582 πιστῶς
1713 518 1918 589 ἀκροά-

342 611 535 666 σασθε.
579 610 842 680 Ἐροῦμεν
874 609 981 680 γὰρ
1012 609 1420 680 ἐμμελέστατα,
1457 609 1532 672 ὡς
1560 608 1722 672 αὐτὸς
1762 611 1915 680 ἡμῖν,

340 706 370 761 6
398 704 469 757 δι’
499 703 657 774 ήμῶν
688 704 816 772 ὑμῖν
843 701 938 757 νῦν
970 701 1480 773 εὐαγγελιζόμενος,
1505 703 1690 757 δίδωσι
1709 703 1775 757 ¹¹.

416 878 520 932 ιΑο.
575 876 782 941 κτίσας
827 871 924 931 οῦν
971 877 1028 931 ἐν
1080 877 1224 950 ἀρχῇ
1271 880 1300 932 6
1352 877 1487 942 Θεὸς
1530 879 1630 932 οὐκ
1675 878 1804 933 ὄντα
1850 878 1920 933 τά

356 966 663 1034 σύμπαντα,
697 966 798 1019 ὅσα
824 966 944 1036 μετ’
975 966 1139 1020 αὐτόν
1166 968 1303 1027 ἐστι,
1337 968 1431 1020 καὶ
1452 967 1544 1020 ὑπ’
1576 966 1741 1021 αὑτοῦ
1774 984 1918 1038 παρ-

354 1055 487 1128 ήχθη
526 1057 665 1127 πρὸς
696 1057 934 1127 γένεσιν,
970 1058 1143 1129 ὁρατά
1170 1057 1265 1112 καὶ
1294 1058 1521 1127 ἀόρατα,
1558 1058 1792 1128 αἰσθητά
1820 1058 1918 1111 καὶ
1958 1082 1973 1096 ~

349 1147 635 1218 νοούμενα,
667 1149 895 1217 οὐράνια
937 1148 1029 1202 καὶ
1058 1148 1298 1216 ἐπίγεια,
1346 1147 1520 1213 κτίζει
1554 1148 1676 1203 κατ’
1708 1148 1918 1203 οἰκείαν

343 1240 536 1292 εἰκόνα
560 1240 652 1294 καὶ
676 1239 984 1307 ἄνθρωπον,
1001 1238 1317 1308 ὲκλογικῆς
1345 1240 1510 1293 αὑτὸν
1535 1238 1715 1309 ψυχῆς
1743 1257 1918 1293 κατα-

346 1332 624 1395 σκευάσας
656 1331 748 1383 καὶ
771 1329 1022 1400 σώματος
1042 1345 1056 1359 ⁸
1088 1330 1148 1383 ὃν
1170 1332 1263 1384 καὶ
1292 1331 1476 1385 εἰκόνα
1506 1347 1565 1383 τε
1596 1331 1690 1384 καὶ
1714 1330 1919 1400 ὁμοίως

347 1436 437 1473 σιν
466 1422 569 1492 ,τῆς
617 1421 824 1485 οἰκείας
868 1420 1206 1491 ἀγαθότητος
1248 1421 1493 1475 τέθεικεν
1517 1461 1534 1486 ,
1574 1421 1920 1488 αὐτεξούσιον

346 1512 502 1581 αὐτῷ
552 1511 699 1583 ζωὴν
750 1513 1118 1583 χαρισάμενος
1148 1553 1164 1578 ,
1226 1514 1321 1567 καὶ
1378 1513 1710 1585 παραδείσου
1772 1514 1918 1571 θείου

345 1605 584 1675 ποιήσας
612 1606 906 1675 οἰκήτορα·
957 1604 1056 1657 καὶ
1098 1605 1262 1658 καλὸν
1295 1605 1456 1658 αὐτὸν
1490 1606 1916 1676 τεκτηνάμενος,

2019 516 2123 571 Aut
2148 519 2424 588 quodnam
2465 519 2892 589 exspectandum
2933 525 3019 574 est
3043 518 3110 573 ab
3137 532 3201 573 ea
3236 518 3599 574 beneﬁcium?

2022 607 2297 665 Dicentem
2325 611 2555 666 ﬁdeliter
2578 612 2904 667 auscultate.
2942 609 3402 667 Praestantissima
3444 613 3593 668 enim

2018 697 2284 766 dicemus,
2314 709 2475 771 prout
2506 700 2667 756 nobis
2700 700 2791 756 ille
2819 700 3070 771 largitur,
3102 702 3196 773 qui
3223 700 3420 757 fausta-
3444 718 3593 759 nunc

2021 791 2178 847 vobis
2218 807 2316 862 per
2348 808 2449 848 nos
2480 793 2793 849 annuntiat.

2089 883 2185 938 XI.
2226 883 2363 940 Cum
2397 884 2540 941 Deus
2567 885 2732 957 igitur
2762 886 2817 940 in
2841 886 3106 957 principio
3135 902 3166 942 e
3195 887 3372 941 nihilo
3398 887 3590 942 condi:

2021 973 2196 1029 disset
2246 975 2526 1041 universa,
2579 984 2851 1047 quotquot
2903 992 3100 1047 nempe
3159 985 3354 1047 praeter
3409 978 3589 1047 ipsum

2021 1074 2148 1121 sunt
2179 1073 2235 1120 et
2269 1066 2338 1120 ab
2376 1068 2498 1135 ipso
2537 1075 2868 1136 acceperunt
2896 1068 3195 1123 exsistendi
3233 1068 3473 1132 initium,
3505 1068 3590 1122 vi-

2020 1154 2198 1210 sibilia
2230 1163 2282 1209 et
2306 1155 2623 1221 invisibilia,
2655 1155 2936 1211 sensibilia
2966 1165 3019 1210 et
3048 1156 3434 1226 intelligibilia,
3467 1172 3591 1213 etB-

2021 1245 2177 1302 lestia
2211 1261 2274 1301 ac
2301 1248 2624 1313 terrestria;
2660 1246 2932 1302 hominem
2962 1261 3183 1317 quoque
3218 1246 3286 1301 ad
3316 1248 3590 1317 propriam

2021 1352 2179 1392 suam
2219 1336 2511 1407 imaginem
2543 1336 2773 1401 creavit,
2817 1353 2882 1391 ex
2925 1338 3106 1391 anima
3142 1337 3296 1390 illum
3336 1336 3591 1391 rationali

2021 1436 2077 1481 et
2121 1442 2351 1497 corpore
2386 1427 2779 1498 compingeus;
2828 1442 2988 1496 quem
3020 1442 3143 1481 cum
3191 1426 3363 1480 libera
3395 1425 3591 1495 suique

2015 1517 2155 1587 juris
2183 1507 2292 1572 vita
2331 1517 2615 1579 donasset,
2643 1532 2709 1571 ac
2742 1517 2980 1587 paradisi
3012 1516 3181 1571 divini
3222 1516 3589 1570 habitatorem

2020 1609 2417 1676 constituisset,
2445 1609 2677 1679 promite
2704 1609 2966 1664 bonitatis
2999 1616 3050 1662 ct
3095 1608 3384 1677 imaginem
3435 1614 3489 1660 et
3514 1605 3591 1660 si-

346 1696 504 1749 θείαν
527 1696 745 1767 ἐντολὴν
771 1682 924 1767 αὗτῷ
960 1697 1053 1750 καὶ
1086 1697 1352 1768 σωτήριον
1376 1698 1598 1767 ὥρισεν,
1625 1698 1710 1751 ἵνα
1743 1698 1818 1769 μὴ
1839 1697 1917 1768 τῷ

2022 1700 2382 1756 militudinem
2435 1717 2558 1755 eum
2623 1700 2823 1755 eﬂecit.
2883 1699 3128 1767 Cumque
3184 1699 3384 1752 bonum
3438 1697 3587 1752 illum

348 1786 575 1857 μεγέθει
628 1789 725 1859 τῆς
775 1788 981 1851 εἰκόνος
1013 1788 1329 1859 ὲπαίρηται,
1382 1788 1504 1858 μηδ’
1559 1790 1624 1841 ὲκ
1653 1789 1751 1858 τῆς
1781 1788 1916 1859 πρὸς

344 1876 483 1933 Θεὸν
506 1877 838 1949 ὁμοιώσεως,
868 1879 1004 1933 Θεοῦ
1037 1877 1199 1949 φύσιν
1228 1880 1503 1944 ἀσυνέτως
1553 1881 1917 1952 φαντάζηται.

431 2146 573 2200 Ἀλλ’
600 2138 755 2213 οὗτος
779 2148 1012 2203 τοσαῦτα
1052 2148 1188 2221 πρὸς
1217 2149 1351 2204 Θεοῦ
1383 2151 1585 2218 λαϐὼν,
1617 2152 1710 2208 τοῦ
1735 2154 1921 2211 τοῦτον

345 2238 774 2309 τεκτηναμένου,
801 2239 1115 2309 χαρίσματα
1146 2240 1165 2310 (
1188 2239 1439 2310 βασιλεὺς
1470 2242 1580 2313 γάρ
1620 2244 1714 2298 ὑπ’
1753 2244 1917 2299 αὐτοῦ

344 2328 457 2382 τῶν
497 2330 761 2401 ἐπιγείων
786 2330 1179 2400 προὺσέδλητο,
1222 2333 1315 2385 ὑπ’
1344 2333 1510 2388 αὐτοῦ
1557 2334 1693 2388 Θεοῦ
1721 2338 1919 2410 προδή-

344 2419 456 2483 λως
487 2418 581 2474 τοῦ
606 2420 891 2485 κτίσαντος
917 2420 1335 2491 βασιλευόμενος
1361 2424 1455 2477 καὶ
1481 2425 1802 2495 ἀρχόμενος,
1842 2427 1918 2491 ὡς

345 2511 446 2571 καὶ
475 2511 649 2566 πάντα
677 2512 748 2564 τὰ
780 2512 1111 2583 κτίσματα),
1142 2512 1242 2566 οὐκ
1274 2514 1473 2583 ἤνεγκε
1504 2514 1612 2568 τῶν
1636 2514 1823 2588 δώρων
1859 2518 1919 2572 τὸ

350 2601 605 2671 μέγεθος,
627 2601 762 2655 ἀλλά
786 2602 920 2655 Θεοῦ
944 2603 1129 2656 λαόεῐν
1152 2604 1441 2669 σπουδάζει
1471 2607 1799 2677 ταυτότητα,
1824 2609 1920 2663 καὶ

345 2688 491 2749 εἶναι
536 2690 667 2755 Θεὸς
706 2694 734 2746 6
780 2692 995 2755 κτιστδς
1051 2694 1398 2765 ὲπεθῦμησεν
1450 2696 1771 2768 ἄνθρωπος’
1826 2701 1920 2754 καὶ

348 2783 678 2850 φαντασθεὶς
707 2784 893 2847 κακῶς
937 2787 1126 2859 ἀπάτῃ
1160 2786 1255 2840 τοῦ
1300 2787 1478 2856 όφεως
1530 2789 1598 2843 τὰ
1646 2789 1767 2847 θεῖα
1824 2792 1919 2846 καὶ

348 2873 534 2941 ὑψηλά
590 2874 683 2926 καὶ
737 2875 1035 2943 ὑπέρτατα,
1102 2878 1239 2948 πρὶς
1286 2877 1521 2934 θάνατον
1571 2881 1666 2934 καὶ
1714 2882 1918 2952 φθοράν

348 2964 743 3035 καταφέρεται,
774 2965 868 3019 καὶ
903 2966 1091 3043 πίπτει
1126 2968 1324 3039 πτῶμα
1352 2970 1674 3035 δεινότατον,
1707 2973 1734 3026 6
1772 2971 1921 3033 θείας

349 3051 570 3142 φύσεως
607 3053 852 3124 ἁρπάσαι
877 3054 1198 3126 βουλόμενος
1233 3057 1291 3110 τὸ
1323 3058 1559 3129 ἀξίωμα.
1599 3062 1770 3115 Τοῦτο
1806 3062 1915 3132 γὰρ
1940 3086 1983 3142 c

347 3146 446 3196 καὶ
466 3139 533 3215 ἦν
559 3143 915 3209 δικαιότατον,
946 3147 1123 3217 ἄκραν
1161 3149 1490 3203 ταπείνωσιν
1516 3152 1915 3223 ταπεινωθῆναι

348 3238 442 3289 τὸν
477 3237 607 3305 παρ’
634 3237 789 3300 ἀξίαν
816 3237 1006 3290 ἑαυτὸν
1034 3237 1201 3308 ὑψοῦν
1230 3239 1589 3307 ἐθελήσαντα.
1630 3241 1782 3295 Ἑπεί
1824 3243 1918 3296 καὶ

354 3349 374 3380 ε
416 3330 525 3389 πᾶς
567 3330 593 3381 6
640 3328 790 3397 ὑψῶν
827 3329 1018 3382 ἑαυτὸν
1042 3331 1532 3400 ταπεινωθήσεται,
1571 3353 1588 3385 ι
1618 3326 1698 3397 [ὡς
1734 3335 1920 3400 κακῶς

350 3420 619 3490 ἁρπάζειν
650 3418 989 3489 πειρώμενος
1009 3463 1024 3486 ,
1057 3422 1196 3493 ὅπερ
1228 3422 1375 3493 αὐτῷ
1408 3424 1539 3488 Θεὸς
1571 3426 1648 3495 μὴ
1682 3426 1920 3499 δεδώρη-

359 3527 464 3565 ται.
505 3530 524 3563 ι
562 3512 637 3564 Οὐ
683 3513 790 3582 γάρ
824 3513 1004 3582 ἑαυτῷ
1031 3531 1113 3577 τις
1142 3514 1409 3584 λαμϐάνει
1442 3516 1540 3588 τὴν
1573 3518 1759 3588 τιμὴν,
1785 3538 1803 3570 ι
1843 3520 1918 3583 ὼς

353 3604 381 3654 6
405 3602 581 3670 μέγας
613 3603 932 3667 Ἀπόστολος
957 3606 1178 3676 ἔφησεν,
1233 3624 1251 3659 ι
1296 3606 1411 3668 ἀλλ’
1435 3610 1463 3665 6
1496 3609 1600 3664 ὑπὸ
1639 3611 1794 3683 Θεοῦθ
1825 3596 1918 3673 τοῦ

353 3692 590 3759 διδόντος
619 3694 973 3764 καλούμενος,
1002 3716 1021 3749 ι

425 3963 528 4016 ΙΒ’.
554 3958 660 4016 Ἦν
686 3958 778 4017 οῦν
806 3962 883 4033 τῷ
903 3963 1117 4037 θανάτῳ
1146 3967 1515 4039 κρατούμενος
1538 3964 1712 4036 οὗτος,
1748 3974 1922 4046 φθορᾷ

352 4053 841 4124 σνμφθειρόμενος,
880 4055 987 4108 ἀπὸ
1022 4058 1122 4125 γῆς
1164 4059 1585 4129 προερχόμενος,
1614 4063 1641 4113 ὁ
1676 4064 1920 4134 ἁρπάσαι

349 4144 493 4196 Θεοῦ
539 4147 635 4214 τὴν
676 4145 1296 4216 τιμὴνθρασυνόμενπ,
1345 4151 1439 4203 καὶ
1482 4150 1643 4204 πάλιν
1697 4155 1776 4218 εἰς
1821 4156 1922 4224 γῆν

351 4233 776 4305 καθελκὸμενος,
810 4237 1046 4311 σήμερον
1078 4241 1312 4311 σαρκικῇ
1359 4243 1610 4312 γεννήσει
1641 4244 1917 4316 γεννώμε-

354 4342 544 4395 μενος,
585 4326 678 4379 καὶ
714 4326 901 4395 αὔριον
936 4328 1149 4398 θανάτῳ
1194 4330 1440 4400 σαρκικῷ
1488 4333 1916 4406 θανατούμενος,

354 4417 598 4487 σήμερον
628 4418 684 4470 ἐν
714 4419 878 4483 ζῶσιν
902 4420 1180 4489 ὁρώμενος
1202 4462 1216 4486 ,
1248 4422 1343 4475 καὶ
1383 4421 1574 4494 αὔριον
1615 4428 1674 4480 ἐν
1704 4432 1920 4499 νεκροῖς

350 4509 778 4581 ἀριθμούμενος.
806 4510 917 4563 Καὶ
946 4510 1151 4579 ταύτην
1183 4510 1279 4582 τὴν
1309 4512 1466 4581 δίκην
1500 4517 1529 4568 6
1567 4516 1701 4569 Θεὸν
1730 4518 1919 4592 ἀδικῆ-

354 4619 451 4655 σαι
500 4601 735 4672 θελήσας
777 4602 1006 4673 ἤνεγκεν
1054 4602 1359 4673 ἄνθρωπος,
1404 4604 1464 4669 ἐξ
1512 4609 1716 4672 οἰκείας
1762 4612 1922 4667 τοῦτο

354 4692 550 4747 παθὼν
579 4693 771 4763 βουλῆς
793 4694 887 4745 καὶ⁵
909 4692 1235 4763 προθέσεως,
1268 4695 1453 4760 κακῶς
1484 4697 1561 4768 τῷ
1590 4700 1922 4771 αὐτεξουσίῳ

353 4784 719 4855 χρησάμενοςο
771 4785 909 4854 ὅπερ
939 4783 1149 4856 sub?“
1183 4785 1435 4855 τιμηθεὶς
1488 4789 1623 4859 πρδς
1665 4789 1759 4843 τοῦ
1810 4793 1924 4846 κτί-

351 4891 570 4936 σαντος,
593 4875 680 4928 διὰ
700 4875 797 4943 τὴν
824 4875 957 4944 πρὸς
977 4876 1138 4929 αὑτὸν
1163 4876 1616 4949 εὐπρεπεστάτην
1636 4880 1916 4950 ὁμοίωσιν,

348 4967 449 5020 καὶ
484 4967 756 5035 εἰκονικὴν
788 4968 1159 5036 περιφάνειαν.
1201 4986 1222 5020 ι
1274 4969 1332 5022 '0
1384 4969 1492 5040 γὰρ
1526 4969 1657 5034 Θεὸς
1693 4971 1920 5031 θάνατον

344 5060 454 5113 οὐκ
483 5058 758 5129 εποίησεν,
793 5060 912 5113 οὐδὲ
941 5059 1187 5132 ἀπωλείᾳ
1230 5059 1444 5125 ζώντων
1479 5063 1859 5135 εὐφραίνεται.
1897 5087 1916 5120 υ

308 5211 318 5225 ⁵
424 5235 443 5264 ²
472 5236 608 5293 Luc.
649 5253 762 5302 XIV,
795 5237 881 5295 li.
955 5235 1167 5295 ‘ilebr.
1210 5251 1274 5300 ν,
1347 5235 1401 5291 4.

2021 1790 2382 1854 condidisset,
2412 1790 2653 1846 divinum
2682 1806 2745 1846 ac
2775 1792 3017 1846 salutare
3061 1790 3108 1843 ei
3140 1788 3454 1842 mandatum
3487 1787 3589 1842 im-

2021 1884 2233 1955 posuit,
2294 1899 2362 1939 ne
2424 1884 2565 1938 forte
2618 1883 2874 1953 imaginis
2921 1881 3206 1937 nobilitate
3254 1879 3584 1949 superhiret.

2021 1990 2178 2038 neve,
2221 1974 2293 2029 ob
2331 1974 2749 2029 similitudinem
2800 1989 2924 2027 cum
2969 1972 3099 2035 Deo,
3149 1978 3400 2027 naturam
3450 1986 3588 2041 quo-

2019 2078 2126 2133 que
2164 2062 2400 2118 divinam
2435 2063 2538 2117 sibi
2574 2063 2901 2131 insipienter
2947 2062 3479 2119 comminisceretur.

2090 2151 2290 2206 Verum
2320 2152 2407 2207 hic
2435 2166 2559 2207 cum
2584 2159 2729 2206 tanta
2759 2166 2790 2206 a
2817 2150 2924 2205 Deo
2953 2150 3212 2221 Creatore
3237 2164 3339 2203 suo
3360 2162 3587 2202 munera

2020 2242 2347 2312 accepisset,
2389 2242 2515 2297 licet
2543 2242 2688 2296 enim
2720 2242 2812 2296 Dei
2858 2240 3162 2296 conditoris
3207 2240 3290 2295 sui
3322 2254 3490 2307 regno
3531 2246 3585 2293 et

2022 2335 2270 2403 imperio,
2310 2349 2420 2389 non
2461 2348 2621 2389 secus
2656 2346 2720 2388 ac
2772 2332 2998 2401 reliqum
3061 2338 3326 2386 creatura:
3371 2343 3583 2393 omnes,

2022 2427 2098 2480 uti
2128 2442 2223 2495 par
2260 2433 2400 2490 erat,
2439 2424 2841 2493 subjiceretur;
2873 2438 2968 2476 rex
3016 2429 3197 2479 tamen
3228 2434 3417 2475 eorum
3466 2434 3585 2474 om-

2022 2515 2194 2578 nium,
2223 2528 2343 2583 quae
2370 2528 2534 2582 supra
2575 2521 2775 2567 terram
2826 2519 2977 2576 sunt,
3012 2511 3344 2567 constitutus
3370 2510 3437 2562 ab
3466 2507 3585 2577 ipso

2021 2602 2240 2671 fuerat),
2294 2603 2563 2657 donorum
2628 2601 3059 2672 magnitudinem
3112 2614 3221 2655 non
3279 2599 3426 2660 tulit,
3488 2597 3585 2652 sed

2020 2693 2378 2763 mqualitatem
2421 2708 2545 2747 cum
2598 2690 2710 2745 Deo
2757 2694 2977 2761 assequi
3035 2699 3300 2753 conatur;
3362 2696 3416 2743 et
3460 2702 3584 2741 cum

2021 2784 2185 2838 homo
2209 2794 2353 2841 esset
2382 2793 2435 2841 et
2476 2791 2716 2849 creatus,
2768 2782 2910 2837 Deus
2940 2797 3063 2837 esse
3111 2780 3370 2850 appetiit;
3426 2787 3589 2849 atque

2023 2876 2095 2929 ita
2128 2875 2254 2928 dum
2285 2874 2466 2930 divina
2508 2874 2610 2929 sibi
2652 2882 2705 2926 et
2740 2871 2993 2928 sublimia
3032 2882 3084 2925 et
3108 2871 3412 2925 reisissima
3441 2882 3589 2939 qua.

2021 2984 2149 3037 quc,
2205 2967 2478 3038 serpentis
2527 2965 2766 3029 iallacia,
2822 2963 2962 3019 male
3020 2959 3473 3022 comminiscitur,
3533 2956 3589 3012 in

2023 3066 2251 3113 mortem
2297 3064 2351 3111 et
2379 3057 2790 3127 corruptionem
2824 3053 3187 3118 deturbatur;
3229 3052 3469 3121 dumque
3509 3050 3593 3104 di-

2022 3153 2161 3210 vina:
2194 3161 2400 3207 natura:
2449 3150 2692 3220 arripere
2743 3149 2859 3202 vult
2919 3147 3260 3218 dignitatem,
3311 3143 3589 3199 horrendo

2022 3242 2175 3312 lapsu
2208 3242 2436 3299 corruit.
2473 3242 2720 3311 Namque
2750 3248 2805 3293 et
2850 3238 2982 3293 illud
3018 3237 3338 3307 aequissimo
3388 3236 3591 3288 factum

2022 3348 2107 3393 est
2130 3338 2275 3408 jure,
2309 3344 2368 3390 ut
2399 3335 2493 3405 qui
2526 3351 2584 3389 se
2620 3332 2886 3387 extollere
2915 3340 3112 3401 prmter
3144 3332 3399 3385 meritum
3434 3328 3591 3381 volu-

2020 3435 2161 3490 erat,
2194 3428 2251 3480 in
2285 3439 2553 3480 summam
2580 3422 2941 3492 abjcctionem
2973 3420 3421 3491 provolveretnr;
3456 3432 3595 3486 quo-

2021 3518 2167 3572 niam
2194 3522 2246 3570 ct
2278 3532 2297 3566 ι
2336 3514 2516 3568 omnis
2555 3513 2647 3583 qui
2698 3527 2758 3567 se
2795 3510 3021 3575 e'xaltat,
3060 3509 3438 3565 humiliabitur
3470 3508 3490 3538 "
3514 3548 3528 3572 ,
3569 3525 3588 3557 ι

2020 3618 2279 3678 tanquam
2326 3607 2419 3678 qui
2470 3594 2610 3660 male
2658 3605 2761 3658 sibi
2789 3618 3052 3675 usurpare
3098 3603 3187 3656 illa
3224 3600 3591 3657 contenderit'

2019 3716 2141 3770 quae
2197 3698 2337 3754 Deus
2388 3696 2491 3767 ipsi
2550 3696 2775 3765 largitus
2837 3707 2947 3748 non
2997 3691 3179 3749 fuerit.
3239 3711 3257 3743 ι
3290 3689 3400 3747 Nec
3449 3689 3595 3745 enim

2021 3785 2308 3863 quisquam
2339 3789 2504 3844 sumit
2537 3787 2640 3842 sibi
2664 3787 2950 3849 honorem,
2985 3802 3004 3835 ι
3057 3792 3115 3838 ιιι
3141 3783 3316 3853 inquit
3368 3796 3596 3849 magnus

2019 3882 2334 3956 Apostolus,
2366 3898 2383 3930 ι
2415 3879 2506 3933 soil
2550 3878 2641 3948 qui
2675 3892 2703 3929 a
2733 3875 2840 3929 Deo
2885 3874 3173 3946 [donante]
3215 3880 3440 3928 voratur
3483 3871 3525 3925 ⁸.
3572 3890 3590 3923 ι

2108 3970 2224 4027 ΧΠ.
2268 3970 2365 4023 llic
2413 3970 2614 4037 itaque,
2668 3968 2759 4037 qui
2795 3966 3031 4020 honores
3083 3966 3325 4032 arripere
3372 3961 3591 4017 divinos

2024 4074 2227 4124 temere
2254 4064 2479 4120 adnisus
2523 4061 2721 4126 fuerat,
2753 4060 2806 4113 in
2851 4057 3046 4113 mortis
3073 4064 3403 4127 potestatem
3433 4054 3595 4110 reda-

2022 4167 2148 4212 ctus
2171 4155 2405 4226 iacebat,
2436 4151 2789 4222 corruptione
2814 4150 3104 4205 tabescens
3137 4166 3150 4202 :
3187 4154 3241 4203 et
3274 4161 3531 4218 egressus
3564 4159 3597 4201 θ

2020 4256 2190 4309 terra,
2223 4245 2400 4299 denuo
2441 4244 2494 4298 in
2533 4251 2734 4298 terram
2780 4240 2980 4297 resolvi
3036 4238 3385 4310 properabat,
3435 4235 3599 4293 hodie

2023 4336 2227 4392 carnali
2286 4335 2639 4406 generatione
2689 4348 2946 4396 nascens,
3005 4346 3131 4386 cras
3192 4344 3323 4385 vero
3376 4328 3595 4384 carnali

1959 4418 2201 4483 Dmorte
2247 4426 2601 4487 occumbens,
2654 4422 2815 4479 hodie
2862 4422 2919 4476 itt
2967 4420 3110 4476 vivis
3142 4433 3436 4490 apparens,
3470 4430 3597 4471 cras

2019 4519 2073 4574 in
2106 4515 2334 4572 mortuis
2363 4514 2691 4570 recensitus.
2728 4513 2794 4567 Et
2839 4510 3033 4567 merito
3078 4510 3223 4565 hanc
3257 4507 3383 4562 tulit
3430 4505 3599 4561 homo

2019 4607 2363 4669 sententiam,
2405 4605 2497 4675 qui
2533 4605 2642 4659 Deo
2672 4618 2843 4657 ausus
2889 4602 3068 4657 fuerat
3099 4599 3358 4669 iniuriam
3390 4597 3599 4652 inferre

2019 4705 2235 4753 suomet
2261 4712 2292 4752 e
2324 4695 2557 4751 consilio
2589 4693 2971 4762 arbitratuquc
3018 4692 3159 4748 hanc
3201 4690 3374 4744 vicem
3419 4687 3597 4756 perci-

2019 4793 2198 4863 piens,
2229 4790 2357 4844 dum
2388 4788 2560 4844 libera
2591 4787 2674 4843 sui
2704 4791 2994 4856 potestate,
3038 4796 3202 4851 quam
3242 4797 3272 4833 a
3322 4778 3432 4834 Deo
3459 4792 3596 4833 con-

2026 4883 2202 4936 ditore
2234 4894 2330 4949 per
2364 4891 2639 4938 summum
2676 4876 2939 4929 honorem
2991 4886 3089 4940 pro
3137 4867 3595 4925 excellentissima

2028 4986 2151 5025 cum
2189 4969 2307 5040 ipso
2355 4965 2716 5024 similitudine
2748 4978 2812 5018 ac
2842 4959 3189 5017 nobilissima
3230 4957 3467 5026 imagine
3504 4969 3597 5009 ac-

2030 5068 2265 5131 ceperat,
2312 5073 2476 5128 prave
2530 5055 2793 5111 abutitur.
2850 5050 3029 5120 Neque
3065 5048 3211 5104 enim
3273 5045 3412 5101 Deus
3455 5060 3597 5098 mor-

2037 5162 2133 5205 tem
2172 5150 2319 5219 fecit,
2346 5164 2437 5202 nec
2466 5147 2683 5203 letatur
2711 5146 2765 5198 in
2792 5141 3088 5213 perditione
3114 5139 3393 5193 viventium
3425 5135 3523 5207 (7).

1625 5303 1859 5359 VARUS
1897 5301 2301 5360 LECTIONILS.

423 5402 466 5434 ⁸¹
500 5400 579 5455 Ad
604 5416 750 5453 oram
786 5401 995 5457 codicis
1019 5401 1120 5455 hoc
1150 5401 1271 5455 loco
1304 5401 1502 5471 legitur
1535 5416 1549 5453 :
1581 5399 1750 5471 Τέλος
1775 5399 1921 5471 τῆς(

2019 5399 2205 5471 τογίας·
2240 5391 2776 5471 ῈζζιᾷεΔΤρ-ειοίορὶαβ
2815 5398 2867 5471 et
2900 5389 2954 5471 in
2989 5388 3126 5471 Cres.
3164 5388 3372 5471 codice,
3405 5382 3509 5471 fol.
3545 5384 3601 5443 ’1.

344 5473 448 5525 litt.
494 5471 556 5524 I2
589 5490 601 5524 :
637 5472 801 5541 Τέλος
828 5472 925 5541 τῆς
956 5456 1121 5526 αὑτοῦ
1156 5456 1434 5541 θεολογίας
1466 5472 1560 5524 καὶ
1593 5468 1689 5523 τοῦ
1730 5456 1921 5540 ’τρίαδι

2019 5456 2214 5539 ἱλόγου
2242 5484 2257 5500 ο
2293 5464 2446 5521 Finis
2481 5456 2778 5533 Theol'ogiaa
2814 5460 2980 5529 ipsius
3024 5456 3371 5529 (Sophronii)
3413 5465 3463 5511 et
3489 5471 3606 5511 se:-

347 5543 524 5596 mom’s
557 5540 620 5595 de
644 5540 925 5595 Trinitate.

1876 5623 2104 5680 NOTAE.

418 5724 498 5792 (τ’)
533 5724 659 5794 Sap.
721 5741 757 5792 ι,
820 5725 902 5779 1'5.
943 5721 1081 5778 LXX
1142 5721 1301 5796 paulo
1329 5723 1528 5778 aliter:
1570 5711 1738 5777 Ὀτιὸ
1776 5722 1906 5797 Θεὸς

2020 5695 2184 5782 νατον
2247 5719 2346 5774 οὐκ
2411 5716 2685 5788 ἐποίησεν,
2733 5714 2854 5772 οὐδὲ
2901 5709 3163 5782 τέρπεται
3224 5711 3320 5769 ἐπ’
3374 5706 3619 5772 ἀπωλείῃ.

350 5796 427 5863 ζῶ
436 5816 458 5848 Ἰ
465 5812 588 5850 των.

2683 5949 2749 5967 ελ,
2821 5945 2888 5961 ..⁵⁵
