  <div class='ocr_page' id='page_1' title='image "/cluster/home/n/w/nwhite01/storage/ocr_20150623/87:3/hvd.32044069650125/229.png"; bbox 0 0 4022 6206; ppageno 0'>
   <div class='ocr_carea' id='block_1_1' title="bbox 449 294 583 361">
    <p class='ocr_par' dir='ltr' id='par_1_1' title="bbox 449 294 583 361">
     <span class='ocr_line' id='line_1_1' title="bbox 449 294 583 361; baseline -0.03 0"><span class='ocrx_word' id='word_1_1' title='bbox 449 294 583 361; x_wconf 77' lang='grc'><strong>3231</strong></span> 
     </span>
    </p>
   </div>
   <div class='ocr_carea' id='block_1_2' title="bbox 1332 300 2835 376">
    <p class='ocr_par' dir='ltr' id='par_1_2' title="bbox 1332 300 2835 376">
     <span class='ocr_line' id='line_1_2' title="bbox 1332 300 2835 376; baseline 0.011 -17"><span class='ocrx_word' id='word_1_2' title='bbox 1332 300 1393 362; x_wconf 91' lang='lat' dir='ltr'><strong>S.</strong></span> <span class='ocrx_word' id='word_1_3' title='bbox 1435 301 1851 364; x_wconf 74' lang='lat' dir='ltr'><strong>SOPHRONII</strong></span> <span class='ocrx_word' id='word_1_4' title='bbox 1883 306 2390 369; x_wconf 66' lang='lat' dir='ltr'><strong>PATRIARCHE</strong></span> <span class='ocrx_word' id='word_1_5' title='bbox 2427 313 2835 376; x_wconf 78' lang='lat' dir='ltr'><strong>HIEROSOL.</strong></span> 
     </span>
    </p>
   </div>
   <div class='ocr_carea' id='block_1_3' title="bbox 3576 319 3715 383">
    <p class='ocr_par' dir='ltr' id='par_1_3' title="bbox 3576 319 3715 383">
     <span class='ocr_line' id='line_1_3' title="bbox 3576 319 3715 383; baseline 0 0"><span class='ocrx_word' id='word_1_6' title='bbox 3576 319 3715 383; x_wconf 59' lang='lat'><strong>3233</strong></span> 
     </span>
    </p>
   </div>
   <div class='ocr_carea' id='block_1_4' title="bbox 530 401 2017 497">
    <p class='ocr_par' dir='ltr' id='par_1_4' title="bbox 530 401 2017 476">
     <span class='ocr_line' id='line_1_4' title="bbox 530 401 2017 476; baseline 0.003 -20"><span class='ocrx_word' id='word_1_7' title='bbox 530 402 594 457; x_wconf 84' lang='lat' dir='ltr'><strong>Et</strong></span> <span class='ocrx_word' id='word_1_8' title='bbox 632 416 758 457; x_wconf 90' lang='lat' dir='ltr'><strong>vere</strong></span> <span class='ocrx_word' id='word_1_9' title='bbox 796 401 984 458; x_wconf 81' lang='lat' dir='ltr'><strong>infelix</strong></span> <span class='ocrx_word' id='word_1_10' title='bbox 1014 410 1263 457; x_wconf 85' lang='lat' dir='ltr'><strong>evaserat</strong></span> <span class='ocrx_word' id='word_1_11' title='bbox 1312 417 1376 457; x_wconf 89' lang='lat' dir='ltr'><strong>ac</strong></span> <span class='ocrx_word' id='word_1_12' title='bbox 1411 419 1760 476; x_wconf 82' lang='lat' dir='ltr'><strong>summopere</strong></span> <span class='ocrx_word' id='word_1_13' title='bbox 1805 410 2017 462; x_wconf 88' lang='lat' dir='ltr'><strong>misera-</strong></span> 
     </span>
    </p>
   </div>
   <div class='ocr_carea' id='block_1_5' title="bbox 2124 401 3717 497">
    <p class='ocr_par' dir='ltr' id='par_1_5' title="bbox 2206 410 3717 497">
     <span class='ocr_line' id='line_1_5' title="bbox 2206 410 3717 497; baseline 0.005 -32"><span class='ocrx_word' id='word_1_14' title='bbox 2206 414 2319 466; x_wconf 73' lang='grc' dir='ltr'>Καὶ</span> <span class='ocrx_word' id='word_1_15' title='bbox 2342 410 2408 485; x_wconf 80' lang='grc' dir='ltr'>ἦν</span> <span class='ocrx_word' id='word_1_16' title='bbox 2438 414 2673 480; x_wconf 80' lang='grc' dir='ltr'>ἐλεεινὸς</span> <span class='ocrx_word' id='word_1_17' title='bbox 2702 417 2872 480; x_wconf 77' lang='grc' dir='ltr'>ὅντως</span> <span class='ocrx_word' id='word_1_18' title='bbox 2904 416 3000 471; x_wconf 70' lang='grc' dir='ltr'><strong>καὶ</strong></span> <span class='ocrx_word' id='word_1_19' title='bbox 3027 416 3323 484; x_wconf 73' lang='grc' dir='ltr'><strong>οἴκτιστος,</strong></span> <span class='ocrx_word' id='word_1_20' title='bbox 3355 423 3383 474; x_wconf 99' lang='lat'><strong>6</strong></span> <span class='ocrx_word' id='word_1_21' title='bbox 3416 423 3580 478; x_wconf 67' lang='grc' dir='ltr'>πάλαι</span> <span class='ocrx_word' id='word_1_22' title='bbox 3611 446 3717 497; x_wconf 84' lang='grc' dir='ltr'>μα-</span> 
     </span>
    </p>
   </div>
   <div class='ocr_carea' id='block_1_6' title="bbox 457 493 2031 568">
    <p class='ocr_par' dir='ltr' id='par_1_6' title="bbox 457 493 2031 568">
     <span class='ocr_line' id='line_1_6' title="bbox 457 493 2031 568; baseline 0.003 -18"><span class='ocrx_word' id='word_1_23' title='bbox 457 495 585 550; x_wconf 81' lang='lat' dir='ltr'><strong>bilis</strong></span> <span class='ocrx_word' id='word_1_24' title='bbox 614 493 704 565; x_wconf 86' lang='lat' dir='ltr'><strong>qui</strong></span> <span class='ocrx_word' id='word_1_25' title='bbox 728 494 955 564; x_wconf 84' lang='lat' dir='ltr'><strong>pridem-</strong></span> <span class='ocrx_word' id='word_1_26' title='bbox 977 502 1094 549; x_wconf 91' lang='lat' dir='ltr'><strong>erat</strong></span> <span class='ocrx_word' id='word_1_27' title='bbox 1122 494 1509 562; x_wconf 90' lang='lat' dir='ltr'><strong>beatissimus;</strong></span> <span class='ocrx_word' id='word_1_28' title='bbox 1540 498 1761 567; x_wconf 82' lang='lat' dir='ltr'><strong>quando</strong></span> <span class='ocrx_word' id='word_1_29' title='bbox 1792 499 2031 568; x_wconf 82' lang='lat' dir='ltr'><strong>paradisi</strong></span> 
     </span>
    </p>
   </div>
   <div class='ocr_carea' id='block_1_7' title="bbox 452 586 2029 659">
    <p class='ocr_par' dir='ltr' id='par_1_7' title="bbox 452 586 2029 659">
     <span class='ocr_line' id='line_1_7' title="bbox 452 586 2029 659; baseline 0.003 -19"><span class='ocrx_word' id='word_1_30' title='bbox 452 600 742 657; x_wconf 80' lang='lat' dir='ltr'><strong>possessor</strong></span> <span class='ocrx_word' id='word_1_31' title='bbox 772 586 1237 656; x_wconf 74' lang='lat' dir='ltr'><strong>conspiciebatur,</strong></span> <span class='ocrx_word' id='word_1_32' title='bbox 1282 588 1506 657; x_wconf 81' lang='lat' dir='ltr'><strong>quando</strong></span> <span class='ocrx_word' id='word_1_33' title='bbox 1562 588 1775 659; x_wconf 84' lang='lat' dir='ltr'><strong>primus</strong></span> <span class='ocrx_word' id='word_1_34' title='bbox 1819 590 2029 647; x_wconf 84' lang='lat' dir='ltr'><strong>consti-</strong></span> 
     </span>
    </p>
   </div>
   <div class='ocr_carea' id='block_1_8' title="bbox 452 677 2032 751">
    <p class='ocr_par' dir='ltr' id='par_1_8' title="bbox 452 677 2032 751">
     <span class='ocr_line' id='line_1_8' title="bbox 452 677 2032 751; baseline 0.005 -20"><span class='ocrx_word' id='word_1_35' title='bbox 452 686 607 732; x_wconf 85' lang='lat' dir='ltr'><strong>tutus</strong></span> <span class='ocrx_word' id='word_1_36' title='bbox 641 677 822 733; x_wconf 88' lang='lat' dir='ltr'><strong>fuerat</strong></span> <span class='ocrx_word' id='word_1_37' title='bbox 863 679 1103 748; x_wconf 80' lang='lat' dir='ltr'><strong>paradisi</strong></span> <span class='ocrx_word' id='word_1_38' title='bbox 1135 680 1335 746; x_wconf 80' lang='lat' dir='ltr'><strong>incola,</strong></span> <span class='ocrx_word' id='word_1_39' title='bbox 1359 682 1580 751; x_wconf 79' lang='lat' dir='ltr'><strong>quando</strong></span> <span class='ocrx_word' id='word_1_40' title='bbox 1609 682 1718 735; x_wconf 88' lang='lat' dir='ltr'><strong>vita</strong></span> <span class='ocrx_word' id='word_1_41' title='bbox 1749 682 2032 739; x_wconf 76' lang='lat' dir='ltr'><strong>laboribus</strong></span> 
     </span>
    </p>
   </div>
   <div class='ocr_carea' id='block_1_9' title="bbox 453 768 2033 843">
    <p class='ocr_par' dir='ltr' id='par_1_9' title="bbox 453 768 2033 843">
     <span class='ocr_line' id='line_1_9' title="bbox 453 768 2033 843; baseline 0.004 -20"><span class='ocrx_word' id='word_1_42' title='bbox 453 783 627 823; x_wconf 88' lang='lat' dir='ltr'><strong>vacua</strong></span> <span class='ocrx_word' id='word_1_43' title='bbox 660 769 1147 840; x_wconf 79' lang='lat' dir='ltr'><strong>molestiarumque</strong></span> <span class='ocrx_word' id='word_1_44' title='bbox 1177 768 1400 841; x_wconf 66' lang='lat' dir='ltr'><strong>eiperte</strong></span> <span class='ocrx_word' id='word_1_45' title='bbox 1454 770 1763 835; x_wconf 85' lang='lat' dir='ltr'><strong>fruebatur,</strong></span> <span class='ocrx_word' id='word_1_46' title='bbox 1807 773 2033 843; x_wconf 82' lang='lat' dir='ltr'><strong>quando</strong></span> 
     </span>
    </p>
   </div>
   <div class='ocr_carea' id='block_1_10' title="bbox 454 859 2033 935">
    <p class='ocr_par' dir='ltr' id='par_1_10' title="bbox 454 859 2033 935">
     <span class='ocr_line' id='line_1_10' title="bbox 454 859 2033 935; baseline 0.004 -22"><span class='ocrx_word' id='word_1_47' title='bbox 454 859 573 913; x_wconf 89' lang='lat' dir='ltr'><strong>sine</strong></span> <span class='ocrx_word' id='word_1_48' title='bbox 603 859 787 913; x_wconf 88' lang='lat' dir='ltr'><strong>tunica</strong></span> <span class='ocrx_word' id='word_1_49' title='bbox 813 860 1007 917; x_wconf 88' lang='lat' dir='ltr'><strong>ullisve</strong></span> <span class='ocrx_word' id='word_1_50' title='bbox 1040 862 1380 918; x_wconf 68' lang='lat' dir='ltr'><strong>indumentis</strong></span> <span class='ocrx_word' id='word_1_51' title='bbox 1410 863 1530 918; x_wconf 83' lang='lat' dir='ltr'><strong>dies</strong></span> <span class='ocrx_word' id='word_1_52' title='bbox 1557 864 1777 935; x_wconf 80' lang='lat' dir='ltr'><strong>agebat,</strong></span> <span class='ocrx_word' id='word_1_53' title='bbox 1809 864 2033 935; x_wconf 89' lang='lat' dir='ltr'><strong>quando</strong></span> 
     </span>
    </p>
   </div>
   <div class='ocr_carea' id='block_1_11' title="bbox 454 950 2029 1027">
    <p class='ocr_par' dir='ltr' id='par_1_11' title="bbox 454 950 2029 1027">
     <span class='ocr_line' id='line_1_11' title="bbox 454 950 2029 1027; baseline 0.004 -24"><span class='ocrx_word' id='word_1_54' title='bbox 454 965 563 1003; x_wconf 89' lang='lat' dir='ltr'><strong>non</strong></span> <span class='ocrx_word' id='word_1_55' title='bbox 599 950 827 1006; x_wconf 89' lang='lat' dir='ltr'><strong>timebat</strong></span> <span class='ocrx_word' id='word_1_56' title='bbox 864 967 1052 1008; x_wconf 89' lang='lat' dir='ltr'><strong>aerum</strong></span> <span class='ocrx_word' id='word_1_57' title='bbox 1085 955 1439 1018; x_wconf 88' lang='lat' dir='ltr'><strong>mutationes,</strong></span> <span class='ocrx_word' id='word_1_58' title='bbox 1471 957 1694 1027; x_wconf 88' lang='lat' dir='ltr'><strong>quando</strong></span> <span class='ocrx_word' id='word_1_59' title='bbox 1721 956 2029 1011; x_wconf 78' lang='lat' dir='ltr'><strong>molestiam</strong></span> 
     </span>
    </p>
   </div>
   <div class='ocr_carea' id='block_1_12' title="bbox 454 1042 2031 1121">
    <p class='ocr_par' dir='ltr' id='par_1_12' title="bbox 454 1042 2031 1121">
     <span class='ocr_line' id='line_1_12' title="bbox 454 1042 2031 1121; baseline 0.004 -24"><span class='ocrx_word' id='word_1_60' title='bbox 454 1042 675 1113; x_wconf 78' lang='lat' dir='ltr'><strong>frigoris</strong></span> <span class='ocrx_word' id='word_1_61' title='bbox 700 1060 808 1098; x_wconf 93' lang='lat' dir='ltr'><strong>non</strong></span> <span class='ocrx_word' id='word_1_62' title='bbox 856 1057 1106 1110; x_wconf 84' lang='lat' dir='ltr'><strong>noverat,</strong></span> <span class='ocrx_word' id='word_1_63' title='bbox 1142 1049 1362 1118; x_wconf 86' lang='lat' dir='ltr'><strong>quando</strong></span> <span class='ocrx_word' id='word_1_64' title='bbox 1396 1050 1689 1121; x_wconf 78' lang='lat' dir='ltr'><strong>ignorabat</strong></span> <span class='ocrx_word' id='word_1_65' title='bbox 1717 1049 2031 1104; x_wconf 83' lang='lat' dir='ltr'><strong>concretio-</strong></span> 
     </span>
    </p>
   </div>
   <div class='ocr_carea' id='block_1_13' title="bbox 454 1135 2032 1206">
    <p class='ocr_par' dir='ltr' id='par_1_13' title="bbox 454 1135 2032 1206">
     <span class='ocr_line' id='line_1_13' title="bbox 454 1135 2032 1206; baseline 0.004 -19"><span class='ocrx_word' id='word_1_66' title='bbox 454 1148 552 1188; x_wconf 89' lang='lat' dir='ltr'><strong>nes</strong></span> <span class='ocrx_word' id='word_1_67' title='bbox 584 1135 798 1204; x_wconf 83' lang='lat' dir='ltr'><strong>glaciei,</strong></span> <span class='ocrx_word' id='word_1_68' title='bbox 846 1138 1067 1206; x_wconf 90' lang='lat' dir='ltr'><strong>quando</strong></span> <span class='ocrx_word' id='word_1_69' title='bbox 1094 1148 1260 1195; x_wconf 54' lang='lat' dir='ltr'><strong>aestus</strong></span> <span class='ocrx_word' id='word_1_70' title='bbox 1295 1155 1404 1195; x_wconf 89' lang='lat' dir='ltr'><strong>non</strong></span> <span class='ocrx_word' id='word_1_71' title='bbox 1438 1140 1775 1195; x_wconf 62' lang='lat' dir='ltr'><strong>adiciebatur</strong></span> <span class='ocrx_word' id='word_1_72' title='bbox 1820 1140 2032 1195; x_wconf 90' lang='lat' dir='ltr'><strong>ardori-</strong></span> 
     </span>
    </p>
   </div>
   <div class='ocr_carea' id='block_1_14' title="bbox 451 1228 2033 1303">
    <p class='ocr_par' dir='ltr' id='par_1_14' title="bbox 451 1228 2033 1303">
     <span class='ocr_line' id='line_1_14' title="bbox 451 1228 2033 1303; baseline 0.007 -20"><span class='ocrx_word' id='word_1_73' title='bbox 451 1228 577 1291; x_wconf 88' lang='lat' dir='ltr'><strong>bus,</strong></span> <span class='ocrx_word' id='word_1_74' title='bbox 610 1230 854 1299; x_wconf 85' lang='lat' dir='ltr'><strong>quando,</strong></span> <span class='ocrx_word' id='word_1_75' title='bbox 889 1233 992 1301; x_wconf 76' lang='lat' dir='ltr'><strong>etsl</strong></span> <span class='ocrx_word' id='word_1_76' title='bbox 1044 1234 1225 1289; x_wconf 88' lang='lat' dir='ltr'><strong>nudus</strong></span> <span class='ocrx_word' id='word_1_77' title='bbox 1254 1236 1553 1303; x_wconf 89' lang='lat' dir='ltr'><strong>incederet,</strong></span> <span class='ocrx_word' id='word_1_78' title='bbox 1589 1254 1698 1292; x_wconf 84' lang='lat' dir='ltr'><strong>non</strong></span> <span class='ocrx_word' id='word_1_79' title='bbox 1733 1238 2033 1294; x_wconf 86' lang='lat' dir='ltr'><strong>erubesce-</strong></span> 
     </span>
    </p>
   </div>
   <div class='ocr_carea' id='block_1_15' title="bbox 451 1320 2026 1399">
    <p class='ocr_par' dir='ltr' id='par_1_15' title="bbox 451 1320 2026 1399">
     <span class='ocr_line' id='line_1_15' title="bbox 451 1320 2026 1399; baseline 0.007 -24"><span class='ocrx_word' id='word_1_80' title='bbox 451 1320 804 1391; x_wconf 87' lang='lat' dir='ltr'><strong>bat,quando</strong></span> <span class='ocrx_word' id='word_1_81' title='bbox 827 1339 935 1378; x_wconf 91' lang='lat' dir='ltr'><strong>non</strong></span> <span class='ocrx_word' id='word_1_82' title='bbox 953 1328 1340 1395; x_wconf 81' lang='lat' dir='ltr'><strong>experiebatur</strong></span> <span class='ocrx_word' id='word_1_83' title='bbox 1366 1331 1684 1399; x_wconf 82' lang='lat' dir='ltr'><strong>passionum</strong></span> <span class='ocrx_word' id='word_1_84' title='bbox 1718 1329 2026 1397; x_wconf 80' lang='lat' dir='ltr'><strong>conﬂictus,</strong></span> 
     </span>
    </p>
   </div>
   <div class='ocr_carea' id='block_1_16' title="bbox 374 1409 2026 1489">
    <p class='ocr_par' dir='ltr' id='par_1_16' title="bbox 374 1409 2026 1489">
     <span class='ocr_line' id='line_1_16' title="bbox 374 1409 2026 1489; baseline 0.009 -27"><span class='ocrx_word' id='word_1_85' title='bbox 374 1409 378 1413; x_wconf 88' lang='grc'><strong>’</strong></span> <span class='ocrx_word' id='word_1_86' title='bbox 450 1412 672 1479; x_wconf 90' lang='lat' dir='ltr'><strong>quando</strong></span> <span class='ocrx_word' id='word_1_87' title='bbox 733 1428 843 1468; x_wconf 91' lang='lat' dir='ltr'><strong>non</strong></span> <span class='ocrx_word' id='word_1_88' title='bbox 901 1415 1243 1487; x_wconf 79' lang='lat' dir='ltr'><strong>aﬂligebatur</strong></span> <span class='ocrx_word' id='word_1_89' title='bbox 1291 1420 1608 1475; x_wconf 90' lang='lat' dir='ltr'><strong>morborum</strong></span> <span class='ocrx_word' id='word_1_90' title='bbox 1663 1421 2026 1489; x_wconf 87' lang='lat' dir='ltr'><strong>cruciatibus,</strong></span> 
     </span>
    </p>
   </div>
   <div class='ocr_carea' id='block_1_17' title="bbox 451 1505 2027 1582">
    <p class='ocr_par' dir='ltr' id='par_1_17' title="bbox 451 1505 2027 1582">
     <span class='ocr_line' id='line_1_17' title="bbox 451 1505 2027 1582; baseline 0.008 -26"><span class='ocrx_word' id='word_1_91' title='bbox 451 1505 669 1571; x_wconf 85' lang='lat' dir='ltr'><strong>quando</strong></span> <span class='ocrx_word' id='word_1_92' title='bbox 699 1506 769 1560; x_wconf 89' lang='lat' dir='ltr'><strong>ab</strong></span> <span class='ocrx_word' id='word_1_93' title='bbox 795 1506 1033 1562; x_wconf 88' lang='lat' dir='ltr'><strong>humana</strong></span> <span class='ocrx_word' id='word_1_94' title='bbox 1087 1514 1349 1568; x_wconf 89' lang='lat' dir='ltr'><strong>servitute</strong></span> <span class='ocrx_word' id='word_1_95' title='bbox 1401 1514 1683 1579; x_wconf 91' lang='lat' dir='ltr'><strong>immunis,</strong></span> <span class='ocrx_word' id='word_1_96' title='bbox 1736 1515 1959 1582; x_wconf 88' lang='lat' dir='ltr'><strong>quando</strong></span> <span class='ocrx_word' id='word_1_97' title='bbox 1997 1529 2027 1569; x_wconf 90' lang='lat' dir='ltr'><strong>a</strong></span> 
     </span>
    </p>
   </div>
   <div class='ocr_carea' id='block_1_18' title="bbox 448 1593 2029 1676">
    <p class='ocr_par' dir='ltr' id='par_1_18' title="bbox 448 1593 2029 1676">
     <span class='ocr_line' id='line_1_18' title="bbox 448 1593 2029 1676; baseline 0.009 -30"><span class='ocrx_word' id='word_1_98' title='bbox 448 1593 741 1651; x_wconf 89' lang='lat' dir='ltr'><strong>barbarica</strong></span> <span class='ocrx_word' id='word_1_99' title='bbox 772 1602 1059 1668; x_wconf 84' lang='lat' dir='ltr'><strong>tyrannide</strong></span> <span class='ocrx_word' id='word_1_100' title='bbox 1087 1604 1223 1657; x_wconf 91' lang='lat' dir='ltr'><strong>liber</strong></span> <span class='ocrx_word' id='word_1_101' title='bbox 1250 1613 1369 1659; x_wconf 90' lang='lat' dir='ltr'><strong>erat</strong></span> <span class='ocrx_word' id='word_1_102' title='bbox 1393 1626 1410 1672; x_wconf 90' lang='lat'><strong>;</strong></span> <span class='ocrx_word' id='word_1_103' title='bbox 1437 1606 1663 1676; x_wconf 89' lang='lat' dir='ltr'><strong>quando</strong></span> <span class='ocrx_word' id='word_1_104' title='bbox 1687 1608 1868 1663; x_wconf 91' lang='lat' dir='ltr'><strong>nullas</strong></span> <span class='ocrx_word' id='word_1_105' title='bbox 1903 1622 2029 1662; x_wconf 71' lang='lat' dir='ltr'><strong>exa-</strong></span> 
     </span>
    </p>
   </div>
   <div class='ocr_carea' id='block_1_19' title="bbox 448 1688 2023 1769">
    <p class='ocr_par' dir='ltr' id='par_1_19' title="bbox 448 1688 2023 1769">
     <span class='ocr_line' id='line_1_19' title="bbox 448 1688 2023 1769; baseline 0.01 -32"><span class='ocrx_word' id='word_1_106' title='bbox 448 1688 620 1742; x_wconf 89' lang='lat' dir='ltr'><strong>ctoris</strong></span> <span class='ocrx_word' id='word_1_107' title='bbox 651 1690 982 1747; x_wconf 89' lang='lat' dir='ltr'><strong>tributorum</strong></span> <span class='ocrx_word' id='word_1_108' title='bbox 1012 1696 1270 1751; x_wconf 82' lang='lat' dir='ltr'><strong>audiebat</strong></span> <span class='ocrx_word' id='word_1_109' title='bbox 1300 1698 1802 1768; x_wconf 88' lang='lat' dir='ltr'><strong>interpellationes;</strong></span> <span class='ocrx_word' id='word_1_110' title='bbox 1844 1715 2023 1769; x_wconf 88' lang='lat' dir='ltr'><strong>quan-</strong></span> 
     </span>
    </p>
   </div>
   <div class='ocr_carea' id='block_1_20' title="bbox 447 1774 2020 1858">
    <p class='ocr_par' dir='ltr' id='par_1_20' title="bbox 447 1774 2020 1858">
     <span class='ocr_line' id='line_1_20' title="bbox 447 1774 2020 1858; baseline 0.008 -29"><span class='ocrx_word' id='word_1_111' title='bbox 447 1774 520 1830; x_wconf 89' lang='lat' dir='ltr'><strong>do</strong></span> <span class='ocrx_word' id='word_1_112' title='bbox 542 1791 650 1831; x_wconf 88' lang='lat' dir='ltr'><strong>non</strong></span> <span class='ocrx_word' id='word_1_113' title='bbox 692 1778 935 1848; x_wconf 84' lang='lat' dir='ltr'><strong>fugiebat</strong></span> <span class='ocrx_word' id='word_1_114' title='bbox 968 1787 1314 1841; x_wconf 88' lang='lat' dir='ltr'><strong>occurrentis</strong></span> <span class='ocrx_word' id='word_1_115' title='bbox 1350 1787 1677 1843; x_wconf 81' lang='lat' dir='ltr'><strong>feneratoris</strong></span> <span class='ocrx_word' id='word_1_116' title='bbox 1718 1799 2020 1858; x_wconf 79' lang='lat' dir='ltr'><strong>aspectum,</strong></span> 
     </span>
    </p>
   </div>
   <div class='ocr_carea' id='block_1_21' title="bbox 445 1870 2023 1951">
    <p class='ocr_par' dir='ltr' id='par_1_21' title="bbox 445 1870 2023 1951">
     <span class='ocr_line' id='line_1_21' title="bbox 445 1870 2023 1951; baseline 0.008 -30"><span class='ocrx_word' id='word_1_117' title='bbox 445 1870 668 1935; x_wconf 88' lang='lat' dir='ltr'><strong>quando</strong></span> <span class='ocrx_word' id='word_1_118' title='bbox 703 1887 811 1926; x_wconf 92' lang='lat' dir='ltr'><strong>non</strong></span> <span class='ocrx_word' id='word_1_119' title='bbox 847 1876 1077 1943; x_wconf 89' lang='lat' dir='ltr'><strong>pavebat</strong></span> <span class='ocrx_word' id='word_1_120' title='bbox 1112 1877 1350 1933; x_wconf 88' lang='lat' dir='ltr'><strong>ferarum</strong></span> <span class='ocrx_word' id='word_1_121' title='bbox 1385 1880 1661 1944; x_wconf 88' lang='lat' dir='ltr'><strong>laniatus;</strong></span> <span class='ocrx_word' id='word_1_122' title='bbox 1703 1881 1921 1951; x_wconf 83' lang='lat' dir='ltr'><strong>quando</strong></span> <span class='ocrx_word' id='word_1_123' title='bbox 1945 1880 2023 1935; x_wconf 72' lang='lat' dir='ltr'><strong>fe~</strong></span> 
     </span>
    </p>
   </div>
   <div class='ocr_carea' id='block_1_22' title="bbox 446 1952 2020 2040">
    <p class='ocr_par' dir='ltr' id='par_1_22' title="bbox 446 1952 2020 2040">
     <span class='ocr_line' id='line_1_22' title="bbox 446 1952 2020 2040; baseline 0.009 -30"><span class='ocrx_word' id='word_1_124' title='bbox 446 1952 656 2016; x_wconf 77' lang='lat' dir='ltr'><strong>licitate</strong></span> <span class='ocrx_word' id='word_1_125' title='bbox 683 1978 898 2018; x_wconf 90' lang='lat' dir='ltr'><strong>summa</strong></span> <span class='ocrx_word' id='word_1_126' title='bbox 943 1968 1273 2035; x_wconf 83' lang='lat' dir='ltr'><strong>potiebatur,</strong></span> <span class='ocrx_word' id='word_1_127' title='bbox 1301 1970 1525 2039; x_wconf 87' lang='lat' dir='ltr'><strong>quando</strong></span> <span class='ocrx_word' id='word_1_128' title='bbox 1556 1972 1796 2040; x_wconf 87' lang='lat' dir='ltr'><strong>paradisi</strong></span> <span class='ocrx_word' id='word_1_129' title='bbox 1828 1986 2020 2026; x_wconf 82' lang='lat' dir='ltr'><strong>vesce-</strong></span> 
     </span>
    </p>
   </div>
   <div class='ocr_carea' id='block_1_23' title="bbox 442 2046 2018 2126">
    <p class='ocr_par' dir='ltr' id='par_1_23' title="bbox 442 2046 2018 2126">
     <span class='ocr_line' id='line_1_23' title="bbox 442 2046 2018 2126; baseline 0.01 -24"><span class='ocrx_word' id='word_1_130' title='bbox 442 2046 607 2103; x_wconf 89' lang='lat' dir='ltr'><strong>batur</strong></span> <span class='ocrx_word' id='word_1_131' title='bbox 665 2050 961 2120; x_wconf 84' lang='lat' dir='ltr'><strong>fructibus,</strong></span> <span class='ocrx_word' id='word_1_132' title='bbox 1018 2059 1239 2126; x_wconf 90' lang='lat' dir='ltr'><strong>quando</strong></span> <span class='ocrx_word' id='word_1_133' title='bbox 1292 2060 1452 2115; x_wconf 90' lang='lat' dir='ltr'><strong>bonis</strong></span> <span class='ocrx_word' id='word_1_134' title='bbox 1510 2062 1766 2116; x_wconf 87' lang='lat' dir='ltr'><strong>omnibus</strong></span> <span class='ocrx_word' id='word_1_135' title='bbox 1813 2062 2018 2117; x_wconf 78' lang='lat' dir='ltr'><strong>affatim</strong></span> 
     </span>
    </p>
   </div>
   <div class='ocr_carea' id='block_1_24' title="bbox 442 2135 2278 2219">
    <p class='ocr_par' dir='ltr' id='par_1_24' title="bbox 442 2135 2278 2219">
     <span class='ocr_line' id='line_1_24' title="bbox 442 2135 2278 2219; baseline 0.01 -28"><span class='ocrx_word' id='word_1_136' title='bbox 442 2135 779 2208; x_wconf 84' lang='lat' dir='ltr'><strong>fruebatur;</strong></span> <span class='ocrx_word' id='word_1_137' title='bbox 836 2147 1056 2214; x_wconf 90' lang='lat' dir='ltr'><strong>quando</strong></span> <span class='ocrx_word' id='word_1_138' title='bbox 1113 2148 1294 2203; x_wconf 86' lang='lat' dir='ltr'><strong>divina</strong></span> <span class='ocrx_word' id='word_1_139' title='bbox 1360 2150 1795 2207; x_wconf 84' lang='lat' dir='ltr'><strong>collustrabatur</strong></span> <span class='ocrx_word' id='word_1_140' title='bbox 1848 2153 2015 2218; x_wconf 91' lang='lat' dir='ltr'><strong>luce,</strong></span> <span class='ocrx_word' id='word_1_141' title='bbox 2057 2152 2278 2219; x_wconf 77' lang='lat' dir='ltr'><strong>quando</strong></span> 
     </span>
    </p>
   </div>
   <div class='ocr_carea' id='block_1_25' title="bbox 2134 506 3714 583">
    <p class='ocr_par' dir='ltr' id='par_1_25' title="bbox 2134 506 3714 583">
     <span class='ocr_line' id='line_1_25' title="bbox 2134 506 3714 583; baseline 0.012 -27"><span class='ocrx_word' id='word_1_142' title='bbox 2134 506 2413 575; x_wconf 86' lang='grc' dir='ltr'>καριστὸς,</span> <span class='ocrx_word' id='word_1_143' title='bbox 2468 507 2560 561; x_wconf 81' lang='grc' dir='ltr'>ὅτε</span> <span class='ocrx_word' id='word_1_144' title='bbox 2612 510 2946 579; x_wconf 80' lang='grc' dir='ltr'><strong>παραδείσου</strong></span> <span class='ocrx_word' id='word_1_145' title='bbox 3004 512 3227 583; x_wconf 79' lang='grc' dir='ltr'>κτήτωρ</span> <span class='ocrx_word' id='word_1_146' title='bbox 3277 513 3562 583; x_wconf 74' lang='grc' dir='ltr'>ἐφαίνετο,</span> <span class='ocrx_word' id='word_1_147' title='bbox 3626 523 3714 575; x_wconf 82' lang='grc' dir='ltr'><strong>ὅτε</strong></span> 
     </span>
    </p>
   </div>
   <div class='ocr_carea' id='block_1_26' title="bbox 2135 596 3716 682">
    <p class='ocr_par' dir='ltr' id='par_1_26' title="bbox 2135 596 3716 682">
     <span class='ocr_line' id='line_1_26' title="bbox 2135 596 3716 682; baseline 0.009 -35"><span class='ocrx_word' id='word_1_148' title='bbox 2135 596 2463 666; x_wconf 72' lang='grc' dir='ltr'><strong>παραδείσου</strong></span> <span class='ocrx_word' id='word_1_149' title='bbox 2515 599 2734 669; x_wconf 83' lang='grc' dir='ltr'>πρῶτος</span> <span class='ocrx_word' id='word_1_150' title='bbox 2777 602 3018 673; x_wconf 77' lang='grc' dir='ltr'><strong>οἰκήτωρ</strong></span> <span class='ocrx_word' id='word_1_151' title='bbox 3065 602 3383 673; x_wconf 72' lang='grc' dir='ltr'>ὲτέθειτοη,</span> <span class='ocrx_word' id='word_1_152' title='bbox 3440 606 3528 659; x_wconf 83' lang='grc' dir='ltr'>ὅτε</span> <span class='ocrx_word' id='word_1_153' title='bbox 3569 609 3716 682; x_wconf 71' lang='grc' dir='ltr'>ζωὴν</span> 
     </span>
    </p>
   </div>
   <div class='ocr_carea' id='block_1_27' title="bbox 2132 685 3715 770">
    <p class='ocr_par' dir='ltr' id='par_1_27' title="bbox 2132 685 3715 770">
     <span class='ocr_line' id='line_1_27' title="bbox 2132 685 3715 770; baseline 0.008 -28"><span class='ocrx_word' id='word_1_154' title='bbox 2132 688 2332 742; x_wconf 78' lang='grc' dir='ltr'>ἄπονον</span> <span class='ocrx_word' id='word_1_155' title='bbox 2380 685 2495 760; x_wconf 71' lang='grc' dir='ltr'>εἶχε</span> <span class='ocrx_word' id='word_1_156' title='bbox 2534 692 2630 746; x_wconf 78' lang='grc' dir='ltr'>καὶ</span> <span class='ocrx_word' id='word_1_157' title='bbox 2655 692 2917 764; x_wconf 81' lang='grc' dir='ltr'>ἀμοχθον,</span> <span class='ocrx_word' id='word_1_158' title='bbox 2967 694 3055 748; x_wconf 79' lang='grc' dir='ltr'>ὅτε</span> <span class='ocrx_word' id='word_1_159' title='bbox 3106 695 3315 766; x_wconf 85' lang='grc' dir='ltr'>γυμνὸς</span> <span class='ocrx_word' id='word_1_160' title='bbox 3366 699 3460 751; x_wconf 74' lang='grc' dir='ltr'><strong>καὶ</strong></span> <span class='ocrx_word' id='word_1_161' title='bbox 3510 702 3715 770; x_wconf 80' lang='grc' dir='ltr'><strong>ἀχίτων</strong></span> 
     </span>
    </p>
   </div>
   <div class='ocr_carea' id='block_1_28' title="bbox 2132 778 3711 861">
    <p class='ocr_par' dir='ltr' id='par_1_28' title="bbox 2132 778 3711 861">
     <span class='ocr_line' id='line_1_28' title="bbox 2132 778 3711 861; baseline 0.01 -31"><span class='ocrx_word' id='word_1_162' title='bbox 2132 778 2390 849; x_wconf 78' lang='grc' dir='ltr'>διέτριϐε,</span> <span class='ocrx_word' id='word_1_163' title='bbox 2421 781 2511 835; x_wconf 85' lang='grc' dir='ltr'>ὅτε</span> <span class='ocrx_word' id='word_1_164' title='bbox 2542 783 2650 837; x_wconf 85' lang='grc' dir='ltr'><strong>τῶν</strong></span> <span class='ocrx_word' id='word_1_165' title='bbox 2684 784 2864 855; x_wconf 82' lang='grc' dir='ltr'>ἀέρων</span> <span class='ocrx_word' id='word_1_166' title='bbox 2896 786 2995 849; x_wconf 80' lang='grc' dir='ltr'>τὰς</span> <span class='ocrx_word' id='word_1_167' title='bbox 3024 786 3232 856; x_wconf 82' lang='grc' dir='ltr'>τροπὰς</span> <span class='ocrx_word' id='word_1_168' title='bbox 3252 789 3355 842; x_wconf 72' lang='grc' dir='ltr'><strong>οὐκ</strong></span> <span class='ocrx_word' id='word_1_169' title='bbox 3381 791 3711 861; x_wconf 79' lang='grc' dir='ltr'>ὲδείμαινεν,</span> 
     </span>
    </p>
   </div>
   <div class='ocr_carea' id='block_1_29' title="bbox 2132 870 3709 955">
    <p class='ocr_par' dir='ltr' id='par_1_29' title="bbox 2132 870 3709 955">
     <span class='ocr_line' id='line_1_29' title="bbox 2132 870 3709 955; baseline 0.01 -33"><span class='ocrx_word' id='word_1_170' title='bbox 2132 871 2224 923; x_wconf 82' lang='grc' dir='ltr'>ὅτε</span> <span class='ocrx_word' id='word_1_171' title='bbox 2253 870 2346 923; x_wconf 89' lang='grc' dir='ltr'><strong>τοῦ</strong></span> <span class='ocrx_word' id='word_1_172' title='bbox 2380 872 2577 942; x_wconf 79' lang='grc' dir='ltr'>κρύους</span> <span class='ocrx_word' id='word_1_173' title='bbox 2606 875 2794 944; x_wconf 78' lang='grc' dir='ltr'>ἠγνόει</span> <span class='ocrx_word' id='word_1_174' title='bbox 2832 876 2930 947; x_wconf 79' lang='grc' dir='ltr'><strong>τὴν</strong></span> <span class='ocrx_word' id='word_1_175' title='bbox 2978 876 3275 949; x_wconf 81' lang='grc' dir='ltr'>σύμπηξιν,</span> <span class='ocrx_word' id='word_1_176' title='bbox 3325 881 3415 933; x_wconf 80' lang='grc' dir='ltr'>ὅτε</span> <span class='ocrx_word' id='word_1_177' title='bbox 3450 883 3543 955; x_wconf 72' lang='grc' dir='ltr'><strong>τοῦ</strong></span> <span class='ocrx_word' id='word_1_178' title='bbox 3573 885 3709 937; x_wconf 87' lang='grc' dir='ltr'>καύ-</span> 
     </span>
    </p>
   </div>
   <div class='ocr_carea' id='block_1_30' title="bbox 2135 962 3713 1042">
    <p class='ocr_par' dir='ltr' id='par_1_30' title="bbox 2135 962 3713 1042">
     <span class='ocr_line' id='line_1_30' title="bbox 2135 962 3713 1042; baseline 0.01 -30"><span class='ocrx_word' id='word_1_179' title='bbox 2135 976 2302 1025; x_wconf 90' lang='grc' dir='ltr'>σωνος</span> <span class='ocrx_word' id='word_1_180' title='bbox 2352 962 2444 1015; x_wconf 87' lang='grc' dir='ltr'><strong>τὸν</strong></span> <span class='ocrx_word' id='word_1_181' title='bbox 2490 964 2734 1034; x_wconf 76' lang='grc' dir='ltr'>φλογμὸν</span> <span class='ocrx_word' id='word_1_182' title='bbox 2793 965 2895 1018; x_wconf 85' lang='grc' dir='ltr'><strong>ούκ</strong></span> <span class='ocrx_word' id='word_1_183' title='bbox 2939 966 3224 1035; x_wconf 71' lang='grc' dir='ltr'>ἠπίστατο,</span> <span class='ocrx_word' id='word_1_184' title='bbox 3278 969 3367 1022; x_wconf 78' lang='grc' dir='ltr'>ὅτε</span> <span class='ocrx_word' id='word_1_185' title='bbox 3429 973 3713 1042; x_wconf 75' lang='grc' dir='ltr'><strong>περιάγων</strong></span> 
     </span>
    </p>
   </div>
   <div class='ocr_carea' id='block_1_31' title="bbox 2132 1052 3711 1131">
    <p class='ocr_par' dir='ltr' id='par_1_31' title="bbox 2132 1052 3711 1131">
     <span class='ocr_line' id='line_1_31' title="bbox 2132 1052 3711 1131; baseline 0.01 -28"><span class='ocrx_word' id='word_1_186' title='bbox 2132 1052 2339 1119; x_wconf 88' lang='grc' dir='ltr'>γυμνὸς</span> <span class='ocrx_word' id='word_1_187' title='bbox 2380 1053 2490 1106; x_wconf 79' lang='grc' dir='ltr'>οὐδ’</span> <span class='ocrx_word' id='word_1_188' title='bbox 2549 1055 2841 1125; x_wconf 75' lang='grc' dir='ltr'>ᾐσχύνετο·</span> <span class='ocrx_word' id='word_1_189' title='bbox 2890 1057 2978 1110; x_wconf 82' lang='grc' dir='ltr'><strong>ὅτε</strong></span> <span class='ocrx_word' id='word_1_190' title='bbox 3025 1058 3216 1111; x_wconf 85' lang='grc' dir='ltr'>παθῶν</span> <span class='ocrx_word' id='word_1_191' title='bbox 3259 1061 3565 1131; x_wconf 73' lang='grc' dir='ltr'>προσϐολὰς</span> <span class='ocrx_word' id='word_1_192' title='bbox 3612 1067 3711 1119; x_wconf 70' lang='grc' dir='ltr'><strong>οὐκ</strong></span> 
     </span>
    </p>
   </div>
   <div class='ocr_carea' id='block_1_32' title="bbox 2130 1144 3707 1223">
    <p class='ocr_par' dir='ltr' id='par_1_32' title="bbox 2130 1144 3707 1223">
     <span class='ocr_line' id='line_1_32' title="bbox 2130 1144 3707 1223; baseline 0.008 -28"><span class='ocrx_word' id='word_1_193' title='bbox 2130 1144 2363 1213; x_wconf 77' lang='grc' dir='ltr'>ἐδέχετο,</span> <span class='ocrx_word' id='word_1_194' title='bbox 2409 1146 2496 1198; x_wconf 78' lang='grc' dir='ltr'><strong>ὅτε</strong></span> <span class='ocrx_word' id='word_1_195' title='bbox 2539 1148 2864 1216; x_wconf 75' lang='grc' dir='ltr'>νοσημάτων</span> <span class='ocrx_word' id='word_1_196' title='bbox 2897 1149 3195 1219; x_wconf 80' lang='grc' dir='ltr'><strong>ἀλγηδόνος</strong></span> <span class='ocrx_word' id='word_1_197' title='bbox 3224 1151 3325 1204; x_wconf 77' lang='grc' dir='ltr'><strong>οὐκ</strong></span> <span class='ocrx_word' id='word_1_198' title='bbox 3358 1150 3575 1223; x_wconf 77' lang='grc' dir='ltr'>ᾔσθετο,</span> <span class='ocrx_word' id='word_1_199' title='bbox 3617 1155 3707 1208; x_wconf 84' lang='grc' dir='ltr'>ὅτε</span> 
     </span>
    </p>
   </div>
   <div class='ocr_carea' id='block_1_33' title="bbox 2130 1233 3710 1316">
    <p class='ocr_par' dir='ltr' id='par_1_33' title="bbox 2130 1233 3710 1316">
     <span class='ocr_line' id='line_1_33' title="bbox 2130 1233 3710 1316; baseline 0.008 -30"><span class='ocrx_word' id='word_1_200' title='bbox 2130 1233 2374 1299; x_wconf 78' lang='grc' dir='ltr'>δουλείας</span> <span class='ocrx_word' id='word_1_201' title='bbox 2430 1236 2781 1309; x_wconf 78' lang='grc' dir='ltr'>ἀνθρωπίνης</span> <span class='ocrx_word' id='word_1_202' title='bbox 2839 1240 3191 1309; x_wconf 77' lang='grc' dir='ltr'>ἀπήλλακτο,</span> <span class='ocrx_word' id='word_1_203' title='bbox 3242 1245 3331 1297; x_wconf 83' lang='grc' dir='ltr'>ὅτε</span> <span class='ocrx_word' id='word_1_204' title='bbox 3394 1245 3710 1316; x_wconf 79' lang='grc' dir='ltr'>τυραννίδος</span> 
     </span>
    </p>
   </div>
   <div class='ocr_carea' id='block_1_34' title="bbox 2132 1325 3708 1406">
    <p class='ocr_par' dir='ltr' id='par_1_34' title="bbox 2132 1325 3708 1406">
     <span class='ocr_line' id='line_1_34' title="bbox 2132 1325 3708 1406; baseline 0.009 -29"><span class='ocrx_word' id='word_1_205' title='bbox 2132 1325 2475 1396; x_wconf 79' lang='grc' dir='ltr'>βαρϐαρικῆς</span> <span class='ocrx_word' id='word_1_206' title='bbox 2489 1327 2853 1398; x_wconf 79' lang='grc' dir='ltr'>ἠλευθέρωτο,</span> <span class='ocrx_word' id='word_1_207' title='bbox 2877 1331 2966 1383; x_wconf 79' lang='grc' dir='ltr'><strong>ὅτε</strong></span> <span class='ocrx_word' id='word_1_208' title='bbox 2991 1332 3302 1403; x_wconf 73' lang='grc' dir='ltr'>φορολόγων</span> <span class='ocrx_word' id='word_1_209' title='bbox 3327 1334 3583 1406; x_wconf 80' lang='grc' dir='ltr'>ὀχλήσεις</span> <span class='ocrx_word' id='word_1_210' title='bbox 3608 1338 3708 1391; x_wconf 82' lang='grc' dir='ltr'><strong>οὐκ</strong></span> 
     </span>
    </p>
   </div>
   <div class='ocr_carea' id='block_1_35' title="bbox 2129 1418 3707 1494">
    <p class='ocr_par' dir='ltr' id='par_1_35' title="bbox 2129 1418 3707 1494">
     <span class='ocr_line' id='line_1_35' title="bbox 2129 1418 3707 1494; baseline 0.007 -23"><span class='ocrx_word' id='word_1_211' title='bbox 2129 1418 2348 1489; x_wconf 68' lang='grc' dir='ltr'>ἤκουεν,</span> <span class='ocrx_word' id='word_1_212' title='bbox 2378 1419 2466 1472; x_wconf 84' lang='grc' dir='ltr'><strong>ὅτε</strong></span> <span class='ocrx_word' id='word_1_213' title='bbox 2503 1420 2799 1474; x_wconf 78' lang='grc' dir='ltr'>δανειστῶν</span> <span class='ocrx_word' id='word_1_214' title='bbox 2835 1425 3187 1494; x_wconf 83' lang='grc' dir='ltr'>συναντήσεις</span> <span class='ocrx_word' id='word_1_215' title='bbox 3218 1427 3317 1479; x_wconf 87' lang='grc' dir='ltr'><strong>ούκ</strong></span> <span class='ocrx_word' id='word_1_216' title='bbox 3342 1427 3593 1491; x_wconf 74' lang='grc' dir='ltr'>ἔϐλεπεν,</span> <span class='ocrx_word' id='word_1_217' title='bbox 3616 1430 3707 1482; x_wconf 84' lang='grc' dir='ltr'>ὅτε</span> 
     </span>
    </p>
   </div>
   <div class='ocr_carea' id='block_1_36' title="bbox 2130 1508 3707 1591">
    <p class='ocr_par' dir='ltr' id='par_1_36' title="bbox 2130 1508 3707 1591">
     <span class='ocr_line' id='line_1_36' title="bbox 2130 1508 3707 1591; baseline 0.007 -30"><span class='ocrx_word' id='word_1_218' title='bbox 2130 1508 2316 1579; x_wconf 84' lang='grc' dir='ltr'>θηρῶν</span> <span class='ocrx_word' id='word_1_219' title='bbox 2345 1510 2445 1563; x_wconf 83' lang='grc' dir='ltr'><strong>οὐκ</strong></span> <span class='ocrx_word' id='word_1_220' title='bbox 2473 1509 2719 1582; x_wconf 75' lang='grc' dir='ltr'>ὠρρώδει</span> <span class='ocrx_word' id='word_1_221' title='bbox 2743 1512 2786 1544; x_wconf 79' lang='grc'><strong>⁸³</strong></span> <span class='ocrx_word' id='word_1_222' title='bbox 2817 1515 3214 1585; x_wconf 82' lang='grc' dir='ltr'>σπαράγματα,</span> <span class='ocrx_word' id='word_1_223' title='bbox 3260 1518 3350 1570; x_wconf 86' lang='grc' dir='ltr'>ὅτε</span> <span class='ocrx_word' id='word_1_224' title='bbox 3401 1519 3707 1591; x_wconf 75' lang='grc' dir='ltr'>εὐημερίαν</span> 
     </span>
    </p>
   </div>
   <div class='ocr_carea' id='block_1_37' title="bbox 2128 1598 3703 1681">
    <p class='ocr_par' dir='ltr' id='par_1_37' title="bbox 2128 1598 3703 1681">
     <span class='ocr_line' id='line_1_37' title="bbox 2128 1598 3703 1681; baseline 0.007 -29"><span class='ocrx_word' id='word_1_225' title='bbox 2128 1598 2305 1669; x_wconf 78' lang='grc' dir='ltr'>ἄκραν</span> <span class='ocrx_word' id='word_1_226' title='bbox 2336 1598 2617 1670; x_wconf 78' lang='grc' dir='ltr'>ἐκέκτητο,</span> <span class='ocrx_word' id='word_1_227' title='bbox 2675 1601 2763 1654; x_wconf 82' lang='grc' dir='ltr'><strong>ὅτε</strong></span> <span class='ocrx_word' id='word_1_228' title='bbox 2819 1604 3151 1672; x_wconf 75' lang='grc' dir='ltr'>παραδείσου</span> <span class='ocrx_word' id='word_1_229' title='bbox 3184 1610 3417 1680; x_wconf 80' lang='grc' dir='ltr'>καρποῖς</span> <span class='ocrx_word' id='word_1_230' title='bbox 3464 1610 3703 1681; x_wconf 76' lang='grc' dir='ltr'>ἀπετρίο</span> 
     </span>
    </p>
   </div>
   <div class='ocr_carea' id='block_1_38' title="bbox 2130 1692 3706 1769">
    <p class='ocr_par' dir='ltr' id='par_1_38' title="bbox 2130 1692 3706 1769">
     <span class='ocr_line' id='line_1_38' title="bbox 2130 1692 3706 1769; baseline 0.009 -27"><span class='ocrx_word' id='word_1_231' title='bbox 2130 1707 2279 1760; x_wconf 81' lang='grc' dir='ltr'>φετο,</span> <span class='ocrx_word' id='word_1_232' title='bbox 2327 1692 2418 1744; x_wconf 85' lang='grc' dir='ltr'>ὅτε</span> <span class='ocrx_word' id='word_1_233' title='bbox 2465 1693 2687 1746; x_wconf 76' lang='grc' dir='ltr'>πάντων</span> <span class='ocrx_word' id='word_1_234' title='bbox 2730 1694 2953 1762; x_wconf 80' lang='grc' dir='ltr'>ἀγαθῶν</span> <span class='ocrx_word' id='word_1_235' title='bbox 2998 1696 3249 1764; x_wconf 71' lang='grc' dir='ltr'>ἀφθόνως</span> <span class='ocrx_word' id='word_1_236' title='bbox 3280 1701 3580 1769; x_wconf 79' lang='grc' dir='ltr'>ἀπήλαυεν,</span> <span class='ocrx_word' id='word_1_237' title='bbox 3616 1701 3706 1756; x_wconf 77' lang='grc' dir='ltr'><strong>ὅτε</strong></span> 
     </span>
    </p>
   </div>
   <div class='ocr_carea' id='block_1_39' title="bbox 2126 1783 3705 1862">
    <p class='ocr_par' dir='ltr' id='par_1_39' title="bbox 2126 1783 3705 1862">
     <span class='ocr_line' id='line_1_39' title="bbox 2126 1783 3705 1862; baseline 0.008 -28"><span class='ocrx_word' id='word_1_238' title='bbox 2126 1783 2261 1835; x_wconf 86' lang='grc' dir='ltr'>Θεοῦ</span> <span class='ocrx_word' id='word_1_239' title='bbox 2294 1785 2639 1852; x_wconf 76' lang='grc' dir='ltr'>φωταυγείας</span> <span class='ocrx_word' id='word_1_240' title='bbox 2686 1786 2920 1856; x_wconf 83' lang='grc' dir='ltr'>ἐδέχετο,</span> <span class='ocrx_word' id='word_1_241' title='bbox 2964 1788 3051 1841; x_wconf 83' lang='grc' dir='ltr'><strong>ὅτε</strong></span> <span class='ocrx_word' id='word_1_242' title='bbox 3102 1792 3422 1860; x_wconf 77' lang='grc' dir='ltr'>κτισμάτων</span> <span class='ocrx_word' id='word_1_243' title='bbox 3473 1793 3705 1862; x_wconf 74' lang='grc' dir='ltr'>γηΐνων,</span> 
     </span>
    </p>
   </div>
   <div class='ocr_carea' id='block_1_40' title="bbox 2126 1875 3708 1956">
    <p class='ocr_par' dir='ltr' id='par_1_40' title="bbox 2126 1875 3708 1956">
     <span class='ocr_line' id='line_1_40' title="bbox 2126 1875 3708 1956; baseline 0.007 -29"><span class='ocrx_word' id='word_1_244' title='bbox 2126 1875 2343 1938; x_wconf 88' lang='grc' dir='ltr'>κτιστὸς</span> <span class='ocrx_word' id='word_1_245' title='bbox 2370 1875 2651 1945; x_wconf 80' lang='grc' dir='ltr'>πεφυκὼς,</span> <span class='ocrx_word' id='word_1_246' title='bbox 2681 1877 3014 1944; x_wconf 77' lang='grc' dir='ltr'>ἐϐασίλευεν,</span> <span class='ocrx_word' id='word_1_247' title='bbox 3046 1881 3134 1934; x_wconf 84' lang='grc' dir='ltr'>ὅτε</span> <span class='ocrx_word' id='word_1_248' title='bbox 3167 1881 3305 1935; x_wconf 84' lang='grc' dir='ltr'>Θεοῦ</span> <span class='ocrx_word' id='word_1_249' title='bbox 3340 1883 3504 1937; x_wconf 87' lang='grc' dir='ltr'>είκὼν</span> <span class='ocrx_word' id='word_1_250' title='bbox 3538 1887 3708 1956; x_wconf 80' lang='grc' dir='ltr'>ἐχρη-</span> 
     </span>
    </p>
   </div>
   <div class='ocr_carea' id='block_1_41' title="bbox 2128 1965 3709 2045">
    <p class='ocr_par' dir='ltr' id='par_1_41' title="bbox 2128 1965 3709 2045">
     <span class='ocr_line' id='line_1_41' title="bbox 2128 1965 3709 2045; baseline 0.006 -27"><span class='ocrx_word' id='word_1_251' title='bbox 2128 1965 2365 2035; x_wconf 76' lang='grc' dir='ltr'>μάτιζε,</span> <span class='ocrx_word' id='word_1_252' title='bbox 2436 1968 2529 2020; x_wconf 74' lang='grc' dir='ltr'><strong>καὶ</strong></span> <span class='ocrx_word' id='word_1_253' title='bbox 2602 1967 2859 2038; x_wconf 81' lang='grc' dir='ltr'>ὁμοιώσει</span> <span class='ocrx_word' id='word_1_254' title='bbox 2933 1969 3069 2025; x_wconf 89' lang='grc' dir='ltr'>Θεοῦ</span> <span class='ocrx_word' id='word_1_255' title='bbox 3140 1971 3479 2043; x_wconf 79' lang='grc' dir='ltr'>θαυμαστῶς</span> <span class='ocrx_word' id='word_1_256' title='bbox 3550 1976 3709 2045; x_wconf 73' lang='grc' dir='ltr'>εφαι-</span> 
     </span>
    </p>
   </div>
   <div class='ocr_carea' id='block_1_42' title="bbox 2125 2058 2368 2129">
    <p class='ocr_par' dir='ltr' id='par_1_42' title="bbox 2125 2058 2368 2129">
     <span class='ocr_line' id='line_1_42' title="bbox 2125 2058 2368 2129; baseline 0.016 -18"><span class='ocrx_word' id='word_1_257' title='bbox 2125 2058 2368 2129; x_wconf 82' lang='grc' dir='ltr'>δρύνετο.</span> 
     </span>
    </p>
   </div>
   <div class='ocr_carea' id='block_1_43' title="bbox 2373 2152 3715 2228">
    <p class='ocr_par' dir='ltr' id='par_1_43' title="bbox 2373 2152 3715 2228">
     <span class='ocr_line' id='line_1_43' title="bbox 2373 2152 3715 2228; baseline 0.007 -24"><span class='ocrx_word' id='word_1_258' title='bbox 2373 2152 2731 2209; x_wconf 88' lang='lat' dir='ltr'><strong>terrestribus</strong></span> <span class='ocrx_word' id='word_1_259' title='bbox 2815 2160 3107 2219; x_wconf 82' lang='lat' dir='ltr'><strong>creaturis,</strong></span> <span class='ocrx_word' id='word_1_260' title='bbox 3165 2156 3418 2226; x_wconf 87' lang='lat' dir='ltr'><strong>quamvis</strong></span> <span class='ocrx_word' id='word_1_261' title='bbox 3472 2164 3528 2212; x_wconf 86' lang='lat' dir='ltr'><strong>et</strong></span> <span class='ocrx_word' id='word_1_262' title='bbox 3586 2157 3715 2228; x_wconf 74' lang='lat' dir='ltr'><strong>ipse</strong></span> 
     </span>
    </p>
   </div>
   <div class='ocr_carea' id='block_1_44' title="bbox 440 2238 3715 2318">
    <p class='ocr_par' dir='ltr' id='par_1_44' title="bbox 440 2238 3715 2318">
     <span class='ocr_line' id='line_1_44' title="bbox 440 2238 3715 2318; baseline 0.007 -37"><span class='ocrx_word' id='word_1_263' title='bbox 440 2238 682 2295; x_wconf 87' lang='lat' dir='ltr'><strong>creatus,</strong></span> <span class='ocrx_word' id='word_1_264' title='bbox 717 2240 975 2304; x_wconf 89' lang='lat' dir='ltr'><strong>tanquam</strong></span> <span class='ocrx_word' id='word_1_265' title='bbox 1026 2253 1119 2293; x_wconf 82' lang='lat' dir='ltr'><strong>rex</strong></span> <span class='ocrx_word' id='word_1_266' title='bbox 1168 2241 1603 2297; x_wconf 85' lang='lat' dir='ltr'><strong>dominabatur:</strong></span> <span class='ocrx_word' id='word_1_267' title='bbox 1652 2243 1872 2315; x_wconf 88' lang='lat' dir='ltr'><strong>quando</strong></span> <span class='ocrx_word' id='word_1_268' title='bbox 1912 2242 2004 2299; x_wconf 84' lang='lat' dir='ltr'><strong>Dei</strong></span> <span class='ocrx_word' id='word_1_269' title='bbox 2045 2244 2372 2313; x_wconf 73' lang='lat' dir='ltr'><strong>praeferebat</strong></span> <span class='ocrx_word' id='word_1_270' title='bbox 2430 2244 2724 2314; x_wconf 78' lang='lat' dir='ltr'><strong>imaginem</strong></span> <span class='ocrx_word' id='word_1_271' title='bbox 2751 2285 2765 2309; x_wconf 94' lang='lat'><strong>,</strong></span> <span class='ocrx_word' id='word_1_272' title='bbox 2797 2252 2853 2300; x_wconf 87' lang='lat' dir='ltr'><strong>et</strong></span> <span class='ocrx_word' id='word_1_273' title='bbox 2898 2254 3120 2318; x_wconf 85' lang='lat' dir='ltr'><strong>propter</strong></span> <span class='ocrx_word' id='word_1_274' title='bbox 3149 2261 3306 2303; x_wconf 83' lang='lat' dir='ltr'><strong>suam</strong></span> <span class='ocrx_word' id='word_1_275' title='bbox 3374 2262 3501 2304; x_wconf 92' lang='lat' dir='ltr'><strong>cum</strong></span> <span class='ocrx_word' id='word_1_276' title='bbox 3592 2248 3715 2305; x_wconf 82' lang='lat' dir='ltr'><strong>Deo-</strong></span> 
     </span>
    </p>
   </div>
   <div class='ocr_carea' id='block_1_45' title="bbox 442 2322 1808 2409">
    <p class='ocr_par' dir='ltr' id='par_1_45' title="bbox 442 2322 1808 2409">
     <span class='ocr_line' id='line_1_45' title="bbox 442 2322 1808 2409; baseline 0.012 -31"><span class='ocrx_word' id='word_1_277' title='bbox 442 2322 859 2382; x_wconf 81' lang='lat' dir='ltr'><strong>similitudinem</strong></span> <span class='ocrx_word' id='word_1_278' title='bbox 887 2331 1086 2385; x_wconf 91' lang='lat' dir='ltr'><strong>mirum</strong></span> <span class='ocrx_word' id='word_1_279' title='bbox 1132 2334 1188 2389; x_wconf 90' lang='lat' dir='ltr'><strong>in</strong></span> <span class='ocrx_word' id='word_1_280' title='bbox 1225 2337 1447 2391; x_wconf 83' lang='lat' dir='ltr'><strong>modum</strong></span> <span class='ocrx_word' id='word_1_281' title='bbox 1480 2339 1808 2409; x_wconf 80' lang='lat' dir='ltr'><strong>refulgebat.</strong></span> 
     </span>
    </p>
   </div>
   <div class='ocr_carea' id='block_1_46' title="bbox 512 2414 2015 2500">
    <p class='ocr_par' dir='ltr' id='par_1_46' title="bbox 512 2414 2015 2500">
     <span class='ocr_line' id='line_1_46' title="bbox 512 2414 2015 2500; baseline 0.013 -33"><span class='ocrx_word' id='word_1_282' title='bbox 512 2414 722 2481; x_wconf 85' lang='lat' dir='ltr'><strong>Quibus</strong></span> <span class='ocrx_word' id='word_1_283' title='bbox 767 2434 901 2475; x_wconf 84' lang='lat' dir='ltr'><strong>sane</strong></span> <span class='ocrx_word' id='word_1_284' title='bbox 956 2426 1236 2493; x_wconf 84' lang='lat' dir='ltr'><strong>omnibus,</strong></span> <span class='ocrx_word' id='word_1_285' title='bbox 1290 2439 1580 2500; x_wconf 82' lang='lat' dir='ltr'><strong>pnstquam</strong></span> <span class='ocrx_word' id='word_1_286' title='bbox 1642 2433 1886 2491; x_wconf 83' lang='lat' dir='ltr'><strong>salutare</strong></span> <span class='ocrx_word' id='word_1_287' title='bbox 1924 2432 2015 2487; x_wconf 87' lang='lat' dir='ltr'><strong>Dei</strong></span> 
     </span>
    </p>
   </div>
   <div class='ocr_carea' id='block_1_47' title="bbox 440 2507 2019 2595">
    <p class='ocr_par' dir='ltr' id='par_1_47' title="bbox 440 2507 2019 2595">
     <span class='ocr_line' id='line_1_47' title="bbox 440 2507 2019 2595; baseline 0.014 -38"><span class='ocrx_word' id='word_1_288' title='bbox 440 2507 761 2562; x_wconf 86' lang='lat' dir='ltr'><strong>mandatum</strong></span> <span class='ocrx_word' id='word_1_289' title='bbox 797 2518 1179 2584; x_wconf 84' lang='lat' dir='ltr'><strong>transgressus</strong></span> <span class='ocrx_word' id='word_1_290' title='bbox 1225 2526 1331 2586; x_wconf 90' lang='lat' dir='ltr'><strong>est,</strong></span> <span class='ocrx_word' id='word_1_291' title='bbox 1384 2530 1575 2591; x_wconf 88' lang='lat' dir='ltr'><strong>utpote</strong></span> <span class='ocrx_word' id='word_1_292' title='bbox 1626 2523 1679 2577; x_wconf 92' lang='lat' dir='ltr'><strong>in</strong></span> <span class='ocrx_word' id='word_1_293' title='bbox 1714 2523 1883 2578; x_wconf 87' lang='lat' dir='ltr'><strong>Deum</strong></span> <span class='ocrx_word' id='word_1_294' title='bbox 1940 2527 2019 2595; x_wconf 86' lang='lat' dir='ltr'><strong>ip—</strong></span> 
     </span>
    </p>
   </div>
   <div class='ocr_carea' id='block_1_48' title="bbox 441 2599 2017 2685">
    <p class='ocr_par' dir='ltr' id='par_1_48' title="bbox 441 2599 2017 2685">
     <span class='ocr_line' id='line_1_48' title="bbox 441 2599 2017 2685; baseline 0.013 -33"><span class='ocrx_word' id='word_1_295' title='bbox 441 2610 563 2652; x_wconf 83' lang='lat' dir='ltr'><strong>sum</strong></span> <span class='ocrx_word' id='word_1_296' title='bbox 598 2599 839 2665; x_wconf 85' lang='lat' dir='ltr'><strong>rebellis,</strong></span> <span class='ocrx_word' id='word_1_297' title='bbox 869 2607 1231 2675; x_wconf 78' lang='lat' dir='ltr'><strong>exspoliatnr,</strong></span> <span class='ocrx_word' id='word_1_298' title='bbox 1258 2625 1321 2665; x_wconf 89' lang='lat' dir='ltr'><strong>ac</strong></span> <span class='ocrx_word' id='word_1_299' title='bbox 1354 2612 1535 2669; x_wconf 91' lang='lat' dir='ltr'><strong>nudus</strong></span> <span class='ocrx_word' id='word_1_300' title='bbox 1570 2622 1625 2668; x_wconf 82' lang='lat' dir='ltr'><strong>et</strong></span> <span class='ocrx_word' id='word_1_301' title='bbox 1660 2617 1890 2685; x_wconf 88' lang='lat' dir='ltr'><strong>pristino</strong></span> <span class='ocrx_word' id='word_1_302' title='bbox 1920 2618 2017 2671; x_wconf 90' lang='lat' dir='ltr'><strong>de-</strong></span> 
     </span>
    </p>
   </div>
   <div class='ocr_carea' id='block_1_49' title="bbox 442 2695 2018 2783">
    <p class='ocr_par' dir='ltr' id='par_1_49' title="bbox 442 2695 2018 2783">
     <span class='ocr_line' id='line_1_49' title="bbox 442 2695 2018 2783; baseline 0.013 -34"><span class='ocrx_word' id='word_1_303' title='bbox 442 2695 672 2753; x_wconf 76' lang='lat' dir='ltr'><strong>atitutus</strong></span> <span class='ocrx_word' id='word_1_304' title='bbox 717 2700 1011 2769; x_wconf 88' lang='lat' dir='ltr'><strong>splendore</strong></span> <span class='ocrx_word' id='word_1_305' title='bbox 1062 2705 1426 2776; x_wconf 85' lang='lat' dir='ltr'><strong>relinquitur;</strong></span> <span class='ocrx_word' id='word_1_306' title='bbox 1473 2718 1637 2779; x_wconf 88' lang='lat' dir='ltr'><strong>atque</strong></span> <span class='ocrx_word' id='word_1_307' title='bbox 1683 2728 1713 2765; x_wconf 91' lang='lat' dir='ltr'><strong>a</strong></span> <span class='ocrx_word' id='word_1_308' title='bbox 1764 2714 2018 2783; x_wconf 88' lang='lat' dir='ltr'><strong>paradiso</strong></span> 
     </span>
    </p>
   </div>
   <div class='ocr_carea' id='block_1_50' title="bbox 442 2785 2014 2868">
    <p class='ocr_par' dir='ltr' id='par_1_50' title="bbox 442 2785 2014 2868">
     <span class='ocr_line' id='line_1_50' title="bbox 442 2785 2014 2868; baseline 0.01 -29"><span class='ocrx_word' id='word_1_309' title='bbox 442 2785 662 2856; x_wconf 88' lang='lat' dir='ltr'><strong>quidem</strong></span> <span class='ocrx_word' id='word_1_310' title='bbox 696 2802 727 2842; x_wconf 89' lang='lat' dir='ltr'><strong>e</strong></span> <span class='ocrx_word' id='word_1_311' title='bbox 766 2790 993 2861; x_wconf 87' lang='lat' dir='ltr'><strong>vestigio</strong></span> <span class='ocrx_word' id='word_1_312' title='bbox 1018 2794 1332 2863; x_wconf 82' lang='lat' dir='ltr'><strong>expellitur,</strong></span> <span class='ocrx_word' id='word_1_313' title='bbox 1367 2797 1531 2868; x_wconf 87' lang='lat' dir='ltr'><strong>inque</strong></span> <span class='ocrx_word' id='word_1_314' title='bbox 1562 2809 1763 2854; x_wconf 89' lang='lat' dir='ltr'><strong>terram</strong></span> <span class='ocrx_word' id='word_1_315' title='bbox 1799 2818 2014 2868; x_wconf 88' lang='lat' dir='ltr'><strong>rursus,</strong></span> 
     </span>
    </p>
   </div>
   <div class='ocr_carea' id='block_1_51' title="bbox 441 2877 2011 2960">
    <p class='ocr_par' dir='ltr' id='par_1_51' title="bbox 441 2877 2011 2960">
     <span class='ocr_line' id='line_1_51' title="bbox 441 2877 2011 2960; baseline 0.012 -31"><span class='ocrx_word' id='word_1_316' title='bbox 441 2877 646 2947; x_wconf 89' lang='lat' dir='ltr'><strong>quippe</strong></span> <span class='ocrx_word' id='word_1_317' title='bbox 673 2881 1051 2949; x_wconf 90' lang='lat' dir='ltr'><strong>corruptibilis</strong></span> <span class='ocrx_word' id='word_1_318' title='bbox 1083 2884 1153 2938; x_wconf 91' lang='lat' dir='ltr'><strong>ob</strong></span> <span class='ocrx_word' id='word_1_319' title='bbox 1197 2888 1708 2954; x_wconf 68' lang='lat' dir='ltr'><strong>prmvaricationem</strong></span> <span class='ocrx_word' id='word_1_320' title='bbox 1763 2892 2011 2960; x_wconf 79' lang='lat' dir='ltr'><strong>eﬁ&#39;ectus,</strong></span> 
     </span>
    </p>
   </div>
   <div class='ocr_carea' id='block_1_52' title="bbox 441 2966 2016 3050">
    <p class='ocr_par' dir='ltr' id='par_1_52' title="bbox 441 2966 2016 3050">
     <span class='ocr_line' id='line_1_52' title="bbox 441 2966 2016 3050; baseline 0.013 -32"><span class='ocrx_word' id='word_1_321' title='bbox 441 2966 774 3033; x_wconf 82' lang='lat' dir='ltr'><strong>revertitur;</strong></span> <span class='ocrx_word' id='word_1_322' title='bbox 804 2984 1034 3026; x_wconf 83' lang='lat' dir='ltr'><strong>excessu</strong></span> <span class='ocrx_word' id='word_1_323' title='bbox 1070 2984 1253 3029; x_wconf 89' lang='lat' dir='ltr'><strong>autem</strong></span> <span class='ocrx_word' id='word_1_324' title='bbox 1284 2978 1553 3046; x_wconf 69' lang='lat' dir='ltr'><strong>stultitiae,</strong></span> <span class='ocrx_word' id='word_1_325' title='bbox 1608 2981 1902 3050; x_wconf 90' lang='lat' dir='ltr'><strong>pristinam</strong></span> <span class='ocrx_word' id='word_1_326' title='bbox 1952 2985 2016 3038; x_wconf 85' lang='lat' dir='ltr'><strong>il-</strong></span> 
     </span>
    </p>
   </div>
   <div class='ocr_carea' id='block_1_53' title="bbox 442 3054 2017 3142">
    <p class='ocr_par' dir='ltr' id='par_1_53' title="bbox 442 3054 2017 3142">
     <span class='ocr_line' id='line_1_53' title="bbox 442 3054 2017 3142; baseline 0.013 -33"><span class='ocrx_word' id='word_1_327' title='bbox 442 3054 549 3110; x_wconf 80' lang='lat' dir='ltr'><strong>iam</strong></span> <span class='ocrx_word' id='word_1_328' title='bbox 597 3068 807 3114; x_wconf 78' lang='lat' dir='ltr'><strong>exuens</strong></span> <span class='ocrx_word' id='word_1_329' title='bbox 846 3061 1191 3131; x_wconf 87' lang='lat' dir='ltr'><strong>dignitatem,</strong></span> <span class='ocrx_word' id='word_1_330' title='bbox 1226 3082 1331 3136; x_wconf 91' lang='lat' dir='ltr'><strong>qua</strong></span> <span class='ocrx_word' id='word_1_331' title='bbox 1384 3066 1529 3125; x_wconf 89' lang='lat' dir='ltr'><strong>Deus</strong></span> <span class='ocrx_word' id='word_1_332' title='bbox 1585 3072 1777 3142; x_wconf 85' lang='lat' dir='ltr'><strong>ipsum’</strong></span> <span class='ocrx_word' id='word_1_333' title='bbox 1820 3090 2017 3130; x_wconf 85' lang='lat' dir='ltr'><strong>creans</strong></span> 
     </span>
    </p>
   </div>
   <div class='ocr_carea' id='block_1_54' title="bbox 440 3151 2015 3233">
    <p class='ocr_par' dir='ltr' id='par_1_54' title="bbox 440 3151 2015 3233">
     <span class='ocr_line' id='line_1_54' title="bbox 440 3151 2015 3233; baseline 0.012 -32"><span class='ocrx_word' id='word_1_334' title='bbox 440 3158 825 3213; x_wconf 79' lang='lat' dir='ltr'><strong>exornaverat,</strong></span> <span class='ocrx_word' id='word_1_335' title='bbox 882 3151 1082 3209; x_wconf 87' lang='lat' dir='ltr'><strong>similis</strong></span> <span class='ocrx_word' id='word_1_336' title='bbox 1136 3154 1399 3224; x_wconf 89' lang='lat' dir='ltr'><strong>jumentis</strong></span> <span class='ocrx_word' id='word_1_337' title='bbox 1451 3161 1657 3215; x_wconf 84' lang='lat' dir='ltr'><strong>evadit.</strong></span> <span class='ocrx_word' id='word_1_338' title='bbox 1707 3164 1888 3233; x_wconf 77' lang='lat' dir='ltr'><strong>Atque</strong></span> <span class='ocrx_word' id='word_1_339' title='bbox 1942 3165 2015 3220; x_wconf 88' lang='lat' dir='ltr'><strong>ita</strong></span> 
     </span>
    </p>
   </div>
   <div class='ocr_carea' id='block_1_55' title="bbox 440 3235 2016 3321">
    <p class='ocr_par' dir='ltr' id='par_1_55' title="bbox 440 3235 2016 3321">
     <span class='ocr_line' id='line_1_55' title="bbox 440 3235 2016 3321; baseline 0.01 -30"><span class='ocrx_word' id='word_1_340' title='bbox 440 3235 571 3291; x_wconf 90' lang='lat' dir='ltr'><strong>dum</strong></span> <span class='ocrx_word' id='word_1_341' title='bbox 602 3252 701 3306; x_wconf 92' lang='lat' dir='ltr'><strong>per</strong></span> <span class='ocrx_word' id='word_1_342' title='bbox 730 3239 839 3293; x_wconf 90' lang='lat' dir='ltr'><strong>vim</strong></span> <span class='ocrx_word' id='word_1_343' title='bbox 890 3241 1177 3298; x_wconf 86' lang='lat' dir='ltr'><strong>divinitate</strong></span> <span class='ocrx_word' id='word_1_344' title='bbox 1206 3247 1367 3314; x_wconf 92' lang='lat' dir='ltr'><strong>potiri</strong></span> <span class='ocrx_word' id='word_1_345' title='bbox 1394 3263 1454 3302; x_wconf 90' lang='lat' dir='ltr'><strong>se</strong></span> <span class='ocrx_word' id='word_1_346' title='bbox 1482 3264 1645 3319; x_wconf 89' lang='lat' dir='ltr'><strong>posse</strong></span> <span class='ocrx_word' id='word_1_347' title='bbox 1675 3259 1865 3321; x_wconf 91' lang='lat' dir='ltr'><strong>putat,</strong></span> <span class='ocrx_word' id='word_1_348' title='bbox 1897 3269 2016 3309; x_wconf 90' lang='lat' dir='ltr'><strong>cor-</strong></span> 
     </span>
    </p>
   </div>
   <div class='ocr_carea' id='block_1_56' title="bbox 442 3312 2086 3415">
    <p class='ocr_par' dir='ltr' id='par_1_56' title="bbox 442 3312 2086 3415">
     <span class='ocr_line' id='line_1_56' title="bbox 442 3312 2086 3415; baseline 0.015 -36"><span class='ocrx_word' id='word_1_349' title='bbox 442 3326 740 3397; x_wconf 85' lang='lat' dir='ltr'><strong>ruptionis,</strong></span> <span class='ocrx_word' id='word_1_350' title='bbox 807 3333 998 3389; x_wconf 86' lang='lat' dir='ltr'><strong>mortis</strong></span> <span class='ocrx_word' id='word_1_351' title='bbox 1061 3345 1116 3390; x_wconf 89' lang='lat' dir='ltr'><strong>et</strong></span> <span class='ocrx_word' id='word_1_352' title='bbox 1185 3338 1505 3406; x_wconf 84' lang='lat' dir='ltr'><strong>passionum</strong></span> <span class='ocrx_word' id='word_1_353' title='bbox 1578 3343 1842 3398; x_wconf 81' lang='lat' dir='ltr'><strong>servitute</strong></span> <span class='ocrx_word' id='word_1_354' title='bbox 1890 3312 2086 3415; x_wconf 71' lang='lat' dir='ltr'><strong>pre-C</strong></span> 
     </span>
    </p>
   </div>
   <div class='ocr_carea' id='block_1_57' title="bbox 440 3423 631 3476">
    <p class='ocr_par' dir='ltr' id='par_1_57' title="bbox 440 3423 631 3476">
     <span class='ocr_line' id='line_1_57' title="bbox 440 3423 631 3476; baseline 0.01 -3"><span class='ocrx_word' id='word_1_355' title='bbox 440 3423 631 3476; x_wconf 85' lang='lat' dir='ltr'><strong>mitur.</strong></span> 
     </span>
    </p>
   </div>
   <div class='ocr_carea' id='block_1_58' title="bbox 511 3508 2015 3596">
    <p class='ocr_par' dir='ltr' id='par_1_58' title="bbox 511 3508 2015 3596">
     <span class='ocr_line' id='line_1_58' title="bbox 511 3508 2015 3596; baseline 0.011 -32"><span class='ocrx_word' id='word_1_356' title='bbox 511 3508 652 3566; x_wconf 82' lang='lat' dir='ltr'><strong>XIII.</strong></span> <span class='ocrx_word' id='word_1_357' title='bbox 698 3511 899 3569; x_wconf 80' lang='lat' dir='ltr'><strong>Verum</strong></span> <span class='ocrx_word' id='word_1_358' title='bbox 937 3517 1030 3587; x_wconf 90' lang='lat' dir='ltr'><strong>qni</strong></span> <span class='ocrx_word' id='word_1_359' title='bbox 1062 3532 1186 3573; x_wconf 88' lang='lat' dir='ltr'><strong>eum</strong></span> <span class='ocrx_word' id='word_1_360' title='bbox 1220 3537 1251 3576; x_wconf 91' lang='lat' dir='ltr'><strong>e</strong></span> <span class='ocrx_word' id='word_1_361' title='bbox 1285 3520 1480 3588; x_wconf 86' lang='lat' dir='ltr'><strong>nihilo,</strong></span> <span class='ocrx_word' id='word_1_362' title='bbox 1513 3526 1660 3594; x_wconf 89' lang='lat' dir='ltr'><strong>quod</strong></span> <span class='ocrx_word' id='word_1_363' title='bbox 1692 3527 1844 3596; x_wconf 90' lang='lat' dir='ltr'><strong>prius</strong></span> <span class='ocrx_word' id='word_1_364' title='bbox 1877 3538 2015 3595; x_wconf 89' lang='lat' dir='ltr'><strong>erat,</strong></span> 
     </span>
    </p>
   </div>
   <div class='ocr_carea' id='block_1_59' title="bbox 437 3601 2013 3687">
    <p class='ocr_par' dir='ltr' id='par_1_59' title="bbox 437 3601 2013 3687">
     <span class='ocr_line' id='line_1_59' title="bbox 437 3601 2013 3687; baseline 0.011 -30"><span class='ocrx_word' id='word_1_365' title='bbox 437 3601 679 3659; x_wconf 88' lang='lat' dir='ltr'><strong>educens</strong></span> <span class='ocrx_word' id='word_1_366' title='bbox 721 3621 1027 3674; x_wconf 80' lang='lat' dir='ltr'><strong>creaverat,</strong></span> <span class='ocrx_word' id='word_1_367' title='bbox 1080 3609 1136 3665; x_wconf 84' lang='lat' dir='ltr'><strong>in</strong></span> <span class='ocrx_word' id='word_1_368' title='bbox 1186 3613 1280 3665; x_wconf 88' lang='lat' dir='ltr'><strong>tali</strong></span> <span class='ocrx_word' id='word_1_369' title='bbox 1329 3615 1643 3671; x_wconf 86' lang='lat' dir='ltr'><strong>conditione</strong></span> <span class='ocrx_word' id='word_1_370' title='bbox 1677 3618 1855 3687; x_wconf 90' lang='lat' dir='ltr'><strong>ipsum</strong></span> <span class='ocrx_word' id='word_1_371' title='bbox 1890 3635 2013 3675; x_wconf 90' lang='lat' dir='ltr'><strong>eum</strong></span> 
     </span>
    </p>
   </div>
   <div class='ocr_carea' id='block_1_60' title="bbox 437 3696 2013 3773">
    <p class='ocr_par' dir='ltr' id='par_1_60' title="bbox 437 3696 2013 3773">
     <span class='ocr_line' id='line_1_60' title="bbox 437 3696 2013 3773; baseline 0.014 -28"><span class='ocrx_word' id='word_1_372' title='bbox 437 3703 713 3760; x_wconf 90' lang='lat' dir='ltr'><strong>cerneret,</strong></span> <span class='ocrx_word' id='word_1_373' title='bbox 750 3696 1124 3754; x_wconf 80' lang='lat' dir='ltr'><strong>misericordia</strong></span> <span class='ocrx_word' id='word_1_374' title='bbox 1176 3708 1356 3758; x_wconf 90' lang='lat' dir='ltr'><strong>tactus</strong></span> <span class='ocrx_word' id='word_1_375' title='bbox 1397 3713 1515 3773; x_wconf 88' lang='lat' dir='ltr'><strong>est;</strong></span> <span class='ocrx_word' id='word_1_376' title='bbox 1551 3716 1605 3762; x_wconf 90' lang='lat' dir='ltr'><strong>ct</strong></span> <span class='ocrx_word' id='word_1_377' title='bbox 1638 3716 1815 3765; x_wconf 87' lang='lat' dir='ltr'><strong>tactus</strong></span> <span class='ocrx_word' id='word_1_378' title='bbox 1849 3712 2013 3766; x_wconf 84' lang='lat' dir='ltr'><strong>mise-</strong></span> 
     </span>
    </p>
   </div>
   <div class='ocr_carea' id='block_1_61' title="bbox 436 3778 2010 3863">
    <p class='ocr_par' dir='ltr' id='par_1_61' title="bbox 436 3778 2010 3863">
     <span class='ocr_line' id='line_1_61' title="bbox 436 3778 2010 3863; baseline 0.017 -31"><span class='ocrx_word' id='word_1_379' title='bbox 436 3778 675 3834; x_wconf 88' lang='lat' dir='ltr'><strong>ricordia</strong></span> <span class='ocrx_word' id='word_1_380' title='bbox 715 3783 782 3837; x_wconf 89' lang='lat' dir='ltr'><strong>ad</strong></span> <span class='ocrx_word' id='word_1_381' title='bbox 817 3784 1185 3843; x_wconf 86' lang='lat' dir='ltr'><strong>miserandum</strong></span> <span class='ocrx_word' id='word_1_382' title='bbox 1220 3800 1302 3846; x_wconf 89' lang='lat' dir='ltr'><strong>cst</strong></span> <span class='ocrx_word' id='word_1_383' title='bbox 1350 3808 1688 3863; x_wconf 89' lang='lat' dir='ltr'><strong>conversus;</strong></span> <span class='ocrx_word' id='word_1_384' title='bbox 1739 3800 1791 3852; x_wconf 92' lang='lat' dir='ltr'><strong>in</strong></span> <span class='ocrx_word' id='word_1_385' title='bbox 1842 3802 2010 3857; x_wconf 80' lang='lat' dir='ltr'><strong>mise-</strong></span> 
     </span>
    </p>
   </div>
   <div class='ocr_carea' id='block_1_62' title="bbox 436 3872 2010 3947">
    <p class='ocr_par' dir='ltr' id='par_1_62' title="bbox 436 3872 2010 3947">
     <span class='ocr_line' id='line_1_62' title="bbox 436 3872 2010 3947; baseline 0.016 -24"><span class='ocrx_word' id='word_1_386' title='bbox 436 3872 612 3925; x_wconf 87' lang='lat' dir='ltr'><strong>rando</strong></span> <span class='ocrx_word' id='word_1_387' title='bbox 641 3882 821 3928; x_wconf 89' lang='lat' dir='ltr'><strong>autem</strong></span> <span class='ocrx_word' id='word_1_388' title='bbox 864 3875 989 3933; x_wconf 89' lang='lat' dir='ltr'><strong>imis</strong></span> <span class='ocrx_word' id='word_1_389' title='bbox 1030 3895 1088 3934; x_wconf 90' lang='lat' dir='ltr'><strong>se</strong></span> <span class='ocrx_word' id='word_1_390' title='bbox 1112 3882 1415 3939; x_wconf 85' lang='lat' dir='ltr'><strong>visceribus</strong></span> <span class='ocrx_word' id='word_1_391' title='bbox 1448 3896 1782 3943; x_wconf 90' lang='lat' dir='ltr'><strong>commotum</strong></span> <span class='ocrx_word' id='word_1_392' title='bbox 1825 3903 2010 3947; x_wconf 86' lang='lat' dir='ltr'><strong>osten-</strong></span> 
     </span>
    </p>
   </div>
   <div class='ocr_carea' id='block_1_63' title="bbox 364 3963 2006 4051">
    <p class='ocr_par' dir='ltr' id='par_1_63' title="bbox 364 3963 2006 4051">
     <span class='ocr_line' id='line_1_63' title="bbox 364 3963 2006 4051; baseline 0.015 -36"><span class='ocrx_word' id='word_1_393' title='bbox 364 3964 375 3971; x_wconf 79' lang='grc'><strong><em>’</em></strong></span> <span class='ocrx_word' id='word_1_394' title='bbox 435 3963 548 4029; x_wconf 91' lang='lat' dir='ltr'><strong>dit;</strong></span> <span class='ocrx_word' id='word_1_395' title='bbox 582 3963 790 4019; x_wconf 89' lang='lat' dir='ltr'><strong>intimis</strong></span> <span class='ocrx_word' id='word_1_396' title='bbox 831 3966 1047 4022; x_wconf 79' lang='lat' dir='ltr'><strong>(ictuum</strong></span> <span class='ocrx_word' id='word_1_397' title='bbox 1092 3972 1396 4031; x_wconf 88' lang='lat' dir='ltr'><strong>visceribus</strong></span> <span class='ocrx_word' id='word_1_398' title='bbox 1422 3993 1529 4030; x_wconf 91' lang='lat' dir='ltr'><strong>non</strong></span> <span class='ocrx_word' id='word_1_399' title='bbox 1572 3987 1872 4051; x_wconf 88' lang='lat' dir='ltr'><strong>utcunque,</strong></span> <span class='ocrx_word' id='word_1_400' title='bbox 1911 3985 2006 4039; x_wconf 88' lang='lat' dir='ltr'><strong>sed</strong></span> 
     </span>
    </p>
   </div>
   <div class='ocr_carea' id='block_1_64' title="bbox 437 4054 2007 4143">
    <p class='ocr_par' dir='ltr' id='par_1_64' title="bbox 437 4054 2007 4143">
     <span class='ocr_line' id='line_1_64' title="bbox 437 4054 2007 4143; baseline 0.015 -36"><span class='ocrx_word' id='word_1_401' title='bbox 437 4054 511 4108; x_wconf 90' lang='lat' dir='ltr'><strong>uti</strong></span> <span class='ocrx_word' id='word_1_402' title='bbox 550 4054 830 4110; x_wconf 89' lang='lat' dir='ltr'><strong>hominum</strong></span> <span class='ocrx_word' id='word_1_403' title='bbox 876 4062 1309 4124; x_wconf 88' lang='lat' dir='ltr'><strong>amantissimus.</strong></span> <span class='ocrx_word' id='word_1_404' title='bbox 1349 4080 1676 4135; x_wconf 86' lang='lat' dir='ltr'><strong>commotus,</strong></span> <span class='ocrx_word' id='word_1_405' title='bbox 1722 4089 1821 4143; x_wconf 89' lang='lat' dir='ltr'><strong>pro</strong></span> <span class='ocrx_word' id='word_1_406' title='bbox 1851 4090 2007 4130; x_wconf 84' lang='lat' dir='ltr'><strong>sum-</strong></span> 
     </span>
    </p>
   </div>
   <div class='ocr_carea' id='block_1_65' title="bbox 434 4147 2007 4236">
    <p class='ocr_par' dir='ltr' id='par_1_65' title="bbox 434 4147 2007 4236">
     <span class='ocr_line' id='line_1_65' title="bbox 434 4147 2007 4236; baseline 0.018 -42"><span class='ocrx_word' id='word_1_407' title='bbox 434 4156 525 4196; x_wconf 86' lang='lat' dir='ltr'><strong>ma</strong></span> <span class='ocrx_word' id='word_1_408' title='bbox 560 4158 667 4211; x_wconf 89' lang='lat' dir='ltr'><strong>qna</strong></span> <span class='ocrx_word' id='word_1_409' title='bbox 701 4147 939 4213; x_wconf 91' lang='lat' dir='ltr'><strong>pollebat</strong></span> <span class='ocrx_word' id='word_1_410' title='bbox 976 4148 1330 4222; x_wconf 80' lang='lat' dir='ltr'><strong>benignitate,</strong></span> <span class='ocrx_word' id='word_1_411' title='bbox 1373 4172 1437 4211; x_wconf 88' lang='lat' dir='ltr'><strong>ac</strong></span> <span class='ocrx_word' id='word_1_412' title='bbox 1483 4175 1581 4228; x_wconf 88' lang='lat' dir='ltr'><strong>pro</strong></span> <span class='ocrx_word' id='word_1_413' title='bbox 1624 4150 1835 4218; x_wconf 75' lang='lat' dir='ltr'><strong>summa</strong></span> <span class='ocrx_word' id='word_1_414' title='bbox 1881 4181 2007 4236; x_wconf 82' lang='lat' dir='ltr'><strong>erga</strong></span> 
     </span>
    </p>
   </div>
   <div class='ocr_carea' id='block_1_66' title="bbox 435 4225 2011 4325">
    <p class='ocr_par' dir='ltr' id='par_1_66' title="bbox 435 4225 2011 4325">
     <span class='ocr_line' id='line_1_66' title="bbox 435 4225 2011 4325; baseline 0.02 -45"><span class='ocrx_word' id='word_1_415' title='bbox 435 4225 713 4284; x_wconf 84' lang='lat' dir='ltr'><strong>hominem</strong></span> <span class='ocrx_word' id='word_1_416' title='bbox 761 4232 1073 4303; x_wconf 87' lang='lat' dir='ltr'><strong>dilectione,</strong></span> <span class='ocrx_word' id='word_1_417' title='bbox 1127 4239 1194 4292; x_wconf 87' lang='lat' dir='ltr'><strong>ad</strong></span> <span class='ocrx_word' id='word_1_418' title='bbox 1249 4242 1423 4311; x_wconf 82' lang='lat' dir='ltr'><strong>ipsum</strong></span> <span class='ocrx_word' id='word_1_419' title='bbox 1470 4225 1793 4307; x_wconf 85' lang='lat' dir='ltr'><strong>salvandum</strong></span> <span class='ocrx_word' id='word_1_420' title='bbox 1845 4225 2011 4325; x_wconf 69' lang='lat' dir='ltr'><strong>atque</strong></span> 
     </span>
    </p>
   </div>
   <div class='ocr_carea' id='block_1_67' title="bbox 433 4321 2013 4399">
    <p class='ocr_par' dir='ltr' id='par_1_67' title="bbox 433 4321 2013 4399">
     <span class='ocr_line' id='line_1_67' title="bbox 433 4321 2013 4399; baseline 0.02 -30"><span class='ocrx_word' id='word_1_421' title='bbox 433 4321 801 4387; x_wconf 90' lang='lat' dir='ltr'><strong>reparandum</strong></span> <span class='ocrx_word' id='word_1_422' title='bbox 850 4323 1034 4380; x_wconf 87' lang='lat' dir='ltr'><strong>divina</strong></span> <span class='ocrx_word' id='word_1_423' title='bbox 1092 4345 1316 4397; x_wconf 84' lang='lat' dir='ltr'><strong>prorsus</strong></span> <span class='ocrx_word' id='word_1_424' title='bbox 1367 4337 1746 4396; x_wconf 86' lang='lat' dir='ltr'><strong>misericordia</strong></span> <span class='ocrx_word' id='word_1_425' title='bbox 1811 4347 2013 4399; x_wconf 81' lang='lat' dir='ltr'><strong>excita-</strong></span> 
     </span>
    </p>
   </div>
   <div class='ocr_carea' id='block_1_68' title="bbox 434 4408 2010 4501">
    <p class='ocr_par' dir='ltr' id='par_1_68' title="bbox 434 4408 2010 4501">
     <span class='ocr_line' id='line_1_68' title="bbox 434 4408 2010 4501; baseline 0.022 -43"><span class='ocrx_word' id='word_1_426' title='bbox 434 4414 544 4460; x_wconf 88' lang='lat' dir='ltr'><strong>tur.</strong></span> <span class='ocrx_word' id='word_1_427' title='bbox 582 4408 722 4465; x_wconf 79' lang='lat' dir='ltr'><strong>llinc</strong></span> <span class='ocrx_word' id='word_1_428' title='bbox 756 4414 1042 4482; x_wconf 87' lang='lat' dir='ltr'><strong>antiquum</strong></span> <span class='ocrx_word' id='word_1_429' title='bbox 1082 4420 1212 4474; x_wconf 91' lang='lat' dir='ltr'><strong>illud</strong></span> <span class='ocrx_word' id='word_1_430' title='bbox 1258 4431 1312 4476; x_wconf 91' lang='lat' dir='ltr'><strong>et</strong></span> <span class='ocrx_word' id='word_1_431' title='bbox 1358 4428 1561 4483; x_wconf 90' lang='lat' dir='ltr'><strong>amoris</strong></span> <span class='ocrx_word' id='word_1_432' title='bbox 1592 4444 1720 4501; x_wconf 77' lang='lat' dir='ltr'><strong>erga</strong></span> <span class='ocrx_word' id='word_1_433' title='bbox 1757 4433 2010 4491; x_wconf 87' lang='lat' dir='ltr'><strong>homines</strong></span> 
     </span>
    </p>
   </div>
   <div class='ocr_carea' id='block_1_69' title="bbox 2191 2420 3701 2496">
    <p class='ocr_par' dir='ltr' id='par_1_69' title="bbox 2191 2420 3701 2496">
     <span class='ocr_line' id='line_1_69' title="bbox 2191 2420 3701 2496; baseline -0.005 -17"><span class='ocrx_word' id='word_1_434' title='bbox 2191 2420 2404 2494; x_wconf 81' lang='grc' dir='ltr'>Ὦνπερ</span> <span class='ocrx_word' id='word_1_435' title='bbox 2435 2424 2691 2478; x_wconf 77' lang='grc' dir='ltr'>ἁπάντων</span> <span class='ocrx_word' id='word_1_436' title='bbox 2720 2423 2939 2493; x_wconf 78' lang='grc' dir='ltr'>ἐντολὴν</span> <span class='ocrx_word' id='word_1_437' title='bbox 2968 2422 3106 2476; x_wconf 87' lang='grc' dir='ltr'>Θεοῦ</span> <span class='ocrx_word' id='word_1_438' title='bbox 3143 2425 3397 2496; x_wconf 78' lang='grc' dir='ltr'>παραϐάς</span> <span class='ocrx_word' id='word_1_439' title='bbox 3437 2426 3537 2496; x_wconf 76' lang='grc' dir='ltr'><strong>τὴν</strong></span> <span class='ocrx_word' id='word_1_440' title='bbox 3592 2444 3701 2482; x_wconf 83' lang='grc' dir='ltr'>σω..</span> 
     </span>
    </p>
   </div>
   <div class='ocr_carea' id='block_1_70' title="bbox 2118 2514 3699 2593">
    <p class='ocr_par' dir='ltr' id='par_1_70' title="bbox 2118 2514 3699 2593">
     <span class='ocr_line' id='line_1_70' title="bbox 2118 2514 3699 2593; baseline 0.003 -23"><span class='ocrx_word' id='word_1_441' title='bbox 2118 2521 2327 2593; x_wconf 81' lang='grc' dir='ltr'>τήριον,</span> <span class='ocrx_word' id='word_1_442' title='bbox 2371 2519 2446 2580; x_wconf 84' lang='grc' dir='ltr'>ὡς</span> <span class='ocrx_word' id='word_1_443' title='bbox 2492 2517 2572 2577; x_wconf 88' lang='grc' dir='ltr'><strong>είς</strong></span> <span class='ocrx_word' id='word_1_444' title='bbox 2618 2515 2752 2568; x_wconf 84' lang='grc' dir='ltr'>Θεὸν</span> <span class='ocrx_word' id='word_1_445' title='bbox 2791 2514 3108 2578; x_wconf 80' lang='grc' dir='ltr'>ὲπταικὼς,</span> <span class='ocrx_word' id='word_1_446' title='bbox 3171 2515 3557 2587; x_wconf 76' lang='grc' dir='ltr'>ὀρφανίζεται’</span> <span class='ocrx_word' id='word_1_447' title='bbox 3603 2521 3699 2573; x_wconf 77' lang='grc' dir='ltr'><strong>καὶ</strong></span> 
     </span>
    </p>
   </div>
   <div class='ocr_carea' id='block_1_71' title="bbox 2119 2608 3697 2683">
    <p class='ocr_par' dir='ltr' id='par_1_71' title="bbox 2119 2608 3697 2683">
     <span class='ocr_line' id='line_1_71' title="bbox 2119 2608 3697 2683; baseline -0.003 -16"><span class='ocrx_word' id='word_1_448' title='bbox 2119 2611 2327 2683; x_wconf 85' lang='grc' dir='ltr'>γυμνὸς</span> <span class='ocrx_word' id='word_1_449' title='bbox 2350 2612 2444 2662; x_wconf 77' lang='grc' dir='ltr'><strong>καὶ</strong></span> <span class='ocrx_word' id='word_1_450' title='bbox 2473 2608 2748 2677; x_wconf 77' lang='grc' dir='ltr'>ἀλλότριος</span> <span class='ocrx_word' id='word_1_451' title='bbox 2770 2608 2870 2677; x_wconf 82' lang='grc' dir='ltr'><strong>τῆς</strong></span> <span class='ocrx_word' id='word_1_452' title='bbox 2895 2609 3169 2677; x_wconf 77' lang='grc' dir='ltr'>προτέρας</span> <span class='ocrx_word' id='word_1_453' title='bbox 3186 2608 3421 2675; x_wconf 78' lang='grc' dir='ltr'>ἀγλαΐας</span> <span class='ocrx_word' id='word_1_454' title='bbox 3444 2609 3697 2664; x_wconf 85' lang='grc' dir='ltr'>καθίστα-</span> 
     </span>
    </p>
   </div>
   <div class='ocr_carea' id='block_1_72' title="bbox 2117 2698 3696 2773">
    <p class='ocr_par' dir='ltr' id='par_1_72' title="bbox 2117 2698 3696 2773">
     <span class='ocr_line' id='line_1_72' title="bbox 2117 2698 3696 2773; baseline -0.002 -16"><span class='ocrx_word' id='word_1_455' title='bbox 2117 2721 2229 2768; x_wconf 85' lang='grc' dir='ltr'>ται,</span> <span class='ocrx_word' id='word_1_456' title='bbox 2282 2702 2376 2756; x_wconf 72' lang='grc' dir='ltr'><strong>καὶ</strong></span> <span class='ocrx_word' id='word_1_457' title='bbox 2407 2699 2739 2770; x_wconf 82' lang='grc' dir='ltr'>παραδείσου</span> <span class='ocrx_word' id='word_1_458' title='bbox 2773 2699 2873 2769; x_wconf 86' lang='grc' dir='ltr'>μὲν</span> <span class='ocrx_word' id='word_1_459' title='bbox 2899 2698 3063 2761; x_wconf 78' lang='grc' dir='ltr'>εὐθὺς</span> <span class='ocrx_word' id='word_1_460' title='bbox 3093 2698 3417 2768; x_wconf 80' lang='grc' dir='ltr'>ἐξορίζεται,</span> <span class='ocrx_word' id='word_1_461' title='bbox 3471 2702 3549 2765; x_wconf 88' lang='grc' dir='ltr'><strong>είς</strong></span> <span class='ocrx_word' id='word_1_462' title='bbox 3593 2702 3696 2773; x_wconf 77' lang='grc' dir='ltr'>γῆν</span> 
     </span>
    </p>
   </div>
   <div class='ocr_carea' id='block_1_73' title="bbox 2117 2789 3699 2861">
    <p class='ocr_par' dir='ltr' id='par_1_73' title="bbox 2117 2789 3699 2861">
     <span class='ocr_line' id='line_1_73' title="bbox 2117 2789 3699 2861; baseline -0.006 -13"><span class='ocrx_word' id='word_1_463' title='bbox 2117 2795 2174 2848; x_wconf 76' lang='grc' dir='ltr'>δὲ</span> <span class='ocrx_word' id='word_1_464' title='bbox 2217 2794 2404 2855; x_wconf 82' lang='grc' dir='ltr'>πάλιν,</span> <span class='ocrx_word' id='word_1_465' title='bbox 2454 2792 2528 2854; x_wconf 82' lang='grc' dir='ltr'>ὡς</span> <span class='ocrx_word' id='word_1_466' title='bbox 2563 2790 2803 2861; x_wconf 78' lang='grc' dir='ltr'>φθαρτὸς</span> <span class='ocrx_word' id='word_1_467' title='bbox 2837 2789 2903 2842; x_wconf 87' lang='grc' dir='ltr'>δι’</span> <span class='ocrx_word' id='word_1_468' title='bbox 2951 2791 3228 2860; x_wconf 83' lang='grc' dir='ltr'>ἁμαρτίαν</span> <span class='ocrx_word' id='word_1_469' title='bbox 3268 2791 3527 2859; x_wconf 84' lang='grc' dir='ltr'>γεγονὼς,</span> <span class='ocrx_word' id='word_1_470' title='bbox 3559 2794 3699 2847; x_wconf 85' lang='grc' dir='ltr'>ἀπο.</span> 
     </span>
    </p>
   </div>
   <div class='ocr_carea' id='block_1_74' title="bbox 2122 2881 3695 2957">
    <p class='ocr_par' dir='ltr' id='par_1_74' title="bbox 2122 2881 3695 2957">
     <span class='ocr_line' id='line_1_74' title="bbox 2122 2881 3695 2957; baseline -0.001 -18"><span class='ocrx_word' id='word_1_471' title='bbox 2122 2886 2447 2957; x_wconf 73' lang='grc' dir='ltr'>στρέφεται·</span> <span class='ocrx_word' id='word_1_472' title='bbox 2503 2884 2596 2936; x_wconf 73' lang='grc' dir='ltr'>καὶ</span> <span class='ocrx_word' id='word_1_473' title='bbox 2648 2881 2926 2953; x_wconf 75' lang='grc' dir='ltr'>ὁμοιοῦται</span> <span class='ocrx_word' id='word_1_474' title='bbox 2966 2881 3054 2934; x_wconf 77' lang='grc' dir='ltr'><strong>διὰ</strong></span> <span class='ocrx_word' id='word_1_475' title='bbox 3100 2881 3311 2952; x_wconf 79' lang='grc' dir='ltr'>πληθὺν</span> <span class='ocrx_word' id='word_1_476' title='bbox 3351 2884 3539 2948; x_wconf 81' lang='grc' dir='ltr'>ἀνοίας</span> <span class='ocrx_word' id='word_1_477' title='bbox 3581 2887 3695 2948; x_wconf 82' lang='grc' dir='ltr'>τοῖς</span> 
     </span>
    </p>
   </div>
   <div class='ocr_carea' id='block_1_75' title="bbox 2118 2968 3695 3047">
    <p class='ocr_par' dir='ltr' id='par_1_75' title="bbox 2118 2968 3695 3047">
     <span class='ocr_line' id='line_1_75' title="bbox 2118 2968 3695 3047; baseline -0.001 -17"><span class='ocrx_word' id='word_1_478' title='bbox 2118 2979 2361 3047; x_wconf 82' lang='grc' dir='ltr'>κτήνεσι,</span> <span class='ocrx_word' id='word_1_479' title='bbox 2392 2974 2491 3045; x_wconf 85' lang='grc' dir='ltr'><strong>τὴν</strong></span> <span class='ocrx_word' id='word_1_480' title='bbox 2524 2973 2794 3044; x_wconf 77' lang='grc' dir='ltr'>προτέραν</span> <span class='ocrx_word' id='word_1_481' title='bbox 2822 2973 2989 3043; x_wconf 83' lang='grc' dir='ltr'>τιμὴν</span> <span class='ocrx_word' id='word_1_482' title='bbox 3018 2972 3379 3043; x_wconf 84' lang='grc' dir='ltr'>ἀποθέμενος,</span> <span class='ocrx_word' id='word_1_483' title='bbox 3407 2968 3549 3047; x_wconf 82' lang='grc' dir='ltr'>ᾗπερ</span> <span class='ocrx_word' id='word_1_484' title='bbox 3591 2977 3695 3030; x_wconf 84' lang='grc' dir='ltr'>αύ-</span> 
     </span>
    </p>
   </div>
   <div class='ocr_carea' id='block_1_76' title="bbox 2114 3063 3691 3140">
    <p class='ocr_par' dir='ltr' id='par_1_76' title="bbox 2114 3063 3691 3140">
     <span class='ocr_line' id='line_1_76' title="bbox 2114 3063 3691 3140; baseline -0.001 -17"><span class='ocrx_word' id='word_1_485' title='bbox 2114 3070 2209 3123; x_wconf 82' lang='grc' dir='ltr'><strong>τὸν</strong></span> <span class='ocrx_word' id='word_1_486' title='bbox 2238 3069 2266 3121; x_wconf 91' lang='lat'><strong>6</strong></span> <span class='ocrx_word' id='word_1_487' title='bbox 2290 3067 2481 3130; x_wconf 85' lang='grc' dir='ltr'>κτίσας</span> <span class='ocrx_word' id='word_1_488' title='bbox 2512 3066 2646 3128; x_wconf 84' lang='grc' dir='ltr'>Θεὸς</span> <span class='ocrx_word' id='word_1_489' title='bbox 2675 3063 3037 3118; x_wconf 76' lang='grc' dir='ltr'>ἐκαλλώπισε.</span> <span class='ocrx_word' id='word_1_490' title='bbox 3071 3065 3321 3119; x_wconf 79' lang='grc' dir='ltr'>Δουλεύει</span> <span class='ocrx_word' id='word_1_491' title='bbox 3349 3065 3482 3135; x_wconf 86' lang='grc' dir='ltr'>γοῦν</span> <span class='ocrx_word' id='word_1_492' title='bbox 3511 3067 3691 3140; x_wconf 78' lang='grc' dir='ltr'>φθορᾷ</span> 
     </span>
    </p>
   </div>
   <div class='ocr_carea' id='block_1_77' title="bbox 2115 3154 3693 3228">
    <p class='ocr_par' dir='ltr' id='par_1_77' title="bbox 2115 3154 3693 3228">
     <span class='ocr_line' id='line_1_77' title="bbox 2115 3154 3693 3228; baseline 0 -17"><span class='ocrx_word' id='word_1_493' title='bbox 2115 3158 2210 3211; x_wconf 77' lang='grc' dir='ltr'>καὶ</span> <span class='ocrx_word' id='word_1_494' title='bbox 2237 3157 2452 3226; x_wconf 82' lang='grc' dir='ltr'>θανάτῳ</span> <span class='ocrx_word' id='word_1_495' title='bbox 2491 3156 2585 3209; x_wconf 73' lang='grc' dir='ltr'><strong>καὶ</strong></span> <span class='ocrx_word' id='word_1_496' title='bbox 2618 3154 2851 3219; x_wconf 79' lang='grc' dir='ltr'>πάθεσι,</span> <span class='ocrx_word' id='word_1_497' title='bbox 2884 3155 3223 3224; x_wconf 84' lang='grc' dir='ltr'>τυραννικῶς</span> <span class='ocrx_word' id='word_1_498' title='bbox 3252 3156 3503 3211; x_wconf 84' lang='grc' dir='ltr'>πλουτεῖν</span> <span class='ocrx_word' id='word_1_499' title='bbox 3535 3158 3693 3228; x_wconf 64' lang='grc' dir='ltr'>νομί»</span> 
     </span>
    </p>
   </div>
   <div class='ocr_carea' id='block_1_78' title="bbox 2119 3248 2497 3320">
    <p class='ocr_par' dir='ltr' id='par_1_78' title="bbox 2119 3248 2497 3320">
     <span class='ocr_line' id='line_1_78' title="bbox 2119 3248 2497 3320; baseline -0.011 -17"><span class='ocrx_word' id='word_1_500' title='bbox 2119 3267 2220 3313; x_wconf 86' lang='grc' dir='ltr'><strong>σας</strong></span> <span class='ocrx_word' id='word_1_501' title='bbox 2245 3248 2497 3320; x_wconf 86' lang='grc' dir='ltr'>θεότητα.</span> 
     </span>
    </p>
   </div>
   <div class='ocr_carea' id='block_1_79' title="bbox 2192 3512 3705 3601">
    <p class='ocr_par' dir='ltr' id='par_1_79' title="bbox 2192 3512 3705 3601">
     <span class='ocr_line' id='line_1_79' title="bbox 2192 3512 3705 3601; baseline -0.001 -17"><span class='ocrx_word' id='word_1_502' title='bbox 2192 3531 2291 3584; x_wconf 81' lang='lat' dir='ltr'><strong>Il&quot;.</strong></span> <span class='ocrx_word' id='word_1_503' title='bbox 2337 3528 2496 3582; x_wconf 80' lang='grc' dir='ltr'>Ἀλλά</span> <span class='ocrx_word' id='word_1_504' title='bbox 2539 3512 2727 3581; x_wconf 63' lang='grc' dir='ltr'>τοῦτον</span> <span class='ocrx_word' id='word_1_505' title='bbox 2766 3527 2794 3579; x_wconf 88' lang='lat'><strong>6</strong></span> <span class='ocrx_word' id='word_1_506' title='bbox 2839 3527 3032 3592; x_wconf 86' lang='grc' dir='ltr'>κτίσας</span> <span class='ocrx_word' id='word_1_507' title='bbox 3081 3528 3170 3582; x_wconf 70' lang='grc' dir='ltr'><strong>καὶ</strong></span> <span class='ocrx_word' id='word_1_508' title='bbox 3220 3530 3559 3600; x_wconf 75' lang='grc' dir='ltr'>παραγαγὼν</span> <span class='ocrx_word' id='word_1_509' title='bbox 3595 3531 3705 3601; x_wconf 66' lang='grc' dir='ltr'><strong>οὐχ⁷</strong></span> 
     </span>
    </p>
   </div>
   <div class='ocr_carea' id='block_1_80' title="bbox 2121 3619 3691 3692">
    <p class='ocr_par' dir='ltr' id='par_1_80' title="bbox 2121 3619 3691 3692">
     <span class='ocr_line' id='line_1_80' title="bbox 2121 3619 3691 3692; baseline 0 -18"><span class='ocrx_word' id='word_1_510' title='bbox 2121 3621 2437 3691; x_wconf 80' lang='grc' dir='ltr'>ὑπάρχοντα</span> <span class='ocrx_word' id='word_1_511' title='bbox 2468 3619 2750 3690; x_wconf 82' lang='grc' dir='ltr'>πρότερον,</span> <span class='ocrx_word' id='word_1_512' title='bbox 2798 3622 2854 3673; x_wconf 79' lang='grc' dir='ltr'>ὲν</span> <span class='ocrx_word' id='word_1_513' title='bbox 2887 3620 3036 3684; x_wconf 81' lang='grc' dir='ltr'>τάξει</span> <span class='ocrx_word' id='word_1_514' title='bbox 3059 3620 3281 3692; x_wconf 78' lang='grc' dir='ltr'>τοιαύτῃ</span> <span class='ocrx_word' id='word_1_515' title='bbox 3329 3621 3691 3691; x_wconf 79' lang='grc' dir='ltr'>θεασάμενος,</span> 
     </span>
    </p>
   </div>
   <div class='ocr_carea' id='block_1_81' title="bbox 2118 3708 3692 3782">
    <p class='ocr_par' dir='ltr' id='par_1_81' title="bbox 2118 3708 3692 3782">
     <span class='ocr_line' id='line_1_81' title="bbox 2118 3708 3692 3782; baseline 0.001 -20"><span class='ocrx_word' id='word_1_516' title='bbox 2118 3711 2350 3782; x_wconf 76' lang='grc' dir='ltr'>ᾠκτειρε</span> <span class='ocrx_word' id='word_1_517' title='bbox 2371 3726 2385 3740; x_wconf 76' lang='grc'><em>’</em></span> <span class='ocrx_word' id='word_1_518' title='bbox 2413 3710 2508 3762; x_wconf 68' lang='grc' dir='ltr'><strong>καὶ</strong></span> <span class='ocrx_word' id='word_1_519' title='bbox 2537 3708 2810 3780; x_wconf 73' lang='grc' dir='ltr'>οἰκτείρας</span> <span class='ocrx_word' id='word_1_520' title='bbox 2833 3709 3052 3781; x_wconf 78' lang='grc' dir='ltr'>ἠλέησε,</span> <span class='ocrx_word' id='word_1_521' title='bbox 3112 3711 3204 3763; x_wconf 65' lang='grc' dir='ltr'><strong>καὶ</strong></span> <span class='ocrx_word' id='word_1_522' title='bbox 3230 3711 3461 3782; x_wconf 80' lang='grc' dir='ltr'>ἐλεήσας</span> <span class='ocrx_word' id='word_1_523' title='bbox 3489 3712 3692 3779; x_wconf 86' lang='grc' dir='ltr'>σπλαγ-</span> 
     </span>
    </p>
   </div>
   <div class='ocr_carea' id='block_1_82' title="bbox 2118 3796 3690 3873">
    <p class='ocr_par' dir='ltr' id='par_1_82' title="bbox 2118 3796 3690 3873">
     <span class='ocr_line' id='line_1_82' title="bbox 2118 3796 3690 3873; baseline 0.001 -19"><span class='ocrx_word' id='word_1_524' title='bbox 2118 3801 2391 3873; x_wconf 78' lang='grc' dir='ltr'>χνίζεται,</span> <span class='ocrx_word' id='word_1_525' title='bbox 2426 3800 2523 3853; x_wconf 74' lang='grc' dir='ltr'>καὶ</span> <span class='ocrx_word' id='word_1_526' title='bbox 2551 3800 2996 3871; x_wconf 73' lang='grc' dir='ltr'>σπλαγχνισθεὶς,</span> <span class='ocrx_word' id='word_1_527' title='bbox 3029 3800 3105 3865; x_wconf 83' lang='grc' dir='ltr'>ὡς</span> <span class='ocrx_word' id='word_1_528' title='bbox 3130 3802 3531 3873; x_wconf 82' lang='grc' dir='ltr'>φιλάνθρωπος,</span> <span class='ocrx_word' id='word_1_529' title='bbox 3566 3796 3690 3856; x_wconf 73' lang='grc' dir='ltr'>οἷά-</span> 
     </span>
    </p>
   </div>
   <div class='ocr_carea' id='block_1_83' title="bbox 2116 3889 3691 3962">
    <p class='ocr_par' dir='ltr' id='par_1_83' title="bbox 2116 3889 3691 3962">
     <span class='ocr_line' id='line_1_83' title="bbox 2116 3889 3691 3962; baseline 0.001 -19"><span class='ocrx_word' id='word_1_530' title='bbox 2116 3908 2221 3960; x_wconf 91' lang='grc' dir='ltr'><strong>περ</strong></span> <span class='ocrx_word' id='word_1_531' title='bbox 2270 3889 2345 3942; x_wconf 80' lang='grc' dir='ltr'>ὣν</span> <span class='ocrx_word' id='word_1_532' title='bbox 2395 3889 2598 3957; x_wconf 87' lang='grc' dir='ltr'>ἀγαθὸς</span> <span class='ocrx_word' id='word_1_533' title='bbox 2644 3890 2738 3943; x_wconf 80' lang='grc' dir='ltr'><strong>καὶ</strong></span> <span class='ocrx_word' id='word_1_534' title='bbox 2774 3889 3193 3960; x_wconf 81' lang='grc' dir='ltr'>φιλάνθρωπος,</span> <span class='ocrx_word' id='word_1_535' title='bbox 3233 3892 3369 3961; x_wconf 81' lang='grc' dir='ltr'>πρὸς</span> <span class='ocrx_word' id='word_1_536' title='bbox 3417 3891 3691 3962; x_wconf 82' lang='grc' dir='ltr'>σωτηρίαν</span> 
     </span>
    </p>
   </div>
   <div class='ocr_carea' id='block_1_84' title="bbox 2117 3980 3688 4052">
    <p class='ocr_par' dir='ltr' id='par_1_84' title="bbox 2117 3980 3688 4052">
     <span class='ocr_line' id='line_1_84' title="bbox 2117 3980 3688 4052; baseline 0.001 -17"><span class='ocrx_word' id='word_1_537' title='bbox 2117 3981 2280 4035; x_wconf 80' lang='grc' dir='ltr'>αὑτοῦ</span> <span class='ocrx_word' id='word_1_538' title='bbox 2315 3981 2404 4034; x_wconf 78' lang='grc' dir='ltr'><strong>καὶ</strong></span> <span class='ocrx_word' id='word_1_539' title='bbox 2448 3980 2767 4051; x_wconf 78' lang='grc' dir='ltr'>ἀνάκλησιν,</span> <span class='ocrx_word' id='word_1_540' title='bbox 2804 3981 3137 4052; x_wconf 76' lang='grc' dir='ltr'>σπλάγχνοις</span> <span class='ocrx_word' id='word_1_541' title='bbox 3182 3983 3382 4046; x_wconf 86' lang='grc' dir='ltr'>θεϊκοῖς</span> <span class='ocrx_word' id='word_1_542' title='bbox 3412 3983 3688 4037; x_wconf 80' lang='grc' dir='ltr'>διανίστα-</span> 
     </span>
    </p>
   </div>
   <div class='ocr_carea' id='block_1_85' title="bbox 2111 4072 3686 4157">
    <p class='ocr_par' dir='ltr' id='par_1_85' title="bbox 2111 4072 3686 4157">
     <span class='ocr_line' id='line_1_85' title="bbox 2111 4072 3686 4157; baseline -0.002 -29"><span class='ocrx_word' id='word_1_543' title='bbox 2111 4092 2201 4128; x_wconf 86' lang='grc' dir='ltr'><strong>ται</strong></span> <span class='ocrx_word' id='word_1_544' title='bbox 2222 4092 2236 4106; x_wconf 79' lang='grc'><em>’</em></span> <span class='ocrx_word' id='word_1_545' title='bbox 2264 4073 2358 4126; x_wconf 75' lang='grc' dir='ltr'><strong>καὶ</strong></span> <span class='ocrx_word' id='word_1_546' title='bbox 2390 4072 2588 4143; x_wconf 73' lang='grc' dir='ltr'>βουλὴν</span> <span class='ocrx_word' id='word_1_547' title='bbox 2632 4072 2830 4144; x_wconf 84' lang='grc' dir='ltr'>πληροῖ</span> <span class='ocrx_word' id='word_1_548' title='bbox 2867 4073 3101 4143; x_wconf 80' lang='grc' dir='ltr'>ἀρχαίαν</span> <span class='ocrx_word' id='word_1_549' title='bbox 3133 4074 3332 4157; x_wconf 41' lang='grc' dir='ltr'>τερκαὶ</span> <span class='ocrx_word' id='word_1_550' title='bbox 3378 4072 3686 4143; x_wconf 75' lang='grc' dir='ltr'>φιλάνθρω-</span> 
     </span>
    </p>
   </div>
   <div class='ocr_carea' id='block_1_86' title="bbox 2112 4164 3683 4236">
    <p class='ocr_par' dir='ltr' id='par_1_86' title="bbox 2112 4164 3683 4236">
     <span class='ocr_line' id='line_1_86' title="bbox 2112 4164 3683 4236; baseline -0.003 -17"><span class='ocrx_word' id='word_1_551' title='bbox 2112 4183 2233 4231; x_wconf 87' lang='grc' dir='ltr'>πον,</span> <span class='ocrx_word' id='word_1_552' title='bbox 2266 4166 2334 4236; x_wconf 84' lang='grc' dir='ltr'>ἢν</span> <span class='ocrx_word' id='word_1_553' title='bbox 2358 4164 2753 4235; x_wconf 77' lang='grc' dir='ltr'>φιλανθρώπως</span> <span class='ocrx_word' id='word_1_554' title='bbox 2776 4165 3012 4236; x_wconf 85' lang='grc' dir='ltr'>ἀρχῆθεν</span> <span class='ocrx_word' id='word_1_555' title='bbox 3050 4164 3418 4234; x_wconf 72' lang='grc' dir='ltr'>βεϐούλευται.</span> <span class='ocrx_word' id='word_1_556' title='bbox 3463 4164 3537 4216; x_wconf 75' lang='grc' dir='ltr'><strong>Οὖ</strong></span> <span class='ocrx_word' id='word_1_557' title='bbox 3578 4164 3683 4232; x_wconf 76' lang='grc' dir='ltr'><strong>γὰρ</strong></span> 
     </span>
    </p>
   </div>
   <div class='ocr_carea' id='block_1_87' title="bbox 2115 4256 3689 4330">
    <p class='ocr_par' dir='ltr' id='par_1_87' title="bbox 2115 4256 3689 4330">
     <span class='ocr_line' id='line_1_87' title="bbox 2115 4256 3689 4330; baseline -0.001 -19"><span class='ocrx_word' id='word_1_558' title='bbox 2115 4258 2333 4330; x_wconf 73' lang='grc' dir='ltr'>ἔφερεν,</span> <span class='ocrx_word' id='word_1_559' title='bbox 2393 4257 2467 4321; x_wconf 86' lang='grc' dir='ltr'>ὡς</span> <span class='ocrx_word' id='word_1_560' title='bbox 2526 4259 2789 4327; x_wconf 71' lang='grc' dir='ltr'>πλάστης,</span> <span class='ocrx_word' id='word_1_561' title='bbox 2851 4257 3076 4329; x_wconf 81' lang='grc' dir='ltr'>θεωρεῖν</span> <span class='ocrx_word' id='word_1_562' title='bbox 3131 4256 3295 4311; x_wconf 75' lang='grc' dir='ltr'>αὑτοῦ</span> <span class='ocrx_word' id='word_1_563' title='bbox 3357 4257 3416 4310; x_wconf 78' lang='grc' dir='ltr'><strong>τὸ</strong></span> <span class='ocrx_word' id='word_1_564' title='bbox 3458 4257 3689 4323; x_wconf 79' lang='grc' dir='ltr'>πλάσμα</span> 
     </span>
    </p>
   </div>
   <div class='ocr_carea' id='block_1_88' title="bbox 2111 4344 3688 4418">
    <p class='ocr_par' dir='ltr' id='par_1_88' title="bbox 2111 4344 3688 4418">
     <span class='ocr_line' id='line_1_88' title="bbox 2111 4344 3688 4418; baseline -0.003 -17"><span class='ocrx_word' id='word_1_565' title='bbox 2111 4347 2509 4417; x_wconf 72' lang='grc' dir='ltr'>φθειρόμενον,</span> <span class='ocrx_word' id='word_1_566' title='bbox 2557 4347 2651 4400; x_wconf 73' lang='grc' dir='ltr'>καὶ</span> <span class='ocrx_word' id='word_1_567' title='bbox 2700 4347 2781 4409; x_wconf 81' lang='grc' dir='ltr'>εἰς</span> <span class='ocrx_word' id='word_1_568' title='bbox 2836 4348 2938 4418; x_wconf 72' lang='grc' dir='ltr'>γῆν</span> <span class='ocrx_word' id='word_1_569' title='bbox 2985 4347 3078 4399; x_wconf 71' lang='grc' dir='ltr'><strong>καὶ</strong></span> <span class='ocrx_word' id='word_1_570' title='bbox 3127 4345 3400 4417; x_wconf 62' lang='grc' dir='ltr'>φθορᾶνίδ</span> <span class='ocrx_word' id='word_1_571' title='bbox 3451 4344 3688 4400; x_wconf 79' lang='grc' dir='ltr'>ἀπολλύ-</span> 
     </span>
    </p>
   </div>
   <div class='ocr_carea' id='block_1_89' title="bbox 2114 4456 2297 4509">
    <p class='ocr_par' dir='ltr' id='par_1_89' title="bbox 2114 4456 2297 4509">
     <span class='ocr_line' id='line_1_89' title="bbox 2114 4456 2297 4509; baseline 0.022 -19"><span class='ocrx_word' id='word_1_572' title='bbox 2114 4456 2297 4509; x_wconf 81' lang='grc' dir='ltr'>μενον.</span> 
     </span>
    </p>
   </div>
   <div class='ocr_carea' id='block_1_90' title="bbox 432 4501 3677 4600">
    <p class='ocr_par' dir='ltr' id='par_1_90' title="bbox 432 4501 3677 4600">
     <span class='ocr_line' id='line_1_90' title="bbox 432 4501 3677 4600; baseline 0.01 -48"><span class='ocrx_word' id='word_1_573' title='bbox 432 4501 652 4569; x_wconf 90' lang='lat' dir='ltr'><strong>plenum</strong></span> <span class='ocrx_word' id='word_1_574' title='bbox 697 4508 987 4561; x_wconf 66' lang='lat' dir='ltr'><strong>consrlium</strong></span> <span class='ocrx_word' id='word_1_575' title='bbox 1016 4516 1352 4581; x_wconf 71' lang='lat' dir='ltr'><strong>eXsequitur,</strong></span> <span class='ocrx_word' id='word_1_576' title='bbox 1384 4520 1531 4586; x_wconf 84' lang='lat' dir='ltr'><strong>quod</strong></span> <span class='ocrx_word' id='word_1_577' title='bbox 1577 4523 1645 4576; x_wconf 88' lang='lat' dir='ltr'><strong>ab</strong></span> <span class='ocrx_word' id='word_1_578' title='bbox 1688 4524 1806 4594; x_wconf 79' lang='lat' dir='ltr'><strong>ipso</strong></span> <span class='ocrx_word' id='word_1_579' title='bbox 1872 4527 2027 4583; x_wconf 90' lang='lat' dir='ltr'><strong>initio</strong></span> <span class='ocrx_word' id='word_1_580' title='bbox 2065 4501 2165 4585; x_wconf 78' lang='lat' dir='ltr'><strong>sua</strong></span> <span class='ocrx_word' id='word_1_581' title='bbox 2237 4532 2291 4585; x_wconf 93' lang='lat' dir='ltr'><strong>in</strong></span> <span class='ocrx_word' id='word_1_582' title='bbox 2339 4531 2589 4585; x_wconf 80' lang='lat' dir='ltr'><strong>homines</strong></span> <span class='ocrx_word' id='word_1_583' title='bbox 2641 4528 2907 4584; x_wconf 88' lang='lat' dir='ltr'><strong>charitate</strong></span> <span class='ocrx_word' id='word_1_584' title='bbox 2967 4529 3237 4600; x_wconf 88' lang='lat' dir='ltr'><strong>impulsus</strong></span> <span class='ocrx_word' id='word_1_585' title='bbox 3292 4530 3677 4585; x_wconf 76' lang='lat' dir='ltr'><strong>constituerat.</strong></span> 
     </span>
    </p>
   </div>
   <div class='ocr_carea' id='block_1_91' title="bbox 431 4590 3677 4690">
    <p class='ocr_par' dir='ltr' id='par_1_91' title="bbox 431 4590 3677 4690">
     <span class='ocr_line' id='line_1_91' title="bbox 431 4590 3677 4690; baseline 0.008 -44"><span class='ocrx_word' id='word_1_586' title='bbox 431 4590 582 4662; x_wconf 89' lang='lat' dir='ltr'><strong>Opus</strong></span> <span class='ocrx_word' id='word_1_587' title='bbox 613 4597 758 4651; x_wconf 91' lang='lat' dir='ltr'><strong>enim</strong></span> <span class='ocrx_word' id='word_1_588' title='bbox 790 4615 971 4667; x_wconf 83' lang='lat' dir='ltr'><strong>suum,</strong></span> <span class='ocrx_word' id='word_1_589' title='bbox 1044 4604 1345 4671; x_wconf 78' lang='lat' dir='ltr'><strong>psalmator</strong></span> <span class='ocrx_word' id='word_1_590' title='bbox 1416 4610 1532 4679; x_wconf 86' lang='lat' dir='ltr'><strong>ipse</strong></span> <span class='ocrx_word' id='word_1_591' title='bbox 1578 4590 1912 4681; x_wconf 40' lang='lat' dir='ltr'><strong>cum&#39;csset,</strong></span> <span class='ocrx_word' id='word_1_592' title='bbox 1958 4636 2065 4674; x_wconf 87' lang='lat' dir='ltr'><strong>non</strong></span> <span class='ocrx_word' id='word_1_593' title='bbox 2107 4621 2315 4676; x_wconf 87' lang='lat' dir='ltr'><strong>ferebat</strong></span> <span class='ocrx_word' id='word_1_594' title='bbox 2351 4619 2736 4676; x_wconf 86' lang='lat' dir='ltr'><strong>labefactatum</strong></span> <span class='ocrx_word' id='word_1_595' title='bbox 2784 4632 3028 4684; x_wconf 86' lang='lat' dir='ltr'><strong>cernere,</strong></span> <span class='ocrx_word' id='word_1_596' title='bbox 3077 4620 3326 4690; x_wconf 86' lang='lat' dir='ltr'><strong>atquein</strong></span> <span class='ocrx_word' id='word_1_597' title='bbox 3365 4629 3565 4676; x_wconf 84' lang='lat' dir='ltr'><strong>terram</strong></span> <span class='ocrx_word' id='word_1_598' title='bbox 3612 4635 3677 4672; x_wconf 83' lang='lat' dir='ltr'><strong>ac</strong></span> 
     </span>
    </p>
   </div>
   <div class='ocr_carea' id='block_1_92' title="bbox 430 4687 1373 4759">
    <p class='ocr_par' dir='ltr' id='par_1_92' title="bbox 430 4687 1373 4759">
     <span class='ocr_line' id='line_1_92' title="bbox 430 4687 1373 4759; baseline 0.014 -19"><span class='ocrx_word' id='word_1_599' title='bbox 430 4687 845 4756; x_wconf 87' lang='lat' dir='ltr'><strong>corruptionem</strong></span> <span class='ocrx_word' id='word_1_600' title='bbox 876 4689 1088 4759; x_wconf 89' lang='lat' dir='ltr'><strong>lapsum</strong></span> <span class='ocrx_word' id='word_1_601' title='bbox 1122 4694 1373 4753; x_wconf 88' lang='lat' dir='ltr'><strong>interire.</strong></span> 
     </span>
    </p>
   </div>
   <div class='ocr_carea' id='block_1_93' title="bbox 499 4775 2017 4869">
    <p class='ocr_par' dir='ltr' id='par_1_93' title="bbox 499 4775 1997 4866">
     <span class='ocr_line' id='line_1_93' title="bbox 499 4775 1997 4866; baseline 0.017 -37"><span class='ocrx_word' id='word_1_602' title='bbox 499 4775 641 4832; x_wconf 80' lang='lat' dir='ltr'><strong>XIV.</strong></span> <span class='ocrx_word' id='word_1_603' title='bbox 682 4782 750 4835; x_wconf 88' lang='lat' dir='ltr'><strong>At</strong></span> <span class='ocrx_word' id='word_1_604' title='bbox 786 4797 914 4837; x_wconf 78' lang='lat' dir='ltr'><strong>vero</strong></span> <span class='ocrx_word' id='word_1_605' title='bbox 955 4787 1231 4854; x_wconf 78' lang='lat' dir='ltr'><strong>quodnam</strong></span> <span class='ocrx_word' id='word_1_606' title='bbox 1261 4798 1344 4843; x_wconf 86' lang='lat' dir='ltr'><strong>est</strong></span> <span class='ocrx_word' id='word_1_607' title='bbox 1378 4793 1694 4860; x_wconf 85' lang='lat' dir='ltr'><strong>consilium,</strong></span> <span class='ocrx_word' id='word_1_608' title='bbox 1746 4798 1886 4866; x_wconf 66' lang='lat' dir='ltr'><strong>quod</strong></span> <span class='ocrx_word' id='word_1_609' title='bbox 1932 4800 1997 4854; x_wconf 89' lang='lat' dir='ltr'><strong>ad</strong></span> 
     </span>
    </p>
   </div>
   <div class='ocr_carea' id='block_1_94' title="bbox 2124 4775 3677 4869">
    <p class='ocr_par' dir='ltr' id='par_1_94' title="bbox 2174 4795 3677 4869">
     <span class='ocr_line' id='line_1_94' title="bbox 2174 4795 3677 4869; baseline 0 -18"><span class='ocrx_word' id='word_1_610' title='bbox 2174 4800 2269 4852; x_wconf 66' lang='grc' dir='ltr'><strong>Μ’.</strong></span> <span class='ocrx_word' id='word_1_611' title='bbox 2299 4797 2409 4851; x_wconf 72' lang='grc' dir='ltr'>Καὶ</span> <span class='ocrx_word' id='word_1_612' title='bbox 2452 4796 2535 4859; x_wconf 86' lang='grc' dir='ltr'><strong>τίς</strong></span> <span class='ocrx_word' id='word_1_613' title='bbox 2576 4795 2607 4865; x_wconf 82' lang='grc' dir='ltr'>ἠ</span> <span class='ocrx_word' id='word_1_614' title='bbox 2646 4795 2839 4866; x_wconf 81' lang='grc' dir='ltr'>βουλὴ,</span> <span class='ocrx_word' id='word_1_615' title='bbox 2880 4796 2949 4867; x_wconf 81' lang='grc' dir='ltr'>ἣν</span> <span class='ocrx_word' id='word_1_616' title='bbox 2979 4798 3111 4861; x_wconf 84' lang='grc' dir='ltr'>Θεὸς</span> <span class='ocrx_word' id='word_1_617' title='bbox 3146 4798 3506 4851; x_wconf 77' lang='grc' dir='ltr'>ἐϐουλεύσατο</span> <span class='ocrx_word' id='word_1_618' title='bbox 3541 4800 3677 4869; x_wconf 80' lang='grc' dir='ltr'>πρὸς</span> 
     </span>
    </p>
   </div>
   <div class='ocr_carea' id='block_1_95' title="bbox 428 4870 1994 4964">
    <p class='ocr_par' dir='ltr' id='par_1_95' title="bbox 428 4870 1994 4964">
     <span class='ocr_line' id='line_1_95' title="bbox 428 4870 1994 4964; baseline 0.015 -41"><span class='ocrx_word' id='word_1_619' title='bbox 428 4870 658 4926; x_wconf 88' lang='lat' dir='ltr'><strong>salutem</strong></span> <span class='ocrx_word' id='word_1_620' title='bbox 701 4889 765 4928; x_wconf 90' lang='lat' dir='ltr'><strong>ac</strong></span> <span class='ocrx_word' id='word_1_621' title='bbox 809 4877 1235 4947; x_wconf 85' lang='lat' dir='ltr'><strong>redemptionem</strong></span> <span class='ocrx_word' id='word_1_622' title='bbox 1273 4883 1556 4939; x_wconf 90' lang='lat' dir='ltr'><strong>hominum</strong></span> <span class='ocrx_word' id='word_1_623' title='bbox 1595 4887 1736 4944; x_wconf 91' lang='lat' dir='ltr'><strong>Deus</strong></span> <span class='ocrx_word' id='word_1_624' title='bbox 1771 4895 1994 4964; x_wconf 71' lang='lat' dir='ltr'><strong>excogi-</strong></span> 
     </span>
    </p>
   </div>
   <div class='ocr_carea' id='block_1_96' title="bbox 429 4963 1995 5046">
    <p class='ocr_par' dir='ltr' id='par_1_96' title="bbox 429 4963 1995 5046">
     <span class='ocr_line' id='line_1_96' title="bbox 429 4963 1995 5046; baseline 0.016 -32"><span class='ocrx_word' id='word_1_625' title='bbox 429 4963 563 5016; x_wconf 68' lang='lat' dir='ltr'><strong>tavit</strong></span> <span class='ocrx_word' id='word_1_626' title='bbox 587 4963 610 5017; x_wconf 89' lang='lat'><strong>?</strong></span> <span class='ocrx_word' id='word_1_627' title='bbox 637 4965 691 5018; x_wconf 86' lang='lat' dir='ltr'><strong>Id</strong></span> <span class='ocrx_word' id='word_1_628' title='bbox 720 4969 1021 5035; x_wconf 90' lang='lat' dir='ltr'><strong>proclamet</strong></span> <span class='ocrx_word' id='word_1_629' title='bbox 1060 4971 1111 5024; x_wconf 90' lang='lat' dir='ltr'><strong>in</strong></span> <span class='ocrx_word' id='word_1_630' title='bbox 1157 4974 1394 5028; x_wconf 87' lang='lat' dir='ltr'><strong>medium</strong></span> <span class='ocrx_word' id='word_1_631' title='bbox 1426 4978 1683 5046; x_wconf 87' lang='lat' dir='ltr'><strong>prodiens</strong></span> <span class='ocrx_word' id='word_1_632' title='bbox 1716 4963 1995 5038; x_wconf 85' lang='lat' dir='ltr'><strong>admiran-</strong></span> 
     </span>
    </p>
   </div>
   <div class='ocr_carea' id='block_1_97' title="bbox 426 5050 1999 5140">
    <p class='ocr_par' dir='ltr' id='par_1_97' title="bbox 426 5050 1999 5140">
     <span class='ocr_line' id='line_1_97' title="bbox 426 5050 1999 5140; baseline 0.012 -33"><span class='ocrx_word' id='word_1_633' title='bbox 426 5050 532 5108; x_wconf 87' lang='lat' dir='ltr'><strong>dus</strong></span> <span class='ocrx_word' id='word_1_634' title='bbox 571 5054 662 5108; x_wconf 93' lang='lat' dir='ltr'><strong>ille</strong></span> <span class='ocrx_word' id='word_1_635' title='bbox 693 5054 905 5118; x_wconf 87' lang='lat' dir='ltr'><strong>Esaias,</strong></span> <span class='ocrx_word' id='word_1_636' title='bbox 936 5060 1028 5128; x_wconf 92' lang='lat' dir='ltr'><strong>qui</strong></span> <span class='ocrx_word' id='word_1_637' title='bbox 1060 5059 1227 5116; x_wconf 87' lang='lat' dir='ltr'><strong>Deum</strong></span> <span class='ocrx_word' id='word_1_638' title='bbox 1263 5064 1382 5118; x_wconf 84' lang='lat' dir='ltr'><strong>sine</strong></span> <span class='ocrx_word' id='word_1_639' title='bbox 1429 5067 1637 5121; x_wconf 89' lang='lat' dir='ltr'><strong>semine</strong></span> <span class='ocrx_word' id='word_1_640' title='bbox 1679 5071 1999 5140; x_wconf 84' lang='lat' dir='ltr'><strong>concipien-</strong></span> 
     </span>
    </p>
   </div>
   <div class='ocr_carea' id='block_1_98' title="bbox 427 5142 1995 5226">
    <p class='ocr_par' dir='ltr' id='par_1_98' title="bbox 427 5142 1995 5226">
     <span class='ocr_line' id='line_1_98' title="bbox 427 5142 1995 5226; baseline 0.011 -30"><span class='ocrx_word' id='word_1_641' title='bbox 427 5142 555 5197; x_wconf 87' lang='lat' dir='ltr'><strong>dum</strong></span> <span class='ocrx_word' id='word_1_642' title='bbox 593 5146 860 5214; x_wconf 62' lang='lat' dir='ltr'><strong>praedixit,</strong></span> <span class='ocrx_word' id='word_1_643' title='bbox 898 5149 1187 5219; x_wconf 87' lang='lat' dir='ltr'><strong>ipsumque</strong></span> <span class='ocrx_word' id='word_1_644' title='bbox 1216 5168 1246 5206; x_wconf 94' lang='lat' dir='ltr'><strong>e</strong></span> <span class='ocrx_word' id='word_1_645' title='bbox 1277 5152 1502 5224; x_wconf 81' lang='lat' dir='ltr'><strong>Virgine</strong></span> <span class='ocrx_word' id='word_1_646' title='bbox 1534 5159 1904 5226; x_wconf 85' lang='lat' dir='ltr'><strong>generandum</strong></span> <span class='ocrx_word' id='word_1_647' title='bbox 1943 5162 1995 5215; x_wconf 93' lang='lat' dir='ltr'><strong>in</strong></span> 
     </span>
    </p>
   </div>
   <div class='ocr_carea' id='block_1_99' title="bbox 426 5243 1999 5321">
    <p class='ocr_par' dir='ltr' id='par_1_99' title="bbox 426 5243 1999 5321">
     <span class='ocr_line' id='line_1_99' title="bbox 426 5243 1999 5321; baseline 0.013 -32"><span class='ocrx_word' id='word_1_648' title='bbox 426 5245 768 5294; x_wconf 88' lang='lat' dir='ltr'><strong>antecessum</strong></span> <span class='ocrx_word' id='word_1_649' title='bbox 809 5243 1117 5311; x_wconf 89' lang='lat' dir='ltr'><strong>enarravit;</strong></span> <span class='ocrx_word' id='word_1_650' title='bbox 1155 5245 1247 5315; x_wconf 92' lang='lat' dir='ltr'><strong>qui</strong></span> <span class='ocrx_word' id='word_1_651' title='bbox 1276 5262 1372 5315; x_wconf 86' lang='lat' dir='ltr'><strong>pro</strong></span> <span class='ocrx_word' id='word_1_652' title='bbox 1402 5246 1572 5303; x_wconf 87' lang='lat' dir='ltr'><strong>divini</strong></span> <span class='ocrx_word' id='word_1_653' title='bbox 1612 5251 1779 5321; x_wconf 89' lang='lat' dir='ltr'><strong>hujus</strong></span> <span class='ocrx_word' id='word_1_654' title='bbox 1808 5257 1999 5309; x_wconf 86' lang='lat' dir='ltr'><strong>consi-</strong></span> 
     </span>
    </p>
   </div>
   <div class='ocr_carea' id='block_1_100' title="bbox 427 5322 1987 5411">
    <p class='ocr_par' dir='ltr' id='par_1_100' title="bbox 427 5322 1987 5411">
     <span class='ocr_line' id='line_1_100' title="bbox 427 5322 1987 5411; baseline 0.013 -34"><span class='ocrx_word' id='word_1_655' title='bbox 427 5322 486 5377; x_wconf 84' lang='lat' dir='ltr'><strong>lii</strong></span> <span class='ocrx_word' id='word_1_656' title='bbox 536 5329 892 5384; x_wconf 75' lang='lat' dir='ltr'><strong>exsecutione</strong></span> <span class='ocrx_word' id='word_1_657' title='bbox 921 5331 1104 5386; x_wconf 81' lang='lat' dir='ltr'><strong>laudis</strong></span> <span class='ocrx_word' id='word_1_658' title='bbox 1135 5336 1413 5389; x_wconf 86' lang='lat' dir='ltr'><strong>canticum</strong></span> <span class='ocrx_word' id='word_1_659' title='bbox 1443 5336 1550 5393; x_wconf 85' lang='lat' dir='ltr'><strong>Deo</strong></span> <span class='ocrx_word' id='word_1_660' title='bbox 1601 5342 1654 5393; x_wconf 91' lang='lat' dir='ltr'><strong>in</strong></span> <span class='ocrx_word' id='word_1_661' title='bbox 1686 5344 1987 5411; x_wconf 86' lang='lat' dir='ltr'><strong>gratiarum</strong></span> 
     </span>
    </p>
   </div>
   <div class='ocr_carea' id='block_1_101' title="bbox 427 5419 1995 5513">
    <p class='ocr_par' dir='ltr' id='par_1_101' title="bbox 427 5419 1995 5513">
     <span class='ocr_line' id='line_1_101' title="bbox 427 5419 1995 5513; baseline 0.012 -41"><span class='ocrx_word' id='word_1_662' title='bbox 427 5419 696 5474; x_wconf 77' lang='lat' dir='ltr'><strong>actionem</strong></span> <span class='ocrx_word' id='word_1_663' title='bbox 744 5422 1064 5490; x_wconf 85' lang='lat' dir='ltr'><strong>concinens,</strong></span> <span class='ocrx_word' id='word_1_664' title='bbox 1113 5423 1187 5479; x_wconf 90' lang='lat' dir='ltr'><strong>ita</strong></span> <span class='ocrx_word' id='word_1_665' title='bbox 1221 5428 1550 5484; x_wconf 83' lang='lat' dir='ltr'><strong>exclamavit</strong></span> <span class='ocrx_word' id='word_1_666' title='bbox 1578 5432 1599 5464; x_wconf 70' lang='grc' dir='ltr'><strong>θ</strong></span> <span class='ocrx_word' id='word_1_667' title='bbox 1635 5449 1649 5489; x_wconf 87' lang='lat'><strong>:</strong></span> <span class='ocrx_word' id='word_1_668' title='bbox 1685 5451 1703 5487; x_wconf 85' lang='grc' dir='ltr'><strong>ι</strong></span> <span class='ocrx_word' id='word_1_669' title='bbox 1746 5433 1995 5513; x_wconf 78' lang='lat' dir='ltr'><strong>Domine,</strong></span> 
     </span>
    </p>
   </div>
   <div class='ocr_carea' id='block_1_102' title="bbox 499 5532 1426 5611">
    <p class='ocr_par' dir='ltr' id='par_1_102' title="bbox 499 5532 1426 5611">
     <span class='ocr_line' id='line_1_102' title="bbox 499 5532 1426 5611; baseline 0.013 -24"><span class='ocrx_word' id='word_1_670' title='bbox 499 5533 521 5566; x_wconf 78' lang='grc'><strong><em>⁸</em></strong></span> <span class='ocrx_word' id='word_1_671' title='bbox 550 5532 654 5590; x_wconf 82' lang='lat' dir='ltr'><strong>lsa.</strong></span> <span class='ocrx_word' id='word_1_672' title='bbox 687 5553 814 5602; x_wconf 79' lang='lat' dir='ltr'><strong>xxv,</strong></span> <span class='ocrx_word' id='word_1_673' title='bbox 851 5541 875 5593; x_wconf 77' lang='lat' dir='ltr'><strong>t</strong></span> <span class='ocrx_word' id='word_1_674' title='bbox 918 5555 1070 5611; x_wconf 87' lang='lat' dir='ltr'><strong>seqq.</strong></span> <span class='ocrx_word' id='word_1_675' title='bbox 1114 5557 1224 5598; x_wconf 88' lang='lat' dir='ltr'><strong>sec.</strong></span> <span class='ocrx_word' id='word_1_676' title='bbox 1262 5543 1426 5599; x_wconf 79' lang='lat' dir='ltr'><strong>LXX.</strong></span> 
     </span>
    </p>
   </div>
   <div class='ocr_carea' id='block_1_103' title="bbox 2102 4890 3681 4964">
    <p class='ocr_par' dir='ltr' id='par_1_103' title="bbox 2102 4890 3681 4964">
     <span class='ocr_line' id='line_1_103' title="bbox 2102 4890 3681 4964; baseline -0.002 -18"><span class='ocrx_word' id='word_1_677' title='bbox 2102 4890 2405 4961; x_wconf 83' lang='grc' dir='ltr'>ἀνθρώπων</span> <span class='ocrx_word' id='word_1_678' title='bbox 2438 4891 2713 4962; x_wconf 81' lang='grc' dir='ltr'>σωτηρίαν</span> <span class='ocrx_word' id='word_1_679' title='bbox 2755 4892 2849 4946; x_wconf 71' lang='grc' dir='ltr'><strong>καλ⁸</strong></span> <span class='ocrx_word' id='word_1_680' title='bbox 2896 4891 3199 4964; x_wconf 86' lang='grc' dir='ltr'>λύτρωσιν;</span> <span class='ocrx_word' id='word_1_681' title='bbox 3246 4892 3472 4955; x_wconf 77' lang='grc' dir='ltr'>Ἡσαΐας</span> <span class='ocrx_word' id='word_1_682' title='bbox 3506 4892 3681 4961; x_wconf 77' lang='grc' dir='ltr'>βοάτω</span> 
     </span>
    </p>
   </div>
   <div class='ocr_carea' id='block_1_104' title="bbox 2107 4983 3677 5055">
    <p class='ocr_par' dir='ltr' id='par_1_104' title="bbox 2107 4983 3677 5055">
     <span class='ocr_line' id='line_1_104' title="bbox 2107 4983 3677 5055; baseline -0.005 -15"><span class='ocrx_word' id='word_1_683' title='bbox 2107 4987 2390 5055; x_wconf 84' lang='grc' dir='ltr'>παρελθὼν</span> <span class='ocrx_word' id='word_1_684' title='bbox 2419 4988 2446 5039; x_wconf 89' lang='lat'><strong>6</strong></span> <span class='ocrx_word' id='word_1_685' title='bbox 2468 4986 2789 5055; x_wconf 82' lang='grc' dir='ltr'>θαυμάσιος,</span> <span class='ocrx_word' id='word_1_686' title='bbox 2825 4989 2852 5040; x_wconf 91' lang='lat'><strong>6</strong></span> <span class='ocrx_word' id='word_1_687' title='bbox 2882 4985 2976 5039; x_wconf 71' lang='grc' dir='ltr'><strong>καὶ</strong></span> <span class='ocrx_word' id='word_1_688' title='bbox 3002 4984 3099 5054; x_wconf 82' lang='grc' dir='ltr'><strong>τὴν</strong></span> <span class='ocrx_word' id='word_1_689' title='bbox 3121 4983 3360 5052; x_wconf 79' lang='grc' dir='ltr'>ἄσπορον</span> <span class='ocrx_word' id='word_1_690' title='bbox 3382 4983 3516 5035; x_wconf 77' lang='grc' dir='ltr'>Θεοῦ</span> <span class='ocrx_word' id='word_1_691' title='bbox 3545 4998 3677 5051; x_wconf 74' lang='grc' dir='ltr'>προσ</span> 
     </span>
    </p>
   </div>
   <div class='ocr_carea' id='block_1_105' title="bbox 2107 5071 3668 5150">
    <p class='ocr_par' dir='ltr' id='par_1_105' title="bbox 2107 5071 3668 5150">
     <span class='ocr_line' id='line_1_105' title="bbox 2107 5071 3668 5150; baseline -0.006 -19"><span class='ocrx_word' id='word_1_692' title='bbox 2107 5076 2480 5149; x_wconf 69' lang='grc' dir='ltr'>φθεγξάμενος</span> <span class='ocrx_word' id='word_1_693' title='bbox 2521 5079 2807 5150; x_wconf 72' lang='grc' dir='ltr'>σύλληψιν,</span> <span class='ocrx_word' id='word_1_694' title='bbox 2842 5078 2935 5131; x_wconf 68' lang='grc' dir='ltr'><strong>καὶ</strong></span> <span class='ocrx_word' id='word_1_695' title='bbox 2982 5076 3081 5147; x_wconf 76' lang='grc' dir='ltr'><strong>τὴν</strong></span> <span class='ocrx_word' id='word_1_696' title='bbox 3135 5074 3471 5144; x_wconf 69' lang='grc' dir='ltr'>παρθενικὴν</span> <span class='ocrx_word' id='word_1_697' title='bbox 3507 5071 3668 5124; x_wconf 75' lang='grc' dir='ltr'>αὐτοῦ</span> 
     </span>
    </p>
   </div>
   <div class='ocr_carea' id='block_1_106' title="bbox 2109 5161 3670 5239">
    <p class='ocr_par' dir='ltr' id='par_1_106' title="bbox 2109 5161 3670 5239">
     <span class='ocr_line' id='line_1_106' title="bbox 2109 5161 3670 5239; baseline -0.006 -20"><span class='ocrx_word' id='word_1_698' title='bbox 2109 5168 2612 5238; x_wconf 80' lang='grc' dir='ltr'>προδιηγησάμενος</span> <span class='ocrx_word' id='word_1_699' title='bbox 2642 5168 2924 5237; x_wconf 73' lang='grc' dir='ltr'>γέννησινο</span> <span class='ocrx_word' id='word_1_700' title='bbox 2958 5164 3017 5227; x_wconf 81' lang='grc' dir='ltr'>ὃς</span> <span class='ocrx_word' id='word_1_701' title='bbox 3046 5166 3136 5239; x_wconf 64' lang='grc' dir='ltr'><strong>επὶ</strong></span> <span class='ocrx_word' id='word_1_702' title='bbox 3168 5166 3231 5232; x_wconf 85' lang='grc' dir='ltr'>τῇ</span> <span class='ocrx_word' id='word_1_703' title='bbox 3265 5161 3540 5230; x_wconf 80' lang='grc' dir='ltr'>πληρώσει</span> <span class='ocrx_word' id='word_1_704' title='bbox 3570 5161 3670 5227; x_wconf 63' lang='grc' dir='ltr'>τῆς</span> 
     </span>
    </p>
   </div>
   <div class='ocr_carea' id='block_1_107' title="bbox 2106 5252 3675 5329">
    <p class='ocr_par' dir='ltr' id='par_1_107' title="bbox 2106 5252 3675 5329">
     <span class='ocr_line' id='line_1_107' title="bbox 2106 5252 3675 5329; baseline -0.006 -20"><span class='ocrx_word' id='word_1_705' title='bbox 2106 5258 2257 5318; x_wconf 83' lang='grc' dir='ltr'>θείας</span> <span class='ocrx_word' id='word_1_706' title='bbox 2326 5257 2661 5328; x_wconf 75' lang='grc' dir='ltr'>βουλήσεως,</span> <span class='ocrx_word' id='word_1_707' title='bbox 2716 5258 2858 5329; x_wconf 68' lang='grc' dir='ltr'>ᾠδὴν</span> <span class='ocrx_word' id='word_1_708' title='bbox 2922 5256 3062 5327; x_wconf 80' lang='grc' dir='ltr'>ᾄδων</span> <span class='ocrx_word' id='word_1_709' title='bbox 3120 5253 3237 5324; x_wconf 82' lang='grc' dir='ltr'><strong>Θεῷ</strong></span> <span class='ocrx_word' id='word_1_710' title='bbox 3296 5252 3675 5323; x_wconf 74' lang='grc' dir='ltr'>χαριστήριον,</span> 
     </span>
    </p>
   </div>
   <div class='ocr_carea' id='block_1_108' title="bbox 2115 5343 3673 5421">
    <p class='ocr_par' dir='ltr' id='par_1_108' title="bbox 2115 5343 3673 5421">
     <span class='ocr_line' id='line_1_108' title="bbox 2115 5343 3673 5421; baseline -0.006 -19"><span class='ocrx_word' id='word_1_711' title='bbox 2115 5370 2133 5402; x_wconf 80' lang='grc' dir='ltr'><strong>ι</strong></span> <span class='ocrx_word' id='word_1_712' title='bbox 2173 5350 2364 5421; x_wconf 85' lang='grc' dir='ltr'>Κύριε,</span> <span class='ocrx_word' id='word_1_713' title='bbox 2408 5354 2434 5404; x_wconf 82' lang='grc' dir='ltr'><strong>δ</strong></span> <span class='ocrx_word' id='word_1_714' title='bbox 2464 5352 2597 5414; x_wconf 83' lang='grc' dir='ltr'>Θεός</span> <span class='ocrx_word' id='word_1_715' title='bbox 2632 5369 2754 5421; x_wconf 88' lang='grc' dir='ltr'>μου,</span> <span class='ocrx_word' id='word_1_716' title='bbox 2786 5349 2997 5414; x_wconf 75' lang='grc' dir='ltr'>δοξάσω</span> <span class='ocrx_word' id='word_1_717' title='bbox 3033 5366 3112 5415; x_wconf 84' lang='grc' dir='ltr'><strong>σε,</strong></span> <span class='ocrx_word' id='word_1_718' title='bbox 3154 5346 3424 5416; x_wconf 72' lang='grc' dir='ltr'>κέκραγεν</span> <span class='ocrx_word' id='word_1_719' title='bbox 3448 5360 3461 5373; x_wconf 89' lang='grc'><strong>·</strong></span> <span class='ocrx_word' id='word_1_720' title='bbox 3496 5343 3673 5413; x_wconf 79' lang='grc' dir='ltr'>ὑμνή-</span> 
     </span>
    </p>
   </div>
   <div class='ocr_carea' id='block_1_109' title="bbox 2106 5434 3676 5512">
    <p class='ocr_par' dir='ltr' id='par_1_109' title="bbox 2106 5434 3676 5512">
     <span class='ocr_line' id='line_1_109' title="bbox 2106 5434 3676 5512; baseline -0.007 -18"><span class='ocrx_word' id='word_1_721' title='bbox 2106 5458 2182 5495; x_wconf 89' lang='grc' dir='ltr'><strong>σω</strong></span> <span class='ocrx_word' id='word_1_722' title='bbox 2233 5444 2293 5495; x_wconf 87' lang='grc' dir='ltr'><strong>τὸ</strong></span> <span class='ocrx_word' id='word_1_723' title='bbox 2345 5442 2517 5512; x_wconf 75' lang='grc' dir='ltr'>ὄνομά</span> <span class='ocrx_word' id='word_1_724' title='bbox 2566 5460 2679 5507; x_wconf 89' lang='grc' dir='ltr'>σου,</span> <span class='ocrx_word' id='word_1_725' title='bbox 2730 5443 2810 5495; x_wconf 75' lang='grc' dir='ltr'>ὅτι</span> <span class='ocrx_word' id='word_1_726' title='bbox 2847 5442 3110 5512; x_wconf 76' lang='grc' dir='ltr'>ἐποίησας</span> <span class='ocrx_word' id='word_1_727' title='bbox 3157 5436 3463 5509; x_wconf 69' lang='grc' dir='ltr'>θαυμαστὰ,</span> <span class='ocrx_word' id='word_1_728' title='bbox 3493 5434 3676 5506; x_wconf 51' lang='lat' dir='ltr'><strong>“trp/1.7..</strong></span> 
     </span>
    </p>
   </div>
   <div class='ocr_carea' id='block_1_110' title="bbox 1741 5638 2427 5695">
    <p class='ocr_par' dir='ltr' id='par_1_110' title="bbox 1741 5638 2427 5695">
     <span class='ocr_line' id='line_1_110' title="bbox 1741 5638 2427 5695; baseline -0.004 0"><span class='ocrx_word' id='word_1_729' title='bbox 1741 5640 1973 5695; x_wconf 64' lang='lat' dir='ltr'><strong>VARIx‘E</strong></span> <span class='ocrx_word' id='word_1_730' title='bbox 2024 5638 2427 5695; x_wconf 73' lang='lat' dir='ltr'><strong>LECTZONES.</strong></span> 
     </span>
    </p>
   </div>
   <div class='ocr_carea' id='block_1_111' title="bbox 511 5717 989 5796">
    <p class='ocr_par' dir='ltr' id='par_1_111' title="bbox 511 5717 989 5796">
     <span class='ocr_line' id='line_1_111' title="bbox 511 5717 989 5796; baseline 0.01 -20"><span class='ocrx_word' id='word_1_731' title='bbox 511 5717 559 5795; x_wconf 78' lang='lat'><strong>&quot;_</strong></span> <span class='ocrx_word' id='word_1_732' title='bbox 583 5721 713 5777; x_wconf 86' lang='lat' dir='ltr'><strong>Cod.</strong></span> <span class='ocrx_word' id='word_1_733' title='bbox 749 5723 989 5796; x_wconf 80' lang='grc' dir='ltr'>ὲτέθητο.</span> 
     </span>
    </p>
   </div>
   <div class='ocr_carea' id='block_1_112' title="bbox 1108 5726 2393 5803">
    <p class='ocr_par' dir='ltr' id='par_1_112' title="bbox 1108 5726 2393 5803">
     <span class='ocr_line' id='line_1_112' title="bbox 1108 5726 2393 5803; baseline 0 -20"><span class='ocrx_word' id='word_1_734' title='bbox 1108 5728 1150 5760; x_wconf 84' lang='grc'><strong>¹³</strong></span> <span class='ocrx_word' id='word_1_735' title='bbox 1177 5726 1310 5785; x_wconf 85' lang='lat' dir='ltr'><strong>Cod.</strong></span> <span class='ocrx_word' id='word_1_736' title='bbox 1343 5728 1590 5801; x_wconf 70' lang='grc' dir='ltr'>ὠρρὁδει.</span> <span class='ocrx_word' id='word_1_737' title='bbox 1671 5732 1710 5763; x_wconf 68' lang='grc'><strong>⁸⁸</strong></span> <span class='ocrx_word' id='word_1_738' title='bbox 1746 5730 1862 5787; x_wconf 74' lang='lat' dir='ltr'><strong>Nic.</strong></span> <span class='ocrx_word' id='word_1_739' title='bbox 1900 5734 2148 5803; x_wconf 74' lang='lat' dir='ltr'><strong>pag.9.i5</strong></span> <span class='ocrx_word' id='word_1_740' title='bbox 2174 5749 2276 5788; x_wconf 87' lang='lat' dir='ltr'><strong>om.</strong></span> <span class='ocrx_word' id='word_1_741' title='bbox 2318 5732 2393 5794; x_wconf 73' lang='lat' dir='ltr'><strong>si;</strong></span> 
     </span>
    </p>
   </div>
   <div class='ocr_carea' id='block_1_113' title="bbox 2434 5729 2920 5801">
    <p class='ocr_par' dir='ltr' id='par_1_113' title="bbox 2434 5729 2920 5801">
     <span class='ocr_line' id='line_1_113' title="bbox 2434 5729 2920 5801; baseline 0.004 -21"><span class='ocrx_word' id='word_1_742' title='bbox 2434 5731 2534 5800; x_wconf 65' lang='grc' dir='ltr'>γῆν</span> <span class='ocrx_word' id='word_1_743' title='bbox 2568 5729 2659 5782; x_wconf 78' lang='grc' dir='ltr'><strong>καί</strong></span> <span class='ocrx_word' id='word_1_744' title='bbox 2698 5729 2920 5801; x_wconf 66' lang='grc' dir='ltr'>φθοράν.</span> 
     </span>
    </p>
   </div>
  </div>
