4022 6206
440 220 582 292 3235

1324 224 1391 289 S.
1429 226 1851 288 SOPIIRONII
1891 228 2400 294 PATRIARCH/E
2464 232 2849 295 HIEROSOL

442 349 663 404 scilicet
716 340 1035 417 passibilem
1076 338 1476 414 mor'taleane
1526 332 1930 401 humanitatem
1972 346 2039 400 ad

2150 338 2440 416 ἆπάθειαν,
2490 352 2583 406 καὶ
2613 350 2693 421 τῷ
2720 340 2845 421 Θεῷ
2871 334 2965 402 καὶ
2995 348 3172 420 Πατρί
3204 344 3605 417 προτοικειώσῃ
3630 328 3731 414 τὴν

443 439 879 494 immortalitatis
924 436 1276 508 splendorem
1317 444 1482 506 atque
1513 436 1580 491 ad
1616 437 2036 507 impassibilita-

442 535 552 581 tem
610 527 884 592 adducat,
947 528 1165 597 Deoque
1216 527 1498 583 inimicam
1551 535 1720 596 atque
1772 528 2035 585 rebellem

451 613 550 686 ipsi
589 614 699 670 Deo
732 631 794 669 ac
828 614 978 670 Patri
1016 618 1361 672 reconciliet.

516 704 662 763 XV].
707 705 776 760 At
819 722 927 775 quo
972 707 1203 778 (inquis)
1258 716 1420 779 pacto
1472 708 1589 766 haec
1640 709 2037 784 adimplentur,

440 798 717 870 quomodo
746 799 1079 868 etiiciuntur,
1115 810 1281 872 atque
1331 801 1396 856 ad
1437 818 1578 873 opus
1622 820 1731 860 non
1766 807 2039 862 fallaciter

439 892 827 946 deducuntur?
866 890 1235 947 Tremendum
1281 895 1429 948 enim
1479 896 1611 952 illud
1650 906 1735 952 est
1772 909 1826 954 et
1871 901 2039 956 terri-

441 982 628 1048 ﬁcum,
678 990 734 1036 et
779 983 1010 1039 auribus
1066 984 1379 1053 hominum,
1414 987 1509 1058 qui
1560 989 1644 1043 vel
1691 989 2037 1048 divinissima

439 1090 676 1145 quaeque
724 1075 985 1132 humanis
1033 1077 1343 1134 rationibus
1376 1067 1770 1147 dimetiuntur,
1805 1097 2038 1152 prorsus

441 1166 789 1222 incredibile.
841 1165 1045 1222 Verum
1101 1168 1194 1223 ubi
1247 1169 1391 1225 Deus
1440 1180 1543 1238 est,
1581 1173 1675 1242 qui
1727 1173 2035 1242 denuntiat,

441 1257 565 1312 silet
596 1256 963 1312 humanarum
996 1258 1490 1315 ratiocinationum
1520 1263 1725 1320 vilitas.
1760 1265 1869 1320 Deo
1890 1266 2037 1321 enim

441 1358 642 1405 cuncta
697 1350 957 1405 facillima
1010 1360 1162 1415 sunt,
1194 1361 1247 1408 ct
1288 1354 1603 1424 possibilia,
1636 1356 1747 1412 into
1794 1367 1850 1414 et
1889 1358 2036 1413 factu

441 1432 556 1498 non
608 1441 822 1508 ardua,
880 1458 1227 1514 quaecunque
1278 1445 1500 1501 demum
1552 1446 1732 1504 facere
1778 1451 2036 1505 voluerit.

446 1536 658 1593 Divina:
686 1538 901 1591 scilicet
925 1546 978 1592 et
1008 1537 1463 1594 eminentissima:
1493 1540 1782 1609 potestatis
1813 1541 1929 1597 haec
1956 1549 2040 1598 est

446 1641 571 1686 n’ota
599 1630 1020 1700 praeclarissima
1052 1641 1217 1699 atque
1248 1631 1736 1700 excellentissima,
1761 1642 1815 1689 et
1835 1644 2038 1691 creata:

2144 440 2351 515 ἐχθρὰν
2379 441 2518 498 Θεοῦ
2550 445 2643 498 καὶ⁹
2670 443 2948 516 πολέμιον.

2218 711 2340 782 ις’.
2383 702 2496 769 καὶ
2549 700 2664 778 πῶς
2690 714 2850 769 τὀῦτο
2885 712 3212 786 πληροῦται,
3263 713 3359 767 καὶ
3404 711 3730 784 πράττεται,

2146 807 2243 860 καὶ
2268 808 2348 870 είς
2379 806 2542 877 ἔργον
2569 807 2840 877 ἄψευστον
2865 807 3146 876 defugeret;
3181 804 3463 875 Ἔστιγὰρ
3501 796 3733 876 φοϐερὸν

2145 897 2245 952 καὶ
2275 898 2685 969 κατάπληκτον,
2738 902 2833 953 καὶ
2872 898 3176 967 ἀνθρώπων
3205 895 3401 960 ἀκοαῖς
3434 897 3731 952 ἀπιστότα-

2146 992 2262 1058 τον,
2294 992 2662 1063 ἀνθρωπίνοις
2709 992 2976 1047 νοούντων
3006 990 3296 1061 λογισμοῖς
3343 990 3416 1044 τὰ
3452 990 3730 1045 θειότατα.

2163 1084 2306 1137 Ἀλλ’
2333 1084 2462 1140 ἔνθα
2488 1085 2625 1149 Θεὸς
2655 1084 3118 1154 καταγγέλλεται,
3148 1072 3310 1154 ἆργεῖ
3332 1082 3443 1137 τῶν
3465 1081 3737 1153 ἀνθρωπί-

2147 1194 2258 1231 νων
2283 1176 2565 1247 λογισμῶν
2596 1180 2629 1248 ή
2660 1177 2926 1231 εὐτέλεια.
2955 1175 3139 1230 Πάντα
3161 1164 3270 1246 γὰρ
3296 1176 3469 1245 ῥᾷστα
3493 1173 3614 1244 Θεῷ
3641 1174 3737 1226 καὶ

2145 1269 2349 1324 δυνατὰ
2383 1269 2833 1342 καὶέὑπόριστα,
2878 1265 2969 1326 οἷά
3012 1287 3076 1338 γε
3119 1269 3251 1339 δρᾷν
3281 1266 3577 1339 ἐθελήσειε.
3623 1266 3735 1320 καὶ

2149 1362 2301 1427 θείας
2331 1363 2493 1417 τοῦτο
2530 1365 2623 1417 καὶ
2652 1362 2967 1436 ὑπερτάτης
3013 1352 3297 1433 δυνάμεως
3344 1360 3735 1432 ἀριδηλότατον

2146 1450 2265 1508 ἐστι
2294 1457 2388 1511 καὶ
2436 1446 2718 1526 ἐξαίρετον
2752 1455 3064 1528 γνώρισμα,
3106 1456 3199 1510 καὶ
3231 1456 3382 1527 πάσῃ
3423 1453 3586 1523 φύσει
3614 1457 3735 1506 κτὶ-

2150 1546 2249 1618 στῇ
2288 1549 2574 1612 παντελῶς
2608 1548 3005 1621 ἀκοινώνητον·
3035 1548 3189 1602 ἐνθεν
3218 1534 3325 1620 γάρ
3355 1549 3472 1601 ἐστι
3512 1545 3728 1615 θαυμαμι

2150 1641 2253 1693 στα
2301 1643 2396 1696 καὶ
2437 1630 2802 1713 κατάπληκτα
2827 1641 2895 1694 τὰ
2929 1639 3146 1710 φύσεως
3181 1639 3536 1710 ἀνθρωπίνης
3562 1639 3733 1711 ὑπὲρ.

443 1722 595 1777 omni
621 1730 833 1776 natura:
852 1737 1078 1792 prorsus
1097 1722 1672 1791 ineommunicabilis;
1708 1732 1874 1796 atque
1904 1727 2032 1783 inde

2150 1749 2300 1803 τερα,
2348 1734 2442 1787 καὶ
2490 1736 2673 1788 πᾶσαν
2732 1734 2958 1804 κτιστὴν
3005 1723 3410 1804 ὗπερὸαίνοντα
3474 1730 3729 1800 δύναμινι.

447 1817 528 1881 fit,
565 1823 624 1871 ut
657 1831 780 1887 qua:
810 1831 977 1886 supra
1009 1825 1264 1870 naturam
1297 1816 1593 1873 humanam
1632 1828 1783 1884 sunt,
1824 1833 1888 1875 ac
1918 1822 2030 1877 vim
2067 1837 2285 1881 omnem
2322 1834 2560 1882 creatam
2596 1827 3140 1899 praetergrediuntur,
3219 1828 3275 1882 in
3312 1826 3729 1882 admirationem

444 1914 513 1965 at!
543 1917 825 1981 stuporem
867 1925 924 1965 ra
934 1911 1104 1982 piant.

518 2002 587 2055 At
617 2002 896 2072 quomodo
935 2001 1080 2057 Deus
1109 2000 1163 2056 id
1193 2002 1439 2073 perlicit?
1471 2000 1760 2071 Quomodo
1789 2007 1857 2063 ad
1887 2017 2049 2079 e’gre-

448 2094 602 2165 gium
633 2094 793 2148 finem
824 2094 1124 2164 perducit?
1155 2095 1425 2150 Prmelare
1454 2110 1557 2151 nos
1587 2096 1640 2151 id
1675 2098 1839 2153 docet
1869 2114 1899 2153 a
1936 2099 2047 2156 Deo

447 2186 752 2254 inepiratus
784 2185 982 2251 Lucas,
1008 2187 1100 2255 qui
1133 2188 1187 2241 et
1220 2186 1422 2241 bonum
1450 2186 1586 2241 illud
1611 2202 1896 2245 sacrorum
1927 2206 2046 2246 om-

450 2277 600 2330 nium
638 2277 1080 2332 sacratissimum
1110 2278 1366 2332 nuntium
1398 2286 1649 2334 nostrum
1684 2283 2040 2351 conscripsit,

448 2375 510 2421 ut
549 2382 709 2422 nemo
744 2367 815 2422 ob
849 2369 925 2423 rei
972 2369 1407 2440 magnitudinem
1442 2370 1761 2428 incredulus
1787 2374 2039 2443 exsistat,

449 2474 586 2514 neve
638 2459 864 2529 aliquis,
902 2460 1157 2516 infirmus
1213 2474 1338 2515 cum
1391 2461 1508 2531 ipse
1558 2462 1631 2517 sit
1673 2474 1729 2518 et
1772 2464 2046 2535 impotens

449 2560 615 2619 atque
667 2552 733 2605 ad
791 2550 1035 2607 divinius
1087 2552 1347 2622 quodque
1399 2553 1616 2609 facinus
1661 2555 1903 2626 ineptus,
1937 2556 2048 2614 Deo

450 2643 831 2715 impotentiam
890 2638 1161 2699 fallaciter
1217 2645 1505 2701 attribuat.
1556 2648 1803 2704 Audistis
1846 2666 2045 2721 nuper,

448 2747 646 2808 utpote
683 2737 799 2806 ipso
833 2739 1230 2808 proclamante,
1264 2740 1543 2808 quomodo
1592 2759 1612 2792 ι
1651 2756 1841 2799 mense
1872 2747 2047 2815 septie-

449 2846 540 2885 mo
574 2832 778 2886 missus
820 2840 905 2887 est
947 2831 1178 2902 angelus
1217 2832 1439 2888 Gabriel
1475 2849 1503 2887 a
1534 2832 1644 2890 Deo
1672 2835 1727 2890 in
1761 2837 2040 2893 civitatem

449 2920 707 2987 Galilaaaz,
733 2922 822 2976 cui
855 2936 1057 2977 nomen
1091 2920 1366 2979 Nazareth
1391 2925 1457 2979 ad
1490 2923 1771 2996 Virginem
1805 2927 2043 2998 despon-

2220 2007 2334 2071 Καὶ
2380 2017 2499 2081 πῶς
2527 2017 2688 2071 τοῦτο
2735 2017 2855 2087 Θεῷ
2899 2010 3197 2080 διανύεται,
3241 2014 3339 2070 καὶ
3385 2014 3523 2084 πρὸς
3556 2014 3732 2084 πέρας

2147 2106 2496 2177 περιώνυμον
2546 2109 2739 2176 ἄγεται
2765 2124 2781 2174 ;
2813 2108 3065 2161 Διδάσκει
3097 2104 3285 2171 σαφῶς
3335 2095 3484 2176 ἡμεῖς
3515 2105 3734 2167 Λουκᾶς

2147 2199 2176 2253 6
2207 2197 2519 2263 θεσπέσιος,
2551 2199 2614 2251 τὸ
2635 2198 2857 2252 πάντων
2880 2197 3041 2269 ἱερῶν
3071 2192 3366 2268 ἱερώτατον
3397 2194 3731 2266 συγγράξων

2146 2287 2305 2367 ἡμῶν
2338 2290 2694 2363 Εὑαγγέλιον,
2751 2295 2840 2349 ἴνα
2890 2292 3079 2364 μηδεὶς
3121 2286 3322 2363 ἀπιστῇ
3371 2290 3450 2360 τῷ
3494 2289 3730 2369 μεγέθει

2144 2388 2241 2442 τοῦ
2277 2387 2627 2461 πράγματος,
2677 2379 2764 2440 ἵνα
2797 2386 2984 2457 μηδεὶς
3033 2374 3337 2455 ἀδυναμίαν
3382 2382 3518 2437 Θεοῦ
3558 2396 3730 2436 καταδ

2144 2480 2440 2552 ψεύσηται,
2474 2479 2707 2551 ἀσθενὴς
2756 2480 3024 2551 ὑπάρχων
3071 2478 3235 2542 αὐτὸς
3287 2477 3383 2530 καὶ
3431 2476 3726 2546 ἀδύναμος,

2145 2576 2242 2631 καὶ
2279 2576 2418 2647 πρδς
2461 2576 2644 2628 πᾶσαν
2678 2574 2881 2643 πρᾶξιν
2912 2571 3193 2642 θειοτέραν
3224 2570 3501 2633 ἁνίκανος.
3538 2556 3727 2622 Καθᾶ·

2147 2683 2254 2737 περ
2289 2664 2456 2719 αὑτοῦ
2489 2664 2740 2734 βοῶντος,
2770 2664 2973 2734 ἀρτίως
2998 2660 3295 2733 ἠκούσατε,
3327 2660 3402 2724 ὼς
3434 2681 3452 2712 ι
3477 2659 3568 2730 Τῷ
3597 2664 3729 2729 μηνί

2145 2756 2225 2828 τῷ
2250 2757 2395 2829 ἕκτῳ
2424 2756 2708 2827 ἀπεστάλη
2734 2757 2762 2808 6
2786 2746 3018 2823 ἄγγελος
3045 2752 3286 2823 Γαόριὴλ
3322 2742 3426 2805 ὑπὸ
3459 2750 3613 2814 Θεοῦ,
3647 2740 3730 2813 είς

2149 2849 2307 2905 πόλιν
2334 2852 2433 2921 τῆς
2468 2838 2786 2911 Γαλιλαίας,
2882 2847 3053 2915 ὄνομα
3085 2845 3363 2916 Ναζαρὲτ,
3401 2844 3538 2914 πρὸς
3575 2844 3727 2912 Παρ-

2149 2940 2303 2998 θένον
2344 2942 2838 3013 μεμνηστευμένην
2869 2934 3046 3012 ἀνδρὶ,
3179 2938 3349 3006 ονομα
3395 2928 3626 3006 Ἰωσὴφ,
3664 2922 3729 2999 ἒξ

450 3020 626 3068 satam
660 3013 803 3079 viro,
827 3013 914 3067 cui
962 3028 1164 3069 nomen
1210 3011 1439 3083 Josepb,
1473 3014 1541 3071 de
1567 3017 1731 3071 domo
1763 3017 1955 3083 David,
1986 3026 2041 3075 et

2150 3034 2297 3091 οἴκου
2331 3011 2524 3101 Ᾰαῦὶδ,
2557 3037 2654 3090 καὶ
2674 3011 2736 3090 τὸ
2762 3011 2931 3106 ὄνομα
2962 3036 3061 3103 τῆς
3094 3033 3370 3103 Παρθένον
3404 3032 3673 3103 Μαριάμ..
3704 3051 3722 3081 ι

449 3118 648 3157 nomen
684 3101 925 3173 Virginis
975 3102 1145 3158 Maria
1179 3104 1244 3136 ¹⁰ο
1285 3123 1304 3156 ο
1358 3105 1532 3161 Audis
1578 3106 1746 3163 Deum
1797 3110 2039 3177 misisse,

2160 3120 2407 3192 Ἀκούεις
2441 3127 2573 3181 Θεὸν
2605 3127 3030 3190 ἀποστείλαντα,
3077 3125 3171 3178 καὶ
3222 3114 3472 3177 ἀπιστεῖν
3523 3123 3728 3187 ἐθέλεις

448 3203 503 3250 et
532 3197 607 3251 rei
626 3195 785 3251 [idem
812 3213 920 3251 non
954 3198 1035 3252 vis
1066 3196 1434 3253 habereiNoli
1454 3198 1520 3253 de
1552 3201 1619 3254 iis
1647 3200 1891 3258 dillidere
1920 3218 2043 3274 qua}

450 3287 599 3343 Deus
654 3289 966 3354 ordinavit;
1019 3288 1115 3344 sed
1167 3290 1351 3360 potius
1400 3307 1612 3347 summa
1668 3310 1793 3350 cum
1843 3298 2045 3367 pietate

452 3380 637 3448 crede,
674 3379 865 3446 Deum,
914 3396 1260 3451 quaacuuque
1313 3382 1531 3437 demum
1578 3384 1762 3440 facere
1788 3388 2041 3458 Voluerit,

450 3486 515 3527 ea
562 3471 825 3540 perlicere
875 3487 972 3542 pro
1016 3475 1416 3542 ontnipotentia
1456 3492 1555 3532 sua
1596 3472 1797 3536 valere.
1841 3483 2045 3540 Deinde

412 3569 419 3575 ‘
452 3577 587 3619 vero
614 3579 643 3617 a
670 3578 907 3634 quonam
940 3565 1049 3619 alio
1079 3566 1218 3619 mitti
1251 3576 1436 3636 posset
1463 3570 1713 3638 angelus,
1746 3572 1851 3628 nisi
1884 3588 2044 3644 pror-

454 3672 551 3715 sus
592 3674 621 3712 a
656 3659 775 3713 solo
810 3656 943 3722 Deo,
984 3659 1079 3728 qni
1117 3658 1296 3729 ipsmn
1331 3663 1560 3728 creavit,
1594 3671 1647 3717 et
1686 3679 1752 3718 ex
1792 3679 1899 3721 non
1943 3682 2042 3723 ex-

453 3752 734 3809 stantibus
790 3750 1207 3814 snbstantiavit,
1256 3752 1686 3824 universumque
1741 3759 2042 3829 angelicam

453 3851 713 3898 naturam
760 3857 825 3896 ex
867 3848 1117 3912 tempore
1166 3843 1452 3898 condidit?
1487 3844 1542 3899 Si
1594 3848 1777 3917 itaque
1826 3857 2045 3906 constat

454 3933 623 3989 Deum
679 3950 831 3998 esse,
887 3934 981 4004 qui
1038 3934 1218 4001 misit,
1276 3937 1506 3992 missum
1557 3950 1737 3993 autem
1789 3943 2042 4013 angelum

455 4023 630 4080 fuisse
665 4025 720 4079 in
758 4033 1042 4095 comperto
1088 4036 1194 4092 est,
1229 4030 1508 4097 quomodo
1539 4046 1660 4100 qua
1698 4031 1843 4089 dicta
1891 4046 2043 4104 sunt,

456 4130 584 4172 vera
631 4132 739 4170 non
791 4117 993 4171 erunt?
1044 4115 1170 4171 Haec
1218 4120 1407 4190 utique
1460 4130 1719 4191 stupeant
1766 4127 2042 4197 universi;

455 4215 512 4262 at
549 4208 640 4261 Dei
676 4209 933 4262 virtutem
968 4222 1093 4261 cum
1143 4209 1330 4263 norint
1361 4225 1590 4279 prorsus
1619 4215 1887 4272 inllnitam
1921 4235 2047 4275 esse

457 4315 521 4357 ac
572 4316 698 4355 vere
747 4299 1379 4370 omnipotentissimam,
1431 4308 1703 4363 enarratis
1758 4310 1917 4366 fidem
1976 4328 2045 4369 ne

454 4394 723 4449 abnuanL

2144 3220 2225 3291 τῷ
2274 3220 2595 3291 πράγματις
2629 3212 2724 3289 Μὴ
2773 3212 2996 3272 ἀπίστει
3056 3214 3192 3271 Θεοῦ
3250 3216 3327 3287 τῷ
3376 3215 3725 3286 διατάγματι,

2146 3308 2283 3367 ἀλλὰ
2308 3312 2511 3383 μᾶλλον
2538 3310 2906 3365 εὐσεϐέστατα
2941 3310 3186 3374 πίστευε,
3233 3309 3309 3374 ὡς
3336 3307 3579 3379 πληροῦν
3611 3310 3729 3361 ἐστι

2145 3405 2278 3468 Θεδς
2297 3406 2694 3469 δυνατώτατος,
2719 3402 2863 3474 ἅπερ
2885 3402 2951 3457 ἂν
2979 3404 3074 3457 καὶ
3099 3403 3361 3472 πράττειν
3389 3401 3724 3473 βονλήσοιτοδ

2149 3492 2417 3567 Ἀγγελος
2442 3492 2499 3551 δὲ
2530 3497 2665 3565 πρὸς
2706 3498 2851 3560 τίνος
2897 3495 2964 3550 ἂν
3002 3494 3191 3565 ἐτέρου
3225 3493 3319 3548 καὶ
3361 3482 3656 3553 στέλλοιτο.

2148 3591 2287 3663 πρὸς
2323 3590 2486 3659 μόνον
2514 3588 2735 3652 παντως
2766 3577 2925 3650 Θεοῦ,
2952 3580 3049 3641 τοῦ
3082 3588 3412 3657 ποιήσαντος
3433 3584 3526 3638 καὶ
3548 3584 3606 3649 ἐξ
3628 3585 3730 3636 οὐκ

2146 3676 2319 3737 ὅντων
2357 3682 2522 3736 αὐτὸν
2555 3680 2947 3745 οὐσιώσαντος,
2982 3680 3076 3733 καὶ
3104 3681 3285 3732 πᾶσαν
3320 3675 3479 3746 φύσιν
3508 3676 3729 3743 ἀγγελιδ

2146 3770 2252 3848 κὴν
2307 3774 2729 3845 σχεδιὰσαντος;
2762 3768 2827 3827 Εἰ
2865 3764 2960 3824 οὖν
2994 3769 3127 3833 Θεὸς
3174 3771 3202 3823 6
3252 3766 3464 3830 στείλας
3505 3765 3731 3834 διέγνω-

2149 3886 2294 3931 σται,
2322 3868 2418 3922 καί⁸
2463 3862 2695 3936 ἄγγελος
2747 3866 2775 3919 6
2822 3862 3038 3926 σταλεὶς
3071 3858 3568 3932 προσκηρύττεται,
3611 3858 3730 3919 πῶς

2147 3961 2247 4014 οὐκ
2306 3957 2505 4029 ἀληθὲς
2561 3958 2624 4011 τὸ
2675 3954 3002 4027 λεγόμενον;
3057 3952 3243 4007 Ταῦτα
3294 3950 3729 4021 θαυμαζέτωσαν

2147 4048 2420 4114 ἅπαντες·
2454 4046 2528 4121 μὴ
2553 4047 2966 4103 ἀπιστείτωσαν
2999 4045 3057 4099 δὲ
3086 4044 3163 4116 τῷ
3199 4042 3540 4116 κηρύγματι,
3591 4032 3726 4094 Θεοῦ

2144 4145 2208 4199 τὸ
2243 4143 2431 4208 σθένος
2461 4142 2849 4213 γινώσκοντες,
2877 4141 2953 4205 ὼς
2981 4137 3255 4203 παναλκές
3301 4139 3419 4191 ὲστι
3459 4135 3554 4190 καί⁵
3596 4134 3729 4203 ἁληο

2148 4235 2257 4300 θῶς
2287 4233 2722 4307 παντοδύναμον.

527 4485 690 4541 XVII.
734 4485 936 4542 Verum
986 4486 1118 4557 quid
1172 4488 1372 4545 missus
1420 4489 1612 4548 beatus
1668 4493 1758 4550 ille
1815 4496 2042 4567 angelus

2218 4499 2318 4554 lZ'.
2354 4500 2420 4553 Τί
2445 4497 2752 4562 δὲισταλεὶς
2780 4501 2810 4553 6
2840 4491 3178 4569 μακαριστὸς
3209 4496 3443 4565 ἄγγελος
3466 4493 3603 4565 πρὸς
3632 4498 3733 4565 τὴν

456 4579 522 4634 ad
566 4578 844 4650 Virginem
909 4581 1316 4651 integerrimam
1374 4580 1550 4657 dicit?
1602 4585 1710 4641 Aut
1764 4592 2045 4657 quomodo

457 4669 863 4728 faustissimum
917 4673 1021 4727 hoc
1069 4673 1322 4727 nuntium
1359 4656 1461 4742 ipsi
1499 4675 1718 4732 defert?
1746 4656 1815 4735 Et
1859 4682 2043 4752 qualia

456 4773 710 4836 portenta
752 4780 847 4835 per
879 4764 1056 4835 ipsam
1101 4768 1508 4837 magnificentia
1549 4769 1662 4825 haec
1696 4769 1881 4826 divina
1929 4789 2046 4829 mo-

455 4857 626 4912 litur?
659 4877 678 4910 ι
715 4858 827 4913 Ave
859 4858 1036 4929 gratia
1077 4858 1259 4928 plena,
1298 4859 1569 4917 Donninus
1605 4872 1786 4918 tecum
1820 4864 1882 4917 υ.
1913 4883 1933 4917 ι

526 4951 573 5004 A
620 4950 822 5021 gaudio
875 4949 990 5021 (16)
1043 4950 1236 5021 incipit
1292 4968 1413 5008 eam
1465 4953 1667 5023 alloqui
1720 4955 1811 5010 ille
1863 4955 2049 5026 gaudii

456 5044 708 5100 nuntius.
748 5041 985 5101 Noverat
1031 5044 1177 5098 enim
1220 5055 1275 5100 et
1315 5046 1476 5116 plane
1528 5047 1757 5113 sciebat,
1789 5049 2044 5104 nuntium

457 5137 592 5194 illud
647 5153 806 5199 suum
872 5137 1148 5193 universis
1206 5138 1524 5194 hominibus
1573 5148 1738 5210 atque
1788 5142 2045 5197 omnibus

458 5231 665 5303 pariter
707 5231 978 5287 creaturis
1023 5231 1285 5302 gaudium
1342 5247 1556 5301 parare,
1595 5241 1651 5288 et
1690 5235 1966 5305 quoslibet
2014 5251 2046 5291 a

457 5326 880 5395 quibuscunque
925 5324 1146 5380 dolores
1189 5325 1502 5395 expellere;
1543 5338 1791 5394 noverat,
1840 5343 1909 5384 ex
1960 5330 2046 5385 di-

529 5420 574 5455 “
601 5421 736 5478 Luc.
768 5438 808 5489 ι,
841 5420 932 5486 26,
954 5421 1046 5477 27.
1127 5420 1170 5453 ¹¹
1199 5420 1333 5478 Luc.
1367 5439 1404 5490 ι,
1432 5422 1523 5479 28.

2144 4592 2425 4666 Παρθένον
2468 4593 2603 4664 φησι
2644 4592 2744 4661 τὴν
2774 4589 3179 4661 ἀπείρανδρονς
3212 4590 3244 4659 ἢ
3280 4590 3397 4651 πῶς
3443 4589 3583 4660 αὐτῇ
3621 4587 3732 4640 τῶν

2147 4686 2409 4742 τοιούτων
2437 4684 2776 4753 εὐαγγελίων
2830 4683 3172 4752 ἀπαγγέλλει
3203 4682 3302 4751 τὴν
3332 4682 3597 4752 δήλωσιν;
3639 4680 3735 4734 καὶ

2144 4781 2244 4835 ὅσα
2290 4778 2466 4832 τίκτει
2514 4777 2582 4831 δι’
2633 4776 2808 4847 αὐτῆς
2849 4774 2911 4829 τδ
2957 4775 3201 4830 τοιοῦτον
3249 4774 3386 4829 Θεοῦ
3424 4771 3727 4846 μεγαλούρά
3782 4764 3789 4773 ’

2144 4889 2338 4943 γημας
2380 4889 2397 4923 ι
2420 4872 2615 4940 Χαῖρε,
2646 4868 3084 4941 κεχαριτωμένη,
3113 4870 3141 4922 6
3172 4866 3375 4937 Κύριος
3416 4866 3558 4936 μετὰ
3578 4864 3729 4921 σοῦ,ι

2233 4962 2365 5016 Ἀπὸ
2397 4962 2572 5034 χαρᾶς
2598 4961 2735 5032 πρὸς
2766 4959 2938 5029 αὐτὴν
2970 4960 2999 5012 6
3023 4958 3123 5027 τῆς
3152 4957 3329 5028 χαρᾶς
3356 4954 3590 5024 ἄγγελος
3630 4954 3734 5023 ἄρα·

2147 5072 2325 5127 χεται.
2353 5054 2509 5126 ’ῌδει
2538 5051 2670 5124 γὰρ,
2717 5051 2812 5106 καὶ
2855 5050 3150 5122 ἠπίστατο,
3191 5047 3268 5113 ὡς
3312 5049 3479 5101 πᾶσιν
3518 5044 3732 5115 ἀνθρώ-

2150 5164 2294 5212 ποις,
2329 5146 2425 5200 καὶ
2460 5146 2628 5198 πᾶσιν
2654 5142 2919 5205 ὡσαύτως
2961 5141 3075 5205 τοῖς
3104 5139 3369 5210 κτίσμασι
3413 5136 3589 5215 χαρᾶς
3628 5134 3733 5186 a6-

2149 5239 2244 5293 τοῦ
2300 5239 2362 5293 τὸ
2417 5236 2724 5307 διάγγελμα
2773 5233 3036 5307 πρόξενον
3056 5232 3102 5265 ³⁸
3134 5231 3364 5301 γίνεται,
3412 5226 3507 5280 καὶ
3550 5220 3734 5295 λύπης

2150 5330 2372 5400 ἁπάσης
2399 5331 2510 5392 τοῖς
2556 5327 2724 5382 πᾶσιν
2768 5323 3013 5396 ὀλέθριον
3036 5337 3063 5351 ’-
3081 5320 3199 5394 ᾔδει
3250 5317 3378 5389 γὰρ,
3432 5316 3497 5370 ὲκ
3537 5314 3733 5368 τούτου

1725 5493 1969 5553 VARIE
1998 5492 2417 5553 LECTIONES.

1972 5630 2205 5687 ΝΟΤᾸΞ..

532 5561 580 5596 ¹⁸
617 5560 739 5618 Nic.
772 5562 929 5619 abest
958 5561 1244 5635 πρόξενον.

531 5698 647 5771 (liii
684 5684 893 5773 Nempe
921 5719 953 5762 a
984 5703 1337 5774 salutatione,
1369 5717 1476 5775 qua
1521 5699 1663 5759 alios
1696 5701 1821 5761 laeto
1855 5684 2052 5761 animo
2073 5684 2204 5764 esse
2224 5700 2513 5784 iubemus.
