4058 6190
302 304 307 307 λ
353 273 501 347 ’3237

1040 274 1319 339 ORATIO
1368 276 1451 336 ΙΙ.
1495 299 1554 310 --
1579 272 1662 333 IN
1695 270 1802 331 SS.
1843 267 2194 330 DEIPAR/E
2231 265 2937 334 ANNUNTIATIONEM.

3448 226 3605 365 .3238.

365 388 665 460 θεογνωσίᾳ
696 387 788 443 τὸν
813 386 1016 458 κόσμον
1046 381 1380 450 αὐγάζεσθαι
1399 397 1414 411 ’
1442 381 1578 452 ᾔδει,
1605 380 1705 449 τῆς
1728 377 1936 447 πλάνης

2051 371 2166 426 vina
2217 373 2382 442 hujus
2433 376 2675 444 mysterii
2723 378 3035 448 cognitione
3083 377 3346 433 mundum
3402 382 3607 440 lumine

361 482 463 552 τὴν
484 479 656 550 ἀχλὺν
682 478 1045 549 ἀφανίζεσθαι
1067 492 1080 507 ο
1100 475 1236 547 ᾔδει,
1262 473 1358 527 τοῦ
1376 473 1603 527 θανάτευ
1623 471 1686 525 τδ
1708 468 1934 539 κέντρον

361 571 742 642 ἀμϐλύνεσθαι
762 588 776 602 '
803 571 942 643 ᾔδει,
974 570 1073 639 τῆς
1104 566 1310 639 φθορᾶς
1339 566 1438 636 τὴν
1461 564 1690 633 δύναμιν
1718 562 1937 632 φθείρε-

365 664 524 719 σθαι’
559 664 677 735 ᾔδει
703 704 718 729 ,
750 662 1001 734 τοῦιᾷδου
1032 660 1132 732 τὴν
1162 659 1321 728 νίκην
1357 655 1747 711 καθέλκεσθαι·
1796 653 1933 725 ᾔδει,

360 755 455 807 τὸν
488 754 865 823 ἀπολλύμενον
916 751 1202 822 ἄνθρωπον
1242 747 1530 812 σώζεσθαι,
1585 746 1676 799 τὸν
1727 747 1937 809 τούτοις

363 846 536 900 πάλαι
556 845 897 908 δουλεύοντα,
922 844 1016 912 ἀφ’
1038 839 1098 896 οὐ
1127 842 1220 895 τοῦ
1251 842 1582 911 παραδείσου
1607 842 1705 911 τῆς
1726 844 1938 913 τρυφῆς

364 939 729 1011 ἀπελήλαται,
761 938 856 992 καὶ
885 937 985 1006 τῆς
1018 937 1196 987 ἐκεῖσε
1231 932 1505 1004 μακαρίας
1531 935 1814 1004 διατριϐῆς
1853 935 1940 1001 ἐξ·

368 1030 648 1100 ελήλαται.
676 1030 777 1083 Διὰ
799 1028 958 1082 τοῦτο
977 1026 1150 1099 χαρὰν
1177 1025 1343 1085 αὐτοῦ
1380 1026 1485 1079 τῶν
1511 1026 1848 1094 εὐαγγελίων
1879 1027 1939 1079 τὸ

369 1122 654 1193 προοίμιον
683 1121 904 1191 τίθησι,
938 1121 1027 1174 διὰ
1054 1119 1213 1172 τοῦτο
1238 1118 1412 1190 χαρὰν
1444 1119 1605 1172 αὐτοῦ
1632 1118 1741 1171 τῶν
1766 1118 1940 1186 λόγων

368 1209 775 1279 πμφθέγγεται
801 1249 817 1274 ,
877 1208 966 1261 διὰ
1020 1207 1177 1261 τοῦτο
1245 1207 1389 1279 χαρὰ
1449 1207 1558 1260 τῶν
1608 1208 1941 1276 εὐαγγελίων

300 1330 307 1334 ‹
362 1302 594 1355 τουτωνὶ
626 1302 1005 1372 προηγήσατο,
1064 1300 1139 1362 ὡς
1184 1302 1320 1355 πᾶσι
1368 1301 1750 1371 γενησομένων
1796 1300 1942 1372 χαρὰ

358 1394 481 1455 τοῖς
511 1392 878 1447 πιστεύουσιν.
906 1393 1059 1448 Ἔδει
1083 1392 1191 1464 γὰρ
1218 1393 1327 1447 άπὸ
1356 1380 1672 1462 χαροποιῶν
1690 1395 1734 1426 ί*
1766 1394 1941 1462 λόγων

363 1482 467 1535 καὶ
495 1483 758 1553 ῥημάτων
788 1482 1055 1553 ἄρχεσθαι
1084 1484 1184 1552 τῆς
1212 1483 1388 1553 χαρᾶς
1429 1482 1497 1535 τά
1532 1482 1649 1535 θεῖα
1683 1482 1941 1554 μηνύμα-

356 1590 460 1628 ττα.
512 1573 612 1627 Διὰ
649 1574 807 1628 τοῦτο
860 1574 970 1645 γὰρ
1017 1576 1045 1627 ὁ
1086 1574 1317 1643 ἄγγελος
1359 1573 1467 1645 πρὸ
1508 1575 1724 1629 πάντων
1764 1576 1941 1645 χαρὰν

368 1665 798 1733 ἀναφθέγγεται,
850 1665 958 1720 τῶν
991 1664 1208 1720 οἰκείων
1249 1665 1406 1729 εἰδὼς
1453 1667 1789 1735 εὐαγγελίων
1841 1669 1941 1740 τὴν

367 1753 616 1819 ἔκϐασιν,
648 1755 744 1808 καὶ
791 1754 868 1818 ὡς
895 1755 1038 1826 χαρά
1066 1756 1316 1825 φανεῖται
1346 1756 1685 1828 παγκὸσμιος
1715 1758 1749 1826 ἡ
1777 1756 1941 1811 αὐτοῦ

368 1843 707 1915 τελειωμένη
734 1843 989 1911 διάλεξις.

446 2092 551 2145 ΠΡ.
584 2092 883 2163 Ποίανγὰρ
910 2092 1009 2163 οὐχ
1037 2092 1356 2162 ὑπερϐαίνει
1385 2091 1562 2163 χαρὰν
1588 2108 1682 2145 και
1706 2090 1943 2162 πυρπνό-

367 2199 531 2255 τητα,
561 2182 624 2235 τὸ
650 2182 787 2253 πρὸς
816 2183 915 2255 τὴν
945 2183 1223 2253 μακαρίαν
1240 2182 1519 2251 Παρθένον
1541 2182 1831 2251 γενόμενον
1852 2183 1947 2236 καὶ

369 2273 471 2344 τῆς
490 2274 666 2344 χαρᾶς
702 2273 915 2345 μητέρα
948 2273 1281 2344 διάγγελμα;
1313 2273 1560 2343 Χαίροις,
1581 2269 1625 2326 ὧ
1654 2274 1829 2343 χαρᾶς
1847 2272 1948 2341 τῆς

376 2365 700 2434 ἐπουρανίου
732 2365 1023 2436 γεννήτρια
1045 2380 1057 2394 ο
1089 2366 1323 2436 χαίροις,
1352 2359 1397 2420 ὦ
1428 2367 1604 2435 χαρᾶς
1631 2365 1736 2435 τῆς
1775 2365 1945 2436 ὑπερ-

374 2457 546 2527 τάτης
578 2456 911 2527 μαιεύτρια·
945 2456 1176 2527 χαίροις,
1226 2451 1271 2510 ὧ
1317 2459 1494 2528 χαρᾶς
1527 2457 1628 2527 τῆς
1677 2456 1946 2527 σωτηρίου

377 2548 714 2619 μητρόπολις
736 2565 750 2579 ·
798 2547 1010 2618 χαίροις
1030 2590 1044 2611 ,
1075 2542 1119 2602 ὦ
1153 2553 1324 2621 χαρᾶς
1367 2551 1467 2620 τῆς
1511 2549 1780 2604 ἀθανάτου
1810 2565 1951 2620 παρ-

375 2640 519 2693 αίτιε
544 2656 559 2671 ·
589 2640 822 2712 χαίροις,
856 2636 901 2694 ὦ
931 2643 1108 2712 χαρᾶς
1135 2643 1236 2713 τῆς
1274 2642 1502 2708 ἀλέκτου
1538 2641 1800 2712 μυστικὸν
1822 2658 1952 2694 κατ-

375 2728 649 2797 αγώγιοψ
681 2731 916 2802 χαίροις,
949 2726 993 2785 ὦ
1017 2734 1191 2802 χαρᾶς
1224 2732 1325 2801 τῆς
1350 2733 1591 2804 ἀρρήτου
1624 2731 1952 2799 ἀξιάγαστος

373 2817 606 2890 ἀρουρα’
625 2819 856 2891 χαίροις,
878 2814 922 2873 ὧ
937 2823 1112 2891 χαρᾶς
1140 2824 1238 2891 τῆς
1257 2821 1521 2892 ἁρεύστου
1548 2820 1701 2892 πηγὴ
1725 2838 1953 2891 παμμα-

376 2910 639 2979 κάριστος
659 2926 674 2939 ’
696 2911 926 2982 χαίροις,
960 2906 1003 2965 ὧ
1031 2914 1204 2983 χαρᾶς
1224 2912 1322 2983 τῆς
1356 2912 1527 2965 ἀϊδίου
1555 2910 1812 2981 θεοφόρον
1840 2929 1954 2965 κει-

2036 462 2385 532 collustrari;
2423 475 2668 533 noverat,
2700 469 2909 524 erroris
2940 469 3115 540 disjici
3149 472 3469 541 caliginem;
3512 490 3609 528 no-

2035 564 2191 609 verat
2254 558 2470 611 retundi
2521 560 2714 614 mortis
2753 566 3035 628 aculeum;
3084 573 3311 617 noverat
3342 564 3448 617 vim
3490 580 3612 619 eor-

2036 647 2309 716 ruptionis
2361 648 2612 720 infringi;
2660 660 2887 707 noverat
2933 652 3149 707 inferno
3190 655 3474 709 victoriam
3513 671 3612 711 au-

2041 740 2201 810 ferri;
2261 755 2489 801 noverat
2549 748 2778 803 salutem
2821 750 3033 820 perdito
3068 750 3325 821 effulgere
3378 751 3607 815 homini,

2041 838 2132 906 qui
2179 837 2371 893 borum
2413 840 2680 894 malorum
2719 841 2852 911 jugo
2890 842 3100 910 jamdiu
3147 842 3512 911 premebatur,
3543 860 3607 899 ex

2039 945 2149 999 quo
2175 931 2389 985 scilicet
2420 946 2449 984 a
2486 932 2722 1003 paradisi
2756 933 2970 987 deliciis
2997 934 3281 1003 expulsus,
3310 943 3364 990 et
3398 950 3427 988 a
3452 936 3611 990 beato

2042 1020 2136 1075 illo
2173 1020 2454 1077 domicilio
2487 1023 2694 1093 ejectus
2738 1023 2934 1078 fuerat.
2983 1023 3278 1094 Propterea
3325 1025 3612 1095 legationis

2040 1125 2154 1167 suae
2185 1113 2473 1168 exordium
2503 1128 2534 1167 a
2573 1114 2773 1185 gaudio
2804 1116 2983 1180 ducit;
3018 1124 3299 1184 propterea
3339 1118 3611 1171 sermoni-
3662 1158 3670 1183 .,

2040 1202 2145 1259 bus
2181 1204 2295 1258 suis
2331 1205 2516 1275 gaudii
2555 1221 2717 1261 voces
2757 1206 3072 1276 praemittit;
3105 1214 3388 1275 propterea
3421 1205 3614 1262 faustis

2042 1292 2196 1349 hisce
2236 1296 2444 1351 nuntiis
2478 1296 2736 1366 gaudium
2773 1297 3068 1362 antecedit,
3106 1306 3291 1367 utpote
3338 1313 3456 1367 quae
3499 1313 3616 1353 om-

2042 1385 2203 1439 nibus
2228 1385 2580 1441 credentibus
2606 1386 2804 1456 gaudio
2833 1386 3015 1441 futura
3043 1395 3216 1442 erant.
3259 1386 3325 1442 Et
3356 1403 3487 1443 sane
3518 1405 3617 1459 par

2041 1476 2266 1530 omnino
2296 1484 2432 1543 erat,
2461 1484 2519 1529 ut
2547 1476 2729 1530 divina
2764 1476 2951 1546 gaudii
2982 1476 3324 1533 denuntiatio
3355 1493 3385 1531 a
3411 1494 3617 1533 sermo-

2043 1568 2210 1622 nibus
2234 1568 2525 1638 verbisque
2551 1567 2809 1639 gaudium
2850 1568 3198 1625 elicientibus
3237 1578 3478 1624 sumeret
3513 1569 3617 1623 ini-

2046 1658 2203 1713 tium.
2256 1657 2550 1728 Propterea
2603 1660 2746 1714 enim
2799 1668 2853 1715 et
2902 1660 3127 1730 angelus
3179 1662 3434 1730 gaudium
3491 1668 3618 1716 ante

2046 1751 2229 1805 omnia
2268 1753 2566 1815 renuntiat,
2606 1754 2734 1821 quia
2784 1751 2978 1808 faustae
3019 1752 3307 1824 legationis
3350 1768 3462 1808 sua:
3506 1768 3617 1806 non

2049 1840 2268 1911 ignorat
2313 1841 2539 1907 exitum,
2578 1856 2641 1896 ac
2688 1842 2856 1912 probe
2900 1842 3052 1897 novit
3094 1842 3426 1910 colloquium
3474 1841 3618 1923 (ιερὰ

2045 1931 2371 1997 habebatur,
2426 1933 2483 1987 in
2544 1933 2716 1989 totius
2772 1931 2961 1988 mundi
3010 1931 3270 2003 gaudium
3329 1914 3620 1987 manifeste

2045 2036 2170 2076 esse
2199 2035 2507 2075 cessurum.

2111 2108 2300 2163 XVIII.
2343 2108 2408 2163 Et
2442 2110 2686 2180 profecto
2717 2110 2991 2182 quodnam
3026 2110 3309 2185 gaudium,
3340 2119 3432 2165 aut
3467 2125 3621 2179 quaa-

2049 2215 2171 2254 nam
2212 2201 2439 2270 reperiri
2484 2212 2666 2270 potest
2709 2202 3053 2271 iucunditas,
3096 2217 3258 2271 quam
3304 2216 3414 2255 non
3465 2202 3622 2270 longe

2047 2291 2279 2345 excedat
2326 2292 2624 2360 alloquium
2674 2292 2740 2345 ad
2789 2290 3069 2360 Virginem
3114 2292 3259 2345 illam
3307 2291 3517 2345 beatam
3558 2304 3622 2345 ac

2049 2383 2231 2452 gaudii
2270 2393 2548 2455 parentem
2577 2384 2865 2437 habitum?
2896 2383 3106 2449 Gaude,
3142 2398 3175 2438 ο
3214 2383 3622 2452 supercwlestis

2050 2476 2231 2547 gaudii
2297 2475 2561 2543 genitrix.
2614 2473 2837 2540 Gaude,
2898 2489 2933 2529 ο
2996 2475 3376 2530 sublimissimi
3438 2474 3623 2544 gaudii

2051 2571 2257 2624 nutrix.
2308 2569 2517 2636 Gaude,
2562 2584 2594 2623 ο
2640 2569 2896 2624 salutaris
2936 2569 3120 2640 gaudii
3157 2569 3312 2625 sedes
3345 2570 3621 2639 princeps.

2051 2659 2272 2725 Gaude,
2323 2675 2356 2714 ο
2414 2659 2746 2714 immortalis
2782 2660 2967 2730 gaudii
3027 2660 3264 2713 auctrix.
3324 2658 3547 2724 Gaude,
3591 2660 3639 2715 θ’

2052 2748 2345 2804 ineffabilis
2395 2751 2575 2819 gaudii
2631 2750 2924 2820 mysticum
2978 2750 3360 2805 diversorium.
3412 2750 3623 2816 Gaude,

2052 2852 2086 2889 ο
2123 2836 2488 2890 indeflcientis
2540 2836 2723 2906 gaudii
2786 2835 2911 2891 fons
2956 2836 3290 2891 beatissime.
3331 2834 3540 2901 Gaude,
3592 2853 3626 2892 ο

2054 2927 2238 2995 gaudii
2280 2928 2467 2981 aeterni
2517 2926 2784 2982 deiferum
2837 2928 3134 2982 cimelium.
3170 2926 3378 2990 Gaude,
3415 2943 3447 2981 o
3490 2929 3627 2983 vivi-

376 2998 608 3071 μήλιον·
637 3001 873 3074 χαίροις,
901 2996 946 3056 ὦ
976 3006 1147 3073 χαρᾶς
1169 3004 1269 3071 τῆς
1298 3003 1647 3073 ζωοπαρόχου
1675 3003 1840 3070 φυτὸν
1865 3004 1948 3056 εὐ-

2057 3017 2274 3071 ficantis
2296 3016 2475 3086 gaudii
2501 3017 2667 3071 arbor
2693 3017 3084 3071 \‘irentissilna.
3118 3017 3325 3081 Gaude,
3343 3032 3375 3070 ο
3401 3019 3627 3088 innupta

378 3090 744 3145 θαλέστατονο
800 3093 1033 3164 χαίροις,
1076 3087 1121 3147 ὦ
1170 3093 1302 3147 Θεοῦ
1353 3096 1555 3165 Μήτηρ
1604 3094 1948 3164 ἁνύμφευτε’

379 3181 617 3253 χαίροις,
649 3175 695 3235 ὦ
718 3180 963 3252 Παρθένε
994 3181 1133 3252 μετά
1161 3181 1319 3234 τόκον
1346 3181 1611 3251 ἀσύλητε·
1645 3181 1879 3251 χαίροις,
1907 3173 1953 3233 ὧ

380 3272 604 3324 πάντων
648 3270 969 3342 παραδόξων
1013 3271 1448 3344 παραδοξότατον
1482 3271 1682 3341 θέαμα.
1716 3272 1811 3335 Τίς
1858 3289 1952 3325 σου

382 3379 592 3433 φράσαι
621 3362 720 3428 τὴν
753 3362 983 3430 ἀγλαΐαν
1025 3362 1350 3433 δυνήσεται;
1401 3363 1497 3426 Τίς
1548 3380 1641 3416 σου
1693 3364 1857 3431 φάναι
1893 3364 1954 3417 τὸ

381 3452 574 3524 θαῦμα
617 3453 948 3525 τολμήσειε;
1005 3455 1100 3517 Τίς
1153 3471 1247 3508 σου
1294 3455 1529 3527 κηρύξαι
1579 3455 1845 3527 θαρσήσει
1892 3455 1955 3509 τὸ

386 3545 655 3615 μέγεθος;
697 3544 1027 3615 Ἀνθρώπων
1060 3546 1158 3617 τήν
1193 3546 1353 3616 φύσιν
1382 3547 1715 3617 ἐκόσμησας,
1761 3547 1954 3616 Ἀγγέ-

388 3634 489 3691 λων
540 3637 643 3700 τὰς
683 3635 864 3700 τάξεις
919 3636 1244 3707 νενίκηκας·
1282 3637 1388 3689 τῶν
1428 3636 1810 3707 Ἀρχαγγέλων
1855 3637 1954 3701 τὰς

387 3730 735 3800 φωταυγείας
756 3731 1083 3801 ἀπέκρυψας
1102 3745 1117 3761 ⁸
1148 3730 1259 3783 τῶν
1276 3730 1493 3801 Θρόνων
1516 3731 1615 3790 τὰς
1640 3730 1952 3801 προεδρίας,

383 3822 642 3893 δευτέρας
676 3838 770 3875 σου
815 3821 1139 3887 άπέδειξαςυ
1189 3824 1296 3877 τῶν
1343 3824 1694 3894 Κυριοτήτων
1726 3824 1787 3876 τὸ
1824 3824 1956 3894 ὕψος

382 3914 727 3985 ἑσμίκρυνας
749 3929 762 3942 ’
788 3913 897 3967 τῶν
940 3912 1153 3985 Ἀρχῶν
1180 3913 1278 3977 τὰς
1309 3913 1649 3986 καθηγήσεις
1691 3914 1956 3988 προέδρα-

382 4019 525 4073 μες·
570 4005 679 4058 τῶν
722 4005 1012 4072 Ἐξουσιῶν
1054 4006 1116 4059 τὸ
1160 4004 1346 4069 σθένος
1387 4006 1704 4078 ὴνεύρωσας
1720 4007 1796 4039 ’θ’
1845 4004 1956 4060 τῶν

374 4094 684 4164 Δυνάμεων
747 4096 1108 4169 δυναμωτέρα
1165 4097 1537 4169 προελήλυθας
1590 4098 1848 4168 δύναμις·
1895 4099 1957 4152 τὸ

384 4186 497 4240 τῶν
512 4186 794 4257 Χερουϐὶμ
824 4187 1207 4258 πολυόμματον
1232 4189 1441 4259 γηῖνοις
1461 4189 1759 4260 ὀφθαλμοῖς
1789 4190 1957 4262 ὐπερ-

382 4278 584 4342 έδαλες
604 4296 617 4309 ο
646 4281 706 4332 τὸ
731 4279 839 4335 τῶν
864 4281 1118 4352 Σεραφὶμ
1157 4280 1531 4351 ἐξαπτέρυγον
1556 4280 1735 4352 ψυχῆς
1778 4281 1957 4337 θεοκι-

2053 3109 2148 3164 Dei
2197 3108 2387 3163 Mater.
2440 3108 2650 3175 Gaude,
2684 3124 2716 3164 ο
2755 3102 2923 3180 Virgo
2962 3118 3086 3181 post
3126 3120 3341 3179 partum
3387 3112 3629 3182 integer-

2054 3200 2214 3253 rima.
2247 3198 2455 3265 Gaude,
2491 3212 2524 3252 o
2555 3201 2934 3270 Spectaculum
2963 3217 3074 3270 pra:
3120 3203 3460 3256 mirabilibus
3505 3218 3627 3257 om-

2054 3291 2217 3345 nibus
2248 3306 2461 3346 summe
2497 3291 2901 3346 admirandum.
2943 3292 3209 3358 Quisnam
3255 3304 3404 3348 tuum
3446 3295 3629 3365 eloqui

2055 3381 2399 3451 Splendorem
2455 3384 2697 3451 poterit?
2749 3384 3013 3449 Quisnam
3075 3394 3429 3455 portentum,
3480 3387 3627 3457 quod

2064 3472 2184 3543 ipsa
2213 3488 2294 3533 es.
2327 3488 2587 3529 enarrare
2624 3476 2805 3530 verbis
2838 3475 3074 3530 audeat?
3113 3476 3373 3542 Quisnam
3415 3478 3626 3549 magni-

2054 3564 2328 3618 ficentiam
2358 3572 2505 3618 tuam
2538 3564 2688 3619 effari
2735 3581 2793 3621 se
2835 3582 3001 3636 posse
3031 3567 3303 3622 confidet?
3332 3567 3412 3622 Tu
3449 3568 3626 3621 homi-

2056 3672 2185 3710 num
2240 3657 2518 3710 exornasti
2564 3665 2814 3710 naturam
2858 3675 2872 3711 :
2912 3658 3242 3727 Angelorum
3278 3660 3500 3713 ordines
3534 3674 3629 3713 su-

2058 3746 2258 3815 perasti
2289 3762 2304 3811 ;
2344 3753 2401 3799 tu
2437 3745 2675 3815 fulgores
2708 3746 3168 3817 Archangelornm
3219 3748 3623 3815 obtenebrasti;

2058 3845 2115 3891 tu
2157 3837 2420 3891 sublimes
2450 3835 2796 3891 Thronorum
2842 3837 3000 3892 sedes
3046 3838 3187 3893 infra
3220 3848 3271 3893 te
3302 3840 3625 3906 ostendisti;

2060 3934 2117 3979 tu
2145 3925 2491 3980 altitudinem
2517 3924 2966 3980 Dominationum
3005 3926 3357 3996 depressisti;
3392 3938 3447 3982 tu
3474 3928 3628 3982 Prin-

2059 4015 2300 4087 cipatum
2334 4017 2627 4071 ducatibus
2659 4018 3028 4086 prmcutristi;
3078 4030 3133 4072 tu
3170 4021 3443 4073 euervasti
3476 4020 3629 4074 forti-

2058 4107 2302 4163 tudinem
2337 4106 2711 4175 Polestatum;
2746 4118 2802 4163 tu
2853 4110 2987 4179 ipsis
3018 4107 3322 4164 Virtutibus
3360 4113 3632 4179 potentior

2058 4199 2238 4255 virtus
2267 4199 2555 4268 prodiisti;
2586 4209 2643 4253 tu
2669 4199 2960 4255 Clterubim
2989 4200 3426 4256 oculatissimnm
3457 4201 3628 4255 visum

2061 4290 2417 4345 terrestribus
2446 4289 2623 4345 oculis
2670 4288 2887 4355 vicisti;
2945 4298 3001 4343 tu
3054 4288 3340 4358 Seraphim
3376 4304 3468 4344 sex
3520 4291 3633 4345 alas

385 4364 573 4440 νήτοις
602 4373 818 4441 πτεροῖς
849 4371 1233 4443 ὐπερϐέϐηκας
1253 4388 1269 4403 ·
1310 4375 1405 4427 καὶ
1448 4372 1628 4443 πάσης
1657 4373 1948 4444 ὐπερέσχες

2067 4382 2388 4436 habentium
2419 4382 2637 4455 volatus
2668 4382 2864 4435 animae
2893 4381 3089 4450 pennis
3123 4380 3386 4435 divinitus
3417 4369 3636 4449 agitatis

383 4458 489 4527 τῆς
516 4459 767 4527 κτίσεως,
797 4461 871 4524 ὡς
896 4462 1073 4532 πάσης
1102 4460 1262 4514 πλέον
1306 4462 1405 4531 τῆς
1453 4461 1683 4527 κτίσεως
1724 4463 1962 4534 καθαρό-

384 4568 517 4622 τητι
559 4551 869 4623 λάμπουσα,
918 4554 1010 4606 καὶ
1044 4551 1140 4606 τὸν
1186 4552 1368 4624 πάσης
1401 4552 1645 4624 Κτίστην
1691 4553 1960 4624 δεξαμένη

382 4645 489 4714 τῆς
520 4644 771 4708 κτίσεως,
822 4644 919 4699 καὶ
945 4643 1135 4697 τοῦτον
1169 4643 1514 4715 κυοφοροῦσα
1569 4644 1664 4698 καὶ
1701 4643 1961 4700 τίκτουσα

385 4738 488 4792 καὶ
507 4734 642 4791 Θεοῦ
667 4738 862 4807 Μήτηρ
881 4738 944 4791 ὲκ
965 4737 1145 4808 πάσης
1174 4738 1548 4810 γεγεννημένη
1577 4738 1675 4807 τῆς
1700 4739 1954 4801 κτίσεως.

2070 4473 2459 4541 transvolasti;
2492 4481 2551 4527 tu
2600 4471 2837 4541 denique
2878 4485 3092 4525 omnem
3137 4480 3447 4525 creaturam
3482 4471 3638 4540 longe
3723 4500 3733 4504 —

2072 4572 2423 4636 transgressa
2474 4578 2558 4627 es,
2612 4565 2811 4635 quippe
2840 4577 2960 4631 quae
3015 4558 3127 4632 pra:
3181 4562 3330 4616 onmi
3387 4570 3638 4616 creatura

2066 4657 2313 4714 enituiin
2366 4655 2604 4726 puritate
2651 4656 2816 4727 (l7),
2859 4664 2913 4712 et
2970 4655 3214 4711 omnium
3264 4662 3638 4709 creaturarum

2070 4747 2412 4802 conditorem
2449 4746 2503 4800 in
2553 4753 2604 4800 te
2645 4746 2942 4816 excepisti;
2979 4746 3268 4816 ipsumque
3302 4751 3355 4799 et
3390 4743 3513 4798 sinu
3546 4752 3642 4796 tuo

2077 4838 2330 4910 gestasti,
2355 4844 2409 4891 et
2437 4836 2699 4907 genuisti,
2728 4844 2784 4893 et
2832 4839 2948 4894 sola
2989 4856 3051 4896 ex
3082 4840 3339 4896 omnibus
3376 4839 3644 4897 creaturis
3675 4870 3683 4879 -

2073 4930 2168 4987 Dei
2204 4940 2377 4986 mater
2406 4929 2597 4987 effecta
2626 4943 2706 4984 es.
3671 4915 3679 4926 ’

1682 5044 1925 5107 VA'RUE
1962 5048 2368 5110 LECTIONES.

468 5149 511 5183 ”
535 5148 673 5206 Cod.
720 5144 1039 5220 χαροποιοῦ.
1115 5144 1165 5177 ’⁵
1194 5141 1330 5200 Cod.
1359 5141 1687 5214 ὲνεύρωσας.

1902 5212 2133 5269 NOTAE.

468 5313 515 5383 (l
529 5310 584 5380 7)
613 5310 835 5383 inspice
880 5318 1109 5383 attente,
1136 5304 1435 5383 quomodo
1470 5315 1692 5383 sanctus
1720 5304 1973 5383 Sophro-

386 5376 521 5438 nitis
565 5376 1074 5450 ’siugularissimam
1110 5378 1316 5450 Maria:
1369 5378 1664 5450 puritatem
1711 5376 1975 5445 (καθαρό-

390 5451 556 5522 τητα)
591 5447 879 5504 accenseat
914 5449 1253 5522 nominibus,
1290 5448 1490 5522 quibus
1529 5447 1642 5514 ipsa
1674 5457 1727 5522 et
1757 5458 1973 5522 speeta-

393 5516 584 5576 ctiluin
654 5534 1001 5588 summopere
1064 5516 1477 5581 admirandum,
1535 5525 1588 5569 et
1645 5516 1970 5588 miraculum

395 5589 784 5653 inenarrabile,
815 5585 1106 5644 et‘naturzc
1137 5595 1542 5647 ornamentum,
1571 5595 1624 5641 et
1663 5585 1973 5653 prmcelsior

397 5660 680 5715 universis
713 5673 776 5712 ac
820 5658 1049 5728 singulis
1095 5657 1409 5712 caelestibus
1437 5654 1746 5728 ordinibus,
1781 5670 1845 5709 ac
1871 5656 1972 5728 de-

402 5745 554 5785 mum
611 5728 762 5785 omni
816 5725 1067 5787 creatura
1113 5728 1467 5799 praestantior
1523 5725 1852 5785 celebratur.
1902 5726 1974 5781 At

2079 5317 2233 5366 vero,
2263 5318 2372 5373 quo
2401 5310 2569 5373 pacto
2592 5310 2734 5358 esset
2760 5301 3014 5372 puritatis
3048 5300 3398 5364 miraculum,
3430 5296 3649 5373 siquod

2082 5371 2389 5429 foedissime
2404 5371 2663 5443 'singulos
2696 5371 2834 5426 filios
2864 5373 3143 5427 hominum
3175 5374 3449 5443 deturpat,
3478 5371 3649 5443 ip~aut

2079 5458 2301 5513 quoque
2346 5440 2733 5513 deturpasset?
2763 5442 2881 5509 Quo
2916 5454 3073 5511 pacto
3115 5441 3393 5511 angelicos
3431 5440 3654 5491 ordines

2080 5512 2332 5584 puritate
2356 5512 2521 5584 longe
2543 5512 2869 5584 excederet?
2897 5514 3016 5584 Quo
3045 5521 3200 5581 pacto
3225 5520 3479 5584 creatura
3511 5521 3656 5575 quac-

2080 5577 2517 5708 piamUVit-gine
2583 5583 2816 5653 Deipara
2892 5577 3082 5652 purio'r
3156 5577 3463 5650 excogitari
3547 5590 3659 5633 non

2080 5668 2241 5708 posse

2080 5662 2263 5724 posset
