4022 6206
431 223 571 285 ἔξέτῖἷ)

500 343 644 398 XIX.
690 340 984 407 Propterea
1051 339 1150 393 tibi
1192 338 1440 392 acclamo
1494 352 1509 388 :

428 437 614 507 plena,
646 453 665 487 ι
715 436 975 504 quoniam
1023 443 1076 487 et
1124 445 1236 501 prae
1281 428 1536 484 omnibus
1585 425 1860 480 creaturis
1907 423 2021 495 (18)

428 525 623 596 gratia:
670 523 994 577 muneribus
1047 518 1325 572 cuumlata
1375 515 1552 570 fuisti.
1604 512 1669 567 Et
1706 512 2023 582 liujusmodi

433 617 488 670 in
523 622 578 669 te
612 612 796 683 gaudii
825 620 877 664 et
908 609 1097 680 gratiae
1122 622 1347 662 causam
1375 605 1562 675 utique
1602 603 1742 670 scio,
1767 617 1831 656 ac
1863 603 2023 673 plane

431 711 775 775 perspectam
808 701 1020 767 habeo;
1054 709 1219 769 atque
1248 697 1456 752 idcirco
1489 698 1738 751 clamans
1771 703 1823 750 et
1852 696 2019 750 simul

430 794 714 865 gratulans
762 791 962 861 adjicio
1000 808 1013 844 :
1056 808 1074 841 ι
1120 791 1386 845 Dominus
1437 799 1650 853 tecum;
1705 806 1723 839 ι
1766 787 1858 857 qui
1899 785 2021 856 qui-

426 886 549 941 dem
596 896 855 955 tanquam
902 884 1160 938 conditor
1201 883 1476 938 universis
1502 881 1834 949 fdominatur
1866 894 2021 934 crea-

426 977 597 1041 turis;
633 984 813 1047 tecum
852 991 979 1030 vero
1014 987 1117 1041 e51,
1150 984 1339 1046 utpote
1376 975 1429 1028 in
1464 974 1588 1030 sinu
1625 984 1718 1027 tuo
1750 979 2016 1042 gestatus,

427 1079 480 1125 ct
508 1086 606 1142 per
639 1068 965 1124 ineffabilem
1008 1069 1424 1138 conceptionem
1457 1078 1606 1122 tuam
1642 1066 1697 1120 in
1731 1074 1887 1119 utero
1925 1073 2019 1117 tuo

430 1162 677 1216 clausus.
718 1180 735 1212 ι
776 1159 1036 1214 Dominus
1072 1167 1284 1226 tecum;
1330 1178 1348 1211 ι
1387 1159 1480 1229 qui
1517 1156 1854 1212 aeternaliter
1894 1154 2019 1225 qui-

432 1255 554 1310 dem
582 1271 646 1309 ex
680 1254 839 1310 Patre
871 1264 1051 1320 natus,
1085 1269 1212 1308 cum
1243 1254 1405 1307 Patre
1436 1268 1654 1323 semper
1685 1250 2018 1319 conjunctus

430 1349 790 1419 intelligitur;
839 1363 989 1403 nunc
1038 1362 1171 1403 vero
1219 1357 1399 1401 tecum
1458 1360 1556 1415 per
1598 1341 2016 1412 conceptionem

423 1441 603 1509 adest,
641 1457 704 1496 ac
739 1441 1076 1497 tremendam
1126 1455 1190 1495 ex
1241 1448 1292 1494 te
1342 1436 1775 1506 assumptioncm
1828 1432 2017 1488 carnis

422 1535 768 1605 exsequitur.
810 1553 827 1585 ι
868 1533 1137 1587 Dominus
1170 1539 1386 1605 tecum;
1431 1548 1450 1581 ι
1491 1528 1585 1598 qui
1619 1527 1851 1597 primam
1892 1524 2018 1579 inde

424 1629 589 1683 habet
622 1627 1033 1697 generationem
1071 1636 1331 1680 aeternam
1356 1663 1371 1686 ,
1401 1620 1533 1676 liinc
1560 1633 1689 1674 vero
1714 1615 2014 1673 secundam

1278 219 1338 278 S.
1358 214 1752 297 SOPHRONI
1762 215 1786 273 I
1830 205 2339 275 PATRIARCILE
2379 217 2791 279 HIEROSOL.

1568 353 1586 386 ι
1638 335 1775 398 Ave,
1842 333 2016 404 gratia
2051 339 2094 393 Α

3576 217 3716 283 32.10

2194 331 2294 387 ιε’.
2320 333 2419 385 Διά
2451 332 2608 386 τοῦτό
2640 351 2741 398 σοι,
2772 350 2788 383 ι
2818 332 2990 401 Χαῖρε
3024 332 3465 404 κεχαριτωμένη,
3498 350 3517 384 ι
3545 349 3719 407 προσ-

2132 425 2445 495 φθέγγομαι
2474 441 2487 454 ο
2520 425 2710 495 ἐπειδὴ
2750 425 2846 478 καὶ
2884 424 3064 495 πάσης
3099 424 3261 479 πλέον
3295 425 3639 497 ἐχαριτώθης
3665 428 3712 459 ιι

2132 517 2232 586 τῆς
2258 517 2489 580 κτίσεως
2514 533 2529 547 ·
2566 517 2660 569 καὶ
2687 516 2785 586 τῆς
2817 516 3075 586 τοιαύτης
3110 517 3167 567 ἐν
3194 517 3278 570 σοὶ
3322 518 3499 587 χαρᾶς
3526 534 3585 570 τε
3615 518 3713 571 καὶ

2129 610 2351 680 χάριτος
2382 607 2635 679 γνωρίζω
2664 609 2754 661 καὶ
2800 603 2917 661 οἶδα
2936 607 2994 660 τὸ
3023 608 3193 660 αἴτιον
3222 623 3233 635 ·
3253 607 3334 662 διὸ
3356 607 3451 661 καὶ
3470 607 3717 681 ἐπιφὲρω

2123 699 2262 769 βοῶν
2302 701 2396 754 καὶ
2435 699 2845 770 φθεγγόμενος’
2889 718 2907 751 ι
2948 700 3005 753 '0
3029 699 3253 770 ξΚύριος
3310 698 3450 770 μετά
3513 699 3610 753 σοῦ
3641 715 3653 729 ·
3688 719 3708 751 ι

2123 793 2151 844 6
2179 791 2360 859 πάσης
2395 791 2517 861 μὲν,
2547 792 2624 855 ὡς
2671 791 2934 860 Κτίστης,
2969 789 3244 862 κυριεύων
3285 791 3385 859 τῆς
3433 790 3666 855 κτίσεως
3693 808 3709 824 ο

2130 884 2269 955 μετὰ
2296 884 2390 938 σοῦ
2425 884 2503 951 δὲ,
2535 884 2610 948 ὡς
2640 884 2697 937 ἐν
2733 884 2911 954 κοιλίᾳ
2950 887 3015 955 τῇ
3050 887 3116 955 σῇ
3159 883 3583 955 βασταζόμενος,
3616 886 3711 939 καὶ

2123 977 2417 1045 κυοφορίαν
2434 976 2870 1050 κυοφορούμενος
2898 977 3196 1048 ἄφραστον.
3227 994 3244 1027 ι
3270 977 3327 1030 '0
3350 976 3554 1047 Κύριος
3573 976 3711 1045 μετά

2124 1070 2272 1123 σοῦσι
2313 1072 2341 1122 6
2385 1070 2571 1128 ἁῖδξως
2601 1069 2700 1139 μὲν
2730 1071 2793 1123 ὲκ
2835 1069 3050 1140 Πατρὸς
3104 1069 3406 1139 γεννηθεὶς,
3444 1068 3539 1121 καὶ
3573 1068 3713 1139 μετὰ

2122 1162 2337 1233 Πατρός
2371 1162 2457 1216 ἀεὶ
2489 1160 2866 1232 θεωρούμενος
2894 1179 2907 1191 ·
2935 1161 3078 1227 μετά
3118 1161 3211 1214 σοῦ
3255 1161 3313 1214 δὲ
3345 1159 3441 1214 νῦν
3481 1162 3546 1230 τῇ
3574 1160 3706 1213 συ).-

2120 1254 2283 1325 mea;
2318 1253 2623 1325 γινόμενος,
2655 1254 2751 1307 καὶ
2791 1256 2855 1307 ἐκ
2893 1252 2987 1306 σοῦ
3049 1252 3289 1325 φοϐερὰν
3340 1252 3709 1322 ποιησάμενος

2125 1346 2423 1418 σάρκωσιν.
2462 1363 2480 1396 ι
2529 1346 2586 1398 '0
2622 1345 2827 1415 Κύριος
2861 1346 2998 1416 μετά
3052 1345 3146 1398 σοῦ
3169 1363 3181 1375 ·
3228 1364 3244 1397 ι
3286 1345 3314 1397 6
3347 1342 3572 1413 πρώτην
3607 1342 3708 1410 μὲν

2120 1440 2260 1511 ἔχων
2294 1439 2462 1492 ἀΐδιον
2496 1437 2773 1510 γέννησιν,
2803 1438 2897 1491 καὶ
2931 1437 3195 1510 δευτέραν
3230 1439 3298 1490 ὲκ
3349 1436 3443 1489 σοῦ
3477 1435 3707 1507 προσδε-

2119 1531 2349 1602 χόμενος
2377 1531 2421 1561 ¹²
2442 1529 2718 1598 γέννησιν,
2753 1548 2772 1580 ι
2816 1531 2875 1581 '(l
2909 1530 3114 1600 Κύριος
3148 1528 3286 1600 μετά
3335 1528 3429 1581 σοῦ
3454 1544 3467 1558 ο
3496 1546 3515 1580 ι
3548 1531 3575 1581 6
3606 1527 3710 1582 πά-
3786 1596 3795 1597 7

2122 1638 2222 1689 σης
2254 1621 2352 1692 μὲν
2384 1621 2480 1675 σὺν
2514 1621 2690 1693 Πατρὶ
2733 1620 3003 1691 κυριεύων
3053 1622 3153 1690 τῆς
3197 1620 3449 1682 κτίσεως,
3503 1620 3568 1671 ἐκ
3611 1616 3706 1671 σοῦ

425 1732 491 1771 ex
517 1730 568 1770 te
590 1716 1002 1787 generationem
1030 1712 1392 1767 nanciscitur.
1425 1729 1443 1762 ι
1471 1710 1735 1763 Dominus
1758 1718 1969 1771 tecum;
1992 1724 2010 1756 ι

2126 1713 2177 1767 δὲ
2204 1713 2399 1767 δούλου
2433 1715 2648 1785 μορφὴν
2682 1712 3022 1784 ἐνδυόμενος,
3068 1712 3165 1766 καὶ
3211 1710 3452 1774 δουλείας
3489 1711 3709 1763 ἐλευθε-

422 1811 517 1881 qui
552 1824 658 1863 una
684 1823 808 1862 cum
842 1805 1008 1861 Patre
1039 1803 1316 1859 universis
1348 1816 1482 1857 sane
1513 1800 1830 1855 dominatur
1855 1812 2012 1852 crea-

424 1901 567 1956 turis
609 1917 623 1953 :
670 1913 860 1953 verum
912 1913 978 1952 ex
1032 1906 1087 1952 te
1140 1896 1378 1950 formam
1423 1892 1565 1948 servi
1612 1891 1811 1955 induit,
1848 1899 2013 1961 atque

422 1994 726 2049 humanum
796 2005 971 2063 genus
1030 2004 1060 2044 a
1116 1989 1386 2044 servitute
1441 1987 1659 2041 liberat.
1713 1983 2009 2055 Propterea

423 2086 574 2142 enim
610 2085 873 2140 Dominus
906 2084 1090 2138 factus
1118 2089 1204 2139 est
1233 2097 1451 2144 servus,
1472 2088 1550 2134 -ιιι
1578 2092 1795 2133 servum
1834 2076 2011 2148 gratia

424 2194 523 2234 sua
568 2177 806 2233 alliceret
854 2174 1160 2229 dominum.
1218 2192 1236 2225 ι
1281 2171 1546 2225 Dominus
1582 2180 1800 2231 tecum;
1842 2185 1861 2218 ι
1916 2167 2009 2238 qui

423 2286 548 2325 cum
584 2280 742 2325 extra
785 2267 1086 2337 cujuslibet
1120 2276 1391 2321 creatura:
1421 2279 1649 2319 censum
1680 2263 1839 2333 prius
1874 2260 2012 2315 cmi-

423 2370 602 2423 neret,
639 2375 788 2415 nunc
821 2360 975 2414 visus
1015 2365 1098 2413 est
1130 2346 1254 2411 cum
1298 2363 1353 2410 te
1381 2362 1592 2418 creata.
1627 2361 1681 2409 et
1715 2367 1811 2423 per
1842 2359 1895 2406 te
1926 2350 2013 2405 in-

422 2464 507 2508 ter
547 2454 684 2508 alias
731 2460 1023 2507 creaturas
1065 2457 1499 2505 connumeratus
1543 2453 1647 2501 est.
1684 2444 1742 2500 In
1783 2454 1832 2500 te
1863 2442 2012 2498 enim

423 2555 645 2603 creatur
684 2545 998 2608 increatus;
1050 2552 1102 2598 et
1129 2543 1360 2598 Creator
1392 2539 1644 2610 procedit
1670 2554 1737 2593 ex
1767 2546 1820 2591 te
1854 2550 2010 2591 creao

422 2650 535 2694 tus.
568 2637 625 2691 lu
667 2646 720 2692 te
755 2651 925 2691 cerno
967 2631 1530 2689 increatum.l'actum
1573 2635 1919 2692 creaturam;
1959 2634 2015 2680 et

423 2732 610 2786 carnis
639 2736 922 2799 expertem
960 2726 1015 2779 in
1048 2737 1100 2780 te
1135 2724 1336 2778 factum
1375 2736 1598 2777 carnem
1631 2720 1870 2774 intueor.

497 2822 616 2877 XX.
654 2820 759 2889 Qui
812 2819 1003 2883 ad’te,
1041 2832 1075 2872 ο
1127 2815 1313 2886 Virgo,
1355 2812 1682 2884 legationem
1734 2810 1922 2874 mittit,
1958 2810 2011 2865 in

423 2913 564 2969 cwlo
604 2926 768 2966 carne
806 2910 1035 2965 carebat
1078 2913 1134 2959 et
1180 2918 1442 2973 corpore;
1483 2902 1572 2955 llic
1614 2915 1744 2955 vero
1783 2914 2012 2955 carnem

424 3015 480 3062 et
512 3021 716 3076 corpus
753 3020 879 3060 eum
931 3001 1137 3056 factum
1178 2995 1488 3066 conspicio.
1539 2994 1598 3048 ιιι
1641 2992 1783 3047 cmlo
1827 2999 2015 3061 utpote

2124 1805 2232 1875 ρῶν
2263 1804 2323 1858 τὸ
2348 1805 2712 1877 ἀνθρώπινον.
2745 1804 2844 1857 Διά
2865 1805 3025 1859 τοῦτο
3064 1805 3172 1877 γὰρ
3214 1803 3400 1865 δοῦλος
3436 1803 3465 1855 6
3504 1802 3710 1870 Κύριος

2119 1898 2353 1967 γίνεται,
2382 1899 2471 1951 ἵνα
2503 1898 2596 1952 τὸν
2630 1896 2816 1951 δοῦλον
2841 1896 3103 1967 ἀποδείξῃ
3134 1896 3316 1968 χάριτι
3346 1895 3555 1966 κύριον.
3588 1912 3607 1944 ι
3646 1894 3707 1945 Ὀ

2119 1991 2327 2062 Κύριος
2352 1991 2492 2064 μετά
2533 1990 2647 2045 σοῦ’
2682 2010 2702 2043 ι
2738 1994 2766 2044 6
2799 1990 2991 2063 πρώην
3028 1991 3332 2064 μὲν-πάσης
3373 1987 3478 2054 ἔξω
3507 1986 3712 2057 τυγχά-

2120 2100 2232 2137 νων
2253 2083 2355 2153 τῆς
2377 2083 2631 2148 κτίσεως,
2663 2082 2781 2135 νυνὶ
2803 2081 2860 2135 δὲ
2890 2080 3029 2150 μετά
3063 2080 3159 2134 σοῦ
3193 2079 3293 2148 τῆς
3316 2080 3542 2148 κτιστῆς
3576 2078 3710 2130 καο-

2119 2176 2418 2247 ορώμενος,
2461 2175 2558 2230 καὶ
2590 2175 2678 2229 διὰ
2719 2174 2813 2229 σοῦ
2838 2177 2952 2238 τοῖς
2970 2175 3213 2237 κτιστοϊς
3241 2173 3537 2242 γενόμενος
3576 2187 3707 2225 συν-

2120 2267 2353 2339 άριθμος
2378 2268 2459 2300 ³³⁸
2495 2268 2555 2321 ὲν
2603 2267 2689 2321 σοὶ
2724 2269 2833 2338 γὰρ
2861 2268 2889 2319 ὀ
2912 2266 3169 2329 ἄκτιστος
3212 2264 3490 2329 κτίζεται,
3525 2263 3620 2316 καὶ
3645 2263 3710 2315 ἐκ

2124 2360 2217 2413 σοῦ
2245 2359 2465 2424 κτιστὸς
2488 2359 2518 2412 ὁ
2556 2359 2799 2431 Κτίστης
2827 2358 3179 2430 προέρχεται.
3202 2356 3425 2426 κτίσμα
3457 2354 3636 2425 βλέπω
3652 2355 3710 2408 ὲν

2123 2454 2208 2507 σοὶ
2240 2453 2503 2522 γεγονότα
2532 2452 2623 2507 τὸν
2670 2453 2950 2519 ἄκτιστον,
2979 2452 3077 2505 καὶ
3118 2451 3299 2522 σάρκα
3336 2446 3530 2520 θεωρῶ
3555 2447 3708 2501 τελε-

2124 2544 2319 2600 σθέντα
2343 2545 2435 2600 τδν
2462 2546 2725 2617 ἄσαρκον.

2192 2816 2278 2870 Κ’.
2307 2816 2454 2869 ’Δνω
2479 2814 2577 2884 μὲν
2607 2812 2859 2880 στέλλων,
2888 2806 2937 2868 ὦ
2964 2813 3229 2885 Παρθένε,
3251 2812 3393 2885 πρὸς
3421 2813 3501 2878 σὲ,
3540 2812 3710 2885 ἄσαρο

2121 2924 2217 2969 κος
2270 2901 2339 2976 ἦν
2400 2905 2496 2958 καὶ
2545 2904 2873 2979 ἀσώματος·
2916 2900 3018 2961 ὧδε
3052 2905 3109 2959 δὲ
3156 2905 3339 2973 σάρκα
3379 2905 3568 2959 σκοπῶ
3615 2906 3713 2959 καὶ

2112 2994 2284 3066 ,σῶμα
2303 2993 2615 3063 γενόμενον.
2639 2994 2786 3046 Ἀνω
2808 2993 2908 3064 μὲν
2929 2994 3184 3058 ἄκτιστος
3208 2990 3277 3066 ἦν
3307 2994 3489 3065 πάσης
3510 2994 3713 3067 ἐξῃρη-

423 3101 706 3158 incrcatus
754 3111 921 3165 super
964 3107 1181 3147 onmem
1234 3097 1545 3145 creaturam
1586 3085 1898 3152 eminebat;
1932 3084 2019 3139 hic

2126 3088 2286 3159 μένος
2320 3087 2422 3156 τῆς
2465 3084 2696 3149 κτίσεως
2720 3101 2734 3114 ·
2771 3079 2874 3139 ὧδε
2907 3084 2966 3138 δὲ
3005 3084 3212 3155 κτίσμα
3251 3085 3440 3139 τοῦτον
3469 3084 3712 3155 εὑρίσκω

424 3206 558 3247 vero
580 3190 633 3244 in
656 3187 935 3257 tevirgine
968 3186 1144 3254 ipsum
1161 3194 1214 3238 et
1235 3192 1540 3236 creaturam
1565 3187 1619 3236 et
1644 3175 2017 3234 ntanufactum

426 3297 567 3351 opus
606 3280 726 3334 sine
755 3278 839 3331 sui
875 3273 1181 3329 mutatione
1217 3270 1473 3326 effectum
1509 3265 1752 3320 invenio.
1788 3262 1845 3318 ln
1880 3264 2020 3317 caelo

426 3372 651 3443 quidem
696 3369 863 3423 Deum
911 3366 1149 3419 humana
1195 3368 1394 3416 natura
1448 3368 1727 3412 carentem
1772 3364 2019 3411 contem-

427 3466 650 3536 plabar;
692 3460 972 3534 quomodo
1010 3458 1156 3513 enim
1194 3456 1250 3509 in
1295 3452 1436 3509 coelo
1464 3457 1787 3505 cerneretur
1825 3449 2022 3502 huma-

426 3557 615 3614 nitas?
641 3555 825 3616 Absit,
858 3560 917 3607 ut
957 3552 1081 3605 novi
1125 3546 1402 3603 somnient
1436 3542 1741 3613 Origenes;
1792 3549 1891 3595 aut
1921 3540 2021 3595 ite—
2064 3612 2073 3620 ε

426 3662 549 3701 rum
596 3643 875 3698 insaniant
922 3637 1169 3709 Didymi;
1209 3643 1303 3688 aut
1339 3633 1521 3688 denuo
1566 3631 1621 3684 in
1667 3628 2021 3685 contentione

426 3737 788 3796 audacissimi
841 3733 1063 3803 Evagrii
1120 3729 1335 3786 fabulas
1392 3727 1588 3782 inanes
1651 3724 1708 3778 in
1778 3723 2020 3778 furorem

427 3834 535 3888 acti
580 3836 862 3894 enarrem,
897 3835 952 3881 et
998 3840 1124 3879 cum
1171 3820 1518 3876 detestandis
1566 3817 1772 3878 Graecis
1816 3814 2023 3871 foedere

427 3925 600 3988 inito,
669 3920 1072 3994 [H‘zeccdentem
1132 3914 1445 3970 animarum
1477 3911 1645 3965 vitam
1683 3894 2017 3979 excogitent.

427 4017 529 4071 llic
574 4031 703 4071 vero
734 4029 857 4069 eum
891 4026 1059 4066 cerno
1103 4008 1382 4064 hominem
1431 4005 1551 4061 sine
1600 4002 1906 4057 mutatione
1942 3999 2022 4053 fa-

425 4116 614 4173 ctum;
650 4114 703 4159 et
735 4103 1064 4157 miraculum
1099 4101 1156 4153 iu
1191 4096 1459 4152 miraculo
1487 4096 1853 4161 contemplor,
1885 4106 2023 4162 quo-

428 4200 576 4254 niam
626 4199 744 4266 ipse
793 4206 849 4249 et
898 4194 1045 4248 Deus
1102 4199 1188 4247 est
1239 4187 1625 4251 immutabilis,
1661 4195 1711 4242 et
1744 4188 1909 4241 ltomo
1936 4191 2025 4241 est

426 4284 864 4355 inexplicabilis;
920 4282 1137 4353 duplex
1183 4279 1364 4351 quoad
1427 4287 1703 4344 naturam,
1755 4279 1851 4332 sed
1912 4290 2021 4331 non

424 4379 627 4449 duplex
678 4376 860 4447 quoad
912 4373 1305 4446 bypostasiin;
1367 4385 1472 4425 una
1523 4368 1669 4425 enim
1716 4368 2022 4438 eademque

428 4444 661 4536 persona
695 4444 966 4527 constat,
994 4472 1049 4516 at
1099 4460 1154 4515 in
1204 4459 1419 4515 duabus
1467 4457 1685 4513 naturis
1730 4444 2102 4513 manifest

428 4568 790 4630 compertus;
856 4571 1038 4627 neque
1104 4562 1329 4625 propter
1392 4560 1755 4615 naturarum,
1816 4551 2015 4621 quibus

422 4652 716 4716 coalescit,
747 4648 1125 4720 duplicitatem
1156 4645 1393 4711 divisus,
1436 4657 1614 4713 neque
1655 4642 1852 4696 iterum
1888 4656 2013 4711 pro—

2126 3184 2221 3232 καὶ
2250 3178 2464 3247 ποίημα
2490 3178 2779 3247 ἀτρέπτως
2801 3179 2860 3232 ἐν
2891 3179 2973 3232 σοι
2994 3180 3060 3247 τῇ
3095 3177 3362 3249 Παρθένῳ
3391 3179 3707 3248 γενόμενον.

2126 3271 2277 3325 Ἀνω
2314 3268 2578 3339 μὲνΘεὺν
2627 3268 2816 3341 ἑώρων
2864 3269 3074 3340 γυμνὸν
3115 3270 3537 3342 ἀνθρωπότητος
3582 3268 3709 3327 (ποῦ

2123 3360 2234 3430 γὰρ
2266 3360 2627 3431 ἁνθρωπότης
2654 3362 2713 3413 ἐν
2745 3360 2964 3433 οὐρανῷ
3013 3361 3407 3416 κατοπτεύοιτο
3433 3379 3448 3428 ;
3480 3360 3573 3433 Μὴ
3616 3355 3740 3417 πέρ’

2124 3449 2208 3503 λιν
2244 3448 2520 3521 Ὠριγέναι
2569 3450 2910 3521 ληρείτωσαν
2941 3465 2955 3480 ·
2994 3453 3068 3523 μὴ
3118 3452 3284 3506 πάλιν
3330 3452 3712 3524 μαινέσθωσαν

2124 3541 2376 3612 Δίδυμοι·
2420 3540 2495 3612 μὴ
2535 3541 2697 3595 πάλιν
2729 3542 2991 3614 Εὑάγριοι
3036 3544 3486 3616 θυμομαχοῦντες
3512 3544 3713 3598 λυττά-

2122 3650 2306 3687 τωσαν
2342 3632 2387 3665 ’θ
2429 3632 2632 3705 μύθους
2668 3636 2860 3699 κενοὺς
2893 3636 3314 3707 ἀφηγούμενον
3345 3639 3441 3691 καὶ
3485 3634 3713 3709 προδιο-

2122 3725 2221 3797 τὴν
2251 3725 2438 3797 ψυχῶν
2478 3726 2902 3799 φανταζόμενοι,
2931 3729 3028 3782 καὶ
3065 3729 3292 3800 Ἕλλησι
3322 3731 3587 3799 μυσαροῖς
3617 3745 3713 3781 συ·
3742 3792 3750 3799 _

2124 3819 2502 3890 σπενδόμενοι)
2525 3835 2538 3848 °
2572 3816 2674 3872 ὧδε
2719 3820 2804 3893 δὲ.
2831 3820 3211 3885 ἁναλλοιὼτως
3273 3821 3384 3892 ὁρῶ
3417 3820 3710 3891 γενόμενον

2122 3909 2408 3981 ἄνθρωπον
2441 3911 2533 3965 καὶ
2558 3910 2744 3981 θαῦμα
2774 3912 2832 3965 ἐν
2858 3912 3125 3984 θαύματι,
3161 3914 3242 3968 ὅτι
3270 3913 3362 3967 καὶ
3392 3912 3526 3976 Θεός
3560 3914 3711 3966 ἐστιν

2123 4000 2503 4066 ἀναλλοίωτος,
2545 4002 2639 4056 καὶ
2659 4002 2947 4075 ἄνθρωπός
2978 4006 3127 4059 ἐστιν
3157 4006 3558 4077 ἁνερμήνευτος
3576 4022 3590 4037 ·
3610 4003 3710 4075 τὴν

2124 4094 2286 4165 φύσιν
2335 4094 2582 4161 διπλοῦς,
2629 4095 2744 4149 ἀλλ’
2772 4097 2833 4149 οὑ
2889 4096 3112 4161 διπλοῦς
3163 4097 3260 4168 τὴν
3302 4098 3620 4163 ὑπόστασιν,
3650 4095 3709 4149 ἓν

2122 4188 2219 4241 καὶ
2250 4188 2448 4241 ταυτὸν
2474 4189 2614 4258 ἔχων
2642 4188 2704 4242 τὺ
2726 4188 3020 4259 πρόσωπον
3043 4205 3057 4218 ·
3095 4190 3155 4244 ὲν
3197 4191 3393 4261 φύσεσι
3421 4190 3475 4244 δὲ
3505 4190 3710 4251 διτταῖς

2121 4280 2548 4352 γνωριζόμενος,
2582 4282 2720 4353 μήτε
2751 4282 2839 4336 διὰ
2864 4282 2925 4335 τὸ
2976 4281 3087 4335 τῶν
3114 4282 3331 4353 φύσεων
3361 4282 3538 4335 διττὸν
3568 4281 3710 4338 διαι-

2129 4372 2412 4443 ρούμενος,
2450 4375 2587 4445 μήτε
2615 4373 2701 4427 διὰ
2738 4374 2799 4426 τὸ
2835 4373 2937 4443 τῆς
2986 4375 3336 4437 ὑποστάσεως
3378 4371 3574 4425 ταυτὸν
3615 4370 3712 4424 καὶ

2128 4465 2308 4519 ἑνικὸν
2360 4469 2454 4520 καὶ
2506 4465 2801 4534 ἀσύζυγον,
2835 4466 2968 4532 τῶν,
3014 4466 3074 4531 ἐξ
3097 4459 3172 4521 ὧν
3204 4468 3342 4528 ἐστι,
3376 4464 3592 4534 φύσεων
3616 4462 3714 4531 δη-

2129 4557 2410 4629 μιουργῶν
2441 4559 2486 4591 ”
2520 4559 2617 4627 τὴν
2651 4557 2952 4626 ἀνάχυσιν·
2988 4556 3113 4610 οὑτε
3172 4555 3270 4626 τῆς
3316 4554 3432 4608 ἄνω
3480 4552 3714 4622 Τριάδος

2120 4649 2220 4718 τῆς
2246 4649 2353 4703 τῶν
2375 4650 2508 4705 ὅλων
2540 4653 2776 4725 ἀρχικῆς
2817 4653 2998 4718 αὑξων
3031 4653 3131 4723 τὴν
3156 4650 3482 4723 ἀρίθμησιν,
3510 4646 3604 4701 καὶ
3632 4637 3714 4707 εἷς

1720 4757 1808 4812 VA
1819 4759 1857 4812 ιι
1870 4760 1955 4815 l/E
2001 4762 2382 4827 LECTIONES

538 4859 579 4891 ’ί
608 4856 743 4913 Cod.
797 4854 1129 4927 ὲχαριτώθη.

426 4930 778 5003 δημιουργόν.

1224 4857 1270 4887 ³³
1299 4852 1438 4909 Cod.
1492 4850 1956 4922 προσδεχόμενον.

2038 4860 2086 4889 ⁸³
2117 4858 2253 4916 Cod.
2316 4861 2695 4933 συναρίθμιος.

3495 4860 3542 4893 ⁸⁸
3575 4853 3712 4911 Cod.

2799 4861 2845 4893 ”
2880 4860 3016 4917 Cod.
3077 4860 3416 4915 λυτάτωσαν.

2024 5012 2259 5072 NOTAE.

505 5115 802 5189 (18)ﬂQuo_
827 5130 997 5189 s_e_nsu_
1038 5113 1094 5168 in
1133 5111 1382 5189 Ecclesia
1425 5110 1813 5189 accipereptur
1850 5121 2023 5164 verna

431 5178 706 5247 Gzi'lrri'elis
742 5186 807 5240 ad
845 5184 1130 5257 Virginem
1177 5184 1319 5257 apud
1347 5178 1650 5257 _sanctuin__
1680 5178 1910 5257 Lucam,
1952 5195 2022 5235 en

437 5262 591 5318 testis
622 5259 785 5312 etiam
819 5249 1045 5311 sanctus
1083 5249 1433 5326 Soplironius
1469 5250 1703 5326 accedit.
1739 5249 1805 5326 ls_
1825 5264 2025 5319 nempe

437 5344 729 5384 munerum
793 5328 1105 5381 divinorum
1164 5319 1428 5378 'cumulus
1491 5319 1879 5387 intelligendus
1940 5331 2027 5374 est

442 5401 625 5454 Mariae
647 5400 901 5463 collatus,
929 5408 985 5451 ut
1010 5410 1354 5466 quaecunque
1382 5392 1601 5466 demum
1622 5393 1838 5466 caeteris
1866 5404 2027 5466 erea-

439 5472 581 5524 turis
636 5470 842 5523 tributa
889 5458 1118 5522 'novc'ris
1170 5458 1614 5532 vel'excogites.
1668 5463 1825 5532 longe
1878 5458 2021 5514 infra

440 5542 684 5631 gratias,
723 5540 939 5631 quibus.
978 5536 1320 5631 pobilissimne
1352 5530 1633 5631 “exornata:
1679 5530 2020 5631 Eii-insanienti

460 5602 631 5674 Virgo,
666 5602 864 5664 haberi
909 5609 1169 5664 debeant.
1202 5605 1365 5672 Atqui
1415 5602 1860 5674 ncinoignorat,
1911 5615 2023 5674 non

442 5670 606 5735 modo
665 5680 921 5736 ctelestes
980 5678 1233 5750 spiritus,
1277 5670 1375 5735 sed
1420 5683 1474 5729 et
1530 5670 1738 5743 primos
1792 5670 2020 5728 humani

2124 5109 2342 5191 generis
2378 5117 2647 5191 parentes
2675 5124 2707 5165 e
2735 5109 2938 5165 divinis
2977 5108 3547 5191 Creatorisnmanibns
3584 5124 3712 5182 gra-

2127 5179 2198 5234 tia
2235 5182 2619 5235 sanctiﬁcante
2651 5191 2880 5237 ornatos
2921 5181 3215 5250 prodiisse.
3250 5179 3542 5246 Quomodo
3583 5179 3714 5247 ergo

2124 5260 2504 5321 creaturarum
2572 5252 2819 5305 omnium
2894 5253 3271 5321 praerogativa:
3340 5252 3714 5307 nobilioribus

2128 5319 2370 5389 Virginis
2404 5322 2783 5391 praerogativis
2814 5319 3038 5380 cedunt.
3067 5319 3110 5377 si
3143 5323 3208 5375 ad
3242 5321 3514 5390 originem
3563 5323 3714 5391 quod

2128 5400 2359 5471 Spectat,
2394 5394 2594 5471 nedum
2634 5393 2847 5471 caneris
2877 5393 3151 5471 omnibus
3179 5392 3556 5471 ipsa_anteeat,
3591 5392 3715 5446 inli-

2130 5466 2246 5515 nito
2298 5463 2586 5517 intervallo
2635 5464 2977 5532 splendidior
3022 5479 3132 5517 non
3180 5461 3344 5515 modo
3390 5473 3711 5517 sanctorum

2131 5533 2476 5600 angelorum,
2513 5548 2624 5588 non
2667 5531 2830 5588 modo
2879 5539 3355 5604 protoparentum,
3399 5531 3494 5604 sed
3538 5532 3714 5604 ipsius

2131 5618 2350 5729 giiiqque
2382 5604 2584 5661 diaboli
2629 5612 2683 5660 et
2728 5601 3057 5677 angelorum
3092 5603 3214 5676 ejus
3257 5612 3416 5661 ortus
3442 5601 3712 5660 dicendus

2128 5688 2239 5732 διιι
