4058 6190
436 179 574 243 εεω

1087 183 1370 245 ORATIO
1412 184 1493 246 II.
1533 208 1604 222 ·-
1639 184 1720 243 IN
1904 183 2257 244 DEIPARAS
2297 181 3015 245 ANNUNTIATIONEM.

3582 173 3727 238 3262

509 298 673 350 Ὅθεν
711 315 793 352 σοι
832 299 928 352 καὶ
955 298 1116 352 πάλιν
1144 298 1393 368 φυσικῶς
1416 301 1789 369 ἀποκρίνομαι
1815 315 1827 329 ·
1874 318 1893 349 ι
1920 299 2032 353 Καὶ

2208 299 2284 354 Ac
2336 301 2589 369 proinde,
2632 300 2817 354 habita
2875 294 3211 352 naturalium
3257 293 3435 361 legum
3489 306 3723 359 ratime,

440 388 559 450 πῶς
593 388 747 442 ἔσται
783 407 869 460 μοι
903 389 1083 447 τοῦτο.
1120 391 1246 444 ἐπεὶ
1279 392 1449 462 ἄνδρα
1474 391 1536 444 οὐ
1571 390 1857 459 γινώσκω,
1885 410 1904 443 ι
1939 391 2034 445 καλ⁸

441 479 635 549 ἄνδρα,
671 481 854 547 καθὼς
890 481 1049 553 ἔφης,
1088 480 1346 553 τέξομαις
1387 485 1654 538 Ἀπιστον
1685 482 1994 553 διάγγελμα
2016 499 2031 513 ⁸

443 571 620 639 λόγων
646 572 978 637 ἀκολουθίας·
1008 576 1036 628 ό
1069 573 1229 644 λόγος
1268 574 1571 647 ἀλλότριος,
1604 575 1817 643 καὶτῆς
1850 575 2036 645 κοινῆς

446 661 739 732 συνηθείας
769 664 1057 730 ἀπόξενος.
1093 666 1296 736 Διόπερ
1345 668 1447 719 οὐκ
1491 666 1558 720 ἂν
1605 665 1769 720 αὐτὸν
1814 664 2034 719 πώποτε

442 755 709 823 δέξωμαι.
755 759 805 811 εί
839 758 914 829 μὴ
950 758 1111 828 λόγον
1152 758 1448 813 ἀκόλουθον
1491 760 1727 830 φήσειας
1779 758 1879 828 τῆς
1927 757 2036 811 τῶν

445 845 599 916 παρά
631 847 725 900 σού
766 848 1078 919 λεγομένων
1105 851 1383 912 ἐκϐάσεως
1408 866 1424 881 ⁸
1453 850 1614 918 λόγου
1649 849 1699 907 ιι
1734 850 1844 919 γὰρ
1879 849 2038 914 ἐκτὸς

451 934 778 998 ἀποδόσεως,
811 938 913 990 οὐκ
960 939 1025 992 ἀν
1058 956 1112 992 τι
1157 939 1399 992 τοιοῦτον
1434 939 1495 992 τὸ
1533 937 1753 992 σύνολον
1782 939 2031 1008 γένηται.

451 1025 543 1089 Δὸς
579 1023 673 1080 οὖν
706 1028 865 1096 λόγον
893 1029 986 1083 τοῦ
1024 1029 1119 1084 σοῦ
1167 1030 1584 1100 διαγγέλματος,
1631 1031 1726 1085 καὶ
1772 1031 1891 1084 τότε
1940 1048 2035 1085 σου

448 1119 729 1174 πιστεύσω
762 1123 878 1184 τοῖς
918 1123 1150 1193 ῥήμασι.
1186 1124 1644 1195 Σωφρονεστέραν
1689 1139 1756 1193 με
1804 1123 1902 1175 καὶ
1934 1122 2035 1192 ἔμ-

448 1225 623 1278 φρονα
667 1208 768 1280 τῆς
796 1208 940 1275 Εὔας
966 1214 1111 1265 ποιεῖ
1134 1212 1195 1266 τὸ
1229 1198 1586 1284 παράπτωμα
1612 1228 1626 1242 ⁸
1663 1215 1744 1276 εἰς
1767 1214 1905 1283 ὅπερ
1939 1214 2035 1266 αὐ·

447 1303 571 1370 τὴν,
609 1302 883 1374 ἀπόνηρον
937 1300 1104 1360 οὖσαν
1147 1308 1242 1360 καὶ
1294 1307 1569 1377 ἄπλαστον
1623 1308 1718 1361 καὶ
1760 1306 2037 1377 λογισμῶν

449 1392 681 1467 ἐρεύνης
716 1396 1006 1474 ἀμέτοχον,
1054 1398 1115 1451 τὸ
1159 1397 1373 1472 δολερὸν
1402 1399 1581 1471 ἐκεῖνο
1627 1402 1909 1472 κατήγαγε
1941 1397 2035 1452 τοῦ

450 1484 764 1554 ἀρχεκάκου
805 1488 1102 1563 δράκοντος
1149 1488 1417 1560 σύριγμα.
1457 1489 1702 1561 Δευτέρα
1738 1488 1871 1560 γοῦν
1923 1488 2038 1561 Εὔα

450 1579 553 1630 οὐκ
580 1578 648 1632 ἀν
677 1596 806 1634 ποτε
841 1580 1112 1649 γένωμαι,
1137 1582 1317 1652 λόγοις
1339 1581 1532 1653 ἀηθέσι
1566 1582 1926 1662 πιστεύσασα.

2136 390 2330 444 iterum
2364 390 2488 446 dico
2538 392 2635 445 tibi
2669 409 2682 446 :
2742 409 2759 441 ι
2798 388 3085 457 Quomodo
3117 387 3222 441 erit
3253 386 3356 439 hoc
3394 384 3548 449 mibi,
3587 400 3727 454 quo-

2138 483 2283 537 niam
2318 484 2492 537 virmn
2517 498 2622 536 non
2651 497 2963 552 cngnosco;
2996 501 3014 531 ι
3048 488 3103 535 et
3135 480 3308 532 virum
3343 477 3726 540 nihilominus.

2137 582 2219 634 ut.
2246 572 2450 641 inquis,
2491 573 2698 643 pariam
2732 573 2756 625 ί
2792 571 2944 627 Iiaud
3001 570 3106 623 iide
3157 569 3380 637 dignum
3418 566 3677 636 proponis
3708 584 3725 633 ;

2137 676 2166 716 a
2197 662 2530 715 cohaerentia
2563 660 2831 729 cujusiiue
2859 660 3132 714 sermonis
3160 657 3376 728 propria
3412 658 3646 721 alienus,
3673 666 3728 712 et

2137 769 2167 808 a
2197 754 2475 808 conminni
2508 753 2908 808 consuetmline
2938 752 3240 805 abhorrens
3272 761 3354 805 est
3387 750 3488 803 iste
3519 766 3724 806 si-rnio.

2137 843 2505 911 Quamobrem
2533 859 2812 914 nunquam
2834 844 2911 896 illi
2936 844 3307 912 acquiescam,
3328 843 3431 896 nisi
3456 843 3723 908 declares,

2136 951 2244 1005 qua
2277 951 2517 1007 congrua
2541 940 2768 1001 ratione,
2796 950 2918 1005 quae
2952 950 2981 988 a
3019 945 3069 989 te
3099 935 3378 997 dicuntut,
3415 935 3480 987 ad
3514 937 3723 987 exitum

2139 1027 2336 1082 deduci
2362 1038 2586 1097 queant.
2615 1028 2693 1082 Ac
2725 1044 2857 1082 sane
2891 1028 2996 1081 nisi
3037 1026 3178 1079 ratio
3208 1027 3534 1095 expticetur,
3567 1028 3729 1096 mtid-

2138 1135 2301 1190 quam
2354 1121 2530 1176 simile
2558 1136 2787 1190 prorsus
2831 1136 2938 1173 non
2977 1118 3087 1172 ﬁet.
3117 1117 3190 1170 Da
3239 1119 3423 1191 itaque
3460 1120 3724 1174 rationem

2139 1212 2534 1282 propositionis
2567 1221 2696 1277 tute,
2719 1220 2771 1266 ct
2801 1220 2932 1265 tunc
2957 1212 3119 1266 dictis
3152 1211 3259 1265 tuis
3299 1214 3546 1265 credam.
3580 1215 3724 1266 (Iau-

2139 1307 2333 1362 tiorem
2360 1322 2445 1360 me
2474 1321 2536 1360 ac
2567 1306 2893 1377 prudentem
2927 1304 3060 1359 facit
3087 1302 3212 1357 Evae
3237 1319 3481 1373 praeceps
3515 1305 3724 1373 lapsus,

2139 1400 2193 1454 in
2243 1415 2428 1470 quem,
2478 1414 2603 1454 cum
2637 1390 2816 1453 adhuc
2859 1400 3081 1453 malitia:
3127 1413 3327 1467 expers
3381 1413 3445 1450 nc
3497 1399 3726 1467 simplex

2141 1492 2232 1546 illa
2297 1500 2466 1553 esset.
2516 1504 2573 1547 et
2635 1491 2917 1547 incuriosa
2981 1506 3268 1548 sermones
3330 1489 3727 1560 perpendendi,

2144 1583 2529 1645 fraudulentus
2577 1586 2668 1641 ille
2716 1586 2888 1639 totius
2931 1584 3152 1639 malitiae
3180 1584 3445 1653 principis
3472 1585 3728 1638 draconis

452 1674 650 1747 sibilus
698 1675 868 1763 ipsam
899 1677 1117 1753 deiecit.
1163 1677 1324 1763 Absit
1369 1680 1574 1765 itaque,
1627 1691 1709 1745 ut,
1754 1680 2018 1745 inauditis
2051 1681 2172 1737 istis
2215 1684 2560 1739 sermonibus
2607 1682 2768 1738 ﬁdem
2833 1683 3061 1747 habens,
3087 1682 3257 1736 altera
3300 1681 3409 1736 Eva
3430 1680 3726 1754 aliquando

451 1770 701 1842 evadam.

523 1860 646 1915 ΛΝ.
676 1861 897 1933 Τούτων
929 1863 1181 1934 ἀκηκοὼς
1210 1866 1240 1918 ὁ
1269 1866 1612 1947 ἀρχάγγελος
1643 1865 1739 1920 τοῦ
1773 1859 2032 1938 παρθενι-

2210 1866 2456 1925 XXXIV.
2507 1864 2635 1921 Haec
2681 1863 3160 1936 arcbangelus_ab
3210 1877 3306 1918 ore
3363 1862 3608 1932 virgineo
3670 1869 3727 1917 et

450 1950 552 2023 κοῦ
601 1953 737 2025 πρὸς
784 1955 948 2010 αὐτὸν
992 1957 1087 2010 καὶ
1128 1955 1361 2029 ἀμώμου
1404 1959 1704 2028 φάσκοντος
1743 1958 2037 2029 στόματος,

351 2050 355 2055 ’
451 2044 615 2112 πάλιν
659 2047 885 2118 ἡμέρως
936 2050 1075 2120 πρὸς
1112 2049 1284 2121 αὐτὴν
1330 2052 1727 2121 ἀποκρίνεται⁸
1780 2053 1876 2105 καὶ
1925 2052 2037 2106 τῶν

451 2136 699 2219 φυσικῶς
748 2132 1136 2213 ἠπορημένων,
1189 2142 1484 2214 ὑπερφυῶς
1536 2142 1636 2214 τὴν
1690 2143 1846 2197 λύσιν
1890 2162 2036 2216 παρ-

450 2228 662 2298 έχεται,
693 2231 789 2283 καὶ
821 2231 1100 2302 λογισμῶν
1129 2233 1359 2306 ἐρεύνης
1393 2234 1730 2288 ἀπαλλάττει
1759 2236 1862 2307 τὴν
1896 2237 2035 2291 πάν-

452 2337 638 2389 αγνον.
1411 2354 1419 2361 -

523 2410 673 2478 υῐδα,
698 2409 744 2469 ὦ
767 2415 1035 2488 Παρθένε,
1059 2415 1152 2470 καὶ
1179 2416 1505 2489 πέπεισμαι,
1532 2417 1609 2482 ὡς
1630 2418 1819 2489 κοίτην
1843 2418 2036 2490 ἀνδρὸς

449 2507 510 2560 οὐ
542 2506 797 2561 τεθέασαι
817 2523 833 2539 ⁸
863 2507 1050 2578 βλέπω
1075 2525 1170 2562 σου
1200 2508 1300 2577 τῆς
1326 2508 1625 2582 παρθενίας
1656 2510 1717 2564 τὸ
1742 2512 2032 2582 ἄχραντονο

453 2599 642 2668 θεωρῶ
675 2617 770 2655 σου
799 2601 898 2671 τῆς
938 2601 1178 2666 διανοίας
1219 2602 1282 2658 τὸ
1316 2602 1535 2658 ἔνθεον·
1571 2602 1755 2674 βλέπω
1804 2622 1900 2658 σου
1931 2604 2034 2675 τῆς

451 2691 671 2760 ἀγνείας
702 2692 765 2746 τὸ
799 2693 1048 2753 ἄθικτον·
1076 2695 1331 2749 κατανοῶ
1358 2712 1452 2749 σου
1486 2696 1587 2768 τὴν
1614 2696 1894 2768 ἀκραιφνῆ
1929 2715 2034 2752 και

450 2784 749 2859 θαρότητα.
791 2784 1149 2856 Ἐπίσταμαι.
1174 2788 1252 2849 ὡς
1273 2788 1350 2850 είς
1377 2785 1446 2840 τὰ
1463 2787 1573 2841 τῶν
1602 2787 1774 2858 ἀγίων
1801 2789 2026 2861 ἀνετράο

449 2893 557 2946 φης
584 2877 680 2930 καὶ
706 2875 948 2946 ηὖξησας
970 2876 1159 2944 Ἅγια·
1183 2878 1277 2932 καὶ
1303 2879 1402 2949 τὴν
1423 2878 1631 2933 ἐκεῖθεν
1651 2880 1797 2951 ἔχεις
1816 2870 1958 2934 κατά
1975 2896 2034 2934 τε

447 2966 609 3037 σῶμα
633 2970 727 3021 καὶ
747 2968 925 3038 ψυχὴν
951 2967 1239 3038 ἀγιότητα.
1269 2969 1548 3034 Γινώσκω,
1576 2969 1653 3033 ὡς
1678 2969 1839 3040 μόνον
1860 2970 2035 3042 ὄνομα

448 3060 775 3133 ’δράγματος
805 3060 1012 3132 ἔρημον
1042 3063 1071 3125 ἀ
1104 3060 1299 3132 Ἰωσὴφ
1330 3061 1673 3132 κεκλήρωται
1694 3077 1707 3091 ⁸
1737 3063 1798 3116 οὐ
1821 3063 1930 3134 γὰρ
1958 3064 2038 3128 ὡς

445 3151 609 3218 τόκου
652 3169 735 3205 σοι
776 3153 1021 3225 γεωργὸς
1067 3153 1457 3224 προελήλυθεν,
1495 3152 1615 3208 ἀλλ’.
1643 3154 1720 3219 ὼς
1751 3155 2035 3227 ὑπηρέτης

444 3243 610 3298 τόκου
642 3244 836 3308 πιστὸς
864 3244 954 3298 ναὶ
983 3242 1253 3313 φιλόθεος.

516 3512 585 3570 Τί
612 3532 704 3586 μοι
752 3514 816 3569 σὺ
848 3514 1060 3587 φθέγγῃ
1105 3514 1202 3569 νῦν
1232 3515 1301 3570 τά
1327 3514 1620 3586 ὲξαίρετας
1662 3515 1803 3585 Ἑγώ
1839 3533 1923 3569 σοι
1959 3517 2028 3573 τά

441 3603 650 3667 τούτων
671 3602 949 3675 ὑπέρτερα
982 3603 1285 3674 φθέγξομαι
1300 3603 1367 3663 δ’.
1396 3602 1467 3656 Σύ
1501 3621 1591 3674 μοι
1615 3603 1794 3672 λέγεις
1822 3605 2028 3673 φυσικά

442 3694 538 3763 καὶ
566 3692 888 3764 ἀνθρώπινα
912 3709 926 3722 ⁸
955 3694 1067 3762 ὲγὼ
1094 3694 1152 3761 δέ
1184 3711 1268 3748 οοι
1296 3693 1476 3764 ὑψηλὰ
1503 3694 1611 3764 βοῶ
1632 3694 1725 3749 καὶ
1752 3682 2025 3752 θειότατα.

444 3787 507 3859 Εἰ
540 3783 652 3838 τῶν
690 3770 851 3855 ἐμῶν’
881 3783 1142 3853 ἐγνώκεις
1186 3785 1361 3854 λόγων
1403 3784 1501 3857 τὴν
1539 3785 1790 3858 δύναμιν,
1830 3788 1931 3841 οὐκ
1964 3788 2029 3841 ἄν

445 3892 539 3949 μοι
572 3875 815 3944 γυναίων
845 3874 1132 3947 συνηθείας
1163 3874 1481 3948 παρέφερες
1508 3892 1521 3906 ⁸
1565 3877 1665 3931 οὐκ
1703 3878 1770 3931 ἀν
1818 3894 1910 3948 μοι
1941 3877 2030 3930 λό-

440 3984 574 4039 γους
613 3966 911 4029 ταπεινοὺς
959 3967 1398 4037 προσεκόμιζες·
1447 3969 1547 4023 οὐκ
1593 3969 1657 4022 ἀν
1702 3987 1792 4040 μοι
1830 3970 2030 4040 νόμους

438 4058 786 4130 ζκραύγαζες
823 4058 1058 4128 φύσεως,
1104 4052 1181 4114 ὧν
1235 4061 1394 4128 ἐκτὸς
1446 4062 1702 4116 οὐδέποτε
1746 4061 1920 4116 τίκτει
1958 4064 2030 4117 τά

441 4151 630 4233 θηλεα.
666 4147 798 4206 Οἶδα
839 4153 935 4204 καὶ
976 4152 1140 4217 αὐτὸς
1177 4153 1279 4225 τὴν
1310 4153 1661 4224 ἀνθρωπίνην
1712 4154 2026 4225 συνήθειαν,

442 4245 549 4311 κᾶν
588 4245 638 4297 εί
670 4245 763 4298 καὶ
782 4245 829 4309 ’,θ
854 4243 1139 4315 ἄνθρωπος
1177 4245 1277 4315 τὴν
1313 4245 1477 4319 φύσιν
1500 4247 1581 4299 ὀὗ
1618 4247 1859 4316 πέφυκα.
1897 4244 2029 4303 Οἶδα

439 4335 620 4403 κάγὼ,
751 4336 947 4407 ἀνδρὸς
976 4338 1163 4408 όμιλία
1191 4340 1284 4391 καὶ
1308 4339 1501 4410 θήλεος
1529 4341 1725 4410 γεννᾷν
1747 4340 1906 4393 εἴωθε
1935 4341 2028 4394 τόν

440 4430 758 4501 τικτόμενον
803 4429 1112 4500 ἄνθρωπον.
1157 4432 1272 4485 Οὐκ
1316 4432 1435 4500 είμὶ
1464 4432 1669 4486 τούτων
1713 4431 2019 4499 ἀγνωτος⁸¹

2142 1959 2498 2021 immaculato
2520 1958 2588 2013 ad
2617 1958 2794 2027 ipsum
2825 1958 3083 2027 loquente
3102 1971 3227 2010 cum
3255 1954 3582 2023 accepisset.
3612 1953 3730 2023 pla-

2139 2050 2260 2131 cide
2295 2050 2540 2122 vicissim
2591 2049 2657 2103 ad
2688 2064 2811 2102 eam
2853 2047 3146 2117 respondet
3188 2062 3204 2111 ;
3244 2053 3298 2101 et
3337 2061 3458 2115 qua:
3489 2045 3722 2099 naturali

2138 2144 2352 2199 ratione
2382 2141 2645 2213 explicari
2696 2156 2805 2195 non
2856 2146 3133 2209 poterant,
3164 2137 3359 2191 borum
3393 2136 3724 2192 solutionem

2138 2255 2168 2295 e
2213 2235 2730 2306 supernaturalibus
2761 2233 2990 2303 praebet,
3018 2241 3187 2300 atque
3212 2226 3725 2284 innocentissimam

2136 2329 2284 2383 illam
2316 2344 2346 2381 a
2378 2327 2654 2381 rationum
2685 2324 3108 2394 investigatione
3143 2322 3365 2376 relevat.

2209 2417 2344 2473 Novi
2394 2414 2644 2488 (inquit),
2676 2430 2710 2470 ο
2742 2412 2927 2485 Virgo,
2949 2420 3004 2468 et
3043 2422 3256 2468 certum
3312 2411 3443 2465 mibi
3479 2418 3586 2477 est,
3616 2409 3722 2464 viri

2136 2517 2317 2562 torum
2357 2518 2409 2563 te
2442 2521 2722 2576 nunquam
2749 2504 2977 2558 vidisse.
3011 2501 3163 2567 Scio,
3194 2516 3359 2572 quam
3392 2502 3719 2554 intemerata

2135 2600 2426 2669 virginitas
2458 2606 2549 2652 tua
2575 2612 2592 2663 ;
2646 2594 2922 2666 perspicio
2950 2634 2966 2661 ,
3009 2608 3178 2664 quam
3206 2592 3408 2647 divina:
3435 2591 3545 2647 sint
3573 2591 3725 2662 cogi-

2133 2694 2375 2748 tationes
2406 2699 2512 2746 tua:
2553 2706 2569 2756 ;
2622 2688 2802 2752 video,
2855 2702 3020 2758 quam
3057 2686 3262 2741 intacta
3311 2686 3542 2740 castitas
3585 2692 3725 2751 tua;

2135 2788 2480 2855 perspectam
2512 2781 2710 2845 habeo,
2740 2778 3184 2835 sincerissimam
3232 2776 3524 2847 puritatem
3550 2785 3723 2828 tuam.

2134 2875 2257 2931 Non
2308 2877 2502 2946 ignoro
2545 2882 2597 2929 te
2647 2874 2703 2928 in
2759 2871 2985 2928 Sanctis
3045 2879 3364 2927 sanctorum
3426 2869 3722 2924 enutritnm

2137 2970 2333 3031 fuisse,
2384 2975 2552 3038 atque
2593 2967 2668 3023 ibi
2721 2965 3051 3029 adolevisse,
3109 2972 3165 3019 et
3200 2978 3365 3034 quam
3421 2961 3620 3017 exinde
3672 2973 3729 3016 et

2135 3063 2385 3134 corporis
2410 3073 2466 3118 et
2512 3062 2707 3116 anima:
2737 3060 3085 3116 sanctitatem
3139 3072 3344 3114 serves.
3389 3055 3549 3119 Novi,
3576 3055 3730 3112 Jose-

2136 3157 2304 3227 plmm
2378 3168 2588 3210 merum
2657 3151 2955 3223 (conjugis)
3024 3165 3222 3205 nomen
3282 3148 3402 3205 sine
3465 3164 3522 3204 re
3568 3149 3733 3205 sorti-
3812 3209 3817 3215 ,

2055 3231 2097 3290 (ἶ
2133 3255 2253 3314 ιιιιῐι⁸
2295 3260 2466 3311 esse;
2511 3258 2692 3312 neque
2732 3243 2879 3298 enim
2928 3254 3189 3312 tanquam
3224 3249 3378 3295 sator
3429 3240 3525 3294 tibi
3561 3239 3732 3308 prolis

2129 3336 2440 3408 comparuit
2462 3333 2600 3403 (54),
2627 3336 2723 3391 sed
2745 3342 2803 3389 ut
2836 3333 3014 3390 ﬁdelis
3046 3342 3100 3390 et
3127 3332 3236 3388 Deo
3265 3333 3471 3388 cbarus
3506 3331 3602 3386 lilii
3650 3331 3728 3384 tui

2129 3427 2403 3483 minister.

2197 3522 2267 3575 At
2300 3531 2564 3588 quorsum
2594 3531 2718 3588 quae
2739 3516 2805 3571 ad
2831 3531 2943 3572 rem
2979 3529 3086 3570 non
3110 3514 3406 3586 pertinent,
3439 3513 3555 3567 haec
3592 3512 3726 3567 mibi

2132 3620 2189 3665 ιιι
2223 3610 2386 3665 modo
2434 3608 2643 3680 promis
2674 3606 2816 3662 ?llis
2864 3607 3190 3662 sublimiora
3213 3620 3315 3676 ego
3340 3604 3571 3676 pandam
3601 3604 3725 3657 tibi.

2130 3701 2210 3756 Tu
2260 3716 2458 3756 narras
2505 3700 2637 3755 mihi
2685 3707 2899 3754 naturae
2926 3709 3296 3754 consentanea
3337 3708 3391 3753 et
3425 3696 3663 3751 humana
3699 3712 3716 3760 ;

2128 3808 2233 3864 ego
2263 3808 2394 3848 vero
2418 3792 2635 3848 excelsa
2667 3791 2764 3846 tibi
2807 3790 3060 3846 dicturus
3107 3791 3227 3845 veni
3263 3804 3327 3843 ac
3359 3787 3726 3842 divinissima.

2130 3885 2186 3941 Si
2237 3876 2556 3939 sermonum
2594 3897 2841 3937 meorum
2890 3883 2998 3935 vim
3033 3896 3246 3943 nosses.
3278 3896 3386 3936 non
3438 3879 3569 3934 mibi
3609 3893 3729 3931 mtt-

2130 3977 2326 4032 lierum
2363 3975 2638 4045 objiceres
2665 3972 3100 4028 consuetudines
3131 3989 3147 4034 ;
3193 3988 3298 4028 non
3335 3972 3466 4026 mibi
3499 3969 3724 4025 humilia

2131 4069 2221 4131 illa
2261 4080 2607 4137 reponercs;
2658 4080 2765 4119 non
2820 4079 3289 4121 commemorares
3331 4063 3465 4118 mibi
3517 4072 3728 4117 naturae

2130 4160 2304 4232 leges,
2354 4168 2552 4230 praeter
2574 4174 2713 4230 quas
2763 4158 2979 4213 letnina:
3025 4173 3309 4230 nunquam
3340 4157 3577 4228 pariant.
3608 4154 3729 4226 Ipse

2130 4268 2370 4325 quoque,
2397 4267 2713 4322 quanquam
2753 4262 2951 4307 natura
2989 4253 3153 4307 homo
3198 4268 3307 4307 non
3350 4252 3476 4313 sim,
3531 4251 3729 4305 Imma-

2131 4361 2256 4401 nam
2295 4346 2420 4399 novi
2452 4345 2934 4401 consuetudinem.
2971 4343 3106 4400 Novi
3148 4352 3203 4401 et
3234 4359 3359 4416 ego,
3388 4343 3490 4397 viri
3518 4351 3572 4398 et
3601 4358 3727 4396 mu-

2132 4439 2283 4494 lieris
2325 4438 2743 4493 conversatione
2778 4438 3053 4500 homines.
3085 4444 3358 4508 quotquot
3396 4448 3726 4498 nascuntur,

441 4523 542 4591 τὴν
570 4521 799 4592 εἴδησιν,
833 4524 881 4576 εί
913 4524 1007 4576 καὶ
1032 4521 1238 4577 τούτων
1275 4525 1393 4594 εἰμὶ
1422 4525 1520 4595 τὴν
1556 4525 1842 4598 ἐνέργειαν
1870 4524 2020 4580 ἀπει-

2134 4530 2380 4600 generari
2421 4531 2798 4587 consuevisse.
2855 4531 2977 4585 Non
3040 4545 3161 4585 sum
3239 4530 3432 4584 horum
3483 4530 3729 4599 ignarus,

444 4614 729 4686 ρος⁸ἀλλη
782 4615 893 4687 γὰρ
936 4614 1099 4684 φύσις
1142 4615 1292 4668 ἐστὶν
1334 4618 1369 4685 ὴ
1406 4615 1715 4687 ἀσώματος.
1761 4618 1856 4671 καὶ
1891 4617 2026 4688 ἄλλη

2134 4638 2447 4693 quanquam
2484 4623 2558 4677 rei
2590 4631 2643 4678 et
2685 4627 2869 4693 operis
2906 4622 3074 4691 plane
3100 4636 3317 4683 exsors,
3356 4635 3482 4674 cum
3516 4620 3627 4674 alia
3659 4620 3731 4674 sit

440 4707 604 4764 πάλιν
630 4710 665 4779 ἡ
698 4708 969 4779 σωμάτων
998 4708 1163 4779 φύσις
1198 4709 1503 4781 καθέστηκε
1527 4726 1541 4743 ⁸
1581 4711 1677 4764 καὶ
1705 4710 1868 4775 ἄλλος
1915 4711 2027 4765 τῶν

2131 4726 2325 4768 natura
2373 4715 2721 4786 incorporea,
2766 4723 2821 4770 et
2874 4712 2982 4767 alia
3034 4722 3227 4768 contra
3278 4726 3469 4768 eorum
3517 4720 3714 4765 natura

1732 4825 1967 4882 VARIIE
2008 4827 2418 4886 LECTIONES.

513 4918 559 4954 ⁸³
584 4920 719 4979 Cod.
778 4922 959 4992 λόγον.
1032 4915 1078 4948 δ’
1106 4917 1225 4975 Nic.
1267 4933 1389 4990 pag.
1425 4916 1551 4983 ΞΠ,
1579 4916 1911 4991 φθέγγομαι.
1990 4921 2037 4954 ⁸⁸
2078 4921 2196 4977 Nic.
2230 4924 2412 4979 omitt.
2438 4924 2487 4977 εἰ
2519 4922 2635 4976 καί.
2708 4922 2751 4956 ⁸⁸
2785 4921 2904 4977 Nic.
2937 4918 3216 4992 ἀγνὼτης.

2009 5039 2240 5097 NOTAE.

440 5126 695 5202 [nptione
731 5125 982 5202 (φθορᾶς)
1027 5127 1349 5194 immunem,
1384 5143 1547 5199 quam
1576 5144 1673 5184 esu
1712 5128 1842 5202 ligni
1879 5132 2028 5200 prior

441 5194 552 5251 Eva
587 5194 843 5252 incurrit.

512 5269 567 5321 ln
612 5267 866 5324 confesso
926 5268 1093 5337 igitur
1143 5283 1266 5324 esse
1321 5267 1500 5330 debet,
1560 5270 2022 5337 comparationem

442 5334 664 5390 Mariam
720 5337 863 5391 inter
896 5334 1149 5391 ct'ltivam
1191 5354 1258 5393 eo
1296 5346 1568 5408 spec-tare,
1612 5334 1865 5395 ut‘Maria
1905 5342 2027 5396 Eva:

440 5415 567 5462 ante
613 5407 828 5477 lapsum
882 5408 1159 5463 innocenti
1209 5407 1494 5464 ceu’nova
1532 5426 1595 5463 ac
1644 5411 1879 5463 nobilior
1918 5412 2022 5465 Eva

437 5479 832 5546 :rquiparetur.
871 5478 1328 5547 qttemznlmodum
1366 5496 1540 5533 novus
1573 5481 1740 5534 Adam
1767 5480 2022 5537 Christus

440 5549 609 5621 tio-teri
643 5548 847 5621 Adamn
897 5548 1158 5603 εὐπνοίας
1204 5552 1325 5603 iuit.
1365 5550 1519 5615 Quod
1555 5561 1846 5621 utrimque
1874 5552 2023 5606 Zeno

447 5614 775 5697 Veronensis
812 5622 1213 5689 complectitur,
1247 5636 1370 5676 cum
1392 5614 1657 5676 divinam
1690 5614 2011 5682 cltaratatcm

2128 5133 2314 5189 mundi
2342 5133 2790 5190 restanratricem
2818 5134 3106 5202 alloquens
3128 5132 3307 5200 inquit
3340 5131 3458 5202 (lib.
3495 5131 3540 5202 ι,
3560 5140 3723 5185 tract.

2128 5218 2186 5265 ιι,
2221 5221 2274 5258 ιι.
2316 5205 2371 5266 9,
2412 5221 2466 5275 p.
2494 5205 2585 5265 25.
2625 5204 2847 5272 Veron.,
2876 5201 3034 5269 i759)
3068 5223 3082 5260 :
3117 5203 3195 5258 Tu
3226 5202 3384 5257 Evam
3406 5201 3726 5275 iuuentam

2126 5272 2500 5342 redintegrasti
2527 5292 2546 5330 :
2569 5284 2623 5329 tu
2657 5275 2826 5328 Adam
2852 5276 2907 5329 in
2952 5275 3167 5331 Christo
3210 5273 3497 5328 renorastt'.
3530 5273 3635 5328 Sed
3659 5272 3727 5327 de

2127 5345 2211 5399 bis
2248 5347 2399 5413 plura
2431 5346 2484 5400 itt
2510 5346 2942 5402 Commentario.

2198 5410 2308 5484 (3i)
2350 5415 2466 5469 Nisi
2496 5417 2619 5487 quis
2646 5417 2830 5485 pmius
2854 5432 3017 5484 quam
3038 5416 3407 5487 προελήλυθεν
3430 5410 3731 5487 legendum

2134 5480 2302 5554 putet
2341 5480 2764 5558 προσελήλυθεν,
2831 5480 2886 5541 ut
2932 5480 3131 5541 st-nsus
3180 5480 3299 5541 sit:
3363 5480 3527 5555 neque
3588 5480 3738 5536 enim

2133 5559 2419 5626 adjunctus
2446 5569 2524 5612 est
2561 5558 2653 5611 tibi
2698 5570 2947 5631 tanquam
2974 5559 3138 5628 prolis
3162 5568 3332 5613 sator.
