  <div class='ocr_page' id='page_1' title='image "/cluster/home/n/w/nwhite01/storage/ocr_20150623/87:3/hvd.32044069650125/248.png"; bbox 0 0 4058 6190; ppageno 0'>
   <div class='ocr_carea' id='block_1_1' title="bbox 337 228 479 332">
    <p class='ocr_par' dir='ltr' id='par_1_1' title="bbox 337 228 479 332">
     <span class='ocr_line' id='line_1_1' title="bbox 337 228 479 332; baseline -0.042 0"><span class='ocrx_word' id='word_1_1' title='bbox 337 228 479 332; x_wconf 65' lang='lat'><strong>3259</strong></span> 
     </span>
    </p>
   </div>
   <div class='ocr_carea' id='block_1_2' title="bbox 1021 214 2909 317">
    <p class='ocr_par' dir='ltr' id='par_1_2' title="bbox 1021 214 2909 317">
     <span class='ocr_line' id='line_1_2' title="bbox 1021 214 2909 317; baseline -0.006 -1"><span class='ocrx_word' id='word_1_2' title='bbox 1021 225 1306 317; x_wconf 55' lang='lat' dir='ltr'><strong>enim</strong></span> <span class='ocrx_word' id='word_1_3' title='bbox 1334 218 1412 311; x_wconf 76' lang='lat' dir='ltr'><strong>1i.</strong></span> <span class='ocrx_word' id='word_1_4' title='bbox 1455 274 1524 286; x_wconf 85' lang='lat'><strong>——</strong></span> <span class='ocrx_word' id='word_1_5' title='bbox 1566 216 1647 310; x_wconf 53' lang='grc' dir='ltr'>ιν</span> <span class='ocrx_word' id='word_1_6' title='bbox 1676 251 1782 311; x_wconf 82' lang='lat' dir='ltr'><strong>ss.</strong></span> <span class='ocrx_word' id='word_1_7' title='bbox 1808 216 2160 309; x_wconf 60' lang='lat' dir='ltr'><strong>9mm</strong></span> <span class='ocrx_word' id='word_1_8' title='bbox 2186 214 2909 309; x_wconf 59' lang='lat' dir='ltr'><strong>ANNUNTIATIONEM.</strong></span> 
     </span>
    </p>
   </div>
   <div class='ocr_carea' id='block_1_3' title="bbox 3482 251 3588 315">
    <p class='ocr_par' dir='ltr' id='par_1_3' title="bbox 3482 251 3588 315">
     <span class='ocr_line' id='line_1_3' title="bbox 3482 251 3588 315; baseline 0.009 -1"><span class='ocrx_word' id='word_1_9' title='bbox 3482 251 3588 315; x_wconf 72' lang='lat'><strong>327</strong></span> 
     </span>
    </p>
   </div>
   <div class='ocr_carea' id='block_1_4' title="bbox 259 351 1941 448">
    <p class='ocr_par' dir='ltr' id='par_1_4' title="bbox 259 363 1930 448">
     <span class='ocr_line' id='line_1_4' title="bbox 259 363 1930 448; baseline -0.011 -15"><span class='ocrx_word' id='word_1_10' title='bbox 259 381 265 385; x_wconf 80' lang='grc'><em>’</em></span> <span class='ocrx_word' id='word_1_11' title='bbox 340 380 550 448; x_wconf 81' lang='grc' dir='ltr'>στεῖραι</span> <span class='ocrx_word' id='word_1_12' title='bbox 588 371 955 444; x_wconf 76' lang='grc' dir='ltr'><strong>τυγχάνουσαι</strong></span> <span class='ocrx_word' id='word_1_13' title='bbox 1000 368 1288 440; x_wconf 80' lang='grc' dir='ltr'>πρότερον,</span> <span class='ocrx_word' id='word_1_14' title='bbox 1320 365 1557 436; x_wconf 76' lang='grc' dir='ltr'><strong>μητέρες</strong></span> <span class='ocrx_word' id='word_1_15' title='bbox 1588 363 1794 417; x_wconf 79' lang='grc' dir='ltr'>παίδων</span> <span class='ocrx_word' id='word_1_16' title='bbox 1836 379 1930 429; x_wconf 83' lang='grc' dir='ltr'>γε-</span> 
     </span>
    </p>
   </div>
   <div class='ocr_carea' id='block_1_5' title="bbox 2041 351 3626 448">
    <p class='ocr_par' dir='ltr' id='par_1_5' title="bbox 2041 360 3626 423">
     <span class='ocr_line' id='line_1_5' title="bbox 2041 360 3626 423; baseline 0.003 -7"><span class='ocrx_word' id='word_1_17' title='bbox 2041 360 2252 418; x_wconf 84' lang='lat' dir='ltr'><strong>steriles</strong></span> <span class='ocrx_word' id='word_1_18' title='bbox 2304 360 2464 416; x_wconf 84' lang='lat' dir='ltr'><strong>antea</strong></span> <span class='ocrx_word' id='word_1_19' title='bbox 2497 378 2619 416; x_wconf 85' lang='lat' dir='ltr'><strong>cum</strong></span> <span class='ocrx_word' id='word_1_20' title='bbox 2664 370 2872 423; x_wconf 87' lang='lat' dir='ltr'><strong>essent,</strong></span> <span class='ocrx_word' id='word_1_21' title='bbox 2925 371 3125 416; x_wconf 80' lang='lat' dir='ltr'><strong>matres</strong></span> <span class='ocrx_word' id='word_1_22' title='bbox 3167 361 3367 419; x_wconf 87' lang='lat' dir='ltr'><strong>deinde</strong></span> <span class='ocrx_word' id='word_1_23' title='bbox 3427 363 3626 421; x_wconf 84' lang='lat' dir='ltr'><strong>libero-</strong></span> 
     </span>
    </p>
   </div>
   <div class='ocr_carea' id='block_1_6' title="bbox 336 451 1937 539">
    <p class='ocr_par' dir='ltr' id='par_1_6' title="bbox 336 451 1937 539">
     <span class='ocr_line' id='line_1_6' title="bbox 336 451 1937 539; baseline -0.011 -15"><span class='ocrx_word' id='word_1_24' title='bbox 336 470 555 539; x_wconf 76' lang='grc' dir='ltr'>γόνασιν</span> <span class='ocrx_word' id='word_1_25' title='bbox 610 465 863 537; x_wconf 76' lang='grc' dir='ltr'>ὕστερον,</span> <span class='ocrx_word' id='word_1_26' title='bbox 903 462 1000 517; x_wconf 77' lang='grc' dir='ltr'>καὶ</span> <span class='ocrx_word' id='word_1_27' title='bbox 1043 460 1205 532; x_wconf 75' lang='grc' dir='ltr'>φύσιν</span> <span class='ocrx_word' id='word_1_28' title='bbox 1249 460 1454 531; x_wconf 82' lang='grc' dir='ltr'>τρόπον</span> <span class='ocrx_word' id='word_1_29' title='bbox 1497 451 1620 511; x_wconf 71' lang='grc' dir='ltr'>τινα</span> <span class='ocrx_word' id='word_1_30' title='bbox 1657 455 1757 526; x_wconf 75' lang='grc' dir='ltr'>τὴν</span> <span class='ocrx_word' id='word_1_31' title='bbox 1798 455 1937 535; x_wconf 4' lang='grc' dir='ltr'>,ἑαυ-</span> 
     </span>
    </p>
   </div>
   <div class='ocr_carea' id='block_1_7' title="bbox 334 543 1934 629">
    <p class='ocr_par' dir='ltr' id='par_1_7' title="bbox 334 543 1934 629">
     <span class='ocr_line' id='line_1_7' title="bbox 334 543 1934 629; baseline -0.011 -15"><span class='ocrx_word' id='word_1_32' title='bbox 334 560 449 614; x_wconf 83' lang='grc' dir='ltr'>τῶν</span> <span class='ocrx_word' id='word_1_33' title='bbox 513 557 827 619; x_wconf 76' lang='grc' dir='ltr'>ἐειάσαντο,</span> <span class='ocrx_word' id='word_1_34' title='bbox 885 554 983 609; x_wconf 73' lang='grc' dir='ltr'>καὶ</span> <span class='ocrx_word' id='word_1_35' title='bbox 1038 551 1237 614; x_wconf 85' lang='grc' dir='ltr'>παῖδας</span> <span class='ocrx_word' id='word_1_36' title='bbox 1285 548 1426 620; x_wconf 78' lang='grc' dir='ltr'>ὑπὲρ</span> <span class='ocrx_word' id='word_1_37' title='bbox 1458 545 1620 615; x_wconf 75' lang='grc' dir='ltr'>φύσιν</span> <span class='ocrx_word' id='word_1_38' title='bbox 1656 543 1934 629; x_wconf 84' lang='grc' dir='ltr'>τετόκασι,</span> 
     </span>
    </p>
   </div>
   <div class='ocr_carea' id='block_1_8' title="bbox 340 636 1939 721">
    <p class='ocr_par' dir='ltr' id='par_1_8' title="bbox 340 636 1939 721">
     <span class='ocr_line' id='line_1_8' title="bbox 340 636 1939 721; baseline -0.009 -15"><span class='ocrx_word' id='word_1_39' title='bbox 340 649 836 721; x_wconf 73' lang='grc' dir='ltr'>σπλαγχνισθέντος</span> <span class='ocrx_word' id='word_1_40' title='bbox 865 644 1001 700; x_wconf 84' lang='grc' dir='ltr'>Θεοῦ</span> <span class='ocrx_word' id='word_1_41' title='bbox 1048 643 1144 698; x_wconf 69' lang='grc' dir='ltr'><strong>καὶ</strong></span> <span class='ocrx_word' id='word_1_42' title='bbox 1190 640 1562 710; x_wconf 78' lang='grc' dir='ltr'>οἰκτείραντος</span> <span class='ocrx_word' id='word_1_43' title='bbox 1608 636 1705 692; x_wconf 79' lang='grc' dir='ltr'><strong>τοῦ</strong></span> <span class='ocrx_word' id='word_1_44' title='bbox 1733 637 1939 692; x_wconf 83' lang='grc' dir='ltr'>Δεσπό-</span> 
     </span>
    </p>
   </div>
   <div class='ocr_carea' id='block_1_9' title="bbox 337 728 1936 802">
    <p class='ocr_par' dir='ltr' id='par_1_9' title="bbox 337 728 1936 802">
     <span class='ocr_line' id='line_1_9' title="bbox 337 728 1936 802; baseline -0.009 -4"><span class='ocrx_word' id='word_1_45' title='bbox 337 763 433 798; x_wconf 87' lang='grc' dir='ltr'><strong>του</strong></span> <span class='ocrx_word' id='word_1_46' title='bbox 489 742 581 796; x_wconf 77' lang='grc' dir='ltr'>καὶ</span> <span class='ocrx_word' id='word_1_47' title='bbox 631 728 867 794; x_wconf 79' lang='grc' dir='ltr'>Κτίστου</span> <span class='ocrx_word' id='word_1_48' title='bbox 919 737 1018 791; x_wconf 69' lang='grc' dir='ltr'>καὶ</span> <span class='ocrx_word' id='word_1_49' title='bbox 1062 734 1311 790; x_wconf 77' lang='grc' dir='ltr'>Πλαστου</span> <span class='ocrx_word' id='word_1_50' title='bbox 1356 732 1455 802; x_wconf 75' lang='grc' dir='ltr'>τῆς</span> <span class='ocrx_word' id='word_1_51' title='bbox 1481 731 1726 802; x_wconf 76' lang='grc' dir='ltr'>φύσεως.</span> <span class='ocrx_word' id='word_1_52' title='bbox 1759 731 1936 784; x_wconf 82' lang='grc' dir='ltr'><strong>Ὅπου</strong></span> 
     </span>
    </p>
   </div>
   <div class='ocr_carea' id='block_1_10' title="bbox 339 820 1939 905">
    <p class='ocr_par' dir='ltr' id='par_1_10' title="bbox 339 820 1939 905">
     <span class='ocr_line' id='line_1_10' title="bbox 339 820 1939 905; baseline -0.008 -18"><span class='ocrx_word' id='word_1_53' title='bbox 339 835 453 905; x_wconf 74' lang='grc' dir='ltr'><strong>γὰρ</strong></span> <span class='ocrx_word' id='word_1_54' title='bbox 506 831 642 895; x_wconf 89' lang='grc' dir='ltr'>Θεὸς</span> <span class='ocrx_word' id='word_1_55' title='bbox 693 828 1022 891; x_wconf 77' lang='grc' dir='ltr'>ὲπινεύσειε,</span> <span class='ocrx_word' id='word_1_56' title='bbox 1077 827 1178 897; x_wconf 78' lang='grc' dir='ltr'>τῆς</span> <span class='ocrx_word' id='word_1_57' title='bbox 1240 824 1457 895; x_wconf 80' lang='grc' dir='ltr'>φύσεως</span> <span class='ocrx_word' id='word_1_58' title='bbox 1502 825 1666 893; x_wconf 73' lang='grc' dir='ltr'>ἀργεῖ</span> <span class='ocrx_word' id='word_1_59' title='bbox 1712 823 1781 876; x_wconf 76' lang='grc' dir='ltr'><strong>τὰ</strong></span> <span class='ocrx_word' id='word_1_60' title='bbox 1826 820 1939 895; x_wconf 76' lang='grc' dir='ltr'>ὀρί-</span> 
     </span>
    </p>
   </div>
   <div class='ocr_carea' id='block_1_11' title="bbox 342 941 1785 999">
    <p class='ocr_par' dir='ltr' id='par_1_11' title="bbox 342 941 1785 999">
     <span class='ocr_line' id='line_1_11' title="bbox 342 941 1785 999; baseline 0.014 -20"><span class='ocrx_word' id='word_1_61' title='bbox 342 941 552 996; x_wconf 77' lang='grc' dir='ltr'>σματα.</span> <span class='ocrx_word' id='word_1_62' title='bbox 1779 993 1785 999; x_wconf 91' lang='grc'>.</span> 
     </span>
    </p>
   </div>
   <div class='ocr_carea' id='block_1_12' title="bbox 410 1008 1937 1088">
    <p class='ocr_par' dir='ltr' id='par_1_12' title="bbox 410 1008 1937 1088">
     <span class='ocr_line' id='line_1_12' title="bbox 410 1008 1937 1088; baseline -0.006 -17"><span class='ocrx_word' id='word_1_63' title='bbox 410 1015 628 1088; x_wconf 80' lang='grc' dir='ltr'>Ὠσπερ</span> <span class='ocrx_word' id='word_1_64' title='bbox 652 1014 748 1069; x_wconf 80' lang='grc' dir='ltr'>οὖν</span> <span class='ocrx_word' id='word_1_65' title='bbox 772 1016 1004 1078; x_wconf 75' lang='grc' dir='ltr'>ἐκεῖναι,</span> <span class='ocrx_word' id='word_1_66' title='bbox 1034 1010 1170 1065; x_wconf 82' lang='grc' dir='ltr'>Θεοῦ</span> <span class='ocrx_word' id='word_1_67' title='bbox 1194 1008 1568 1075; x_wconf 83' lang='grc' dir='ltr'>διατάξαντος,</span> <span class='ocrx_word' id='word_1_68' title='bbox 1594 1009 1695 1079; x_wconf 80' lang='grc' dir='ltr'>τῆς</span> <span class='ocrx_word' id='word_1_69' title='bbox 1728 1009 1937 1073; x_wconf 71' lang='grc' dir='ltr'>οἰκείας</span> 
     </span>
    </p>
   </div>
   <div class='ocr_carea' id='block_1_13' title="bbox 347 1093 1940 1179">
    <p class='ocr_par' dir='ltr' id='par_1_13' title="bbox 347 1093 1940 1179">
     <span class='ocr_line' id='line_1_13' title="bbox 347 1093 1940 1179; baseline -0.004 -18"><span class='ocrx_word' id='word_1_70' title='bbox 347 1109 415 1161; x_wconf 69' lang='grc' dir='ltr'>τὰ</span> <span class='ocrx_word' id='word_1_71' title='bbox 439 1093 581 1179; x_wconf 74' lang='grc' dir='ltr'>πάθη</span> <span class='ocrx_word' id='word_1_72' title='bbox 613 1108 933 1179; x_wconf 80' lang='grc' dir='ltr'><strong>νενικήκασι</strong></span> <span class='ocrx_word' id='word_1_73' title='bbox 966 1104 1203 1175; x_wconf 81' lang='grc' dir='ltr'>φύσεως,</span> <span class='ocrx_word' id='word_1_74' title='bbox 1230 1103 1327 1157; x_wconf 73' lang='grc' dir='ltr'>καὶ</span> <span class='ocrx_word' id='word_1_75' title='bbox 1348 1101 1495 1173; x_wconf 83' lang='grc' dir='ltr'>πάθη</span> <span class='ocrx_word' id='word_1_76' title='bbox 1525 1101 1735 1172; x_wconf 80' lang='grc' dir='ltr'>μεγάλα</span> <span class='ocrx_word' id='word_1_77' title='bbox 1760 1119 1940 1172; x_wconf 79' lang='grc' dir='ltr'>παρα-</span> 
     </span>
    </p>
   </div>
   <div class='ocr_carea' id='block_1_14' title="bbox 346 1180 1939 1267">
    <p class='ocr_par' dir='ltr' id='par_1_14' title="bbox 346 1180 1939 1267">
     <span class='ocr_line' id='line_1_14' title="bbox 346 1180 1939 1267; baseline -0.001 -17"><span class='ocrx_word' id='word_1_78' title='bbox 346 1199 578 1252; x_wconf 79' lang='grc' dir='ltr'>λύσασαι</span> <span class='ocrx_word' id='word_1_79' title='bbox 613 1197 851 1267; x_wconf 81' lang='grc' dir='ltr'>φύσεως,</span> <span class='ocrx_word' id='word_1_80' title='bbox 884 1195 1095 1260; x_wconf 86' lang='grc' dir='ltr'>κοιλίας</span> <span class='ocrx_word' id='word_1_81' title='bbox 1124 1194 1339 1266; x_wconf 84' lang='grc' dir='ltr'>καρπὸν</span> <span class='ocrx_word' id='word_1_82' title='bbox 1369 1180 1815 1265; x_wconf 83' lang='grc' dir='ltr'>προσηγάγοντο·</span> <span class='ocrx_word' id='word_1_83' title='bbox 1848 1190 1939 1249; x_wconf 79' lang='grc' dir='ltr'><strong>οὖ-</strong></span> 
     </span>
    </p>
   </div>
   <div class='ocr_carea' id='block_1_15' title="bbox 342 1285 1939 1365">
    <p class='ocr_par' dir='ltr' id='par_1_15' title="bbox 342 1285 1939 1365">
     <span class='ocr_line' id='line_1_15' title="bbox 342 1285 1939 1365; baseline -0.001 -22"><span class='ocrx_word' id='word_1_84' title='bbox 342 1308 421 1343; x_wconf 83' lang='grc' dir='ltr'><strong>τω</strong></span> <span class='ocrx_word' id='word_1_85' title='bbox 442 1289 538 1344; x_wconf 76' lang='grc' dir='ltr'>καὶ</span> <span class='ocrx_word' id='word_1_86' title='bbox 568 1290 658 1354; x_wconf 75' lang='grc' dir='ltr'>σὺ,</span> <span class='ocrx_word' id='word_1_87' title='bbox 687 1290 722 1358; x_wconf 79' lang='grc' dir='ltr'>ἡ</span> <span class='ocrx_word' id='word_1_88' title='bbox 750 1287 816 1341; x_wconf 83' lang='grc' dir='ltr'>ἐκ</span> <span class='ocrx_word' id='word_1_89' title='bbox 839 1287 1060 1359; x_wconf 75' lang='grc' dir='ltr'><strong>στείρας</strong></span> <span class='ocrx_word' id='word_1_90' title='bbox 1087 1286 1191 1356; x_wconf 84' lang='grc' dir='ltr'>τῆς</span> <span class='ocrx_word' id='word_1_91' title='bbox 1218 1286 1420 1365; x_wconf 80' lang='grc' dir='ltr'>Ἀννης</span> <span class='ocrx_word' id='word_1_92' title='bbox 1446 1285 1819 1363; x_wconf 75' lang='grc' dir='ltr'><strong>βλαστήσασα,</strong></span> <span class='ocrx_word' id='word_1_93' title='bbox 1843 1287 1939 1341; x_wconf 73' lang='grc' dir='ltr'>καὶ</span> 
     </span>
    </p>
   </div>
   <div class='ocr_carea' id='block_1_16' title="bbox 340 1369 1939 1451">
    <p class='ocr_par' dir='ltr' id='par_1_16' title="bbox 340 1369 1939 1451">
     <span class='ocr_line' id='line_1_16' title="bbox 340 1369 1939 1451; baseline -0.004 -17"><span class='ocrx_word' id='word_1_94' title='bbox 340 1383 445 1451; x_wconf 78' lang='grc' dir='ltr'>τῆς</span> <span class='ocrx_word' id='word_1_95' title='bbox 477 1378 747 1449; x_wconf 80' lang='grc' dir='ltr'>τεκούσης</span> <span class='ocrx_word' id='word_1_96' title='bbox 798 1378 897 1449; x_wconf 80' lang='grc' dir='ltr'>τὴν</span> <span class='ocrx_word' id='word_1_97' title='bbox 932 1377 1096 1447; x_wconf 78' lang='grc' dir='ltr'>φύσιν</span> <span class='ocrx_word' id='word_1_98' title='bbox 1134 1377 1434 1448; x_wconf 85' lang='grc' dir='ltr'>νικήσασα,</span> <span class='ocrx_word' id='word_1_99' title='bbox 1482 1369 1622 1447; x_wconf 77' lang='grc' dir='ltr'>ἁγνὴ</span> <span class='ocrx_word' id='word_1_100' title='bbox 1669 1376 1939 1448; x_wconf 77' lang='grc' dir='ltr'>παρθένος</span> 
     </span>
    </p>
   </div>
   <div class='ocr_carea' id='block_1_17' title="bbox 340 1468 1937 1542">
    <p class='ocr_par' dir='ltr' id='par_1_17' title="bbox 340 1468 1937 1542">
     <span class='ocr_line' id='line_1_17' title="bbox 340 1468 1937 1542; baseline -0.002 -17"><span class='ocrx_word' id='word_1_101' title='bbox 340 1470 712 1542; x_wconf 79' lang='grc' dir='ltr'>τυγχάνουσα,</span> <span class='ocrx_word' id='word_1_102' title='bbox 743 1471 843 1524; x_wconf 81' lang='grc' dir='ltr'>καὶ</span> <span class='ocrx_word' id='word_1_103' title='bbox 871 1468 1142 1541; x_wconf 79' lang='grc' dir='ltr'>παρθένος</span> <span class='ocrx_word' id='word_1_104' title='bbox 1185 1470 1488 1541; x_wconf 82' lang='grc' dir='ltr'>μετέπειτα</span> <span class='ocrx_word' id='word_1_105' title='bbox 1526 1468 1783 1538; x_wconf 82' lang='grc' dir='ltr'>μένουσα,</span> <span class='ocrx_word' id='word_1_106' title='bbox 1809 1469 1937 1541; x_wconf 80' lang='grc' dir='ltr'>τέξῃ</span> 
     </span>
    </p>
   </div>
   <div class='ocr_carea' id='block_1_18' title="bbox 342 1558 1938 1634">
    <p class='ocr_par' dir='ltr' id='par_1_18' title="bbox 342 1558 1938 1634">
     <span class='ocr_line' id='line_1_18' title="bbox 342 1558 1938 1634; baseline -0.003 -17"><span class='ocrx_word' id='word_1_107' title='bbox 342 1560 671 1634; x_wconf 81' lang='grc' dir='ltr'>παραδόξως</span> <span class='ocrx_word' id='word_1_108' title='bbox 693 1562 810 1616; x_wconf 73' lang='grc' dir='ltr'>υἱὸν</span> <span class='ocrx_word' id='word_1_109' title='bbox 838 1561 1081 1631; x_wconf 78' lang='grc' dir='ltr'>ἄσπορον</span> <span class='ocrx_word' id='word_1_110' title='bbox 1108 1561 1206 1616; x_wconf 77' lang='grc' dir='ltr'>καὶ</span> <span class='ocrx_word' id='word_1_111' title='bbox 1239 1560 1523 1631; x_wconf 84' lang='grc' dir='ltr'>ἀνήροτον,</span> <span class='ocrx_word' id='word_1_112' title='bbox 1547 1559 1713 1613; x_wconf 81' lang='grc' dir='ltr'><strong>αὑτοῦ</strong></span> <span class='ocrx_word' id='word_1_113' title='bbox 1747 1575 1807 1612; x_wconf 90' lang='grc' dir='ltr'><strong>σε</strong></span> <span class='ocrx_word' id='word_1_114' title='bbox 1841 1558 1938 1613; x_wconf 81' lang='grc' dir='ltr'><strong>τοῦ</strong></span> 
     </span>
    </p>
   </div>
   <div class='ocr_carea' id='block_1_19' title="bbox 341 1651 1937 1725">
    <p class='ocr_par' dir='ltr' id='par_1_19' title="bbox 341 1651 1937 1725">
     <span class='ocr_line' id='line_1_19' title="bbox 341 1651 1937 1725; baseline -0.001 -18"><span class='ocrx_word' id='word_1_115' title='bbox 341 1655 666 1725; x_wconf 82' lang='grc' dir='ltr'>τικτομένου</span> <span class='ocrx_word' id='word_1_116' title='bbox 697 1653 1030 1717; x_wconf 80' lang='grc' dir='ltr'>κελεύοντος.</span> <span class='ocrx_word' id='word_1_117' title='bbox 1054 1653 1225 1717; x_wconf 81' lang='grc' dir='ltr'>Αὐτὸς</span> <span class='ocrx_word' id='word_1_118' title='bbox 1258 1653 1370 1725; x_wconf 81' lang='grc' dir='ltr'>γάρ</span> <span class='ocrx_word' id='word_1_119' title='bbox 1404 1655 1520 1706; x_wconf 78' lang='grc' dir='ltr'>ἐστι</span> <span class='ocrx_word' id='word_1_120' title='bbox 1557 1652 1652 1705; x_wconf 76' lang='grc' dir='ltr'>καὶ</span> <span class='ocrx_word' id='word_1_121' title='bbox 1688 1651 1791 1723; x_wconf 82' lang='grc' dir='ltr'>τῆς</span> <span class='ocrx_word' id='word_1_122' title='bbox 1833 1651 1937 1722; x_wconf 74' lang='grc' dir='ltr'><strong>φύ-</strong></span> 
     </span>
    </p>
   </div>
   <div class='ocr_carea' id='block_1_20' title="bbox 2041 446 3626 525">
    <p class='ocr_par' dir='ltr' id='par_1_20' title="bbox 2041 446 3626 525">
     <span class='ocr_line' id='line_1_20' title="bbox 2041 446 3626 525; baseline 0.002 -17"><span class='ocrx_word' id='word_1_123' title='bbox 2041 470 2163 509; x_wconf 89' lang='lat' dir='ltr'><strong>rmn</strong></span> <span class='ocrx_word' id='word_1_124' title='bbox 2216 455 2374 508; x_wconf 65' lang='lat' dir='ltr'><strong>facta!</strong></span> <span class='ocrx_word' id='word_1_125' title='bbox 2404 462 2558 520; x_wconf 92' lang='lat' dir='ltr'><strong>sunt,</strong></span> <span class='ocrx_word' id='word_1_126' title='bbox 2597 446 2660 510; x_wconf 87' lang='lat' dir='ltr'><strong>ac</strong></span> <span class='ocrx_word' id='word_1_127' title='bbox 2695 454 2993 509; x_wconf 79' lang='lat' dir='ltr'><strong>miserante</strong></span> <span class='ocrx_word' id='word_1_128' title='bbox 3027 452 3136 508; x_wconf 87' lang='lat' dir='ltr'><strong>Deo</strong></span> <span class='ocrx_word' id='word_1_129' title='bbox 3163 462 3218 508; x_wconf 82' lang='lat' dir='ltr'><strong>et</strong></span> <span class='ocrx_word' id='word_1_130' title='bbox 3249 461 3478 525; x_wconf 88' lang='lat' dir='ltr'><strong>propter</strong></span> <span class='ocrx_word' id='word_1_131' title='bbox 3517 457 3626 511; x_wconf 84' lang='lat' dir='ltr'><strong>mi-</strong></span> 
     </span>
    </p>
   </div>
   <div class='ocr_carea' id='block_1_21' title="bbox 2040 540 3631 615">
    <p class='ocr_par' dir='ltr' id='par_1_21' title="bbox 2040 540 3631 615">
     <span class='ocr_line' id='line_1_21' title="bbox 2040 540 3631 615; baseline 0.002 -13"><span class='ocrx_word' id='word_1_132' title='bbox 2040 540 2405 602; x_wconf 48' lang='lat' dir='ltr'><strong>ﬁrieordiam</strong></span> <span class='ocrx_word' id='word_1_133' title='bbox 2454 560 2611 601; x_wconf 83' lang='lat' dir='ltr'><strong>suam</strong></span> <span class='ocrx_word' id='word_1_134' title='bbox 2650 545 2970 615; x_wconf 71' lang='lat' dir='ltr'><strong>indulgente</strong></span> <span class='ocrx_word' id='word_1_135' title='bbox 3004 543 3239 600; x_wconf 87' lang='lat' dir='ltr'><strong>Domino</strong></span> <span class='ocrx_word' id='word_1_136' title='bbox 3273 554 3329 601; x_wconf 92' lang='lat' dir='ltr'><strong>et</strong></span> <span class='ocrx_word' id='word_1_137' title='bbox 3364 546 3631 606; x_wconf 87' lang='lat' dir='ltr'><strong>Creatore</strong></span> 
     </span>
    </p>
   </div>
   <div class='ocr_carea' id='block_1_22' title="bbox 2041 637 3627 710">
    <p class='ocr_par' dir='ltr' id='par_1_22' title="bbox 2041 637 3627 710">
     <span class='ocr_line' id='line_1_22' title="bbox 2041 637 3627 710; baseline 0.003 -18"><span class='ocrx_word' id='word_1_138' title='bbox 2041 653 2106 692; x_wconf 87' lang='lat' dir='ltr'><strong>ac</strong></span> <span class='ocrx_word' id='word_1_139' title='bbox 2139 637 2444 693; x_wconf 87' lang='lat' dir='ltr'><strong>Conditore</strong></span> <span class='ocrx_word' id='word_1_140' title='bbox 2471 647 2701 702; x_wconf 65' lang='lat' dir='ltr'><strong>naturas,</strong></span> <span class='ocrx_word' id='word_1_141' title='bbox 2734 639 3011 707; x_wconf 71' lang='lat' dir='ltr'><strong>proinriam</strong></span> <span class='ocrx_word' id='word_1_142' title='bbox 3031 637 3438 710; x_wconf 84' lang='lat' dir='ltr'><strong>quodammodo</strong></span> <span class='ocrx_word' id='word_1_143' title='bbox 3468 652 3627 698; x_wconf 87' lang='lat' dir='ltr'><strong>natu-</strong></span> 
     </span>
    </p>
   </div>
   <div class='ocr_carea' id='block_1_23' title="bbox 2042 728 3628 801">
    <p class='ocr_par' dir='ltr' id='par_1_23' title="bbox 2042 728 3628 801">
     <span class='ocr_line' id='line_1_23' title="bbox 2042 728 3628 801; baseline 0.005 -20"><span class='ocrx_word' id='word_1_144' title='bbox 2042 742 2157 782; x_wconf 90' lang='lat' dir='ltr'><strong>ram</strong></span> <span class='ocrx_word' id='word_1_145' title='bbox 2184 728 2458 795; x_wconf 88' lang='lat' dir='ltr'><strong>vicerunt,</strong></span> <span class='ocrx_word' id='word_1_146' title='bbox 2486 742 2550 783; x_wconf 87' lang='lat' dir='ltr'><strong>ac</strong></span> <span class='ocrx_word' id='word_1_147' title='bbox 2588 743 2755 798; x_wconf 83' lang='lat' dir='ltr'><strong>supra</strong></span> <span class='ocrx_word' id='word_1_148' title='bbox 2789 738 2998 783; x_wconf 73' lang='lat' dir='ltr'><strong>natura:</strong></span> <span class='ocrx_word' id='word_1_149' title='bbox 3020 732 3167 785; x_wconf 85' lang='lat' dir='ltr'><strong>vires</strong></span> <span class='ocrx_word' id='word_1_150' title='bbox 3200 731 3343 786; x_wconf 81' lang='lat' dir='ltr'><strong>ﬁlios</strong></span> <span class='ocrx_word' id='word_1_151' title='bbox 3370 748 3628 801; x_wconf 81' lang='lat' dir='ltr'><strong>procrea-</strong></span> 
     </span>
    </p>
   </div>
   <div class='ocr_carea' id='block_1_24' title="bbox 2040 817 3629 887">
    <p class='ocr_par' dir='ltr' id='par_1_24' title="bbox 2040 817 3629 887">
     <span class='ocr_line' id='line_1_24' title="bbox 2040 817 3629 887; baseline 0.006 -14"><span class='ocrx_word' id='word_1_152' title='bbox 2040 828 2191 873; x_wconf 89' lang='lat' dir='ltr'><strong>runt.</strong></span> <span class='ocrx_word' id='word_1_153' title='bbox 2221 817 2323 873; x_wconf 63' lang='lat' dir='ltr'><strong>Ulri</strong></span> <span class='ocrx_word' id='word_1_154' title='bbox 2352 819 2497 874; x_wconf 90' lang='lat' dir='ltr'><strong>enim</strong></span> <span class='ocrx_word' id='word_1_155' title='bbox 2526 821 2672 875; x_wconf 90' lang='lat' dir='ltr'><strong>Deus</strong></span> <span class='ocrx_word' id='word_1_156' title='bbox 2702 821 2983 887; x_wconf 85' lang='lat' dir='ltr'><strong>annuerit,</strong></span> <span class='ocrx_word' id='word_1_157' title='bbox 3019 822 3223 877; x_wconf 88' lang='lat' dir='ltr'><strong>cedunt</strong></span> <span class='ocrx_word' id='word_1_158' title='bbox 3246 834 3459 879; x_wconf 56' lang='lat' dir='ltr'><strong>mitura‘.</strong></span> <span class='ocrx_word' id='word_1_159' title='bbox 3495 826 3629 882; x_wconf 84' lang='lat' dir='ltr'><strong>lines</strong></span> 
     </span>
    </p>
   </div>
   <div class='ocr_carea' id='block_1_25' title="bbox 2040 908 2318 979">
    <p class='ocr_par' dir='ltr' id='par_1_25' title="bbox 2040 908 2318 979">
     <span class='ocr_line' id='line_1_25' title="bbox 2040 908 2318 979; baseline 0.011 -17"><span class='ocrx_word' id='word_1_160' title='bbox 2040 908 2106 964; x_wconf 86' lang='lat' dir='ltr'><strong>ac</strong></span> <span class='ocrx_word' id='word_1_161' title='bbox 2148 911 2318 979; x_wconf 77' lang='lat' dir='ltr'><strong>leges.</strong></span> 
     </span>
    </p>
   </div>
   <div class='ocr_carea' id='block_1_26' title="bbox 2114 1002 3625 1077">
    <p class='ocr_par' dir='ltr' id='par_1_26' title="bbox 2114 1002 3625 1077">
     <span class='ocr_line' id='line_1_26' title="bbox 2114 1002 3625 1077; baseline 0.001 -19"><span class='ocrx_word' id='word_1_162' title='bbox 2114 1002 2588 1069; x_wconf 86' lang='lat' dir='ltr'><strong>Quemadmodum</strong></span> <span class='ocrx_word' id='word_1_163' title='bbox 2616 1019 2750 1076; x_wconf 77' lang='lat' dir='ltr'><strong>ergo</strong></span> <span class='ocrx_word' id='word_1_164' title='bbox 2782 1004 2906 1070; x_wconf 74' lang='lat' dir='ltr'><strong>illae,</strong></span> <span class='ocrx_word' id='word_1_165' title='bbox 2967 1005 3074 1060; x_wconf 84' lang='lat' dir='ltr'><strong>Deo</strong></span> <span class='ocrx_word' id='word_1_166' title='bbox 3106 1004 3458 1076; x_wconf 83' lang='lat' dir='ltr'><strong>disponente,</strong></span> <span class='ocrx_word' id='word_1_167' title='bbox 3497 1024 3625 1077; x_wconf 84' lang='lat' dir='ltr'><strong>pru-</strong></span> 
     </span>
    </p>
   </div>
   <div class='ocr_carea' id='block_1_27' title="bbox 2042 1086 3634 1171">
    <p class='ocr_par' dir='ltr' id='par_1_27' title="bbox 2042 1086 3634 1171">
     <span class='ocr_line' id='line_1_27' title="bbox 2042 1086 3634 1171; baseline 0.006 -24"><span class='ocrx_word' id='word_1_168' title='bbox 2042 1095 2177 1166; x_wconf 72' lang='lat' dir='ltr'><strong>priae</strong></span> <span class='ocrx_word' id='word_1_169' title='bbox 2244 1086 2456 1151; x_wconf 61' lang='lat' dir='ltr'><strong>naturae</strong></span> <span class='ocrx_word' id='word_1_170' title='bbox 2519 1097 2770 1152; x_wconf 85' lang='lat' dir='ltr'><strong>vicerunt</strong></span> <span class='ocrx_word' id='word_1_171' title='bbox 2838 1096 3253 1163; x_wconf 81' lang='lat' dir='ltr'><strong>inﬁrmitatem,</strong></span> <span class='ocrx_word' id='word_1_172' title='bbox 3311 1097 3634 1171; x_wconf 84' lang='lat' dir='ltr'><strong>domitoque</strong></span> 
     </span>
    </p>
   </div>
   <div class='ocr_carea' id='block_1_28' title="bbox 2041 1188 3634 1257">
    <p class='ocr_par' dir='ltr' id='par_1_28' title="bbox 2041 1188 3634 1257">
     <span class='ocr_line' id='line_1_28' title="bbox 2041 1188 3634 1257; baseline 0.001 -13"><span class='ocrx_word' id='word_1_173' title='bbox 2041 1191 2246 1245; x_wconf 88' lang='lat' dir='ltr'><strong>acerbo</strong></span> <span class='ocrx_word' id='word_1_174' title='bbox 2266 1201 2473 1245; x_wconf 71' lang='lat' dir='ltr'><strong>naturae</strong></span> <span class='ocrx_word' id='word_1_175' title='bbox 2490 1190 2647 1254; x_wconf 90' lang='lat' dir='ltr'><strong>vitio,</strong></span> <span class='ocrx_word' id='word_1_176' title='bbox 2676 1190 2815 1244; x_wconf 86' lang='lat' dir='ltr'><strong>uteri</strong></span> <span class='ocrx_word' id='word_1_177' title='bbox 2846 1188 3085 1244; x_wconf 74' lang='lat' dir='ltr'><strong>fructum</strong></span> <span class='ocrx_word' id='word_1_178' title='bbox 3101 1192 3445 1257; x_wconf 83' lang='lat' dir='ltr'><strong>attulerunt;</strong></span> <span class='ocrx_word' id='word_1_179' title='bbox 3473 1208 3556 1248; x_wconf 74' lang='lat' dir='ltr'><strong>sic</strong></span> <span class='ocrx_word' id='word_1_180' title='bbox 3578 1202 3634 1249; x_wconf 90' lang='lat' dir='ltr'><strong>et</strong></span> 
     </span>
    </p>
   </div>
   <div class='ocr_carea' id='block_1_29' title="bbox 2039 1269 3633 1356">
    <p class='ocr_par' dir='ltr' id='par_1_29' title="bbox 2039 1269 3633 1356">
     <span class='ocr_line' id='line_1_29' title="bbox 2039 1269 3633 1356; baseline 0.001 -17"><span class='ocrx_word' id='word_1_181' title='bbox 2039 1269 2123 1351; x_wconf 83' lang='lat' dir='ltr'><strong>tu,</strong></span> <span class='ocrx_word' id='word_1_182' title='bbox 2154 1299 2276 1355; x_wconf 73' lang='lat' dir='ltr'><strong>qua:</strong></span> <span class='ocrx_word' id='word_1_183' title='bbox 2300 1299 2331 1339; x_wconf 92' lang='lat' dir='ltr'><strong>e</strong></span> <span class='ocrx_word' id='word_1_184' title='bbox 2360 1283 2537 1340; x_wconf 87' lang='lat' dir='ltr'><strong>sterili</strong></span> <span class='ocrx_word' id='word_1_185' title='bbox 2572 1284 2729 1337; x_wconf 85' lang='lat' dir='ltr'><strong>Anna</strong></span> <span class='ocrx_word' id='word_1_186' title='bbox 2762 1284 3076 1355; x_wconf 77' lang='lat' dir='ltr'><strong>progenita,</strong></span> <span class='ocrx_word' id='word_1_187' title='bbox 3100 1284 3395 1356; x_wconf 70' lang='lat' dir='ltr'><strong>gignentis</strong></span> <span class='ocrx_word' id='word_1_188' title='bbox 3413 1300 3633 1356; x_wconf 83' lang='lat' dir='ltr'><strong>quoque</strong></span> 
     </span>
    </p>
   </div>
   <div class='ocr_carea' id='block_1_30' title="bbox 2041 1376 3636 1448">
    <p class='ocr_par' dir='ltr' id='par_1_30' title="bbox 2041 1376 3636 1448">
     <span class='ocr_line' id='line_1_30' title="bbox 2041 1376 3636 1448; baseline 0 -16"><span class='ocrx_word' id='word_1_189' title='bbox 2041 1385 2293 1432; x_wconf 90' lang='lat' dir='ltr'><strong>naturam</strong></span> <span class='ocrx_word' id='word_1_190' title='bbox 2326 1376 2602 1443; x_wconf 82' lang='lat' dir='ltr'><strong>devicisti,</strong></span> <span class='ocrx_word' id='word_1_191' title='bbox 2634 1392 2771 1447; x_wconf 88' lang='lat' dir='ltr'><strong>pura</strong></span> <span class='ocrx_word' id='word_1_192' title='bbox 2820 1378 3094 1432; x_wconf 71' lang='lat' dir='ltr'><strong>exsistens</strong></span> <span class='ocrx_word' id='word_1_193' title='bbox 3149 1377 3324 1447; x_wconf 82' lang='lat' dir='ltr'><strong>virgo,</strong></span> <span class='ocrx_word' id='word_1_194' title='bbox 3376 1386 3432 1432; x_wconf 88' lang='lat' dir='ltr'><strong>et</strong></span> <span class='ocrx_word' id='word_1_195' title='bbox 3478 1378 3636 1448; x_wconf 69' lang='lat' dir='ltr'><strong>virgo</strong></span> 
     </span>
    </p>
   </div>
   <div class='ocr_carea' id='block_1_31' title="bbox 2041 1470 3635 1544">
    <p class='ocr_par' dir='ltr' id='par_1_31' title="bbox 2041 1470 3635 1544">
     <span class='ocr_line' id='line_1_31' title="bbox 2041 1470 3635 1544; baseline 0.003 -20"><span class='ocrx_word' id='word_1_196' title='bbox 2041 1470 2167 1526; x_wconf 89' lang='lat' dir='ltr'><strong>dein</strong></span> <span class='ocrx_word' id='word_1_197' title='bbox 2200 1487 2582 1542; x_wconf 87' lang='lat' dir='ltr'><strong>perseverans,</strong></span> <span class='ocrx_word' id='word_1_198' title='bbox 2633 1472 2805 1527; x_wconf 89' lang='lat' dir='ltr'><strong>lilium</strong></span> <span class='ocrx_word' id='word_1_199' title='bbox 2846 1473 2965 1528; x_wconf 85' lang='lat' dir='ltr'><strong>sine</strong></span> <span class='ocrx_word' id='word_1_200' title='bbox 2991 1472 3301 1544; x_wconf 80' lang='lat' dir='ltr'><strong>cujuspiam</strong></span> <span class='ocrx_word' id='word_1_201' title='bbox 3340 1488 3506 1544; x_wconf 84' lang='lat' dir='ltr'><strong>Opere</strong></span> <span class='ocrx_word' id='word_1_202' title='bbox 3539 1485 3635 1528; x_wconf 91' lang='lat' dir='ltr'><strong>aut</strong></span> 
     </span>
    </p>
   </div>
   <div class='ocr_carea' id='block_1_32' title="bbox 2042 1553 3631 1635">
    <p class='ocr_par' dir='ltr' id='par_1_32' title="bbox 2042 1553 3631 1635">
     <span class='ocr_line' id='line_1_32' title="bbox 2042 1553 3631 1635; baseline 0.003 -16"><span class='ocrx_word' id='word_1_203' title='bbox 2042 1565 2274 1628; x_wconf 82' lang='lat' dir='ltr'><strong>semine,</strong></span> <span class='ocrx_word' id='word_1_204' title='bbox 2324 1565 2444 1633; x_wconf 83' lang='lat' dir='ltr'><strong>ipso</strong></span> <span class='ocrx_word' id='word_1_205' title='bbox 2500 1564 2554 1619; x_wconf 89' lang='lat' dir='ltr'><strong>id</strong></span> <span class='ocrx_word' id='word_1_206' title='bbox 2586 1579 2617 1619; x_wconf 90' lang='lat' dir='ltr'><strong>a</strong></span> <span class='ocrx_word' id='word_1_207' title='bbox 2644 1572 2699 1618; x_wconf 88' lang='lat' dir='ltr'><strong>te</strong></span> <span class='ocrx_word' id='word_1_208' title='bbox 2728 1566 2969 1630; x_wconf 83' lang='lat' dir='ltr'><strong>volente,</strong></span> <span class='ocrx_word' id='word_1_209' title='bbox 3005 1566 3099 1635; x_wconf 93' lang='lat' dir='ltr'><strong>qui</strong></span> <span class='ocrx_word' id='word_1_210' title='bbox 3153 1553 3219 1621; x_wconf 59' lang='lat' dir='ltr'><strong>ea</strong></span> <span class='ocrx_word' id='word_1_211' title='bbox 3259 1576 3312 1622; x_wconf 88' lang='lat' dir='ltr'><strong>te</strong></span> <span class='ocrx_word' id='word_1_212' title='bbox 3362 1569 3631 1635; x_wconf 82' lang='lat' dir='ltr'><strong>nascitur,</strong></span> 
     </span>
    </p>
   </div>
   <div class='ocr_carea' id='block_1_33' title="bbox 2043 1652 3635 1724">
    <p class='ocr_par' dir='ltr' id='par_1_33' title="bbox 2043 1652 3635 1724">
     <span class='ocr_line' id='line_1_33' title="bbox 2043 1652 3635 1724; baseline 0.001 -16"><span class='ocrx_word' id='word_1_213' title='bbox 2043 1653 2311 1709; x_wconf 70' lang='lat' dir='ltr'><strong>ineffabili</strong></span> <span class='ocrx_word' id='word_1_214' title='bbox 2358 1652 2521 1710; x_wconf 90' lang='lat' dir='ltr'><strong>modo</strong></span> <span class='ocrx_word' id='word_1_215' title='bbox 2554 1656 2761 1722; x_wconf 89' lang='lat' dir='ltr'><strong>paries.</strong></span> <span class='ocrx_word' id='word_1_216' title='bbox 2797 1653 2919 1724; x_wconf 86' lang='lat' dir='ltr'><strong>Ipse</strong></span> <span class='ocrx_word' id='word_1_217' title='bbox 2944 1656 3091 1709; x_wconf 88' lang='lat' dir='ltr'><strong>enim</strong></span> <span class='ocrx_word' id='word_1_218' title='bbox 3153 1653 3419 1711; x_wconf 87' lang='lat' dir='ltr'><strong>Dominus</strong></span> <span class='ocrx_word' id='word_1_219' title='bbox 3456 1665 3544 1712; x_wconf 87' lang='lat' dir='ltr'><strong>est</strong></span> <span class='ocrx_word' id='word_1_220' title='bbox 3579 1667 3635 1710; x_wconf 84' lang='lat' dir='ltr'><strong>et</strong></span> 
     </span>
    </p>
   </div>
   <div class='ocr_carea' id='block_1_34' title="bbox 344 1744 1941 1820">
    <p class='ocr_par' dir='ltr' id='par_1_34' title="bbox 344 1744 1938 1817">
     <span class='ocr_line' id='line_1_34' title="bbox 344 1744 1938 1817; baseline -0.001 -18"><span class='ocrx_word' id='word_1_221' title='bbox 344 1761 488 1809; x_wconf 86' lang='grc' dir='ltr'>σεως</span> <span class='ocrx_word' id='word_1_222' title='bbox 516 1746 741 1816; x_wconf 78' lang='grc' dir='ltr'>Κύριος,</span> <span class='ocrx_word' id='word_1_223' title='bbox 779 1744 855 1808; x_wconf 85' lang='grc' dir='ltr'>ὡς</span> <span class='ocrx_word' id='word_1_224' title='bbox 875 1744 1121 1815; x_wconf 81' lang='grc' dir='ltr'><strong>Κτίστης</strong></span> <span class='ocrx_word' id='word_1_225' title='bbox 1148 1744 1322 1815; x_wconf 81' lang='grc' dir='ltr'>αὐτῆς</span> <span class='ocrx_word' id='word_1_226' title='bbox 1350 1745 1635 1815; x_wconf 78' lang='grc' dir='ltr'>τυγχάνων</span> <span class='ocrx_word' id='word_1_227' title='bbox 1669 1746 1764 1798; x_wconf 75' lang='grc' dir='ltr'>καὶ</span> <span class='ocrx_word' id='word_1_228' title='bbox 1796 1745 1938 1817; x_wconf 81' lang='grc' dir='ltr'>πρύ-</span> 
     </span>
    </p>
   </div>
   <div class='ocr_carea' id='block_1_35' title="bbox 2041 1744 3628 1820">
    <p class='ocr_par' dir='ltr' id='par_1_35' title="bbox 2041 1747 3628 1820">
     <span class='ocr_line' id='line_1_35' title="bbox 2041 1747 3628 1820; baseline 0.002 -20"><span class='ocrx_word' id='word_1_229' title='bbox 2041 1754 2274 1809; x_wconf 68' lang='lat' dir='ltr'><strong>natoue,</strong></span> <span class='ocrx_word' id='word_1_230' title='bbox 2310 1754 2500 1815; x_wconf 82' lang='lat' dir='ltr'><strong>utpote</strong></span> <span class='ocrx_word' id='word_1_231' title='bbox 2533 1754 2741 1801; x_wconf 70' lang='lat' dir='ltr'><strong>natura:</strong></span> <span class='ocrx_word' id='word_1_232' title='bbox 2775 1747 2951 1818; x_wconf 88' lang='lat' dir='ltr'><strong>ipsius</strong></span> <span class='ocrx_word' id='word_1_233' title='bbox 2985 1756 3205 1803; x_wconf 87' lang='lat' dir='ltr'><strong>creator</strong></span> <span class='ocrx_word' id='word_1_234' title='bbox 3252 1758 3306 1804; x_wconf 90' lang='lat' dir='ltr'><strong>et</strong></span> <span class='ocrx_word' id='word_1_235' title='bbox 3353 1750 3628 1820; x_wconf 82' lang='lat' dir='ltr'><strong>provisor.</strong></span> 
     </span>
    </p>
   </div>
   <div class='ocr_carea' id='block_1_36' title="bbox 341 1834 1940 1908">
    <p class='ocr_par' dir='ltr' id='par_1_36' title="bbox 341 1834 1940 1908">
     <span class='ocr_line' id='line_1_36' title="bbox 341 1834 1940 1908; baseline 0.001 -20"><span class='ocrx_word' id='word_1_236' title='bbox 341 1852 521 1898; x_wconf 84' lang='grc' dir='ltr'>τανις.</span> <span class='ocrx_word' id='word_1_237' title='bbox 556 1835 690 1899; x_wconf 89' lang='grc' dir='ltr'>Θεὸς</span> <span class='ocrx_word' id='word_1_238' title='bbox 728 1836 838 1906; x_wconf 85' lang='grc' dir='ltr'>γάρ</span> <span class='ocrx_word' id='word_1_239' title='bbox 878 1836 1027 1888; x_wconf 82' lang='grc' dir='ltr'>ἐστιν</span> <span class='ocrx_word' id='word_1_240' title='bbox 1059 1834 1465 1905; x_wconf 80' lang='grc' dir='ltr'>ἁκατάληπτος,</span> <span class='ocrx_word' id='word_1_241' title='bbox 1494 1834 1596 1889; x_wconf 80' lang='grc' dir='ltr'>κᾶν</span> <span class='ocrx_word' id='word_1_242' title='bbox 1619 1835 1696 1900; x_wconf 82' lang='grc' dir='ltr'><strong>ὡς</strong></span> <span class='ocrx_word' id='word_1_243' title='bbox 1727 1834 1940 1908; x_wconf 81' lang='grc' dir='ltr'>ἄνθρω-</span> 
     </span>
    </p>
   </div>
   <div class='ocr_carea' id='block_1_37' title="bbox 341 1924 1941 1998">
    <p class='ocr_par' dir='ltr' id='par_1_37' title="bbox 341 1924 1941 1998">
     <span class='ocr_line' id='line_1_37' title="bbox 341 1924 1941 1998; baseline 0.001 -18"><span class='ocrx_word' id='word_1_244' title='bbox 341 1942 451 1990; x_wconf 82' lang='grc' dir='ltr'><strong>πος</strong></span> <span class='ocrx_word' id='word_1_245' title='bbox 501 1926 567 1980; x_wconf 74' lang='grc' dir='ltr'>ὲκ</span> <span class='ocrx_word' id='word_1_246' title='bbox 620 1924 716 1979; x_wconf 83' lang='grc' dir='ltr'>σοῦ</span> <span class='ocrx_word' id='word_1_247' title='bbox 766 1926 865 1994; x_wconf 85' lang='grc' dir='ltr'><strong>τῆς</strong></span> <span class='ocrx_word' id='word_1_248' title='bbox 907 1925 1188 1997; x_wconf 79' lang='grc' dir='ltr'>Παρθένου</span> <span class='ocrx_word' id='word_1_249' title='bbox 1230 1926 1579 1998; x_wconf 78' lang='grc' dir='ltr'>τεχθήσεται.</span> <span class='ocrx_word' id='word_1_250' title='bbox 1635 1928 1793 1983; x_wconf 74' lang='grc' dir='ltr'>Ἐπεὶ</span> <span class='ocrx_word' id='word_1_251' title='bbox 1846 1929 1941 1982; x_wconf 78' lang='grc' dir='ltr'>καὶ</span> 
     </span>
    </p>
   </div>
   <div class='ocr_carea' id='block_1_38' title="bbox 342 2017 1940 2093">
    <p class='ocr_par' dir='ltr' id='par_1_38' title="bbox 342 2017 1940 2093">
     <span class='ocr_line' id='line_1_38' title="bbox 342 2017 1940 2093; baseline 0.002 -22"><span class='ocrx_word' id='word_1_252' title='bbox 342 2020 592 2089; x_wconf 73' lang='grc' dir='ltr'>ἔπρεπεν</span> <span class='ocrx_word' id='word_1_253' title='bbox 610 2018 784 2089; x_wconf 83' lang='grc' dir='ltr'>αὐτῷ,</span> <span class='ocrx_word' id='word_1_254' title='bbox 806 2017 904 2072; x_wconf 79' lang='grc' dir='ltr'><strong>καὶ</strong></span> <span class='ocrx_word' id='word_1_255' title='bbox 932 2018 1221 2090; x_wconf 77' lang='grc' dir='ltr'>ὠφείλετο,</span> <span class='ocrx_word' id='word_1_256' title='bbox 1247 2018 1524 2092; x_wconf 81' lang='grc' dir='ltr'>ἀνθρώπῳ</span> <span class='ocrx_word' id='word_1_257' title='bbox 1554 2020 1940 2093; x_wconf 65' lang='grc' dir='ltr'>φιλανθρωπίᾳ.</span> 
     </span>
    </p>
   </div>
   <div class='ocr_carea' id='block_1_39' title="bbox 342 2107 1940 2180">
    <p class='ocr_par' dir='ltr' id='par_1_39' title="bbox 342 2107 1940 2180">
     <span class='ocr_line' id='line_1_39' title="bbox 342 2107 1940 2180; baseline 0.002 -19"><span class='ocrx_word' id='word_1_258' title='bbox 342 2108 619 2179; x_wconf 81' lang='grc' dir='ltr'>γινομένῳ</span> <span class='ocrx_word' id='word_1_259' title='bbox 646 2108 713 2162; x_wconf 80' lang='grc' dir='ltr'>δι’</span> <span class='ocrx_word' id='word_1_260' title='bbox 743 2107 1053 2180; x_wconf 79' lang='grc' dir='ltr'>ἀνθρώπων</span> <span class='ocrx_word' id='word_1_261' title='bbox 1076 2108 1335 2162; x_wconf 86' lang='grc' dir='ltr'>ἁπάντων</span> <span class='ocrx_word' id='word_1_262' title='bbox 1361 2108 1723 2180; x_wconf 79' lang='grc' dir='ltr'>ὲκλύτρωσιν,</span> <span class='ocrx_word' id='word_1_263' title='bbox 1756 2111 1820 2164; x_wconf 75' lang='grc' dir='ltr'>ὲκ</span> <span class='ocrx_word' id='word_1_264' title='bbox 1845 2112 1940 2180; x_wconf 82' lang='grc' dir='ltr'>μό·</span> 
     </span>
    </p>
   </div>
   <div class='ocr_carea' id='block_1_40' title="bbox 344 2199 1940 2273">
    <p class='ocr_par' dir='ltr' id='par_1_40' title="bbox 344 2199 1940 2273">
     <span class='ocr_line' id='line_1_40' title="bbox 344 2199 1940 2273; baseline -0.001 -19"><span class='ocrx_word' id='word_1_265' title='bbox 344 2219 443 2272; x_wconf 85' lang='grc' dir='ltr'><strong>νης</strong></span> <span class='ocrx_word' id='word_1_266' title='bbox 466 2202 749 2273; x_wconf 79' lang='grc' dir='ltr'>Παρθένου</span> <span class='ocrx_word' id='word_1_267' title='bbox 770 2201 863 2255; x_wconf 89' lang='grc' dir='ltr'><strong>τὸν</strong></span> <span class='ocrx_word' id='word_1_268' title='bbox 886 2201 1107 2255; x_wconf 86' lang='grc' dir='ltr'>τοκετὸν</span> <span class='ocrx_word' id='word_1_269' title='bbox 1131 2199 1527 2266; x_wconf 70' lang='grc' dir='ltr'>ἐπιδείξασθαι,</span> <span class='ocrx_word' id='word_1_270' title='bbox 1556 2200 1752 2272; x_wconf 71' lang='grc' dir='ltr'>ἡδονῆς</span> <span class='ocrx_word' id='word_1_271' title='bbox 1782 2202 1940 2266; x_wconf 80' lang='grc' dir='ltr'>ἐκτὸς</span> 
     </span>
    </p>
   </div>
   <div class='ocr_carea' id='block_1_41' title="bbox 348 2290 1938 2365">
    <p class='ocr_par' dir='ltr' id='par_1_41' title="bbox 348 2290 1938 2365">
     <span class='ocr_line' id='line_1_41' title="bbox 348 2290 1938 2365; baseline -0.001 -19"><span class='ocrx_word' id='word_1_272' title='bbox 348 2293 594 2364; x_wconf 81' lang='grc' dir='ltr'>γαμικῆς</span> <span class='ocrx_word' id='word_1_273' title='bbox 636 2294 733 2347; x_wconf 74' lang='grc' dir='ltr'>καὶ</span> <span class='ocrx_word' id='word_1_274' title='bbox 777 2292 1107 2364; x_wconf 76' lang='grc' dir='ltr'>συμϐάσεως</span> <span class='ocrx_word' id='word_1_275' title='bbox 1163 2290 1522 2365; x_wconf 79' lang='grc' dir='ltr'>ποιησαμένῳ</span> <span class='ocrx_word' id='word_1_276' title='bbox 1569 2293 1670 2365; x_wconf 78' lang='grc' dir='ltr'>τὴν</span> <span class='ocrx_word' id='word_1_277' title='bbox 1720 2294 1785 2347; x_wconf 83' lang='grc' dir='ltr'>ἐκ</span> <span class='ocrx_word' id='word_1_278' title='bbox 1843 2290 1938 2345; x_wconf 75' lang='grc' dir='ltr'>σοῦ</span> 
     </span>
    </p>
   </div>
   <div class='ocr_carea' id='block_1_42' title="bbox 345 2384 1367 2456">
    <p class='ocr_par' dir='ltr' id='par_1_42' title="bbox 345 2384 1367 2456">
     <span class='ocr_line' id='line_1_42' title="bbox 345 2384 1367 2456; baseline 0.001 -18"><span class='ocrx_word' id='word_1_279' title='bbox 345 2384 620 2456; x_wconf 83' lang='grc' dir='ltr'>περιφανῆ</span> <span class='ocrx_word' id='word_1_280' title='bbox 645 2385 741 2439; x_wconf 77' lang='grc' dir='ltr'>καὶ</span> <span class='ocrx_word' id='word_1_281' title='bbox 770 2386 1044 2455; x_wconf 85' lang='grc' dir='ltr'>σωτήριον</span> <span class='ocrx_word' id='word_1_282' title='bbox 1070 2384 1367 2456; x_wconf 85' lang='grc' dir='ltr'>σάρκωσιν.</span> 
     </span>
    </p>
   </div>
   <div class='ocr_carea' id='block_1_43' title="bbox 416 2557 1937 2631">
    <p class='ocr_par' dir='ltr' id='par_1_43' title="bbox 416 2557 1937 2631">
     <span class='ocr_line' id='line_1_43' title="bbox 416 2557 1937 2631; baseline 0.001 -19"><span class='ocrx_word' id='word_1_283' title='bbox 416 2559 507 2615; x_wconf 82' lang='grc' dir='ltr'><strong>Μ’.</strong></span> <span class='ocrx_word' id='word_1_284' title='bbox 538 2558 600 2611; x_wconf 78' lang='lat' dir='ltr'><strong>Ei</strong></span> <span class='ocrx_word' id='word_1_285' title='bbox 634 2558 692 2611; x_wconf 84' lang='grc' dir='ltr'>δὲ</span> <span class='ocrx_word' id='word_1_286' title='bbox 721 2558 804 2612; x_wconf 81' lang='grc' dir='ltr'>ὅτι</span> <span class='ocrx_word' id='word_1_287' title='bbox 841 2557 1119 2627; x_wconf 83' lang='grc' dir='ltr'>παρθένος</span> <span class='ocrx_word' id='word_1_288' title='bbox 1149 2557 1365 2631; x_wconf 83' lang='grc' dir='ltr'>καθαρὰ</span> <span class='ocrx_word' id='word_1_289' title='bbox 1392 2560 1485 2613; x_wconf 76' lang='grc' dir='ltr'>καὶ</span> <span class='ocrx_word' id='word_1_290' title='bbox 1515 2558 1817 2627; x_wconf 73' lang='grc' dir='ltr'>ἁμόλυντος</span> <span class='ocrx_word' id='word_1_291' title='bbox 1843 2558 1937 2613; x_wconf 75' lang='grc' dir='ltr'><strong>οὖ-</strong></span> 
     </span>
    </p>
   </div>
   <div class='ocr_carea' id='block_1_44' title="bbox 344 2649 1931 2725">
    <p class='ocr_par' dir='ltr' id='par_1_44' title="bbox 344 2649 1931 2725">
     <span class='ocr_line' id='line_1_44' title="bbox 344 2649 1931 2725; baseline 0.003 -22"><span class='ocrx_word' id='word_1_292' title='bbox 344 2668 437 2703; x_wconf 85' lang='grc' dir='ltr'><strong>πω</strong></span> <span class='ocrx_word' id='word_1_293' title='bbox 468 2649 628 2720; x_wconf 81' lang='grc' dir='ltr'>μέχρι</span> <span class='ocrx_word' id='word_1_294' title='bbox 652 2652 747 2703; x_wconf 73' lang='grc' dir='ltr'>καὶ</span> <span class='ocrx_word' id='word_1_295' title='bbox 779 2650 1019 2720; x_wconf 75' lang='grc' dir='ltr'>τήμερον</span> <span class='ocrx_word' id='word_1_296' title='bbox 1051 2652 1291 2715; x_wconf 82' lang='grc' dir='ltr'>τέτοκεν,</span> <span class='ocrx_word' id='word_1_297' title='bbox 1317 2651 1439 2706; x_wconf 77' lang='grc' dir='ltr'>οὐδὲ</span> <span class='ocrx_word' id='word_1_298' title='bbox 1471 2654 1657 2725; x_wconf 84' lang='grc' dir='ltr'>μήτηρ</span> <span class='ocrx_word' id='word_1_299' title='bbox 1686 2654 1931 2724; x_wconf 75' lang='grc' dir='ltr'>ἀσπόρου</span> 
     </span>
    </p>
   </div>
   <div class='ocr_carea' id='block_1_45' title="bbox 344 2737 1939 2812">
    <p class='ocr_par' dir='ltr' id='par_1_45' title="bbox 344 2737 1939 2812">
     <span class='ocr_line' id='line_1_45' title="bbox 344 2737 1939 2812; baseline 0.004 -21"><span class='ocrx_word' id='word_1_300' title='bbox 344 2738 479 2791; x_wconf 73' lang='grc' dir='ltr'>ποτὲ</span> <span class='ocrx_word' id='word_1_301' title='bbox 531 2738 721 2802; x_wconf 87' lang='grc' dir='ltr'>παιδὸς</span> <span class='ocrx_word' id='word_1_302' title='bbox 758 2737 1146 2808; x_wconf 81' lang='grc' dir='ltr'>ἀνηγόρευται,</span> <span class='ocrx_word' id='word_1_303' title='bbox 1175 2739 1478 2810; x_wconf 78' lang='grc' dir='ltr'>ἀμφίσολόν</span> <span class='ocrx_word' id='word_1_304' title='bbox 1520 2758 1615 2795; x_wconf 89' lang='grc' dir='ltr'><strong>σου</strong></span> <span class='ocrx_word' id='word_1_305' title='bbox 1666 2745 1939 2812; x_wconf 72' lang='grc' dir='ltr'>ποιεῖτὴν</span> 
     </span>
    </p>
   </div>
   <div class='ocr_carea' id='block_1_46' title="bbox 343 2829 1939 2906">
    <p class='ocr_par' dir='ltr' id='par_1_46' title="bbox 343 2829 1939 2906">
     <span class='ocr_line' id='line_1_46' title="bbox 343 2829 1939 2906; baseline 0.003 -22"><span class='ocrx_word' id='word_1_306' title='bbox 343 2829 609 2896; x_wconf 73' lang='grc' dir='ltr'>διάνοιαν,</span> <span class='ocrx_word' id='word_1_307' title='bbox 642 2830 740 2884; x_wconf 76' lang='grc' dir='ltr'>καὶ</span> <span class='ocrx_word' id='word_1_308' title='bbox 784 2829 978 2900; x_wconf 84' lang='grc' dir='ltr'>μαθεῖν</span> <span class='ocrx_word' id='word_1_309' title='bbox 1008 2831 1309 2902; x_wconf 68' lang='grc' dir='ltr'>ἐπιζητεῖς,</span> <span class='ocrx_word' id='word_1_310' title='bbox 1354 2833 1487 2886; x_wconf 82' lang='grc' dir='ltr'>πότε</span> <span class='ocrx_word' id='word_1_311' title='bbox 1533 2834 1808 2906; x_wconf 83' lang='grc' dir='ltr'>παρθένος</span> <span class='ocrx_word' id='word_1_312' title='bbox 1842 2852 1939 2904; x_wconf 84' lang='grc' dir='ltr'>γε-</span> 
     </span>
    </p>
   </div>
   <div class='ocr_carea' id='block_1_47' title="bbox 344 2922 1939 2998">
    <p class='ocr_par' dir='ltr' id='par_1_47' title="bbox 344 2922 1939 2998">
     <span class='ocr_line' id='line_1_47' title="bbox 344 2922 1939 2998; baseline 0.003 -22"><span class='ocrx_word' id='word_1_313' title='bbox 344 2924 642 2992; x_wconf 57' lang='grc' dir='ltr'>γέννηκεν</span> <span class='ocrx_word' id='word_1_314' title='bbox 686 2922 842 2992; x_wconf 80' lang='grc' dir='ltr'>κάγώ</span> <span class='ocrx_word' id='word_1_315' title='bbox 886 2939 947 2975; x_wconf 91' lang='grc' dir='ltr'><strong>σε</strong></span> <span class='ocrx_word' id='word_1_316' title='bbox 989 2922 1233 2995; x_wconf 89' lang='grc' dir='ltr'>διερωτῶ</span> <span class='ocrx_word' id='word_1_317' title='bbox 1282 2925 1378 2978; x_wconf 80' lang='grc' dir='ltr'>καὶ</span> <span class='ocrx_word' id='word_1_318' title='bbox 1406 2927 1770 2998; x_wconf 84' lang='grc' dir='ltr'>πυνθάνομαι,</span> <span class='ocrx_word' id='word_1_319' title='bbox 1808 2928 1939 2981; x_wconf 84' lang='grc' dir='ltr'>πότε</span> 
     </span>
    </p>
   </div>
   <div class='ocr_carea' id='block_1_48' title="bbox 347 3013 2006 3112">
    <p class='ocr_par' dir='ltr' id='par_1_48' title="bbox 347 3013 2006 3112">
     <span class='ocr_line' id='line_1_48' title="bbox 347 3013 2006 3112; baseline 0.005 -45"><span class='ocrx_word' id='word_1_320' title='bbox 347 3018 458 3085; x_wconf 82' lang='grc' dir='ltr'>γὰρ</span> <span class='ocrx_word' id='word_1_321' title='bbox 493 3015 627 3080; x_wconf 87' lang='grc' dir='ltr'>Θεὸς</span> <span class='ocrx_word' id='word_1_322' title='bbox 671 3013 1121 3112; x_wconf 72' lang='grc' dir='ltr'>ἐνηνθρώπησενο</span> <span class='ocrx_word' id='word_1_323' title='bbox 1165 3014 1363 3105; x_wconf 67' lang='grc' dir='ltr'>ἢπότε</span> <span class='ocrx_word' id='word_1_324' title='bbox 1408 3019 1759 3090; x_wconf 83' lang='grc' dir='ltr'>σαρκωθῆναι</span> <span class='ocrx_word' id='word_1_325' title='bbox 1803 3020 1936 3085; x_wconf 89' lang='grc' dir='ltr'>Θεὸς</span> <span class='ocrx_word' id='word_1_326' title='bbox 1962 3054 2006 3112; x_wconf 76' lang='lat' dir='ltr'>c</span> 
     </span>
    </p>
   </div>
   <div class='ocr_carea' id='block_1_49' title="bbox 346 3100 1936 3184">
    <p class='ocr_par' dir='ltr' id='par_1_49' title="bbox 346 3100 1936 3184">
     <span class='ocr_line' id='line_1_49' title="bbox 346 3100 1936 3184; baseline 0.003 -22"><span class='ocrx_word' id='word_1_327' title='bbox 346 3108 674 3174; x_wconf 76' lang='grc' dir='ltr'>κατεδέξατο</span> <span class='ocrx_word' id='word_1_328' title='bbox 693 3124 706 3139; x_wconf 74' lang='grc' dir='ltr'><strong>ο</strong></span> <span class='ocrx_word' id='word_1_329' title='bbox 738 3111 773 3175; x_wconf 63' lang='lat' dir='ltr'>ﬁ</span> <span class='ocrx_word' id='word_1_330' title='bbox 804 3109 933 3161; x_wconf 86' lang='grc' dir='ltr'>πότε</span> <span class='ocrx_word' id='word_1_331' title='bbox 958 3105 1091 3169; x_wconf 86' lang='grc' dir='ltr'>Θεὸς</span> <span class='ocrx_word' id='word_1_332' title='bbox 1130 3100 1355 3179; x_wconf 80' lang='grc' dir='ltr'>γέγονεν</span> <span class='ocrx_word' id='word_1_333' title='bbox 1384 3110 1669 3182; x_wconf 81' lang='grc' dir='ltr'>ἄνθρωπος</span> <span class='ocrx_word' id='word_1_334' title='bbox 1691 3128 1707 3143; x_wconf 89' lang='grc'><strong>·</strong></span> <span class='ocrx_word' id='word_1_335' title='bbox 1732 3112 1767 3184; x_wconf 70' lang='grc' dir='ltr'>ἢ</span> <span class='ocrx_word' id='word_1_336' title='bbox 1802 3112 1936 3166; x_wconf 80' lang='grc' dir='ltr'>πότε</span> 
     </span>
    </p>
   </div>
   <div class='ocr_carea' id='block_1_50' title="bbox 348 3202 1939 3274">
    <p class='ocr_par' dir='ltr' id='par_1_50' title="bbox 348 3202 1939 3274">
     <span class='ocr_line' id='line_1_50' title="bbox 348 3202 1939 3274; baseline 0.001 -18"><span class='ocrx_word' id='word_1_337' title='bbox 348 3203 484 3265; x_wconf 88' lang='grc' dir='ltr'>Θεὸς</span> <span class='ocrx_word' id='word_1_338' title='bbox 523 3204 783 3273; x_wconf 81' lang='grc' dir='ltr'>ἀσπόρως</span> <span class='ocrx_word' id='word_1_339' title='bbox 821 3202 1272 3273; x_wconf 69' lang='grc' dir='ltr'>συνείληπταιοῆ</span> <span class='ocrx_word' id='word_1_340' title='bbox 1311 3203 1441 3255; x_wconf 79' lang='grc' dir='ltr'>πότε</span> <span class='ocrx_word' id='word_1_341' title='bbox 1477 3204 1775 3274; x_wconf 80' lang='grc' dir='ltr'>κυοφορίας</span> <span class='ocrx_word' id='word_1_342' title='bbox 1803 3203 1939 3269; x_wconf 87' lang='grc' dir='ltr'>Θεὸς</span> 
     </span>
    </p>
   </div>
   <div class='ocr_carea' id='block_1_51' title="bbox 347 3294 1941 3366">
    <p class='ocr_par' dir='ltr' id='par_1_51' title="bbox 347 3294 1941 3366">
     <span class='ocr_line' id='line_1_51' title="bbox 347 3294 1941 3366; baseline 0.003 -21"><span class='ocrx_word' id='word_1_343' title='bbox 347 3295 646 3366; x_wconf 69' lang='grc' dir='ltr'>ἠνέσχετοο</span> <span class='ocrx_word' id='word_1_344' title='bbox 711 3294 745 3365; x_wconf 73' lang='grc' dir='ltr'>ἢ</span> <span class='ocrx_word' id='word_1_345' title='bbox 789 3297 919 3348; x_wconf 78' lang='grc' dir='ltr'>πότε</span> <span class='ocrx_word' id='word_1_346' title='bbox 958 3295 1091 3359; x_wconf 81' lang='grc' dir='ltr'>Θεὸς</span> <span class='ocrx_word' id='word_1_347' title='bbox 1134 3296 1404 3366; x_wconf 81' lang='grc' dir='ltr'>σαρκικὴν</span> <span class='ocrx_word' id='word_1_348' title='bbox 1448 3296 1513 3349; x_wconf 80' lang='grc' dir='ltr'>ὲκ</span> <span class='ocrx_word' id='word_1_349' title='bbox 1548 3296 1805 3364; x_wconf 86' lang='grc' dir='ltr'>γυναικὸς</span> <span class='ocrx_word' id='word_1_350' title='bbox 1843 3297 1941 3351; x_wconf 76' lang='grc' dir='ltr'>έπ-</span> 
     </span>
    </p>
   </div>
   <div class='ocr_carea' id='block_1_52' title="bbox 348 3388 1938 3463">
    <p class='ocr_par' dir='ltr' id='par_1_52' title="bbox 348 3388 1938 3463">
     <span class='ocr_line' id='line_1_52' title="bbox 348 3388 1938 3463; baseline 0.003 -21"><span class='ocrx_word' id='word_1_351' title='bbox 348 3388 593 3454; x_wconf 79' lang='grc' dir='ltr'>εδείξατο</span> <span class='ocrx_word' id='word_1_352' title='bbox 623 3390 879 3460; x_wconf 76' lang='grc' dir='ltr'>γέννησιν</span> <span class='ocrx_word' id='word_1_353' title='bbox 905 3392 981 3462; x_wconf 74' lang='grc' dir='ltr'><strong>’ἢ</strong></span> <span class='ocrx_word' id='word_1_354' title='bbox 1035 3391 1166 3444; x_wconf 77' lang='grc' dir='ltr'>πότε</span> <span class='ocrx_word' id='word_1_355' title='bbox 1209 3391 1342 3455; x_wconf 84' lang='grc' dir='ltr'>Θεὸς</span> <span class='ocrx_word' id='word_1_356' title='bbox 1382 3392 1710 3461; x_wconf 85' lang='grc' dir='ltr'>γυναικείων</span> <span class='ocrx_word' id='word_1_357' title='bbox 1749 3392 1938 3463; x_wconf 72' lang='grc' dir='ltr'>μαζῶν</span> 
     </span>
    </p>
   </div>
   <div class='ocr_carea' id='block_1_53' title="bbox 349 3480 1940 3553">
    <p class='ocr_par' dir='ltr' id='par_1_53' title="bbox 349 3480 1940 3553">
     <span class='ocr_line' id='line_1_53' title="bbox 349 3480 1940 3553; baseline 0.003 -20"><span class='ocrx_word' id='word_1_358' title='bbox 349 3480 696 3552; x_wconf 76' lang='grc' dir='ltr'>ἁπεθήλασεν</span> <span class='ocrx_word' id='word_1_359' title='bbox 715 3498 730 3513; x_wconf 82' lang='grc'><em>’</em></span> <span class='ocrx_word' id='word_1_360' title='bbox 757 3483 791 3553; x_wconf 79' lang='grc' dir='ltr'>ἢ</span> <span class='ocrx_word' id='word_1_361' title='bbox 817 3484 946 3536; x_wconf 71' lang='grc' dir='ltr'>πότε</span> <span class='ocrx_word' id='word_1_362' title='bbox 976 3483 1111 3546; x_wconf 86' lang='grc' dir='ltr'>Θεὸς</span> <span class='ocrx_word' id='word_1_363' title='bbox 1142 3482 1590 3553; x_wconf 83' lang='grc' dir='ltr'>κλαυθμυρισμὸν</span> <span class='ocrx_word' id='word_1_364' title='bbox 1618 3482 1940 3553; x_wconf 83' lang='grc' dir='ltr'>ἀπηνέγκα-</span> 
     </span>
    </p>
   </div>
   <div class='ocr_carea' id='block_1_54' title="bbox 349 3573 1939 3646">
    <p class='ocr_par' dir='ltr' id='par_1_54' title="bbox 349 3573 1939 3646">
     <span class='ocr_line' id='line_1_54' title="bbox 349 3573 1939 3646; baseline 0.003 -21"><span class='ocrx_word' id='word_1_365' title='bbox 349 3587 450 3625; x_wconf 72' lang='grc' dir='ltr'>τοο</span> <span class='ocrx_word' id='word_1_366' title='bbox 489 3573 523 3644; x_wconf 76' lang='grc' dir='ltr'><strong>ἢ</strong></span> <span class='ocrx_word' id='word_1_367' title='bbox 564 3574 697 3627; x_wconf 79' lang='grc' dir='ltr'>πότε</span> <span class='ocrx_word' id='word_1_368' title='bbox 736 3573 872 3638; x_wconf 86' lang='grc' dir='ltr'>Θεὸς</span> <span class='ocrx_word' id='word_1_369' title='bbox 907 3574 1123 3645; x_wconf 75' lang='grc' dir='ltr'>ἡλικίας</span> <span class='ocrx_word' id='word_1_370' title='bbox 1156 3573 1387 3644; x_wconf 74' lang='grc' dir='ltr'>αθξησιν</span> <span class='ocrx_word' id='word_1_371' title='bbox 1431 3574 1653 3645; x_wconf 75' lang='grc' dir='ltr'>εἴληφεν</span> <span class='ocrx_word' id='word_1_372' title='bbox 1677 3590 1692 3605; x_wconf 84' lang='grc'><em>’</em></span> <span class='ocrx_word' id='word_1_373' title='bbox 1730 3575 1762 3646; x_wconf 77' lang='grc' dir='ltr'>ἢ</span> <span class='ocrx_word' id='word_1_374' title='bbox 1805 3575 1939 3629; x_wconf 83' lang='grc' dir='ltr'>πότε</span> 
     </span>
    </p>
   </div>
   <div class='ocr_carea' id='block_1_55' title="bbox 350 3661 1937 3738">
    <p class='ocr_par' dir='ltr' id='par_1_55' title="bbox 350 3661 1937 3738">
     <span class='ocr_line' id='line_1_55' title="bbox 350 3661 1937 3738; baseline 0.003 -25"><span class='ocrx_word' id='word_1_375' title='bbox 350 3661 486 3725; x_wconf 74' lang='grc' dir='ltr'>Θεὸς</span> <span class='ocrx_word' id='word_1_376' title='bbox 530 3663 630 3715; x_wconf 75' lang='grc' dir='ltr'>σὺν</span> <span class='ocrx_word' id='word_1_377' title='bbox 680 3666 794 3726; x_wconf 79' lang='grc' dir='ltr'>τοῖς</span> <span class='ocrx_word' id='word_1_378' title='bbox 845 3664 1151 3735; x_wconf 84' lang='grc' dir='ltr'>ἀνθρώποις</span> <span class='ocrx_word' id='word_1_379' title='bbox 1181 3665 1310 3735; x_wconf 76' lang='grc' dir='ltr'>ἡμῖν</span> <span class='ocrx_word' id='word_1_380' title='bbox 1343 3664 1389 3696; x_wconf 79' lang='grc'>⁶¹</span> <span class='ocrx_word' id='word_1_381' title='bbox 1436 3664 1823 3718; x_wconf 78' lang='grc' dir='ltr'>πεπολίτευται</span> <span class='ocrx_word' id='word_1_382' title='bbox 1848 3681 1864 3696; x_wconf 91' lang='grc'><strong>·</strong></span> <span class='ocrx_word' id='word_1_383' title='bbox 1904 3666 1937 3738; x_wconf 75' lang='grc' dir='ltr'>ἢ</span> 
     </span>
    </p>
   </div>
   <div class='ocr_carea' id='block_1_56' title="bbox 352 3752 1940 3828">
    <p class='ocr_par' dir='ltr' id='par_1_56' title="bbox 352 3752 1940 3828">
     <span class='ocr_line' id='line_1_56' title="bbox 352 3752 1940 3828; baseline 0.004 -24"><span class='ocrx_word' id='word_1_384' title='bbox 352 3752 485 3805; x_wconf 79' lang='grc' dir='ltr'>πότε</span> <span class='ocrx_word' id='word_1_385' title='bbox 509 3752 642 3816; x_wconf 73' lang='grc' dir='ltr'>Θεὸς</span> <span class='ocrx_word' id='word_1_386' title='bbox 688 3754 829 3824; x_wconf 81' lang='grc' dir='ltr'>ὑπὲρ</span> <span class='ocrx_word' id='word_1_387' title='bbox 868 3754 1173 3828; x_wconf 76' lang='grc' dir='ltr'>ἀνθρώπων</span> <span class='ocrx_word' id='word_1_388' title='bbox 1208 3754 1512 3809; x_wconf 81' lang='grc' dir='ltr'>ἀπέθανεν·</span> <span class='ocrx_word' id='word_1_389' title='bbox 1558 3755 1591 3826; x_wconf 76' lang='grc' dir='ltr'><strong>ἢ</strong></span> <span class='ocrx_word' id='word_1_390' title='bbox 1636 3754 1769 3808; x_wconf 84' lang='grc' dir='ltr'>πότε</span> <span class='ocrx_word' id='word_1_391' title='bbox 1807 3755 1940 3821; x_wconf 86' lang='grc' dir='ltr'>Θεὸς</span> 
     </span>
    </p>
   </div>
   <div class='ocr_carea' id='block_1_57' title="bbox 352 3849 1941 3925">
    <p class='ocr_par' dir='ltr' id='par_1_57' title="bbox 352 3849 1941 3925">
     <span class='ocr_line' id='line_1_57' title="bbox 352 3849 1941 3925; baseline 0.004 -25"><span class='ocrx_word' id='word_1_392' title='bbox 352 3849 595 3919; x_wconf 83' lang='grc' dir='ltr'>σταυροῦ</span> <span class='ocrx_word' id='word_1_393' title='bbox 649 3852 998 3922; x_wconf 85' lang='grc' dir='ltr'>προσήλωσιν</span> <span class='ocrx_word' id='word_1_394' title='bbox 1041 3850 1310 3923; x_wconf 70' lang='grc' dir='ltr'>ἔσχηκεν*</span> <span class='ocrx_word' id='word_1_395' title='bbox 1360 3852 1394 3923; x_wconf 76' lang='grc' dir='ltr'>ἢ</span> <span class='ocrx_word' id='word_1_396' title='bbox 1432 3850 1561 3905; x_wconf 81' lang='grc' dir='ltr'>πότε</span> <span class='ocrx_word' id='word_1_397' title='bbox 1594 3850 1729 3916; x_wconf 87' lang='grc' dir='ltr'>Θεὸς</span> <span class='ocrx_word' id='word_1_398' title='bbox 1770 3851 1941 3925; x_wconf 74' lang='grc' dir='ltr'>λόγχῃ</span> 
     </span>
    </p>
   </div>
   <div class='ocr_carea' id='block_1_58' title="bbox 350 3937 1984 4013">
    <p class='ocr_par' dir='ltr' id='par_1_58' title="bbox 350 3937 1984 4013">
     <span class='ocr_line' id='line_1_58' title="bbox 350 3937 1984 4013; baseline 0.004 -24"><span class='ocrx_word' id='word_1_399' title='bbox 350 3937 454 4007; x_wconf 75' lang='grc' dir='ltr'>τὴν</span> <span class='ocrx_word' id='word_1_400' title='bbox 484 3938 730 4008; x_wconf 63' lang='grc' dir='ltr'>πλευρὲν</span> <span class='ocrx_word' id='word_1_401' title='bbox 775 3942 1169 4010; x_wconf 81' lang='grc' dir='ltr'>ὲκκεκέντηται</span> <span class='ocrx_word' id='word_1_402' title='bbox 1196 3957 1212 3973; x_wconf 69' lang='grc'><strong><em>⁸</em></strong></span> <span class='ocrx_word' id='word_1_403' title='bbox 1246 3942 1279 4012; x_wconf 81' lang='grc' dir='ltr'>ἢ</span> <span class='ocrx_word' id='word_1_404' title='bbox 1309 3942 1440 3996; x_wconf 83' lang='grc' dir='ltr'>πότε</span> <span class='ocrx_word' id='word_1_405' title='bbox 1474 3941 1606 4007; x_wconf 89' lang='grc' dir='ltr'>Θεὸς</span> <span class='ocrx_word' id='word_1_406' title='bbox 1638 3943 1940 4013; x_wconf 85' lang='grc' dir='ltr'>τριήμερον</span> <span class='ocrx_word' id='word_1_407' title='bbox 1977 3973 1984 3979; x_wconf 91' lang='lat'><strong><em>-</em></strong></span> 
     </span>
    </p>
   </div>
   <div class='ocr_carea' id='block_1_59' title="bbox 350 4030 1938 4105">
    <p class='ocr_par' dir='ltr' id='par_1_59' title="bbox 350 4030 1938 4105">
     <span class='ocr_line' id='line_1_59' title="bbox 350 4030 1938 4105; baseline 0.004 -23"><span class='ocrx_word' id='word_1_408' title='bbox 350 4030 535 4101; x_wconf 76' lang='grc' dir='ltr'>ταφὴν</span> <span class='ocrx_word' id='word_1_409' title='bbox 584 4031 920 4104; x_wconf 78' lang='grc' dir='ltr'>ὑπελήλυθεν</span> <span class='ocrx_word' id='word_1_410' title='bbox 943 4049 959 4065; x_wconf 76' lang='grc' dir='ltr'><strong><em>ο</em></strong></span> <span class='ocrx_word' id='word_1_411' title='bbox 1010 4033 1043 4105; x_wconf 73' lang='grc' dir='ltr'>ἢ</span> <span class='ocrx_word' id='word_1_412' title='bbox 1080 4034 1215 4087; x_wconf 83' lang='grc' dir='ltr'>πότε</span> <span class='ocrx_word' id='word_1_413' title='bbox 1260 4032 1395 4097; x_wconf 83' lang='grc' dir='ltr'>Θεὸς</span> <span class='ocrx_word' id='word_1_414' title='bbox 1424 4036 1602 4088; x_wconf 81' lang='grc' dir='ltr'>πάντα</span> <span class='ocrx_word' id='word_1_415' title='bbox 1624 4032 1799 4088; x_wconf 83' lang='grc' dir='ltr'>ταῦτα</span> <span class='ocrx_word' id='word_1_416' title='bbox 1828 4034 1938 4088; x_wconf 76' lang='grc' dir='ltr'><strong>πά-</strong></span> 
     </span>
    </p>
   </div>
   <div class='ocr_carea' id='block_1_60' title="bbox 2044 1841 3630 1913">
    <p class='ocr_par' dir='ltr' id='par_1_60' title="bbox 2044 1841 3630 1913">
     <span class='ocr_line' id='line_1_60' title="bbox 2044 1841 3630 1913; baseline 0.003 -19"><span class='ocrx_word' id='word_1_417' title='bbox 2044 1841 2141 1897; x_wconf 85' lang='lat' dir='ltr'><strong>Est</strong></span> <span class='ocrx_word' id='word_1_418' title='bbox 2172 1844 2316 1897; x_wconf 89' lang='lat' dir='ltr'><strong>enim</strong></span> <span class='ocrx_word' id='word_1_419' title='bbox 2346 1841 2488 1897; x_wconf 87' lang='lat' dir='ltr'><strong>Deus</strong></span> <span class='ocrx_word' id='word_1_420' title='bbox 2511 1842 3110 1913; x_wconf 84' lang='lat' dir='ltr'><strong>incomprehensibilis.</strong></span> <span class='ocrx_word' id='word_1_421' title='bbox 3140 1843 3305 1898; x_wconf 86' lang='lat' dir='ltr'><strong>etiam</strong></span> <span class='ocrx_word' id='word_1_422' title='bbox 3336 1860 3403 1899; x_wconf 80' lang='lat' dir='ltr'><strong>ex</strong></span> <span class='ocrx_word' id='word_1_423' title='bbox 3430 1854 3484 1901; x_wconf 92' lang='lat' dir='ltr'><strong>te</strong></span> <span class='ocrx_word' id='word_1_424' title='bbox 3510 1843 3630 1901; x_wconf 80' lang='lat' dir='ltr'><strong>Vir-</strong></span> 
     </span>
    </p>
   </div>
   <div class='ocr_carea' id='block_1_61' title="bbox 2041 1929 3622 2000">
    <p class='ocr_par' dir='ltr' id='par_1_61' title="bbox 2041 1929 3622 2000">
     <span class='ocr_line' id='line_1_61' title="bbox 2041 1929 3622 2000; baseline 0.004 -18"><span class='ocrx_word' id='word_1_425' title='bbox 2041 1929 2168 1999; x_wconf 78' lang='lat' dir='ltr'><strong>gine</strong></span> <span class='ocrx_word' id='word_1_426' title='bbox 2206 1930 2524 1986; x_wconf 80' lang='lat' dir='ltr'><strong>nasciturus</strong></span> <span class='ocrx_word' id='word_1_427' title='bbox 2580 1929 2654 1985; x_wconf 87' lang='lat' dir='ltr'><strong>sit</strong></span> <span class='ocrx_word' id='word_1_428' title='bbox 2712 1939 2974 2000; x_wconf 85' lang='lat' dir='ltr'><strong>tanquam</strong></span> <span class='ocrx_word' id='word_1_429' title='bbox 3012 1931 3200 1987; x_wconf 87' lang='lat' dir='ltr'><strong>homo.</strong></span> <span class='ocrx_word' id='word_1_430' title='bbox 3255 1930 3464 1987; x_wconf 87' lang='lat' dir='ltr'><strong>Deinde</strong></span> <span class='ocrx_word' id='word_1_431' title='bbox 3492 1948 3622 1988; x_wconf 86' lang='lat' dir='ltr'><strong>vero</strong></span> 
     </span>
    </p>
   </div>
   <div class='ocr_carea' id='block_1_62' title="bbox 2039 2021 3619 2095">
    <p class='ocr_par' dir='ltr' id='par_1_62' title="bbox 2039 2021 3619 2095">
     <span class='ocr_line' id='line_1_62' title="bbox 2039 2021 3619 2095; baseline 0.003 -20"><span class='ocrx_word' id='word_1_432' title='bbox 2039 2036 2164 2075; x_wconf 88' lang='lat' dir='ltr'><strong>cum</strong></span> <span class='ocrx_word' id='word_1_433' title='bbox 2194 2029 2418 2091; x_wconf 79' lang='lat' dir='ltr'><strong>propter</strong></span> <span class='ocrx_word' id='word_1_434' title='bbox 2457 2036 2613 2077; x_wconf 88' lang='lat' dir='ltr'><strong>suam</strong></span> <span class='ocrx_word' id='word_1_435' title='bbox 2661 2022 2716 2077; x_wconf 92' lang='lat' dir='ltr'><strong>in</strong></span> <span class='ocrx_word' id='word_1_436' title='bbox 2749 2021 3003 2078; x_wconf 82' lang='lat' dir='ltr'><strong>homines</strong></span> <span class='ocrx_word' id='word_1_437' title='bbox 3044 2022 3374 2078; x_wconf 89' lang='lat' dir='ltr'><strong>charitatem</strong></span> <span class='ocrx_word' id='word_1_438' title='bbox 3406 2024 3619 2095; x_wconf 84' lang='lat' dir='ltr'><strong>adom-</strong></span> 
     </span>
    </p>
   </div>
   <div class='ocr_carea' id='block_1_63' title="bbox 2039 2112 3620 2185">
    <p class='ocr_par' dir='ltr' id='par_1_63' title="bbox 2039 2112 3620 2185">
     <span class='ocr_line' id='line_1_63' title="bbox 2039 2112 3620 2185; baseline 0.002 -18"><span class='ocrx_word' id='word_1_439' title='bbox 2039 2112 2191 2167; x_wconf 91' lang='lat' dir='ltr'><strong>nium</strong></span> <span class='ocrx_word' id='word_1_440' title='bbox 2219 2112 2504 2167; x_wconf 84' lang='lat' dir='ltr'><strong>hominum</strong></span> <span class='ocrx_word' id='word_1_441' title='bbox 2542 2115 2975 2183; x_wconf 87' lang='lat' dir='ltr'><strong>redemptionem</strong></span> <span class='ocrx_word' id='word_1_442' title='bbox 3010 2115 3131 2185; x_wconf 90' lang='lat' dir='ltr'><strong>ipse</strong></span> <span class='ocrx_word' id='word_1_443' title='bbox 3162 2116 3253 2169; x_wconf 81' lang='lat' dir='ltr'><strong>ﬁat</strong></span> <span class='ocrx_word' id='word_1_444' title='bbox 3285 2116 3471 2179; x_wconf 84' lang='lat' dir='ltr'><strong>homo,</strong></span> <span class='ocrx_word' id='word_1_445' title='bbox 3498 2130 3620 2170; x_wconf 77' lang='lat' dir='ltr'><strong>con-</strong></span> 
     </span>
    </p>
   </div>
   <div class='ocr_carea' id='block_1_64' title="bbox 2038 2205 3631 2280">
    <p class='ocr_par' dir='ltr' id='par_1_64' title="bbox 2038 2205 3631 2280">
     <span class='ocr_line' id='line_1_64' title="bbox 2038 2205 3631 2280; baseline 0.001 -20"><span class='ocrx_word' id='word_1_446' title='bbox 2038 2205 2289 2261; x_wconf 89' lang='lat' dir='ltr'><strong>veniebat</strong></span> <span class='ocrx_word' id='word_1_447' title='bbox 2314 2205 2504 2269; x_wconf 87' lang='lat' dir='ltr'><strong>etiam,</strong></span> <span class='ocrx_word' id='word_1_448' title='bbox 2526 2217 2689 2276; x_wconf 88' lang='lat' dir='ltr'><strong>atque</strong></span> <span class='ocrx_word' id='word_1_449' title='bbox 2708 2207 2812 2278; x_wconf 88' lang='lat' dir='ltr'><strong>ipsi</strong></span> <span class='ocrx_word' id='word_1_450' title='bbox 2830 2207 3154 2273; x_wconf 83' lang='lat' dir='ltr'><strong>debebatur,</strong></span> <span class='ocrx_word' id='word_1_451' title='bbox 3178 2207 3293 2280; x_wconf 81' lang='grc'><strong>(57)</strong></span> <span class='ocrx_word' id='word_1_452' title='bbox 3313 2217 3391 2274; x_wconf 87' lang='lat' dir='ltr'><strong>ut,</strong></span> <span class='ocrx_word' id='word_1_453' title='bbox 3419 2216 3631 2262; x_wconf 87' lang='lat' dir='ltr'><strong>remoto</strong></span> 
     </span>
    </p>
   </div>
   <div class='ocr_carea' id='block_1_65' title="bbox 2038 2296 3631 2368">
    <p class='ocr_par' dir='ltr' id='par_1_65' title="bbox 2038 2296 3631 2368">
     <span class='ocr_line' id='line_1_65' title="bbox 2038 2296 3631 2368; baseline -0.001 -18"><span class='ocrx_word' id='word_1_454' title='bbox 2038 2297 2237 2366; x_wconf 89' lang='lat' dir='ltr'><strong>quovis</strong></span> <span class='ocrx_word' id='word_1_455' title='bbox 2266 2296 2546 2367; x_wconf 81' lang='lat' dir='ltr'><strong>conjugali</strong></span> <span class='ocrx_word' id='word_1_456' title='bbox 2585 2312 2888 2368; x_wconf 81' lang='lat' dir='ltr'><strong>congressu</strong></span> <span class='ocrx_word' id='word_1_457' title='bbox 2942 2312 3007 2352; x_wconf 87' lang='lat' dir='ltr'><strong>ac</strong></span> <span class='ocrx_word' id='word_1_458' title='bbox 3048 2298 3353 2368; x_wconf 81' lang='lat' dir='ltr'><strong>voluptate,</strong></span> <span class='ocrx_word' id='word_1_459' title='bbox 3404 2297 3631 2366; x_wconf 73' lang='lat' dir='ltr'><strong>cmispi-</strong></span> 
     </span>
    </p>
   </div>
   <div class='ocr_carea' id='block_1_66' title="bbox 2037 2386 3629 2458">
    <p class='ocr_par' dir='ltr' id='par_1_66' title="bbox 2037 2386 3629 2458">
     <span class='ocr_line' id='line_1_66' title="bbox 2037 2386 3629 2458; baseline -0.002 -16"><span class='ocrx_word' id='word_1_460' title='bbox 2037 2402 2200 2442; x_wconf 87' lang='lat' dir='ltr'><strong>cuam</strong></span> <span class='ocrx_word' id='word_1_461' title='bbox 2233 2401 2297 2441; x_wconf 89' lang='lat' dir='ltr'><strong>ac</strong></span> <span class='ocrx_word' id='word_1_462' title='bbox 2325 2389 2623 2443; x_wconf 86' lang='lat' dir='ltr'><strong>salutarem</strong></span> <span class='ocrx_word' id='word_1_463' title='bbox 2654 2403 2724 2444; x_wconf 77' lang='lat' dir='ltr'><strong>ex</strong></span> <span class='ocrx_word' id='word_1_464' title='bbox 2751 2396 2805 2444; x_wconf 90' lang='lat' dir='ltr'><strong>te</strong></span> <span class='ocrx_word' id='word_1_465' title='bbox 2835 2386 3127 2458; x_wconf 78' lang='lat' dir='ltr'><strong>perﬁciens</strong></span> <span class='ocrx_word' id='word_1_466' title='bbox 3162 2387 3629 2452; x_wconf 81' lang='lat' dir='ltr'><strong>incarnationem,</strong></span> 
     </span>
    </p>
   </div>
   <div class='ocr_carea' id='block_1_67' title="bbox 2038 2479 3503 2553">
    <p class='ocr_par' dir='ltr' id='par_1_67' title="bbox 2038 2479 3503 2553">
     <span class='ocr_line' id='line_1_67' title="bbox 2038 2479 3503 2553; baseline 0 -17"><span class='ocrx_word' id='word_1_467' title='bbox 2038 2482 2325 2536; x_wconf 85' lang='lat' dir='ltr'><strong>nativitate</strong></span> <span class='ocrx_word' id='word_1_468' title='bbox 2352 2497 2418 2535; x_wconf 77' lang='lat' dir='ltr'><strong>ex</strong></span> <span class='ocrx_word' id='word_1_469' title='bbox 2449 2482 2564 2535; x_wconf 76' lang='lat' dir='ltr'><strong>sola</strong></span> <span class='ocrx_word' id='word_1_470' title='bbox 2598 2479 2825 2552; x_wconf 75' lang='lat' dir='ltr'><strong>Virgine</strong></span> <span class='ocrx_word' id='word_1_471' title='bbox 2858 2481 3086 2553; x_wconf 72' lang='lat' dir='ltr'><strong>gloriari</strong></span> <span class='ocrx_word' id='word_1_472' title='bbox 3127 2491 3339 2551; x_wconf 89' lang='lat' dir='ltr'><strong>posset.</strong></span> <span class='ocrx_word' id='word_1_473' title='bbox 3498 2488 3503 2491; x_wconf 83' lang='lat'>&#39;</span> 
     </span>
    </p>
   </div>
   <div class='ocr_carea' id='block_1_68' title="bbox 2112 2564 3632 2641">
    <p class='ocr_par' dir='ltr' id='par_1_68' title="bbox 2112 2564 3632 2641">
     <span class='ocr_line' id='line_1_68' title="bbox 2112 2564 3632 2641; baseline 0.003 -22"><span class='ocrx_word' id='word_1_474' title='bbox 2112 2564 2227 2621; x_wconf 84' lang='lat' dir='ltr'><strong>XL.</strong></span> <span class='ocrx_word' id='word_1_475' title='bbox 2253 2567 2409 2633; x_wconf 82' lang='lat' dir='ltr'><strong>Quod</strong></span> <span class='ocrx_word' id='word_1_476' title='bbox 2439 2568 2485 2623; x_wconf 91' lang='lat' dir='ltr'><strong>si</strong></span> <span class='ocrx_word' id='word_1_477' title='bbox 2518 2568 2623 2622; x_wconf 91' lang='lat' dir='ltr'><strong>hoc</strong></span> <span class='ocrx_word' id='word_1_478' title='bbox 2645 2569 2890 2623; x_wconf 84' lang='lat' dir='ltr'><strong>animum</strong></span> <span class='ocrx_word' id='word_1_479' title='bbox 2916 2578 3066 2623; x_wconf 90' lang='lat' dir='ltr'><strong>tuum</strong></span> <span class='ocrx_word' id='word_1_480' title='bbox 3096 2584 3429 2641; x_wconf 85' lang='lat' dir='ltr'><strong>suspensum</strong></span> <span class='ocrx_word' id='word_1_481' title='bbox 3460 2580 3632 2640; x_wconf 73' lang='lat' dir='ltr'><strong>tenet,</strong></span> 
     </span>
    </p>
   </div>
   <div class='ocr_carea' id='block_1_69' title="bbox 2040 2661 3633 2733">
    <p class='ocr_par' dir='ltr' id='par_1_69' title="bbox 2040 2661 3633 2733">
     <span class='ocr_line' id='line_1_69' title="bbox 2040 2661 3633 2733; baseline 0.006 -21"><span class='ocrx_word' id='word_1_482' title='bbox 2040 2661 2186 2731; x_wconf 90' lang='lat' dir='ltr'><strong>quod</strong></span> <span class='ocrx_word' id='word_1_483' title='bbox 2223 2661 2459 2716; x_wconf 87' lang='lat' dir='ltr'><strong>necdum</strong></span> <span class='ocrx_word' id='word_1_484' title='bbox 2500 2661 2567 2716; x_wconf 90' lang='lat' dir='ltr'><strong>ad</strong></span> <span class='ocrx_word' id='word_1_485' title='bbox 2611 2662 2936 2717; x_wconf 84' lang='lat' dir='ltr'><strong>hodiernam</strong></span> <span class='ocrx_word' id='word_1_486' title='bbox 2993 2679 3170 2733; x_wconf 89' lang='lat' dir='ltr'><strong>usque</strong></span> <span class='ocrx_word' id='word_1_487' title='bbox 3199 2664 3344 2719; x_wconf 88' lang='lat' dir='ltr'><strong>diem</strong></span> <span class='ocrx_word' id='word_1_488' title='bbox 3398 2664 3633 2722; x_wconf 88' lang='lat' dir='ltr'><strong>inteme-</strong></span> 
     </span>
    </p>
   </div>
   <div class='ocr_carea' id='block_1_70' title="bbox 2039 2752 3633 2824">
    <p class='ocr_par' dir='ltr' id='par_1_70' title="bbox 2039 2752 3633 2824">
     <span class='ocr_line' id='line_1_70' title="bbox 2039 2752 3633 2824; baseline 0.003 -18"><span class='ocrx_word' id='word_1_489' title='bbox 2039 2760 2159 2806; x_wconf 84' lang='lat' dir='ltr'><strong>rata</strong></span> <span class='ocrx_word' id='word_1_490' title='bbox 2193 2766 2257 2805; x_wconf 89' lang='lat' dir='ltr'><strong>ac</strong></span> <span class='ocrx_word' id='word_1_491' title='bbox 2289 2753 2496 2807; x_wconf 89' lang='lat' dir='ltr'><strong>munda</strong></span> <span class='ocrx_word' id='word_1_492' title='bbox 2526 2752 2678 2823; x_wconf 80' lang='lat' dir='ltr'><strong>virgo</strong></span> <span class='ocrx_word' id='word_1_493' title='bbox 2715 2754 3015 2823; x_wconf 75' lang='lat' dir='ltr'><strong>pepererit,</strong></span> <span class='ocrx_word' id='word_1_494' title='bbox 3043 2769 3147 2809; x_wconf 89' lang='lat' dir='ltr'><strong>nec</strong></span> <span class='ocrx_word' id='word_1_495' title='bbox 3176 2756 3296 2811; x_wconf 82' lang='lat' dir='ltr'><strong>sine</strong></span> <span class='ocrx_word' id='word_1_496' title='bbox 3327 2755 3430 2811; x_wconf 86' lang='lat' dir='ltr'><strong>viri</strong></span> <span class='ocrx_word' id='word_1_497' title='bbox 3466 2770 3633 2824; x_wconf 85' lang='lat' dir='ltr'><strong>opera</strong></span> 
     </span>
    </p>
   </div>
   <div class='ocr_carea' id='block_1_71' title="bbox 2038 2841 3633 2916">
    <p class='ocr_par' dir='ltr' id='par_1_71' title="bbox 2038 2841 3633 2916">
     <span class='ocr_line' id='line_1_71' title="bbox 2038 2841 3633 2916; baseline 0.004 -22"><span class='ocrx_word' id='word_1_498' title='bbox 2038 2841 2309 2910; x_wconf 64' lang='lat' dir='ltr'><strong>quaepiam</strong></span> <span class='ocrx_word' id='word_1_499' title='bbox 2363 2856 2607 2911; x_wconf 78' lang='lat' dir='ltr'><strong>unquam</strong></span> <span class='ocrx_word' id='word_1_500' title='bbox 2660 2852 2837 2897; x_wconf 89' lang='lat' dir='ltr'><strong>mater</strong></span> <span class='ocrx_word' id='word_1_501' title='bbox 2875 2847 3030 2913; x_wconf 88' lang='lat' dir='ltr'><strong>pueri</strong></span> <span class='ocrx_word' id='word_1_502' title='bbox 3079 2845 3245 2899; x_wconf 81' lang='lat' dir='ltr'><strong>fuerit</strong></span> <span class='ocrx_word' id='word_1_503' title='bbox 3281 2846 3633 2916; x_wconf 85' lang='lat' dir='ltr'><strong>compellata,</strong></span> 
     </span>
    </p>
   </div>
   <div class='ocr_carea' id='block_1_72' title="bbox 2037 2932 3630 3007">
    <p class='ocr_par' dir='ltr' id='par_1_72' title="bbox 2037 2932 3630 3007">
     <span class='ocr_line' id='line_1_72' title="bbox 2037 2932 3630 3007; baseline 0.003 -20"><span class='ocrx_word' id='word_1_504' title='bbox 2037 2941 2093 2987; x_wconf 87' lang='lat' dir='ltr'><strong>et</strong></span> <span class='ocrx_word' id='word_1_505' title='bbox 2132 2932 2241 2987; x_wconf 90' lang='lat' dir='ltr'><strong>dici</strong></span> <span class='ocrx_word' id='word_1_506' title='bbox 2283 2933 2377 2988; x_wconf 88' lang='lat' dir='ltr'><strong>tibi</strong></span> <span class='ocrx_word' id='word_1_507' title='bbox 2409 2934 2685 3003; x_wconf 64' lang='lat' dir='ltr'><strong>posmlasf,</strong></span> <span class='ocrx_word' id='word_1_508' title='bbox 2712 2936 3065 3005; x_wconf 84' lang='lat' dir='ltr'><strong>quandonam</strong></span> <span class='ocrx_word' id='word_1_509' title='bbox 3114 2936 3267 3007; x_wconf 72' lang='lat' dir='ltr'><strong>virgo</strong></span> <span class='ocrx_word' id='word_1_510' title='bbox 3317 2937 3630 3007; x_wconf 82' lang='lat' dir='ltr'><strong>pepererit;</strong></span> 
     </span>
    </p>
   </div>
   <div class='ocr_carea' id='block_1_73' title="bbox 2039 3026 3620 3099">
    <p class='ocr_par' dir='ltr' id='par_1_73' title="bbox 2039 3026 3620 3099">
     <span class='ocr_line' id='line_1_73' title="bbox 2039 3026 3620 3099; baseline 0.001 -19"><span class='ocrx_word' id='word_1_511' title='bbox 2039 3040 2141 3096; x_wconf 80' lang='lat' dir='ltr'><strong>ego</strong></span> <span class='ocrx_word' id='word_1_512' title='bbox 2163 3040 2383 3095; x_wconf 89' lang='lat' dir='ltr'><strong>quoque</strong></span> <span class='ocrx_word' id='word_1_513' title='bbox 2413 3033 2464 3080; x_wconf 87' lang='lat' dir='ltr'><strong>te</strong></span> <span class='ocrx_word' id='word_1_514' title='bbox 2498 3026 2802 3097; x_wconf 84' lang='lat' dir='ltr'><strong>interrogo,</strong></span> <span class='ocrx_word' id='word_1_515' title='bbox 2831 3037 2885 3080; x_wconf 90' lang='lat' dir='ltr'><strong>et</strong></span> <span class='ocrx_word' id='word_1_516' title='bbox 2918 3036 3235 3095; x_wconf 88' lang='lat' dir='ltr'><strong>percontor,</strong></span> <span class='ocrx_word' id='word_1_517' title='bbox 3264 3032 3620 3099; x_wconf 82' lang='lat' dir='ltr'><strong>quandouam</strong></span> 
     </span>
    </p>
   </div>
   <div class='ocr_carea' id='block_1_74' title="bbox 2044 3107 3635 3192">
    <p class='ocr_par' dir='ltr' id='par_1_74' title="bbox 2044 3107 3635 3192">
     <span class='ocr_line' id='line_1_74' title="bbox 2044 3107 3635 3192; baseline 0.006 -22"><span class='ocrx_word' id='word_1_518' title='bbox 2044 3115 2191 3172; x_wconf 91' lang='lat' dir='ltr'><strong>Deus</strong></span> <span class='ocrx_word' id='word_1_519' title='bbox 2223 3116 2529 3191; x_wconf 68' lang='lat' dir='ltr'><strong>humanam</strong></span> <span class='ocrx_word' id='word_1_520' title='bbox 2550 3131 2803 3174; x_wconf 88' lang='lat' dir='ltr'><strong>naturam</strong></span> <span class='ocrx_word' id='word_1_521' title='bbox 2833 3107 3095 3187; x_wconf 80' lang='lat' dir='ltr'><strong>induerit,</strong></span> <span class='ocrx_word' id='word_1_522' title='bbox 3130 3122 3211 3174; x_wconf 91' lang='lat' dir='ltr'><strong>vel</strong></span> <span class='ocrx_word' id='word_1_523' title='bbox 3247 3121 3468 3192; x_wconf 88' lang='lat' dir='ltr'><strong>quando</strong></span> <span class='ocrx_word' id='word_1_524' title='bbox 3493 3122 3635 3179; x_wconf 74' lang='lat' dir='ltr'><strong>Deus</strong></span> 
     </span>
    </p>
   </div>
   <div class='ocr_carea' id='block_1_75' title="bbox 2044 3207 3629 3282">
    <p class='ocr_par' dir='ltr' id='par_1_75' title="bbox 2044 3207 3629 3282">
     <span class='ocr_line' id='line_1_75' title="bbox 2044 3207 3629 3282; baseline 0.003 -19"><span class='ocrx_word' id='word_1_525' title='bbox 2044 3209 2304 3280; x_wconf 81' lang='lat' dir='ltr'><strong>dignatus</strong></span> <span class='ocrx_word' id='word_1_526' title='bbox 2335 3207 2505 3263; x_wconf 81' lang='lat' dir='ltr'><strong>fuerit</strong></span> <span class='ocrx_word' id='word_1_527' title='bbox 2536 3209 2837 3277; x_wconf 87' lang='lat' dir='ltr'><strong>incarnari,</strong></span> <span class='ocrx_word' id='word_1_528' title='bbox 2882 3212 2965 3265; x_wconf 82' lang='lat' dir='ltr'><strong>vel</strong></span> <span class='ocrx_word' id='word_1_529' title='bbox 3001 3218 3226 3282; x_wconf 73' lang='lat' dir='ltr'><strong>quando</strong></span> <span class='ocrx_word' id='word_1_530' title='bbox 3261 3215 3403 3269; x_wconf 84' lang='lat' dir='ltr'><strong>Deus</strong></span> <span class='ocrx_word' id='word_1_531' title='bbox 3446 3211 3629 3268; x_wconf 76' lang='lat' dir='ltr'><strong>factus</strong></span> 
     </span>
    </p>
   </div>
   <div class='ocr_carea' id='block_1_76' title="bbox 2046 3300 3634 3377">
    <p class='ocr_par' dir='ltr' id='par_1_76' title="bbox 2046 3300 3634 3377">
     <span class='ocr_line' id='line_1_76' title="bbox 2046 3300 3634 3377; baseline 0.003 -20"><span class='ocrx_word' id='word_1_532' title='bbox 2046 3302 2119 3357; x_wconf 83' lang='lat' dir='ltr'><strong>sit</strong></span> <span class='ocrx_word' id='word_1_533' title='bbox 2147 3300 2336 3364; x_wconf 86' lang='lat' dir='ltr'><strong>homo,</strong></span> <span class='ocrx_word' id='word_1_534' title='bbox 2366 3302 2451 3355; x_wconf 90' lang='lat' dir='ltr'><strong>vel</strong></span> <span class='ocrx_word' id='word_1_535' title='bbox 2480 3302 2706 3373; x_wconf 87' lang='lat' dir='ltr'><strong>quando</strong></span> <span class='ocrx_word' id='word_1_536' title='bbox 2735 3300 2879 3358; x_wconf 87' lang='lat' dir='ltr'><strong>Deus</strong></span> <span class='ocrx_word' id='word_1_537' title='bbox 2910 3306 3031 3359; x_wconf 87' lang='lat' dir='ltr'><strong>sine</strong></span> <span class='ocrx_word' id='word_1_538' title='bbox 3081 3305 3295 3362; x_wconf 89' lang='lat' dir='ltr'><strong>semine</strong></span> <span class='ocrx_word' id='word_1_539' title='bbox 3327 3315 3634 3377; x_wconf 86' lang='lat' dir='ltr'><strong>conceptus</strong></span> 
     </span>
    </p>
   </div>
   <div class='ocr_carea' id='block_1_77' title="bbox 2045 3392 3635 3467">
    <p class='ocr_par' dir='ltr' id='par_1_77' title="bbox 2045 3392 3635 3467">
     <span class='ocr_line' id='line_1_77' title="bbox 2045 3392 3635 3467; baseline 0.003 -20"><span class='ocrx_word' id='word_1_540' title='bbox 2045 3392 2238 3455; x_wconf 82' lang='lat' dir='ltr'><strong>fuerit,</strong></span> <span class='ocrx_word' id='word_1_541' title='bbox 2276 3392 2360 3448; x_wconf 89' lang='lat' dir='ltr'><strong>vel</strong></span> <span class='ocrx_word' id='word_1_542' title='bbox 2388 3394 2610 3464; x_wconf 85' lang='lat' dir='ltr'><strong>quando</strong></span> <span class='ocrx_word' id='word_1_543' title='bbox 2650 3393 2798 3450; x_wconf 87' lang='lat' dir='ltr'><strong>Deus</strong></span> <span class='ocrx_word' id='word_1_544' title='bbox 2857 3394 2913 3449; x_wconf 89' lang='lat' dir='ltr'><strong>in</strong></span> <span class='ocrx_word' id='word_1_545' title='bbox 2969 3408 3126 3451; x_wconf 86' lang='lat' dir='ltr'><strong>utero</strong></span> <span class='ocrx_word' id='word_1_546' title='bbox 3171 3399 3374 3467; x_wconf 76' lang='lat' dir='ltr'><strong>gestari</strong></span> <span class='ocrx_word' id='word_1_547' title='bbox 3425 3398 3635 3462; x_wconf 75' lang='lat' dir='ltr'><strong>tulerit,</strong></span> 
     </span>
    </p>
   </div>
   <div class='ocr_carea' id='block_1_78' title="bbox 2044 3477 3635 3555">
    <p class='ocr_par' dir='ltr' id='par_1_78' title="bbox 2044 3477 3635 3555">
     <span class='ocr_line' id='line_1_78' title="bbox 2044 3477 3635 3555; baseline 0.001 -17"><span class='ocrx_word' id='word_1_548' title='bbox 2044 3485 2130 3540; x_wconf 85' lang='lat' dir='ltr'><strong>vel</strong></span> <span class='ocrx_word' id='word_1_549' title='bbox 2164 3485 2384 3555; x_wconf 87' lang='lat' dir='ltr'><strong>quando</strong></span> <span class='ocrx_word' id='word_1_550' title='bbox 2425 3483 2568 3540; x_wconf 87' lang='lat' dir='ltr'><strong>Deus</strong></span> <span class='ocrx_word' id='word_1_551' title='bbox 2598 3485 2876 3540; x_wconf 87' lang='lat' dir='ltr'><strong>carnalem</strong></span> <span class='ocrx_word' id='word_1_552' title='bbox 2907 3477 2978 3541; x_wconf 66' lang='grc' dir='ltr'>οἱ</span> <span class='ocrx_word' id='word_1_553' title='bbox 3008 3488 3239 3543; x_wconf 88' lang='lat' dir='ltr'><strong>muliere</strong></span> <span class='ocrx_word' id='word_1_554' title='bbox 3293 3489 3635 3542; x_wconf 78' lang='lat' dir='ltr'><strong>nativitatem</strong></span> 
     </span>
    </p>
   </div>
   <div class='ocr_carea' id='block_1_79' title="bbox 2045 3577 3635 3648">
    <p class='ocr_par' dir='ltr' id='par_1_79' title="bbox 2045 3577 3635 3648">
     <span class='ocr_line' id='line_1_79' title="bbox 2045 3577 3635 3648; baseline 0 -16"><span class='ocrx_word' id='word_1_555' title='bbox 2045 3577 2326 3644; x_wconf 86' lang='lat' dir='ltr'><strong>habuerit,</strong></span> <span class='ocrx_word' id='word_1_556' title='bbox 2358 3578 2438 3633; x_wconf 91' lang='lat' dir='ltr'><strong>vel</strong></span> <span class='ocrx_word' id='word_1_557' title='bbox 2479 3577 2699 3648; x_wconf 89' lang='lat' dir='ltr'><strong>quando</strong></span> <span class='ocrx_word' id='word_1_558' title='bbox 2729 3577 2814 3632; x_wconf 90' lang='lat' dir='ltr'><strong>lac</strong></span> <span class='ocrx_word' id='word_1_559' title='bbox 2875 3578 3019 3633; x_wconf 87' lang='lat' dir='ltr'><strong>Deus</strong></span> <span class='ocrx_word' id='word_1_560' title='bbox 3052 3595 3082 3634; x_wconf 92' lang='lat' dir='ltr'><strong>e</strong></span> <span class='ocrx_word' id='word_1_561' title='bbox 3114 3578 3373 3634; x_wconf 83' lang='lat' dir='ltr'><strong>femineis</strong></span> <span class='ocrx_word' id='word_1_562' title='bbox 3422 3580 3635 3635; x_wconf 76' lang='lat' dir='ltr'><strong>suxerit</strong></span> 
     </span>
    </p>
   </div>
   <div class='ocr_carea' id='block_1_80' title="bbox 2047 3668 3635 3740">
    <p class='ocr_par' dir='ltr' id='par_1_80' title="bbox 2047 3668 3635 3740">
     <span class='ocr_line' id='line_1_80' title="bbox 2047 3668 3635 3740; baseline 0 -17"><span class='ocrx_word' id='word_1_563' title='bbox 2047 3668 2335 3733; x_wconf 86' lang='lat' dir='ltr'><strong>uberibus,</strong></span> <span class='ocrx_word' id='word_1_564' title='bbox 2382 3670 2466 3723; x_wconf 88' lang='lat' dir='ltr'><strong>vel</strong></span> <span class='ocrx_word' id='word_1_565' title='bbox 2501 3670 2725 3740; x_wconf 88' lang='lat' dir='ltr'><strong>quando</strong></span> <span class='ocrx_word' id='word_1_566' title='bbox 2768 3669 2982 3738; x_wconf 80' lang='lat' dir='ltr'><strong>vagitus</strong></span> <span class='ocrx_word' id='word_1_567' title='bbox 3034 3668 3179 3724; x_wconf 82' lang='lat' dir='ltr'><strong>Deus</strong></span> <span class='ocrx_word' id='word_1_568' title='bbox 3234 3670 3503 3736; x_wconf 87' lang='lat' dir='ltr'><strong>emiserit,</strong></span> <span class='ocrx_word' id='word_1_569' title='bbox 3548 3671 3635 3725; x_wconf 86' lang='lat' dir='ltr'><strong>vel</strong></span> 
     </span>
    </p>
   </div>
   <div class='ocr_carea' id='block_1_81' title="bbox 2044 3761 3638 3834">
    <p class='ocr_par' dir='ltr' id='par_1_81' title="bbox 2044 3761 3638 3834">
     <span class='ocr_line' id='line_1_81' title="bbox 2044 3761 3638 3834; baseline 0.003 -19"><span class='ocrx_word' id='word_1_570' title='bbox 2044 3762 2266 3832; x_wconf 86' lang='lat' dir='ltr'><strong>quando</strong></span> <span class='ocrx_word' id='word_1_571' title='bbox 2297 3764 2474 3817; x_wconf 70' lang='lat' dir='ltr'><strong>aetatis</strong></span> <span class='ocrx_word' id='word_1_572' title='bbox 2521 3762 2796 3831; x_wconf 89' lang='lat' dir='ltr'><strong>acceperit</strong></span> <span class='ocrx_word' id='word_1_573' title='bbox 2824 3761 3247 3828; x_wconf 82' lang='lat' dir='ltr'><strong>incrementum,</strong></span> <span class='ocrx_word' id='word_1_574' title='bbox 3280 3763 3363 3817; x_wconf 88' lang='lat' dir='ltr'><strong>vel</strong></span> <span class='ocrx_word' id='word_1_575' title='bbox 3410 3763 3638 3834; x_wconf 86' lang='lat' dir='ltr'><strong>quando</strong></span> 
     </span>
    </p>
   </div>
   <div class='ocr_carea' id='block_1_82' title="bbox 2047 3853 3634 3922">
    <p class='ocr_par' dir='ltr' id='par_1_82' title="bbox 2047 3853 3634 3922">
     <span class='ocr_line' id='line_1_82' title="bbox 2047 3853 3634 3922; baseline 0.001 -13"><span class='ocrx_word' id='word_1_576' title='bbox 2047 3854 2191 3909; x_wconf 88' lang='lat' dir='ltr'><strong>Deus</strong></span> <span class='ocrx_word' id='word_1_577' title='bbox 2241 3854 2389 3909; x_wconf 90' lang='lat' dir='ltr'><strong>inter</strong></span> <span class='ocrx_word' id='word_1_578' title='bbox 2441 3868 2539 3908; x_wconf 77' lang='lat' dir='ltr'><strong>vos</strong></span> <span class='ocrx_word' id='word_1_579' title='bbox 2601 3854 2856 3908; x_wconf 86' lang='lat' dir='ltr'><strong>homines</strong></span> <span class='ocrx_word' id='word_1_580' title='bbox 2889 3868 3254 3910; x_wconf 85' lang='lat' dir='ltr'><strong>conversatus</strong></span> <span class='ocrx_word' id='word_1_581' title='bbox 3293 3853 3488 3922; x_wconf 81' lang='lat' dir='ltr'><strong>fuerit;</strong></span> <span class='ocrx_word' id='word_1_582' title='bbox 3548 3856 3634 3911; x_wconf 89' lang='lat' dir='ltr'><strong>vel</strong></span> 
     </span>
    </p>
   </div>
   <div class='ocr_carea' id='block_1_83' title="bbox 2046 3939 3636 4013">
    <p class='ocr_par' dir='ltr' id='par_1_83' title="bbox 2046 3939 3636 4013">
     <span class='ocr_line' id='line_1_83' title="bbox 2046 3939 3636 4013; baseline 0 -16"><span class='ocrx_word' id='word_1_583' title='bbox 2046 3941 2269 4013; x_wconf 87' lang='lat' dir='ltr'><strong>quando</strong></span> <span class='ocrx_word' id='word_1_584' title='bbox 2330 3939 2476 3997; x_wconf 90' lang='lat' dir='ltr'><strong>Deus</strong></span> <span class='ocrx_word' id='word_1_585' title='bbox 2528 3956 2629 4010; x_wconf 85' lang='lat' dir='ltr'><strong>pro</strong></span> <span class='ocrx_word' id='word_1_586' title='bbox 2688 3941 3009 3996; x_wconf 88' lang='lat' dir='ltr'><strong>hominibus</strong></span> <span class='ocrx_word' id='word_1_587' title='bbox 3057 3948 3313 3997; x_wconf 66' lang='lat' dir='ltr'><strong>mortuus</strong></span> <span class='ocrx_word' id='word_1_588' title='bbox 3371 3943 3478 4009; x_wconf 57' lang='lat' dir='ltr'><strong>sit;</strong></span> <span class='ocrx_word' id='word_1_589' title='bbox 3540 3953 3636 3998; x_wconf 85' lang='lat' dir='ltr'><strong>aut</strong></span> 
     </span>
    </p>
   </div>
   <div class='ocr_carea' id='block_1_84' title="bbox 2046 4028 3634 4102">
    <p class='ocr_par' dir='ltr' id='par_1_84' title="bbox 2046 4028 3634 4102">
     <span class='ocr_line' id='line_1_84' title="bbox 2046 4028 3634 4102; baseline -0.001 -17"><span class='ocrx_word' id='word_1_590' title='bbox 2046 4032 2268 4102; x_wconf 81' lang='lat' dir='ltr'><strong>quando</strong></span> <span class='ocrx_word' id='word_1_591' title='bbox 2296 4030 2446 4085; x_wconf 89' lang='lat' dir='ltr'><strong>cruci</strong></span> <span class='ocrx_word' id='word_1_592' title='bbox 2471 4029 2608 4099; x_wconf 58' lang='grc' dir='ltr'><strong>καὶεί</strong></span> <span class='ocrx_word' id='word_1_593' title='bbox 2650 4028 2793 4085; x_wconf 87' lang='lat' dir='ltr'><strong>Deus</strong></span> <span class='ocrx_word' id='word_1_594' title='bbox 2823 4045 3020 4100; x_wconf 82' lang='lat' dir='ltr'><strong>passus</strong></span> <span class='ocrx_word' id='word_1_595' title='bbox 3054 4030 3257 4097; x_wconf 83' lang='lat' dir='ltr'><strong>fuerit;</strong></span> <span class='ocrx_word' id='word_1_596' title='bbox 3294 4031 3374 4086; x_wconf 87' lang='lat' dir='ltr'><strong>vel</strong></span> <span class='ocrx_word' id='word_1_597' title='bbox 3409 4031 3634 4098; x_wconf 81' lang='lat' dir='ltr'><strong>quando</strong></span> 
     </span>
    </p>
   </div>
   <div class='ocr_carea' id='block_1_85' title="bbox 353 4119 1941 4195">
    <p class='ocr_par' dir='ltr' id='par_1_85' title="bbox 353 4124 1941 4195">
     <span class='ocr_line' id='line_1_85' title="bbox 353 4124 1941 4195; baseline 0 -18"><span class='ocrx_word' id='word_1_598' title='bbox 353 4139 503 4195; x_wconf 85' lang='grc' dir='ltr'>σχων</span> <span class='ocrx_word' id='word_1_599' title='bbox 553 4125 828 4192; x_wconf 86' lang='grc' dir='ltr'>τεθέαται,</span> <span class='ocrx_word' id='word_1_600' title='bbox 879 4125 967 4179; x_wconf 80' lang='grc' dir='ltr'><strong>ἴνα</strong></span> <span class='ocrx_word' id='word_1_601' title='bbox 1013 4124 1201 4179; x_wconf 81' lang='grc' dir='ltr'>παθῶν</span> <span class='ocrx_word' id='word_1_602' title='bbox 1238 4125 1496 4179; x_wconf 82' lang='grc' dir='ltr'>ἁπάντων</span> <span class='ocrx_word' id='word_1_603' title='bbox 1539 4125 1632 4179; x_wconf 87' lang='grc' dir='ltr'><strong>τὸν</strong></span> <span class='ocrx_word' id='word_1_604' title='bbox 1658 4124 1941 4195; x_wconf 78' lang='grc' dir='ltr'>ἄνθρωπον</span> 
     </span>
    </p>
   </div>
   <div class='ocr_carea' id='block_1_86' title="bbox 2041 4119 3634 4195">
    <p class='ocr_par' dir='ltr' id='par_1_86' title="bbox 2050 4119 3634 4193">
     <span class='ocr_line' id='line_1_86' title="bbox 2050 4119 3634 4193; baseline 0.001 -16"><span class='ocrx_word' id='word_1_605' title='bbox 2050 4123 2194 4180; x_wconf 89' lang='lat' dir='ltr'><strong>Deus</strong></span> <span class='ocrx_word' id='word_1_606' title='bbox 2233 4124 2381 4178; x_wconf 89' lang='lat' dir='ltr'><strong>latus</strong></span> <span class='ocrx_word' id='word_1_607' title='bbox 2405 4119 2695 4179; x_wconf 76' lang='lat' dir='ltr'><strong>transﬁxus</strong></span> <span class='ocrx_word' id='word_1_608' title='bbox 2719 4122 2792 4177; x_wconf 89' lang='lat' dir='ltr'><strong>sit</strong></span> <span class='ocrx_word' id='word_1_609' title='bbox 2823 4122 3014 4178; x_wconf 86' lang='lat' dir='ltr'><strong>lancea</strong></span> <span class='ocrx_word' id='word_1_610' title='bbox 3044 4139 3059 4177; x_wconf 91' lang='lat'><strong>:</strong></span> <span class='ocrx_word' id='word_1_611' title='bbox 3101 4122 3184 4176; x_wconf 88' lang='lat' dir='ltr'><strong>vel</strong></span> <span class='ocrx_word' id='word_1_612' title='bbox 3214 4119 3440 4193; x_wconf 86' lang='lat' dir='ltr'><strong>quando</strong></span> <span class='ocrx_word' id='word_1_613' title='bbox 3490 4120 3634 4179; x_wconf 82' lang='lat' dir='ltr'><strong>Deus</strong></span> 
     </span>
    </p>
   </div>
   <div class='ocr_carea' id='block_1_87' title="bbox 428 4373 831 4447">
    <p class='ocr_par' dir='ltr' id='par_1_87' title="bbox 428 4373 831 4447">
     <span class='ocr_line' id='line_1_87' title="bbox 428 4373 831 4447; baseline -0.007 -14"><span class='ocrx_word' id='word_1_614' title='bbox 428 4373 474 4405; x_wconf 75' lang='lat'>”</span> <span class='ocrx_word' id='word_1_615' title='bbox 510 4377 645 4432; x_wconf 63' lang='lat' dir='ltr'><strong>Coll.</strong></span> <span class='ocrx_word' id='word_1_616' title='bbox 678 4377 831 4447; x_wconf 75' lang='grc' dir='ltr'>ἡμῖν.</span> 
     </span>
    </p>
   </div>
   <div class='ocr_carea' id='block_1_88' title="bbox 1664 4279 2346 4341">
    <p class='ocr_par' dir='ltr' id='par_1_88' title="bbox 1664 4279 2346 4341">
     <span class='ocr_line' id='line_1_88' title="bbox 1664 4279 2346 4341; baseline -0.01 -2"><span class='ocrx_word' id='word_1_617' title='bbox 1664 4282 1899 4341; x_wconf 58' lang='lat' dir='ltr'><strong>\‘ABIIE</strong></span> <span class='ocrx_word' id='word_1_618' title='bbox 1941 4279 2346 4338; x_wconf 80' lang='lat' dir='ltr'><strong>LECTIONES.</strong></span> 
     </span>
    </p>
   </div>
   <div class='ocr_carea' id='block_1_89' title="bbox 1893 4482 2124 4539">
    <p class='ocr_par' dir='ltr' id='par_1_89' title="bbox 1893 4482 2124 4539">
     <span class='ocr_line' id='line_1_89' title="bbox 1893 4482 2124 4539; baseline 0 -1"><span class='ocrx_word' id='word_1_619' title='bbox 1893 4482 2124 4539; x_wconf 67' lang='grc' dir='ltr'><strong>ΝΟΤᾸῦ.</strong></span> 
     </span>
    </p>
   </div>
   <div class='ocr_carea' id='block_1_90' title="bbox 433 4581 1940 4655">
    <p class='ocr_par' dir='ltr' id='par_1_90' title="bbox 433 4581 1940 4655">
     <span class='ocr_line' id='line_1_90' title="bbox 433 4581 1940 4655; baseline -0.003 -15"><span class='ocrx_word' id='word_1_620' title='bbox 433 4583 547 4655; x_wconf 80' lang='lat'><strong>(37)</strong></span> <span class='ocrx_word' id='word_1_621' title='bbox 585 4582 816 4654; x_wconf 75' lang='lat' dir='ltr'><strong>Dignum</strong></span> <span class='ocrx_word' id='word_1_622' title='bbox 848 4598 980 4640; x_wconf 89' lang='lat' dir='ltr'><strong>sane</strong></span> <span class='ocrx_word' id='word_1_623' title='bbox 1002 4593 1115 4655; x_wconf 70' lang='lat' dir='ltr'><strong>est,</strong></span> <span class='ocrx_word' id='word_1_624' title='bbox 1146 4581 1293 4652; x_wconf 85' lang='lat' dir='ltr'><strong>quod</strong></span> <span class='ocrx_word' id='word_1_625' title='bbox 1324 4581 1795 4655; x_wconf 80' lang='lat' dir='ltr'><strong>animadvertatur</strong></span> <span class='ocrx_word' id='word_1_626' title='bbox 1822 4581 1940 4655; x_wconf 45' lang='lat' dir='ltr'><strong>So-j</strong></span> 
     </span>
    </p>
   </div>
   <div class='ocr_carea' id='block_1_91' title="bbox 353 4648 1982 4725">
    <p class='ocr_par' dir='ltr' id='par_1_91' title="bbox 353 4648 1982 4725">
     <span class='ocr_line' id='line_1_91' title="bbox 353 4648 1982 4725; baseline -0.002 -16"><span class='ocrx_word' id='word_1_627' title='bbox 353 4648 599 4725; x_wconf 72' lang='lat' dir='ltr'><strong>phimiio</strong></span> <span class='ocrx_word' id='word_1_628' title='bbox 646 4648 867 4725; x_wconf 73' lang='lat' dir='ltr'><strong>quoque</strong></span> <span class='ocrx_word' id='word_1_629' title='bbox 921 4648 1276 4724; x_wconf 76' lang='lat' dir='ltr'><strong>sull&#39;ragante,</strong></span> <span class='ocrx_word' id='word_1_630' title='bbox 1324 4668 1432 4707; x_wconf 91' lang='lat' dir='ltr'><strong>non</strong></span> <span class='ocrx_word' id='word_1_631' title='bbox 1455 4669 1522 4725; x_wconf 78' lang='lat' dir='ltr'><strong>ex</strong></span> <span class='ocrx_word' id='word_1_632' title='bbox 1558 4652 1806 4707; x_wconf 84' lang='lat' dir='ltr'><strong>absoluta</strong></span> <span class='ocrx_word' id='word_1_633' title='bbox 1860 4652 1938 4725; x_wconf 79' lang='lat' dir='ltr'><strong>rei</strong></span> <span class='ocrx_word' id='word_1_634' title='bbox 1969 4648 1982 4665; x_wconf 90' lang='lat'><strong><em>&#39;</em></strong></span> 
     </span>
    </p>
   </div>
   <div class='ocr_carea' id='block_1_92' title="bbox 357 4721 1941 4792">
    <p class='ocr_par' dir='ltr' id='par_1_92' title="bbox 357 4721 1941 4792">
     <span class='ocr_line' id='line_1_92' title="bbox 357 4721 1941 4792; baseline -0.002 -14"><span class='ocrx_word' id='word_1_635' title='bbox 357 4721 710 4789; x_wconf 75' lang='lat' dir='ltr'><strong>necessitate,</strong></span> <span class='ocrx_word' id='word_1_636' title='bbox 738 4721 834 4778; x_wconf 72' lang='lat' dir='ltr'><strong>seti</strong></span> <span class='ocrx_word' id='word_1_637' title='bbox 860 4739 924 4777; x_wconf 76' lang='lat' dir='ltr'><strong>ex</strong></span> <span class='ocrx_word' id='word_1_638' title='bbox 950 4721 1200 4784; x_wconf 77' lang='lat' dir='ltr'><strong>decentia</strong></span> <span class='ocrx_word' id='word_1_639' title='bbox 1234 4724 1590 4789; x_wconf 83' lang='lat' dir='ltr'><strong>repetendum</strong></span> <span class='ocrx_word' id='word_1_640' title='bbox 1620 4737 1765 4785; x_wconf 89' lang='lat' dir='ltr'><strong>esse,</strong></span> <span class='ocrx_word' id='word_1_641' title='bbox 1792 4721 1941 4792; x_wconf 89' lang='lat' dir='ltr'><strong>quod</strong></span> 
     </span>
    </p>
   </div>
   <div class='ocr_carea' id='block_1_93' title="bbox 357 4792 1938 4856">
    <p class='ocr_par' dir='ltr' id='par_1_93' title="bbox 357 4792 1938 4856">
     <span class='ocr_line' id='line_1_93' title="bbox 357 4792 1938 4856; baseline -0.001 -9"><span class='ocrx_word' id='word_1_642' title='bbox 357 4794 602 4848; x_wconf 72' lang='lat' dir='ltr'><strong>Verbum</strong></span> <span class='ocrx_word' id='word_1_643' title='bbox 638 4794 730 4847; x_wconf 85' lang='lat' dir='ltr'><strong>Dei</strong></span> <span class='ocrx_word' id='word_1_644' title='bbox 768 4792 964 4856; x_wconf 82' lang='lat' dir='ltr'><strong>Filius,</strong></span> <span class='ocrx_word' id='word_1_645' title='bbox 999 4809 1222 4848; x_wconf 90' lang='lat' dir='ltr'><strong>carnem</strong></span> <span class='ocrx_word' id='word_1_646' title='bbox 1266 4795 1565 4848; x_wconf 78' lang='lat' dir='ltr'><strong>humanam</strong></span> <span class='ocrx_word' id='word_1_647' title='bbox 1623 4807 1938 4855; x_wconf 88' lang='lat' dir='ltr'><strong>assumens,</strong></span> 
     </span>
    </p>
   </div>
   <div class='ocr_carea' id='block_1_94' title="bbox 2048 4580 3632 4652">
    <p class='ocr_par' dir='ltr' id='par_1_94' title="bbox 2048 4580 3632 4652">
     <span class='ocr_line' id='line_1_94' title="bbox 2048 4580 3632 4652; baseline 0.001 -17"><span class='ocrx_word' id='word_1_648' title='bbox 2048 4580 2357 4651; x_wconf 73' lang='lat' dir='ltr'><strong>Deiparam,</strong></span> <span class='ocrx_word' id='word_1_649' title='bbox 2409 4598 2532 4651; x_wconf 76' lang='lat' dir='ltr'><strong>qum</strong></span> <span class='ocrx_word' id='word_1_650' title='bbox 2583 4588 2852 4637; x_wconf 79' lang='lat' dir='ltr'><strong>consueto</strong></span> <span class='ocrx_word' id='word_1_651' title='bbox 2903 4587 3115 4636; x_wconf 80' lang='lat' dir='ltr'><strong>natura:</strong></span> <span class='ocrx_word' id='word_1_652' title='bbox 3150 4580 3344 4637; x_wconf 87' lang='lat' dir='ltr'><strong>ordine</strong></span> <span class='ocrx_word' id='word_1_653' title='bbox 3369 4591 3632 4652; x_wconf 89' lang='lat' dir='ltr'><strong>concepta</strong></span> 
     </span>
    </p>
   </div>
   <div class='ocr_carea' id='block_1_95' title="bbox 2050 4652 3623 4722">
    <p class='ocr_par' dir='ltr' id='par_1_95' title="bbox 2050 4652 3623 4722">
     <span class='ocr_line' id='line_1_95' title="bbox 2050 4652 3623 4722; baseline 0.001 -17"><span class='ocrx_word' id='word_1_654' title='bbox 2050 4660 2156 4715; x_wconf 88' lang='lat' dir='ltr'><strong>est,</strong></span> <span class='ocrx_word' id='word_1_655' title='bbox 2192 4652 2607 4722; x_wconf 21' lang='lat' dir='ltr'><strong>abIAdamitico</strong></span> <span class='ocrx_word' id='word_1_656' title='bbox 2644 4654 2870 4719; x_wconf 77' lang='lat' dir='ltr'><strong>peccato</strong></span> <span class='ocrx_word' id='word_1_657' title='bbox 2894 4662 3201 4722; x_wconf 74' lang='lat' dir='ltr'><strong>exemptam</strong></span> <span class='ocrx_word' id='word_1_658' title='bbox 3238 4655 3409 4707; x_wconf 82' lang='lat' dir='ltr'><strong>fuisse</strong></span> <span class='ocrx_word' id='word_1_659' title='bbox 3431 4653 3623 4708; x_wconf 73' lang='lat' dir='ltr'><strong>existi-</strong></span> 
     </span>
    </p>
   </div>
   <div class='ocr_carea' id='block_1_96' title="bbox 2045 4721 3749 4792">
    <p class='ocr_par' dir='ltr' id='par_1_96' title="bbox 2045 4721 3749 4792">
     <span class='ocr_line' id='line_1_96' title="bbox 2045 4721 3749 4792; baseline 0.004 -18"><span class='ocrx_word' id='word_1_660' title='bbox 2045 4730 2216 4775; x_wconf 89' lang='lat' dir='ltr'><strong>ment.</strong></span> <span class='ocrx_word' id='word_1_661' title='bbox 2256 4721 2430 4776; x_wconf 80' lang='lat' dir='ltr'><strong>Etiam</strong></span> <span class='ocrx_word' id='word_1_662' title='bbox 2462 4725 2532 4783; x_wconf 73' lang='grc' dir='ltr'>εἰ,</span> <span class='ocrx_word' id='word_1_663' title='bbox 2583 4723 2763 4792; x_wconf 89' lang='lat' dir='ltr'><strong>inquit</strong></span> <span class='ocrx_word' id='word_1_664' title='bbox 2799 4723 2941 4792; x_wconf 80' lang='lat' dir='ltr'><strong>idem</strong></span> <span class='ocrx_word' id='word_1_665' title='bbox 2986 4721 3193 4776; x_wconf 30' lang='lat' dir='ltr'><strong>Su’arez</strong></span> <span class='ocrx_word' id='word_1_666' title='bbox 3236 4725 3325 4792; x_wconf 89' lang='lat' dir='ltr'><strong>(in</strong></span> <span class='ocrx_word' id='word_1_667' title='bbox 3365 4738 3425 4776; x_wconf 87' lang='lat' dir='ltr'><strong>Ill</strong></span> <span class='ocrx_word' id='word_1_668' title='bbox 3465 4732 3631 4791; x_wconf 83' lang='lat' dir='ltr'><strong>part.,</strong></span> <span class='ocrx_word' id='word_1_669' title='bbox 3735 4755 3749 4758; x_wconf 85' lang='lat'><strong>-</strong></span> 
     </span>
    </p>
   </div>
   <div class='ocr_carea' id='block_1_97' title="bbox 2044 4790 3627 4863">
    <p class='ocr_par' dir='ltr' id='par_1_97' title="bbox 2044 4790 3627 4863">
     <span class='ocr_line' id='line_1_97' title="bbox 2044 4790 3627 4863; baseline 0.002 -21"><span class='ocrx_word' id='word_1_670' title='bbox 2044 4799 2242 4859; x_wconf 66' lang='lat' dir='ltr'><strong>quaest.</strong></span> <span class='ocrx_word' id='word_1_671' title='bbox 2271 4794 2360 4854; x_wconf 78' lang='grc'><strong>15,</strong></span> <span class='ocrx_word' id='word_1_672' title='bbox 2397 4793 2544 4863; x_wconf 89' lang='lat' dir='ltr'><strong>disp.</strong></span> <span class='ocrx_word' id='word_1_673' title='bbox 2576 4790 2672 4853; x_wconf 71' lang='lat'><strong>53,</strong></span> <span class='ocrx_word' id='word_1_674' title='bbox 2726 4802 2863 4863; x_wconf 51' lang='lat' dir='ltr'><strong>sect:</strong></span> <span class='ocrx_word' id='word_1_675' title='bbox 2901 4790 2995 4859; x_wconf 70' lang='grc'><strong>2).</strong></span> <span class='ocrx_word' id='word_1_676' title='bbox 3033 4807 3126 4859; x_wconf 83' lang='lat' dir='ltr'><strong>per</strong></span> <span class='ocrx_word' id='word_1_677' title='bbox 3164 4790 3477 4847; x_wconf 31' lang='lat' dir='ltr'><strong>seininalem’</strong></span> <span class='ocrx_word' id='word_1_678' title='bbox 3501 4808 3627 4860; x_wconf 87' lang='lat' dir='ltr'><strong>pro-</strong></span> 
     </span>
    </p>
   </div>
   <div class='ocr_carea' id='block_1_98' title="bbox 354 4860 3631 4934">
    <p class='ocr_par' dir='ltr' id='par_1_98' title="bbox 354 4860 3631 4934">
     <span class='ocr_line' id='line_1_98' title="bbox 354 4860 3631 4934; baseline 0 -18"><span class='ocrx_word' id='word_1_679' title='bbox 354 4886 388 4916; x_wconf 66' lang='grc' dir='ltr'><strong>σε</strong></span> <span class='ocrx_word' id='word_1_680' title='bbox 422 4875 597 4919; x_wconf 88' lang='lat' dir='ltr'><strong>matre</strong></span> <span class='ocrx_word' id='word_1_681' title='bbox 634 4862 855 4934; x_wconf 75' lang='lat' dir='ltr'><strong>Virgine</strong></span> <span class='ocrx_word' id='word_1_682' title='bbox 887 4873 1084 4934; x_wconf 66' lang='lat' dir='ltr'><strong>praeter</strong></span> <span class='ocrx_word' id='word_1_683' title='bbox 1126 4871 1339 4918; x_wconf 60' lang='lat' dir='ltr'><strong>natura?</strong></span> <span class='ocrx_word' id='word_1_684' title='bbox 1366 4863 1615 4917; x_wconf 88' lang='lat' dir='ltr'><strong>ordinem</strong></span> <span class='ocrx_word' id='word_1_685' title='bbox 1660 4863 1809 4934; x_wconf 83' lang='lat' dir='ltr'><strong>nasci</strong></span> <span class='ocrx_word' id='word_1_686' title='bbox 1842 4878 1938 4917; x_wconf 83' lang='grc' dir='ltr'>νο-</span> <span class='ocrx_word' id='word_1_687' title='bbox 2041 4863 2375 4934; x_wconf 74' lang='lat' dir='ltr'><strong>pagationcm</strong></span> <span class='ocrx_word' id='word_1_688' title='bbox 2399 4860 2764 4930; x_wconf 70' lang='lat' dir='ltr'><strong>conciperetur</strong></span> <span class='ocrx_word' id='word_1_689' title='bbox 2789 4860 3121 4934; x_wconf 70' lang='lat' dir='ltr'><strong>(Christus),</strong></span> <span class='ocrx_word' id='word_1_690' title='bbox 3172 4864 3220 4934; x_wconf 77' lang='lat' dir='ltr'><strong>si</strong></span> <span class='ocrx_word' id='word_1_691' title='bbox 3271 4878 3631 4930; x_wconf 74' lang='lat' dir='ltr'><strong>supponantns</strong></span> 
     </span>
    </p>
   </div>
   <div class='ocr_carea' id='block_1_99' title="bbox 356 4932 3629 5004">
    <p class='ocr_par' dir='ltr' id='par_1_99' title="bbox 356 4932 3629 5004">
     <span class='ocr_line' id='line_1_99' title="bbox 356 4932 3629 5004; baseline -0.001 -15"><span class='ocrx_word' id='word_1_692' title='bbox 356 4937 546 4991; x_wconf 85' lang='lat' dir='ltr'><strong>luerit.</strong></span> <span class='ocrx_word' id='word_1_693' title='bbox 594 4932 986 5004; x_wconf 48' lang='lat' dir='ltr'><strong>Qtne&#39;quiilem</strong></span> <span class='ocrx_word' id='word_1_694' title='bbox 1036 4933 1289 4989; x_wconf 88' lang='lat' dir='ltr'><strong>doctrina</strong></span> <span class='ocrx_word' id='word_1_695' title='bbox 1344 4935 1628 5002; x_wconf 78' lang='lat' dir='ltr'><strong>explorata</strong></span> <span class='ocrx_word' id='word_1_696' title='bbox 1669 4933 1826 5004; x_wconf 80' lang='lat' dir='ltr'><strong>adeo</strong></span> <span class='ocrx_word' id='word_1_697' title='bbox 1884 4942 1940 4988; x_wconf 76' lang='lat' dir='ltr'><strong>et</strong></span> <span class='ocrx_word' id='word_1_698' title='bbox 2032 4932 2252 5004; x_wconf 78' lang='lat' dir='ltr'><strong>Tactam</strong></span> <span class='ocrx_word' id='word_1_699' title='bbox 2298 4950 2410 4988; x_wconf 79' lang='lat' dir='ltr'><strong>esse</strong></span> <span class='ocrx_word' id='word_1_700' title='bbox 2440 4934 2943 5002; x_wconf 82' lang='lat' dir='ltr'><strong>unionemaprimo</strong></span> <span class='ocrx_word' id='word_1_701' title='bbox 2997 4933 3223 4987; x_wconf 73' lang='lat' dir='ltr'><strong>instanti</strong></span> <span class='ocrx_word' id='word_1_702' title='bbox 3268 4934 3629 5001; x_wconf 66' lang='lat' dir='ltr'><strong>corruptionis</strong></span> 
     </span>
    </p>
   </div>
   <div class='ocr_carea' id='block_1_100' title="bbox 354 5002 1942 5075">
    <p class='ocr_par' dir='ltr' id='par_1_100' title="bbox 354 5002 1942 5075">
     <span class='ocr_line' id='line_1_100' title="bbox 354 5002 1942 5075; baseline -0.002 -14"><span class='ocrx_word' id='word_1_703' title='bbox 354 5008 569 5062; x_wconf 76' lang='lat' dir='ltr'><strong>schola:</strong></span> <span class='ocrx_word' id='word_1_704' title='bbox 599 5002 1017 5075; x_wconf 68' lang='lat' dir='ltr'><strong>tlieologisl&#39;nit,</strong></span> <span class='ocrx_word' id='word_1_705' title='bbox 1056 5015 1116 5059; x_wconf 91' lang='lat' dir='ltr'><strong>ut</strong></span> <span class='ocrx_word' id='word_1_706' title='bbox 1149 5004 1389 5058; x_wconf 74' lang='lat' dir='ltr'><strong>eximius</strong></span> <span class='ocrx_word' id='word_1_707' title='bbox 1419 5003 1747 5075; x_wconf 48' lang='lat' dir='ltr'><strong>Suareﬂin</strong></span> <span class='ocrx_word' id='word_1_708' title='bbox 1798 5015 1942 5074; x_wconf 89' lang='lat' dir='ltr'><strong>part.</strong></span> 
     </span>
    </p>
   </div>
   <div class='ocr_carea' id='block_1_101' title="bbox 356 5074 1947 5147">
    <p class='ocr_par' dir='ltr' id='par_1_101' title="bbox 356 5074 1947 5147">
     <span class='ocr_line' id='line_1_101' title="bbox 356 5074 1947 5147; baseline -0.003 -16"><span class='ocrx_word' id='word_1_709' title='bbox 356 5092 444 5136; x_wconf 82' lang='lat' dir='ltr'><strong>In.</strong></span> <span class='ocrx_word' id='word_1_710' title='bbox 483 5094 542 5147; x_wconf 91' lang='lat' dir='ltr'><strong>q.</strong></span> <span class='ocrx_word' id='word_1_711' title='bbox 568 5075 831 5147; x_wconf 69' lang='lat' dir='ltr'><strong>i2,disp.</strong></span> <span class='ocrx_word' id='word_1_712' title='bbox 863 5074 954 5139; x_wconf 78' lang='grc'><strong>10,</strong></span> <span class='ocrx_word' id='word_1_713' title='bbox 991 5087 1126 5129; x_wconf 84' lang='lat' dir='ltr'><strong>sect.</strong></span> <span class='ocrx_word' id='word_1_714' title='bbox 1152 5075 1238 5145; x_wconf 83' lang='grc'><strong>5),</strong></span> <span class='ocrx_word' id='word_1_715' title='bbox 1268 5090 1389 5147; x_wconf 81' lang='lat' dir='ltr'><strong>cum</strong></span> <span class='ocrx_word' id='word_1_716' title='bbox 1421 5077 1562 5147; x_wconf 82' lang='lat' dir='ltr'><strong>hanc</strong></span> <span class='ocrx_word' id='word_1_717' title='bbox 1592 5074 1947 5147; x_wconf 75' lang='lat' dir='ltr'><strong>thesiinsta-</strong></span> 
     </span>
    </p>
   </div>
   <div class='ocr_carea' id='block_1_102' title="bbox 357 5142 1943 5215">
    <p class='ocr_par' dir='ltr' id='par_1_102' title="bbox 357 5142 1943 5215">
     <span class='ocr_line' id='line_1_102' title="bbox 357 5142 1943 5215; baseline -0.001 -15"><span class='ocrx_word' id='word_1_718' title='bbox 357 5142 565 5204; x_wconf 54' lang='lat' dir='ltr'><strong>tuiss&#39;vt</strong></span> <span class='ocrx_word' id='word_1_719' title='bbox 591 5165 604 5201; x_wconf 92' lang='lat'><strong>:</strong></span> <span class='ocrx_word' id='word_1_720' title='bbox 643 5142 938 5200; x_wconf 73' lang='lat' dir='ltr'><strong>Dicendum</strong></span> <span class='ocrx_word' id='word_1_721' title='bbox 966 5162 1086 5201; x_wconf 78' lang='lat' dir='ltr'><strong>vero</strong></span> <span class='ocrx_word' id='word_1_722' title='bbox 1102 5142 1417 5215; x_wconf 50' lang='grc' dir='ltr'>πηρῶσαι</span> <span class='ocrx_word' id='word_1_723' title='bbox 1444 5145 1558 5199; x_wconf 82' lang='lat' dir='ltr'><strong>ulla</strong></span> <span class='ocrx_word' id='word_1_724' title='bbox 1588 5142 1943 5211; x_wconf 82' lang='lat' dir='ltr'><strong>dubitatione,</strong></span> 
     </span>
    </p>
   </div>
   <div class='ocr_carea' id='block_1_103' title="bbox 354 5216 1946 5284">
    <p class='ocr_par' dir='ltr' id='par_1_103' title="bbox 354 5216 1946 5284">
     <span class='ocr_line' id='line_1_103' title="bbox 354 5216 1946 5284; baseline -0.001 -14"><span class='ocrx_word' id='word_1_725' title='bbox 354 5219 597 5284; x_wconf 78' lang='lat' dir='ltr'><strong>potuisse</strong></span> <span class='ocrx_word' id='word_1_726' title='bbox 631 5216 796 5271; x_wconf 82' lang='lat' dir='ltr'><strong>Deum</strong></span> <span class='ocrx_word' id='word_1_727' title='bbox 826 5216 1087 5270; x_wconf 77' lang='lat' dir='ltr'><strong>hominem</strong></span> <span class='ocrx_word' id='word_1_728' title='bbox 1121 5216 1323 5283; x_wconf 81' lang='lat' dir='ltr'><strong>concipi</strong></span> <span class='ocrx_word' id='word_1_729' title='bbox 1377 5227 1425 5269; x_wconf 87' lang='lat' dir='ltr'><strong>et</strong></span> <span class='ocrx_word' id='word_1_730' title='bbox 1460 5216 1704 5284; x_wconf 85' lang='lat' dir='ltr'><strong>generari</strong></span> <span class='ocrx_word' id='word_1_731' title='bbox 1726 5230 1791 5268; x_wconf 78' lang='lat' dir='ltr'><strong>ea:</strong></span> <span class='ocrx_word' id='word_1_732' title='bbox 1827 5232 1946 5269; x_wconf 86' lang='lat' dir='ltr'><strong>mu—</strong></span> 
     </span>
    </p>
   </div>
   <div class='ocr_carea' id='block_1_104' title="bbox 355 5232 1946 5357">
    <p class='ocr_par' dir='ltr' id='par_1_104' title="bbox 355 5232 1946 5357">
     <span class='ocr_line' id='line_1_104' title="bbox 355 5232 1946 5341; baseline -0.001 -71"><span class='ocrx_word' id='word_1_733' title='bbox 355 5232 597 5284; x_wconf 76' lang='lat' dir='ltr'><strong>potuzssc</strong></span> <span class='ocrx_word' id='word_1_734' title='bbox 631 5232 796 5271; x_wconf 78' lang='lat' dir='ltr'><strong>Deum</strong></span> <span class='ocrx_word' id='word_1_735' title='bbox 826 5232 1087 5270; x_wconf 82' lang='lat' dir='ltr'><strong>nonnnem</strong></span> <span class='ocrx_word' id='word_1_736' title='bbox 1121 5232 1322 5283; x_wconf 74' lang='lat' dir='ltr'><strong>concipi</strong></span> <span class='ocrx_word' id='word_1_737' title='bbox 1377 5232 1703 5341; x_wconf 67' lang='lat' dir='ltr'><strong>etﬂgenerart</strong></span> <span class='ocrx_word' id='word_1_738' title='bbox 1726 5232 1791 5268; x_wconf 77' lang='lat' dir='ltr'><strong>ea:</strong></span> <span class='ocrx_word' id='word_1_739' title='bbox 1827 5232 1946 5269; x_wconf 87' lang='lat' dir='ltr'><strong>mn—</strong></span> 
     </span>
     <span class='ocr_line' id='line_1_105' title="bbox 355 5286 1946 5357; baseline -0.001 -16"><span class='ocrx_word' id='word_1_740' title='bbox 355 5289 490 5341; x_wconf 80' lang='lat' dir='ltr'><strong>[iere</strong></span> <span class='ocrx_word' id='word_1_741' title='bbox 506 5304 663 5357; x_wconf 80' lang='lat' dir='ltr'><strong>opera</strong></span> <span class='ocrx_word' id='word_1_742' title='bbox 696 5288 833 5352; x_wconf 72' lang='lat' dir='ltr'><strong>viri;</strong></span> <span class='ocrx_word' id='word_1_743' title='bbox 857 5288 1125 5341; x_wconf 87' lang='lat' dir='ltr'><strong>continuo</strong></span> <span class='ocrx_word' id='word_1_744' title='bbox 1150 5287 1350 5340; x_wconf 68' lang='lat' dir='ltr'><strong>solidat</strong></span> <span class='ocrx_word' id='word_1_745' title='bbox 1377 5307 1388 5341; x_wconf 94' lang='lat'>:</span> <span class='ocrx_word' id='word_1_746' title='bbox 1448 5302 1575 5355; x_wconf 22' lang='lat' dir='ltr'><strong>[anc</strong></span> <span class='ocrx_word' id='word_1_747' title='bbox 1599 5286 1946 5357; x_wconf 72' lang='lat' dir='ltr'><strong>assertionem</strong></span> 
     </span>
    </p>
   </div>
   <div class='ocr_carea' id='block_1_105' title="bbox 355 5356 1937 5423">
    <p class='ocr_par' dir='ltr' id='par_1_105' title="bbox 355 5356 1937 5423">
     <span class='ocr_line' id='line_1_106' title="bbox 355 5356 1937 5423; baseline -0.001 -12"><span class='ocrx_word' id='word_1_748' title='bbox 355 5356 546 5413; x_wconf 77' lang='lat' dir='ltr'><strong>censeo</strong></span> <span class='ocrx_word' id='word_1_749' title='bbox 577 5360 710 5411; x_wconf 89' lang='lat' dir='ltr'><strong>adeo</strong></span> <span class='ocrx_word' id='word_1_750' title='bbox 743 5367 962 5421; x_wconf 82' lang='lat' dir='ltr'><strong>certam,</strong></span> <span class='ocrx_word' id='word_1_751' title='bbox 986 5367 1043 5410; x_wconf 91' lang='lat' dir='ltr'><strong>nt</strong></span> <span class='ocrx_word' id='word_1_752' title='bbox 1087 5358 1366 5411; x_wconf 86' lang='lat' dir='ltr'><strong>contraria</strong></span> <span class='ocrx_word' id='word_1_753' title='bbox 1397 5374 1490 5412; x_wconf 87' lang='lat' dir='ltr'><strong>nec</strong></span> <span class='ocrx_word' id='word_1_754' title='bbox 1522 5356 1815 5423; x_wconf 80' lang='lat' dir='ltr'><strong>probabilis</strong></span> <span class='ocrx_word' id='word_1_755' title='bbox 1843 5373 1937 5409; x_wconf 87' lang='lat' dir='ltr'><strong>nec</strong></span> 
     </span>
    </p>
   </div>
   <div class='ocr_carea' id='block_1_106' title="bbox 355 5426 1937 5497">
    <p class='ocr_par' dir='ltr' id='par_1_106' title="bbox 355 5426 1937 5497">
     <span class='ocr_line' id='line_1_107' title="bbox 355 5426 1937 5497; baseline -0.001 -15"><span class='ocrx_word' id='word_1_756' title='bbox 355 5430 667 5483; x_wconf 69' lang='lat' dir='ltr'><strong>verisimilis</strong></span> <span class='ocrx_word' id='word_1_757' title='bbox 700 5429 794 5481; x_wconf 78' lang='lat' dir='ltr'><strong>sit.</strong></span> <span class='ocrx_word' id='word_1_758' title='bbox 823 5428 1035 5482; x_wconf 80' lang='lat' dir='ltr'><strong>Exinde</strong></span> <span class='ocrx_word' id='word_1_759' title='bbox 1067 5443 1194 5482; x_wconf 85' lang='lat' dir='ltr'><strong>vero</strong></span> <span class='ocrx_word' id='word_1_760' title='bbox 1242 5428 1433 5497; x_wconf 87' lang='lat' dir='ltr'><strong>liquet,</strong></span> <span class='ocrx_word' id='word_1_761' title='bbox 1472 5426 1616 5481; x_wconf 89' lang='lat' dir='ltr'><strong>haud</strong></span> <span class='ocrx_word' id='word_1_762' title='bbox 1673 5442 1786 5481; x_wconf 90' lang='lat' dir='ltr'><strong>rem</strong></span> <span class='ocrx_word' id='word_1_763' title='bbox 1833 5442 1937 5481; x_wconf 88' lang='lat' dir='ltr'><strong>acu</strong></span> 
     </span>
    </p>
   </div>
   <div class='ocr_carea' id='block_1_107' title="bbox 357 5497 1936 5569">
    <p class='ocr_par' dir='ltr' id='par_1_107' title="bbox 357 5497 1936 5569">
     <span class='ocr_line' id='line_1_108' title="bbox 357 5497 1936 5569; baseline 0 -18"><span class='ocrx_word' id='word_1_764' title='bbox 357 5518 451 5555; x_wconf 70' lang='lat' dir='ltr'><strong>eos</strong></span> <span class='ocrx_word' id='word_1_765' title='bbox 493 5510 742 5564; x_wconf 72' lang='lat' dir='ltr'><strong>tangere,</strong></span> <span class='ocrx_word' id='word_1_766' title='bbox 782 5502 1121 5569; x_wconf 78' lang='lat' dir='ltr'><strong>quiputant,</strong></span> <span class='ocrx_word' id='word_1_767' title='bbox 1164 5497 1286 5551; x_wconf 86' lang='lat' dir='ltr'><strong>ideo</strong></span> <span class='ocrx_word' id='word_1_768' title='bbox 1315 5497 1584 5566; x_wconf 81' lang='lat' dir='ltr'><strong>ejusmodi</strong></span> <span class='ocrx_word' id='word_1_769' title='bbox 1616 5497 1936 5569; x_wconf 76' lang='lat' dir='ltr'><strong>conceptio-</strong></span> 
     </span>
    </p>
   </div>
   <div class='ocr_carea' id='block_1_108' title="bbox 361 5567 1934 5638">
    <p class='ocr_par' dir='ltr' id='par_1_108' title="bbox 361 5567 1934 5638">
     <span class='ocr_line' id='line_1_109' title="bbox 361 5567 1934 5638; baseline -0.001 -16"><span class='ocrx_word' id='word_1_770' title='bbox 361 5573 442 5624; x_wconf 86' lang='lat' dir='ltr'><strong>nis</strong></span> <span class='ocrx_word' id='word_1_771' title='bbox 478 5571 747 5624; x_wconf 85' lang='lat' dir='ltr'><strong>rationem</strong></span> <span class='ocrx_word' id='word_1_772' title='bbox 775 5567 828 5622; x_wconf 83' lang='lat' dir='ltr'><strong>iu</strong></span> <span class='ocrx_word' id='word_1_773' title='bbox 859 5567 1080 5623; x_wconf 72' lang='lat' dir='ltr'><strong>Christo</strong></span> <span class='ocrx_word' id='word_1_774' title='bbox 1097 5583 1453 5638; x_wconf 72' lang='lat' dir='ltr'><strong>repugnasse,</strong></span> <span class='ocrx_word' id='word_1_775' title='bbox 1479 5568 1625 5638; x_wconf 80' lang='lat' dir='ltr'><strong>quod</strong></span> <span class='ocrx_word' id='word_1_776' title='bbox 1648 5578 1934 5638; x_wconf 70' lang='lat' dir='ltr'><strong>repugnet,</strong></span> 
     </span>
    </p>
   </div>
   <div class='ocr_carea' id='block_1_109' title="bbox 359 5637 1934 5707">
    <p class='ocr_par' dir='ltr' id='par_1_109' title="bbox 359 5637 1934 5707">
     <span class='ocr_line' id='line_1_110' title="bbox 359 5637 1934 5707; baseline 0.001 -16"><span class='ocrx_word' id='word_1_777' title='bbox 359 5639 653 5693; x_wconf 74' lang='lat' dir='ltr'><strong>Christum</strong></span> <span class='ocrx_word' id='word_1_778' title='bbox 690 5640 945 5707; x_wconf 73' lang='lat' dir='ltr'><strong>originali</strong></span> <span class='ocrx_word' id='word_1_779' title='bbox 1000 5639 1130 5691; x_wconf 70' lang='lat' dir='ltr'><strong>Adae</strong></span> <span class='ocrx_word' id='word_1_780' title='bbox 1163 5637 1396 5707; x_wconf 83' lang='lat' dir='ltr'><strong>peccato</strong></span> <span class='ocrx_word' id='word_1_781' title='bbox 1451 5637 1597 5691; x_wconf 88' lang='lat' dir='ltr'><strong>inlici</strong></span> <span class='ocrx_word' id='word_1_782' title='bbox 1663 5637 1934 5707; x_wconf 72' lang='lat' dir='ltr'><strong>potuisse,</strong></span> 
     </span>
    </p>
   </div>
   <div class='ocr_carea' id='block_1_110' title="bbox 366 5706 1936 5782">
    <p class='ocr_par' dir='ltr' id='par_1_110' title="bbox 366 5706 1936 5782">
     <span class='ocr_line' id='line_1_111' title="bbox 366 5706 1936 5782; baseline 0.001 -20"><span class='ocrx_word' id='word_1_783' title='bbox 366 5720 527 5782; x_wconf 81' lang='lat' dir='ltr'><strong>atque</strong></span> <span class='ocrx_word' id='word_1_784' title='bbox 575 5710 705 5763; x_wconf 80' lang='lat' dir='ltr'><strong>hinc</strong></span> <span class='ocrx_word' id='word_1_785' title='bbox 754 5711 1054 5778; x_wconf 82' lang='lat' dir='ltr'><strong>permoveri</strong></span> <span class='ocrx_word' id='word_1_786' title='bbox 1114 5706 1491 5776; x_wconf 82' lang='lat' dir='ltr'><strong>scallirmaut,</strong></span> <span class='ocrx_word' id='word_1_787' title='bbox 1528 5724 1595 5762; x_wconf 90' lang='lat' dir='ltr'><strong>ne</strong></span> <span class='ocrx_word' id='word_1_788' title='bbox 1663 5706 1936 5777; x_wconf 66' lang='lat' dir='ltr'><strong>Virginem</strong></span> 
     </span>
    </p>
   </div>
   <div class='ocr_carea' id='block_1_111' title="bbox 2048 5003 3632 5073">
    <p class='ocr_par' dir='ltr' id='par_1_111' title="bbox 2048 5003 3632 5073">
     <span class='ocr_line' id='line_1_112' title="bbox 2048 5003 3632 5073; baseline -0.001 -17"><span class='ocrx_word' id='word_1_789' title='bbox 2048 5003 2186 5071; x_wconf 73' lang='lat' dir='ltr'><strong>ejus,</strong></span> <span class='ocrx_word' id='word_1_790' title='bbox 2210 5004 2373 5057; x_wconf 83' lang='lat' dir='ltr'><strong>etiam</strong></span> <span class='ocrx_word' id='word_1_791' title='bbox 2396 5020 2500 5058; x_wconf 90' lang='lat' dir='ltr'><strong>non</strong></span> <span class='ocrx_word' id='word_1_792' title='bbox 2522 5013 2697 5073; x_wconf 69' lang='lat' dir='ltr'><strong>posset</strong></span> <span class='ocrx_word' id='word_1_793' title='bbox 2721 5019 2788 5058; x_wconf 78' lang='lat' dir='ltr'><strong>ex</strong></span> <span class='ocrx_word' id='word_1_794' title='bbox 2818 5004 2866 5057; x_wconf 83' lang='lat' dir='ltr'><strong>vi</strong></span> <span class='ocrx_word' id='word_1_795' title='bbox 2896 5004 3022 5058; x_wconf 77' lang='lat' dir='ltr'><strong>talis</strong></span> <span class='ocrx_word' id='word_1_796' title='bbox 3048 5004 3407 5070; x_wconf 80' lang='lat' dir='ltr'><strong>conceptionis</strong></span> <span class='ocrx_word' id='word_1_797' title='bbox 3447 5019 3632 5073; x_wconf 85' lang='lat' dir='ltr'><strong>pecca-</strong></span> 
     </span>
    </p>
   </div>
   <div class='ocr_carea' id='block_1_112' title="bbox 2051 5072 3630 5145">
    <p class='ocr_par' dir='ltr' id='par_1_112' title="bbox 2051 5072 3630 5145">
     <span class='ocr_line' id='line_1_113' title="bbox 2051 5072 3630 5145; baseline -0.001 -19"><span class='ocrx_word' id='word_1_798' title='bbox 2051 5082 2161 5126; x_wconf 87' lang='lat' dir='ltr'><strong>tum</strong></span> <span class='ocrx_word' id='word_1_799' title='bbox 2185 5074 2445 5145; x_wconf 80' lang='lat' dir='ltr'><strong>originale</strong></span> <span class='ocrx_word' id='word_1_800' title='bbox 2467 5075 2798 5129; x_wconf 82' lang='lat' dir='ltr'><strong>contrahere.</strong></span> <span class='ocrx_word' id='word_1_801' title='bbox 2830 5072 3070 5127; x_wconf 87' lang='lat' dir='ltr'><strong>Curnam</strong></span> <span class='ocrx_word' id='word_1_802' title='bbox 3106 5073 3279 5128; x_wconf 84' lang='lat' dir='ltr'><strong>vero?</strong></span> <span class='ocrx_word' id='word_1_803' title='bbox 3313 5072 3453 5139; x_wconf 79' lang='lat' dir='ltr'><strong>Quia</strong></span> <span class='ocrx_word' id='word_1_804' title='bbox 3475 5073 3630 5145; x_wconf 82' lang='lat' dir='ltr'><strong>scili-</strong></span> 
     </span>
    </p>
   </div>
   <div class='ocr_carea' id='block_1_113' title="bbox 2050 5143 3630 5214">
    <p class='ocr_par' dir='ltr' id='par_1_113' title="bbox 2050 5143 3630 5214">
     <span class='ocr_line' id='line_1_114' title="bbox 2050 5143 3630 5214; baseline -0.001 -16"><span class='ocrx_word' id='word_1_805' title='bbox 2050 5153 2139 5199; x_wconf 93' lang='lat' dir='ltr'><strong>cet</strong></span> <span class='ocrx_word' id='word_1_806' title='bbox 2164 5143 2430 5200; x_wconf 62' lang='lat' dir='ltr'><strong>uou&#39;atleo</strong></span> <span class='ocrx_word' id='word_1_807' title='bbox 2455 5159 2802 5200; x_wconf 66' lang='lat' dir='ltr'><strong>necessarius</strong></span> <span class='ocrx_word' id='word_1_808' title='bbox 2829 5154 2914 5196; x_wconf 89' lang='lat' dir='ltr'><strong>est</strong></span> <span class='ocrx_word' id='word_1_809' title='bbox 2939 5160 3112 5198; x_wconf 78' lang='lat' dir='ltr'><strong>nexus</strong></span> <span class='ocrx_word' id='word_1_810' title='bbox 3143 5146 3286 5197; x_wconf 88' lang='lat' dir='ltr'><strong>inter</strong></span> <span class='ocrx_word' id='word_1_811' title='bbox 3316 5143 3630 5214; x_wconf 77' lang='lat' dir='ltr'><strong>generatio-</strong></span> 
     </span>
    </p>
   </div>
   <div class='ocr_carea' id='block_1_114' title="bbox 2053 5214 3625 5283">
    <p class='ocr_par' dir='ltr' id='par_1_114' title="bbox 2053 5214 3625 5283">
     <span class='ocr_line' id='line_1_115' title="bbox 2053 5214 3625 5283; baseline -0.003 -15"><span class='ocrx_word' id='word_1_812' title='bbox 2053 5229 2176 5268; x_wconf 87' lang='lat' dir='ltr'><strong>nem</strong></span> <span class='ocrx_word' id='word_1_813' title='bbox 2219 5215 2289 5268; x_wconf 88' lang='lat' dir='ltr'><strong>ab</strong></span> <span class='ocrx_word' id='word_1_814' title='bbox 2322 5215 2491 5268; x_wconf 79' lang='lat' dir='ltr'><strong>Adam</strong></span> <span class='ocrx_word' id='word_1_815' title='bbox 2527 5215 2808 5268; x_wconf 86' lang='lat' dir='ltr'><strong>ordinario</strong></span> <span class='ocrx_word' id='word_1_816' title='bbox 2842 5216 3004 5268; x_wconf 89' lang='lat' dir='ltr'><strong>modo</strong></span> <span class='ocrx_word' id='word_1_817' title='bbox 3033 5214 3323 5268; x_wconf 88' lang='lat' dir='ltr'><strong>deductam</strong></span> <span class='ocrx_word' id='word_1_818' title='bbox 3374 5227 3428 5268; x_wconf 81' lang='lat' dir='ltr'><strong>et</strong></span> <span class='ocrx_word' id='word_1_819' title='bbox 3459 5215 3625 5283; x_wconf 76' lang='lat' dir='ltr'><strong>origi-</strong></span> 
     </span>
    </p>
   </div>
   <div class='ocr_carea' id='block_1_115' title="bbox 2060 5283 3630 5354">
    <p class='ocr_par' dir='ltr' id='par_1_115' title="bbox 2060 5283 3630 5354">
     <span class='ocr_line' id='line_1_116' title="bbox 2060 5283 3630 5354; baseline -0.003 -15"><span class='ocrx_word' id='word_1_820' title='bbox 2060 5285 2238 5339; x_wconf 88' lang='lat' dir='ltr'><strong>nalem</strong></span> <span class='ocrx_word' id='word_1_821' title='bbox 2279 5286 2478 5347; x_wconf 80' lang='lat' dir='ltr'><strong>labem,</strong></span> <span class='ocrx_word' id='word_1_822' title='bbox 2515 5296 2575 5340; x_wconf 92' lang='lat' dir='ltr'><strong>ut</strong></span> <span class='ocrx_word' id='word_1_823' title='bbox 2610 5286 2723 5341; x_wconf 64' lang='lat' dir='ltr'><strong>haec</strong></span> <span class='ocrx_word' id='word_1_824' title='bbox 2768 5285 2880 5338; x_wconf 86' lang='lat' dir='ltr'><strong>duo</strong></span> <span class='ocrx_word' id='word_1_825' title='bbox 2932 5285 3166 5354; x_wconf 64' lang='lat' dir='ltr'><strong>invicem</strong></span> <span class='ocrx_word' id='word_1_826' title='bbox 3229 5284 3467 5354; x_wconf 77' lang='lat' dir='ltr'><strong>sejungi,</strong></span> <span class='ocrx_word' id='word_1_827' title='bbox 3519 5283 3630 5337; x_wconf 87' lang='lat' dir='ltr'><strong>Deo</strong></span> 
     </span>
    </p>
   </div>
   <div class='ocr_carea' id='block_1_116' title="bbox 2053 5353 3634 5426">
    <p class='ocr_par' dir='ltr' id='par_1_116' title="bbox 2053 5353 3634 5426">
     <span class='ocr_line' id='line_1_117' title="bbox 2053 5353 3634 5426; baseline 0.001 -19"><span class='ocrx_word' id='word_1_828' title='bbox 2053 5356 2133 5426; x_wconf 84' lang='lat' dir='ltr'><strong>sic</strong></span> <span class='ocrx_word' id='word_1_829' title='bbox 2187 5357 2566 5426; x_wconf 83' lang='lat' dir='ltr'><strong>dispensante,</strong></span> <span class='ocrx_word' id='word_1_830' title='bbox 2606 5373 2713 5409; x_wconf 90' lang='lat' dir='ltr'><strong>nun</strong></span> <span class='ocrx_word' id='word_1_831' title='bbox 2749 5366 2975 5426; x_wconf 85' lang='lat' dir='ltr'><strong>queant.</strong></span> <span class='ocrx_word' id='word_1_832' title='bbox 3014 5353 3155 5426; x_wconf 83' lang='lat' dir='ltr'><strong>Hine</strong></span> <span class='ocrx_word' id='word_1_833' title='bbox 3184 5363 3236 5408; x_wconf 87' lang='lat' dir='ltr'><strong>et</strong></span> <span class='ocrx_word' id='word_1_834' title='bbox 3271 5353 3634 5426; x_wconf 12' lang='lat' dir='ltr'><strong>il-Lapiznnnul-</strong></span> 
     </span>
    </p>
   </div>
   <div class='ocr_carea' id='block_1_117' title="bbox 2049 5424 3634 5492">
    <p class='ocr_par' dir='ltr' id='par_1_117' title="bbox 2049 5424 3634 5492">
     <span class='ocr_line' id='line_1_118' title="bbox 2049 5424 3634 5492; baseline 0.001 -14"><span class='ocrx_word' id='word_1_835' title='bbox 2049 5425 2225 5479; x_wconf 89' lang='lat' dir='ltr'><strong>lorum</strong></span> <span class='ocrx_word' id='word_1_836' title='bbox 2256 5425 2479 5481; x_wconf 83' lang='lat' dir='ltr'><strong>Patrum</strong></span> <span class='ocrx_word' id='word_1_837' title='bbox 2508 5424 2801 5492; x_wconf 72' lang='lat' dir='ltr'><strong>sententia,</strong></span> <span class='ocrx_word' id='word_1_838' title='bbox 2838 5434 3091 5481; x_wconf 87' lang='lat' dir='ltr'><strong>sanctum</strong></span> <span class='ocrx_word' id='word_1_839' title='bbox 3125 5425 3337 5479; x_wconf 86' lang='lat' dir='ltr'><strong>Domini</strong></span> <span class='ocrx_word' id='word_1_840' title='bbox 3380 5424 3634 5479; x_wconf 65' lang='lat' dir='ltr'><strong>l’rarcuro</strong></span> 
     </span>
    </p>
   </div>
   <div class='ocr_carea' id='block_1_118' title="bbox 2045 5495 3634 5567">
    <p class='ocr_par' dir='ltr' id='par_1_118' title="bbox 2045 5495 3634 5567">
     <span class='ocr_line' id='line_1_119' title="bbox 2045 5495 3634 5567; baseline -0.001 -17"><span class='ocrx_word' id='word_1_841' title='bbox 2045 5511 2247 5560; x_wconf 81' lang='lat' dir='ltr'><strong>sereni,</strong></span> <span class='ocrx_word' id='word_1_842' title='bbox 2283 5512 2444 5567; x_wconf 85' lang='lat' dir='ltr'><strong>quem</strong></span> <span class='ocrx_word' id='word_1_843' title='bbox 2500 5513 2660 5551; x_wconf 88' lang='lat' dir='ltr'><strong>nemo</strong></span> <span class='ocrx_word' id='word_1_844' title='bbox 2708 5506 2857 5551; x_wconf 67' lang='lat' dir='ltr'><strong>certe</strong></span> <span class='ocrx_word' id='word_1_845' title='bbox 2909 5495 3146 5550; x_wconf 86' lang='lat' dir='ltr'><strong>credidit</strong></span> <span class='ocrx_word' id='word_1_846' title='bbox 3185 5496 3331 5567; x_wconf 18' lang='lat' dir='ltr'><strong>Asine</strong></span> <span class='ocrx_word' id='word_1_847' title='bbox 3379 5498 3634 5567; x_wconf 82' lang='lat' dir='ltr'><strong>seminali</strong></span> 
     </span>
    </p>
   </div>
   <div class='ocr_carea' id='block_1_119' title="bbox 2048 5565 3638 5639">
    <p class='ocr_par' dir='ltr' id='par_1_119' title="bbox 2048 5565 3638 5639">
     <span class='ocr_line' id='line_1_120' title="bbox 2048 5565 3638 5639; baseline 0.002 -20"><span class='ocrx_word' id='word_1_848' title='bbox 2048 5565 2439 5636; x_wconf 72' lang='lat' dir='ltr'><strong>propagatione</strong></span> <span class='ocrx_word' id='word_1_849' title='bbox 2476 5575 2826 5639; x_wconf 80' lang='lat' dir='ltr'><strong>conceptum,</strong></span> <span class='ocrx_word' id='word_1_850' title='bbox 2879 5567 2949 5623; x_wconf 82' lang='lat' dir='ltr'><strong>ab</strong></span> <span class='ocrx_word' id='word_1_851' title='bbox 2995 5565 3231 5638; x_wconf 81' lang='lat' dir='ltr'><strong>originis</strong></span> <span class='ocrx_word' id='word_1_852' title='bbox 3276 5568 3412 5625; x_wconf 81' lang='lat' dir='ltr'><strong>vitio</strong></span> <span class='ocrx_word' id='word_1_853' title='bbox 3463 5566 3638 5623; x_wconf 72' lang='lat' dir='ltr'><strong>fuisse</strong></span> 
     </span>
    </p>
   </div>
   <div class='ocr_carea' id='block_1_120' title="bbox 2048 5650 3597 5697">
    <p class='ocr_par' dir='ltr' id='par_1_120' title="bbox 2048 5650 3597 5697">
     <span class='ocr_line' id='line_1_121' title="bbox 2048 5650 3597 5697; baseline 0.005 -7"><span class='ocrx_word' id='word_1_854' title='bbox 2048 5650 2463 5697; x_wconf 83' lang='lat' dir='ltr'><strong>nr:l:servatum.</strong></span> <span class='ocrx_word' id='word_1_855' title='bbox 3594 5651 3597 5653; x_wconf 74' lang='grc'><em>’</em></span> 
     </span>
    </p>
   </div>
   <div class='ocr_carea' id='block_1_121' title="bbox 3606 5777 3637 5787">
    <p class='ocr_par' dir='ltr' id='par_1_121' title="bbox 3606 5777 3637 5787">
     <span class='ocr_line' id='line_1_122' title="bbox 3606 5777 3637 5787; baseline 0 -2"><span class='ocrx_word' id='word_1_856' title='bbox 3606 5777 3637 5787; x_wconf 69' lang='grc'><strong>,-</strong></span> 
     </span>
    </p>
   </div>
  </div>
