4022 6206
446 273 591 339 3975

1356 280 1419 341 S.
1459 277 1876 339 SOl’lI-HONII
1908 282 2421 361 PATRMRClle
2452 287 2853 348 IIIEROSOL.

3574 290 3717 354 3276
3753 290 3756 293 ’

451 385 645 440 Filius.
682 382 859 455 Ipsius
905 385 1049 439 enim
1102 385 1192 438 Dei
1248 399 1311 439 ac
1366 382 1547 440 Patris
1586 385 1673 439 hic
1727 395 1781 437 et.
1834 401 2021 442 manus

2136 407 2318 461 ναμις,
2349 392 2443 444 καὶ
2474 392 2539 445 δι’
2570 392 2732 446 αὐτοῦ
2758 394 2786 445 ὁ
2817 394 3028 465 Πατὴρ,
3064 394 3139 459 ώς
3167 397 3234 450 δι’
3264 398 3414 463 Υίοῠ,
3448 404 3512 453 τὰ
3543 405 3721 462 πάντα

440 488 530 535 est
570 484 622 533 et
672 478 956 532 brachium
988 486 1042 531 et
1093 479 1306 540 virtus,
1365 491 1428 531 ac
1482 493 1579 548 per
1632 479 1811 549 ipsum
1869 477 2030 535 Pater

447 578 706 638 tanquam
746 583 842 636 per
867 565 1066 620 Filium
1119 566 1247 621 fecit
1280 568 1484 633 omnia,
1517 576 1570 623 et
1615 587 1633 620 ι
1667 568 1722 623 In
1762 570 1882 640 ipso
1921 587 2031 625 om-

444 660 533 713 nia
564 664 821 712 constant
855 657 944 712 “z
985 677 1003 710 ι
1042 659 1159 728 ipse
1213 645 1476 714 inetl‘abili
1519 652 1682 715 modo
1709 676 1772 716 ex
1823 671 1874 717 te
1903 677 2029 717 car-

444 763 566 804 nem
604 759 871 813 assumct,
912 759 964 801 et
999 757 1155 806 satus
1187 759 1472 821 expertem
1518 766 1585 806 ex
1621 759 1675 807 te
1708 755 2031 824 conceptio-

442 851 567 891 nem
600 835 829 902 subibit,
883 837 1251 907 humanaeque
1282 839 1454 894 menti
1493 840 1819 910 imperviam
1865 857 1932 897 ex
1976 850 2028 897 te

439 928 785 981 nativitatem
825 928 880 982 in
922 943 1065 998 Opus
1092 928 1350 985 deducet.

509 1016 695 1072 XLIV.
750 1036 769 1070 ι
809 1017 1110 1091 Propterea
1147 1030 1202 1089 et
1254 1023 1403 1093 quod
1449 1033 1714 1080 nascetur
1746 1033 2025 1090 sanctum,

436 1114 733 1169 vocabitur
765 1112 943 1171 Filius
977 1115 1093 1171 Dei.
1124 1136 1141 1168 ι
1191 1116 1248 1171 Si
1295 1117 1478 1187 itaque
1511 1118 1686 1175 Filius
1730 1118 1825 1175 Dei
1861 1133 2027 1174 voca.

360 1207 366 1214 “
437 1206 612 1271 bitur,
647 1207 740 1273 qui
787 1215 956 1267 este
1008 1208 1240 1279 Deipara
1276 1206 1506 1280 Virgine
1555 1210 1876 1286 nasciturus
1918 1218 2024 1278 est,

437 1296 719 1367 quomodo
751 1312 860 1352 non
892 1298 1050 1369 virgo
1082 1299 1363 1369 apparebit
1408 1299 1521 1362 illa,
1563 1316 1686 1371 qua:
1718 1302 1897 1372 ipsum
1942 1309 2027 1356 est

2133 482 2423 553 πεποίηκε,
2450 485 2544 536 καὶ
2574 502 2590 533 ι
2630 486 2687 536 ἐν
2711 485 2863 555 αὐτῷ
2882 485 2947 538 τά
2982 487 3162 540 πάντα
3212 491 3531 561 συνέστηκε,
3570 514 3588 547 ι
3621 500 3722 567 τὴν

2132 576 2198 626 ἐκ
2225 575 2319 628 σοῦ
2352 576 2710 647 ποιησόμενος
2741 577 3144 648 ἁνερμήνευτον
3176 581 3470 652 σάρκωσιν,
3505 588 3598 640 καὶ
3623 590 3718 661 τὴν

2131 669 2196 720 ὲκ
2230 667 2324 721 σοῦ
2358 668 2723 738 ἐνδειξάμενος
2779 669 3131 741 ἀγεώργητον
3165 671 3446 746 σύλληψιν,
3479 680 3572 731 καὶ
3620 689 3719 754 τὴν

2132 761 2195 811 ὲκ
2224 759 2316 812 σοῦ
2345 760 2714 832 ἐργασόμενος
2742 762 3099 833 ἅπερινόητον
3130 764 3407 837 γέννησιν.

2202 1022 2332 1077 MA'.
2376 1044 2394 1075 ι
2432 1026 2522 1078 Διὸ
2552 1027 2645 1080 καὶ
2679 1031 2740 1079 τὸ
2767 1029 3104 1099 γεννώμενον
3156 1029 3333 1098 ἅγιον,
3387 1033 3717 1104 κληθήσεται

2130 1117 2256 1181 Υἱὸς
2280 1116 2438 1170 Θεοῦ.
2470 1137 2488 1169 ι
2517 1119 2579 1171 Εἰ
2600 1120 2780 1173 τοίνυν
2806 1120 2943 1173 Θεοῦ
2987 1120 3137 1185 Υἱὸς,
3167 1124 3197 1175 ὁ
3226 1125 3286 1175 ὲκ
3340 1123 3434 1183 σοῦ
3457 1127 3719 1196 τεχθησό-
3769 1167 3782 1183 .

2134 1226 2293 1279 μενος
2317 1210 2416 1278 τῆς
2441 1210 2711 1264 Θεοτόκου
2742 1211 3045 1283 Παρθένου,
3099 1214 3455 1286 κληθήσεται,
3494 1218 3609 1282 πῶς
3653 1223 3717 1275 ού

2130 1301 2398 1371 παρθένος
2432 1302 2465 1371 ἡ
2494 1300 2683 1355 τοῦτον
2713 1303 2959 1372 γεννῶσα
2983 1305 3318 1376 φανήσεταις
3353 1311 3562 1380 Δεῖγμα
3607 1312 3717 1383 γὰρ

436 1388 913 1458 parittira?Qund
945 1389 1091 1443 enim
1143 1389 1301 1460 virgo
1353 1390 1704 1445 immaculata
1752 1391 2021 1447 exsistens

2136 1393 2286 1446 τοῦτο
2314 1392 2484 1462 σαφὲς
2508 1393 2604 1447 καὶ
2629 1394 2962 1464 ἁκράδαντον
2982 1395 3273 1467 γνώρισμα
3306 1397 3462 1451 ἔσται
3497 1401 3597 1470 τῆς
3620 1406 3717 1456 αύ-

439 1476 709 1532 ineﬂ‘ahili
743 1477 1098 1549 generatione
1132 1478 1435 1549 pepereris,
1473 1479 1734 1550 quodque
1786 1488 1910 1551 post
1942 1480 2021 1535 in-

2136 1484 2224 1537 τοῦ
2249 1483 2357 1537 τῶν
2397 1485 2618 1539 πάντων
2667 1485 2979 1557 κρατούσης
3021 1487 3298 1559 θεότητος,
3347 1490 3407 1544 τὸ
3447 1477 3736 1562 παρθένον⁶

437 1581 766 1644 corruptum
801 1580 1023 1643 partum
1049 1574 1207 1643 virgo
1246 1575 1653 1643 permanseris,
1683 1575 1736 1631 id
1767 1575 2021 1631 luculen-

2136 1594 2190 1630 σε
2217 1576 2593 1647 τυγχάνουσαν
2612 1577 2841 1631 ἄσπιλον
2869 1580 3050 1633 τεκεῖν
3068 1579 3168 1650 τὴν
3185 1581 3561 1652 άνέκφραστον
3587 1585 3713 1653 γέν-
3731 1590 3740 1605 '

440 1661 657 1717 tissime
688 1672 741 1716 et
771 1663 912 1716 citra
966 1661 1275 1731 quamlibet
1310 1661 1724 1735 ambiguitatem
1767 1664 2021 1734 omnipo-

2136 1684 2306 1740 νησιν,
2334 1669 2434 1722 καὶ
2466 1667 2736 1739 παρθένον
2757 1672 2938 1739 μεῖναι
2964 1671 3104 1740 μετὰ
3127 1672 3227 1740 τὴν
3252 1672 3487 1744 ἄφθορον
3522 1674 3711 1745 λόχευ-

444 1762 645 1807 tentem
695 1751 845 1807 illius
884 1730 1230 1807 divinitatem
1293 1730 1532 1808 evincet.
1581 1751 1639 1809 Si
1678 1754 1822 1810 enim
1881 1753 2021 1811 Deus

2136 1730 2234 1815 σιν.
2262 1730 2326 1813 Ei
2352 1759 2461 1833 γὰρ
2484 1730 2637 1828 Θεὸς,
2664 1761 2694 1813 ὁ
2720 1730 2785 1815 ei:
2808 1761 2902 1816 σοῦ
2933 1730 3034 1833 τξις
3066 1730 3338 1835 παρθένου
3369 1730 3708 1837 τῡικτύμεσνος,

440 1853 528 1901 est
551 1845 648 1915 qui
681 1860 748 1900 ex
774 1854 828 1900 te
873 1843 1147 1909 nascitur,
1173 1845 1645 1914 quemadmodum
1675 1847 1854 1918 reipsa
1881 1845 2021 1903 Deus

2136 1851 2319 1924 ὥσπερ
2342 1848 2435 1906 οὖν
2468 1854 2563 1905 καὶ
2591 1851 2722 1915 Θεὸς
2748 1852 2867 1906 ἐστι
2895 1853 2990 1908 καὶ
3029 1854 3360 1926 κηρύττεται
3378 1897 3393 1918 .
3427 1857 3479 1910 τί
3515 1858 3615 1910 οὐκ
3644 1859 3707 1912 ἂν

439 1932 495 1992 et
527 1946 612 1992 est
637 1946 691 1991 et
732 1935 1089 2006 praedicatur,
1121 1933 1252 2005 quid
1280 1937 1449 2005 igitur
1487 1937 1612 2003 erit,
1644 1938 1816 2008 quod,
1844 1940 1889 1995 si
1927 1954 2021 1995 vo-

2136 1943 2410 2014 βουληθεὶς
2431 1943 2788 2016 διαπράξαιτο
2808 1961 2824 2011 ;
2848 1943 2989 2008 Θεὸς
3014 1946 3125 2017 γάρ
3158 1947 3296 2012 ἐστι,
3323 1947 3427 2002 κᾶν
3446 1951 3492 2001 εί
3519 1950 3615 2002 καὶ
3634 1951 3708 2012 ὡς

438 2029 625 2090 luerit,
661 2026 876 2084 etlieere
908 2029 1026 2099 ipse
1062 2045 1170 2084 non
1207 2029 1429 2100 possit?
1462 2028 1606 2086 Deus
1630 2044 1884 2101 namque
1917 2039 2022 2099 est,

436 2121 565 2175 licet
601 2128 866 2191 praeterea
929 2130 1194 2176 nascatur
1248 2130 1308 2174 ut
1358 2120 1560 2187 homo;
1605 2131 1659 2175 et
1703 2121 1868 2177 homo
1915 2133 2020 2188 est,

435 2214 563 2267 licet
599 2221 649 2266 te
697 2212 1024 2281 parientem,
1079 2211 1160 2266 uti
1196 2211 1363 2267 etiam
1422 2210 1587 2275 Deus,
1634 2220 1815 2268 servet
1859 2213 2024 2286 virgi-

436 2321 559 2359 11ίέ11]
575 2347 586 2359 .

511 2398 722 2453 Idcirco
765 2397 912 2450 enim
963 2396 1028 2450 ad
1074 2403 1127 2452 te
1159 2394 1433 2466 Virginem
1476 2409 1577 2465 ego
1626 2392 1848 2450 Gabriel
1892 2395 2025 2448 mis—

439 2508 536 2545 sus
576 2489 678 2554 lui,
713 2497 771 2541 ut
803 2491 887 2543 vel
946 2488 1066 2558 ipso
1119 2502 1243 2542 meo
1299 2488 1518 2542 nomine
1562 2487 1738 2557 palam
1799 2486 2018 2550 faciam,

2126 2035 2411 2107 ἄνθρωπος
2442 2036 2730 2108 τίκτηται*
2766 2037 2863 2091 καὶ
2895 2036 3183 2108 ἄνθρωπός
3206 2038 3346 2102 ἐστι,
3387 2040 3490 2092 κᾶν
3531 2041 3579 2093 εἰ
3615 2043 3710 2094 καὶ

2123 2126 2199 2191 ώς
2223 2127 2355 2192 Θεὸς
2388 2127 2657 2198 παρθένον
2676 2146 2750 2183 σε
2772 2128 3018 2200 φυλάττῃ
3048 2130 3148 2199 τὴν
3180 2130 3493 2184 τίκτουσαν.

2194 2392 2292 2446 Άιά
2314 2392 2473 2447 τοῦτο
2496 2392 2610 2462 γὰρ
2643 2393 2737 2446 καὶ
2772 2392 2934 2456 αὐτὸς
2957 2391 3069 2460 ἐγὼ
3096 2392 3338 2465 Γαϐριὴλ
3364 2394 3501 2465 πρὸς
3524 2396 3582 2449 σὲ
3607 2399 3706 2467 τὴν
3754 2442 3757 2445 ,

2121 2482 2401 2552 Παρθένον
2446 2474 2802 2552 ’ἀπέσταλμαι
2826 2521 2841 2544 ,
2892 2482 2980 2535 ἴνα
3023 2497 3127 2552 μου
3154 2484 3247 2536 καὶ
3278 2484 3427 2555 αὐτῷ
3447 2485 3592 2556 δηλῶ
3625 2488 3704 2557 τῷ

436 2598 584 2648 CIIII},
627 2583 718 2651 qui
752 2598 813 2635 ex
849 2587 901 2634 te
924 2579 1155 2649 Virgine
1196 2582 1523 2634 intemerata
1556 2580 1817 2649 gignitur,
1851 2578 2018 2633 Deum

2136 2572 2371 2643 5νόματι,
2431 2572 2507 2635 ὡς
2554 2572 2687 2636 Θεὸς
2734 2573 2972 2643 ὑπάρχει
3006 2575 3100 2627 καὶ
3132 2574 3473 2646 ἄνθρωποςό
3515 2579 3580 2631 ὲκ
3610 2579 3703 2632 σοῦ

438 2675 643 2746 ριιίιοι·
685 2689 808 2727 esse
843 2682 1007 2743 atque
1054 2672 1355 2727 hominem.
1399 2670 1532 2725 Nam
1582 2681 1637 2726 et
1671 2673 1774 2727 hoc
1820 2688 2019 2727 nomen

2136 2666 2223 2733 τῆς
2246 2667 2517 2737 ἁχράντου
2546 2666 2826 2735 Παρθένου
2858 2667 3201 2736 τικτόμενος.
3235 2669 3346 2722 Καὶ
3384 2670 3493 2741 γάρ
3523 2672 3617 2724 καὶ
3646 2673 3705 2725 τὸ

440 2765 679 2827 Gabriel,
734 2764 777 2817 si
815 2762 883 2816 ad
920 2761 1434 2831 interpretationem
1486 2760 1816 2826 deducatur,
1852 2761 2016 2817 Deum

2136 2756 2391 2825 Γαϐριὴλ
2406 2757 2590 2827 ῦνομα
2625 2760 2706 2819 εἷς
2753 2759 3051 2829 ἑρμηνείαν
3099 2759 3387 2831 ἀγόμενον,
3412 2762 3546 2815 Θεὸν
3578 2766 3706 2831 ἀγο-

436 2858 601 2911 simul
641 2868 806 2924 atque
838 2855 1114 2909 hominem
1148 2854 1402 2909 enuntiat
1439 2853 1572 2924 (40).
1600 2853 1855 2910 Profecto
1891 2870 2016 2909 cum

2136 2846 2273 2899 οεύει
2325 2848 2420 2900 καὶ
2452 2845 2755 2917 ἄνθρωπον.
2805 2848 2960 2901 Ἐπεὶ
3014 2849 3199 2902 πολλοὶ⁵
3229 2849 3354 2904 κατ’
3398 2852 3627 2924 οὐρανὸν
3662 2853 3710 2884 ⁸⁸⁸

439 2950 596 3001 inulti
636 2949 688 3000 in
723 2947 864 3000 coelo
888 2951 1077 2999 essent
1117 2943 1319 3015 angeli,
1365 2943 1578 2997 nullmn
1610 2954 1792 2996 tamen
1824 2958 2017 2997 eorum

2136 2942 2420 3011 ἐτύγχανον
2447 2941 2690 3011 ἄγγελοι,
2731 2942 2846 2996 ἀλλ’
2885 2944 3081 2997 οὐδένα
3121 2944 3331 2999 τούτων
3377 2947 3582 3000 στεῖλαι
3611 2946 3703 3018 βε-

437 3039 767 3094 mittendum
804 3036 1056 3101 censuit‘;
1121 3038 1220 3091 sed
1275 3052 1380 3101 Ine,
1431 3035 1524 3105 qui
1576 3051 1721 3090 unus
1771 3052 1837 3089 ex
1885 3035 2019 3106 ipsis

2136 3032 2412 3087 δούλευται
2442 3035 2486 3067 ⁸³
2507 3050 2523 3065 ·
2559 3034 2674 3087 ἀλλ’
2709 3034 2833 3105 ἐμὲ,
2862 3036 2953 3088 τὸν
2976 3036 3187 3090 τούτων
3215 3037 3311 3090 ἕνα
3350 3038 3703 3107 φαινόμενον.

430 3148 658 3195 noscar,
713 3122 1077 3199 nominorque
1127 3126 1369 3193 Gabriel,
1426 3125 1550 3183 ideo
1594 3127 1763 3192 misit,
1815 3134 1873 3180 ut
1911 3142 2020 3182 non

2136 3123 2365 3195 Γαϐριὴλ
2393 3125 2449 3178 δὲ
2482 3124 2902 3195 ὀνομαζόμενον,
2937 3125 3205 3196 ἔπεμψεν,
3263 3128 3349 3181 ἵνα
3407 3126 3504 3182 καὶ
3562 3128 3708 3201 λόγῳ

437 3226 615 3279 Sultlm
651 3220 933 3291 alloquiis,
980 3219 1076 3274 sed
1107 3228 1161 3275 et
1199 3234 1320 3275 meo
1368 3220 1488 3288 ipso
1536 3218 1760 3274 nomine
1809 3219 2021 3289 perspi-

435 3332 537 3370 rue
566 3314 663 3368 tihi
696 3312 1086 3382 significarem,
1114 3327 1240 3367 eum
1272 3311 1365 3381 qui
1397 3326 1461 3365 es
1497 3319 1551 3365 te
1575 3309 1890 3366 nasciturus
1912 3318 2015 3376 est,

432 3404 604 3457 Deum
637 3402 799 3457 simul
837 3402 1223 3470 hominemque
1253 3398 1539 3462 exsistere,
1564 3406 1733 3468 atque
1768 3416 1786 3449 ι
1826 3399 2017 3452 omnia

439 3496 605 3551 verbo
637 3493 858 3547 virtutis
905 3506 1022 3547 sum
1053 3500 1274 3560 portare
1329 3491 1397 3556 ³⁸,
1461 3509 1479 3542 ι
1538 3498 1613 3554 et,
1666 3490 1873 3563 quippe
1921 3492 2016 3562 qui

436 3599 663 3645 sanctus
709 3586 801 3649 sit,
852 3584 1240 3637 universorum
1277 3597 1499 3653 quoque
1536 3583 1823 3638 hominum
1875 3598 2015 3640 san—

436 3684 809 3736 ctilicaturnm
848 3669 1220 3741 nativitatem,
1246 3685 1301 3733 et
1327 3678 1799 3733 Filiumvocatum
1832 3679 1897 3733 iri
1926 3678 2018 3732 Al-

438 3775 659 3831 tissimi,
714 3780 876 3841 atque
930 3786 1027 3826 eos
1075 3770 1165 3837 qui
1225 3770 1280 3823 in
1338 3771 1519 3839 ipsum
1575 3769 1822 3835 credant,
1877 3769 2018 3825 lilios

437 3852 703 3921 Altissimi
738 3880 834 3932 per
866 3863 1095 3934 gratiam
1142 3862 1492 3918 effecturum.
1535 3861 1804 3917 Caeterum
1837 3862 2017 3917 verbis

434 3959 594 4024 meis,
631 3973 663 4011 o
696 3955 886 4026 Virgo,
934 3956 1091 4008 Ιῖιίιιιιι
1129 3955 1267 4009 habe
1301 3974 1313 4009 :
1373 3954 1489 4009 lure
1522 3953 1666 4008 enim
1716 3954 1893 4024 reipsa
1951 3969 2018 4007 ex

435 4051 581 4103 omni
622 4060 774 4119 parte
804 4048 1198 4117 implclntntur.
1254 4044 1397 4102 ‘Vera
1458 4044 1730 4115 siquidem
1773 4045 1870 4099 tibi
1935 4044 2010 4097 lo-

434 4156 595 4211 quor,
627 4146 814 4208 utpote
846 4137 1094 4190 veritatis
1126 4132 1308 4205 prae?)
1342 4149 1405 4188 ac
1447 4135 1694 4188 nuntius.

508 4231 682 4298 Atque
712 4241 769 4282 ιιι
800 4229 853 4282 in
900 4227 1005 4281 title
1038 4227 1261 4280 immota
1310 4240 1655 4294 perseveres.
1689 4226 1755 4279 ad
1809 4226 2019 4282 ﬁrmius

2120 3215 2200 3287 τῷ
2229 3215 2346 3285 ἐμῷ
2385 3216 2478 3269 καὶ
2503 3217 2732 3283 ὀνόματι
2755 3216 2984 3287 δηλώσω
3020 3234 3103 3271 σοι
3134 3219 3324 3288 σαφῶς
3366 3220 3459 3274 τὸν
3512 3223 3576 3275 ὲκ
3608 3221 3703 3274 σοῦ

2119 3306 2541 3378 τεχθησόμενον,
2592 3308 2670 3371 ώς
2721 3307 2856 3372 θεός
2904 3310 3023 3361 ἐστι
3089 3309 3186 3363 καὶ
3243 3310 3531 3381 ἄνθρωπος
3556 3353 3573 3376 ,
3609 3313 3706 3366 καὶ

2129 3416 2148 3448 ι
2186 3398 2365 3453 πάντα
2390 3400 2546 3470 φέρει
2594 3399 2673 3470 τῷ
2701 3401 2802 3469 τῆς
2823 3400 3035 3465 οικείας
3080 3402 3369 3472 δυνάμεως
3396 3405 3628 3475 ῥήματιο
3680 3424 3699 3455 ι

2120 3490 2237 3555 καὶ,
2267 3490 2520 3559 ώςιᾶγιος
2546 3491 2653 3562 εἴη,
2677 3492 2771 3545 καὶ
2801 3492 2909 3546 τών
2934 3493 3192 3547 ἁπάντων
3214 3496 3519 3568 ἀνθρώπων
3543 3499 3707 3566 άγιάο

2121 3600 2202 3636 σοι
2229 3583 2330 3653 τὴν
2357 3582 2629 3652 γέννησιν,
2664 3585 2757 3637 καὶ
2787 3583 2862 3648 ὡς
2892 3584 3021 3649 Υἱὸς
3055 3586 3312 3657 Ὑψίστου
3347 3589 3702 3661 κληθήσεται,

2120 3677 2215 3729 καὶ
2235 3675 2385 3738 υἱοὺς
2432 3674 2689 3744 Ὑψίστου
2724 3677 2970 3746 ποιήσειε
3014 3678 3202 3749 χάριτι
3239 3682 3367 3743 τοὺς
3419 3683 3499 3744 είς
3541 3668 3706 3734 αὑτὸν

2120 3767 2496 3831 πιστεύοντας.
2531 3766 2732 3822 Λοιπὸν
2752 3770 2865 3831 τοῖς
2894 3768 3073 3837 ἐμοῖς,
3108 3764 3153 3823 ὦ
3180 3771 3442 3839 Παρθένε,
3479 3772 3703 3825 πίστευε

2122 3860 2334 3930 ῥήμασι
2352 3876 2367 3890 ·
2395 3858 2614 3920 πάντως
2639 3858 2747 3928 γὰρ
2783 3849 2931 3911 οὗτοι
2957 3859 3005 3890 ⁷⁸
3044 3861 3450 3930 πραγματικῶς
3475 3861 3670 3931 πληρω
3689 3893 3701 3902 -

2121 3950 2397 4021 θήσονται.
2444 3950 2719 4020 Ἀληθεύω
2771 3950 2881 4017 γάρ
2912 3966 2996 4003 σοι
3027 3951 3421 4021 φθεγγόμενος,
3456 3952 3532 4015 ώς
3568 3953 3703 4021 ἀληο

2121 4042 2272 4107 θείας
2302 4042 2480 4114 κήρυξ
2512 4043 2605 4097 καὶ
2634 4042 2884 4112 ἄγγελος.

2195 4225 2304 4278 Καὶ
2338 4226 2472 4296 πρὸς
2506 4226 2605 4297 σὴν
2630 4225 3005 4297 πληροφορίαν
3047 4225 3143 4278 καὶ
3182 4226 3447 4278 πῐστωσιν
3484 4224 3703 4294 μείζονα

435 4329 819 4391 argumentum
880 4336 943 4372 ac
995 4326 1209 4372 certum
1264 4315 1529 4370 indicium
1585 4317 1790 4383 exitus,
1856 4332 2016 4389 quem

2136 4316 2222 4384 τῆς
2262 4315 2369 4369 τῶν
2418 4317 2568 4386 ὲμῶν
2608 4316 2875 4387 ῥημάτων
2925 4312 3280 4385 πληρώσεως.
3330 4314 3422 4366 καὶ
3478 4314 3704 4382 σημεῖον

436 4427 620 4466 sermo
652 4427 806 4465 meus
833 4412 1117 4472 sortietur,
1147 4416 1200 4461 et
1226 4406 1334 4462 hoc
1379 4406 1522 4461 haud
1565 4423 1765 4476 auceps
1796 4408 2013 4478 signum

2136 4408 2511 4479 ἰιναντίῤῥητον
2540 4406 2754 4477 δίδωμι,
2787 4407 2935 4467 ὅπως
2970 4407 3153 4475 μένοις
3200 4403 3329 4474 περὶ
3384 4403 3490 4473 τὴν
3520 4403 3702 4454 πίστιν

434 4505 699 4572 pra-beo:
754 4522 772 4553 ι
814 4503 951 4557 l'iccc
1005 4499 1151 4555 enim
1212 4498 1487 4553 Elisabeth
1551 4509 1780 4567 cognata
1832 4511 1923 4554 tua
1967 4509 2021 4555 et

2136 4504 2450 4567 ὶσάλευτος·
2480 4523 2498 4555 ι
2545 4502 2677 4556 Ἰδοὺ
2706 4503 2815 4573 γάρ
2852 4500 3157 4566 Ἐλισάϐετ,
3192 4501 3225 4568 ἠ
3284 4501 3551 4568 συγγενής
3588 4515 3702 4563 σου,

435 4596 555 4663 ipsa
595 4595 846 4665 coiucepit
878 4593 1049 4646 illium
1083 4592 1139 4645 in
1169 4597 1456 4645 senectute
1507 4606 1639 4657 sua;
1670 4599 1727 4643 et
1758 4592 1845 4644 hic
1868 4606 2020 4647 men-

2136 4598 2213 4650 ιαί
2238 4596 2375 4664 αὐτὴ
2400 4596 2757 4665 συνειληφυῖα
2778 4596 2891 4647 υἱὸν
2918 4595 2977 4647 ὲν
3006 4596 3165 4663 γήρει
3196 4592 3398 4660 αὐτῆς·
3434 4593 3521 4645 καὶ
3551 4585 3705 4655 οὗτος

438 4687 516 4740 sis
551 4693 745 4741 sextus
784 4694 866 4741 est
896 4684 1007 4750 illi,
1039 4697 1161 4753 qua:
1195 4691 1423 4737 vocatur
1466 4684 1709 4748 sterilis;
1736 4685 1863 4753 quia
1911 4701 2018 4740 non

2136 4688 2228 4758 ιὴν
2260 4688 2420 4751 ἕκτος
2454 4689 2603 4740 ἐστὶν
2642 4688 2781 4758 αὐτῇ
2805 4688 2871 4757 τῇ
2900 4684 3215 4754 καλουμένῃ
3238 4680 3420 4753 στεῖρτ
3451 4700 3463 4713 °
3495 4683 3578 4737 ὅτι
3602 4681 3705 4734 οὐκ

504 4827 548 4859 ³³
576 4825 790 4881 Coluss.
829 4840 871 4889 I,
909 4825 996 4878 17.
1073 4823 1117 4854 ³⁸
1140 4820 1304 4876 Hebr.
1349 4837 1402 4884 ι,
1430 4821 1483 4875 5.

1695 4912 1921 4967 VARI/ﬁ
1958 4911 2251 4969 LECTION
2262 4914 2363 4968 ES.

508 5016 551 5044 es
590 5013 709 5067 Nic.
744 5011 863 5066 κατ’
897 5010 1124 5082 οὐρανὸν
1160 5007 1365 5063 πολλοί.
1438 5008 1481 5038 ⁸⁸
1513 5005 1633 5061 Nic.
1677 5023 1730 5078 p.
1757 5006 1864 5061 2Ξὸ
1897 5006 2248 5083 βεϐούληται.
2329 5009 2375 5038 ⁷⁰
2405 5008 2483 5062 lla
2524 5006 2652 5060 cod.
2683 5015 2739 5061 et
2766 5007 3111 5077 subintellig.
3145 5006 3315 5076 λόγοι.

1926 5096 2160 5152 NOTAE.

437 5199 594 5256 eheni
647 5196 711 5249 all
762 5194 1132 5251 Theodosium
1186 5192 1653 5255 Alexamlrinum,
1711 5190 1872 5260 cujus
1923 5206 2017 5264 ex.
2124 5194 2197 5248 rit
2229 5192 2635 5262 interpretatio,
2656 5192 2787 5247 licet
2809 5191 2876 5248 ad
2908 5192 3330 5264 signiﬁcandum
3357 5192 3704 5263 pertrahatur

437 5280 684 5339 rcrptum
734 5283 799 5321 ex
851 5267 1089 5339 Arabico
1140 5265 1338 5339 fodico
1389 5264 1633 5339 vulgavit
1682 5263 2019 5339 cmi_n_entis-
2124 5279 2235 5339 non
2261 5266 2479 5332 quidem
2507 5263 2780 5339 duplicem
2811 5263 3019 5339 Christi
3046 5263 3258 5339 Domini
3293 5277 3573 5339 naturam,
3612 5265 3706 5317 sed

438 5332 614 5396 simus
644 5339 821 5391 Maius
857 5333 1282 5407 (Spicil._Rom.
1327 5345 1461 5407 tum.
1502 5333 1606 5407 ιιι.
1640 5348 1707 5407 Διτ.
1745 5332 1903 5407 ΗΞ),
1938 5335 2020 5387 sic
2125 5336 2311 5404 potius
2356 5333 2865 5407 reconciliationem
2911 5336 3057 5407 inter
3101 5334 3271 5407 Deum
3307 5344 3378 5407 et
3411 5338 3705 5407 humanum

438 5414 627 5462 ιικιιυιιι
666 5401 1004 5461 recurrunt:
1064 5403 1346 5460 Ennium
1388 5404 1483 5459 Dei
1532 5403 1778 5475 l’erbum_.
1836 5401 2020 5457 Patria
2122 5401 2295 5475 genus
2322 5420 2425 5473 0pc
2459 5404 2661 5459 divinae
2687 5405 3089 5460 incarnationis
3131 5404 3545 5475 perficiendam.
3588 5406 3710 5458 Cte-

438 5484 628 5571 "f"lu53
675 5496 769 5546 μεν
796 5494 851 5531 δε
891 5477 1158 5548 Virginem
1199 5475 1563 5537 οδηηιθιάυίίο
1610 5476 1689 5526 ³⁴¹ί
1730 5473 2022 5545 Εναηθθίτα
2127 5473 2301 5548 terum
2338 5503 2525 5549 notum
2557 5499 2643 5546 est
2681 5490 3009 5547 llebraieam
3049 5473 3235 5550 vocem
3265 5478 3480 5571 HVJ-1;;
3512 5507 3608 5563 pro
3639 5505 3708 5546 co

438 5554 647 5679 (latim.
671 5619 726 5672 In
752 5617 1086 5675 S.Germani
1117 5618 1223 5673 (ΣΡ.
1247 5616 1493 5687 ejusdem
1522 5630 1841 5683 arpi-:eseus
1862 5631 2026 5684 argu-
2133 5601 2391 5670 ‘lS'lrpm‘i
2428 5600 2575 5670 (ιιιοά
2607 5608 2694 5656 εει
2724 5603 2802 5655 νίν
2830 5599 2951 5656 Dei-

441 5689 611 5746 mcnti
629 5693 878 5745 oratione
896 5689 951 5759 (§
977 5688 1068 5753 46)
1085 5686 1285 5744 eadem
1303 5688 1538 5742 nunnnis
1556 5686 1814 5743 Gal-ridis
1838 5701 2030 5741 recur-
