4022 6206
440 323 583 388 3287

1278 329 1341 390 S.
1376 329 1797 394 SOPHRONII
1827 335 2333 403 PATRIARCHIE
2366 346 2775 409 HIEROSOL.

3572 347 3709 413 3283

439 451 661 494 onmem
725 436 1029 510 fulgorem,
1089 452 1418 510 omnemque
1482 441 1721 499 nitorem
1781 454 2013 517 superat

2131 450 2513 527 λαμπρότητα,
2557 459 2653 518 καὶ⁵
2687 458 2871 511 πᾶσαν
2893 456 3182 527 ὑπεραίρει
3219 457 3573 527 φαιδρότητα,
3615 463 3710 513 καὶ

434 538 608 598 atque
645 543 863 583 omnem
897 530 1162 583 obscurat
1190 534 1580 588 venustatem?
1624 532 1924 606 Propterea
1960 539 2027 594 ad

442 638 542 677 vos
576 632 887 686 consortes,
924 620 1227 693 eademque
1272 625 1549 695 sapientes
1593 628 1794 693 clamo,
1827 638 1884 684 et
1914 632 2030 686 cla-

443 726 621 777 mans,
655 731 675 766 ‹
706 715 919 770 Bonum
952 716 1230 781 nuntium,
1272 718 1476 775 bonum
1515 722 1793 788 nuntium,
1823 722 2028 778 bonum

442 806 717 870 nuntium,
752 825 773 859 ι
807 821 918 860 non
951 807 1148 862 satior.
1179 809 1503 865 Sermonem
1526 826 1826 868 excurrere
1849 813 2029 868 adhuc

438 899 710 954 volentem
750 910 804 956 et
846 902 1081 959 ulterius
1128 905 1383 974 expedito
1411 920 1607 977 gressu
1642 908 1893 978 progredi
1929 922 2029 963 cu'

440 992 713 1060 pientem,
761 993 1012 1050 cohibeo.
1067 994 1190 1049 Jam
1243 998 1392 1052 enim
1448 996 1701 1055 defessos
1749 999 2028 1056 auditores

441 1099 629 1152 cerno,
675 1098 995 1156 quanquam
1031 1088 1349 1145 sublimium
1395 1089 1880 1145 annuntiationum
1926 1107 2026 1145 no—

441 1188 680 1232 strarum
723 1179 1010 1235 auditione
1053 1179 1297 1235 nondum
1351 1180 1602 1235 satiatos.
1645 1179 1910 1250 Spiritum
1949 1181 2026 1235 si-

436 1270 659 1334 quidem
684 1279 996 1342 promptum
1020 1271 1260 1337 habetis,
1287 1272 1382 1330 sed
1409 1288 1633 1328 carnem
1660 1274 1933 1328 iniit-mam
1952 1272 2021 1342 ”;

432 1363 694 1431 quoniam
725 1372 781 1419 et
807 1352 1083 1421 sermonis
1104 1365 1359 1420 satietate
1382 1365 1665 1430 tenemini,
1698 1372 1753 1420 et
1780 1365 2022 1420 laborem

436 1454 583 1509 ferre
634 1456 869 1511 ulterius
918 1472 1027 1511 non
1069 1458 1288 1512 valetis.
1339 1456 1468 1513 Scio
1501 1468 1684 1514 autem
1719 1457 2023 1513 satietatem

324 1550 333 1553 '
435 1548 730 1609 sermonis,
772 1556 897 1603 utut
943 1548 1164 1604 divinus
1204 1548 1298 1604 hic
1336 1549 1408 1605 sit
1452 1556 1508 1603 et
1545 1547 1824 1612 sublimis,
1856 1546 2021 1603 etiam

435 1637 698 1695 audiendi
733 1637 1006 1693 alacritati
1048 1638 1330 1694 inimicam
1363 1654 1508 1702 esse,
1543 1639 1851 1708 prasertim
1885 1651 2018 1693 vero

436 1728 482 1782 si
518 1728 643 1798 quis
686 1728 742 1784 in
782 1731 1135 1785 sermonibus
1185 1729 1479 1785 audiendis
1512 1727 1581 1783 ad
1614 1728 1898 1786 fastidium
1950 1729 2022 1783 sit

2131 546 2313 599 πᾶσαν
2333 548 2380 580 ⁹⁰
2427 548 2779 619 ἀποκρύπτει
2828 549 3182 620 κομψότητας
3232 549 3328 602 καὶ
3355 550 3400 580 ⁹¹
3429 549 3519 603 διὰ
3551 549 3708 603 τοῦτο

2131 635 2240 704 βοῶ
2260 637 2396 706 πρὸς
2423 640 2551 702 τοὺς
2577 639 2869 701 κοινωνοὺς
2892 639 3035 710 ὑμᾶς
3058 640 3152 692 καὶ
3167 641 3478 710 ὁμόφρονας
3493 653 3508 667 ⁸
3532 641 3702 703 xui",

2133 745 2150 772 ι
2183 718 2521 794 Εὖαγγέλια,
2546 726 2862 795 εὐαγγέλια,
2886 725 3203 795 εὐαγγέλια,
3231 745 3249 777 ι
3275 724 3412 795 βοῶν
3434 724 3494 776 οὐ
3517 724 3707 794 κορέν-

2133 830 2326 883 νυμαι.
2361 815 2482 869 Ἔτι
2510 816 2727 886 τρέχειν
2757 814 3076 885 βουλόμενον
3103 818 3198 869 καὶ
3226 815 3407 878 καλῶς
3427 816 3705 886 εὐδρομεῖν

2128 904 2434 976 ἐφιέμενον,
2496 909 2679 978 ὲπέχω
2705 909 2798 961 τὸν
2835 906 3013 976 λόγον.
3053 907 3418 977 Κεκμηκότας
3452 906 3563 975 γὰρ
3596 905 3706 974 ὁρῶ

2128 996 2254 1060 τοὺς
2280 996 2581 1062 ἀκούοντας
2599 1039 2613 1063 ,
2653 997 2751 1051 καὶ
2775 997 2947 1051 ταῦτα
2980 998 3055 1067 μὴ
3083 995 3441 1068 κορεσθέντας
3470 996 3570 1065 τῆς
3599 997 3703 1048 τῶν

2131 1087 2292 1159 ιερῶν
2340 1089 2673 1159 εὐαγγελίων
2717 1091 2878 1161 ἡμῶν
2942 1088 3278 1159 ἀκροάσεως.
3328 1088 3403 1140 Τὸ
3448 1080 3546 1158 μὲν
3596 1086 3705 1157 γὰρ

2127 1181 2344 1251 πνεῦμα
2392 1183 2673 1252 πρόθυμον
2710 1181 2886 1252 ἔχετε,
2926 1179 3041 1236 ἀλλ’
3084 1181 3287 1251 ἀσθενῆ
3339 1179 3439 1249 τὴν
3477 1180 3655 1249 σάρκα
3686 1195 3701 1211 ο

2127 1274 2249 1326 ἐπεὶ
2293 1274 2390 1327 καὶ
2440 1274 2601 1341 λόγου
2658 1276 2819 1346 κόρον
2872 1271 3222 1344 περίκεισθε,
3263 1274 3357 1324 καὶ
3391 1269 3485 1322 ἐπὶ
3522 1270 3705 1322 πλεῖον

2129 1364 2351 1436 μοχθεῖν
2378 1367 2481 1421 οὐκ
2510 1367 2746 1438 ἰσχύετε.
2771 1363 2904 1420 Οἶδα
2951 1366 3009 1420 δὲ
3042 1367 3157 1427 ταῖς
3191 1363 3382 1427 ἀκοαῖς
3414 1363 3508 1415 καὶ
3542 1362 3702 1429 λόγου

2126 1459 2288 1529 κόρον
2312 1458 2592 1528 πολέμιον,
2618 1457 2723 1513 κᾶν
2752 1458 2894 1522 θεῖος
2984 1458 3079 1511 καὶ
3109 1455 3432 1527 ὑπέρτατος,
3468 1454 3564 1506 καὶ
3595 1453 3702 1523 μά-

2124 1550 2283 1602 λιςτα
2307 1551 2429 1613 ταῖς
2467 1549 2747 1623 ἁψικόρως
2772 1550 2819 1582 ’⁸
2855 1550 2991 1620 πρὸς
3016 1549 3189 1617 λόγων
3215 1548 3341 1616 ἑχού
3354 1563 3470 1608 παις
3495 1547 3701 1617 ἀκρόα-

2125 1656 2232 1694 σιν.
2274 1640 2458 1711 Ἱερῶς
2499 1644 2679 1695 τοίνυν
2721 1642 2816 1697 καὶ
2859 1640 3081 1710 ὑψηλῶς
3122 1640 3232 1693 τῶν
3279 1638 3500 1708 ὑψηλῶν
3538 1638 3701 1708 ήμῶν

2123 1730 2458 1799 εὐαγγελίων
2488 1730 2584 1784 καὶ
2636 1731 2799 1802 ἱερῶν
2838 1729 2936 1803 τὴν
2962 1728 3171 1800 ὑψηλὴν
3196 1728 3290 1782 καὶ
3327 1726 3701 1799 ἱερὰνἹορτὴν

433 1796 667 1888 pronus.
705 1819 907 1877 Sancte
937 1821 1106 1892 igitur
1137 1831 1191 1878 et
1227 1821 1451 1879 sublimi
1495 1808 1661 1878 sensu
1704 1820 2013 1876 sublimium

2119 1796 2469 1895 soprdcwpav
2496 1839 2510 1851 ·
2537 1822 2632 1876 καὶ
2665 1796 2832 1887 ἀξίως
2865 1796 3035 1892 αὐτὴν
3058 1796 3156 1875 καὶ
3181 1796 3501 1891 πρεπόντως
3528 1818 3699 1885 τιμή-

434 1929 500 1968 ac
554 1924 873 1970 sanctarum
930 1914 1415 1970 annuntiationum
1476 1922 1792 1970 nostrarum
1848 1912 2021 1968 subli-

434 2020 578 2062 mem
635 2017 994 2078 sanctamque
1055 2008 1401 2064 celebremus
1459 2005 1900 2069 solemnitatem,
1955 2018 2020 2058 ac

431 2099 599 2168 «ligno
640 2101 815 2169 ipsam
865 2114 930 2154 ac
969 2099 1184 2154 decenti
1238 2098 1455 2153 honore
1503 2110 1927 2166 prosequamur,
1958 2103 2018 2148 ut

430 2205 529 2259 per
585 2191 761 2260 ipsam
826 2190 1187 2247 invictissime
1246 2202 1657 2261 consequamur
1713 2188 1856 2247 bona
1919 2186 2013 2241 illa

430 2282 696 2347 cmiestia,
718 2297 954 2351 quorum
989 2284 1106 2353 ipsa
1138 2284 1297 2339 nobis
1322 2283 1480 2338 radix
1504 2292 1560 2338 et
1582 2281 1731 2344 fons,
1755 2290 1811 2335 et
1840 2288 2016 2335 mater

429 2373 685 2443 apparuit
717 2373 772 2427 in
805 2374 929 2444 ipso
955 2372 1180 2431 Christo
1208 2372 1338 2430 Jesu
1367 2373 1604 2429 Domino
1631 2382 1848 2437 nostro,
1881 2386 2021 2442 qun-

2121 1932 2304 1984 σωμεν
2329 1931 2343 1944 ο
2372 1914 2459 1967 ἵνα
2491 1913 2559 1968 δι’
2589 1914 2763 1984 αὐτῆς
2782 1914 3106 1985 ἀμαχότατα
3138 1912 3246 1966 τῶν
3275 1910 3541 1980 οὐρανίων
3565 1909 3701 1975 ἀγα-

2120 2006 2231 2059 θῶν
2262 2005 2610 2076 ὲπιτύχωμεν
2645 2021 2658 2034 ·
2694 1999 2772 2058 ὧν
2803 2006 2934 2075 ἡμῖν
2959 2002 3098 2072 αὕτη
3138 2003 3264 2073 ῥίζα
3295 2002 3392 2053 καὶ
3423 1999 3573 2068 πηγὴ
3606 1997 3700 2063 καὶ

2118 2098 2411 2170 γεννήτρια
2440 2098 2701 2168 πέφηνεν,
2724 2098 2785 2150 ὲν
2813 2095 2964 2166 αὐτῷ
3001 2093 3224 2163 Χριστῷ
3260 2090 3435 2162 Ἰησοῦ
3470 2090 3547 2160 τῷ
3580 2090 3697 2143 Κυ-

2122 2189 2222 2261 ριῳ
2249 2189 2426 2261 ἡμῶν,
2463 2190 2583 2259 μεθ’
2613 2182 2674 2244 οὗ
2703 2189 2781 2261 τῷ
2810 2187 2985 2259 lla-:91
3017 2186 3114 2241 καὶ
3140 2183 3218 2255 τῷ
3251 2184 3391 2252 ἁγίῳ
3420 2179 3702 2249 Πνεύματι

2120 2282 2267 2348 δόξα,
2321 2282 2477 2354 τιμὴ,
2531 2283 2756 2353 κράτος,
2807 2277 3189 2354 μεγαλωσύνη,
3223 2277 3303 2339 εἰς
3325 2274 3454 2337 τοὺς
3493 2271 3695 2339 αἰῶνας

2122 2374 2233 2427 τῶν
2263 2374 2492 2430 αἰώνων.
2539 2376 2735 2446 Ἀμήν.

428 2479 556 2518 cum
591 2464 741 2520 Patri
782 2475 838 2522 et
874 2476 1069 2522 sancto
1115 2466 1345 2537 Spiritui
1377 2464 1577 2537 gloria,
1611 2465 1809 2528 honor,
1840 2463 2016 2532 impc-
2122 2494 2129 2503 ι

430 2556 596 2624 tium,
630 2555 891 2631 maiestas
924 2557 980 2612 in
1011 2559 1209 2614 sarcula
1240 2557 1599 2613 saeculorum.
1628 2555 1823 2613 Ament

1980 2821 2095 2881 III.

1460 2978 1649 3034 Oratio
1674 2936 1739 3031 de
1766 2974 2078 3045 Hypapante
2101 2973 2209 3028 sive
2239 2986 2459 3025 accursu
2497 2968 2731 3034 Domini,

636 3088 714 3145 Er
757 3105 861 3146 ms.
889 3088 1079 3145 Grateo
1102 3085 1344 3143 Medieeo
1381 3085 1547 3158 Regis
1580 3084 1845 3141 Franciae.
1875 3081 2033 3137 Edid.
2065 3080 2391 3135 Bollandist.
2439 3079 2559 3133 Act.
2597 3076 2810 3144 Sanct.,
2831 3075 3093 3133 Februar.
3125 3084 3165 3130 t.
3189 3072 3233 3147 lg,
3266 3088 3323 3145 p.
3346 3070 3480 3128 274.

458 3452 590 3509 Car.
632 3453 675 3508 ι.
714 3450 973 3523 Mystert'tt
1012 3451 1211 3523 Christi
1257 3449 1593 3505 celebranda.
1649 3450 1827 3520 Hujus
1887 3451 2007 3520 festi
2033 3456 2078 3513 ο
2111 3449 2558 3506 observationem
2583 3447 3115 3519 inquisitionemque
3161 3451 3277 3510 Dei.
3309 3462 3564 3516 vanoque
3613 3462 3686 3501 ex

1056 3522 1385 3577 solemnitaa.

497 3635 551 3692 1.
578 3633 742 3687 Aliud
771 3631 975 3687 Christi
1002 3640 1087 3687 est
1118 3631 1221 3686 hoc
1246 3630 1595 3702 mysterium,
1629 3631 1737 3685 alia
1765 3632 1883 3687 haec
1917 3641 2005 3688 est

427 3724 634 3780 Christi
665 3725 759 3780 Dei
798 3724 975 3779 nostri
1006 3723 1436 3794 magnificentia.
1468 3723 1661 3794 Magna
1685 3724 1834 3779 enim
1859 3740 2006 3779 sem-

427 3831 525 3885 per
552 3825 685 3871 sunt
726 3815 877 3871 illius
912 3816 1196 3876 miracula,
1234 3822 1292 3868 ut
1315 3829 1439 3884 qua:
1472 3813 1785 3869 orationum
1821 3814 2007 3870 aditus

426 3921 803 3978 accessusque
823 3907 1050 3961 vincant
1089 3906 1362 3970 onmium,
1407 3906 1701 3974 carnisque
1738 3906 2007 3960 excedant

424 3998 683 4051 virtutem
712 3998 1020 4067 sapientiae,
1047 4011 1158 4051 non
1186 3996 1442 4051 humana
1485 3996 1671 4060 modo,
1708 3996 1802 4051 sed
1833 3996 2002 4051 etiam

423 4084 834 4154 angelicarum,
887 4098 1191 4154 earumque
1242 4099 1364 4154 quae
1402 4084 1506 4138 sub
1554 4067 1840 4153 aspectum
1893 4098 2002 4138 non

424 4177 655 4242 eadunt,
686 4175 992 4231 Virtutum.
1041 4176 1235 4230 Sermo
1264 4191 1504 4245 namque
1535 4184 1591 4230 et
1636 4176 1822 4245 lingua
1854 4191 2004 4245 qtae-

422 4271 569 4334 dam,
600 4285 723 4338 qua:
765 4284 798 4322 a
845 4268 1003 4323 nobis
1052 4266 1368 4322 hominibus
1439 4265 1832 4336 comprehendi
1904 4282 2003 4321 ne-

421 4367 614 4425 queat,
643 4358 974 4413 coelestibus
1006 4357 1222 4427 angelis
1261 4371 1512 4414 seorsum
1548 4357 1677 4410 data
1712 4366 1816 4411 est.
1849 4355 2004 4423 Qua-

423 4456 647 4518 propter
679 4456 734 4503 et
765 4462 964 4517 magna
994 4458 1128 4503 voce
1148 4463 1273 4502 eum
1303 4461 1504 4519 magno
1535 4445 1707 4500 Paulo
1730 4448 2004 4503 exclama-

422 4541 540 4594 bo:
595 4537 696 4595 Ubi
747 4537 1008 4606 sapiens?
1057 4535 1158 4592 Ubi
1209 4537 1438 4593 scriba?
1491 4535 1597 4592 Ubi
1648 4538 1996 4607 conquisitor

420 4632 582 4699 lmjus
613 4634 838 4688 saeculi?
873 4632 1004 4686 »⁸³οί
1043 4630 1147 4688 Ubi
1186 4633 1469 4689 rhetorum
1499 4626 1860 4689 ornamenta?
1901 4634 2002 4692 Ubi

427 4724 523 4793 piri
548 4726 881 4795 osophorum
907 4725 1279 4796 problemata?
1306 4725 1404 4780 Ubi
1423 4725 1903 4796 grammaticorum
1921 4727 2003 4782 fa-

2110 3557 2300 3597 errore
2326 3541 2786 3611 resipiscendum,
2812 3538 3118 3594 incredulis
3133 3537 3390 3608 gentibus
3416 3534 3690 3592 data.Ve-

2119 3652 2239 3689 rum
2286 3654 2305 3685 ι
2336 3634 2465 3704 quia
2506 3647 2604 3702 per
2633 3632 2824 3686 mundi
2872 3632 3199 3701 sapientiam
3262 3646 3373 3684 non
3429 3628 3688 3700 cognovit

2109 3726 2351 3781 mundus
2382 3725 2548 3780 Deum
2572 3763 2588 3787 ,
2627 3723 2833 3790 placuit
2851 3722 2959 3776 Deo
2991 3737 3088 3791 per
3116 3721 3402 3776 stultitiam
3422 3719 3716 3790 medica--

2111 3819 2279 3873 tionis
2306 3817 2491 3873 salvos
2541 3815 2721 3872 facere
2748 3815 3040 3870 credentes
3067 3816 3143 3869 ’.δ
3176 3814 3240 3868 Ει
3264 3814 3381 3868 hac
3401 3812 3526 3880 jure
3555 3827 3683 3866 cum

2106 3909 2277 3964 Paulo
2313 3909 2527 3969 clamo.
2567 3908 2797 3976 ipseque
2841 3905 3007 3960 etiam
3057 3919 3206 3960 nunc
3248 3902 3685 3958 admirabundus

2107 4001 2425 4067 exclamabo
2452 4018 2465 4053 :
2501 4019 2521 4051 ι
2562 3997 2859 4053 Oaltitudo
2887 3998 3206 4052 divitiarum
3237 4005 3292 4052 et
3314 3996 3602 4066 sapientia:
3631 4004 3686 4050 et

2106 4092 2353 4148 scientiae
2392 4090 2486 4145 Dei
2513 4091 2536 4143 τ
2566 4089 2743 4157 Quam
2770 4087 3354 4159 incomprehensibilia
3381 4093 3512 4142 sunt
3532 4084 3683 4154 judi-

2105 4184 2188 4237 cia
2222 4182 2366 4251 ejus,
2399 4189 2455 4237 et
2496 4179 2911 4251 investigabiles
2957 4181 3061 4234 viae
3091 4179 3256 4248 eius?
3309 4176 3502 4232 Nullus
3534 4175 3683 4231 enim

2104 4276 2365 4346 regnavit
2407 4290 2632 4332 sensum
2675 4272 2918 4338 Domini,
2961 4288 3142 4343 neque
3166 4271 3459 4342 quisquam
3492 4268 3685 4323 consi-

2104 4369 2298 4424 liarius
2336 4367 2461 4437 ejus
2508 4365 2613 4422 fuit
2642 4367 2683 4421 ³.
2730 4384 2750 4417 ι
2809 4365 2947 4419 Nam
2995 4378 3106 4434 quo
3159 4364 3323 4419 modo
3365 4376 3455 4418 res
3498 4367 3684 4416 creata

2103 4465 2342 4514 mentem
2377 4458 2557 4512 videat
2589 4456 2935 4522 Conditoris,
2966 4456 3049 4511 vel
3101 4454 3384 4525 ingenium
3431 4451 3683 4506 intellec-

2104 4560 2332 4620 tumque
2397 4549 2543 4605 illius
2627 4550 2806 4621 possit
2847 4546 3360 4618 comprehendere?
3424 4543 3518 4600 Vel
3570 4558 3683 4614 quo

2105 4642 2268 4695 modo
2296 4642 2616 4711 ﬁgmentum
2665 4639 2759 4695 det
2797 4640 3090 4695 consilium
3117 4637 3189 4701 ei,
3236 4636 3334 4706 qui
3362 4637 3541 4705 ipsum
3575 4634 3682 4688 lin-

2104 4732 2268 4800 xerit,
2302 4729 2462 4799 quasi
2498 4729 2860 4785 committenti
2891 4744 2950 4784 se
2971 4726 3214 4797 ﬁgmenti
3248 4725 3506 4787 consilio,
3534 4723 3682 4778 indi-

421 4831 554 4873 cette
612 4820 802 4875 artes?
854 4818 1014 4876 Certe
1044 4820 1272 4877 stultam
1304 4819 1434 4874 fecit
1485 4820 1629 4875 Deus
1667 4820 1995 4891 sapientiam
2034 4806 2079 4861 Ι)
2110 4823 2366 4891 gentique
2413 4819 2742 4892 imperfecto
2801 4819 2868 4875 ad
2911 4816 3353 4890 perfectionem?
3379 4816 3508 4871 Ideo
3537 4815 3680 4886 apud

422 4911 589 4980 hujus
636 4913 852 4976 mundi,
895 4921 951 4969 et
1001 4926 1465 4983 supervacaneam
1528 4927 1880 4984 vanamque,
1941 4922 1999 4968 et

420 5004 672 5059 inutilem
720 5005 808 5059 vel
838 5004 963 5061 ideo
1000 5005 1178 5076 magis
1222 5004 1650 5069 demonstravit,
1714 5004 1843 5075 quia
1879 5005 1993 5060 haec

417 5095 687 5165 sapientia
738 5096 946 5153 denunt
980 5097 1152 5155 etiam
1180 5113 1248 5153 ac
1282 5111 1485 5153 munus
1517 5097 1709 5169 gratia:
1739 5106 1879 5162 erat,
1928 5095 1995 5151 ad

2105 4915 2448 4984 insipientes,
2495 4913 2643 4983 quod
2702 4913 3060 4984 praedicatur,
3114 4912 3350 4970 stultitia
3392 4916 3516 4965 est:
3551 4908 3678 4978 quia

2104 5005 2374 5074 sapientia
2419 5004 2703 5058 hominum
2754 5003 3025 5059 infatuata
3063 5010 3169 5061 est.
3214 5005 3340 5061 Ideo
3382 5000 3676 5057 Academia

2106 5097 2428 5164 obdormilt,
2450 5096 2579 5151 Stoa
2610 5096 2687 5168 (l)
2715 5098 3003 5164 conticuit,
3030 5106 3190 5154 vacat
3214 5096 3522 5168 Peripatus,
3546 5091 3677 5147 dor-

489 5258 535 5288 “
564 5255 759 5313 Matth.
788 5273 936 5326 xxvi,
971 5258 1061 5313 41.
1141 5257 1230 5290 δὀί
1272 5255 1431 5313 ICor
1467 5274 1502 5322 I,
1532 5256 1624 5313 20.
1701 5258 1722 5289 ’
1760 5255 1932 5313 lCur.
1968 5274 2008 5325 ι,

2116 5297 2130 5313 .
2202 5259 2223 5291 ³
2252 5259 2409 5314 Rom.
2445 5275 2520 5324 χι,
2548 5258 2649 5325 35,
2674 5256 2764 5313 δι.

1671 5370 1900 5431 νΑῐὶΙΕ
1941 5374 2349 5434 LECTIONES.

486 5499 531 5528 ὀ
562 5497 694 5576 _l\'ic.
722 5499 912 5554 πᾶσιν.
991 5499 1047 5539 ἰ·
1074 5496 1195 5554 Nic.
1233 5496 1419 5555 omitt.
1453 5497 1571 5551 καί.
1647 5499 1690 5530 θ’
1723 5495 1841 5554 hic.
1867 5498 2062 5568 partic.
2099 5499 2190 5554 καὶ
2221 5502 2499 5572 postponit
2538 5511 2621 5560 ter
2665 5504 2894 5576 repetita
2919 5503 3042 5561 voci
3072 5485 3388 5574 εὗαγγέλια.
3463 5502 3512 5537 ’⁸
3536 5496 3676 5557 Cod.

328 5541 338 5553 ’
412 5541 712 5639 demta;

1922 5680 2167 5741 NOTAE;

489 5772 568 5841 (l)
602 5772 799 5827 Schola
841 5774 1150 5831 Stoicorum
1173 5783 1222 5830 ct
1258 5775 1769 5847 Peripateticorum.

2314 5803 2337 5833 ᾳ
