4058 6190
398 268 549 337 3289

1451 266 1736 327 ORATIO
1767 267 1883 327 III.
1916 292 1986 306 ·-
2020 268 2118 328 DE
2146 266 2616 328 HYPAPANTE.

3523 267 3671 332 3290

403 384 504 439 mit
537 383 789 455 Lycaeum
831 380 935 454 (9.),
959 382 1186 438 Athena:
1222 383 1554 451 proculcatas
1585 394 1718 438 sunt
1760 402 1776 438 :
1809 394 1867 437 nt
1891 400 1979 446 ne,
2013 392 2057 444 Α
2088 387 2352 456 tbagorae,
2390 386 2737 450 Aristoteles,
2771 382 3055 450 Piatones,
3087 381 3383 454 sapientia:
3415 383 3530 453 jam
3552 400 3681 439 cor-

401 475 603 530 rclicto
639 474 750 529 Deo
787 478 1035 531 omnium
1062 474 1383 533 Conditorc.
1407 476 1539 530 (lotis
1570 477 1774 530 faciant
1801 492 1889 531 res
1918 478 1986 531 ab

401 568 528 639 ipso
549 558 945 624 creatasuHmE
976 567 1126 623 enim
1160 578 1357 622 contra
1415 567 1582 622 Deum
1625 568 1832 637 Deique
1885 568 1988 620 mi-

404 659 565 714 titan:
614 658 967 729 sapientiam.
994 673 1118 728 quae
1154 673 1221 714 ea
1274 672 1399 728 qua:
1419 658 1700 722 videntur,
1733 659 1844 713 Deo
1866 673 1991 714 esse

405 750 613 819 majora
641 749 913 816 iudicant,
946 763 1122 818 neque
1156 747 1328 802 Deum
1358 749 1681 802 eorumdent
1723 746 1992 803 Condito-

409 857 525 898 rem
557 841 746 895 videre
788 841 1037 912 cupiunt.
1073 838 1373 909 Propterea
1420 838 1622 893 tradita
1660 852 1726 892 ea
1766 838 1990 892 silentio

408 941 561 1000 sunt,
598 944 765 1001 atque
795 933 851 987 in
885 929 1220 1000 profundum
1243 930 1545 985 oblivionis
1573 928 1843 998 projeeta.

478 1022 536 1079 2.
585 1023 728 1078 ll.nc
770 1024 955 1094 potius
1011 1019 1282 1076 Nazareth
1338 1021 1711 1091 praedicatur,
1768 1020 1824 1073 in
1884 1034 1989 1088 qua

413 1110 708 1184 Evangelia
759 1114 851 1168 Dei
891 1113 1121 1167 recitata
1171 1120 1307 1167 sunt
1345 1129 1360 1166 :
1412 1110 1820 1182 prrnuntiatur
1866 1110 1996 1164 hinc

414 1208 755 1269 Bethlehem,
786 1207 880 1260 ubt
907 1206 1049 1260 Deus
1080 1205 1135 1258 in
1161 1220 1333 1259 carne
1358 1205 1609 1259 nascitur
1640 1202 1720 1276 (3)
1741 1245 1756 1267 .
1782 1242 1796 1256 .
1822 1243 1837 1259 .
1862 1242 1876 1257 .
1904 1204 1994 1277 ubi

415 1298 560 1353 Deus
598 1298 869 1353 miracula
912 1307 1140 1367 patratis
1184 1299 1352 1352 vitam
1409 1298 1580 1368 degit.
1622 1296 2001 1367 Praesignatur

416 1391 545 1445 hinc
582 1390 879 1460 Golgotha,
937 1390 1030 1445 ubi
1078 1389 1228 1446 Deus
1275 1403 1499 1445 erucem
1543 1389 1824 1459 suscipit:
1869 1390 2000 1444 hinc

417 1483 635 1537 canitur
664 1484 1024 1547 resurrectio,
1055 1482 1112 1537 in
1149 1498 1258 1552 qua
1308 1497 1341 1538 e
1379 1483 1637 1553 sepulcro
1679 1482 1823 1538 Deus
1871 1497 1999 1537 rur-

418 1590 540 1631 Sunt
578 1574 872 1645 exsurgit‘
908 1591 924 1628 :
957 1573 1294 1644 praedicatur
1332 1574 1463 1630 hinc
1509 1572 1668 1637 Sion,
1719 1589 1784 1628 ac
1823 1574 2001 1629 latera

417 1666 712 1735 Aquilonis
761 1667 1282 1736 praesignillcantur,
1321 1665 1416 1720 ubi
1468 1665 1752 1728 Christus,
1800 1680 1926 1719 cum
1971 1680 2000 1717 a

422 1757 656 1813 mortuis
704 1759 1125 1821 resurrexisset,
1147 1765 1375 1828 apparet
1405 1775 1419 1810 :
1456 1758 1586 1812 hinc
1632 1758 1810 1827 gloria
1842 1772 2003 1812 mons
2031 1736 2079 1794 Β

424 1846 708 1904 Olivarum
756 1848 1014 1911 adicitur,
1049 1863 1081 1903 e
1107 1862 1220 1918 quo
1253 1862 1378 1903 cum
1429 1848 1670 1903 humana
1716 1856 1912 1904 natura
1946 1848 2001 1902 in

423 1942 624 1996 calum
664 1938 810 1995 Deus
847 1943 1162 1995 revertitur.
1188 1940 1384 1994 Ablata
1426 1947 1558 1994 sunt
1589 1940 1798 2011 priora,
1841 1951 2008 2009 atque

424 2034 531 2089 alia
577 2032 892 2088 introducta
935 2044 951 2084 τ
984 2030 1257 2085 infatuata
1293 2031 1424 2094 illa,
1477 2030 1591 2085 haec
1629 2030 2008 2084 demonstrata

425 2134 555 2182 sunt
582 2144 596 2179 :
622 2126 716 2197 illa
747 2126 802 2178 in
841 2124 1086 2179 cinerem
1117 2124 1364 2186 redacta,
1397 2122 1516 2178 haec
1548 2122 1829 2177 illustrata
1866 2140 1880 2175 :
1914 2122 2007 2175 illa

424 2218 596 2291 juste,
626 2218 757 2288 quia
782 2217 952 2273 Deum
974 2230 1083 2270 non
1114 2215 1483 2278 honoravere,
1515 2223 1834 2284 contempta
1856 2222 2005 2281 sunt;

429 2308 830 2364 convenienter
870 2306 1012 2372 haec,
1043 2307 1173 2377 quia
1212 2305 1345 2372 Deo,
1380 2314 1439 2360 ut
1469 2307 1780 2375 Oportebat,
1808 2305 2010 2361 dedere

428 2401 691 2471 gloriam,
737 2399 984 2454 vicissim
1024 2399 1212 2469 glorias
1262 2398 1643 2453 commendata
1716 2407 1863 2451 sunt.
1916 2396 2013 2451 Illa

430 2492 576 2547 enim
597 2491 921 2546 hominibus
957 2497 1116 2545 erant
1144 2488 1459 2555 olfensioni,
1491 2489 1789 2543 trahebant
1820 2487 1888 2541 ad
1924 2488 2009 2542 in-

434 2587 681 2650 teritum,
709 2586 763 2640 in
787 2583 992 2640 inferni
1031 2583 1356 2638 barathrum
1390 2582 1751 2649 deferebant;
1778 2589 1865 2635 ast
1901 2581 2015 2636 haec

433 2678 754 2733 hominibus
775 2687 829 2733 et
867 2676 1033 2732 saluti
1071 2683 1226 2739 sctit,
1255 2688 1461 2743 eosque
1490 2689 1521 2730 e
1555 2684 1732 2729 morte
1759 2673 1825 2729 ad
1845 2674 2014 2728 vitam

434 2772 729 2838 reducunt,
761 2778 816 2825 et
854 2784 886 2826 e
930 2751 1075 2824 terra
1122 2769 1175 2823 in
1217 2769 1420 2823 coelum
1475 2767 1769 2823 revellunt.
1814 2766 1928 2822 Illis
1961 2766 2015 2819 in

437 2864 771 2920 oblivionem
796 2863 959 2928 artis,
996 2862 1113 2917 haec
1139 2860 1285 2916 festo
1305 2860 1421 2930 jam
1446 2860 1687 2915 colimus
1721 2879 1733 2914 :
1768 2859 1888 2914 haec
1918 2860 2019 2913 ho-

437 2956 628 3012 dierna
651 2956 742 3011 die
767 2953 1011 3009 universi
1039 2952 1493 3008 eoneelcbramus
1518 2968 1531 3005 :
1568 2951 1678 3015 his,
1708 2959 1769 3005 ut
1790 2964 1889 3021 par
1913 2959 2017 3014 est,

440 3050 746 3105 initiamur.
792 3048 886 3103 Dei
927 3048 1076 3102 enim
1111 3044 1254 3101 festa
1305 3052 1456 3108 sunt,
1501 3054 1669 3114 atque
1710 3043 1973 3114 mysteria
2003 3081 2017 3105 ,

441 3154 586 3210 qme,
616 3154 739 3195 cum
759 3139 923 3208 juxta
964 3136 1249 3191 hominum
1284 3134 1660 3190 conditionem
1702 3143 1827 3203 apte
1856 3132 2021 3203 perli-

444 3232 688 3291 ciuutur.
736 3237 852 3284 tum
896 3228 1129 3299 mystice
1158 3224 1283 3282 scSe
1310 3224 1679 3296 perlicientem
1701 3220 1817 3295 ipsa
1860 3223 2025 3293 perli-

445 3324 620 3379 ciunt.

516 3416 570 3471 5.
602 3416 671 3469 At
703 3413 847 3485 quod
881 3427 1028 3467 nunc
1050 3412 1214 3467 etiam
1246 3410 1352 3465 hoc
1377 3408 1702 3480 mysterium
1740 3407 1814 3463 sit
1840 3407 2031 3477 (hujus

445 3507 592 3563 enim
638 3513 722 3560 est
782 3518 1025 3574 praesens
1078 3502 1193 3556 hate
1233 3498 1551 3569 celebritas)
1616 3498 1698 3552 vel
1745 3514 1871 3569 quae
1914 3498 2030 3552 haec

448 3598 654 3671 Christi
708 3595 1115 3671 magniﬁcentia
1157 3592 1345 3664 (hujus
1366 3592 1513 3647 enim
1558 3598 1642 3646 est
1686 3591 1799 3645 haec
1832 3605 2030 3661 pompa

449 3669 617 3763 atque
657 3669 1331 3761 progressusfcontinuo
1382 3698 1484 3739 nos
1534 3690 1688 3753 roget
1732 3683 2032 3753 quispiam,

450 3787 534 3839 vel
567 3781 898 3836 infidelitate
921 3779 1203 3839 detentus,
1239 3774 1323 3829 vel
1355 3775 1521 3829 etiam
1545 3774 1916 3845 ignorantiam
1940 3789 2034 3828 re-

452 3876 677 3948 ligiunis
711 3873 1004 3928 an‘eetaos.
1036 3868 1297 3925 Ecclesiae
1321 3880 1562 3936 namque
1596 3865 1742 3929 ﬁliis,
1773 3866 2038 3920 initiatis-

453 3984 563 4039 que
597 3984 627 4021 a
658 3975 855 4022 saneto
902 3962 1135 4033 Spiritu,
1181 3958 1389 4023 omnia,
1436 3973 1559 4028 qua:
1586 3954 1869 4014 Christum
1912 3956 2041 4010 atti-

454 4069 610 4124 nent,
650 4058 943 4112 manilesta
987 4063 1116 4111 sunt
1163 4064 1330 4122 atque
1375 4050 1621 4122 cognita,
1660 4051 1911 4119 nihilque
1956 4059 2041 4106 est

455 4170 671 4217 eorum,
710 4166 831 4222 qua:
863 4156 1228 4220 peraguntur,
1256 4146 1523 4215 ignotum.
1560 4142 1674 4214 Ego
1705 4158 1835 4198 vero
1857 4153 1911 4198 et
1931 4143 2042 4197 ela-

458 4248 644 4309 mabo,
675 4253 840 4313 atque
871 4242 1125 4311 eloquar,
1166 4234 1611 4306 praedicaboque,
1638 4249 1761 4304 qua:
1786 4232 1911 4289 festi
1941 4234 2042 4286 hu-

456 4341 550 4412 jus
579 4346 707 4393 sunt
729 4336 971 4407 propria.
1003 4352 1022 4384 ‹
1054 4332 1178 4387 Non
1203 4326 1352 4384 enim
1385 4328 1656 4381 erubesco
1684 4323 2043 4396 Evangelium

2097 487 2274 550 ruptae
2331 480 2731 550 sapientissimi
2780 478 3133 543 defensores,
3184 476 3282 547 qui
3321 492 3443 551 qua:
3493 476 3686 531 dicunt

2099 574 2377 636 nesciunt,
2407 586 2583 641 eaque
2612 585 2734 641 quae
2763 577 3023 624 asserunt
3043 568 3356 639 intelligere
3377 577 3683 636 nequeunt,

2098 675 2242 731 quos
2264 661 2464 714 merito
2496 668 2553 714 et
2588 659 2919 730 piscatorius
2948 658 3024 729 (5)
3057 666 3188 712 nota
3221 656 3557 728 perstrinxit
3590 672 3685 710 ea-

2101 757 2300 817 lamus,
2332 761 2387 807 et
2417 753 2551 807 artis
2582 752 2808 807 sutoria:
2831 751 3153 820 scalpellum
3192 750 3489 805 demessnil
3538 763 3685 802 mor-

2102 854 2307 914 tuaque
2334 855 2386 897 et
2411 843 2697 898 insensilia
2719 841 2963 898 ostendit
2992 857 3117 897 esse
3135 851 3295 897 terrm
3316 842 3644 896 retrimenta
3670 856 3685 895 ξ

2100 951 2293 989 verum
2330 936 2417 988 his
2477 951 2508 987 c
2552 933 2802 1003 sapiente
2846 939 3032 986 nostra
3080 932 3402 986 celebritate
3440 928 3695 985 dimissis

2105 1031 2327 1100 (quippe
2375 1029 2466 1098 qui
2508 1027 2603 1083 Dei
2640 1026 2968 1096 sapientiam
3016 1034 3070 1080 et
3105 1040 3171 1080 ex
3206 1040 3265 1081 se
3308 1024 3414 1095 ipsi
3462 1023 3687 1093 expule-

2105 1131 2256 1185 runt,
2283 1130 2337 1175 et
2370 1121 2521 1173 inani
2552 1133 2612 1174 se
2628 1106 2885 1189 vanaque
2919 1117 3153 1172 stultitia
3179 1118 3556 1186 repleverunt)
3582 1129 3689 1168 nos

2105 1215 2399 1269 oreeuncti
2439 1212 2750 1282 theologieo
2799 1209 3053 1265 miranda
3090 1219 3254 1278 atque
3295 1224 3327 1261 a
3377 1205 3487 1261 Deo
3538 1215 3694 1260 recte

2109 1308 2253 1361 facta
2291 1306 2632 1376 accinaiqus.
2690 1304 2953 1375 purisque
2992 1302 3273 1357 mentibus
3313 1300 3685 1355 celebremus.

2109 1396 2225 1452 Iloe
2259 1398 2405 1451 enim
2439 1405 2493 1451 et
2534 1396 2739 1448 divinis
2772 1393 2865 1447 Dei
2909 1391 3068 1447 festis
3102 1391 3364 1446 conducit
3414 1390 3687 1453 maxime,

2110 1499 2273 1559 atque
2336 1487 2421 1541 hic
2476 1502 2593 1551 eos,
2655 1485 2748 1555 qui
2811 1483 2951 1538 festa
3009 1497 3110 1538 sua
3152 1482 3564 1543 concelebrent,
3607 1496 3693 1535 re-

2110 1580 2303 1651 quirit.

2180 1672 2236 1728 4.
2274 1670 2451 1726 Natus
2499 1677 2583 1725 est
2622 1680 2861 1724 aeternus
2889 1667 2979 1722 ille
3016 1665 3285 1721 Christus
3320 1666 3374 1719 in
3402 1678 3593 1747 carne,
3630 1676 3696 1717 ac

2109 1782 2263 1823 more
2305 1774 2500 1821 nostro
2531 1765 2636 1819 sibi
2666 1773 2894 1818 matrem
2926 1760 3189 1831 sumpsit,
3230 1772 3355 1829 quae
3383 1758 3564 1827 ipsum
3607 1756 3697 1809 in-

2111 1860 2358 1915 dubitate
2412 1867 2468 1914 et
2506 1856 2861 1912 inell'abiliter
2909 1853 3104 1925 genuit
3138 1875 3148 1908 :
3186 1860 3353 1921 atque
3385 1849 3531 1903 hanc
3570 1861 3697 1913 nos,

2108 1954 2204 2024 qui
2261 1954 2497 2009 salutem
2524 1966 2587 2004 ex
2629 1948 2748 2018 ipsa
2793 1946 3206 2016 decerpsimus,
3246 1941 3480 2013 mystice
3524 1953 3698 2008 nuper

2113 2047 2252 2102 festo
2297 2045 2388 2099 die
2431 2042 2728 2096 coluimus.
2778 2037 2909 2092 Post
2953 2051 3116 2105 quem
3147 2035 3257 2089 rite
3305 2042 3541 2086 ortavns
3582 2030 3699 2083 dies

2112 2146 2482 2207 exspectatam
2533 2132 2717 2186 carnis
2749 2129 3234 2184 circumcisionem
3276 2124 3499 2191 excepit
3531 2141 3544 2175 :
3579 2128 3699 2173 tum

2112 2245 2245 2286 vero
2283 2239 2542 2297 tanquam
2582 2231 2773 2295 mysta:
2802 2223 3145 2291 clientesque
3171 2217 3289 2283 Dei,
3318 2216 3524 2286 quique
3558 2213 3701 2266 divi-

2114 2336 2185 2376 na
2231 2320 2323 2374 Dei
2369 2319 2513 2373 dona
2574 2314 2971 2383 acceperimus,
3007 2325 3232 2367 rursum
3272 2308 3505 2379 mystice
3559 2304 3701 2357 hanc

2114 2412 2445 2484 peregimus.
2481 2407 2642 2463 Aliud
2668 2416 2849 2461 autem
2885 2419 3032 2459 nunc
3069 2399 3319 2458 succedit
3349 2399 3463 2454 illis
3497 2403 3703 2467 myste-

2115 2505 2259 2563 rium
2314 2502 2530 2571 alioque
2571 2498 2904 2553 mortalibus
2942 2496 3088 2551 dono
3132 2492 3496 2565 gratilieatur.
3548 2486 3702 2541 Nihil

2115 2596 2262 2653 enim
2297 2611 2326 2649 a
2372 2593 2483 2649 Deo
2517 2599 2651 2647 nato
2690 2589 3088 2662 proﬁciscitur,
3123 2586 3256 2655 quin
3317 2583 3385 2638 ad
3419 2581 3703 2636 hominum

2118 2688 2409 2743 utilitatem
2452 2684 2677 2740 omnino
2728 2680 3003 2737 referatur
3034 2698 3048 2733 :
3076 2693 3191 2749 pra:
3222 2674 3499 2730 desiderio
3554 2679 3709 2725 certe

2120 2775 2357 2831 humiles
2409 2772 2769 2843 abjectosque
2809 2766 3133 2831 extollendi,
3178 2772 3372 2820 nostra
3418 2759 3706 2815 hominum

2121 2879 2286 2921 causa
2319 2871 2483 2917 natus
2516 2868 2623 2918 est.
2656 2858 2943 2927 Quodnam
2988 2864 3173 2911 autem
3205 2867 3352 2908 nunc
3378 2852 3548 2906 etiam
3572 2846 3711 2900 illud

2123 2967 2226 3021 est,
2253 2956 2400 3027 quod
2436 2961 2496 3008 ut
2534 2953 2705 3007 Deum
2731 2950 2910 3016 decet,
2945 2948 3295 3005 celebramus
3338 2941 3667 3015 mysterium
3689 2938 3715 2989 2

2127 3049 2462 3118 Progressus
2495 3045 2706 3100 Christi
2738 3056 3000 3114 perquam
3035 3035 3406 3098 admirabilis,
3442 3032 3714 3087 adventus

2130 3136 2340 3194 Christi
2384 3135 2650 3191 felicitate
2684 3133 3070 3205 plenissimus,
3118 3126 3327 3184 Christi
3383 3119 3715 3196 perdiﬂicilis

2130 3231 2411 3299 explicatu
2469 3228 2701 3294 oblatio,
2759 3226 2966 3282 Christi
3019 3239 3051 3280 e
3114 3220 3467 3277 divinissimo
3496 3215 3717 3287 quidem

2133 3325 2450 3380 Bethleemo
2478 3322 2824 3387 excedentis,
2871 3316 3228 3374 adventantis
3270 3322 3450 3370 autem
3490 3312 3630 3365 hanc
3660 3307 3716 3360 in

2135 3420 2326 3474 urbem
2375 3415 2812 3485 Hierosolymam
2850 3411 2948 3482 (6),
2992 3409 3061 3465 de
3092 3410 3288 3464 locoin
3319 3406 3500 3461 locum
3539 3413 3721 3480 trans-

2134 3508 2366 3583 gressio.

2206 3602 2260 3657 5.
2297 3600 2498 3668 Ecquis
2528 3604 2709 3667 potest
2731 3596 2877 3649 hanc
2912 3591 3008 3648 Dei
3035 3607 3102 3647 ex
3132 3588 3316 3643 alioin
3343 3586 3509 3640 alium
3533 3584 3719 3638 locum

2142 3692 2531 3762 migrationem
2565 3687 2720 3743 ell‘ari
2751 3687 2775 3740 ?
2801 3685 3171 3754 Quapropter,
3200 3695 3235 3732 ο
3256 3678 3381 3738 viri.
3408 3675 3599 3732 eadem
3623 3688 3725 3727 no-

2140 3785 2354 3839 biscum
2399 3779 2675 3851 sapientia
2732 3776 2948 3847 repleti,
3003 3768 3299 3829 ineﬂabilia
3337 3766 3469 3821 Iesu
3516 3763 3724 3819 Christi

2141 3874 2423 3946 mysteria,
2452 3881 2617 3941 atque
2648 3866 2921 3940 ejusmodi
2952 3872 3011 3920 ut
3035 3870 3270 3933 nequeat
3294 3874 3358 3914 ea
3379 3857 3576 3912 ﬂumen
3597 3868 3725 3908 ora-

2143 3966 2309 4020 tionis
2344 3962 2659 4033 complecti.
2694 3960 2984 4027 Quomodo
3018 3954 3164 4011 enim
3217 3952 3311 4007 Dei
3349 3965 3455 4005 non
3489 3949 3727 4003 circum-

2144 4057 2339 4126 scripti
2394 4067 2782 4124 progrcssum,
2823 4048 3187 4119 ejusdemque
3237 4058 3303 4099 ex
3344 4041 3470 4095 aliis
3517 4038 3571 4091 in
3621 4035 3729 4090 alia

2146 4149 2266 4203 loca
2308 4143 2811 4215 transgressionem
2846 4138 3098 4197 audiens,
3146 4151 3253 4189 non
3283 4132 3545 4187 continuo
3586 4127 3730 4181 ride-

2145 4240 2227 4294 bit
2269 4237 2570 4299 dieentem,
2615 4244 2876 4302 tanquam
2934 4224 3282 4282 incredibilia
3336 4222 3392 4276 in
3441 4217 3730 4273 hominum

2149 4340 2364 4386 mentes
2417 4327 2683 4395 nuIIOque
2744 4330 2910 4394 pacto
2959 4318 3279 4386 recipienda
3342 4306 3736 4367 inducentem?

460 4398 690 4495 Christi,
786 4398 932 4504 quod
961 4432 1219 4488 clamavit
1245 4442 1375 4489 ante
1405 4444 1506 4484 nos
1528 4424 1756 4490 Paulus,
1800 4421 1897 4478 sed
1942 4436 2041 4476 ex-
2075 4426 2119 4482 υ
2152 4420 2344 4475 Prodit
2375 4429 2557 4472 tamen
2591 4412 3110 4480 incircumscriptus
3142 4402 3574 4478 (reprehendant
3604 4398 3737 4504 licet

465 4537 784 4583 traneorum
854 4527 1169 4597 sapientum
1228 4538 1330 4596 per
1366 4522 1547 4592 ipsum
1602 4517 1784 4571 fastus
1831 4513 2045 4584 pudore

465 4619 743 4675 suﬂuudo.
786 4639 807 4671 ‹
847 4617 1040 4675 Virtus
1064 4618 1212 4675 enim
1241 4614 1357 4681 Dei,
1385 4628 1506 4685 quae
1537 4608 1928 4680 cumprehcndi
1952 4621 2050 4661 ne-

2154 4513 2386 4584 gentiles
2425 4510 2528 4563 hoc
2567 4506 2940 4577 prazcuuium,
2983 4498 3300 4570 insipientia
3329 4495 3451 4565 ejus
3496 4488 3734 4584 notata),

2156 4579 2339 4670 prodit
2373 4599 2470 4671 qui
2500 4597 2805 4653 naturaiem
2862 4591 3132 4647 ambitum
3163 4587 3390 4657 (quippe
3421 4579 3585 4649 Deus)
3628 4591 3738 4631 non

2159 4702 2419 4763 sustinet,
2456 4697 2589 4761 imo,
2613 4693 2707 4765 qui
2738 4700 2935 4747 natura
2964 4686 3324 4759 potentiaque
3352 4676 3602 4765 inﬁnitus
3634 4678 3741 4731 est,

470 4764 646 4877 possit
673 4807 813 4870 lieri,
852 4814 917 4859 ut
942 4802 1243 4874 potentiam
1266 4795 1526 4853 Numinis
1561 4791 1895 4848 inell‘abilem
1926 4803 2017 4859 pre

2162 4793 2340 4864 (ﬁnita
2370 4790 2517 4847 enim
2542 4764 2657 4843 base
2694 4795 2894 4840 natura
2924 4789 3010 4836 est
3047 4777 3327 4843 linitchue
3351 4764 3592 4831 virtutis)
3645 4776 3742 4860 no:

471 4860 613 4952 l‘erre
633 4860 1009 4952 erubescam?
1043 4892 1309 4965 mysteria
1337 4899 1529 4944 nostra
1555 4886 1763 4940 frustra
1784 4901 1852 4938 ne
1890 4883 2051 4937 incu-
2164 4894 2282 4943 stro
2327 4883 2613 4961 ιιριιιίηυῐιὶ
2650 4892 2804 4933 more
2834 4871 3018 4944 prodit
3063 4889 3074 4924 :
3108 4874 3399 4965 rumpatur
3433 4860 3611 4965 .lice‘t,
3648 4867 3741 4921 qm

471 4948 958 5058 seintvi'lriﬁstagorae
981 4948 1475 5057 (.5),1\naxagorze,
1503 4974 2053 5047 Anaximandri,Py-
2128 5014 2139 5021 -
2168 4948 2477 5033 Filium-ait
2507 4987 2633 5028 esse
2668 4968 2860 5031 alium,
2900 4963 2993 5032 qui
3040 4954 3400 5032 processerit,
3433 4951 3489 5005 in
3523 4948 3744 5010 alioque

396 4738 426 4754 -
468 4717 608 4789 quit.
644 4726 729 4773 est
755 4718 810 4771 in
844 4716 1079 4771 salutem
1120 4711 1272 4768 omni
1306 4708 1555 4766 credenti
1573 4709 1618 4758 ⁸.
1648 4724 1668 4757 ι
1702 4702 1769 4758 Et
1794 4717 1924 4758 vero
1955 4700 2048 4769 qui

543 5161 565 5191 ⁵
596 5157 744 5214 Psal.
780 5168 952 5217 van,
979 5152 1032 5206 5.
1111 5153 1134 5185 ³
1156 5147 1318 5203 Bom.
1348 5160 1387 5208 ι,
1427 5144 1511 5199 l6.

3772 5155 3784 5219 ὶ

1995 5244 2227 5303 NOTAE.

551 5396 629 5468 (9ο)
678 5388 1038 5465 Gymnasium
1080 5382 1333 5447 Athenis,
1377 5380 1434 5433 in
1470 5391 1581 5446 quo
1618 5372 1806 5427 docuit
1845 5367 2063 5423 Aristus
2242 5365 2319 5433 (3)
2365 5359 2660 5431 Apostolus
2697 5356 2920 5412 Petrum
2970 5361 3026 5408 et
3070 5349 3300 5435 Paulum
3343 5339 3639 5441 intelligit?
3672 5335 3749 5417 ita

479 5468 637 5525 tetes.
1628 5516 1643 5525 _
1782 5513 1793 5525 _
2165 5436 2389 5525 fosdetn
2439 5430 2497 5487 S.
2541 5431 2975 5501 Chrysostomus
3026 5423 3230 5491 alnque
3277 5415 3471 5470 Patres
3539 5412 3747 5468 deseri-

664 5537 874 5590 Desunt
910 5527 1195 5591 nonnulla,
1221 5522 1567 5595 potissimum
1612 5516 1680 5574 de
1713 5513 1847 5569 urbe
1881 5509 2017 5564 ΙΙίοιη

481 5607 835 5667 solvmilana.
1158 5666 1161 5667 ν
1196 5665 1203 5667 Α
1300 5604 1357 5667 ‘_
1412 5659 1432 5667 _
1583 5657 1594 5667 _
1700 5654 1712 5667 .
1911 5651 1922 5661 .
1987 5647 2017 5667 π

2368 5573 2553 5631 Grzecc
2600 5569 2806 5642 ταύτην
2848 5568 2947 5639 τὴν
2981 5565 3158 5630 πόλιν,
3186 5560 3279 5617 ubi
3320 5573 3379 5615 se
3409 5534 3624 5629 'degerc
3664 5548 3754 5602 in-

895 5665 1241 5742 plniloSOphis
1274 5654 1755 5742 agit.Laerli.us_iu
1798 5651 1956 5708 libris
1987 5647 2061 5703 De
2165 5650 2328 5703 dicat.

486 5728 635 5805 Vilis
665 5728 1145 5817 philosophorum,
1172 5743 1228 5792 et
1255 5728 1461 5806 passim
1491 5728 1721 5797 antiqui.
