4022 6206
359 237 497 304 3291

1212 243 1274 304 s.
1305 193 1725 307 septimam
1759 248 2261 313 PATRIABCll/E
2290 257 2692 322 HIEROSOL.
2780 246 2784 250 ’

3486 262 3639 330 3292

359 352 578 418 delirat,
623 353 714 423 qui
759 369 868 410 non
919 358 1295 425 processerit,
1347 371 1513 432 atque
1564 365 1638 419 ita
1703 366 1939 424 filiarum
1971 376 2015 430 Α
2047 368 2282 429 cientem
2320 376 2558 433 viderint
2610 380 2865 450 pedibus,
2916 384 3137 455 citoque
3179 399 3340 442 cursu
3369 385 3618 453 destitui,

359 442 818 510 Christorumque
851 460 950 517 par
987 447 1148 503 nobis
1179 453 1421 507 somniat
1466 456 1643 512 miser
1694 460 1785 515 ille
1828 461 1935 516 Ne-

362 536 592 589 storius.
630 534 726 590 Ille
762 552 889 591 vero
916 539 1100 608 potius
1134 550 1188 594 et
1217 556 1281 596 ex
1309 545 1494 600 scsihi
1525 550 1937 615 persuadetim»

358 626 467 693 pic,
500 635 555 680 et
601 626 806 682 Christi
844 632 1165 699 mysterium
1209 633 1454 692 nefando
1481 654 1617 694 ausu
1650 641 1932 700 dilacerat.

357 715 544 771 Voluit
572 719 718 772 enim
746 723 1047 788 procedere
1077 722 1346 781 duntaxat
1374 741 1561 786 natum
1591 749 1657 788 ex
1684 733 1931 806 Virgine,

356 823 464 863 non
506 818 690 863 autem
735 824 924 865 natum
960 829 1026 869 ex
1057 814 1222 869 Patre
1248 816 1472 884 Filium,
1514 821 1752 878 Verbum
1787 827 1927 881 illud

354 898 770 968 sempiternum.
798 901 868 955 At
903 918 1088 958 verum
1123 907 1591 981 manifestumque
1625 913 1765 971 Deus
1801 915 1930 971 fecit

351 1006 728 1060 progressum.
759 993 898 1049 Vere
926 997 1070 1051 enim
1101 1009 1223 1053 erat
1249 1016 1380 1056 caro
1406 1003 1586 1060 factus
1613 1016 1668 1061 et
1703 1023 1924 1076 corpus.

350 1083 893 1154 comprehensusque
927 1086 1113 1143 fuerat
1156 1091 1673 1162 circumscriptione
1723 1114 1925 1169 corpo-

351 1188 445 1227 rea
481 1190 494 1226 :
535 1185 898 1245 exasperetur
931 1178 1059 1234 licet
1096 1180 1164 1245 is,
1200 1185 1294 1252 qui
1330 1194 1585 1239 naturam
1637 1189 1823 1243 carnis
1871 1191 1924 1245 in

350 1259 733 1334 Verbonegat,
753 1268 900 1336 quod
932 1284 1063 1324 caro
1083 1270 1288 1326 factum
1314 1281 1419 1339 est,
1446 1278 1925 1346 progressionem-

349 1366 457 1419 que
491 1368 704 1409 merum
731 1365 1015 1427 spectrum
1048 1360 1219 1416 fuisse
1249 1366 1514 1429 somniat,
1555 1369 1724 1425 miser
1755 1370 1924 1443 Euty-

356 1443 516 1496 ehes.
547 1441 608 1497 Si
633 1447 778 1499 enim
815 1445 1004 1511 Verbi,
1029 1453 1175 1519 quod
1214 1468 1346 1510 caro
1377 1454 1579 1512 factum
1613 1469 1698 1514 est
1731 1441 1922 1517 natura

347 1535 644 1590 mansisset
669 1538 851 1604 unica,
875 1540 1064 1597 fuisset
1082 1555 1388 1613 spectrum,
1417 1550 1563 1619 quod
1588 1555 1913 1621 apparebat,

344 1632 401 1677 et
435 1626 579 1680 nuda
619 1631 811 1685 mnhra
862 1632 968 1687 hoc
997 1634 1207 1693 Christi
1248 1649 1400 1696 esset
1434 1645 1776 1712 mySIerium,
1822 1664 1922 1704 nec

346 1728 475 1770 vere
507 1717 749 1775 Verbum
794 1722 1170 1801 incantatam.
1214 1729 1427 1786 Etenim
1469 1710 1749 1802 quomodo
1789 1736 1923 1793 Vcr-
1958 1710 2000 1764 Β

345 1802 495 1871 bum,
527 1807 572 1861 si
607 1825 717 1864 non
747 1816 1049 1886 assumpsit
1074 1827 1331 1873 naturam
1365 1824 1574 1888 carnis,
1600 1826 1920 1884 immutabi-

344 1891 468 1948 liter
500 1910 629 1951 caro
657 1898 861 1955 factum
888 1906 1019 1960 est?
1046 1908 1116 1961 At
1153 1906 1390 1965 Verbum
1438 1928 1628 1969 revera
1662 1931 1794 1974 caro
1836 1919 1917 1972 fa-

342 1996 490 2040 ctum
529 1999 633 2057 est,
664 1997 1197 2069 cenversionemque
1229 2002 1294 2063 in.
1311 2017 1534 2060 carnem
1573 2008 1723 2064 nullo
1756 2011 1927 2069 modo

341 2080 646 2147 sustinuit;
692 2084 1067 2159 inviolateque
1092 2107 1158 2147 ex
1209 2092 1434 2166 Virgine
1493 2101 1708 2171 accepit
1753 2115 1917 2160 natu-

339 2182 456 2222 ram
490 2174 701 2237 carnis.
733 2170 1039 2234 secundum
1079 2196 1241 2252 quam
1277 2203 1344 2241 ex
1379 2203 1443 2243 ea
1469 2191 1636 2245 etiam
1670 2202 1756 2249 est
1788 2210 1918 2263 pro-

339 2261 608 2322 genitum.
636 2265 780 2322 Idem
814 2280 862 2323 et
895 2272 1322 2350 dissolutionem
1355 2295 1463 2334 non
1489 2282 1733 2338 admittit
1758 2261 1916 2355 palu-

337 2367 546 2421 rarum,
583 2365 638 2411 et
671 2359 724 2413 in
759 2365 971 2419 naturis
998 2366 1298 2425 innotescit
1322 2370 1540 2429 duabus
1577 2393 1591 2429 :
1632 2393 1809 2448 neque
1848 2382 1918 2435 ob

337 2442 702 2502 differentiam
740 2468 929 2507 earum
965 2455 1226 2527 divisum,
1260 2464 1728 2530 quemadmodum
1764 2456 1915 2526 insa-

335 2551 443 2590 nus
469 2538 685 2597 furebat
712 2542 1003 2603 Nestorius
1035 2569 1047 2603 :
1071 2556 1624 2622 uequecoufundens
1654 2562 1916 2618 substan-

335 2627 467 2681 tiam
500 2630 600 2702 (7),
626 2651 861 2719 quorum
890 2639 944 2694 in
970 2642 1252 2712 hypostasi
1285 2644 1426 2700 farta
1449 2660 1534 2704 est
1566 2652 1910 2721 conjunctio.

334 2716 412 2773 lta
448 2737 594 2780 unus
643 2716 897 2799 idemque
928 2741 984 2787 et
1014 2734 1068 2787 iu
1097 2738 1290 2791 eodem
1324 2742 1627 2806 exsistens,
1658 2744 1800 2801 Deus
1827 2748 1912 2801 in~

334 2814 572 2867 notescit
609 2825 661 2870 et
696 2817 884 2884 homo,
914 2824 1137 2880 exhibet
1163 2842 1460 2896 personam
1493 2834 1738 2898 unicam,
1777 2852 1911 2892 con-

333 2903 607 2969 stitutam.
645 2924 709 2964 ex
756 2915 1028 2970 ambabus
1072 2928 1422 2976 constantem
1467 2926 1721 2993 naturis;
1764 2938 1909 2984 atta—

331 3008 479 3060 men,
511 3014 634 3067 qua:
690 3012 849 3057 erant
891 3007 1175 3063 ambarum
1212 3013 1458 3083 propria,
1505 3031 1614 3071 non
1667 3020 1903 3076 eonfun-
1934 3042 1979 3101 ρ

331 3084 556 3142 dentem
584 3106 600 3143 :
630 3106 696 3146 ex
729 3094 936 3163 quibus
972 3100 1121 3152 enim
1163 3102 1587 3162 immutabiliter
1609 3120 1906 3180 compone-

328 3177 514 3246 batur,
562 3181 797 3242 indivise
831 3188 885 3242 in
924 3190 1121 3246 iisdem
1145 3205 1399 3264 apparet,
1443 3197 1546 3254 nec
1580 3177 1904 3272 mysterium

328 3273 676 3333 confundens
733 3295 929 3350 suum,
974 3298 1152 3355 neque
1201 3302 1363 3342 suam
1412 3306 1707 3359 personam
1760 3294 1906 3349 divi-

326 3364 481 3422 dens.

321 3502 449 3559 Car.
509 3502 571 3559 ll.
626 3505 896 3564 Occursus
950 3509 1173 3567 Christi.
1226 3515 1454 3572 Lumina
1511 3490 1733 3578 collata.
1782 3521 1904 3576 Dies

930 3585 1281 3653 purgationis.

390 3734 444 3789 6.
479 3736 558 3788 Ita
588 3737 834 3793 ccelestis
863 3737 954 3794 ille
982 3737 1312 3797 Bethlemita
1349 3743 1598 3812 procedit
1633 3763 1646 3798 :
1679 3746 1756 3801 ita
1789 3762 1892 3818 ap-

323 3828 476 3896 paret
508 3828 886 3897 aspectabilis,
920 3831 1016 3901 qui
1057 3831 1198 3903 fugit
1226 3834 1401 3891 aciem
1438 3836 1729 3905 oculorum
1768 3853 1784 3890 :
1826 3839 1902 3892 ita

320 3933 518 3987 expers
563 3919 658 3976 ille
686 3921 939 3991 corporis
973 3922 1027 3976 in
1063 3938 1234 3980 carne
1268 3932 1620 3982 monstratur
1650 3910 1678 3981 τ’
1699 3931 1776 3983 ita
1804 3944 1900 3985 ve-

320 4013 402 4066 nit
450 4012 927 4084 circumscriptus,
958 4015 1056 4086 qui
1109 4017 1496 4074 circumscribi
1548 4035 1660 4075 non
1695 4028 1898 4091 potest.

318 4104 388 4157 At
432 4103 486 4156 in
525 4119 821 4161 occursum
870 4120 1166 4164 curramus
1204 4109 1328 4178 ejus
1354 4111 1752 4182 univcrsi,-qui
1787 4121 1897 4165 tam

318 4198 406 4264 pie
439 4196 588 4253 illius
619 4197 858 4252 colimus
901 4214 1341 4270 veneramurque
1371 4201 1718 4271 mysterium,
1764 4218 1896 4272 pro-

317 4300 490 4354 penso
515 4287 701 4340 cuncti
740 4287 929 4341 animo
955 4301 1169 4343 eamus.
1199 4288 1334 4355 Quis
1364 4288 1443 4343 illi
1470 4291 1684 4360 primus
1705 4306 1898 4346 occur-

316 4376 439 4431 ret?
467 4377 602 4441 Quis
637 4376 803 4432 Deum
829 4378 1007 4433 oculis
1044 4370 1520 4450 cernet‘prituus?
1554 4382 1681 4451 quis
1716 4382 1887 4437 Deum
1926 4375 1969 4429 Ι)

316 4465 527 4532 primus
585 4467 869 4535 excipiet?
940 4468 1077 4536 Quis
1135 4456 1367 4540 primus
1411 4472 1560 4528 ulnis
1640 4474 1887 4542 portabit

314 4552 521 4609 Deum?
568 4554 853 4613 Neminem
889 4560 1071 4630 pigeat
1112 4576 1312 4615 cursus
1355 4563 1673 4631 accelerati,
1728 4579 1891 4620 nemo

313 4646 381 4700 ad
436 4662 691 4717 gressum
745 4652 1083 4706 concitatqu
1146 4654 1458 4719 claudicet,
1522 4671 1683 4710 nemo
1734 4657 1888 4727 pium

314 4742 606 4811 abrumpat
664 4744 904 4809 exitum,
962 4760 1126 4801 nemo
1179 4746 1248 4801 ad
1287 4746 1533 4802 divinum
1589 4764 1885 4804 occursum

314 4834 489 4886 tardet
509 4850 522 4886 :
539 4848 700 4889 nemo
712 4836 1047 4892 celebritatis
1064 4837 1364 4908 degustatae
1377 4847 1884 4909 specteturexpcrs,

312 4937 472 4977 nemo
522 4928 908 4996 mysteriorum
965 4945 1156 4986 exsors
1200 4944 1501 5003 appareat,
1544 4948 1704 4987 nemo
1746 4934 1887 4987 luci-

312 5017 423 5071 fera
476 5019 750 5075 hilaritate
792 5023 1040 5092 privetur
1087 5042 1100 5077 :
1149 5039 1311 5079 nemo
1365 5024 1430 5078 ad
1501 5041 1730 5080 cursum
1797 5025 1887 5079 Si-

311 5109 525 5164 meonis
572 5111 723 5165 senis
774 5112 1184 5168 velocissimum
1226 5113 1320 5167 fiat
1355 5114 1692 5184 languidior,
1727 5131 1889 5171 nemo

312 5215 417 5253 anu
464 5202 554 5254 illa
587 5201 743 5255 Anna
794 5204 932 5274 pede
981 5204 1193 5260 tardior
1227 5204 1535 5274 iudicetur,
1568 5215 1626 5260 ut
1679 5223 1747 5261 ue
1780 5223 1887 5276 quo

312 5293 473 5348 modo
510 5310 674 5351 senes
709 5312 941 5368 vereque
991 5298 1265 5370 graudzpvi
1318 5300 1494 5366 illum,
1536 5317 1699 5370 quem
1753 5301 1885 5355 deli-

382 5422 409 5457 ⁶
434 5422 593 5482 Joan.
624 5445 706 5494 ιιι,
737 5430 825 5484 Η).
904 5432 923 5463 ⁷
957 5430 1088 5487 Luc.
1149 5451 1187 5499 ι,
1235 5434 1322 5487 78.

1403 5434 1424 5466 ⁸
1454 5431 1615 5490 Joan.
1665 5451 1740 5498 nt,
1783 5432 1875 5489 '19.
1950 5437 1971 5468 ’
2011 5435 2171 5490 .Ioan.
2214 5450 2252 5501 ι,
2296 5436 2348 5489 5.

2042 473 2150 513 non
2180 462 2356 516 solum
2394 464 2667 531 incusent,
2701 470 2797 525 sed
2842 472 3135 528 remissum
3155 474 3316 528 etiam
3348 475 3613 540 animum,

2040 552 2279 611 fortasse
2332 567 2386 611 et
2440 559 2749 626 infidelem,
2803 562 2983 618 eidem
3042 564 3378 635 propheticis
3436 565 3616 620 verbis

2036 643 2392 710 exprobrent.
2431 646 2602 703 Nemo
2640 648 2810 718 igitur
2862 652 2934 707 sit
2975 667 3242 709 occursus
3271 671 3395 709 non
3446 657 3629 725 parti»

2036 749 2186 801 ceps,
2221 751 2381 790 nemo
2410 738 2478 792 ab
2509 739 2628 797 luce
2670 741 2747 811 (8)
2773 741 2999 798 ferenda
3026 745 3256 800 alienus.

2108 822 2159 877 7.
2195 822 2502 879 Cereorum
2549 828 2716 882 etiam
2765 831 3118 901 splendorem
3167 834 3440 899 addimus,
3493 844 3607 919 tum

2033 914 2381 970 ostendendo
2409 918 2760 987 splendorem
2789 924 3105 978 accedentis
3131 927 3403 991 divinum,
3433 943 3461 979 a
3497 914 3619 998 quo

2032 1016 2230 1058 cuncm
2259 1005 2676 1074 splendescunt,
2698 1011 3068 1082 pessimisque
3093 1012 3340 1082 depulsis
3363 1018 3606 1071 tenebris

2031 1092 2386 1150 illustrantur
2417 1098 2754 1154 abundantia
2787 1102 2933 1157 lucis
2962 1113 3218 1170 aeternae;
3244 1113 3357 1158 tum
3391 1107 3471 1160 vel
3500 1123 3610 1159 ma-

2032 1184 2179 1239 xime
2227 1186 2629 1245 manifestando
2707 1191 3056 1262 splendorem
3108 1196 3321 1262 animae,
3384 1198 3604 1268 quicum

2029 1291 2130 1329 nos
2176 1292 2473 1335 occurrere
2519 1280 2745 1337 Christo
2798 1299 3025 1342 necesse
3062 1286 3153 1341 sit.
3203 1287 3269 1343 Ut
3316 1290 3462 1344 enim
3512 1290 3604 1344 Dei

2029 1362 2200 1418 Mater
2229 1366 2505 1438 Virgoque
2542 1372 2917 1442 integerrima,
2953 1390 3134 1430 veram
3164 1379 3309 1432 ulnis
3355 1381 3477 1433 tulit
3519 1382 3609 1435 lu-

2026 1470 2169 1521 cem,
2202 1458 2381 1528 iisque
2408 1459 2608 1526 adfuit,
2640 1463 3008 1533 quijacebant
3040 1468 3091 1521 in
3118 1469 3403 1535 tenebris;
3442 1472 3512 1524 ita
3550 1483 3605 1527 ct

2028 1545 2505 1606 illustrationibus
2533 1552 2683 1609 illius
2726 1556 3140 1625 nos_illustrati,
3176 1572 3240 1613 ac
3269 1560 3451 1615 lumen
3480 1578 3602 1615 om.-

2028 1637 2189 1692 nibus
2215 1655 2490 1710 apparens
2529 1654 2782 1700 tenentes
2816 1648 3097 1714 manibus,
3132 1648 3182 1704 ei
3227 1649 3322 1719 qui
3356 1658 3481 1705 vere
3508 1652 3604 1706 lux:

2025 1740 2130 1794 eat,
2162 1729 2377 1784 obviam
2408 1733 2487 1787 ire
2516 1733 2871 1792 festinemus.
2893 1736 3027 1791 Nam
3059 1739 3329 1808 profecto,
3358 1742 3483 1811 quia
3510 1743 3597 1797 lux

2025 1820 2173 1874 venit
2213 1821 2268 1876 in
2294 1824 2555 1879 mundum
2581 1827 2624 1889 °,
2648 1842 2885 1898 eumque
2909 1830 3152 1885 tenebris
3195 1832 3609 1888 circumfusum

2025 1912 2343 1973 illustravit.
2393 1922 2449 1969 et
2497 1916 2627 1984 quia
2679 1918 2921 1972 visitavit
2976 1935 3078 1976 nos
3121 1920 3318 1976 Oriens
3365 1939 3429 1977 cx
3464 1923 3595 1986 alto.

2023 2014 2186 2074 atque
2221 2005 2309 2060 his
2343 2008 2433 2075 qui
2478 2008 2531 2061 in
2566 2008 2813 2065 tenebris
2843 2011 3130 2076 sedebant,
3159 2012 3368 2069 aﬂ‘ulsit
3401 2017 3419 2047 ⁷
3447 2031 3463 2080 ;
3493 2014 3599 2070 hoc

2024 2103 2274 2150 nostrum
2309 2106 2394 2153 est
2424 2101 2748 2170 mysterium
2771 2119 2785 2166 ;
2810 2102 3018 2157 idcirco
3041 2105 3320 2175 lampades
3349 2116 3611 2162 tenentes

2023 2188 2348 2255 incedimus,
2425 2189 2635 2247 idcirco
2682 2195 2888 2248 lumina
2954 2194 3194 2251 ferentes
3228 2199 3593 2263 aceurrimus,

2022 2287 2137 2332 tum
2188 2280 2261 2334 ita
2312 2282 2690 2354 designantes,
2732 2286 2878 2356 quod
2928 2288 3123 2342 illusit
3158 2289 3341 2355 nobis,
3368 2291 3592 2357 lumen;

2022 2380 2134 2425 tum
2170 2372 2546 2440 splendorem,
2601 2376 2681 2431 ab
2706 2392 2782 2432 eo
2802 2377 2961 2433 nobis
2992 2377 3320 2445 affuturum,
3354 2380 3592 2441 innuen-

2019 2471 2120 2517 tes.
2162 2461 2517 2536 Quapropter
2548 2483 2839 2524 curramus
2871 2485 3002 2535 una,
3047 2470 3156 2524 Deo
3182 2472 3370 2525 cuncti
3396 2487 3593 2527 occur.
3630 2474 3639 2477 ’

2019 2568 2205 2608 ramus
2248 2571 2262 2608 :
2297 2570 2385 2620 ne,
2425 2556 2472 2611 si
2502 2555 2686 2612 facere
2713 2558 2766 2611 id
2804 2559 3068 2629 piguerit,
3095 2562 3177 2614 vel
3209 2560 3278 2615 de
3308 2562 3492 2627 animo
3519 2563 3613 2616 ab.

2015 2657 2081 2696 eo
2114 2643 2331 2713 ingrato
2360 2647 2657 2716 aliquando
2688 2664 3041 2717 accusemur,
3079 2650 3159 2706 vel
3184 2651 3251 2706 de
3297 2653 3593 2708 metuendo

2014 2733 2191 2802 ipsius
2245 2738 2555 2806 contempti
2611 2739 2846 2795 crimine
2890 2756 2904 2793 :
2945 2737 3382 2811 audiamusque,
3446 2743 3604 2812 quod.

2013 2826 2178 2878 etiam
2215 2827 2490 2882 dicentem
2524 2844 2650 2883 eum
2687 2832 2844 2900 prius
2880 2832 3168 2887 audierant
3210 2834 3454 2889 tenebris
3482 2835 3593 2891 illis

2013 2913 2270 2978 involuti,
2304 2932 2404 2969 nec
2441 2917 2756 2973 illustrandi
2789 2918 3003 2975 Judazi:
3047 2939 3067 2972 ς
3113 2921 3254 2987 Quia
3301 2920 3416 2976 Lux
3443 2924 3605 2978 venit

2011 3002 2065 3056 in
2104 3003 2393 3071 mundum,
2419 3013 2475 3060 et
2498 3006 2812 3063 dilexerunt
2840 3009 3092 3065 homines
3112 3011 3291 3081 magis
3310 3013 3588 3077 tenebras,

2010 3108 2174 3163 quam
2209 3094 2388 3149 lucem
2417 3106 2613 3151 :erant
2633 3097 2780 3152 enim
2799 3114 2989 3165 eorum
3018 3102 3160 3156 mala
3181 3118 3346 3173 opera
3377 3104 3398 3135 ⁸
3418 3107 3587 3174 (sem-

2011 3200 2106 3254 per
2137 3185 2282 3239 enim
2333 3186 2576 3242 animum
2613 3189 2878 3244 obscurat
2912 3190 3148 3259 malitia,
3181 3209 3283 3249 nec
3303 3210 3428 3249 eum
3458 3196 3601 3251 sinit.

2011 3279 2194 3335 videre
2240 3281 2443 3353 lucem)
2480 3302 2494 3336 :
2535 3284 2619 3338 vel
2672 3286 2837 3340 etiam
2889 3287 2981 3341 illa
3027 3288 3198 3358 (quod
3240 3304 3463 3344 sacrum
3513 3291 3599 3343 ait.

2010 3371 2387 3445 Evangelium)
2440 3394 2458 3427 ι
2494 3376 2614 3431 Lux
2646 3366 2983 3435 intenebris
3028 3382 3198 3445 lucet,
3246 3392 3301 3437 et
3348 3382 3590 3438 tenebrae

2007 3478 2128 3516 eam
2163 3479 2272 3518 non
2314 3468 2927 3536 comprehenderunt’.
2974 3490 2992 3522 ι
3053 3472 3142 3527 lux
3170 3488 3303 3545 ergo
3345 3474 3439 3528 illa
3493 3489 3587 3530 ve-

2009 3569 2090 3619 ra,
2123 3571 2247 3624 quae
2290 3557 2564 3613 illuminat
2601 3577 2821 3616 omnem
2857 3562 3133 3618 hominem
3186 3565 3497 3622 venientem
3526 3566 3589 3621 iu

2008 3648 2154 3704 hunc
2191 3652 2457 3707 mundum
2509 3654 2576 3718 '°,
2620 3656 2795 3711 venit.
2835 3655 3039 3714 Omnes
3080 3674 3236 3727 ergo,
3272 3675 3307 3713 o
3360 3659 3580 3727 fratres,

2007 3742 2419 3813 illuminemur;
2477 3763 2673 3804 omnes
2711 3749 3077 3806 illustremur.
3122 3751 3296 3808 Nemo
3334 3763 3581 3810 nostrum

2006 3844 2223 3892 maneat
2245 3838 2351 3893 hoc
2376 3854 2485 3893 nnn
2516 3839 2770 3896 initiatus
2792 3841 3111 3911 splendore.
3138 3860 3301 3900 nemo
3324 3847 3584 3919 oppletus

2006 3930 2157 3983 illum
2189 3940 2351 3985 nocte
2380 3931 2679 4000 persistat;
2711 3931 2808 3988 sed
2837 3934 3168 4003 prodeamus
3194 3950 3387 3992 omnes
3409 3940 3582 4007 splen-

1992 4020 2113 4076 didi
2150 4022 2456 4077 :illustrati
2486 4038 2678 4080 eamus
2717 4023 2940 4079 obviam
2985 4027 3154 4083 simul
3193 4029 3462 4093 universi,
3497 4031 3578 4084 lu-

2002 4128 2230 4183 cemque
2271 4113 2417 4167 illam
2463 4115 2670 4171 claram
2715 4130 2780 4172 ac
2822 4118 3210 4187 sempiternam
3240 4122 3577 4191 excipiamus

1974 4190 2122 4259 tcum
2146 4221 2277 4261 sene
2295 4205 2554 4263 Simeone
2580 4225 2594 4262 :
2627 4207 3090 4281 exsultantesque
3114 4226 3240 4266 cum
3274 4228 3339 4267 eo
3352 4215 3576 4276 animis,

1999 4295 2245 4352 Genitori
2300 4297 2563 4366 Patrique
2612 4299 2775 4364 lucis,
2822 4302 2917 4372 qui
2950 4302 3333 4359 misit.lucem
3366 4321 3573 4369 veram,

1999 4389 2401 4460 caliginemque
2454 4390 2686 4461 depulit,
2718 4406 2784 4447 ac
2821 4408 2921 4448 nos
2946 4408 3140 4450 omnes
3171 4393 3349 4450 effecit
3389 4396 3577 4466 splen-

1997 4480 2179 4543 didos,
2214 4496 2336 4535 cum
2373 4483 2671 4551 gratiarum
2720 4485 2938 4540 actione
2992 4485 3260 4557 hymnum
3313 4488 3574 4542 concina-

2000 4588 2142 4626 mus.
2178 4572 2269 4627 Dei
2297 4575 2442 4627 enim
2482 4573 2750 4638 salutare,
2783 4574 2929 4645 quod
2980 4579 3196 4644 paravit
3220 4586 3346 4632 ante
3382 4579 3574 4632 faciem

1997 4660 2242 4715 omnium
2310 4660 2629 4729 populorum
2684 4668 2850 4730 atque
2904 4661 2972 4716 ad
3020 4670 3271 4719 nostram
3322 4665 3447 4719 novi
3495 4662 3575 4719 ls-

1998 4751 2162 4804 raelis
2207 4750 2433 4820 gloriam
2477 4750 2869 4816 manifestavit,
2921 4751 3089 4807 etiam
3127 4769 3227 4808 nos
3272 4769 3367 4823 per
3396 4753 3574 4824 ipmm

1995 4840 2255 4908 vidimus,
2294 4841 2618 4911 fuimusque
2652 4843 2823 4897 veteri
2878 4844 2975 4896 illo
3015 4844 3361 4914 obscureque
3384 4843 3573 4897 crimi-

1997 4949 2085 4999 ne,
2106 4934 2182 4987 uti
2202 4934 2327 4988 vita:
2350 4934 2635 5003 praesentis
2651 4933 2886 4989 vinculis
2903 4934 3251 4990 visoChristo
3264 4934 3485 4989 Simeon
3510 4934 3571 4998 η,

1998 5024 2297 5080 confestim
2331 5026 2593 5080 absoluti.
2623 5024 2732 5080 Nos
2763 5025 2930 5079 etiam
2971 5025 3258 5081 Christum
3294 5042 3325 5080 e
3354 5026 3574 5080 Bethle-

2001 5117 2164 5172 hemo
2191 5117 2259 5171 ad
2287 5132 2386 5172 nos
2414 5116 2723 5187 profectum
2758 5118 3030 5187 complexi
3067 5119 3193 5185 fide,
3219 5118 3349 5172 facti
3380 5133 3574 5173 sumus

1998 5226 2063 5265 ex
2090 5211 2369 5281 gentibus,
2399 5210 2492 5263 Dei
2533 5208 2776 5280 populus
2801 5194 2941 5279 (ipse
2974 5212 3119 5265 enim
3159 5209 3250 5265 Del
3288 5209 3576 5280 Patrisque

2000 5302 2244 5357 salutare
2284 5300 2390 5367 est)
2419 5300 2707 5369 oculisque
2741 5298 2910 5355 Deum
2942 5314 3165 5355 carnem
3201 5299 3406 5355 factum
3441 5314 3577 5379 con-

2430 5437 2472 5467 '°
2506 5434 2666 5491 Joan.
2704 5452 2742 5504 I,
2770 5436 2825 5492 9.
2906 5438 2944 5468 ¹¹
2968 5437 3105 5492 Luc.
3139 5454 3199 5501 ll,
3232 5437 3322 5493 5|.

1832 5527 2062 5584 NOTAE.

390 5615 461 5681 (7)
487 5614 697 5693 (ζιζαῖοοε
730 5619 851 5693 εὖτε
890 5622 1131 5691 συγχέων
1159 5621 1255 5689 τὴν
1294 5622 1486 5675 ἕνωσιν
1520 5624 1739 5693 (potius
1784 5626 1874 5676 ο)-

320 5684 462 5757 σέαν)
501 5686 610 5740 τῶν
645 5690 699 5751 ἐξ
739 5684 812 5743 ὧν
843 5693 875 5759 ἡ
906 5684 1026 5745 mili;
1064 5684 1362 5747 ὑπὸσέαςιν
1416 5684 1643 5763 ’διέγόὖεν
1676 5694 1890 5758 ἓνωσις.

2061 5622 2137 5690 (8)
2167 5620 2356 5675 (ἓιίιξοα
2379 5622 2725 5692 φωτοφορεας
2754 5622 3051 5693 ἀλλὸῖριος,
3084 5621 3355 5677 allusionc
3384 5619 3452 5675 ad
3473 5632 3565 5675 ce-

2007 5708 2132 5749 reos
2163 5693 2622 5763 qui-ferebantur,
2664 5693 2825 5747 facta.
