4022 6206
508 198 648 267 3293

1546 210 1826 275 ORATIO
1858 216 1979 278 III.
2011 245 2081 256 --
2109 219 2208 279 DE
2237 221 2704 284 HYPAPANTE.
2880 216 2901 239 ⁸
2962 258 2979 284 ο

3608 227 3751 295 ῖςὲϋι

507 312 812 410 speximus,
862 326 928 366 ac
972 312 1090 410 visa
1121 313 1212 410 Dei
1244 319 1535 385 praesentia
1594 322 1853 392 uinisque
1888 326 2088 379 mentis
2118 338 2162 386 Α
2197 331 2465 399 scriptum
2505 344 2605 398 cst,
2638 334 2969 390 velmaxime
3000 334 3070 390 ob
3089 341 3141 391 te
3170 336 3572 410 amentiamque
3598 347 3746 393 tuam

509 402 771 469 admissa,
798 418 977 460 novus
1004 402 1170 460 Israel
1221 423 1629 479 nuncupantur,
1655 425 1886 482 eamque
1918 413 2075 470 festis

509 494 926 562 anniversariis,
958 495 1011 549 in
1041 495 1376 554 oblivionem
1401 501 1524 571 ejus
1549 517 1831 573 nunquam
1862 513 2066 560 veutu~

511 588 580 652 ri,
612 587 978 643 celebramus.

580 678 636 733 8.
667 679 865 733 Verum
883 679 1216 737 Christusne
1237 682 1441 755 ubique
1459 700 1703 755 pra-scus
1722 688 1934 743 accedit
1963 688 2081 757 (9)?

508 770 592 822 An
628 770 719 823 lux
774 769 1010 840 implens
1038 773 1225 827 omnia
1256 775 1506 844 procedit
1534 777 1593 831 in
1625 778 1905 834 medium?
1932 778 2079 834 Nihil

509 861 657 914 enim
707 859 874 926 illius,
929 876 1055 915 cum
1106 872 1303 919 natura
1350 881 1463 921 non
1503 868 1923 939 circumscripta
1982 871 2077 935 sit,

511 951 772 1020 nullaque
816 953 914 1007 abs
946 969 1008 1008 re
1041 956 1217 1009 arceri
1254 956 1452 1023 valeat,
1489 959 1722 1030 velitque
1768 960 1942 1030 legem
1974 962 2080 1016 im-

509 1042 657 1110 plere
682 1042 942 1111 priscam,
982 1058 1216 1100 vacuum
1242 1057 1326 1103 est
1366 1050 1641 1105 claritate.
1675 1051 1789 1106 lmo
1817 1067 1946 1107 vero
1986 1068 2080 1108 ae—

511 1131 678 1197 cedit,
708 1144 1003 1206 ortumque
1022 1152 1183 1192 suum
1206 1139 1434 1194 omnino
1459 1154 1734 1196 smnmum
1786 1144 2078 1213 praesigni-

512 1222 708 1289 ﬁcans,
734 1224 802 1280 de
832 1240 892 1280 se
928 1223 1171 1284 Mosaico
1206 1231 1544 1287 vaticinatus
1570 1244 1655 1288 est
1675 1249 1790 1289 ore.
1819 1235 1889 1290 At
1919 1237 2082 1306 quale

514 1315 620 1369 hoc
653 1316 1024 1372 vaticinium?
1066 1337 1084 1369 ‹
1138 1320 1311 1377 Omne
1346 1323 1714 1380 masculinum
1755 1327 2080 1397 adaperiens

512 1407 752 1472 vulvam,
787 1408 984 1478 inquit,
1035 1420 1290 1467 sanctum
1338 1413 1568 1470 Domino
1621 1417 1905 1473 vocabitur
1955 1420 2022 1473 ι’.
2055 1439 2073 1471 ι

511 1495 666 1561 Quod
714 1497 933 1567 quidem
968 1510 1320 1571 praeceptum,
1353 1505 1526 1575 magis
1560 1513 1743 1562 tamen
1788 1510 2078 1577 denuntia-

514 1588 717 1642 tionem
747 1590 1142 1658 propheticam,
1173 1592 1341 1647 etiam
1370 1595 1523 1650 solus
1555 1595 1822 1667 implevit,
1852 1614 1978 1653 cum
2010 1615 2077 1655 ex

512 1689 672 1734 utero
709 1678 952 1751 Virginis
1002 1683 1154 1739 solus
1205 1684 1324 1753 ipse
1371 1687 1672 1754 prospexit,
1721 1701 1953 1757 eamque
1995 1696 2078 1744 ta-

513 1786 636 1851 men
655 1773 972 1843 virginitate
999 1790 1110 1832 non
1146 1778 1383 1847 privavit
1403 1793 1523 1844 sua,
1546 1778 1932 1850 ejusdemque,
1955 1797 2079 1839 cum

516 1868 856 1935 procederet,
893 1871 1176 1927 vinculum
1206 1890 1318 1931 non
1358 1876 1620 1932 dissolvit
1660 1897 1674 1932 :
1702 1878 1847 1948 quod
1872 1878 1939 1934 de
1961 1879 2082 1933 solo

512 1958 631 2026 ipso
680 1969 867 2030 aperte
900 1966 1224 2032 praedictum
1275 1979 1413 2023 erat.
1456 1966 1594 2022 Nam
1625 1978 1681 2024 et
1722 1968 1839 2038 ipse
1872 1970 2024 2024 solus
2051 1986 2082 2025 e

511 2051 628 2104 sola
661 2062 823 2108 natus
867 2066 954 2110 est
984 2055 1231 2127 Virgine,
1260 2068 1315 2113 et
1339 2075 1368 2112 a
1401 2060 1633 2116 seminis
1661 2070 1888 2132 experte
1915 2061 2078 2116 vulva

512 2141 665 2194 solus
713 2152 795 2197 est
829 2144 1073 2214 genitus,
1118 2158 1173 2202 et
1215 2150 1368 2204 solus
1405 2164 1436 2204 e
1484 2149 1727 2220 Virginis
1758 2162 1915 2207 utero
1950 2168 2081 2221 pro-

509 2245 759 2300 gressus,
789 2234 962 2304 ipsam
996 2235 1276 2307 Virginem
1309 2244 1679 2303 conservavit,
1709 2255 1820 2294 non
1846 2255 2081 2310 corrup-

512 2331 566 2377 ta
593 2325 715 2392 ejus
742 2327 920 2395 gratia
955 2342 1213 2396 nascens,
1257 2331 1408 2385 illius
1431 2348 1540 2385 non
1578 2333 1792 2385 minuto
1819 2332 2079 2402 splendo—

512 2429 571 2469 re
597 2415 651 2468 in
686 2417 860 2472 lucem
887 2420 1137 2483 venio-os,
1167 2422 1389 2476 vinculo
1421 2424 1567 2478 illius
1609 2438 1715 2476 non
1745 2426 1929 2479 soluto
1955 2440 2082 2493 pro-

513 2508 767 2575 grediens
799 2528 811 2562 :
858 2527 979 2576 quae
1010 2522 1064 2565 et
1098 2511 1264 2566 Deum
1314 2516 1613 2569 ostendunt
1641 2532 1766 2572 eum
1806 2532 1953 2585 esse,
1988 2520 2079 2589 qui

514 2602 780 2663 nascitur,
809 2608 862 2653 ct
890 2599 1176 2671 Deiparam
1222 2604 1504 2659 declarant
1550 2608 1767 2676 proprie
1809 2624 1929 2662 eam
1961 2625 2083 2664 esse

513 2706 635 2759 quae
659 2692 822 2761 parit.
860 2691 962 2745 Ubi
996 2694 1261 2749 scelestus
1293 2696 1487 2750 iterum
1526 2698 1744 2752 videtur
1778 2715 1906 2755 esse
1972 2699 2079 2755 Ne-

516 2785 747 2847 storius,
768 2784 858 2851 qui
883 2799 1059 2852 neque
1091 2784 1259 2840 Deum
1282 2786 1469 2841 dicere
1496 2789 1607 2842 vult
1627 2804 1750 2843 eum
1773 2790 1866 2859 qui
1899 2792 2079 2845 nasci-

516 2883 644 2940 tur;
678 2891 778 2928 nec
808 2875 1094 2944 Dciparam
1128 2892 1247 2931 eam
1280 2880 1518 2934 sustinet
1546 2896 1745 2935 vocare
1775 2897 1895 2950 qua:
1918 2898 2079 2951 pepe-

2183 424 2582 495 imaginariam,
2606 436 2772 497 atque
2802 428 2977 482 instar
3008 427 3435 484 Manicliarorum
3457 432 3747 485 attonitum

2182 524 2456 585 stuporem
2507 527 2683 572 tuum.
2718 519 2852 573 Nam
2889 535 3088 589 neque,
3116 521 3210 591 qui
3245 521 3490 575 omnium
3523 530 3609 577 est
3650 538 3749 578 ex-

2181 608 2359 677 piator
2405 609 2683 676 Christus,
2730 612 2842 667 ulla
2874 613 3273 684 expurgatione
3318 613 3618 683 indigebat,
3651 629 3751 669 ac-

2181 708 2335 768 cepta
2382 703 2687 769 praesertim
2723 718 2892 758 carne
2930 705 3023 758 illa
3056 705 3174 760 sola
3218 705 3614 760 immaculata:
3649 723 3751 761 ne-

2183 806 2289 859 que
2345 807 2465 861 quae
2499 795 2729 863 peperit,
2760 796 3026 850 inviolata
3056 797 3146 851 illa
3196 796 3598 866 impollutaqne
3625 812 3754 852 vere

2184 882 2376 955 Virgo,
2409 901 2529 954 quae
2577 887 2823 940 omnium
2864 888 3056 956 genuit
3087 887 3519 957 expiamentum,
3565 889 3754 957 expia-

2186 976 2333 1029 tione
2365 991 2460 1044 pcr
2494 976 2665 1045 legem
2697 978 3023 1047 prmscripta
3060 978 3232 1047 eguit.
3261 977 3593 1049 Quanquam
3624 980 3749 1044 hoc,

2184 1065 2487 1119 secundum
2543 1067 2738 1136 legem,
2785 1068 3086 1136 ascriptum
3141 1067 3236 1130 sit,
3282 1077 3339 1122 ut
3387 1084 3456 1124 ne
3499 1070 3755 1126 Christus

2191 1153 2489 1210 dissolutor
2521 1170 2646 1210 esse
2680 1156 2817 1227 legis
2851 1156 3289 1212 existimaretur.

2180 1284 2309 1338 CAP.
2350 1283 2435 1338 lll.
2487 1284 2568 1337 Ad
2602 1301 2878 1339 occursum
2928 1286 3289 1339 admittuntur
3336 1285 3652 1352 orthodoxi,
3681 1310 3759 1349 νει

2687 1356 2952 1422 pelluntur
2986 1355 3239 1410 Im'retici.

2255 1506 2341 1560 10.
2393 1505 2531 1571 Quid
2574 1515 2755 1562 autem
2790 1518 2872 1563 vet
2908 1509 3030 1578 ipsa
3080 1507 3362 1578 inviolatis
3393 1510 3624 1579 gestavit
3672 1510 3751 1563 ul-

2184 1596 2292 1660 nis,
2324 1598 2409 1652 vel
2457 1598 2587 1667 quid
2623 1598 2844 1653 Simeon
2883 1598 3096 1668 excepit
3147 1600 3287 1663 suis,
3336 1609 3535 1670 praeter
3585 1599 3750 1655 Deum

2182 1703 2403 1744 carnem
2439 1703 2754 1760 corpusque
2788 1689 2988 1744 factum
3017 1690 3041 1743 ?
3078 1688 3144 1744 Et
3176 1691 3343 1745 Deum
3385 1690 3579 1746 affectu
3626 1691 3754 1744 reli-

2182 1780 2342 1850 gioso
2371 1779 2640 1850 prepheta
2666 1780 3023 1850 suscipiebat,
3057 1794 3123 1834 ac
3155 1779 3304 1835 Patri
3342 1780 3564 1851 Deoque
3599 1781 3750 1835 illum

2182 1868 2479 1934 deferebat,
2497 1878 2552 1923 et
2571 1870 2740 1940 legem
2761 1869 3019 1939 implebat
3043 1870 3264 1940 spiritu,
3293 1890 3310 1922 ι
3338 1869 3553 1934 Nunt-,1
3580 1869 3753 1938 gratis

2184 1960 2444 2030 inquiens
2476 1958 2660 2025 labiis,
2696 1976 2715 2010 ι
2748 1958 2982 2015 dimittis
3032 1975 3252 2014 servum
3292 1969 3467 2023 tuum,
3503 1959 3749 2024 Domine,

2181 2051 2484 2108 secundum
2534 2052 2758 2106 verbum
2790 2061 2965 2117 tuum,
3000 2053 3054 2107 in
3095 2068 3231 2123 pace
3259 2056 3325 2117 η,
3361 2072 3380 2105 ι
3418 2053 3577 2119 Quod
3606 2055 3656 2109 ei
3684 2069 3749 2108 ex

2183 2143 2389 2213 Spiritu
2414 2142 2624 2197 dictum
2653 2153 2774 2199 erat
2802 2145 2869 2206 ¹⁶,
2911 2160 3020 2199 ιιοιι
3047 2132 3297 2199 visurum
3328 2160 3388 2199 se
3412 2146 3607 2201 mortis
3638 2145 3752 2199 adi-

2182 2243 2319 2298 tum,
2354 2234 2463 2288 nisi
2492 2234 2644 2304 prius
2678 2234 2889 2291 videret
2927 2234 3207 2289 Christum
3241 2233 3481 2298 Domini,
3509 2235 3753 2304 legisque

2184 2325 2464 2382 vinculum
2515 2326 2844 2381 solveretur.
2898 2324 3078 2381 Senex
3121 2326 3267 2380 enim
3323 2325 3753 2380 ille-obtinebat

2183 2431 2473 2486 personam
2501 2416 2656 2487 legis.
2689 2434 2707 2467 ι
2739 2414 2901 2481 Quia,
2942 2415 3141 2487 inquit,
3187 2414 3444 2470 viderunt
3467 2415 3612 2469 oculi
3644 2415 3752 2469 mei

2186 2510 2437 2566 Salutare
2458 2517 2613 2564 tuum
2650 2509 2714 2562 ".
2750 2527 2768 2559 ι
2798 2507 2914 2562 Non
2946 2508 3093 2563 enim
3118 2515 3238 2563 erat
3267 2506 3521 2562 Salutare
3550 2507 3630 2561 lex
3660 2507 3750 2561 illa

2186 2603 2442 2656 Mosaica.
2470 2601 2580 2655 Lex
2607 2609 2788 2655 autem
2824 2610 2978 2655 vetus
3002 2608 3055 2653 et
3086 2615 3250 2654 senex
3274 2608 3329 2655 et
3357 2599 3593 2663 infirma,
3630 2598 3751 2650 viso

2184 2695 2424 2759 Christo,
2474 2695 2577 2747 hoc
2603 2702 2688 2746 est
2716 2684 2959 2744 Salutari
2999 2689 3115 2757 Dei,
3145 2698 3199 2746 et
3228 2690 3296 2744 ab
3329 2688 3647 2743 infirmitate
3681 2688 3750 2742 ad

2185 2787 2419 2840 salutem
2458 2782 2861 2844 reducebatur;
2929 2789 2981 2835 et
3015 2787 3307 2844 vetustate,
3341 2793 3463 2848 quae
3511 2777 3589 2830 illi
3618 2774 3751 2830 ade-

2185 2884 2293 2943 rat,
2337 2874 2727 2929 convenienter
2770 2870 2999 2926 novitati
3035 2879 3319 2935 renovata,
3355 2867 3698 2935 eximebatur
3733 2882 3747 2919 :

516 2966 626 3019 rit:
653 2965 746 3017 ubi
789 2966 1161 3021 exsecrandtts
1195 2983 1414 3039 quoque
1458 2971 1731 3040 Entyches
1780 2982 2077 3041 spectatur,
2115 3003 2158 3061 ο
2189 2970 2374 3024 lumen
2395 2967 2538 3023 enim
2562 2975 2797 3020 veterem
2820 2963 2986 3018 Israel
3014 2965 3161 3017 omni
3190 2969 3463 3018 vetustate
3489 2961 3748 3025 liberans,

515 3057 609 3126 qui
642 3071 862 3112 carnem
912 3066 1072 3129 negat
1107 3058 1335 3115 Domino
1363 3061 1633 3129 ejusdem,
1683 3072 1852 3133 atque
1897 3066 2077 3127 nobis,

514 3164 639 3205 esse
670 3158 900 3207 naturae.
939 3151 1057 3217 Quo
1097 3150 1242 3206 enim
1278 3153 1440 3207 modo
1482 3151 1742 3220 Verbum,
1780 3157 1922 3226 quod
1953 3171 2083 3212 caro

513 3248 704 3295 nostra
729 3240 843 3294 fieri
868 3255 1034 3296 causa
1067 3242 1350 3309 sustinuit,
1383 3262 1401 3295 ι
1440 3242 1584 3299 Caro
1619 3245 1826 3300 factum
1857 3245 2026 3310 est“,
2057 3264 2077 3299 ι

516 3331 565 3386 εἰ
598 3341 800 3385 natura
822 3331 1010 3385 carnis
1041 3330 1112 3385 ab
1140 3345 1206 3386 eo
1235 3348 1301 3386 ex
1335 3332 1495 3388 nobis
1523 3348 1701 3403 neque
1721 3348 1848 3390 vere
1869 3349 2083 3390 assum—

515 3428 630 3490 pta,
663 3436 840 3490 neque
887 3420 964 3474 ita
1005 3420 1330 3493 ipsijuncta
1376 3430 1520 3489 erat,
1564 3431 1623 3477 ut
1669 3426 1981 3481 ostenderet
2018 3427 2084 3480 ti-

515 3510 708 3587 quido,
742 3509 1014 3575 eamdem,
1050 3525 1213 3580 quam
1246 3525 1368 3572 nos,
1399 3521 1650 3567 naturam
1676 3511 1917 3567 Verbum
1956 3522 2084 3570 ante

513 3600 763 3668 corporis
793 3608 990 3679 expers
1032 3601 1367 3671 suscepisse,
1407 3610 1573 3672 atque
1610 3603 1687 3656 ita
1738 3619 1867 3659 vere
1908 3604 2082 3660 homi-

515 3706 638 3746 nem
672 3688 875 3746 factum
907 3707 1031 3748 esse
1072 3693 1389 3759 nobiscum,
1421 3694 1468 3750 si
1496 3710 1679 3764 neque
1720 3694 1921 3751 habeat
1952 3710 2079 3751 cor-

512 3794 617 3851 pus
650 3782 894 3851 ejusdem
932 3797 1055 3836 cum
1102 3783 1427 3852 corporibus
1459 3784 1662 3840 nostris
1708 3787 1948 3856 generis,
1984 3804 2079 3843 ne-

513 3887 621 3940 que
653 3875 889 3925 animam
918 3872 1190 3941 ejusdem,
1225 3889 1329 3944 qua
1366 3885 1565 3930 nostrae
1595 3885 1857 3932 constant
1919 3888 2077 3934 natu-

514 3960 627 4014 ne?
649 3961 718 4013 At
748 3976 873 4014 vere
900 3979 919 4009 ι
962 3960 1198 4041 Verbum
1230 3978 1362 4017 caro
1405 3964 1633 4027 factum,
1675 3985 1694 4017 ι
1727 3982 1827 4021 nos
1857 3983 2091 4041 servare,

514 4050 663 4120 cupit
691 4070 704 4104 :
731 4058 783 4103 et
814 4036 1085 4106 exsistens
1114 4053 1169 4106 in
1202 4054 1321 4122 ipso
1345 4054 1487 4110 Deus
1524 4071 1650 4111 vere
1688 4056 1866 4114 factus
1889 4059 2073 4127 homo,

514 4141 649 4194 nihil
682 4143 804 4197 falsi
850 4144 1153 4213 prarsefert,
1190 4162 1373 4216 neque
1414 4148 1670 4203 homines
1700 4164 1800 4203 nos
1830 4150 2075 4222 decepit;

518 4232 613 4286 sed
660 4242 852 4287 nostra
889 4243 1088 4289 natura
1134 4244 1396 4307 suscepta
1448 4238 1787 4310 gratificatus
1812 4252 1897 4297 est
1922 4244 2079 4299 nobis

513 4337 689 4376 suam.
1552 4381 1563 4390 .

581 4412 633 4469 9.
666 4413 903 4480 Etenim,
944 4414 990 4469 si
1022 4414 1125 4470 hoc
1156 4417 1232 4469 ita
1253 4432 1361 4472 non
1395 4427 1513 4473 erat
1543 4417 1920 4485 utcredimus,
1944 4437 2081 4490 quo-

510 4504 694 4569 modo,
724 4506 817 4574 qui
852 4506 966 4560 lucc
1000 4507 1216 4574 scribit,
1256 4510 1333 4564 ait
1364 4508 1713 4582 Evangelista
1749 4532 1762 4568 :
1800 4532 1820 4565 ι
1846 4512 1909 4566 Et
1931 4522 2083 4582 post-

512 4608 671 4661 quam
733 4594 941 4664 impleti
991 4606 1123 4652 sunt
1160 4598 1279 4653 dies
1327 4602 1669 4670 purgationis
1711 4617 1901 4657 eorum
1936 4604 2018 4656 “‘3
2054 4624 2074 4656 ι

511 4684 695 4749 Qualis
727 4700 891 4755 porro
932 4687 1294 4758 purgationis,
1325 4703 1359 4743 ο
1384 4692 1753 4748 ahominande
1779 4691 2078 4764 Eutyches,

511 4777 554 4827 si
578 4789 709 4829 caro
733 4776 786 4828 in
822 4774 1047 4831 Christo
1081 4792 1187 4832 non
1212 4787 1331 4832 erat
1361 4780 1541 4833 vera?
1569 4782 1615 4835 si
1649 4791 1842 4835 natura
1883 4782 2077 4837 huma-

511 4881 579 4918 na
610 4864 847 4920 adunata
886 4881 998 4920 non
1039 4879 1157 4922 erat
1191 4869 1413 4924 Verbo?
1464 4887 1589 4926 nam
1633 4873 1820 4926 divina
1883 4889 2079 4943 expers

511 4957 757 5025 corporis
789 4960 933 5026 quali
969 4969 1093 5029 eget
1122 4962 1492 5030 purgatione?
1523 4978 1643 5033 qua:
1674 4965 2078 5020 contaminatio

512 5049 566 5100 in
587 5058 808 5117 experte
830 5051 1016 5106 carnis
1035 5052 1320 5108 divinitate
1350 5055 1690 5125 conspicitur
1710 5056 1732 5109 ?
1751 5056 2074 5128 Quanquam

512 5146 572 5191 ut
600 5138 881 5194 hominum
912 5144 1156 5197 conditio
1178 5145 1454 5213 exigebat,
1492 5146 1760 5202 humilius
1798 5148 1902 5202 hoc
1935 5164 2073 5202 con-

583 5312 631 5386 ‘_’,
657 5313 825 5386 Exod.
858 5333 979 5381 xm,
1002 5318 1077 5384 9.;
1112 5317 1243 5373 Luc.
1287 5335 1348 5386 ιι,
1374 5320 1464 5377 ‘25.

600 5321 633 5394 ξ
657 5321 825 5394 haud.
858 5333 979 5381 xm,
1002 5321 1077 5384 9.;
1112 5321 1243 5373 Luc.
1287 5335 1348 5386 ιι,
1374 5321 1464 5377 ‘25.
1546 5323 1587 5353 "
1611 5321 1769 5377 Joan.
1803 5340 1839 5389 ι,
1871 5326 1950 5378 Μ.

525 5382 566 5415 ⁸⁸
598 5383 735 5438 ibid.
760 5385 850 5441 51.

2030 5325 2072 5358 ¹⁷δ
2099 5323 2233 5380 Luc.
2264 5340 2322 5388 ιι,
2355 5323 2444 5377 29..

2189 3058 2256 3113 ad
2290 3073 2529 3127 eumque
2578 3064 2770 3127 gentes
2814 3055 3131 3117 adducens,
3177 3053 3354 3109 oculis
3399 3051 3750 3108 cernebatur.

2186 3153 2397 3207 Idcirco
2430 3150 2652 3213 clamat,
2688 3149 3047 3215 clatnansque
3082 3146 3333 3201 enuntiat
3367 3161 3381 3199 :
3421 3163 3439 3195 ι
3476 3142 3631 3197 Nunc
3663 3141 3748 3196 di-

2186 3243 2360 3297 mittis
2401 3255 2615 3296 servum
2653 3248 2832 3302 tuum,
2881 3237 3130 3301 Domine,
3187 3237 3485 3292 secundum
3523 3233 3749 3289 verbum

2185 3341 2361 3397 tuum,
2395 3330 2450 3385 in
2495 3344 2683 3399 pace;
2717 3330 2846 3399 quia
2881 3329 3144 3385 viderunt
3168 3329 3314 3382 oculi
3353 3326 3458 3381 mei
3494 3324 3754 3381 Salutarc

2185 3429 2361 3484 tuum,
2399 3419 2547 3489 quod
2588 3419 2795 3489 parasti
2842 3427 2972 3483 ante
3018 3418 3211 3475 faciem
3246 3420 3490 3474 omnium
3527 3416 3754 3489 p0pulo—

2183 3526 2305 3565 rum
2328 3551 2343 3575 ,
2374 3511 2554 3564 lumen
2599 3509 2666 3563 ad
2718 3510 3112 3565 revelationem
3153 3510 3398 3581 gentium
3437 3516 3491 3565 et
3516 3507 3752 3578 gloriam

2184 3600 2359 3673 plebis
2394 3609 2500 3655 tuae
2531 3599 2695 3655 Israel
2727 3602 2792 3655 ³⁸.
2837 3620 2855 3653 ι
2892 3602 3181 3656 Exsistens
3212 3616 3389 3657 novus
3420 3614 3451 3655 e
3473 3597 3644 3654 veteri
3673 3596 3753 3668 (et

2184 3684 2405 3748 Galilaea
2446 3693 2687 3763 gentium
2731 3693 3063 3756 illustratur,
3104 3701 3163 3747 et
3205 3707 3381 3747 novus
3437 3689 3607 3745 lsrael
3654 3688 3752 3743 de-

2189 3777 2551 3848 monstratur)
2577 3777 2886 3843 Christum,
2920 3780 3128 3845 lumen,
3171 3780 3404 3850 aspexit.

2259 3870 2346 3923 tl.
2373 3868 2719 3945 Quidautem
2751 3869 2888 3923 vidit
2910 3869 3074 3924 etiam
3093 3870 3294 3936 oculis,
3319 3871 3426 3926 nisi
3458 3877 3751 3939 cognatum

2191 3960 2350 4015 nobis
2396 3976 2599 4030 corpus
2652 3971 2819 4029 atque
2866 3961 3252 4030 conspicuum,
3307 3961 3755 4031 convincensque

2187 4052 2462 4126 inscitiam
2510 4051 2828 4123 Eutychetis
2872 4068 2902 4106 e
2939 4052 3286 4107 Manichaica
3336 4061 3579 4108 semente
3623 4067 3754 4123 pro-

2185 4143 2449 4197 ductam?
2481 4142 2559 4197 Ex
2603 4152 2794 4197 natura
2826 4144 2972 4198 enim
3011 4158 3111 4197 sua
3141 4143 3280 4214 fugit
3306 4151 3587 4214 aspectum
3625 4142 3754 4198 Dei-

2185 4245 2290 4299 tas,
2332 4249 2434 4289 nec
2470 4235 2753 4288 hominum
2796 4233 2971 4289 oculis
3031 4235 3186 4289 cerni
3221 4245 3423 4305 potest.
3472 4233 3756 4290 Excedant

2115 4330 2158 4385 ι)
2186 4339 2315 4395 ergo
2350 4325 2453 4379 hac
2485 4333 2673 4380 nostra
2698 4325 3017 4379 celebritate
3039 4324 3205 4378 simul
3234 4324 3510 4395 Eutycbes
3541 4339 3605 4379 ac
3648 4323 3756 4378 Ne-

2180 4418 2389 4473 storius
2417 4415 2667 4485 ejusdem
2694 4415 2885 4471 hostes
2911 4424 2964 4471 et
2982 4416 3311 4483 adversarii,
3339 4417 3597 4486 illiusque
3615 4416 3753 4470 laeti-

2182 4512 2313 4562 tiam
2361 4508 2569 4562 violare
2597 4516 2874 4563 certantes
2910 4526 2923 4563 :
2969 4508 3059 4564 hic
3090 4508 3314 4580 quidem
3359 4508 3641 4565 Christum
3670 4506 3757 4562 di-

2180 4599 2372 4654 videns
2397 4597 2761 4664 individuum,
2796 4599 2888 4656 ille
2911 4615 3044 4656 vero
3066 4600 3233 4671 impie
3258 4616 3342 4668 ea,
3369 4615 3493 4672 quae
3517 4598 3755 4655 confun-

2179 4692 2231 4744 di
2260 4705 2367 4745 non
2419 4700 2676 4761 possunt,
2710 4692 3058 4749 confundens
3090 4710 3104 4748 :
3133 4709 3233 4748 nec
3267 4694 3412 4748 enini
3454 4705 3696 4762 unquam
3723 4705 3755 4743 a

2180 4783 2382 4838 talibus
2428 4792 2614 4839 nostra
2659 4801 2719 4839 se
2758 4785 2970 4854 patitur
3003 4786 3265 4840 adornari
3302 4785 3617 4840 celebritas.
3664 4781 3755 4835 Id-

2180 4873 2331 4927 circo
2368 4873 2702 4942 purgamiui,
2730 4874 2941 4927 idcirco
2990 4874 3262 4939 nitescitc,
3307 4874 3516 4928 idcirco
3543 4870 3751 4926 Christi

2180 4966 2461 5036 mysteria.
2495 4966 2641 5020 velut
2670 4966 2893 5021 Christo
2927 4966 3130 5030 amici,
3160 4966 3323 5020 colite
3362 4981 3376 5028 ;
3412 4965 3612 5019 etenim
3651 4963 3753 5017 ali-

2185 5068 2265 5113 ter
2297 5057 2400 5112 sibi
2434 5057 2651 5111 obviam
2685 5064 3039 5112 accurrentes
3072 5073 3252 5126 neque
3283 5058 3543 5121 admittit,
3573 5071 3751 5126 neque

2181 5149 2359 5203 oculis
2397 5147 2582 5203 videre
2618 5149 2857 5202 sustinet
2912 5167 2925 5202 :
2979 5163 3163 5203 verum
3209 5164 3238 5202 a
3282 5149 3603 5205 celebritate
3649 5164 3749 5205 sua

2527 5321 2924 5385 "Lue.n,29.
3005 5324 3335 5380 ’°ihid.26.
3416 5324 3743 5399 "ibid,30.

2007 5505 2237 5561 NOTAE.

582 5581 660 5655 (9)
690 5584 922 5656 lntelligi
949 5591 1119 5643 solam
1151 5589 1355 5648 Christi
1394 5594 1645 5650 deitatem
1687 5598 1827 5650 infra
1867 5607 2034 5667 p~tet,
2080 5600 2169 5653 ubi
2200 5599 2439 5655 haeretici
2475 5599 2538 5655 de
2565 5614 2626 5653 ea
2669 5601 2809 5654 male
2840 5604 3142 5658 sentientes
3168 5601 3642 5673 perstringuntur.
