4022 6206
276 194 419 285 3295

1169 218 1231 277 S.
1260 216 1681 279 SOPHRONII
1708 214 2227 277 PATRIARCHE.
2248 212 2656 275 HIEROSOL.

3402 208 3545 272 3296

276 349 374 391 eos
423 329 646 387 exsules
681 344 808 387 esse
836 329 1014 401 jubet,
1050 328 1427 401 profanosque
1476 331 1770 386 constituit
1801 341 1855 386 et
1888 334 1937 391 Α
1962 343 2087 383 cum
2122 342 2253 382 sene
2282 325 2541 381 Simeone
2565 333 2768 380 etcum
2809 336 2918 378 anu
2950 335 3017 377 ac
3049 328 3170 375 vate
3192 319 3351 375 Anna
3389 323 3544 376 etei-—

276 439 546 481 occursus
579 422 648 478 ad
697 438 758 499 se
779 433 1053 480 exsortes.
1083 421 1299 477 Abeant
1339 438 1445 476 una
1473 422 1713 477 cumbis
1749 422 1869 476 Eu—

277 518 450 572 tinniii
492 525 549 571 et
588 515 817 571 Eudoxii
861 514 1071 585 (ιο-11)
1104 523 1159 570 et
1197 515 1401 571 Asterii
1442 514 1579 585 (12),
1637 524 1689 570 et
1732 530 1863 569 cum

278 609 416 679 ipsis
451 608 736 663 Manichaei
797 617 851 663 et
881 606 1212 677 Apollinarii
1242 606 1380 680 (15),
1415 608 1601 663 Severi
1634 622 1698 662 ac
1741 606 1860 678 (14)

282 698 532 752 Ilioscori
559 696 697 767 (15),
729 698 1021 767 omnisque
1056 697 1461 768 Accphalorum
1495 697 1609 768 (I6)
1656 697 1859 753 misera

280 791 371 843 illa
425 804 489 842 ac
523 802 653 842 vere
691 789 873 857 capite
909 803 1106 845 carens
1148 804 1462 861 gangraena.
1514 789 1592 843 Illi
1633 790 1857 860 quidem

278 883 410 951 quia
438 883 510 937 ob
559 897 779 937 carnem
808 883 1015 938 Christi
1053 883 1438 954 conspicuam,
1468 892 1524 939 et
1549 885 1858 955 inaspecta-

244 1004 251 1015 κ
280 974 445 1029 bilem
480 973 893 1045 perfectamque
941 974 1201 1031 deitatem
1245 976 1576 1032 imminuere
1606 986 1663 1031 et
1693 977 1860 1031 abro-

278 1082 412 1135 gare
450 1066 635 1121 conati
669 1075 823 1133 sunt,
856 1082 1087 1137 eamque
1115 1066 1349 1122 alterius
1379 1067 1594 1122 edicere
1623 1074 1858 1128 naturae,

280 1157 718 1226 sttbstantiazque
770 1171 802 1209 a
859 1166 1098 1221 natura,
1143 1173 1267 1228 quae
1304 1166 1387 1212 cst
1430 1158 1484 1212 in
1532 1157 1716 1221 Patre,
1763 1156 1865 1225 qui

280 1250 491 1318 genuit,
544 1249 881 1304 contendere
917 1248 1173 1313 diversae,
1210 1250 1264 1303 in
1294 1250 1500 1304 creatis
1538 1262 1658 1303 eam
1696 1247 1861 1303 rebus

280 1338 543 1394 audacter
593 1348 991 1405 numerantes,
1041 1354 1105 1393 ac
1166 1339 1529 1395 decernentes
1573 1338 1858 1394 Christum

283 1431 452 1485 Deum
492 1442 739 1486 creatum
788 1447 933 1494 esse,
966 1439 1043 1497 et,
1076 1432 1380 1486 secundum
1418 1441 1710 1500 utramque
1758 1443 1860 1483 na-

282 1532 487 1589 turam,
519 1523 786 1587 divinam,
820 1525 1066 1593 inquam,
1091 1534 1147 1578 et
1176 1522 1471 1577 humanam
1513 1522 1859 1577 adorandum

280 1630 427 1669 esse.
472 1614 535 1667 lli
563 1629 693 1668 vero
741 1615 812 1668 ob
853 1615 1002 1668 illam
1033 1613 1261 1680 Christi,
1301 1630 1425 1684 quae
1468 1629 1581 1668 non
1620 1614 1858 1678 videtur,

1964 422 2199 490 piamus.
2233 419 2411 473 Ambo
2426 416 2571 473 enim
2594 415 3052 487 antiquabantur,
3081 423 3137 469 et
3160 412 3250 468 lex
3267 412 3549 476 videlicet,

1962 522 2018 568 ct
2057 512 2230 568 secuti
2284 512 2437 566 illam
2482 511 2789 582 prophetae,
2833 508 3219 567 dimissionem
3255 519 3545 576 exspecta-

1963 605 2115 660 bant.
2155 586 2286 656 Nam
2329 617 2506 672 usque
2551 601 2619 655 ad
2671 603 2933 672 repletam
2981 602 3293 657 luminibus
3338 602 3544 657 Christi

1963 693 2361 757 estensionem,
2399 701 2455 749 et
2494 692 2736 748 obtinuit
2781 693 2892 758 lex,
2924 700 2977 749 et
3024 694 3307 764 prophetae
3353 694 3546 748 vatici-

1963 797 2180 852 nantes,
2237 801 2269 841 a
2318 786 2429 844 Deo
2469 802 2603 858 erga
2644 787 2925 843 Christum
2987 790 3266 858 sapienter
3319 797 3545 857 peracta

1962 879 2250 949 mysteria,
2298 877 2734 948 admirandaque
2770 880 2838 934 de
2873 879 3098 937 Christo
3148 881 3373 935 oracula
3403 895 3538 950 pra:-

1963 969 2248 1026 dixerunt.
2286 971 2398 1027 Nos
2428 971 2498 1027 ab
2549 971 2901 1027 ethnicorum
2955 973 3309 1027 multitudine
3344 974 3398 1027 in
3443 988 3546 1056 no:-

1963 1076 2095 1115 vttm
2124 1062 2377 1118 translati
2406 1060 2600 1129 lsrael,
2631 1078 2923 1134 novusque
2960 1062 3055 1118 Dei
3096 1065 3328 1135 populus
3355 1067 3543 1135 appel-

1963 1152 2082 1216 lati,
2108 1154 2474 1209 conllteamur
2499 1155 2770 1221 vicissim,
2812 1170 2882 1210 ac
2922 1154 3168 1211 Psalmos
3202 1157 3543 1220 accinentes,

1971 1264 1991 1299 ο
2039 1245 2341 1302 Cantemus
2388 1245 2632 1303 Domino
2679 1247 2956 1303 canticum
3004 1262 3204 1302 novum
3254 1248 3319 1303 θ’.
3361 1265 3381 1299 ι
3432 1245 3543 1303 Nos

1964 1338 2199 1410 pulchre
2239 1337 2489 1393 renovati
2527 1337 2849 1409 Christique
2907 1341 3203 1411 praesentia
3270 1342 3326 1394 in
3371 1340 3539 1394 altum

1964 1428 2189 1493 sublati,
2240 1427 2462 1499 abiecto
2489 1429 2791 1500 splendore
2823 1440 3212 1500 vetustateque
3248 1430 3436 1501 gentili
3469 1431 3543 1484 si-

1964 1519 2076 1572 mul
2102 1532 2167 1574 ac
2193 1518 2350 1589 legali
2383 1518 2667 1584 universa,
2697 1521 2956 1591 omnique
2979 1537 3122 1587 eam,
3156 1536 3280 1590 qua:
3320 1535 3553 1575 carnem.

1964 1609 2166 1678 sapiat,
2225 1609 2648 1680 clarissimaque
2683 1609 2786 1665 hac
2826 1610 3034 1667 Christi
3091 1612 3419 1667 celebritate
3464 1613 3546 1665 in-

290 1701 581 1762 deitatem,
607 1704 772 1756 etiam
814 1718 1041 1758 carnem
1080 1703 1205 1772 ejus
1232 1674 1458 1758 eludere
1490 1704 1863 1773 ementirique
1894 1674 1935 1730 Β
1964 1699 2148 1769 digna,
2187 1709 2473 1757 cantemus
2505 1700 2738 1759 Domino
2775 1703 3050 1758 canticum
3093 1718 3318 1757 novum.
3372 1702 3545 1757 Reno-

283 1795 477 1848 volunt
520 1812 533 1848 :
565 1795 662 1863 qui
711 1810 775 1849 ea
816 1811 941 1864 qua:
976 1795 1141 1851 unius
1166 1795 1345 1849 solum
1394 1804 1608 1848 naturai
1641 1795 1864 1865 propria

284 1893 433 1946 sunt,
465 1885 823 1954 abripientcs,
856 1886 1282 1956 conjunctarum
1314 1884 1698 1941 confusionem
1731 1885 1865 1941 sub-

283 1977 615 2029 stantiarum
659 1977 1074 2046 imaginantur:
1128 1984 1182 2031 et
1238 1977 1476 2032 miseras
1534 1976 1861 2046 Apollinarii

287 2066 709 2134 I’nlcmonisqtte
747 2068 1210 2137 (in-praestigias
1252 2065 1442 2121 libenti
1485 2067 1672 2121 animo
1713 2068 1863 2121 acci-

285 2156 463 2225 piunt.
493 2156 834 2223 Quibuscum
864 2158 1100 2213 Ebiones
1127 2157 1238 2229 (18)
1259 2173 1321 2212 ae
1346 2157 1695 2213 Samnsateni
1726 2159 1860 2229 (19),

283 2247 440 2303 Pauli
475 2256 529 2302 et
567 2247 897 2303 Bardesanw
921 2250 1287 2315 collocentur,
1314 2236 1618 2321 nostraque
1648 2266 1680 2305 e
1718 2251 1861 2305 festo

282 2339 388 2394 hoc
418 2341 732 2409 exigantur.
781 2339 841 2393 Ili
878 2340 1122 2408 quidem,
1166 2340 1296 2409 quia
1334 2340 1617 2396 Christum
1654 2341 1862 2396 solum-

283 2431 448 2486 modo
499 2430 709 2486 nudnm
740 2432 1017 2486 hominem
1064 2446 1129 2484 ac
1174 2431 1337 2486 nobis
1371 2447 1560 2501 parem
1608 2430 1861 2484 arbitrati

283 2531 432 2587 sunt,
464 2524 644 2593 iisque
691 2539 815 2593 qua:
866 2524 1091 2578 deitatis
1121 2532 1250 2579 sunt
1281 2523 1525 2593 propria,
1546 2532 1860 2588 carentem,

282 2629 348 2666 ac
388 2629 458 2669 ne
491 2613 663 2668 Deum
694 2614 914 2683 quidem
944 2614 1057 2668 ullo
1090 2614 1254 2667 modo
1294 2613 1741 2667 nominaverunt.
1778 2612 1861 2667 Illi

278 2720 435 2771 vero,
467 2706 614 2776 quod
645 2705 927 2761 Christum
950 2720 1063 2759 non
1095 2713 1363 2760 aeternum
1394 2718 1518 2759 esse
1551 2702 1720 2759 Deum
1759 2704 1861 2758 Pa-
1936 2760 1949 2780 ,

281 2798 464 2868 triqne
494 2798 802 2855 aeternitate
832 2814 1047 2869 parem,
1078 2797 1177 2853 sed
1208 2812 1274 2853 ex
1311 2796 1482 2851 Maria
1517 2796 1863 2852 aﬂirmabant

282 2892 461 2946 solum
495 2907 563 2948 ex
594 2892 713 2962 ipsa
744 2890 1019 2953 ineﬂabili,
1051 2890 1435 2946 incarnatione
1478 2890 1645 2946 Deum
1687 2891 1861 2947 exsti-

284 2982 420 3036 tisse
447 2984 575 3037 rati.

371 3071 447 3132 ﬂ.
489 3073 554 3127 Et
594 3073 639 3129 si
684 3073 909 3143 quidem
938 3072 1210 3138 universi,
1255 3080 1528 3144 quotquot
1557 3073 1645 3130 vel
1696 3073 1866 3143 impie

285 3164 591 3219 secundum
623 3165 776 3232 ipsiis
807 3162 1174 3226 insanierunt,
1190 3163 1277 3217 vel
1308 3164 1611 3219 secundum
1639 3163 1861 3218 eosdem

284 3261 581 3307 evaserunt
615 3248 1024 3323 insane‘unpii,
1070 3268 1101 3307 ει
1158 3252 1349 3308 divino
1382 3253 1588 3309 Christi
1626 3269 1863 3310 occursu

284 3346 646 3415 repellantur,
701 3355 762 3400 ut
812 3360 949 3409 nos,
992 3346 1087 3416 qni
1139 3354 1293 3400 recte
1336 3345 1634 3411 sentimus,
1678 3346 1862 3402 cuncti

287 3439 435 3491 tunc
470 3437 610 3492 festo
640 3436 886 3492 colentes
910 3436 1022 3500 die,
1057 3437 1330 3491 hasreseos
1355 3435 1681 3492 multifaria:
1706 3437 1861 3492 nulla

288 3527 408 3581 labe
437 3536 696 3597 suscepta
736 3524 959 3581 Christo
985 3525 1097 3582 ilco
1118 3543 1312 3583 eamus
1338 3527 1584 3595 obviam,
1628 3542 1867 3598 cumque

361 3706 404 3739 ²⁹
430 3704 573 3759 Psal.
604 3718 767 3771 xcvn,
809 3706 858 3761 1.
940 3706 984 3737 ³⁸
1014 3703 1150 3790 Ibid.
1226 3704 1268 3737 ²¹
1306 3703 1441 3761 Ibid.

1963 1794 2077 1847 vati
2109 1796 2310 1849 etenim
2344 1808 2562 1858 sumus,
2597 1795 2833 1866 novique
2860 1795 2991 1850 facti
3021 1812 3052 1850 e
3083 1797 3384 1858 veteribus,
3421 1797 3538 1865 jus-

1964 1884 2123 1954 sique
2161 1884 2439 1939 canticum
2483 1899 2684 1940 novum
2737 1901 2937 1941 canere
2978 1885 3088 1940 Deo
3129 1901 3193 1940 ac
3230 1886 3401 1952 I’atri,
3451 1887 3543 1956 qui

1965 1974 2176 2032 Christi
2225 1990 2329 2032 nos
2383 1963 2677 2046 praesentia
2723 1986 2776 2032 et
2836 1977 3121 2032 innovavit
3165 1978 3459 2034 universos
3492 1987 3551 2033 et

1967 2068 2227 2138 populum
2264 2068 2425 2123 illius
2473 2084 2676 2124 novum
2717 2084 2842 2125 esse
2890 2069 3309 2125 demonstravit.
3350 2089 3369 2120 ι
3407 2068 3548 2123 Can-

1966 2168 2148 2214 temus
2195 2158 2425 2214 Domino
2466 2161 2745 2216 canticum
2801 2177 3047 2216 novum:
3095 2162 3226 2233 quia
3274 2162 3544 2215 mirabilia

1968 2248 2098 2305 fecit
2121 2250 2189 2314 ὀ,
2230 2269 2249 2302 ι
2287 2258 2452 2321 atque
2467 2266 2565 2321 per
2593 2251 2800 2306 Christi
2828 2252 3050 2319 quidem
3076 2254 3422 2322 praesentiam
3447 2254 3547 2305 mi-

1966 2342 2224 2405 rabilius,
2259 2356 2357 2413 per
2402 2358 2569 2412 quant
2615 2342 2799 2397 omnia
2830 2344 3187 2405 innovantur,
3217 2356 3545 2411 recuperan-

1967 2430 2057 2485 tur
2092 2432 2301 2500 perdita
2343 2441 2552 2497 vetera,
2605 2447 2746 2486 nova
2785 2434 3205 2502 conspiciuntur
3229 2473 3244 2496 ,
3286 2443 3451 2501 atque
3491 2433 3543 2485 in

1965 2521 2134 2575 Deum
2190 2521 2407 2576 sublata
2470 2521 2526 2575 in
2600 2523 2833 2592 primam
2891 2522 3239 2592 iuventutem
3310 2523 3551 2577 transfe-

1965 2622 2187 2666 l’llllllll'.

2037 2701 2123 2755 15.
2160 2702 2354 2767 Qualia
2387 2709 2568 2757 autem
2601 2703 2713 2757 haec
2743 2704 2877 2768 sint,
2912 2703 3201 2758 evidenter
3231 2703 3402 2757 tradit
3426 2703 3540 2773 lyra

1964 2789 2203 2861 Spiritus
2230 2811 2244 2848 :
2276 2810 2295 2844 t
2331 2790 2576 2848 Salvavit
2601 2793 2784 2864 ipsum
2814 2794 3041 2849 dextera
3072 2794 3212 2863 ejus,
3265 2793 3543 2863 inquiens,

1972 2892 2028 2939 et
2059 2878 2634 2943 brachium°sanctum
2676 2887 2798 2957 ejus
2838 2889 2907 2942 τι.
2948 2906 2968 2939 ι
3009 2886 3073 2941 Ει
3110 2901 3362 2957 quamam
3411 2886 3544 2950 Iure,

1974 2990 2184 3046 quaeso,
2210 2980 2433 3032 dextera
2469 2966 2563 3032 Dei
2593 2994 2656 3033 ac
2679 2978 2968 3049 genitoris,
3005 2986 3059 3033 et
3090 2978 3377 3033 brachium
3415 2973 3550 3033 san;

1972 3075 2122 3121 ctum
2160 3068 2390 3133 exstitit,
2423 3068 2533 3125 nisi
2565 3071 2718 3124 solus
2750 3070 2858 3133 ille,
2888 3084 2983 3139 per
3008 3084 3172 3139 quem
3212 3069 3394 3122 omnia
3422 3068 3549 3121 fecit

1973 3159 2190 3216 Filius?
2222 3177 2321 3230 per
2348 3177 2534 3231 quem,
2561 3178 2682 3233 quae
2711 3172 2840 3218 ante
2870 3177 2980 3218 non
3011 3169 3190 3227 erant,
3213 3161 3549 3227 condidit,et

1970 3266 2002 3306 e
2022 3265 2130 3305 non
2161 3252 2565 3309 exsistentibus
2587 3255 2652 3307 ad
2674 3253 3055 3308 exsistendum
3077 3253 3339 3324 perduxit
3376 3271 3392 3309 :
3427 3269 3550 3324 quae

1970 3357 2160 3415 postea
2180 3345 2248 3398 ad
2284 3345 2567 3401 interitmn
2598 3359 2662 3400 ac
2696 3354 3021 3401 vetustatem
3065 3346 3312 3415 repentia
3370 3349 3550 3415 (vete-

1972 3451 2201 3493 rascens
2243 3437 2387 3491 enim
2423 3453 2512 3493 res
2550 3452 2895 3510 unaquaeque
2940 3447 2994 3493 et
3031 3451 3434 3494 οοηεθηθεοεης
3481 3451 3549 3492 ex

1973 3535 2186 3583 natura:
2224 3542 2339 3584 suae
2392 3527 2584 3583 habitu
2630 3544 2849 3599 seraper
2898 3528 2966 3583 ad
3024 3528 3306 3583 interitum
3357 3530 3548 3599 vergit)

1786 3825 1998 3883 ΝΟΤιΕ
2011 3868 2027 3884 .

357 3961 505 4028 (ιο-ι
521 3962 571 4030 Ι)
587 3960 865 4016 Eudoxius
882 3959 1123 4016 Arianns
1135 3959 1863 4030 Constantinopolitantein-

1965 3963 2321 4030 Eutychetis,
2398 3977 2527 4016 cum
2577 3976 2642 4017 eo
2695 3960 2753 4015 in
2810 3961 3047 4017 concilio
3112 3960 3543 4023 Chalcedonensi

287 4049 453 4088 vasor
488 4032 638 4087 sedis
671 4032 970 4100 baptizavit
1004 4030 1290 4085 Valentem
1328 4040 1740 4099 imperatorem,
1769 4033 1859 4088 eui
1952 4034 2278 4087 damnatus.
2303 4032 2374 4086 De
2396 4048 2461 4087 eo
2488 4047 2715 4101 agemus
2751 4032 2814 4086 IS
2837 4030 2996 4087 Febr.
3018 4032 3086 4087 ad
3118 4031 3295 4086 Vitam
3328 4033 3386 4089 S.
3416 4033 3547 4090 Fla-

283 4120 347 4158 se
377 4103 625 4171 adjunxit
654 4101 846 4155 Aetius
878 4101 1138 4171 magister
1176 4102 1452 4171 Eunomii,
1486 4101 1608 4155 dein
1637 4103 1706 4158 ab
1751 4101 1858 4156 Eu-

286 4170 455 4226 doxio
479 4172 768 4226 constituti
806 4170 1046 4238 episcopi
1079 4170 1360 4241 Cyziceni,
1384 4186 1547 4241 quem
1565 4172 1855 4240 expulsum

286 4244 430 4310 apud
460 4258 519 4297 se
551 4242 1028 4310 Constantinopoli
1054 4238 1313 4296 detinuit.
1344 4238 1417 4294 ita
1446 4238 1605 4297 Socr.
1633 4238 1670 4294 l.
1705 4258 1779 4307 tv,
1801 4257 1852 4297 c.

288 4308 400 4365 tet
426 4313 479 4374 7,
515 4323 570 4364 et
600 4308 1176 4381 S.Epipiian.hteres.
1208 4311 1302 4373 75,
1332 4327 1389 4365 n.
1423 4311 1515 4377 58,
1548 4312 1643 4381 qui
1680 4312 1852 4368 hare~

1959 4104 2104 4157 niani
2125 4104 2357 4171 episcopi
2391 4101 2997 4171 Constantinopolitani,
3023 4103 3091 4158 ab
3124 4103 3244 4173 ejus
3279 4103 3541 4160 factionis

1958 4173 2274 4228 hominibus
2306 4175 2371 4243 in_
2394 4173 2644 4243 exsilium
2675 4173 2839 4243 pulsi.

2033 4243 2160 4314 (16)~
2178 4243 2316 4314 Cum
2348 4241 2547 4299 Petrus
2572 4241 2799 4314 Illoagus
2828 4244 2882 4296 in
2908 4241 3093 4298 sedem
3117 4243 3543 4314 Alexandrinam

1963 4312 2109 4368 anno
2136 4312 2241 4368 482
2278 4322 2578 4383 ίνθεθριιιε,
2624 4312 2894 4369 Ilenotico
2926 4313 3166 4367 Zenonis
3196 4316 3547 4383 imperatoris

287 4384 417 4436 ticis
437 4372 714 4452 Anomaeis
739 4372 1091 4441 adnumerat.
1118 4372 1350 4451 quorum
1377 4372 1637 4452 princeps
1674 4381 1857 4437 Euno-
1892 4372 1935 4427 Ι)
1967 4384 2232 4449 admisso,
2261 4372 2581 4439 Catlto'licos
2611 4383 2776 4438 simul
2806 4393 2860 4439 et
2884 4382 3174 4438 haereticos
3198 4372 3543 4448 offendisset,

289 4452 432 4503 mins
459 4451 779 4507 habebatur.

358 4520 470 4590 (IS)
503 4521 756 4575 Asterius
788 4518 1049 4589 Sophista
1082 4521 1135 4574 in
1158 4522 1542 4590 persecutione
1575 4520 1860 4577 Maximia-

289 4591 343 4643 ni
377 4589 757 4645 Christianam
785 4590 945 4646 [idem
975 4589 1234 4659 ejurav’it.
1265 4592 1323 4645 S.
1356 4592 1629 4660 Epiphan.
1662 4594 1856 4649 haeres.

289 4660 379 4724 76,
412 4676 471 4717 η.
501 4661 553 4716 5.
591 4664 774 4731 Agunt
796 4660 863 4715 de
894 4675 959 4715 eo
998 4662 1217 4716 homine
1255 4663 1580 4729 Cappadoce
1613 4671 1665 4716 et
1696 4662 1859 4717 Aria—t

288 4733 647 4804 n0,ejusque
683 4732 868 4804 libris
893 4731 1052 4804 Socr.
1084 4731 1125 4804 l.
1162 4747 1198 4794 ι,
1241 4745 1291 4804 c.
1331 4731 1437 4797 24;
1471 4731 1692 4786 Sozom.
1722 4736 1756 4786 l.
1796 4748 1859 4799 ll,

270 4819 339 4857 te.
368 4802 431 4872 51
460 4819 479 4867 ς
514 4799 574 4857 SI
606 4802 943 4872 Athanasius
974 4800 1048 4856 De
1074 4799 1310 4872 Synodo,
1336 4804 1589 4872 aliique.‘

360 4871 473 4941 (15)
528 4872 865 4941 Apollinaris
925 4871 1224 4928 Laudiceni
1291 4871 1527 4927 haeresim
1595 4871 1863 4929 describit

287 4943 563 5014 Epiphan.
584 4943 787 5014 lueresi
822 4942 910 5004 77,
943 4959 997 4997 n.
1035 4942 1146 5010 2‘2;
1181 4943 1392 4998 scilicet
1420 4942 1701 4997 Christum
1732 4959 1860 4998 eor-

288 5013 458 5084 puse
489 5013 631 5084 ctelo
671 5013 964 5084 detulisse,
1015 5015 1251 5068 animam
1298 5029 1407 5069 non
1452 5014 1859 5084 assumpsisse,

287 5083 494 5152 corpus
527 5083 800 5138 divinitati
832 5084 1307 5139 consubstantiale
1328 5084 1519 5139 fuisse.
1553 5083 1680 5152 Agit
1710 5085 1777 5138 de
1797 5100 1861 5139 eo

289 5151 585 5209 Seminen.
627 5156 664 5209 l.
714 5169 791 5219 Vl,
835 5168 887 5208 c.
935 5154 1027 5214 25,
1062 5164 1119 5209 et
1146 5155 1237 5208 alii
1275 5169 1441 5209 :eum
1467 5152 1545 5216 _S.
1595 5151 1863 5217 DamaSus

290 5237 441 5296 papa,
463 5224 646 5296 Itotna:
674 5225 727 5279 in
768 5226 980 5296 synodo
1010 5225 1290 5296 damnavit
1323 5239 1466 5279 anno
1490 5223 1614 5278 575.

327 5360 342 5372 _
362 5295 472 5363 (id)
507 5292 954 5372 Severtts‘sedetn
981 5295 1381 5372 Antiaehepam
1405 5297 1638 5372 expulso
1660 5292 1719 5349 S.
1743 5293 1862 5372 F_'la-

289 5364 452 5434 yiauo
482 5381 579 5434 per
609 5368 713 5419 vim
750 5365 949 5420 invasit
983 5382 1133 5419 anno
1170 5366 1294 5431 515,
1329 5382 1393 5421 ex
1424 5373 1574 5420 secta
1613 5364 1857 5434 Acepha-

291 5432 494 5506 lorum,
515 5444 857 5506 oppuguator
886 5436 1087 5506 concil.
1124 5436 1611 5491 Chalcedonensis.
1653 5432 1861 5490 Colun-

292 5511 384 5589 tur
415 5501 939 5589 ﬁsz'Ij‘laviunus,__et
969 5505 1120 5589 Elias
1140 5516 1516 5589 tuncet-noque
1552 5521 1646 5576 per
1679 5506 1859 5576 ipsum

289 5588 320 5627 ε
354 5573 481 5647 sede
508 5573 1000 5647 [lierosolymitana
1031 5577 1245 5645 pulsus,
1266 5573 1488 5633 «Ii—Julii.

337 5643 476 5721 .tlS)
514 5643 806 5703 Dioscorus
836 5643 1130 5717 cpiscopus
1164 5648 1569 5704 Alexandrinus
1596 5656 1860 5717 patronus

1966 4453 2295 4526 Eutychiani
2316 4455 2513 4526 plures
2543 4454 2611 4526 ab
2638 4455 2888 4523 utrisque
2918 4452 3258 4526 deﬁcientes,
3293 4457 3542 4526 Acepha-

1966 4525 2023 4590 li,
2055 4525 2105 4577 id
2142 4524 2404 4597 est.:siire
2434 4524 2615 4594 capite
2634 4533 2764 4579 sunt
2787 4523 3044 4594 appellati
3079 4538 3094 4574 :
3132 4523 3187 4577 in
3216 4523 3545 4581 varias'mor

1964 4602 2147 4651 sertas
2178 4595 2359 4648 divisi.

2038 4664 2148 4736 (l7)
2160 4665 2518 4736 Polemonem
2540 4678 2607 4736 cx
2625 4662 2847 4736 scriptis
2863 4662 3185 4736 Apollinarii
3205 4678 3395 4736 ansam
3420 4681 3520 4718 nae
3534 4686 3560 4705 κ

1967 4732 2107 4800 tum,
2129 4732 2346 4790 dixisse
2373 4735 2429 4789 in
2460 4732 2685 4788 Christo
2706 4732 3139 4789 substantiarum
3159 4732 3541 4789 confusionem

1967 4805 2187 4869 factam,
2235 4814 2291 4860 et
2332 4803 2792 4876 commistionetn
2841 4802 3149 4876 divinitatis
3195 4810 3251 4857 et
3298 4806 3548 4876 corporis

1965 4877 2134 4930 tradit
2161 4874 2560 4941 Theodoretus,
2588 4874 2624 4928 l.
2655 4891 2710 4929 tv
2748 4873 2944 4929 ﬂaret.
2977 4873 3149 4942 fabul.
3169 4887 3293 4942 cap.
3327 4873 3381 4928 9.

2036 4946 2150 5017 (18)
2182 4945 2357 5001 Ebion
2388 4947 2649 5017 princeps
2689 4944 2939 5017 haeresis,
2973 4958 3099 5013 quae
3132 4942 3423 5017 Christum
3449 4962 3547 4999 nu-

1963 5015 2091 5072 dum
2134 5015 2411 5086 hominem
2444 5015 2760 5086 appellavit,
2817 5015 3015 5086 centra
3059 5028 3220 5086 quem
3251 5023 3307 5069 et
3353 5015 3547 5086 Cerin-

1965 5088 2118 5141 tlinm
2155 5085 2214 5140 S.
2246 5083 2490 5141 Joannes
2516 5083 2676 5139 suum
2707 5084 3064 5154 Evangelium
3084 5083 3341 5152 scripsit.
3364 5084 3546 5154 Agunt

1964 5157 2031 5212 de
2063 5172 2127 5211 eo
2156 5155 2540 5211 Theodorctus
2567 5154 2621 5209 in
2651 5155 2976 5225 compendio
3004 5154 3373 5225 licerelicqrum
3393 5155 3546 5223 [abu-

1965 5227 2162 5292 larum,
2208 5242 2509 5296 earumque
2554 5224 2648 5279 lib.
2712 5222 2792 5287 tt,
2838 5239 2959 5295 cap.
2994 5224 3017 5277 1
3049 5240 3064 5290 ;
3096 5222 3153 5277 8.
3204 5222 3548 5293 Epiphanius

1965 5299 2161 5354 Interesi
2194 5297 2256 5351 5t
2270 5339 2283 5360 ,
2317 5298 2539 5366 aliique.

2036 5367 2148 5436 (19)
2183 5368 2256 5423 De
2281 5362 2450 5421 Paulo
2488 5365 2848 5421 Samosateno
2870 5365 2982 5435 agit
3004 5362 3062 5417 S.
3096 5362 3343 5434 Ephrzem
3374 5364 3550 5435 Syrus

1966 5437 2019 5492 in
2047 5435 2410 5493 Testamento
2454 5452 2565 5506 quo
2613 5437 2983 5490 Bardesanem
3019 5440 3547 5506 strenue‘conluta-

1965 5518 2079 5562 tum
2105 5524 2229 5565 esse
2263 5507 2432 5563 tradit
2462 5503 2840 5562 Theodoretus
2875 5506 2967 5558 lib.
3004 5521 3017 5558 ι
3055 5503 3204 5557 (her.
3249 5503 3389 5573 fatu,
3421 5520 3544 5575 cap.

1963 5578 2070 5647 22;
2104 5580 2169 5636 de
2193 5581 2296 5635 hoc
2326 5581 2490 5636 etiam
2521 5579 2630 5648 agit
2664 5576 2723 5632 S.
2762 5575 3099 5647 Epiphanius
3140 5575 3442 5631 Izazrcsiﬁi.
