4058 6190
510 239 654 304 3997

1530 233 1817 297 ORATIO
1848 231 1962 297 ΙΙΪ.
2009 261 2076 270 -
2104 231 2206 298 DE
2237 240 2708 307 lIYPAPANTE.

3628 218 3777 313 39.93

515 357 897 426 omnipotente
932 367 1149 424 quoque
1178 352 1401 409 dextera
1427 359 1480 405 et
1504 352 1725 408 excelso
1755 354 2067 408 omnimodo

2207 375 2329 415 nam
2375 379 2658 420 servorum
2699 363 2917 425 litterae,
2948 363 3001 416 in
3039 360 3500 415 resurrectionem
3538 363 3773 420 filiorum

513 466 620 521 que.
652 459 845 506 sancto
876 448 1105 504 brachio
1129 457 1332 503 servat.
1367 449 1713 503 Confitentur
1741 450 1884 503 enim
1906 448 2092 518 splen-

511 545 649 599 dore
696 541 1037 611 cognitionis
1086 541 1284 596 divinae
1327 541 1667 610 locupletati.
1719 541 2092 611 prteclareqne

511 642 567 690 et
605 649 840 705 corpore
882 641 936 689 et
968 633 1174 696 animo.
1220 641 1273 687 et
1325 633 1605 687 intellectu
1648 633 1871 687 lustrali
1910 633 2088 687 solum

510 726 791 782 Christum
822 741 947 782 csse
1002 725 1373 795 cognoscique
1413 726 1504 796 qui
1539 740 1635 792 per
1669 724 1852 781 carnis
1889 724 2089 781 simili-

511 818 757 874 tudinem
790 819 861 873 ob
906 833 1090 872 rermn
1127 819 1374 872 oniuium
1408 819 1751 873 conditarum
1796 833 2092 888 recupera-

473 910 716 964 Itionem
746 909 812 963 ad
849 925 956 965 nos
984 911 1172 976 venit;
1220 926 1321 981 per
1353 925 1511 978 quem
1549 919 1603 964 et
1645 909 1940 965 manifeste
1966 925 2088 964 ser-

512 1017 725 1061 vamur.
755 1009 807 1057 et
834 1003 1060 1072 antiqua
1107 1010 1301 1056 nostra
1329 1008 1601 1057 vetustate
1654 1002 1974 1062 eximimur.
2008 1015 2091 1054 re-

510 1092 880 1161 dimimurque
918 1108 981 1146 ac
1033 1091 1144 1147 Deo
1173 1091 1445 1147 efficimur
1487 1107 1625 1145 nova
1666 1092 1990 1162 conspersio
2013 1093 2083 1158 “,

509 1190 836 1250 apparentes
873 1197 972 1236 nos
1008 1182 1121 1251 jam
1149 1182 1353 1236 veteris
1383 1182 1636 1251 acidique
1663 1181 1940 1236 fermenti.

579 1275 667 1329 ll.
708 1275 816 1329 Nos
852 1275 994 1328 enim
1037 1291 1163 1329 vere
1218 1290 1409 1328 sumus
1451 1276 1799 1343 dirimurque
1822 1276 1919 1329 Dei
1953 1276 2085 1331 dev-

509 1376 623 1419 tera
672 1367 1045 1434 inexspectato
1096 1366 1261 1419 modo
1304 1371 1645 1420 conservatm
1684 1377 1971 1431 creaturae.
2024 1384 2086 1420 ac

506 1458 711 1524 potenti
751 1456 871 1522 ejus
917 1455 1142 1511 brachio
1188 1465 1509 1509 renovate:
1555 1455 1624 1509 de
1663 1456 1864 1525 quibus
1914 1456 2083 1514 David

506 1552 858 1606 vaticinando
894 1552 1180 1606 modulans
1212 1561 1401 1606 tenere
1437 1552 1699 1606 cantabat
1734 1570 1747 1605 :
1792 1571 1809 1602 ‹
1840 1550 2083 1605 Salvarit

505 1645 686 1712 ipsum
718 1644 939 1697 dextera
975 1644 1096 1709 eius
1128 1652 1181 1697 et
1221 1643 1506 1697 brachium
1547 1651 1797 1698 sanctum
1823 1644 1943 1712 cjus
1969 1645 2073 1710 υς»

506 1736 682 1790 salute
719 1733 931 1790 scilicet
974 1735 1377 1803 indigehamus,
1429 1749 1492 1787 ac
1541 1749 1816 1789 recessum
1858 1737 2075 1790 redem-

505 1826 855 1895 ptionemque
897 1826 967 1879 ah
1031 1825 1533 1880 exitialivetustate
1556 1826 1879 1896 petebamus
1911 1846 1923 1881 :
1950 1826 2075 1896 qui-

502 1917 606 1971 bus
643 1916 849 1969 Psaltes
878 1931 1062 1970 secum
1093 1916 1331 1970 adventu
1374 1914 1584 1970 Christi
1614 1916 1680 1971 ad
1714 1918 1949 1972 salutem
1992 1918 2076 1971 in-

500 1990 837 2075 digentibus.
869 2008 1074 2063 addicit
1109 2008 1348 2064 dexteras
1393 2024 1456 2064 ac
1498 2009 1713 2067 brachii
1736 2009 1918 2065 Patris
1947 2025 2076 2066 cor-

500 2103 904 2157 roborationem
955 2102 1021 2156 ad
1066 2102 1438 2156 renovandum
1488 2103 1830 2172 gloriosam.
1880 2114 1940 2159 ut
2021 2104 2074 2160 in

500 2196 835 2249 canticohoc
861 2195 1126 2249 divinitus
1150 2195 1424 2264 inspiran
1453 2197 1750 2265 exponitur
1780 2211 1795 2249 :
1826 2215 1846 2247 ι
1870 2196 2073 2251 Notum

501 2292 625 2345 fecit
660 2292 925 2346 Dominus
942 2291 1210 2345 asalutare
1255 2306 1460 2346 suum:
1498 2291 1550 2345 in
1588 2299 1887 2359 conspectu
1938 2309 2073 2363 gen-

498 2384 633 2436 timn
660 2384 919 2437 relevavit
952 2382 1223 2449 justitiam
1252 2398 1407 2436 suam
1439 2382 1506 2439 ¹’⁶.
1537 2403 1555 2435 ι
1582 2383 1738 2449 Quod
1768 2394 1818 2437 et
1849 2384 2073 2442 Simeon

500 2472 572 2535 (id
603 2482 712 2537 est,
748 2472 854 2535 lex)
897 2472 1229 2541 suscipiens.
1267 2472 1586 2528 clamitabat
1616 2475 1684 2528 ad
1710 2474 1922 2539 Deum,
1970 2479 2074 2533 sibi

499 2580 764 2620 concesso
812 2567 1063 2628 salutari,
1109 2566 1161 2620 id
1214 2577 1319 2631 est,
1370 2566 1594 2620 Christo
1633 2568 2074 2637 gratiﬁcantem:

504 2678 521 2710 ‹
558 2657 714 2714 Nunc
745 2658 974 2713 dimittis
1010 2674 1227 2713 servum
1273 2667 1451 2721 tuum.
1485 2658 1728 2725 Demine.
1772 2663 2074 2718 secundum

499 2752 721 2804 verbum
772 2761 924 2804 tuum
964 2751 1019 2804 in
1060 2765 1191 2819 pace
1231 2751 1297 2804 ".
1339 2769 1357 2802 ι
1394 2751 1504 2805 Pax
1556 2752 1701 2806 enim
1755 2754 2075 2809 coelestibus

498 2859 561 2898 ac
610 2844 965 2898 terrestribus
1002 2859 1130 2897 vero
1164 2842 1419 2896 Christus
1464 2844 1832 2911 significatur.
1863 2866 1882 2897 ‹
1932 2846 2072 2912 Quia

496 2936 750 2989 viderunt
792 2937 934 2988 oetili
991 2935 1094 2989 mei
1154 2935 1405 2989 Salutare.
1450 2943 1624 2997 tuum,
1674 2940 1821 3004 quod
1870 2940 2070 3004 parasti

499 3030 629 3080 ante
653 3028 845 3081 faciem
878 3027 1120 3081 omnium
1152 3028 1501 3095 populorum.
1549 3028 1730 3081 lumen
1763 3028 1828 3082 ad
1863 3031 2072 3083 revela-

499 3121 698 3172 tiouem
730 3119 991 3189 gentium.
1020 3126 1081 3175 .et
1123 3118 1351 3185 gloriam
1382 3120 1557 3188 plebis
1603 3128 1707 3172 tuae
1752 3119 1917 3174 Israel
1939 3122 2004 3173 ".
2048 3140 2066 3172 ι

500 3210 850 3278 Complctum
894 3218 982 3264 est
1032 3210 1355 3263 vaticinium
1389 3227 1405 3264 :
1442 3210 1682 3279 perfecta
1728 3212 2020 3278 promissio
2055 3231 2068 3265 :

498 3303 829 3357 illustratum
861 3311 965 3366 est,
995 3302 1138 3371 quod
1173 3303 1391 3357 errabat
1427 3320 1442 3357 :
1469 3302 1721 3357 allectum
1761 3312 1846 3357 est
1872 3304 2067 3369 gloria,

497 3393 642 3459 quod
700 3399 822 3445 erat
872 3391 1165 3461 inglorium
1212 3408 1226 3444 :
1266 3399 1432 3459 atque
1471 3408 1571 3461 ego
1624 3391 1700 3459 (et
1743 3393 1797 3446 in
1833 3409 1922 3448 me.
1961 3395 2070 3459 lex)

495 3485 604 3538 abii
637 3501 665 3538 a
690 3493 981 3543 vetustate.
1018 3499 1194 3553 neque
1216 3491 1431 3538 tantum
1461 3485 1610 3538 evasi
1649 3501 1849 3549 novus,
1881 3503 2068 3540 verum

494 3574 660 3627 etiam
697 3583 873 3638 tuum,
906 3573 1158 3637 Domine,
1193 3574 1548 3639 cnuspicatus
1577 3572 2070 3657 Salutare.oculis—

494 3683 600 3734 que
624 3666 888 3719 senilibus
906 3665 1140 3733 gloriam
1172 3672 1321 3717 tuam
1352 3664 1610 3724 intuitus.
1642 3665 1883 3733 vigorem
1911 3679 2070 3732 pror-

494 3772 588 3809 sus
627 3764 907 3823 expertem
956 3769 1102 3824 rugae
1146 3752 1552 3822 juvenilemque
1592 3753 1799 3823 recepi.
1846 3752 2061 3807 Etenim

493 3848 748 3902 Christus
800 3848 984 3899 lumen
1035 3845 1291 3915 gentibus
1334 3844 1511 3900 factus
1549 3855 1668 3907 est.
1717 3854 1771 3899 et
1812 3846 2066 3900 lsraelem

493 3954 694 3992 novum
740 3938 983 4007 genitum
1025 3946 1393 4007 vocatumque
1490 3952 1724 4000 novum.
1776 3938 2064 3992 excellenti

492 4030 832 4098 mirificaquc
875 4027 1055 4084 atlecit
1103 4028 1298 4098 gloria,
1351 4028 1676 4100 dispertitus
1708 4029 1783 4084 illi
1835 4029 2065 4097 gloriam

492 4133 623 4173 vere
686 4127 964 4186 expertem
1042 4117 1204 4179 senii.
1277 4129 1329 4172 et
1402 4118 1524 4171 luce
1580 4134 1861 4186 nunquam
1932 4133 2068 4173 cou-

489 4217 847 4270 seneseentc,
921 4223 1096 4284 neque
1163 4223 1229 4261 ex
1276 4208 1400 4276 lege
1461 4214 1654 4277 agente
1711 4223 1873 4276 rugas
1938 4207 2065 4261 illu-

490 4308 699 4355 strans.

526 4433 655 4488 Car.
695 4431 786 4488 lV.
813 4432 1073 4488 Simeoms
1118 4440 1168 4486 et
1215 4432 1382 4486 Anna:
1413 4432 1697 4502 prophetia:
1727 4397 2024 4501 explicatio.

476 4556 487 4575 ¹
562 4564 649 4619 15.
689 4564 754 4618 Et
793 4565 886 4618 ille
910 4565 1131 4631 quidem
1168 4554 1494 4634 grandaevus
1527 4563 1775 4626 Simeon.
1810 4565 1932 4619 viso
1968 4564 2063 4620 Dei

486 4658 740 4720 salutari,
780 4656 950 4725 gratis
975 4657 1090 4711 lucc
1119 4672 1244 4709 cum
1278 4656 1397 4724 ipso
1436 4656 1617 4710 verbis
1650 4658 2066 4711 sermocinaba-

487 4760 615 4811 tur;
649 4749 781 4801 illud
816 4748 907 4803 Dei
935 4763 1001 4803 ac
1026 4748 1205 4803 Patris
1235 4746 1490 4801 Salutane
1522 4747 1669 4802 ulnis
1702 4763 1919 4815 gerens.
1956 4764 2065 4815 quo

485 4841 535 4895 is
572 4842 807 4893 salutem
857 4841 1161 4895 transmisit
1213 4841 1476 4894 omnibus
1503 4840 1875 4907 eximiamque
1912 4842 2062 4896 dedit

485 4931 940 5000 redemptionem.
978 4931 1292 4989 Conversus
1326 4941 1506 4986 autem
1561 4942 1615 4986 ct
1655 4931 1720 4984 ad
1755 4932 2060 5001 Virginem.

481 5040 607 5086 quae
637 5023 891 5078 Salutare
917 5023 1010 5077 Dei
1047 5024 1101 5077 in
1120 5039 1296 5078 carne
1324 5024 1507 5092 genuit
1542 5025 1889 5093 peperitque.
1910 5033 1964 5079 et
1994 5025 2060 5080 ad

478 5114 804 5184 Josephum.
842 5113 935 5181 qui
981 5115 1274 5183 putabatur
1319 5122 1473 5182 pater
1530 5113 1762 5183 hujusce
1813 5116 2060 5176 luminis.

478 5202 723 5259 innotuit
761 5213 944 5257 tamen
985 5219 1016 5257 a
1050 5205 1258 5258 carnali
1287 5213 1447 5274 partu
1491 5206 1631 5260 lueis
1666 5205 1894 5258 omnino
1924 5206 2059 5259 alic—

480 5309 587 5350 nus
618 5313 636 5349 :
672 5314 690 5347 ι
742 5296 907 5358 Ecce,
947 5296 1148 5364 inquit,
1186 5298 1402 5366 positus
1436 5304 1518 5350 est
1551 5297 1637 5350 hic
1667 5300 1722 5350 in
1755 5298 1969 5350 ruinam
2004 5308 2060 5351 et

478 5383 536 5439 in
559 5383 1023 5439 resurrectionem
1065 5385 1358 5441 multorum
1382 5385 1433 5439 in
1471 5384 1642 5441 Israel
1678 5386 1721 5417 ³⁷
1751 5402 1766 5449 ;
1806 5404 1824 5438 ι
1858 5386 1910 5439 in
1942 5385 2059 5439 rui-

1585 5586 1625 5617 ²”’
1658 5584 1792 5639 ibid.
1824 5585 1854 5639 5

550 5580 640 5632 "l
670 5580 792 5632 Cor.
818 5597 868 5638 v.
897 5581 946 5635 7.
1014 5583 1218 5637 "Psal.
1250 5599 1411 5643 xcvu.
1464 5586 1508 5639 l.

481 5641 525 5672 ²⁹
564 5649 699 5705 Luc.
735 5664 793 5715 tl,
823 5651 910 5705 55.

2101 3000 2144 3055 C

1958 5584 2001 5617 ’³⁵
2029 5584 2160 5642 Luc.
2199 5602 2256 5653 ll,
2310 5585 2400 5639 ρο.

2194 455 2428 524 gratim;
2474 457 2529 510 in
2561 457 2804 517 ruinam.
2855 457 3083 523 legalem
3133 455 3313 509 adhuc
3340 455 3648 509 colentium
3682 471 3776 507 νε·-
3852 524 3867 533 ο

2190 550 2553 614 ιιιεῑειιρῐη,ςῑιπι
2576 551 3045 605 resurrectionem
3070 547 3371 602 amantium
3388 547 3771 617 evangelicam

2193 641 2534 709 novitatem;
2565 642 2619 697 in
2655 642 2872 696 ruinam
2910 641 3266 712 gloriantium
3288 638 3623 709 paternitate
3651 652 3775 694 car-

2191 735 2302 789 nali
2333 734 2591 797 Abrahae,
2624 736 2678 788 in
2719 733 3181 804 resurrectionem
3221 732 3498 785 factorum
3539 730 3774 783 Abrahae.

2194 827 2432 883 filiorum
2465 844 2565 897 per
2602 828 2798 892 fidem;
2832 828 2884 880 iu
2917 826 3132 880 ruinam
3167 826 3484 879 indutorum
3531 823 3774 891 pruden-

2191 921 2323 974 tiam
2367 921 2497 975 Arlze
2527 921 2768 979 'veteris.
2815 921 2877 989 in
2915 918 3383 973 resurrectionem
3431 915 3767 984 sapientium

2191 1010 2575 1065 indumentum
2614 1008 2742 1062 Adze
2769 1009 2925 1072 novi;
2954 1008 3008 1060 in
3044 1008 3259 1060 ruinam
3292 1006 3619 1075 sapientium
3647 1006 3771 1074 pul-
3810 1020 3814 1027 λ

2190 1116 2348 1157 verea
2396 1117 2460 1155 ac
2511 1112 2767 1159 terrena.
2818 1100 2871 1153 iu
2918 1099 3379 1155 resurrectionem
3424 1097 3767 1165 cupientium

2190 1193 2405 1247 exCelsa
2439 1200 2604 1260 atque
2638 1192 2905 1247 cmlestia.
2948 1191 3167 1245 Primus
3199 1190 3343 1244 enim
3376 1188 3541 1240 Adam.
3572 1201 3768 1242 eterra

2192 1287 2393 1348 factus.
2439 1287 2754 1356 pulvereus,
2803 1293 3083 1338 terrenum
3132 1283 3323 1337 balmit
3355 1282 3633 1337 affertum.
3668 1280 3769 1333 llic

2190 1389 2370 1435 autem
2403 1380 2679 1434 secundus
2716 1379 2911 1440 Adam.
2941 1379 3033 1448 qui
3066 1386 3120 1433 et
3141 1379 3195 1430 ia
3232 1390 3398 1428 carne
3423 1376 3561 1427 meis
3586 1383 3770 1441 porta-

2189 1480 2280 1525 tur
2308 1474 2583 1532 manilms.
2614 1481 2667 1525 et
2696 1473 2815 1541 ipse
2844 1487 2930 1524 me
2975 1471 3243 1525 ferentem
3279 1469 3468 1523 divine
3509 1468 3631 1521 fert.
3666 1481 3767 1534 pe-

2188 1580 2348 1633 regre
2386 1564 2533 1617 venit
2582 1564 2647 1615 ad
2682 1580 2782 1617 nos
2813 1580 2842 1613 e.
2864 1563 3024 1624 rmlo.
3068 1562 3442 1628 omnibusque
3473 1560 3769 1613 adventum

2188 1671 2348 1712 suum
2388 1654 2621 1709 fideliter
2638 1654 3082 1715 admittentibus.
3110 1667 3173 1707 ac
3195 1652 3356 1720 primi
3389 1651 3610 1719 quidem
3642 1649 3772 1702 Adae

2187 1757 2391 1803 vestem
2416 1748 2830 1814 reSpuentibus.
2864 1747 2988 1801 novi
3022 1760 3153 1800 vero
3183 1743 3527 1798 nativitatem
3553 1739 3771 1797 deside-

2178 1843 2460 1905 ‘rautihus.
2477 1841 2756 1895 cm‘estem
2783 1840 3018 1909 largitur
3049 1851 3300 1893 censum.
3320 1835 3603 1901 Quotquot
3620 1834 3768 1887 enim

2190 1922 2310 1989 eum
2342 1949 2463 1987 cum
2507 1931 2611 1986 fide
2642 1931 2975 1999 receperint.
3011 1929 3080 1983 iis
3111 1926 3769 1997 adoptionemimmorta-

2188 2027 2292 2079 lem
2327 2024 2563 2078 filiorum
2600 2023 2743 2092 apud
2782 2022 2948 2078 Deum
2974 2036 3039 2076 ac
3077 2021 3295 2076 Patrem
3332 2018 3546 2075 confert
3577 2020 3644 2080 ’³,
3671 2018 3767 2087 qui

2188 2133 2368 2188 neque
2400 2132 2464 2171 ex
2494 2117 2781 2170 voluntate
2815 2116 3001 2169 carnis
3034 2114 3358 2184 gignuntur,
3384 2127 3561 2179 neque
3578 2127 3641 2164 ex
3672 2125 3768 2161 vo-

2188 2208 2397 2261 luntate
2437 2205 2541 2269 viri
2574 2204 3014 2262 constituuntur.
3059 2202 3154 2256 sed
3195 2217 3261 2256 ex
3316 2201 3424 2253 Deo
3462 2201 3766 2252 secundum

2186 2298 2415 2367 gratiam
2465 2304 2771 2351 nascuntur
2820 2310 2837 2349 :
2886 2307 2993 2348 nec
3037 2293 3181 2347 enim
3222 2305 3253 2347 e
3294 2291 3607 2347 substantia
3644 2287 3767 2358 ejus

2187 2401 2497 2457 naturaque
2525 2386 2880 2453 proveniunt.

2259 2481 2344 2536 16.
2374 2478 2540 2534 Solus
2569 2478 2713 2532 enim
2748 2468 2864 2539 hic.
2899 2491 2933 2528 o
2961 2475 3133 2543 Virgo
3182 2473 3354 2528 Mater
3387 2472 3669 2531 inviolata.
3698 2487 3763 2524 ex

2187 2564 2298 2626 Deo
2334 2570 2633 2625 secundum
2668 2576 2926 2623 naturam
2967 2567 3189 2634 genitus
3227 2573 3312 2623 est
3363 2580 3427 2618 ac
3460 2563 3569 2617 Deo
3617 2562 3764 2617 Patri

2185 2661 2714 2721 consubstantialis:
2741 2661 2896 2715 solus
2923 2675 2988 2713 es
3018 2660 3131 2714 Deo
3173 2666 3337 2711 natus
3368 2658 3637 2722 genitore.
3672 2654 3765 2709 Fi—

2185 2757 2399 2823 liusque
2439 2753 2557 2817 ejus
2587 2752 2788 2807 unicus
2822 2749 3166 2815 agnoscitur.
3197 2754 3251 2800 et
3282 2756 3431 2799 certe
3460 2761 3526 2799 ex
3558 2753 3611 2799 te
3641 2741 3768 2797 Vir-

2185 2848 2310 2911 nine
2341 2847 2685 2907 incarnatus,
2709 2838 3124 2912 generationem
3149 2842 3442 2894 humanam
3470 2855 3534 2892 ex
3568 2848 3616 2892 te
3637 2854 3762 2892 sus-

2186 2941 2347 3004 cepit.
2384 2941 2459 2991 Ac
2489 2946 2638 2991 tuam
2677 2935 2874 3004 ipsius.
2904 2951 3026 3001 qua!
3055 2942 3109 2986 et
3155 2949 3347 3000 magna
3398 2932 3487 2983 Dei
3526 2944 3763 2999 conspe-

2185 3031 2312 3085 xisti
2343 3028 2629 3100 mysteria.
2659 3036 2708 3081 et
2739 3026 3061 3078 thesaurum
3098 3025 3289 3089 gratim
3310 3023 3468 3076 nobis
3492 3023 3639 3075 hunc
3664 3036 3764 3090 pe-

2184 3122 2396 3190 peristi.
2429 3120 2671 3173 animam
2708 3117 3068 3187 pertransibit
3105 3131 3309 3182 auceps
3340 3115 3556 3181 gladius
3597 3115 3665 3174 ”,
3696 3129 3759 3166 ac

2182 3221 2415 3267 mentem
2442 3220 2667 3277 stupore
2698 3223 3021 3278 percussam
3053 3209 3204 3263 ensis
3241 3214 3550 3277 percurret,
3583 3222 3763 3274 quan-

2182 3309 2251 3358 do
2281 3321 2404 3358 eum
2433 3296 2610 3359 oculis
2641 3303 3009 3371 conspexeris
3036 3309 3233 3365 sponte
3260 3302 3430 3354 clavis
3462 3300 3610 3354 cruci
3643 3298 3763 3355 affi—

2180 3411 2307 3450 xum
2331 3402 2493 3459 atque
2522 3393 2668 3446 inter
2697 3393 2942 3446 latrones
2981 3391 3221 3445 medium
3248 3390 3555 3452 ’sublatum.
3584 3391 3761 3443 inter-

2180 3489 2348 3543 imere
2396 3487 2572 3552 ipsam
2623 3492 2882 3543 mortem.
2918 3497 2947 3534 a
3000 3498 3106 3549 qua
3137 3483 3557 3545 occidebamur;
3598 3481 3761 3535 nobis

2181 3586 2331 3634 vero.
2375 3575 2466 3640 qui
2509 3573 2661 3639 iuste
2696 3573 3095 3634 moriebamur.
3123 3571 3335 3625 donare
3369 3571 3533 3624 vitam
3564 3590 3578 3633 ;
3609 3587 3670 3623 ac.
3696 3572 3760 3624 li-

2178 3667 2320 3736 gatis
2373 3665 2687 3735 legionibus
2749 3663 3087 3728 daemonum,
3128 3662 3343 3717 solvere
3400 3670 3757 3731 peccatorum

2180 3757 2418 3812 vinculis
2440 3757 2741 3820 hominem,
2781 3754 3088 3822 antiquitus
3116 3769 3145 3807 a
3166 3754 3411 3808 (Immone
3445 3754 3753 3823 alligatum.

2181 3853 2245 3904 At
2292 3866 2399 3904 non
2434 3847 2717 3915 persistet.
2759 3861 2937 3915 neque.
2976 3847 3204 3898 omnino
3235 3845 3374 3899 inte
3415 3845 3758 3912 permanebit

2178 3941 2394 4007 gladius
2437 3939 2531 3993 ille
2589 3937 2976 4007 pertransieus
3010 3955 3023 3990 :
3061 3950 3343 4005 nunquam
3381 3938 3550 4000 enim,
3591 3951 3621 3984 o
3654 3934 3753 3989 Dei

2175 4031 2368 4093 Mater.
2415 4030 2469 4083 in
2515 4028 2688 4083 divini
2731 4043 2794 4081 ex
2840 4034 2894 4081 te
2934 4033 3260 4093 conceptus,
3297 4026 3560 4094 mirmquc
3592 4041 3657 4079 ex
3701 4034 3755 4078 te

2175 4119 2647 4191 progenerationis
2689 4117 3023 4172 oblivionem
3056 4116 3290 4170 adducta
3341 4116 3535 4172 fueris.
3564 4115 3756 4170 Corri-

2175 4215 2342 4284 pieris
2372 4219 2523 4267 certe
2559 4211 2795 4280 quodam
2839 4211 3083 4264 humano
3120 4219 3346 4278 stupore
3393 4224 3456 4264 ex
3505 4209 3595 4268 iis.
3632 4223 3754 4277 quae

2174 4302 2414 4359 infandae.
2435 4300 2825 4356 Crucitixionis
2848 4309 3096 4369 tempore
3125 4306 3391 4352 eventura
3426 4306 3590 4362 sunt;
3613 4312 3753 4366 quo-

2176 4390 2340 4445 modo
2369 4389 2514 4443 Deus
2543 4387 2636 4457 qui
2665 4401 2762 4456 per
2784 4395 3034 4440 naturam
3065 4399 3242 4452 neque
3263 4384 3426 4449 mori,
3457 4398 3521 4437 ac
3552 4399 3620 4436 uc
3642 4385 3751 4453 pati

2165 4481 2387 4553 quidem
2425 4476 2627 4548 potest.
2663 4477 2716 4529 in
2751 4490 2971 4531 crucem
3004 4476 3089 4545 agi
3126 4474 3418 4536 sustineat.
3445 4472 3748 4544 quomodo,

2166 4573 2258 4644 qui
2296 4573 2365 4626 ab
2409 4568 2618 4641 angelis
2667 4568 3003 4637 sempiterna
3057 4566 3285 4621 effertur
3337 4566 3513 4637 gloria
3543 4611 3557 4630 ,
3606 4565 3751 4621 idem

2166 4666 2445 4719 latronum
2480 4661 2702 4715 medius
2746 4659 3099 4714 contumeliis
3128 4652 3417 4719 afﬁciatur.
3446 4657 3747 4727 quomodo.

2168 4754 2263 4823 qui
2298 4766 2480 4806 escam
2510 4749 2719 4819 praebet
2737 4745 2996 4801 omnibus
3012 4760 3106 4800 esu
3117 4744 3407 4810 rientihus,
3422 4746 3629 4814 quique
3650 4759 3750 4813 po-

2170 4852 2285 4898 tum
2324 4843 2416 4897 dat
2450 4840 2707 4893 omnibus
2735 4838 3073 4899 sitientibus.
3107 4835 3176 4891 fel
3211 4837 3356 4891 bibat
3391 4843 3446 4891 et
3476 4843 3690 4891 acetum
3725 4852 3743 4889 :

2167 4935 2445 5004 quomodo
2480 4932 2590 4985 vita
2622 4931 2892 5005 illagqtue
2920 4928 3017 4981 dat
3050 4930 3217 4981 vitam
3257 4929 3520 4982 omnibus
3554 4942 3618 4982 ea
3648 4939 3745 4979 ca-

2164 5025 2437 5085 rentibus.
2484 5022 2680 5077 subcat
2714 5034 2935 5075 necem:
2969 5018 3253 5088 quomodo
3276 5021 3426 5073 latus
3462 5019 3539 5070 illi
3588 5018 3745 5070 basta

2167 5115 2535 5180 confodiatur,
2575 5113 2667 5182 qui
2702 5111 2889 5165 lancea
2932 5125 3160 5165 sensum
3199 5126 3419 5164 omnem
3453 5110 3743 5163 oculorum

2160 5204 2400 5275 fugiente
2437 5209 2668 5258 mortem
2714 5198 3064 5266 confoderit;
3115 5198 3415 5269 quomodo,
3465 5198 3557 5268 qui
3590 5213 3740 5251 mor-

2159 5306 2268 5351 tem
2305 5296 2835 5365 corruptionemque
2863 5292 3195 5362 sepelit,qui
3229 5291 3476 5361 sepultos
3508 5293 3737 5343 tumulis

2158 5388 2374 5453 eximit,
2406 5386 2502 5456 qui
2546 5384 2760 5442 sortitis
2812 5400 2876 5440 ex
2914 5383 3124 5438 Adamo
3167 5396 3401 5453 corpora
3443 5382 3748 5443 eademque

2504 5586 2549 5618 ιο
2583 5584 2718 5642 ibid.
2753 5585 2845 5643 50.
2956 5584 3000 5615 ‘7
3025 5584 3158 5641 ibid.
3193 5580 3282 5637 Si.
3336 5578 3380 5610 ’⁸
3400 5576 3561 5635 Joau.
3585 5595 3625 5643 t,
3665 5538 3752 5637 lé.
