4022 6206
281 250 425 314 3299
469 226 478 235 ’

1118 237 1178 297 S.
1211 228 1630 317 $OPHBONII
1678 221 2187 287 PATRIABCIHS
2220 217 2622 279 IIIEROSOL.

3403 217 3542 282 3300

283 373 503 420 mortua
548 361 620 415 ob
666 364 1009 413 contractam
1049 350 1294 419 ejusdem
1328 344 1519 400 Adami
1561 340 1724 412 primi
1758 352 1850 408 pa-
1891 352 1930 402 Α
1961 350 2124 403 quam
2153 340 2356 393 tamen,
2389 344 2510 397 qure
2547 344 2575 381 a
2628 328 2744 399 lege
2785 322 3245 397 iujnncta‘erant,
3275 342 3542 383 consum-

284 456 462 511 rentis
489 455 664 507 labem
699 440 1427 505 circumferentibus,vitam
1456 435 1688 491 reddita
1717 446 1860 485 mor-

289 555 344 599 te
392 543 674 600 excitatis.
714 540 853 594 ferat
893 535 1055 591 tridui
1101 529 1482 602 sepulturam!
1541 523 1863 596 percelleris

293 639 438 693 enim
482 632 753 695 nonnihil,
784 630 903 683 haec
934 627 1132 681 videns
1156 624 1338 678 omnia
1366 640 1379 675 :
1417 628 1473 674 at;
1503 634 1609 673 non
1634 615 1728 671 diu
1767 629 1862 684 pa-

289 728 439 786 rebis
470 726 753 794 ambigens
788 741 801 778 :
833 722 1072 775 animam
1115 718 1320 788 quippe
1349 725 1498 770 tuam
1531 727 1597 767 ac
1620 717 1861 765 mentem

286 816 646 890 pertransibit
673 815 1090 885 pereulsionum
1124 817 1409 864 tantarum
1443 815 1668 875 tamque
1698 799 1862 856 terri-

246 922 251 931 ‘
286 910 477 965 bilium
524 906 765 979 gladius.
808 906 879 961 At
909 921 1018 960 non
1063 903 1324 974 persistet
1357 917 1372 953 :
1405 913 1507 952 nec
1553 892 1863 979 mansionis

286 997 620 1052 stationisve
653 997 833 1051 locum
872 992 1186 1063 occupabit,
1226 989 1489 1046 ocissime
1520 984 1723 1055 quippe
1766 978 1864 1033 de-

286 1089 485 1159 pulsus
515 1088 614 1143 abs
645 1095 743 1142 tuo
767 1086 863 1141 illo
891 1085 1124 1141 seminis
1145 1088 1371 1152 experte
1388 1082 1683 1143 conceptu,
1702 1077 1866 1139 atque

287 1182 390 1236 abs
421 1189 516 1235 tuo
549 1181 646 1235 illo
670 1194 888 1249 semper
916 1177 1167 1248 virgineo
1198 1179 1384 1244 partu.

355 1274 445 1328 17.
474 1273 569 1329 His
610 1272 840 1328 omnino
870 1270 1014 1325 nihil
1052 1276 1136 1324 est
1165 1267 1248 1321 vel
1286 1260 1632 1322 horribilius,
1664 1257 1768 1322 vel,
1798 1255 1867 1310 iis

285 1362 383 1431 qui
420 1376 531 1416 non
571 1361 906 1430 intelligunt,
930 1358 1051 1413 visu
1084 1341 1496 1411 incredibilius.
1536 1347 1750 1405 Idcirco
1784 1361 1866 1399 re-

193 1443 201 1452 ’
282 1455 539 1509 velantur
564 1469 629 1509 ex
658 1453 849 1508 multis
883 1450 1150 1505 cordibus
1169 1444 1556 1513 cogitationes,
1589 1456 1712 1511 quae
1729 1454 1863 1493 con-

288 1546 506 1615 spicere
529 1550 812 1613 nequeunt
844 1542 1030 1596 divina
1062 1552 1155 1593 tua
1174 1554 1239 1593 ac
1267 1538 1405 1591 mira
1436 1531 1722 1605 mysteria,
1747 1541 1868 1598 quae

285 1651 389 1691 nec
431 1627 697 1692 caelerum
752 1635 988 1688 virtutes
1032 1632 1251 1702 quidem
1303 1628 1491 1683 videre
1539 1632 1862 1695 potuerunt.

1971 432 2215 480 masseut
2248 426 2451 491 (omnia
2486 435 2720 490 namque
2760 436 2882 491 quae
2919 422 3054 491 legis
3079 431 3258 482 erant,
3287 421 3543 476 Christus

1966 524 2190 571 venerat
2216 513 2447 583 implere
2475 520 2528 567 ct
2546 512 2819 580 legalibus
2844 512 3008 566 linem
3038 514 3334 581 praeceptis
3364 512 3419 565 iu
3445 527 3544 580 po-

1967 610 2158 675 nere);
2199 615 2549 661 revertuntur
2606 603 2658 657 in
2706 602 2997 667 Nazareth,
3056 603 3147 658 ubi
3198 619 3230 658 a
3290 602 3542 659 Gabrieie

1966 700 2295 770 archangelo
2353 699 2528 753 fuerat
2596 697 2857 764 salutata,
2919 713 3043 766 quae
3090 697 3298 751 mundo
3356 695 3543 766 genuit

1969 793 2335 854 Salvatorem,
2373 800 2429 845 et
2475 791 2544 844 de
2574 789 2804 845 seminis
2853 798 3075 859 experte
3116 798 3384 858 conceptu
3419 804 3544 859 gra-

1968 884 2117 949 vida,
2150 895 2205 939 et
2252 883 2409 951 virgo
2448 896 2477 935 a
2511 889 2671 951 partu
2707 895 2955 943 manens,
2986 880 3413 950 videntibusque
3449 880 3545 934 de-

1966 978 2184 1031 clarans
2212 974 2505 1037 universis,
2538 980 2727 1027 nutum
2760 971 2963 1027 factum
2988 964 3368 1028 esseSalutare
3381 969 3541 1034 Dei“,

1968 1068 2150 1122 lumen
2183 1067 2437 1137 gentibus
2482 1066 2759 1128 illuxisse,
2802 1064 3062 1119 omnibus
3096 1072 3369 1119 terrarum
3420 1062 3543 1117 ﬁui-

1970 1160 2071 1213 lms
2107 1157 2382 1227 justitiam
2434 1157 2981 1227 redemptioncmque
3024 1154 3117 1209 Dei
3177 1154 3541 1225 apparuisse:

1968 1250 2305 1335 aedivinam
2337 1249 2568 1320 gloriam
2610 1247 3032 1316 claritatemque
3072 1255 3334 1301 aeternam
3361 1245 3545 1300 omnis

1970 1341 2251 1407 interitus,
2308 1341 2802 1411 corruptionisque
2845 1338 3089 1394 nesciam
3132 1337 3379 1393 induisse
3403 1350 3540 1402 eos,

1968 1433 2062 1504 qui
2099 1432 2252 1486 illum
2289 1431 2715 1500 exspectabant.

1968 1545 2100 1599 CAP.
2154 1541 2219 1597 ν.
2257 1542 2570 1613 Mysterium
2624 1550 2895 1613 turturum
2937 1548 2986 1592 et
3034 1538 3395 1593 columbarum
3446 1543 3541 1591 ob-

2491 1613 2725 1667 latarum
2762 1609 3036 1680 Epilogus.

286 1730 498 1785 Idcirco
526 1727 696 1791 cadit,
741 1726 833 1796 qui
869 1741 979 1779 non
1033 1687 1228 1788 eredit,
1267 1719 1541 1792 praeconio
1575 1735 1590 1772 :
1626 1713 1868 1783 resurgit

2038 1735 2129 1789 20.
2169 1731 2314 1799 Quid
2348 1734 2528 1783 autem
2557 1726 2747 1780 volunt
2775 1734 2829 1780 et
2862 1734 3136 1787 turtures,
3163 1728 3258 1777 aut
3285 1738 3387 1779 cur
3408 1723 3544 1794 pulli

288 1830 470 1877 autem
498 1830 661 1889 atque
685 1819 755 1873 ad
791 1818 960 1872 vitam
998 1815 1581 1881 immortalitatemque
1623 1810 1862 1863 illustra-

287 1923 399 1978 tur,
426 1911 518 1982 qui
548 1909 687 1981 prin
721 1917 830 1963 tute
865 1907 1063 1972 credit,
1090 1907 1382 1977 ipsumque
1411 1918 1509 1958 ore
1538 1901 1707 1956 Deum
1726 1911 1869 1968 prae-

286 2005 455 2069 dicat,
490 2011 675 2072 teque,
711 2014 834 2070 qua:
871 1998 1151 2070 genueris,
1196 1995 1363 2053 sentit
1391 2008 1517 2050 esse
1549 1991 1864 2060 Deiparam.

285 2095 502 2152 Idcirco
530 2093 789 2149 Christus
826 2091 900 2145 ita
923 2106 991 2147 ex
1025 2098 1077 2145 te
1110 2096 1294 2155 natus,
1325 2084 1534 2158 ignaris
1565 2079 1867 2154 mysterio-

286 2205 412 2245 rum
449 2188 573 2258 ejus
598 2201 726 2242 vere
760 2191 1001 2255 ponetur
1038 2183 1093 2237 in
1126 2182 1363 2253 signum,
1396 2177 1486 2234 cui
1523 2173 1870 2232 contradice-

287 2291 379 2338 tur
407 2282 477 2346 ⁸⁸,
513 2279 900 2349 patienturque
951 2274 1029 2329 illi
1069 2275 1309 2345 lapsum,
1355 2286 1387 2326 a
1429 2285 1537 2341 quo
1573 2267 1711 2338 erigi
1758 2278 1867 2320 nou

290 2379 576 2445 poterunt,
599 2368 905 2441 participes
948 2365 1146 2427 redditi
1174 2362 1552 2428 inﬁdelitatis;
1581 2357 1869 2421 excitatio-

292 2479 531 2533 nemque
563 2477 594 2517 a
647 2460 906 2522 mortuis,
947 2461 1262 2527 vitamque,
1292 2469 1414 2524 quae
1457 2453 1513 2508 in
1554 2449 1715 2507 caelis
1739 2456 1823 2505 est
1850 2488 1866 2513 ,

291 2563 589 2627 propterea
614 2553 758 2623 quod
798 2553 922 2605 vitae
943 2558 1164 2606 aeternae
1197 2564 1306 2603 non
1337 2545 1694 2607 crediderint,
1725 2558 1868 2596 nuu-

294 2663 467 2719 quam
493 2644 1038 2713 contemplabuntur.
1084 2640 1209 2696 Haec
1252 2641 1469 2695 locutus
1498 2635 1739 2699 desistit,
1770 2634 1868 2688 do-

294 2741 773 2806 minationemque
810 2735 967 2807 legis,
1002 2736 1183 2804 ipsum
1227 2732 1598 2803 legislatorem
1623 2728 1736 2797 jam
1775 2728 1870 2779 ηει-

292 2831 606 2886 venientem
672 2841 897 2897 suaaque
944 2826 1122 2895 ipsius
1167 2824 1300 2895 legis
1341 2820 1574 2876 consilio
1631 2816 1868 2888 perfecte

296 2929 532 2976 stantem
582 2917 960 2988 conspicatus,
993 2915 1156 2971 simul
1200 2914 1368 2969 sistit.
1414 2912 1691 2966 Processit
1719 2908 1866 2961 enim

294 3012 573 3074 Christus,
602 3010 1070 3079 complementum
1096 3007 1266 3078 legis;
1287 3004 1552 3073 Paulique
1583 3001 1868 3056 sententiae

300 3097 392 3166 qui
506 3101 853 3157 contradicat
872 3109 956 3156 est
994 3114 1177 3154 nemo.
1217 3097 1368 3153 Unde
1402 3097 1457 3151 in
1490 3096 1720 3150 salutem
1746 3092 1873 3162 qui-

297 3194 420 3248 dem
452 3193 706 3249 credenti
738 3189 1256 3256 est“,atiuﬁdelem
1283 3187 1506 3242 habenti
1536 3185 1779 3239 animum
1821 3184 1874 3235 in

298 3285 581 3341 interitum
617 3299 681 3338 ac
709 3283 949 3337 ruinam.

370 3377 460 3433 18.
494 3377 691 3431 Adstat
728 3376 890 3430 Anna
926 3375 1091 3430 etiam
1125 3374 1253 3428 huic
1299 3372 1473 3443 operi,
1530 3370 1767 3424 anilibus
1795 3368 1878 3427 in-

301 3468 507 3521 cedens
542 3466 852 3536 gressibus.
891 3464 1028 3519 Nam
1057 3474 1111 3520 et
1146 3466 1294 3520 illam
1335 3462 1641 3519 advocabat
1668 3470 1876 3533 myste-

298 3560 441 3612 rium
476 3558 826 3627 impleturam
857 3556 1159 3627 prophetia
1196 3555 1450 3626 gratiam,
1479 3554 1608 3609 dum
1642 3551 1879 3622 prophe—

300 3651 412 3704 tico
441 3648 642 3718 spiritu
674 3655 910 3703 testatur
941 3647 1087 3717 quod
1119 3656 1310 3701 notum
1345 3645 1474 3700 fecit
1501 3644 1764 3698 Dominus
1786 3654 1877 3695 sa-

302 3742 484 3795 lutare
526 3754 713 3805 suum,
749 3754 814 3793 ac
839 3739 984 3810 quod
1016 3739 1070 3792 in
1107 3745 1406 3807 conspectu
1438 3734 1681 3805 gentium
1718 3744 1875 3785 reve-

303 3830 437 3884 lavit
467 3829 739 3896 justitiam
785 3844 941 3883 suam
977 3846 990 3881 :
1017 3838 1073 3883 et
1102 3827 1251 3897 quod
1281 3841 1392 3881 non
1442 3825 1514 3880 sit
1541 3824 1627 3877 lex
1650 3823 1719 3885 ",
1754 3836 1875 3889 quae

303 3922 359 3976 in
396 3920 585 3974 umbra
616 3910 899 3990 ﬁguraque
935 3918 1307 3989 praevaluerit,
1348 3915 1662 3969 hominibus
1695 3912 1877 3978 impo-

303 4028 442 4069 nens
491 4025 661 4066 onera
700 4008 1070 4079 importabilia
1116 4007 1184 4072 ³³,
1220 4005 1458 4062 revelata
1500 4004 1613 4074 jam
1656 4004 1878 4057 etinctis

302 4105 501 4176 gratia,
528 4117 701 4159 suave
721 4102 958 4156 habente
983 4099 1176 4169 jugum
1209 4106 1265 4152 et
1295 4112 1436 4152 onus
1465 4096 1581 4152 leve
1611 4094 1879 4164 facileque

304 4203 528 4266 portatu
572 4194 637 4249 “.
694 4192 757 4245 Et
807 4191 955 4261 quod
1006 4202 1116 4243 nou
1166 4190 1237 4243 sit
1281 4190 1364 4243 lex
1398 4188 1774 4242 vaticittantur
1811 4186 1879 4241 de

304 4285 527 4340 Christo
570 4283 872 4354 prophetae,
915 4280 1031 4343 ubi,
1062 4280 1159 4349 qui
1190 4279 1381 4335 iisdem
1419 4277 1709 4346 inspiravit
1740 4277 1879 4329 vati-

1971 1825 2355 1882 columbarum
2425 1819 2636 1889 accepti
2680 1827 2847 1881 sunt,
2892 1831 3015 1886 quae
3045 1815 3303 1871 Christus
3351 1818 3544 1873 adiens

1973 1912 2405 1984 Hierosolymam
2436 1908 2500 1962 ad
2526 1908 2834 1964 sistendum
2859 1923 2918 1962 se
2941 1907 3187 1962 Genitori
3226 1907 3337 1963 Deo
3372 1908 3425 1962 in
3452 1922 3544 1963 sa-

1970 2005 2255 2061 criﬁcium
2288 2001 2609 2058 deferebat?
2642 2007 2738 2053 aut
2766 2013 2929 2066 quam
2963 1999 3035 2053 ob
3077 2013 3194 2053 rem
3242 2013 3344 2070 par
3374 2014 3543 2054 unum

1970 2112 2035 2153 ex
2068 2098 2334 2152 alterutro
2371 2105 2570 2161 genere
2601 2090 2823 2156 obtulit,
2859 2090 2930 2156 si,
2961 2104 3083 2161 quae
3121 2089 3274 2144 hunc
3315 2089 3544 2159 genuit,

1973 2189 2131 2259 virgo
2158 2185 2462 2242 manserit?
2499 2173 2769 2239 oﬁ‘e'rebat
2797 2197 2898 2253 pro
2932 2198 2992 2239 se
3021 2180 3169 2236 Patri
3193 2181 3309 2236 haec
3331 2181 3546 2234 anima-

1972 2280 2067 2344 lia,
2100 2292 2221 2348 tutae
2257 2291 2395 2348 pura
2441 2273 2958 2345 deprehenduntur,
3009 2274 3264 2344 interque
3294 2273 3549 2329 volucres

1970 2371 2209 2428 eximia:
2248 2384 2337 2434 ac,
2388 2375 2753 2437 praeterquam
2798 2366 2948 2437 quod
2994 2367 3156 2422 ambo
3196 2364 3401 2420 munda
3435 2365 3550 2421 sint

1974 2480 2075 2520 nee
2103 2461 2354 2533 profana,
2406 2462 2607 2515 horum
2656 2475 2830 2530 genus
2860 2467 3157 2529 utrumque
3200 2458 3395 2522 simul,
3421 2471 3550 2527 pro-

1974 2557 2147 2626 priam
2190 2553 2487 2624 quamdam
2516 2553 2777 2605 virtutem
2820 2550 3108 2606 continet:
3138 2548 3548 2618 ostenduutque

1973 2664 2099 2703 aves
2139 2648 2268 2708 illae.
2324 2645 2585 2701 eximium
2629 2658 2753 2699 esse
2794 2644 3002 2714 aliquid
3040 2652 3204 2713 atque
3248 2642 3547 2707 selectum,

1972 2746 2169 2808 praeter
2195 2744 2413 2801 caetera,
2452 2737 2701 2789 innatum
2737 2734 2865 2800 sibi,
2892 2734 3043 2803 quod
3077 2734 3401 2803 spiritaliter
3420 2749 3552 2789 cono

1976 2828 2369 2898 temptantibus
2419 2825 2613 2881 aﬁ‘erat
2655 2826 2918 2881 utilitatis
2970 2824 3112 2880 haud
3156 2840 3372 2896 parum.
3407 2824 3555 2879 Prae-

1975 2931 2190 2990 ceptum
2239 2935 2475 2988 namque
2515 2918 2801 2972 servandae
2838 2917 2975 2985 legis
3027 2931 3136 2970 non
3189 2917 3332 2970 intra
3379 2916 3552 2971 solam

1901 3021 1944 3077 C
1977 3015 2234 3069 consistit
2276 3014 2554 3067 litteram:
2605 3010 2850 3066 abditum
2874 3010 3040 3065 etiam
3068 3009 3331 3079 quiddam
3371 3008 3552 3064 conti-

1978 3118 2091 3172 net,
2117 3114 2172 3163 et
2200 3107 2450 3161 eminens
2478 3105 2655 3174 magis
2697 3118 2785 3168 eo,
2813 3102 2958 3172 quod
2987 3111 3236 3172 apparet,
3272 3109 3435 3172 atque
3466 3102 3556 3155 in-

1979 3199 2340 3270 comparabili
2376 3199 2557 3268 pretio
2584 3197 2884 3252 excedens.
2921 3195 3047 3251 Ideo
3070 3197 3250 3250 littera
3292 3211 3378 3250 me
3405 3195 3555 3250 occi-

1980 3292 2083 3360 dit,
2117 3293 2292 3347 solam
2311 3298 2633 3360 sequentem
2659 3280 2897 3343 litteram
2928 3303 2945 3351 ;
2988 3287 3230 3358 Spiritus
3260 3296 3445 3342 autem
3478 3285 3558 3340 vi-

1979 3385 2166 3440 viﬁcat
2195 3383 2425 3453 spiritui
2448 3382 2587 3436 bene
2606 3381 3082 3450 obtemperantem
3108 3378 3153 3409 ’τ
3196 3396 3209 3431 :
3234 3384 3287 3432 et
3312 3377 3443 3431 dum
3470 3377 3558 3431 lit-

1981 3487 2098 3531 tera
2149 3491 2177 3528 a
2236 3474 2511 3529 velamine
2552 3460 2790 3527 dehiscit
2838 3469 3280 3540 quodammodo,
3327 3467 3556 3546 spiritus

1982 3569 2312 3624 subeuntem
2344 3565 2600 3630 fundum,
2635 3578 2699 3618 ac
2724 3562 3093 3617 denudantem
3130 3560 3449 3614 thesaurum
3491 3557 3558 3611 il-

1982 3660 2053 3714 lic
2084 3657 2353 3721 abditum,
2385 3664 2551 3725 atque
2593 3654 2675 3708 ita
2706 3668 2841 3723 opes
2875 3652 3000 3706 illas
3027 3649 3272 3705 inﬁnitas
3297 3647 3557 3717 adeptqu

1982 3748 2217 3818 perlicit.
2281 3745 2437 3802 Pura:
2479 3755 2638 3801 erant
2697 3759 2828 3799 aves
2882 3731 3128 3797 turtures
3165 3752 3219 3796 et
3267 3739 3554 3801 columbae,

1987 3842 2152 3899 sicuti
2182 3840 2392 3895 dictum
2420 3849 2529 3903 est,
2558 3852 2624 3892 ac
2655 3844 2901 3890 turtures
2935 3833 3154 3903 quidem
3183 3847 3397 3888 sununa
3423 3840 3560 3885 tem-

1985 3932 2256 4004 perantia,
2288 3922 2453 3999 quam
2501 3927 2640 3983 adeo
2671 3928 3104 3994 amplectuntur,
3151 3934 3230 3986 ut,
3271 3923 3316 3977 si
3339 3919 3557 3991 conjugi

1985 4036 2133 4076 mors
2171 4018 2487 4085 contigerit,
2522 4032 2622 4071 nec
2655 4023 2938 4082 superstes
2973 4028 3098 4066 eum
3126 4012 3234 4066 alio
3263 4011 3561 4065 convenire

1983 4114 2275 4173 sustineat,
2316 4109 2485 4161 vitam
2523 4108 2790 4177 reliquam
2829 4113 2955 4175 agat
2999 4102 3278 4167 caelibem,
3321 4101 3560 4154 viduita-

1984 4213 2205 4272 temque
2268 4199 2416 4253 colat
2460 4198 2645 4268 potius
2699 4212 2862 4264 quam
2907 4204 2966 4248 ut
3007 4193 3394 4249 connubialem
3432 4206 3558 4245 cum

1989 4297 2096 4349 alio
2130 4308 2283 4348 mare
2309 4299 2628 4346 contactum
2659 4289 2905 4344 suﬁerat.
2952 4286 3231 4342 Columbze
3266 4299 3398 4337 vero
3435 4295 3563 4336 sunt

308 4376 473 4438 cinia,
507 4375 975 4442 vaticinatumque
1008 4385 1105 4425 eos
1134 4370 1306 4432 misit,
1343 4370 1460 4439 ipse
1484 4370 1596 4437 jatn
1619 4367 1871 4422 adventa-

1990 4381 2298 4453 purissitnae
2342 4395 2372 4432 a
2422 4378 2665 4439 malitia,
2712 4372 3004 4445 omnisque
3055 4374 3232 4427 noxiae
3275 4381 3560 4440 expertes,

308 4469 403 4522 rit.
431 4466 568 4532 Quae
588 4465 810 4536 quidem
841 4467 998 4520 Anna
1022 4479 1145 4518 cum
1171 4463 1473 4533 prophetia:
1496 4464 1729 4516 clareret
1751 4476 1881 4530 gra-

311 4560 408 4621 tia.
454 4557 775 4626 diceretque
816 4555 885 4609 ad
938 4571 1055 4618 eos,
1098 4555 1189 4622 qui
1226 4553 1621 4623 exspectabant
1667 4551 1882 4606 redem-

310 4650 552 4719 ptionem
593 4645 761 4703 Israel
802 4648 867 4709 ³⁵.
926 4645 1356 4700 consolationem
1412 4642 1769 4713 ingenerabat
1818 4641 1885 4695 iis

313 4739 559 4810 undique
597 4739 863 4802 divinam,
896 4738 1115 4793 venisse
1142 4737 1392 4790 omnium
1431 4733 1881 4803 Redemptorem,

312 4831 634 4901 apparuisse
682 4829 1021 4885 Salvatorem
1077 4827 1345 4889 universi,
1377 4825 1472 4894 qui
1526 4823 1651 4877 velit
1689 4822 1885 4893 imagi-

311 4939 435 4979 nem
483 4922 753 4977 redimere
787 4936 968 4983 suam,
999 4920 1297 4989 cupiatque
1325 4916 1531 4971 homini
1555 4930 1585 4969 a
1608 4930 1668 4970 se
1694 4924 1882 4969 creato

311 5016 542 5069 salutem
580 5011 856 5069 conferre.
891 5011 1028 5070 Nam
1061 5011 1184 5067 ideo
1203 5009 1430 5065 Christo
1452 5018 1538 5062 est
1567 5022 1762 5061 nomen
1798 5004 1887 5060 Je-

311 5122 408 5161 Sus
444 5126 455 5160 :
486 5107 687 5175 quippe
717 5114 771 5160 et
815 5105 975 5159 .Iesus
1005 5101 1263 5157 Salvator
1285 5099 1601 5169 exponitur.

382 5197 470 5251 l9.
517 5196 641 5252 llam
669 5206 852 5251 autem
889 5195 1073 5248 omnia
1106 5210 1230 5246 eum
1264 5200 1318 5247 et
1350 5208 1409 5246 re
1438 5194 1552 5261 ipsa
1580 5190 1796 5253 ﬁerent,
1830 5195 1883 5242 et

238 5291 243 5295 ’
313 5288 733 5356 propalarentur
783 5287 987 5351 verbis,
1034 5283 1296 5352 stupebat
1331 5280 1499 5335 Maria
1541 5279 1633 5335 Dei
1670 5280 1923 5341 Mater,-

310 5378 691 5433 admirabatur
715 5396 821 5432 una
841 5393 973 5433 eum
1006 5378 1126 5447 ipsa
1157 5390 1397 5446 prmsens
1422 5373 1714 5442 Josephus.
1736 5371 1891 5425 Post-

1985 4490 2124 4545 quas
2180 4474 2302 4528 ideo
2343 4472 2413 4525 ob
2456 4470 2867 4540 simplicitatem
2920 4483 3075 4522 suam
3126 4465 3564 4532 vacuitatemque

1986 4565 2208 4620 malitiae
2258 4563 2518 4616 Chrisms
2566 4560 2851 4630 simplices
2898 4562 3053 4613 vocat
3109 4557 3179 4622 “,
3234 4570 3467 4626 quaeque
3496 4554 3562 4607 ad

1990 4674 2122 4714 soos
2148 4672 2369 4727 quoque
2398 4662 2808 4724 persecutores,
2833 4662 3093 4721 tanquam
3126 4649 3252 4704 mali
3271 4648 3349 4702 nil
3369 4661 3561 4719 passae,

1992 4766 2116 4805 mox
2153 4747 2385 4803 redeant
2418 4764 2430 4798 ε
2465 4744 2609 4814 quod
2642 4759 2874 4799 summae
2917 4743 3134 4814 signum
3167 4748 3253 4796 est
3302 4741 3567 4793 innocen-

1994 4845 2102 4908 tiae,
2137 4840 2430 4908 multaeque
2461 4837 2627 4892 utsic
2651 4837 2853 4899 dicam,
2889 4833 3260 4903 simplicitatis
3280 4831 3564 4886 indicium.

1995 4935 2062 4987 Et
2100 4931 2318 5002 quidem
2356 4928 2495 4984 casti
2528 4934 2795 4991 turtures,
2819 4925 3027 4997 degunt
3051 4923 3258 4994 privati
3295 4936 3361 4979 ac
3381 4921 3570 4976 solita-

1996 5027 2063 5080 rii
2091 5042 2107 5090 ;
2138 5032 2195 5085 at
2238 5023 2488 5077 insontes
2535 5017 2807 5074 columbas
2837 5032 2947 5071 non
2995 5015 3161 5070 modo
3188 5016 3425 5072 cicures,
3470 5012 3566 5065 do-

2002 5131 2324 5184 morumque
2361 5112 2571 5176 incolae,
2615 5110 2709 5166 sed
2742 5110 2905 5164 etiam
2955 5107 3238 5162 hominum
3285 5118 3571 5174 peraman-

1998 5219 2099 5263 tes.
2140 5208 2192 5260 ld
2223 5203 2661 5276 persuadeatilla
2687 5200 3044 5269 peramahilis
3067 5197 3345 5258 columba,
3375 5194 3440 5248 ad
3458 5193 3572 5248 Noe

1994 5304 2048 5354 io
2106 5312 2290 5352 arcam
2343 5294 2582 5356 rediens,
2634 5292 2767 5346 olete
2823 5306 3037 5344 ramum
3081 5305 3181 5345 ore
3228 5286 3577 5349 aﬁ‘erens,'et

1996 5387 2435 5443 misericordiam
2470 5384 2762 5440 declarans
2796 5382 3012 5436 Domini
3045 5381 3347 5449 diluviique
3374 5377 3533 5431 ﬁnem
3555 5418 3570 5437 ,

378 5598 423 5629 ”
474 5601 605 5655 Luc.
642 5615 700 5656 tt.
913 5595 951 5628 ³¹
996 5595 1150 5647 ltom.
1210 5608 1249 5651 ι.
1281 5591 1366 5644 16.
1438 5590 1482 5625 ³’
1534 5588 1677 5641 Psal.
1712 5600 1871 5650 xcvu,

2046 5588 2090 5619 ³³
2126 5585 2316 5640 Matth.
2359 5598 2515 5649 nm,
2546 5582 2601 5636 4.
2672 5581 2716 5614 ⁸⁸
2748 5577 2942 5634 Matth.
2979 5591 3056 5641 ιι,
3095 5574 3183 5629 30.
3238 5573 3309 5647 _"
3338 5572 3472 5628 Luc.
3505 5584 3568 5637 tt,

480 5673 524 5705 ³⁸
566 5673 699 5725 Lee.
753 5686 835 5733 ιιι,
868 5666 920 5719 ’7.
1001 5667 1043 5697 ³⁷
1090 5664 1134 5718 l!
1184 5665 1311 5718 Cor.
1347 5676 1430 5726 tu,
1463 5662 1514 5714 6.

313 5680 405 5734 58.

1595 5659 1639 5690 '"
1662 5658 1851 5714 Matth.
1898 5668 1969 5724 x,’
1998 5715 2004 5720 ,
2035 5662 2088 5715 ϐ.
2140 5655 2149 5666 ’

3261 5784 3304 5796 ρ-
