4058 6190
420 227 562 291 3301

1204 218 1484 280 ORATIO
1526 219 1623 279 tv.
1652 245 1719 254 --
1751 220 1832 280 IN
1867 218 2460 282 EXALTATIONEM
2501 220 2561 278 s.
2606 207 2899 281 CRUCIS.

3544 226 3689 291 3302

424 336 648 410 mystice
698 349 847 395 vero,
884 338 941 385 ut
979 327 1124 382 Patri
1163 326 1505 395 Spiritttiqnc
1556 324 1869 390 videbatur,
1917 326 2010 380 Ite-
2042 336 2078 382 Α
2114 304 2253 378 turis
2304 324 2613 387 adunattts,
2678 335 2841 396 atque
2887 327 2940 379 in
2988 325 3203 381 duabus
3248 330 3365 382 sine
3422 332 3690 390 divisione.

420 429 646 497 nignum
691 423 900 480 Christi
941 419 1260 483 adventum,
1300 432 1461 485 quem
1494 415 1761 469 extremis
1793 423 1999 480 tempo-

420 520 579 573 ribus
605 534 705 590 per
732 528 978 570 amorem
1028 511 1235 567 miserit
1256 510 1427 565 ordia:
1468 524 1599 563 vere
1630 511 1877 577 plenum,
1903 521 2003 559 ex-

410 610 617 664 hibuit.
653 606 782 661 Erat
830 605 1031 675 quippe
1059 611 1190 656 tunc
1239 615 1458 671 quoque
1496 615 1747 669 vespera,
1783 614 1906 652 cunt
1937 596 2005 652 ad

418 699 555 760 Noe.
593 698 898 753 secundum
925 696 992 750 ab
1027 703 1250 747 auctore
1272 690 1493 761 generis
1524 690 1734 743 Adamo
1756 689 1880 742 vitae
1909 704 2005 757 ge-

413 795 679 853 nitorem,
721 770 1019 845 frondifera
1066 787 1155 841 illa
1195 785 1513 856 prophetico
1555 783 1863 848 revolavit;
1916 786 2001 836 at.

422 898 527 953 que
570 883 634 935 ad
691 882 933 935 futuram
976 878 1141 933 nobis
1183 876 1487 930 inclinante
1539 874 1744 929 satculo
1798 872 2005 927 Christi

415 974 512 1029 {lci
558 970 1001 1026 misericordiam
1034 968 1446 1041 praenuntiavit.

490 1064 580 1121 9.].
620 1065 747 1119 Vult
775 1079 908 1134 ergo
938 1063 1195 1118 Christus
1228 1058 1704 1124 manifestissime,
1734 1059 1800 1113 ad
1821 1074 1881 1113 se
1911 1073 2006 1112 ac-

418 1158 678 1214 cedentes
707 1155 1084 1226 temperantiae
1116 1169 1243 1207 eum
1269 1153 1462 1222 primis
1483 1152 1684 1207 habere
1706 1152 2002 1223 puritatem

425 1249 868 1317 innocentizeque
904 1246 1253 1318 splendorem
1282 1261 1500 1316 sapere,
1519 1254 1683 1315 atque
1715 1244 1801 1300 his
1832 1243 2007 1313 magis

423 1341 711 1408 illustrari,
742 1342 1036 1411 ipsumque
1066 1338 1376 1402 Christum,
1417 1338 1510 1407 qui
1537 1352 1633 1392 eos
1666 1336 1934 1398 condidit,
1954 1343 2009 1389 et

422 1452 485 1491 ea
513 1452 619 1507 qua
673 1450 803 1507 erga
851 1436 1102 1489 homines
1161 1431 1265 1486 fuit
1311 1431 1731 1494 misericordia,
1780 1430 2004 1486 eosdem

425 1537 748 1583 servaturus
788 1524 1100 1589 descendit,
1145 1524 1492 1586 exhilarare;
1531 1531 1590 1578 ut
1650 1524 1696 1578 is
1740 1531 1794 1577 et
1831 1522 2008 1575 videat

422 1631 482 1674 et
520 1621 758 1682 hetetur,
787 1619 1080 1689 libensque
1113 1617 1237 1672 illos
1274 1617 1438 1672 simul
1470 1623 1830 1672 occurrentes
1859 1614 2005 1668 exci-

426 1717 559 1783 piat.
599 1708 708 1765 Nec
739 1710 885 1764 enim
936 1710 1041 1763 alia
1083 1725 1142 1764 re
1175 1710 1281 1763 ttlla
1312 1710 1395 1764 sic
1424 1711 1568 1765 Deus
1590 1708 1811 1772 colitur,
1830 1714 2008 1777 atque

427 1803 801 1872 temperantiae
874 1808 928 1855 et
972 1800 1314 1855 castimonia:
1355 1800 1647 1869 omnisque
1679 1797 2010 1854 innocentia:

426 1890 785 1959 perfectione.
829 1888 926 1944 Est
978 1898 1161 1944 autem
1199 1889 1513 1954 honestum,
1541 1903 1712 1944 suave
1751 1902 1817 1942 ac
1851 1887 2010 1958 quie-

427 1996 566 2046 tmn,
600 1983 1059 2051 negotiorumque
1108 1985 1244 2034 aestu
1271 1978 1525 2043 liberum,
1565 1986 1619 2033 et
1650 1976 1782 2038 Deo,
1829 1975 2008 2046 quoad

430 2073 544 2127 tieri
601 2073 654 2125 id
690 2072 911 2141 quidem
953 2077 1154 2140 potest,
1206 2068 1509 2134 adhaerere,
1546 2077 1603 2124 et
1645 2068 1790 2122 nulla
1838 2068 1908 2121 ab
1952 2081 2011 2121 re

428 2161 698 2233 implicari
745 2160 1071 2222 studiosius,
1105 2159 1437 2235 distractum
1475 2158 1691 2213 scilicet
1735 2166 1901 2227 atque
1924 2173 2011 2213 oc.

427 2254 819 2320 cupationibos
849 2252 1145 2306 mundanis
1170 2252 1419 2305 avulsum
1450 2267 1463 2303 :
1501 2250 1702 2319 quibus
1737 2250 1902 2303 etiam
1946 2249 2011 2301 il-

428 2342 521 2396 lttd
557 2350 833 2395 canticum
876 2341 1097 2395 videtur
1127 2338 1310 2394 dicere
1353 2356 1365 2392 :
1411 2355 1429 2390 ι
1471 2338 1669 2392 Vaeate
1714 2346 1769 2392 et
1806 2339 2007 2405 videte,

430 2432 689 2502 quoniam
725 2447 825 2500 ego
850 2446 971 2484 sum
1003 2428 1145 2483 Deus
1169 2428 1213 2459 δ’
1238 2468 1253 2490 ,
1290 2448 1308 2481 ι
1347 2438 1606 2498 tanquam
1656 2429 1711 2483 in
1762 2430 2009 2483 solitaria

431 2524 695 2578 Sibi'Vittl
752 2510 1045 2576 vacaturis'
1078 2534 1295 2590 semper
1338 2535 1531 2575 amans
1574 2531 2013 2577 commonstrare

432 2614 854 2667 sanctimoniam
884 2628 1037 2665 suam
1070 2610 1493 2665 illuntiuautetn.
1525 2610 1826 2665 Honestate
1854 2610 2013 2666 efful-

331 2725 340 2731 -
432 2712 555 2770 gent
585 2702 751 2757 etiam
784 2702 1035 2756 similiter
1064 2710 1177 2754 tum
1217 2701 1603 2765 mansuetudo,
1630 2709 1741 2755 tum
1769 2718 2014 2757 commu-

435 2795 527 2848 nio
557 2807 821 2862 amorque
866 2800 1112 2854 mutuus,
1145 2807 1255 2862 quo
1280 2792 1405 2862 quis
1439 2807 1600 2861 agerc
1624 2803 1773 2846 recte
1792 2794 2008 2861 poterit,

433 2896 547 2939 tum
589 2901 696 2954 qua
748 2886 1142 2940 convenienter
1190 2899 1317 2954 erga
1378 2885 1689 2954 provimum
1746 2886 2011 2938 alliciatur

432 2977 842 3037 misericordia.
897 2993 1024 3031 cum
1085 2991 1264 3047 eaque
1330 2977 1660 3030 naturaliter
1714 2976 2008 3045 conjuncta

338 3114 342 3119 .
433 3069 773 3134 humanitas,
810 3068 864 3122 in
898 3069 1101 3138 quibus
1149 3067 1351 3140 fitipso
1384 3084 1508 3123 cum
1538 3068 1645 3122 Deo
1675 3067 2010 3139 praegrandis

434 3158 788 3213 assimilatio.

503 3249 596 3306 22.
641 3251 752 3307 Cur
781 3260 964 3305 autem
1006 3250 1260 3305 volucres
1308 3249 1468 3303 binas
1509 3250 1723 3304 attulit?
1753 3249 1830 3303 sie
1868 3250 2013 3305 enim

437 3343 523 3396 lex
564 3343 761 3398 afferre
790 3344 1135 3413 imperabat:
1172 3341 1301 3412 quia
1361 3356 1508 3393 unus
1555 3340 1811 3407 idemque
1860 3342 2018 3394 Chri-

436 3441 558 3489 stus
580 3435 796 3490 naturis
834 3432 1033 3502 duplex
1059 3433 1328 3495 cernitur,
1360 3447 1390 3483 e.
1420 3430 1633 3485 dualms
1666 3430 1887 3499 quidem
1922 3447 2019 3485 tta-

506 3546 555 3579 "
584 3545 732 3603 Psal.
776 3562 843 3600 ιι.
883 3587 898 3611 ,
936 3544 1023 3598 Η.
1094 3544 1138 3576 ⁸ο
1173 3543 1365 3597 Matth.
1394 3559 1446 3603 ν,
1476 3541 1566 3596 A8.

1991 3658 2091 3718 IV.

438 3774 780 3843 Σωφρονιου
852 3752 1331 3843 ἀρχιεπιᾳνκόπου
1364 3770 1794 3843 Ἱεροσολύμων
1833 3771 2017 3843 λόγος

508 3842 594 3909 εἰς
624 3844 738 3906 τὴν
764 3843 1010 3912 ὕψωσεν
1036 3842 1142 3895 τοῦ
1201 3842 1397 3909 τιμίου
1440 3842 1732 3909 στιηφοῦ,
1789 3842 1886 3894 καὶ
1931 3844 2018 3907 εις

512 3915 625 3982 τὴν
647 3910 825 3978 ἀνίανζ
865 3910 1228 3967 ἀνάστασιν.

2108 416 2545 487 confusioneun
2590 420 2964 483 innotescens,
3010 428 3118 473 tam
3160 421 3346 476 divina
3395 439 3559 493 quam
3591 429 3693 480 Ιιιι-

2108 524 2292 573 maua,
2333 525 2401 565 ex
2436 511 2638 578 quibus
2668 512 2833 565 etiam
2866 514 3324 583 estcompositns.
3364 514 3566 571 Verum
3590 536 3693 575 nos

2108 598 2212 669 ipsi
2242 599 2406 654 etiam
2437 609 2754 655 constantes
2776 601 2961 654 animo
2993 610 3159 671 atque
3190 619 3444 673 corpore,
3477 609 3691 662 consti-

2110 693 2209 745 ‘uti
2242 708 2434 746 smnus
2458 692 2734 762 duplices,
2767 704 3203 764 apparentcsque
3243 708 3296 751 et
3341 698 3393 750 in
3428 699 3614 752 animo
3640 708 3695 752 et

2109 786 2436 854 incorpore,
2475 793 2533 837 ιιι
2560 784 2833 839 ambobus
2865 785 3051 849 etiam,
3081 787 3225 857 quod
3260 790 3551 844 honestum
3584 803 3692 855 est,

2110 876 2418 940 faciamus;
2478 891 2655 945 neque
2694 875 2862 930 altera
2912 877 3133 945 quidem
3169 887 3324 947 parte
3370 881 3692 949 expleamus

2108 966 2393 1039 virtutem,
2426 967 2807 1021 claudicemus
2839 974 3020 1021 autem
3055 967 3253 1032 altera,
3305 969 3690 1041 virtutumque
3725 964 3737 1029 ί

2110 1058 2403 1128 splendore
2431 1074 2744 1115 careamus.
2773 1059 2955 1129 Atque
2985 1058 3091 1113 hoc
3126 1060 3240 1129 ipse
3270 1061 3556 1123 Dominus.
3599 1066 3695 1133 qui

2108 1150 2330 1205 virtutis
2358 1150 2635 1205 universa:
2669 1151 2846 1206 bonus
2872 1151 3033 1204 dator
3058 1151 3399 1219 agnoscitur,
3424 1167 3547 1206 cum
3595 1155 3694 1208 do-

2109 1250 2284 1308 ceret,
2312 1241 2491 1296 aiebat
2528 1260 2541 1296 :
2577 1261 2594 1292 ι
2624 1241 2814 1297 Estote
2848 1242 3100 1313 perfecti,
3136 1244 3281 1298 sicut
3308 1252 3362 1299 et
3396 1244 3556 1301 Pater
3601 1264 3697 1302 ve-

2120 1342 2234 1387 5ter
2264 1333 2511 1388 caelestis
2534 1333 2818 1402 perfectus
2851 1341 2937 1387 est
2967 1334 3034 1385 ⁸ο.
3078 1352 3095 1383 ι
3127 1332 3507 1403 Imperfectum
3538 1337 3696 1389 ‘enim

2110 1424 2559 1494 inexpletmnque
2590 1423 2636 1477 si
2681 1422 2814 1493 qttid
2855 1433 2958 1485 est,
3012 1422 3121 1478 Deo
3151 1426 3317 1479 etiam
3368 1441 3473 1480 non
3504 1442 3697 1497 accep-

2118 1525 2231 1570 tum
2273 1516 2537 1570 continuo
2574 1530 2696 1570 esse
2736 1515 3041 1583 judicatur.

2182 1607 2272 1661 23.
2310 1606 2426 1661 lloc
2458 1609 2641 1676 itaque
2674 1609 2915 1663 scientes
2936 1608 3100 1661 ctiam
3127 1623 3250 1673 nos,
3276 1609 3691 1664 desideratissi-

2036 1686 2084 1744 Β
2113 1700 2208 1761 mi,
2238 1698 2461 1754 Christo
2490 1699 2601 1754 Deo
2633 1699 2705 1752 ita
2733 1699 2899 1753 simul
2943 1714 3135 1755 eamus
3187 1701 3404 1753 obviam
3439 1718 3453 1755 :
3488 1708 3701 1770 tempe-

2111 1790 2345 1844 rantiam
2417 1789 2728 1852 afferentes,
2783 1798 3141 1860 apportantes
3186 1790 3593 1853 castimoniam,
3624 1789 3702 1845 fe-

2110 1889 2300 1937 rentes
2327 1872 2723 1945 innocentiam,
2763 1880 3091 1951 injtrriarum
3134 1882 3470 1937 oblivionem
3500 1894 3698 1937 osten-

2111 1972 2329 2035 dentes,
2379 1980 2700 2041 separantes
2733 1988 2837 2028 nos
2884 1974 2987 2044 ipsi
3033 1989 3063 2028 a
3106 1974 3257 2030 curis
3299 1977 3699 2041 scecularibus,

2115 2064 2335 2135 Deoque
2361 2064 2626 2119 sistentes
2652 2079 2847 2134 puros,
2872 2065 3224 2145 conferentes
3253 2082 3472 2121 morum
3506 2067 3702 2121 leuita-

2114 2162 2244 2218 tem,
2271 2154 2743 2215 benevolentiam,
2763 2168 3117 2223 amoremque.
3143 2155 3406 2210 habentes
3426 2157 3479 2210 in
3506 2172 3701 2212 omnes

2113 2255 2386 2311 mutuum,
2419 2245 2850 2315 addicentesque
2882 2246 2951 2301 ad
2982 2247 3098 2302 haec
3129 2250 3316 2303 omnia
3349 2248 3700 2304 miserentetn

2113 2338 2359 2390 omnium
2395 2337 2667 2401 animum,
2713 2338 3117 2407 prodeuntique
3160 2354 3222 2394 ex
3253 2344 3440 2394 animo
3465 2343 3715 2399 cummi--

2114 2434 2337 2482 scrante
2367 2426 2745 2481 misericordia
2783 2428 3152 2495 abundantes,
3180 2430 3255 2483 ita
3286 2430 3566 2486 Christum
3612 2448 3702 2486 ae-

2113 2518 2391 2588 cipiamus
2426 2518 2811 2581 accedentem,
2841 2521 2912 2575 ita
2948 2531 3265 2591 spectemus
3286 2522 3594 2591 Christum,
3623 2528 3701 2582 ita

2113 2600 2395 2663 Christum
2426 2608 2612 2663 divina
2641 2611 2878 2679 quadam
2913 2612 3127 2667 ratione
3166 2614 3505 2686 stringatntts
3528 2617 3698 2676 ulnis.

2114 2705 2405 2775 verbisque
2439 2718 2623 2756 coram
2662 2703 3025 2759 confiteantur
3050 2707 3409 2775 propheticis,
3443 2708 3595 2763 illius
3630 2710 3700 2763 ad

2116 2810 2217 2850 nos
2245 2796 2538 2848 adventum
2588 2793 2900 2856 laudantes,
2939 2808 3196 2865 eamque,
3240 2812 3407 2865 qttam
3441 2812 3570 2863 erga
3604 2812 3705 2851 nos

2114 2884 2390 2951 exercuit,
2439 2884 2877 2939 miscricordiam
2946 2901 3040 2941 ore
3088 2888 3414 2959 magnisque
3477 2892 3707 2945 vocibus

2117 2974 2498 3044 praedicemus,
2539 2982 2600 3027 ut
2639 2982 2692 3027 ct
2728 2990 2954 3043 regnum
2997 2978 3265 3031 caelorum
3311 2979 3705 3048 adipiscamur,

2113 3075 2166 3119 et
2192 3066 2415 3119 atternis
2464 3066 2713 3118 fruamur
2762 3066 2926 3122 bonis
2960 3067 3014 3121 in
3062 3068 3183 3138 ipso
3212 3068 3439 3123 Christo
3471 3070 3709 3126 Redem-

2116 3169 2269 3226 ptore
2315 3172 2379 3210 ac
2424 3156 2713 3212 Salvatore
2761 3168 2954 3213 nostro
2996 3157 3127 3221 Deo,
3172 3177 3298 3215 cum
3349 3178 3461 3231 quo
3497 3164 3709 3230 optimo

2119 3248 2233 3300 Deo
2287 3247 2433 3302 Patri
2475 3249 3204 3322 sanctissimoque-Spiritui
3250 3253 3449 3324 gloria,
3498 3253 3702 3313 honor.

2116 3348 2171 3392 et
2235 3338 2487 3391 adoratio
2524 3338 2773 3409 undique
2825 3341 2899 3395 sit
2939 3351 2994 3397 et
3039 3359 3184 3398 nunc
3207 3351 3261 3399 et
3302 3360 3522 3416 semper
3554 3355 3610 3401 et
3646 3349 3704 3404 in

2122 3432 2323 3487 saecula
2360 3432 2715 3488 saeculorum.
2744 3434 2943 3491 Amen.
3681 3434 3706 3456 °

2125 3769 2426 3849 Sopltront'i
2467 3760 2802 3849 pqtriarcltte'
2843 3774 3324 3849 Hierosolymitani
3380 3782 3552 3832 oratio
3600 3781 3709 3849 (Η

2206 3845 2259 3895 in
2304 3842 2683 3924 exaltqtionem
2732 3846 3043 3899 veneranda
3076 3842 3271 3908 crucis,
3300 3857 3348 3901 et
3388 3866 3441 3902 ιιι
3466 3842 3709 3905 sanciam

2202 3923 2637 3967 resurrectionem
2648 3954 2661 3967 .

1254 4005 1555 4077 lnterprete
1604 4006 1874 4063 Godl'rido
1936 4008 2209 4061 Tilmano.
2256 4038 2329 4048 -—
2366 4009 2649 4073 Caussa,
2685 4009 2750 4064 lll
2787 4009 2913 4066 226.

511 4099 757 4172 Σταυροῦ
792 4101 1124 4172 πανήγυρις,
1155 4100 1251 4153 καὶ
1271 4098 1353 4163 τίς
1380 4099 1440 4151 οὐ
1468 4101 1811 4170 σκιρτήσειεν
1835 4118 1850 4165 ;
1883 4102 2017 4154 ἀνα-

441 4193 685 4254 στάσεως
725 4190 976 4261 κήρυξις,
1012 4191 1107 4243 καὶ
1139 4189 1222 4252 τίς
1244 4189 1304 4242 οὐ
1339 4190 1659 4257 γελάσειεν;
1697 4191 1754 4243 ’0
1788 4191 2017 4261 μὲνγὰρ

440 4284 500 4334 ὲν
553 4282 704 4351 τόπῳ
753 4280 992 4351 Κρανίου
1027 4280 1224 4346 παγεὶς
1258 4280 1354 4332 καὶ
1405 4280 1497 4330 τὸν
1527 4279 1803 4348 Δεσπότης)
1848 4296 2017 4349 προσ-

2195 4100 2390 4156 Crucis
2432 4105 2726 4173 panegyris
2778 4116 2863 4157 est
2912 4112 2967 4159 et
3017 4106 3364 4173 solemnitas,
3415 4111 3540 4179 quis
3598 4126 3709 4165 non

2124 4191 2528 4246 ersultaverit?
2562 4194 3004 4249 ltesurrectionis
3057 4196 3376 4264 praedicatio
3429 4209 3535 4264 est,
3583 4202 3711 4271 quis

2126 4296 2234 4336 non
2265 4283 2319 4335 in
2351 4282 2686 4337 hilaritatem
2718 4284 3100 4341 diffundatur?
3139 4286 3275 4342 Nam
3304 4306 3461 4356 crux,
3498 4308 3622 4362 qua:
3656 4294 3710 4346 in

439 4374 721 4445 ηλωμένον
746 4359 886 4442 ἔχων
914 4373 1012 4443 τῆς
1044 4370 1300 4435 κτίσεως,
1343 4390 1360 4421 t
1396 4370 1456 4423 τὺ
1486 4370 1608 4423 καθ’
1652 4371 1809 4439 ἡμῶν
1843 4370 2019 4440 χειρό-

2123 4373 2387 4431 Calvaria:
2422 4376 2540 4431 loco
2596 4380 2699 4430 lixa
2732 4376 2852 4443 fuit,
2897 4380 3396 4452 universorumque
3457 4359 3711 4439 condito-

1958 4482 2190 4540 NOTAE.

512 4576 589 4649 (l)
642 4573 1122 4649 ﬂa_bemus__hanc
1195 4574 1502 4629 orationem
1571 4590 1636 4649 ex
1692 4574 2024 4649 bibliotheca

439 4643 664 4701 maximi
689 4644 986 4715 Margunit’.
1035 4643 1225 4700 Latine
1260 4652 1415 4699 versa
1449 4655 1534 4698 est
1580 4645 1688 4713 iam
1726 4647 1855 4697 olim
1953 4647 2024 4700 ab

439 4716 657 4771 Achille
687 4714 886 4780 Statio,
923 4714 1207 4778 Lusitano,
1258 4715 1439 4784 cujus,
1473 4715 1675 4776 versio,
1730 4721 2020 4784 postquam

442 4788 586 4840 hanc
626 4800 825 4838 novam
852 4784 1219 4847 confeceram,
1254 4781 1426 4837 Roma
1483 4785 1547 4838 ad
1584 4802 1671 4835 me
1719 4781 1888 4837 missa
1930 4796 2015 4839 est

440 4873 472 4909 a
508 4856 574 4909 Pl.
644 4855 703 4907 P.
770 4842 1102 4925 Hieronymo
1160 4842 1438 4925 Bruuello,
1490 4853 2021 4925 Societatisttnstrm

442 4923 1023 4995 presbyteroqﬁuctor
1051 4925 1320 4979 orationis
1346 4923 1512 4994 hujus
1551 4933 1635 4978 est
1669 4924 2019 4993 Sapltrouius

442 4992 759 5064 patriarcha
785 4992 1334 5064 llierosolymitanus,
1366 4992 1525 5064 cujus
1585 4992 2018 5064 anniversariam

441 5061 767 5117 inemoriant
816 5062 988 5117 Graeci
1038 5061 1091 5116 et
1126 5061 1303 5117 Latini
1367 5061 1536 5130 agunt
1595 5065 1631 5117 ‘2
1691 5064 1779 5118 die
1818 5063 2020 5117 Martii.

439 5134 616 5188 Graeci
651 5134 757 5187 hoc
781 5131 1014 5202 Elogio:
1063 5151 1081 5183 t
1125 5134 1312 5188 Sancti
1351 5132 1530 5187 Patris
1573 5135 1748 5187 nostri
1809 5134 2014 5201 δομὴν.

441 5204 774 5274 patriarcha:
821 5201 1328 5274 llierusolymitaui,
1366 5220 1431 5257 ex
1479 5206 1702 5257 civitate
1732 5203 2017 5266 Datnasco,

442 5273 735 5341 multiplici
780 5273 1107 5335 eruditione,
1142 5275 1449 5326 divinat-mn
1492 5275 1799 5327 litterarum
1838 5274 2021 5328 scien-

440 5344 533 5413 tia_
556 5353 609 5395 et
630 5343 830 5411 pietate
866 5344 1115 5413 insignis.
1148 5341 1722 5413 Floruittempuribus
1757 5342 2016 5405 lleraclii,

442 5411 606 5481 cujus
637 5427 782 5466 anno
820 5413 881 5468 19
914 5411 994 5465 ad'
1008 5416 1188 5467 sedem
1213 5414 1358 5467 illam
1387 5411 1607 5469 evectus
1634 5421 1738 5473 est,
1770 5424 2017 5468 mortntts

439 5496 590 5536 anno
632 5484 705 5535 28
744 5483 1029 5553 ejusdem:
1072 5500 1090 5533 ι
1128 5486 1289 5546 Cum,
1354 5495 1411 5537 ut
1464 5484 1643 5553 inquit
1711 5483 2043 5547 Cetlretttts,

434 5552 534 5606 diu
560 5553 902 5621 multumque
932 5552 1196 5606 adversus
1224 5552 1559 5615 Heraclitum,
1586 5561 1640 5607 et
1658 5569 1780 5605 cum
1805 5569 1869 5605 eo
1893 5568 2020 5605 sen-

436 5622 641 5677 tientes
677 5623 950 5692 Sergium,
983 5638 1045 5678 ac
1079 5621 1348 5693 Pyrrhum
1387 5623 1791 5688 Monotltelizas,
1826 5624 2018 5678 decer-

2133 4587 2326 4656 tasset,
2368 4601 2386 4633 ι
2447 4592 2507 4656 et
2550 4586 2720 4636 multa
2752 4586 2967 4656 scripta
3027 4582 3285 4642 Ecclesize
3349 4587 3709 4656 reliquisset;

2132 4652 2275 4723 inter
2300 4668 2430 4723 qua:
2457 4654 2591 4723 lilte_r
2622 4655 2712 4719 qui
2742 4652 2969 4706 Pratum
3019 4657 3301 4723 spirttuale
3336 4652 3707 4720 inscribituri

2142 4720 2259 4794 l'ita
2290 4720 2484 4776 Marii?
2506 4720 2870 4794 ‘Aigyptiacw,
2895 4720 3053 4778 varia
3073 4725 3331 4783 Encomia
3369 4728 3422 4781 in
3465 4740 3708 4788 sanctos.

2126 4790 2248 4868 dum
2277 4794 2515 4868 humilia:
2545 4790 2889 4868 ’ἤιξε-μυρίην
2914 4803 3015 4868 ;_et
3046 4794 3288 4864 Epistula
3336 4800 3596 4868 synodica
3636 4800 3704 4852 ad

2126 4858 2392 4937 Joannem
2421 4862 2623 4937 Pontif.
2666 4863 2808 4937 Ma_x_1
2835 4872 2893 4937 et
2929 4858 3178 4937 Sergium
3214 4858 3533 4937 episcopum
3565 4867 3710 4922 Cou-

2126 4933 2704 5002 stantinopolitanum.
2747 4930 2882 4986 Vide
2923 4930 3317 4991 Cedrenum'et
3345 4930 3614 4991 zonaram
3653 4939 3707 4990 in

2128 4998 2619 5074 lleracliolllabuit
2647 5001 2991 5072 Sophronius
3026 5006 3331 5061 orationem
3371 5009 3511 5061 hanc
3539 5009 3710 5074 pridie

2128 5071 2491 5146 Exaltatiouis
2510 5071 2958 5146 sanctm’erttcis,
2991 5091 3196 5146 nempe
3229 5078 3296 5129 15
3328 5071 3706 5146 Septembris;

2124 5144 2345 5214 quodie
2387 5141 3150 5214 celebratur_Hierosolymis
3180 5141 3451 5200 dedicatio
3495 5149 3706 5214 templi,

2124 5211 2269 5285 quod
2291 5213 2573 5285 Anastasis
2596 5210 3051 5285 senResnrrecti'o
3077 5219 3402 5270 vocabatur.
3437 5210 3703 5285 ’ἤθρει-ιι...

2126 5282 2301 5356 Salue,
2328 5282 2395 5356 1’5
2447 5283 2557 5356 die,
2592 5282 2674 5334 Τὰ
2692 5284 2947 5356 ὲγκᾳίνια
2985 5285 3085 5353 τῆς
3109 5286 3272 5353 ἁγίας
3301 5282 3539 5356 Χριστὸῦ
3574 5285 3710 5337 Θεοῦ

2125 5351 2282 5420 ἡμῶν
2336 5353 2689 5415 ἀναστάσεως
2717 5370 2730 5383 ·
2792 5351 3071 5408 Dedicatto
3121 5351 3321 5410 sancta:
3356 5351 3576 5409 'tQItristt
3620 5356 3711 5411 "ei

2128 5423 2296 5475 nostri
2346 5420 2784 5479 Resurrectionis.
2821 5425 2886 5477 Et
2931 5426 3000 5478 de
3042 5434 3142 5478 hac
3179 5428 3581 5481 resurrectione
3630 5428 3711 5477 lo-

2128 5492 2518 5564 quiturintota
2543 5495 2643 5547 hac
2676 5495 2928 5549 oratione
2960 5495 3346 5564 Sophronius;
3383 5512 3492 5552 non
3530 5503 3712 5550 autem

2129 5564 2196 5617 de
2234 5561 2376 5617 festo
2406 5561 2852 5623 Besurrectionis
2872 5579 2971 5620 seu
3003 5561 3251 5624 P‘aschae.
