4022 6206
335 242 478 309 3307

1209 243 1270 304 S.
1314 242 1732 310 SOPHRONII
1764 241 2266 311 PATRIARCH/E
2305 241 2706 304 HIEROSOL.

3467 251 3609 318 3308

415 347 640 420 Cognito
695 345 860 417 igitur
897 346 1088 402 horum
1124 348 1276 418 plena
1339 354 1623 422 mysteriTS
1672 355 1874 408 virtute
1901 392 1914 416 ,

2101 349 2320 403 Τούτων
2353 351 2646 421 τοιγαροῦν
2673 349 2772 422 τὴν
2825 353 3091 423 μυστικὴν
3118 354 3480 421 γινώσκοντες
3511 359 3572 413 δύ
3591 387 3607 399 ο

337 451 397 494 et
425 439 643 510 quantis
666 437 947 493 beneﬁciis
979 454 1078 492 nos
1119 437 1403 494 aﬂ‘eeerint
1445 482 1459 504 ,
1517 453 1574 496 et
1618 460 1738 514 qua:
1779 444 1922 499 dona

346 530 506 585 nobis
541 529 725 586 itidem
783 529 1165 596 coneiiiarint,
1216 532 1287 584 ita
1320 535 1579 600 praeclare
1606 546 1658 590 et
1708 537 1794 605 pie
1834 537 1925 590 illa

347 623 712 686 celebremus,
749 630 910 690 prout
942 621 1173 692 ipsamet
1210 623 1316 676 coli
1347 635 1614 695 exoptant
1655 647 1668 682 :
1709 644 1815 682 non
1868 629 1922 682 in

352 712 678 767 ccubilibus
709 718 762 765 et
827 713 1225 782 impudicitiis;
1283 731 1389 769 non
1448 717 1502 770 in
1573 719 1924 775 contentione

338 812 400 856 cl.
450 802 830 866 aemulatione;
882 818 992 857 non
1058 804 1116 858 in
1171 807 1379 876 rapinis
1425 816 1479 861 et
1517 809 1802 879 injustitiis
1825 813 1865 869 ⁵.
1900 831 1918 864 ι

345 895 551 948 Omitto
583 894 788 962 reliqua
824 896 1036 949 scelera
1063 911 1535 966 commemorare;
1571 903 1749 957 audeo
1777 905 1920 957 enim

345 986 552 1046 dicere,
631 982 833 1036 fratres
884 984 1230 1050 charissimi,
1263 989 1508 1056 ejusdem
1566 991 1687 1046 fidei
1742 993 1924 1049 nobis-

343 1082 801 1138 t-umconsortes,
842 1075 1151 1146 iisdemque
1205 1080 1592 1148 Spiritualibus
1645 1082 1922 1138 fructibus

343 1173 397 1215 et
429 1163 589 1217 donis
623 1164 909 1225 cumulati,
945 1166 986 1217 s?
1019 1167 1145 1234 quis
1185 1167 1285 1222 hoc
1341 1171 1502 1222 modo
1559 1186 1622 1224 ea
1674 1173 1920 1226 venerari

347 1253 493 1317 \elit,
523 1252 794 1316 futurum,
827 1265 883 1306 ιιι
915 1255 1078 1307 taletn
1119 1271 1225 1309 non
1253 1265 1461 1311 tantum
1488 1275 1596 1312 non
1628 1263 1923 1330 respiciant

347 1356 438 1401 aut
482 1348 792 1413 admittant,
828 1349 922 1403 sed
967 1357 1020 1404 et
1061 1361 1386 1406 aversentur
1424 1364 1478 1408 et
1518 1357 1919 1424 abominentur,

343 1447 609 1507 tanquam
649 1440 946 1504 hominem,
982 1443 1072 1509 qui
1103 1443 1268 1496 vitam
1296 1445 1405 1499 illis
1444 1446 1722 1518 indignam
1756 1459 1878 1520 agat
1907 1489 1919 1508 .

344 1540 398 1583 et
452 1531 594 1585 facta
641 1532 751 1586 illis
797 1533 955 1602 plane
999 1549 1168 1589 exosa
1229 1547 1522 1606 perpetrct.
1582 1540 1924 1611 Quapropter

345 1623 540 1676 hortor
566 1629 618 1676 et
645 1621 937 1688 admoneo,
971 1634 1029 1677 ut
1065 1626 1151 1678 illa
1196 1625 1471 1697 fugiamus
1504 1638 1557 1683 et
1606 1645 1918 1698 caveamus,

345 1727 468 1778 qua:
505 1713 631 1766 odio
670 1727 790 1767 csse
823 1715 1031 1771 scimus
1067 1726 1173 1770 tam
1211 1720 1460 1788 angustis
1491 1730 1544 1775 et
1591 1723 1918 1778 venerandis

346 1805 622 1873 mysteriis
657 1821 670 1857 :
711 1805 796 1856 illa
831 1813 1014 1859 autem
1046 1809 1196 1862 omni
1225 1810 1411 1864 studio
1444 1827 1688 1867 amemus
1715 1823 1765 1866 et
1796 1829 1924 1882 aga-

350 1906 491 1955 mus,
545 1907 668 1960 qum
708 1891 842 1960 ipsis
895 1905 1049 1963 grata
1083 1903 1136 1950 et
1163 1907 1385 1966 accepta
1427 1902 1700 1956 novimus.
1757 1901 1921 1958 Grata

345 1997 474 2034 vero
501 1991 626 2036 sunt
656 1993 709 2038 et
730 1983 974 2051 jucunda
1001 1988 1185 2041 omnia
1213 2006 1226 2054 ;
1261 2005 1380 2058 qua:
1411 2003 1657 2060 agentem
1685 1993 1749 2047 ad
1775 1995 1922 2049 salu-

346 2079 452 2122 tem
489 2070 717 2136 ducunt,
745 2081 798 2126 et
837 2089 959 2142 quae
990 2076 1130 2130 viam
1157 2079 1220 2131 ad
1245 2091 1501 2133 mternam
1557 2083 1720 2136 vitam
1778 2100 1918 2153 prmo

342 2170 674 2215 monstrant.
707 2166 911 2218 Annon
973 2166 1138 2220 vitam
1175 2170 1325 2223 nullo
1355 2169 1460 2224 fine
1495 2173 1914 2240 terminandam,

340 2249 628 2319 lucemque
652 2251 875 2309 minime
909 2256 1166 2309 celeriter
1201 2258 1467 2329 diffugere
1495 2262 1712 2315 Solitum
1742 2263 1918 2317 homi-

341 2340 504 2395 nibus
537 2343 945 2412 impertieruut.
991 2356 1282 2418 postquam
1313 2366 1341 2403 a
1391 2351 1613 2406 Christo
1669 2355 1922 2425 resplen-

340 2433 623 2486 tluerunt?
657 2434 825 2501 Igitur
846 2445 901 2489 et
933 2451 1034 2490 nos
1077 2448 1352 2512 mutemus
1399 2449 1648 2496 nostrum
1697 2443 1914 2498 vivendi

339 2516 677 2588 insti'tntum,
707 2525 1065 2595 depositaque
1101 2529 1281 2596 priore
1311 2532 1756 2598 conversatione,
1795 2541 1915 2585 tan-

339 2631 502 2685 quam
544 2618 704 2670 noxia
733 2627 787 2671 et
814 2617 1148 2687 perniciosa,
1194 2621 1244 2674 in
1279 2623 1520 2675 novitate
1573 2623 1720 2687 vitm,
1772 2624 1914 2678 facili

2029 457 2212 509 ναμιν,
2248 440 2340 493 καὶ
2368 441 2490 492 ὅσον
2523 442 2669 510 ἡμᾶς
2727 441 3078 512 εὐεργέτησε,
3127 444 3223 496 καὶ
3260 441 3445 518 ὧνπερ
3473 450 3606 518 ἡμῖν

2025 534 2196 586 ταῦτα
2227 535 2517 603 γεγένηται
2575 533 2830 604 πρόξενα,
2867 536 3037 600 οὕτως
3084 537 3226 591 αὐτὰ
3273 539 3456 604 καλῶς
3511 543 3607 596 καὶ

2023 623 2263 686 εὐσεϐῶς
2292 624 2661 694 ἐορτάσωμεν,
2697 623 2772 686 ὡς
2819 625 2958 678 αὐτὰ
3000 624 3292 697 τιμώμενα
3325 630 3602 699 βούλεται,

2029 734 2048 767 ι
2087 716 2161 786 μὴ
2197 716 2404 779 κοίταις
2430 716 2523 769 καὶ
2551 715 2876 784 ἀσελγείαις,
2912 719 2984 788 μὴ
3033 718 3169 790 ἔριδι
3214 721 3307 774 καλ⁵
3335 721 3500 792 ζήλῳ,
3530 723 3606 795 μὴ

2024 808 2298 877 ἁρπαγαῖς
2326 807 2421 860 καὶ
2455 807 2691 872 ἀδικίαις
2719 825 2734 838 ·
2772 827 2793 861 ι
2831 809 2927 862 καὶ
2969 810 3076 862 τῶν
3105 811 3307 866 λοιπῶν
3337 815 3476 882 σιγῶ
3513 815 3605 868 τδν

2026 899 2349 965 κατάλογον.
2381 900 2578 969 Τολμῶ
2602 901 2712 972 γὰρ
2745 901 2943 966 εἰπεῖν,
2967 902 3186 970 ἀδελφοὶ
3218 905 3602 976 γνησιώτατοι,

2025 991 2118 1042 καὶ
2143 990 2240 1057 τῆς
2274 991 2441 1060 αὐτῆς
2470 992 2626 1061 ἡμῶν
2681 992 2920 1056 πίστεως
2954 991 3277 1064 σύγκληροι,
3322 996 3417 1048 καὶ⁵
3440 997 3606 1064 γονὰς

2023 1081 2123 1144 τὰς
2175 1082 2346 1144 αὑτὰς
2409 1083 2790 1153 πνευματικὰς
2841 1086 3380 1155 συμπλουτὴσαντες,
3411 1089 3604 1150 ὼςτὸν

2023 1172 2195 1235 οὕτως
2223 1172 2396 1235 αὑτὰς
2421 1173 2698 1244 ἑορτάξειν
2745 1173 3020 1237 ἐθέλοντα,
3047 1175 3109 1226 οὐ
3157 1175 3318 1244 μόνον
3357 1176 3456 1244 οὐχ
3480 1177 3600 1246 ὁρᾷ,

2023 1264 2083 1316 ού
2114 1264 2418 1334 προσίεται,
2450 1265 2586 1319 ἀλλὰ
2634 1265 2726 1318 καὶ
2768 1267 3194 1336 ἀποστρέφεται,
3243 1267 3338 1320 καὶ
3389 1265 3603 1336 βδελύτο

2025 1371 2200 1420 τεται,
2230 1355 2306 1417 ῶς
2341 1355 2606 1426 ἀπρεπῶς
2655 1356 2836 1419 αὐτοῖς
2884 1357 3320 1428 πολιτευόμενον,
3381 1359 3475 1410 καὶ
3533 1359 3602 1412 τὰ

2028 1448 2232 1516 μισητὰ
2258 1449 2490 1518 πάμπαν
2520 1448 2702 1510 αὐτοῖς
2733 1448 3120 1519 ἐργαζόμενον.
3166 1450 3258 1504 Διὸ
3300 1449 3601 1520 παρακαλῶ

2023 1535 2550 1609 καϊπροτρέπομαι,
2602 1539 2774 1592 ταῦτα
2831 1543 3010 1609 μισεῖν
3055 1541 3150 1592 καὶ
3195 1540 3595 1611 ἐκτρέπεσθαι,

2023 1629 2165 1700 ἅπερ
2191 1631 2346 1700 ἡμῶν
2387 1633 2539 1700 μισεῖ
2562 1631 2631 1683 τὰ
2679 1631 2957 1693 σεϐάσμια
2984 1646 2998 1660 ⁸
3031 1635 3260 1684 κάκεῖνα
3307 1633 3480 1699 φιλεῖν
3505 1632 3600 1686 καὶ

1955 1701 1992 1754 Β
2023 1717 2377 1787 ἐργάζεσθαι,
2407 1719 2549 1789 ἅπερ
2577 1718 2832 1790 ἀρέσκειν
2880 1719 3062 1782 αὐτοῖς
3107 1718 3468 1787 ἐπιστάμεθα.
3513 1719 3601 1772 Ἀ·

2022 1807 2238 1874 ρέσκειν
2263 1807 2317 1859 δέ
2346 1808 2437 1859 καὶ⁵
2487 1809 2709 1878 τέρπειν
2762 1808 3102 1870 ἐπίστανται,
3131 1808 3232 1860 ὅσα
3255 1808 3390 1877 πρὸς
3423 1823 3600 1876 σωτη-

2021 1898 2141 1967 ρίαν
2197 1898 2460 1966 ἐπανάγει
2518 1899 2608 1951 τὸν
2665 1898 2997 1968 πράσσοντα,
3025 1901 3118 1950 καὶ
3159 1898 3260 1950 ὅσα
3289 1898 3425 1968 πρὸς
3453 1895 3598 1968 ζωὴν

2017 1988 2204 2058 ὁδηγεῖ
2233 1989 2332 2057 τὴν
2359 1987 2595 2042 αἰώνιον.
2630 1989 2699 2040 Ἢ
2721 1989 2782 2040 ού
2810 1987 2954 2057 ζωὴν
2974 1990 3108 2058 ἡμῖν
3132 1985 3207 2058 μὴ
3232 1987 3594 2053 τελευτῶσαν,

2019 2079 2251 2147 καὶφῶς
2283 2082 2418 2150 ἡμῖν
2443 2082 2504 2132 οὐ
2552 2079 2810 2149 δυόμενον
2857 2080 3101 2151 ἡστραψε
3151 2079 3452 2150 Χριστὸθεν
3501 2080 3598 2132 ἀν-

2025 2170 2266 2238 θρώποις
2298 2171 2654 2240 ἐκλάμψαντα
2679 2189 2692 2237 ;
2721 2171 2930 2224 Οὐκοῦν
2959 2172 3280 2241 ἀμείψωμεν
3312 2171 3406 2223 καὶ
3435 2172 3597 2241 ἡμεῖς

2021 2261 2091 2314 τὰ
2121 2262 2330 2315 ἐαυτῶν
2354 2263 2744 2333 πολιτεύματα,
2777 2264 2869 2328 καὶ
2897 2261 2994 2333 τὴν
3033 2264 3304 2332 προτέραν
3331 2263 3596 2331 ἀναστρο-

2023 2353 2129 2421 φὴν
2153 2353 2552 2423 ἀποδυσάμενοι
2586 2354 2660 2416 ῶς
2685 2353 2954 2423 βλαϐερὰν
2979 2354 3074 2406 καὶ
3092 2353 3359 2424 ὀλέθριον,
3388 2353 3446 2405 ἐν
3471 2369 3594 2404 και-

2022 2444 2206 2512 νότητι
2238 2441 2381 2513 ζωῆς
2412 2445 2856 2514 εὖδρομήσωμεν.
2886 2445 2956 2497 Ἢ
2988 2445 3047 2497 ού
3085 2445 3230 2514 ζωῆς
3253 2445 3438 2514 ήμῖνή
3461 2442 3593 2497 ἀνά·

2024 2553 2210 2601 στασις
2254 2538 2506 2608 δωρεῖται
2544 2539 2643 2606 τὴν
2699 2535 3012 2607 κλήρωσιν;
3047 2536 3164 2605 ﬁo.)
3219 2537 3313 2589 τὸν
3362 2533 3595 2609 παλαιὸν

2023 2628 2181 2696 ἡμῶν
2208 2630 2236 2680 ὁ
2273 2629 2503 2700 σταυρὸς
2526 2629 2954 2698 ἀπεσταύρωσεν
2993 2628 3311 2698 άνθρωπον;

338 2724 524 2771 mrsu,
573 2707 832 2763 foremur.
864 2710 1062 2762 Annon
1127 2710 1248 2763 vita:
1289 2711 1658 2766 hmreditatem
1718 2713 2050 2768 resurrectio
2114 2718 2275 2771 nobis
2313 2717 2523 2771 donat?
2592 2719 2671 2771 An
2705 2733 2809 2770 non
2843 2733 2974 2772 crux
3043 2727 3289 2772 nostrum
3358 2723 3593 2772 veterem

340 2802 613 2855 hominem
650 2803 964 2858 crucifixit?

414 2896 472 2950 Si
518 2897 683 2963 igitur
725 2900 1190 2955 resurrectionem
1249 2901 1500 2965 colimus.
1527 2909 1580 2956 et
1627 2901 1792 2971 hujus
1833 2900 1911 2954 fe-

340 2997 486 3041 stum
524 2989 808 3051 feriamur,
865 2992 1032 3044 vitam
1067 3008 1285 3063 quoque
1341 3009 1534 3048 novam
1601 2995 1911 3065 diligamus,

2098 2899 2158 2950 Et
2194 2897 2283 2950 οὖν
2307 2897 2404 2967 τὴν
2465 2897 2759 2950 ἀνάστασιν
2819 2895 3070 2966 σέϐομεν,
3105 2895 3201 2949 καὶ
3241 2896 3448 2966 ταύτης
3495 2895 3595 2966 τὴν

2023 2989 2216 3058 ἑορτὴν
2251 2989 2601 3058 ἑορτάζομεν,
2671 2986 2776 3040 καὶ·
2816 2987 3138 3056 καινοτέραν
3169 2986 3312 3058 ζωὴν
3375 2987 3592 3057 ἀγαπή-

337 3094 446 3146 qua
479 3094 584 3131 non
615 3079 790 3132 solum
825 3081 1004 3136 verbis
1033 3082 1194 3136 amici
1228 3083 1456 3148 erimus,
1495 3083 1589 3139 sed
1637 3094 1688 3139 et
1741 3085 1912 3153 ipsius

2025 3097 2227 3150 σωμεν,
2270 3079 2336 3132 δι’
2367 3075 2435 3150 ἦς
2462 3079 2562 3133 οὐκ
2590 3078 2828 3148 ἐσόμεθα
2859 3079 3002 3147 φίλοι
3031 3081 3176 3150 μόνῳ
3214 3081 3292 3149 τῷ
3339 3079 3592 3150 στόματι,

337 3183 502 3237 quam
562 3169 800 3223 maxime
859 3173 1101 3239 germani
1152 3182 1200 3227 el
1262 3174 1489 3244 legitimi
1539 3176 1812 3232 antistites
1860 3186 1913 3230 ct

339 3259 676 3314 sacerdotes.
711 3261 767 3314 Si
795 3277 920 3317 vero
955 3278 1175 3318 erucem
1205 3264 1509 3321 salutamus
1549 3276 1604 3322 et
1632 3268 1915 3321 exoscula-

339 3367 484 3418 mur,
517 3367 618 3406 cur
641 3368 746 3406 non
768 3363 823 3407 et
849 3355 1180 3423 cupiditates
1206 3357 1368 3411 simul
1400 3377 1416 3407 ι
1446 3374 1569 3412 cum
1602 3359 1859 3415 membris
1890 3379 1908 3412 ι

337 3442 494 3508 (quae
546 3457 715 3511 super
760 3444 998 3513 terram)
1051 3447 1443 3515 crucifigimus,
1477 3456 1536 3502 ut
1584 3463 1708 3502 cum
1747 3449 1915 3504 Paulo

340 3533 580 3586 clamare
611 3533 777 3588 liceat
817 3553 831 3588 :
868 3553 887 3586 ι
927 3533 1146 3591 (ΣΙιι-ἰειο
1175 3537 1425 3592 confixus
1457 3555 1578 3593 sum
1612 3539 1759 3594 cruci
1791 3558 1806 3606 ;
1840 3541 1915 3593 vi-

337 3637 406 3674 vo
433 3638 532 3693 ego
555 3623 666 3693 jam
699 3640 806 3678 non
841 3641 965 3696 ego,
999 3627 1133 3681 vivit
1167 3644 1295 3684 vero
1324 3631 1375 3683 in
1413 3646 1499 3684 me
1533 3630 1786 3685 Christus
1814 3632 1855 3685 '.
1891 3650 1909 3682 ι

341 3713 398 3766 Si
423 3729 556 3784 ergo
590 3715 844 3770 Christus
873 3718 1055 3772 vivere
1080 3718 1287 3774 dicitur
1319 3720 1372 3774 in
1407 3720 1538 3784 illis,
1575 3722 1669 3790 qui
1703 3723 1914 3791 seipsos

340 3804 548 3856 mundo
577 3805 992 3870 crucifixerunt,
1023 3816 1076 3861 et
1103 3832 1123 3860 ι
1165 3811 1430 3877 membra,
1462 3828 1582 3880 quae
1615 3829 1780 3881 super
1809 3822 1916 3867 ter-

338 3910 453 3947 ram
486 3903 637 3959 sunt,
674 3898 1078 3953 mortificarunt
1112 3899 1168 3963 ⁸,
1208 3919 1228 3953 ι
1261 3900 1556 3977 tit-Paulus
1613 3903 1810 3962 clamat
1861 3912 1916 3957 et

343 3994 640 4040 attestatur
662 4027 676 4048 ,
709 4001 809 4042 cur
841 4002 948 4041 non
979 3996 1032 4042 et
1058 4003 1157 4044 nos
1209 3990 1410 4045 similia
1464 4007 1627 4062 opera
1679 3994 1914 4063 suseipi-

342 4091 484 4141 mns,
511 4088 565 4130 et
595 4093 778 4143 omne,
807 4080 952 4150 quod
982 4095 1150 4150 super
1181 4090 1381 4136 terram
1439 4093 1542 4145 est,
1605 4083 1912 4139 membrum

337 4169 757 4237 mortificamus,
811 4173 1138 4242 passiones,
1190 4175 1554 4245 appetitiones
1600 4179 1813 4242 malas,
1861 4187 1915 4232 et

234 4324 255 4341 ο
337 4269 533 4315 caetera
567 4261 634 4316 de.
665 4277 862 4338 genere
890 4263 1104 4328 eodem,
1155 4273 1213 4318 ut
1249 4276 1304 4320 ct
1342 4267 1395 4320 in
1445 4267 1604 4322 nobis
1657 4268 1913 4323 Christus

336 4353 508 4414 vivat,
547 4353 825 4423 vitamque
855 4354 993 4409 senii
1043 4365 1326 4425 expertem
1381 4357 1694 4427 largiatur?
1723 4357 1912 4413 Sorte-

2018 3171 2267 3224 ἀλλὰκαὶ
2317 3172 2518 3240 μύσται
2565 3167 2735 3240 αὐτῆς
2785 3172 3128 3226 οἰκειότατοι.
3160 3173 3223 3224 ΕΞ
3256 3172 3313 3224 δὲ
3353 3175 3445 3225 καὶ
3501 3173 3593 3224 τὸν

2020 3263 2248 3334 σταυρὸν
2278 3261 2656 3332 ἀσπαζόμεθα,
2693 3262 2746 3314 τί
2776 3261 2850 3331 μὴ
2867 3263 2958 3314 καὶ
2984 3262 3053 3314 τὰ
3093 3261 3238 3332 πάθη
3257 3261 3592 3331 συσταυροῦο

2022 3372 2120 3424 μεν
2170 3357 2282 3416 τοῖς
2317 3354 2556 3423 μέλεσιν,
2596 3354 2680 3407 ἳνα
2714 3353 2910 3422 Παύλῳ
2951 3356 3045 3406 καὶ
3078 3356 3242 3423 ἡμεῖς
3276 3353 3595 3423 συμὸοήσω-

2024 3461 2156 3516 μενο
2191 3465 2209 3498 ι
2248 3445 2470 3516 Χριστῷ
2502 3445 2978 3517 συνεσταύρωμαι,
3020 3445 3098 3508 ζῶ
3137 3445 3192 3499 δὲ
3233 3447 3418 3498 οὐκέτι
3460 3444 3592 3513 ἐγὼ,

2020 3535 2086 3606 ζῇ
2117 3535 2173 3587 δὲ
2208 3537 2264 3587 ἐν
2296 3536 2418 3604 ἐμοὶ
2443 3538 2469 3588 ὁ
2499 3535 2765 3603 Χριστὸςς
2804 3553 2822 3585 ι
2864 3535 2925 3586 El
2955 3533 3052 3586 οὖν
3087 3536 3144 3586 ἐν
3190 3535 3403 3597 τούτοις
3444 3534 3542 3604 ζῇν
3567 3536 3596 3586 6

2017 3627 2250 3696 Χριστὸς
2277 3626 2675 3693 ἐπαγγέλλεται
2729 3627 2786 3678 ἐν
2835 3629 2948 3687 τοῖς
3003 3626 3228 3688 ἑαυτοὺς
3277 3625 3354 3693 τῷ
3404 3626 3595 3694 κόσμῳ

2019 3719 2389 3790 σταυρώσασι,
2423 3720 2518 3772 καὶ
2543 3738 2560 3769 ι
2584 3720 2650 3771 τὰ
2667 3718 2884 3786 ἐπίγεια
2911 3719 3048 3787 μέλη
3071 3717 3430 3789 νεκρώσασιν,
3461 3736 3480 3769 ι
3519 3718 3594 3780 ὼς

2019 3811 2230 3873 Παῦλος
2263 3811 2360 3881 βοᾷ
2385 3811 2479 3864 καὶ
2507 3809 2865 3881 μαρτύρεται,
2887 3810 2939 3862 τί
2967 3812 3040 3879 μὴ
3061 3809 3289 3862 τοιαῦτα
3312 3810 3406 3861 καὶ
3431 3811 3593 3878 ἡμεῖς

2019 3901 2391 3972 ἐργαζόμεθα,
2427 3899 2522 3952 καὶ
2583 3899 2742 3968 μέλος
2783 3899 2929 3954 ἅπαν
2977 3897 3277 3967 νεκροῦμεν
3326 3897 3594 3964 ἐπίγειον,

2017 3992 2209 4054 πάθος,
2237 3988 2533 4059 ἐπιθυμίας
2558 3988 2753 4050 κακὰς,
2773 3988 2867 4040 καὶ
2907 3987 3113 4042 τούτων
3135 3988 3232 4058 τὴν
3249 3987 3442 4058 λοιπὴν
3469 4005 3586 4040 συν-

2018 4082 2338 4156 αρίθμησιν,
2368 4079 2454 4132 ῐνα
2483 4078 2580 4135 καὶ
2609 4078 2752 4148 ζήσῃ
2805 4079 2863 4130 ἐν
2915 4080 3049 4148 ἡμῖν
3102 4079 3131 4130 6
3181 4078 3438 4148 Χριστὸς.
3499 4078 3594 4131 καὶ

2019 4171 2162 4242 ζωὴν
2209 4172 2308 4241 τὴν
2365 4169 2562 4239 ἀγήρω
2612 4168 2968 4239 δωρήσηται;
3014 4166 3226 4222 Οὐκοῦν
3297 4167 3397 4238 τὴν
3455 4169 3594 4237 μετὰ

2018 4267 2236 4318 πάντων
2294 4261 2521 4333 εἰρήνην
2578 4258 2888 4330 διώκωμεν,
2945 4260 3041 4314 καὶ
3071 4259 3162 4316 τὸν
3193 4259 3466 4329 ἁγιασμὺν
3496 4263 3592 4311 σὺν
3622 4267 3630 4286 ⁸

2017 4359 2156 4428 αὐτῇ
2190 4351 2580 4426 πορισώμεθαο
2610 4351 2815 4405 τούτων
2848 4352 2958 4421 γὰρ
2984 4355 3153 4422 χωρὶς
3189 4371 3206 4402 ι
3233 4354 3334 4406 οὐκ
3363 4352 3428 4407 ἄν
3461 4351 3591 4404 ποτε

335 4459 462 4496 ιιιιιι·
493 4443 662 4511 igitur
693 4459 881 4513 pacem
916 4461 1040 4500 cum
1065 4448 1343 4513 omnibus,
1377 4457 1430 4502 et
1450 4450 1616 4504 simul
1643 4464 1766 4504 cum
1816 4450 1907 4504 illa

2018 4466 2098 4512 τις
2120 4448 2211 4501 τὸν
2239 4446 2447 4516 Κύριον
2475 4444 2688 4515 ὄψεται,
2729 4462 2747 4495 ι
2787 4443 2861 4508 ὡς
2886 4442 3096 4507 Παῦλος
3125 4444 3287 4500 πάλιν
3324 4446 3457 4515 ἡμῖν
3499 4460 3594 4512 με·

335 4531 829 4588 sanctiticationem
866 4535 1026 4590 nobis
1051 4551 1464 4607 comparemus;
1493 4555 1619 4594 nam
1656 4541 1775 4594 sine
1818 4539 1904 4596 his

339 4641 357 4672 ι
396 4637 556 4676 nemo
592 4639 830 4694 unquam
857 4623 1026 4678 Deum
1051 4627 1258 4681 videbit
1282 4627 1324 4693 ⁷,
1364 4648 1382 4680 ι
1416 4637 1472 4683 ιιι
1500 4628 1700 4686 Paulus
1747 4629 1903 4684 testis

333 4721 416 4768 est
447 4730 460 4766 :
486 4727 591 4781 qua
632 4715 698 4768 de
728 4729 894 4767 causa
937 4713 1189 4770 Christus
1219 4732 1320 4785 pax
1350 4719 1664 4774 nominatur
1689 4737 1701 4772 :
1734 4737 1752 4772 ι
1782 4716 1903 4788 ipse

332 4803 480 4856 enim
506 4811 614 4867 est,
641 4803 842 4875 inquit,
873 4819 975 4874 pax
1008 4814 1198 4862 nostra
1223 4807 1267 4862 ⁸.
1316 4827 1336 4860 ι
1373 4809 1516 4874 Quin
1545 4820 1598 4864 et
1633 4829 1650 4861 ι
1690 4811 1899 4865 sancti-

333 4895 516 4950 ficatio
537 4894 558 4925 '
601 4913 620 4946 ι
665 4896 969 4966 appellatus
999 4907 1104 4951 est.
1156 4895 1262 4951 Pax
1296 4899 1537 4968 quidem.
1567 4909 1626 4954 ut
1658 4901 1898 4972 pacifica:

330 4984 643 5038 concordia:
663 4993 717 5039 et
747 4985 1162 5055 conjunctionis
1186 4999 1401 5052 auctor,
1431 4991 1628 5045 unicus
1657 4991 1902 5046 cmlestia

341 5075 722 5138 terrestribus,
761 5092 1037 5148 unamque
1065 5096 1128 5132 ex
1162 5082 1430 5136 ambobus
1461 5083 1760 5140 Ecclesiam
1785 5101 1909 5139 eon-

333 5169 590 5224 stitnens.
622 5169 997 5224 Sanctificatio
1022 5187 1149 5225 vero
1176 5181 1228 5226 et
1278 5173 1586 5244 redemptio
1642 5177 1805 5246 (nam
1857 5188 1911 5230 et

331 5259 436 5313 hoc
469 5275 665 5320 nomen
701 5273 898 5331 prteter
941 5270 1138 5315 caetera
1195 5262 1427 5333 adeptus
1467 5264 1587 5335 est)
1643 5281 1708 5320 eo
1759 5265 1906 5335 quod

331 5351 401 5404 sit
435 5352 695 5406 liberator
750 5361 959 5417 noster,
993 5355 1084 5424 qui
1127 5356 1328 5426 captivi
1382 5355 1619 5423 fuimus;
1661 5375 1839 5428 neque
1867 5375 1895 5411 a

2017 4536 2358 4608 μαρτύρηκε.
2382 4535 2490 4589 Καὶ
2510 4533 2599 4588 διὰ
2625 4533 2784 4590 τοῦτο
2803 4535 2898 4588 καὶ
2917 4534 3106 4606 εἰρήνη
3130 4534 3363 4606 Χριστὸς
3381 4549 3587 4601 καταγ-

2012 4628 2264 4697 γέλλεται
2282 4643 2295 4656 ·
2325 4644 2343 4678 ι
2369 4625 2540 4691 Δύτδς
2568 4625 2677 4696 γάρ
2705 4625 2842 4692 ἐστι,
2864 4627 3100 4696 φησὶν,ἡ
3126 4626 3316 4696 είρήνη
3339 4624 3498 4696 ἡμῶν
3523 4641 3535 4654 ·
3563 4641 3582 4674 ι

2013 4721 2108 4773 καὶ
2142 4740 2160 4771 ι
2188 4718 2456 4788 ἁγιασμὸς
2484 4736 2502 4770 ι
2529 4716 3013 4789 προσωνόμασται.
3038 4717 3240 4788 Εἰρήνη
3264 4717 3381 4784 μὲν,
3412 4715 3487 4778 ὡς
3513 4717 3590 4768 εἰ·

2013 4812 2244 4883 ρηναίαν
2269 4810 2502 4882 κομίσας
2531 4811 2806 4881 ὁμόνοιαν,
2851 4807 3058 4873 ἐνώσας
3103 4826 3164 4862 τε
3192 4814 3304 4870 τοῖς
3342 4809 3435 4862 ἐπὶ
3480 4807 3586 4876 γῆς

2008 4907 2080 4960 τὰ
2106 4906 2355 4978 οὐράνια,
2384 4907 2476 4959 καὶ
2501 4906 2830 4977 Ἐκκλησίαν
2859 4906 2989 4977 μίαν
3019 4905 3188 4975 ἄμφω
3233 4903 3585 4973 τευξάμενος.

2021 4999 2318 5068 Ἀγιασμὸς
2343 4997 2398 5050 δέ
2432 4999 2527 5052 καὶ
2551 4997 2934 5068 ἀπολύτρωσις
2964 4997 3124 5069 (πρὸς
3167 4999 3276 5068 γὰρ
3307 4999 3419 5059 τοῖς
3450 5013 3586 5066 προ-

2006 5093 2190 5162 τέροις
2215 5091 2311 5142 καὶ
2365 5089 2524 5142 τοῦτο
2575 5089 2952 5160 κηρύττεται),
2980 5088 3057 5152 ὡς
3107 5089 3385 5159 λυτρωτὴς
3427 5087 3585 5158 ἡμῶν

2009 5184 2118 5236 τῶν
2144 5181 2505 5253 αἰχμαλώτων
2529 5181 2844 5252 γενόμενος,
2879 5181 2971 5234 καὶ
2997 5180 3060 5233 οὒ
3108 5180 3267 5250 μόνον
3297 5181 3445 5249 ἡμᾶς
3473 5179 3588 5232 δαι-

2013 5275 2192 5344 μόνων
2223 5276 2318 5326 καὶ
2373 5272 2561 5325 παθῶν
2622 5271 3061 5343 λυτρωσάμενος,
3095 5269 3232 5324 ἀλλὰ
3295 5270 3391 5322 καὶ
3420 5269 3584 5335 ἁγια-

2009 5366 2146 5434 σμὸν
2174 5368 2308 5434 ἡμῖν
2339 5363 2688 5435 ἐμφυτεύσας
2721 5363 2813 5415 τὸν
2840 5361 3043 5416 ἔνθεον.

334 5441 640 5494 daemonum
665 5443 932 5496 duntaxat
960 5452 1012 5497 et
1045 5445 1670 5520 perturbationumjugo
1695 5463 1795 5503 nos
1837 5448 2106 5519 liberavit,
2169 5455 2263 5510 sed
2328 5463 2382 5508 et
2447 5453 2686 5507 divinam
2735 5454 3026 5523 quamdam
3097 5450 3582 5507 sanctificationem

333 5535 645 5608 pectoribus
677 5537 880 5590 nostris
913 5537 1190 5606 inspersit.

422 5646 444 5677 "
477 5645 632 5702 Rom.
660 5664 780 5718 xm,
809 5649 894 5703 ts.
973 5653 991 5682 ⁸
1025 5651 1202 5705 Galat.
1229 5665 1290 5715 ιι,
1329 5653 1410 5707 l9.
1488 5654 1506 5684 ‘
1538 5654 1749 5712 Coloss.
1782 5671 1863 5723 ιιι,
1901 5657 1914 5709 ε

2025 5658 2048 5689 ⁷
2077 5655 2240 5711 Hebr.
2279 5673 2374 5725 xtl,
2410 5658 2494 5714 14.

2603 5658 2622 5689 ⁸
2653 5657 2850 5728 Ephes.
2887 5672 2940 5720 tt,
2991 5655 3069 5710 Η.
3147 5656 3211 5710 ’1
3250 5654 3376 5709 Cor.
3413 5669 3450 5718 I,
3489 5653 3576 5709 so.
