4022 6206
218 171 355 236 3⁸311

1086 182 1147 243 s.
1182 182 1600 246 SOPHRONII
1643 169 2149 251 Phanaeus:
2171 191 2577 254 HIEROSOL.

3351 182 3489 259 3312

294 280 592 339 Dirimcndi
621 284 786 354 igitur
819 286 976 344 istius
1006 288 1173 345 duelli
1207 306 1394 358 causa,
1432 293 1800 359 dilectissimi,

1973 300 2071 353 Διά
2094 300 2255 353 τοῦτο
2295 298 2407 364 οὖν,
2440 302 2735 371 ἀγαπητοὶ,
2778 302 2874 372 τὴν
2899 300 3484 373 τεσσαρακονθῆμερον

215 376 607 431 universorum
651 377 794 434 Deus
819 380 1095 437 universis
1128 384 1287 438 nobis
1319 400 1646 457 magnopere
1671 403 1799 457 pro-

220 466 467 522 futurum
502 468 604 523 hoc
645 469 916 539 jejunium
949 471 1161 527 dierum
1207 476 1566 546 quadraginta
1604 494 1801 549 propo-

220 557 350 623 suit,
381 559 446 613 ad
484 559 800 616 tolerandos
825 560 1060 630 fortiter,
1095 566 1187 635 qui
1218 581 1538 637 supersunt,
1571 587 1797 642 agones,

216 658 268 705 et
332 651 398 705 ad
451 651 820 723 proﬂigandos
873 657 1123 727 spiritus,
1179 661 1646 720 circumsistentis
1697 680 1798 719 nos

220 741 366 795 aeris
402 740 634 804 incolas,
679 753 737 796 ut
772 754 991 801 extersa
1025 747 1247 804 tandem
1285 751 1555 821 vitiligine
1590 753 1799 823 peccati

184 834 319 899 per
345 831 469 884 vitae
496 832 820 888 munditiam
855 837 920 891 ad
958 839 1101 893 diem
1142 839 1481 897 DominiCam
1529 844 1802 916 pertinga-

222 935 344 974 mus
381 921 710 977 vivificantis
745 932 800 979 et
834 926 1104 985 triduana:
1149 934 1597 998 resurrectionis,
1658 937 1802 1004 puri-

219 1028 326 1081 que
349 1030 543 1083 purum
567 1014 735 1071 Deum
755 1020 984 1090 propius
1019 1026 1479 1094 contemplemur,
1504 1027 1605 1096 ipsi
1638 1041 1801 1082 coex-

217 1108 454 1160 eitcmnr
491 1107 558 1162 ad
605 1111 798 1174 vitam,
831 1127 956 1166 cum
995 1112 1114 1182 ipso
1143 1104 1536 1185 glorificemur,
1567 1117 1802 1187 denique

219 1205 273 1248 et
316 1197 383 1250 ab
414 1199 604 1253 eodem
639 1212 888 1257 amanter
923 1196 1286 1273 excipiamur.
1323 1206 1457 1261 Nam
1493 1218 1544 1263 et
1598 1209 1798 1272 viator.

220 1289 342 1339 cum
377 1287 446 1341 ob
498 1288 837 1345 destinatum
892 1293 1048 1348 initio
1089 1296 1272 1349 locum
1309 1297 1506 1352 debeat
1558 1301 1803 1367 quotidie

222 1378 447 1444 gradum
468 1396 809 1451 promovere,
837 1385 880 1439 si
902 1387 1065 1441 modo
1084 1390 1484 1458 contempletur
1501 1389 1800 1460 aliquando

222 1471 679 1549 interq‘uieturum
715 1491 774 1531 sc
809 1491 839 1529 a
875 1476 1264 1548 defatigatione
1289 1492 1521 1548 arreptae
1560 1480 1803 1551 peregri-

224 1565 503 1630 nationis;
562 1568 775 1623 etiamsi
809 1570 855 1624 is
891 1570 1277 1641 sitquamlibct
1305 1574 1484 1628 lassus
1518 1575 1582 1629 de
1627 1575 1802 1644 proli.

224 1657 471 1712 xitudine
498 1659 597 1713 via:
643 1659 984 1724 diliicilioris,
1025 1678 1121 1731 spe
1169 1672 1347 1716 tamen
1379 1679 1541 1733 quam
1597 1664 1801 1731 optima
1837 1697 1875 1752 Β

224 1748 352 1800 dum
410 1750 578 1803 alitur
611 1752 896 1807 obtinendi
929 1752 1221 1821 refrigerii,
1257 1754 1449 1823 majori
1487 1754 1802 1824 accingitur

224 1840 508 1895 alacritate
543 1841 611 1895 ad
645 1843 749 1896 iter
778 1843 1201 1898 conficiendum.
1227 1844 1294 1898 Et
1327 1844 1427 1914 ipsi
1452 1844 1610 1913 plane
1637 1845 1803 1897 viato-

224 1944 311 1982 res
329 1946 519 1985 smnus
541 1930 681 1985 lianc
713 1943 958 1988 nostram
983 1935 1299 2004 perbrevem
1327 1936 1488 1987 vitam
1520 1934 1800 2003 trajicien-

223 2029 305 2074 tes
360 2022 521 2075 celeri
569 2023 863 2078 admodum
923 2026 1220 2080 curriculo.
1253 2025 1311 2078 Et
1349 2025 1401 2078 lii
1440 2025 1659 2094 quidem
1706 2023 1798 2093 qui

222 2113 392 2179 probe
414 2113 612 2166 fuerint
671 2113 945 2184 perfundi
1007 2116 1134 2177 vita,
1178 2130 1351 2184 prono
1389 2130 1629 2168 occursu
1671 2130 1796 2183 pro-

225 2205 492 2259 vehentur
538 2206 606 2259 ad
641 2221 934 2277 supernam
970 2207 1118 2261 illam
1176 2208 1403 2278 regiam,
1440 2207 1532 2261 ubi
1575 2214 1806 2262 eatenus

1903 386 2158 453 νηστείαν
2190 386 2469 457 προῦπτον
2522 387 2724 441 ἅπασιν
2764 390 2895 458 ἡμῖν
2949 389 3296 460 προτέθεικεν
3322 392 3350 443 6
3376 392 3484 445 τῶν

1902 476 2039 529 ὅλων
2086 477 2239 541 Θεὸς,
2294 479 2431 550 προς
2455 479 2512 532 τὺ
2543 481 2961 551 περισσοτέρους
3021 482 3237 544 πάντως
3271 481 3486 550 ἀγῶνας

1904 569 2000 619 καὶ
2054 567 2368 638 ἀλατροπὴν
2393 568 2500 621 τῶν
2526 569 2727 640 ἀερίων
2783 572 3110 641 πνευμάτων
3131 586 3146 602 ·
3176 572 3260 624 ἵνα
3285 570 3488 635 τελέως

1903 658 2101 721 αὐτοὺς
2157 658 2588 728 ἐκκαθάραντες,
2629 660 2924 732 φθάσωμεν
2957 661 3043 715 διὰ
3070 661 3318 731 καθαρᾶς
3358 661 3487 733 βιώ-

1905 765 2044 811 σεως
2103 750 2182 812 είς
2217 750 2317 820 τὴν
2368 752 2581 821 κυρίαν
2616 753 2828 823 ἡμέραν
2883 755 2983 824 τῆς
3045 755 3345 825 τριημέρου
3392 755 3487 808 καὶ

1904 840 2190 913 ζωηφὸρου
2214 842 2582 906 ἀναστάσεως,
2603 845 2697 895 καὶ
2715 843 2946 915 καθαροὶ
2969 842 3046 913 τῷ
3072 844 3174 897 καθ
3186 844 3301 914 αρῴ
3327 844 3485 913 ἡμῶν

1903 931 2025 1002 Θεῷ
2052 932 2424 1002 ἐποφθείημέν
2449 950 2509 985 τε
2544 934 2635 986 καὶ
2665 933 3222 1003 συναναστησώμεθα,
3260 935 3351 986 καὶ
3383 934 3481 987 σὺν

1904 1022 2053 1093 αὐτῷ
2077 1023 2559 1095 δοξασθησὼμεθα,
2615 1026 2709 1078 καὶ
2745 1026 2972 1094 φιλικῶς
2996 1025 3085 1078 ὑπ’
3108 1023 3273 1078 αὐτοῦ
3307 1041 3481 1094 προσ-

1902 1114 2243 1184 δεχθείημεν.
2291 1115 2443 1167 Ἐπεὶ
2495 1114 2588 1169 καὶ
2641 1115 2943 1186 ὁδοιπόρος,
2995 1117 3124 1169 ὅταν
3158 1107 3309 1184 ἐφ’ᾇ)
3341 1115 3485 1185 τόπῳ

1902 1206 2092 1279 ὀφείλῃ
2157 1204 2283 1259 καθ’
2338 1205 2551 1276 ἡμέραν
2605 1207 2926 1271 ἐπιὸαίνειν,
2968 1209 3018 1260 εί
3063 1206 3223 1276 μόνον
3286 1206 3485 1276 θεατὴς

1902 1299 2112 1365 γένοιτο
2137 1298 2236 1366 τῆς
2261 1298 2678 1360 καταπαύσεως,
2697 1299 2797 1367 τῆς
2820 1296 3130 1368 ὁδοιπορίας
3147 1296 3366 1350 πλείονα
3383 1296 3484 1366 τὴν

1904 1385 2213 1454 προθυμίαν
2269 1384 2583 1455 πεποίηται,
2642 1383 2744 1437 κᾶν
2804 1383 2911 1452 ἄρα
2966 1383 3053 1452 εἴη
3083 1383 3380 1452 κεκμηκὼς
3408 1380 3485 1450 τῷ

1904 1470 2100 1539 πλήθει
2124 1470 2225 1539 τῆς
2246 1470 2643 1541 χαλεπωτάτης
2665 1469 2808 1531 ὀῑοῦ,
2837 1473 2904 1541 τῇ
2937 1471 3113 1523 ἐλπίδι
3141 1469 3239 1539 τῆς
3272 1468 3484 1538 ἀναψύ-

1905 1562 2039 1629 ξεως
2073 1561 2191 1614 λίαν
2233 1565 2586 1633 τρεφόμενος.
2649 1564 2760 1616 Καὶ
2808 1562 2917 1633 γὰρ
2969 1562 3062 1615 καὶ
3114 1563 3275 1631 ἡμεῖς
3314 1560 3485 1613 ἁδίταί

1905 1655 2093 1724 ἐσμεν,
2147 1653 2236 1706 διὰ
2266 1655 2364 1724 τῆς
2393 1655 2653 1726 βραχείας
2684 1654 2839 1725 ἡμῶν
2870 1653 3019 1722 ζωῆς
3068 1652 3485 1726 ἀνατρέχοντες,

1907 1747 2000 1799 καὶ
2044 1745 2141 1817 τὴν
2193 1747 2456 1799 διόδευσιν
2504 1747 2663 1817 ημῶν
2725 1723 3248 1814 ποιτ-υντες·οί.μὲν
3306 1743 3487 1808 καλῶς

1907 1838 2171 1908 ζήσαντες
2203 1838 2339 1908 πρὸς
2369 1839 2435 1891 τὰ
2458 1838 2568 1892 ἄνω
2601 1838 2870 1909 βασίλεια,
2903 1838 3037 1890 ὅπου
3063 1836 3225 1905 ἡμῶν
3247 1836 3308 1888 τὸ
3337 1835 3489 1888 πολί-

1906 1948 2103 1998 τευμα,
2170 1933 2574 1994 καταντῶντες·
2610 1933 2657 1984 oi
2698 1932 2756 1984 δὲ
2795 1930 3029 1994 ἀσεϐῶς,
3057 1929 3175 1982 κατ’
3207 1928 3329 1999 ἐμὲ,
3375 1926 3486 1998 βιο-

1908 2024 2169 2075 τεύσαντε
2181 2040 2223 2089 ς,
2250 2024 2307 2075 ὲν
2333 2023 2523 2092 λάκκῳ
2551 2040 2651 2076 που
2675 2022 2975 2092 κατωτάτῳ
3006 2021 3115 2073 τῶν
3141 2018 3350 2072 ἑαυτῶν
3382 2035 3486 2071 παο

1911 2113 2039 2179 θῶν,
2075 2111 2156 2178 οἷς
2199 2117 2294 2169 καὶ
2326 2116 2829 2178 καταδουλωθέντες
2880 2115 3122 2185 βιοῦντες
3144 2112 3483 2182 κατείχοντο,

1914 2210 1971 2261 ὲν
2004 2209 2189 2273 αὐτοῖς
2224 2210 2436 2262 ἐκεῖθεν
2456 2208 2876 2282 κατωρυγμένοι
2903 2210 3233 2281 φανήσονται

224 2297 405 2349 fuerat
460 2297 678 2351 illorum
730 2301 1099 2354 conversatio.
1132 2299 1361 2365 Contra,
1407 2301 1499 2371 qui
1559 2301 1807 2371 improbe
1845 2299 2013 2371 (sicut
2048 2304 2169 2374 ego)
2209 2304 2621 2375 comperientur
2676 2305 2877 2358 vixisse
2927 2302 2980 2355 in
3031 2303 3148 2357 lacu
3200 2302 3359 2372 longe
3410 2297 3486 2354 in-

228 2391 372 2454 fimo,
412 2401 467 2444 at
528 2392 745 2446 illorum
813 2396 1137 2464 congruenti
1172 2396 1342 2460 vitiis,
1407 2396 1611 2467 quibus
1671 2399 2001 2466 superstites
2070 2399 2249 2454 adhuc
2323 2401 2376 2454 in
2416 2398 2781 2456 miserandam
2834 2401 3153 2455 servitutem
3217 2404 3363 2452 totos
3422 2409 3484 2450 so

224 2480 569 2547 addixeram,
602 2500 726 2539 cum
759 2487 949 2541 iisdem
991 2488 1101 2541 illic
1130 2487 1329 2543 defessi
1372 2488 1805 2559 conspiciemur.

299 2574 550 2631 Dixeris:
578 2573 762 2645 Ecqua
808 2577 1023 2630 tandem
1047 2578 1257 2631 ratione
1288 2579 1460 2646 possit
1492 2578 1618 2647 quis
1647 2593 1813 2634 cursu

227 2668 563 2723 contendere
598 2668 664 2723 ad
692 2683 775 2733 ea,
810 2685 931 2738 qua:
957 2684 1177 2723 sursum
1198 2680 1349 2734 sunt,
1383 2670 1648 2738 tantisper
1682 2669 1812 2724 dum

227 2761 338 2811 vEta
373 2759 485 2813 ba'c
533 2768 813 2827 superstes
845 2769 927 2814 est
957 2762 979 2812 τ
1013 2759 1113 2824 Qui
1170 2759 1222 2813 id
1288 2758 1400 2827 fiat,
1436 2774 1595 2829 rogas
1628 2760 1651 2814 ?
1704 2760 1815 2830 Ego

228 2849 355 2900 d'co
398 2870 408 2903 :
444 2850 534 2918 qui
569 2859 866 2919 eapurgata
907 2860 1087 2904 mente
1150 2865 1247 2919 per
1295 2850 1812 2920 contemplationem

228 2941 542 2997 sublimiter
569 2944 815 3006 evolant,
848 2953 898 2996 et
928 2943 1190 3013 supernis
1229 2943 1338 2997 illis
1376 2942 1672 2998 virtutibus
1698 2944 1810 2997 eol-

231 3035 484 3086 laetantur
508 3049 523 3097 ;
547 3035 638 3102 qui
671 3033 846 3088 hostis
877 3034 1048 3088 totius
1078 3034 1292 3103 generis
1322 3034 1545 3111 humani
1580 3036 1810 3090 demoli-

231 3124 436 3177 tionem
477 3125 760 3179 celebrant
793 3125 1063 3180 festivitcr
1098 3125 1451 3194 acjucunde.
1489 3126 1677 3198 Itaque
1716 3142 1812 3196 per

225 3212 498 3281 jejunium
566 3215 885 3283 neutiquam
968 3215 1258 3270 observato
1322 3214 1563 3282 dilIicile,
1625 3216 1813 3286 perdet

233 3312 549 3357 contactum
579 3303 887 3358 intemerati
943 3319 1007 3359 ac
1040 3304 1378 3360 vivificantis
1401 3305 1556 3376 ligni,
1587 3308 1814 3377 perinde

234 3410 299 3447 ac
336 3403 570 3465 utraque
603 3396 843 3451 hominis
875 3407 1049 3467 parte,
1091 3399 1404 3468 perpurgati
1435 3399 1553 3469 (ceu
1601 3399 1813 3453 dictum

229 3488 342 3555 jam
376 3487 480 3558 ρει)
514 3488 853 3542 exsultemus
886 3505 995 3543 una
1029 3504 1153 3543 cum
1178 3489 1472 3547 virtutibus
1503 3492 1611 3547 illis
1645 3492 1814 3546 caelo-

236 3594 355 3632 rum
394 3580 785 3648 municipibus,
842 3582 1045 3648 quibus
1108 3597 1208 3636 nos
1254 3584 1510 3639 concivcs
1541 3582 1658 3637 fore
1689 3584 1815 3652 spes

236 3679 342 3736 est,
374 3670 592 3739 quando
635 3686 665 3725 e
709 3670 865 3727 caelis
897 3670 1067 3741 judex
1123 3673 1426 3727 advenerit.
1465 3672 1668 3743 Rogas,
1722 3673 1815 3743 qui

238 3763 290 3816 id
340 3761 482 3817 fiat?
510 3763 632 3829 Quo
689 3764 925 3832 primum
963 3772 1208 3833 tempore
1266 3765 1482 3827 caelitus
1512 3766 1813 3834 aspiratam

237 3854 403 3909 menti
447 3865 646 3909 nostra:
676 3853 1048 3926 aﬂ'ulgentiani
1090 3870 1187 3924 per
1220 3856 1625 3910 adversantium
1657 3856 1817 3911 nobis

238 3946 531 4015 spirituum
553 3945 955 4017 depulsionem,
979 3946 1129 4015 digni
1157 3946 1504 4011 habebimur,
1531 3947 1626 4016 qui
1660 3963 1820 4000 inun-

237 4039 323 4093 dis
344 4038 506 4092 labiis
540 4047 855 4095 reverenter
887 4039 1225 4109 attingamus
1260 4037 1623 4093 vivificantem
1652 4049 1707 4092 et
1732 4040 1815 4092 in-

238 4131 561 4184 taminatam
584 4144 826 4191 crucem.
850 4128 915 4183 Et
938 4128 1160 4200 quando
1181 4128 1451 4200 benignus
1469 4126 1615 4183 Deus
1634 4136 1822 4183 noster

241 4239 338 4293 per
369 4231 687 4276 sanctorum
714 4220 956 4275 'Patrum
989 4220 1340 4276 traditionem
1383 4220 1525 4274 banc
1547 4219 1706 4275 nobis
1735 4219 1818 4271 in-

1983 2575 2093 2630 Καὶ
2123 2573 2261 2637 πῶς,
2287 2574 2471 2643 φασίν,
2508 2570 2621 2627 οἷόν
2651 2572 2711 2627 τέ
2742 2592 2863 2626 τινα
2892 2573 3227 2643 ἀναδραμεῖν
3261 2572 3396 2643 πρὸς
3419 2571 3490 2629 τὰ

1913 2668 2025 2723 ἄνω
2045 2666 2128 2718 ἔτι
2160 2667 2414 2735 περιόντα
2443 2668 2501 2719 ἐν
2533 2665 2668 2737 τῷδε
2686 2665 2762 2734 τῷ
2801 2665 2898 2737 βίῳ
2922 2683 2937 2731 ;
2961 2664 3118 2730 Πῶς;
3154 2663 3295 2732 Ἐγὼ
3324 2664 3487 2734 λέγωο

1912 2758 2000 2812 δια
2049 2757 2142 2811 τοῦ
2174 2757 2507 2829 καθαρτικοῦ
2539 2757 2656 2820 νοὸς
2709 2758 3200 2828 ἀναπτερούμενοι,
3246 2758 3341 2812 καὶ
3371 2759 3496 2820 ταῖς

1912 2848 2024 2901 ἄνω
2053 2847 2317 2917 δυνάμεσι
2346 2845 2827 2916 συναγαλλόμενοι,
2849 2847 2946 2917 τὴν
2973 2848 3272 2901 κατάλυσιν
3296 2834 3490 2915 ἑορτάε

1913 2936 2100 3002 ζοντες
2130 2937 2224 2991 τοῦ
2252 2937 2486 2991 πανόλου
2538 2936 2733 3008 ἐχθροῦ
2764 2955 2778 2968 ·
2808 2938 2948 2991 ὥστε
2978 2938 3125 3009 ψυχῇ
3154 2937 3249 2990 καὶ
3280 2936 3492 3006 σώματι

1913 3031 2002 3085 διὰ
2047 3030 2147 3100 τῆς
2210 3028 2446 3099 πραείας
2503 3029 2778 3099 νηστείας,
2829 3032 2925 3084 καὶ
2970 3031 3071 3099 τῆς
3098 3016 3493 3100 προσψαύσεως

1912 3120 2008 3176 τοῦ
2073 3121 2338 3187 ζωοποιοῢ
2395 3123 2489 3175 καὶ
2520 3122 2790 3192 ἀχράντου
2817 3122 2998 3188 ξύλου,
3033 3122 3108 3184 ὡς
3140 3121 3493 3193 ἑκατέρωθεν

1913 3214 2283 3285 καθαρθέντες
2331 3217 2718 3284 συσκιρτῆσαι,
2777 3213 2852 3276 ὡς
2880 3214 3109 3283 ἔφαμεν,
3165 3217 3285 3270 ταῖς
3330 3213 3496 3283 οὐρα-

1916 3306 2057 3368 νίαις
2092 3306 2407 3375 δυνάμεσιν,
2444 3300 2535 3367 αἶς
2567 3305 2659 3357 καὶ⁵
2682 3305 2894 3357 πολῖται
2921 3303 3291 3375 γενησόμεθα,
3327 3305 3490 3372 ἡνίκα

1917 3397 2037 3450 κατ’
2072 3396 2317 3467 οὐρανῶν
2341 3398 2369 3449 6
2395 3396 2587 3466 κριτὴς
2610 3395 3008 3467 παραγένηται.
3034 3396 3144 3449 Καὶ
3175 3395 3304 3459 πῶς,
3337 3396 3492 3465 φησὶ,

1915 3487 2075 3541 τοῦτο
2103 3488 2345 3556 γένοιτο;
2382 3488 2550 3542 Ὅταν
2576 3488 2762 3555 ἁγνοῖς
2817 3490 2929 3551 τοῖς
2964 3489 3169 3557 χείλεσι
3196 3488 3285 3539 διά
3310 3503 3367 3540 τε
3400 3489 3497 3554 τῆς

1918 3581 2248 3652 ἡγεμονικοῦ
2307 3580 2464 3651 ἡμῶν
2520 3581 2860 3651 ὲλλάμψεως,
2899 3583 2993 3634 καὶ
3043 3581 3144 3648 τῆς
3182 3579 3498 3648 ἀποτροπῆς

1919 3673 2014 3725 καὶ
2046 3672 2418 3735 ἐναντιώσεως
2445 3671 2553 3724 τῶν
2587 3672 2846 3725 ἐναντίων
2878 3673 3227 3740 πνευμάτων,
3247 3670 3339 3722 τοῦ
3366 3671 3498 3733 ζωο-

1920 3764 2076 3818 ποιοῦ
2110 3765 2202 3818 καὶ
2224 3764 2495 3834 ἀχράντσυ
2524 3765 2761 3833 σταυροῦ
2801 3764 2901 3833 τῆς
2934 3764 3181 3833 καθαρᾶς
3211 3760 3498 3832 προσψαύ-

1921 3875 2059 3920 asto;
2101 3857 2240 3923 ἄξιοι
2275 3856 2666 3926 φανησόμεθα·
2707 3857 2830 3909 ἐπεὶ
2893 3857 2986 3909 καὶ
3025 3858 3053 3908 6
3082 3856 3283 3923 ἀγαθὸς
3341 3853 3502 3924 ἡμῶν

1919 3949 2052 4012 Θεὸς
2113 3950 2202 4002 διὰ
2259 3943 2387 4017 τῆς
2422 3949 2534 4002 τῶν
2603 3950 2776 4019 ἁγίων
2829 3949 3088 4020 Πατέρων
3149 3948 3502 4021 παραδόσεως

1918 4040 2018 4112 τὴν
2062 4039 2180 4094 ὁδὸν
2212 4042 2349 4111 ἡμῖν
2401 4040 2607 4111 ταύτην
2656 4040 2988 4105 ἀνεδείξατο,
3020 4040 3119 4109 τῆς
3162 4038 3499 4107 ὲπωφελοῦς,

1922 4130 2087 4199 φημὶ,
2115 4130 2373 4199 νηστείας
2393 4145 2407 4159 ·
2432 4128 2520 4182 ἵνα
2543 4128 2741 4202 μικρὸν
2762 4128 3059 4194 ἀναθέντες
3088 4128 3191 4200 τῆς
3224 4130 3383 4199 ἡμῶν
3411 4145 3504 4181 τα-

1922 4220 2251 4294 λαιπωρίας,
2290 4220 2385 4276 τοῦ
2413 4220 2590 4292 ῥύπου
2616 4238 2677 4275 τε
2710 4220 3102 4293 καθαρθέντες,
3131 4221 3225 4274 καὶ
3258 4221 3358 4284 τὰς
3397 4219 3506 4273 τῶν

238 4314 379 4367 dixit
406 4314 572 4374 viam.
610 4313 756 4367 viam
779 4311 903 4366 dico
935 4326 1264 4382 magnopere
1285 4311 1559 4366 commodi
1590 4320 1642 4367 et
1671 4309 1812 4364 utilis

1927 4312 2114 4367 παθῶν
2143 4312 2437 4377 ἐπιϐουλὰς
2466 4312 2904 4378 ἀναστείλαντες,
2934 4314 3033 4382 τὴν
3066 4311 3279 4367 τελείαν
3309 4312 3505 4381 ἄφεσιν
3564 4378 3589 4391 ιν

236 4406 457 4475 jejiinil,
486 4413 544 4458 ut
578 4419 702 4458 cum
750 4403 969 4474 quidvis
1004 4402 1304 4473 quamlibet
1336 4401 1597 4470 pusillum
1627 4401 1695 4457 de
1723 4417 1822 4455 no-

242 4506 358 4550 stro
387 4495 577 4549 labore
601 4493 988 4565 adjecerimus,
1023 4508 1051 4546 a
1087 4492 1363 4562 squalenti
1422 4491 1532 4549 situ
1563 4502 1821 4562 peccato-

243 4604 365 4641 rum
397 4586 602 4658 expiati
635 4602 698 4642 ac
723 4586 993 4656 repressis
1028 4584 1439 4655 surrepentium
1466 4583 1819 4640 aﬂ‘eclionum

243 4679 485 4741 insidiis,
525 4680 833 4734 absolutam
869 4678 1247 4733 remissionem
1284 4678 1569 4748 percipere
1609 4691 1821 4731 merea-

247 4790 392 4835 mur.
423 4788 522 4844 per
576 4770 940 4828 venerabilem
976 4780 1245 4825 attactum
1286 4770 1617 4825 vivificantis
1667 4768 1821 4839 ligni,

246 4869 365 4936 ipso
402 4868 702 4921 clementer
727 4863 1067 4934 indulgente,
1120 4864 1212 4933 qui
1245 4862 1421 4918 eidem
1470 4860 1664 4917 aﬂixus
1714 4868 1820 4926 est,

244 4975 345 5013 ceu
375 4956 641 5028 deinceps
668 4955 1022 5028 perspicuum
1054 4954 1270 5023 evadet.
1313 4953 1532 5024 Alioqui
1586 4967 1824 5024 quonam

246 5059 409 5122 pacto
457 5050 786 5105 alterutrum
846 5047 1004 5101 alteri
1074 5046 1368 5117 profucrit,
1410 5060 1621 5115 nosque
1683 5046 1829 5099 velut

245 5159 411 5197 manu
444 5143 675 5196 deducat
714 5142 779 5195 ad
832 5140 1169 5194 Doluinicam
1205 5140 1347 5193 diem
1384 5148 1587 5193 sancta!
1625 5136 1829 5191 Resur-

247 5233 563 5289 rcctionis?
608 5231 887 5301 Jejunium
918 5232 1141 5301 quidem
1177 5229 1473 5301 agilitatem
1510 5228 1653 5297 parit
1703 5246 1829 5282 cor-

247 5325 393 5393 pori,
420 5327 746 5381 veneranda:
776 5332 959 5378 autem
1010 5321 1197 5377 crucis
1240 5320 1511 5386 adoratin,
1548 5335 1671 5389 qua!
1721 5321 1830 5375 sin-

249 5430 375 5473 cera
402 5431 635 5487 prorsus
670 5418 764 5481 sit,
805 5426 1041 5471 mentem
1071 5414 1358 5469 remolitur
1403 5423 1459 5468 et
1507 5421 1702 5467 avocat
1763 5414 1830 5465 ab

250 5507 611 5563 obscenorum
650 5508 886 5564 maxime
927 5522 1154 5578 operum
1196 5505 1535 5561 confusanea
1591 5506 1832 5574 turpitu-

1922 4406 2021 4473 τῆς
2054 4404 2149 4458 τοῦ
2198 4403 2465 4469 ζωοποιοῦ
2490 4404 2649 4470 ξύλου
2688 4402 3088 4477 προσψαύισεως
3140 4404 3292 4475 παρά
3330 4401 3425 4455 τοῦ
3452 4405 3508 4455 ἐν

1924 4496 2072 4567 αὑτῷ
2107 4497 2373 4567 παγέντος
2416 4495 2741 4567 ληψώμεθα,
2774 4496 2849 4561 ὡς
2878 4495 3066 4550 λοιπὸν
3100 4495 3246 4548 ἔστιν
3280 4494 3505 4548 ἰδέσθαι·

1926 4589 2128 4659 ἑτέρως
2179 4587 2298 4651 πῶς
2350 4588 2430 4658 τῷ
2463 4588 2636 4659 ἑτέρῳ
2696 4586 3351 4656 συναντιλαμῦανόμενον,
3415 4586 3510 4638 καὶ

1925 4680 2302 4752 χειραγωγοῦν
2352 4680 2489 4753 πρὸς
2539 4680 2639 4751 τὴν
2683 4681 2897 4751 ἡμέραθ
2930 4681 3027 4750 τῆς
3055 4678 3442 4748 ἀναστάσεω;;
3476 4679 3506 4745 ἡ

1935 4776 2033 4844 μὲν
2084 4773 2308 4842 νηστεία
2333 4771 2395 4824 τὸ
2424 4771 2627 4840 κοῦφον
2654 4770 2749 4824 τοῦ
2806 4774 3057 4841 σώματος
3084 4767 3447 4834 ἀποτελοῦσα,
3478 4767 3512 4837 ή

1933 4865 1990 4918 δέ
2023 4863 2117 4918 τοῦ
2145 4866 2294 4917 θείου
2330 4862 2597 4945 σταυροῦ.
2616 4860 2979 4935 καθαρώτατη
3029 4858 3401 4931 προσκύνησις
3424 4860 3513 4913 τὸν

1933 4956 2060 5012 νοῦν
2080 4956 2238 5027 ἡμῶν
2271 4956 2560 5023 ἀπάγουσα
2587 4956 2690 5025 τῆς
2717 4955 2830 5007 τῶν
2851 4952 3151 5024 αίσχίστων
3169 4951 3346 5025 ἔργων
3380 4968 3514 5019 συγ-

1936 5049 2168 5121 χύσεως,
2194 5048 2290 5101 καὶ
2329 5047 2464 5118 πρὸς
2482 5048 2546 5101 τὰ
2574 5047 2688 5102 ἀνω
2718 5047 2965 5117 βασίλεια
2992 5046 3291 5115 ἐπάγουσα.
3328 5043 3513 5098 Ταῦτα

1935 5147 1963 5196 6
1996 5141 2223 5213 μεσίτης
2255 5140 2391 5193 Θεοῦ
2428 5141 2525 5193 καὶ
2564 5139 2871 5211 ἀνθρώπων
2900 5137 3155 5207 γενέσθαι
3188 5136 3514 5205 πεποίηκεν,

1937 5236 1967 5286 6
1997 5233 2095 5304 τὴν
2135 5232 2293 5302 ἡμῶν
2344 5231 2621 5302 σωτηρίαν
2637 5233 2694 5284 ἐν
2716 5232 2865 5304 μέσῳ
2894 5230 2993 5301 τῆς
3018 5230 3119 5299 γῆς
3151 5231 3216 5299 τῇ
3262 5225 3515 5295 σωτηρίῳ
3584 5226 3589 5231 ’

1938 5320 2102 5376 αὑτοῦ
2152 5320 2244 5373 τοῦ
2298 5320 2531 5390 σταυροῦ
2597 5318 2950 5390 προσηλώσει
3006 5314 3516 5385 κατεργασάμενος,

1936 5411 2122 5482 καὶτῷ
2150 5412 2417 5484 μεσασμῷ
2437 5411 2537 5481 τῆς
2571 5410 2721 5474 θείας
2744 5411 2947 5478 ταύτης
2981 5409 3235 5479 νηστείας
3276 5405 3516 5476 χρηστὰς

1940 5505 2070 5573 ἡμῖν
2106 5503 2324 5565 ἐλπίδας
2357 5503 2597 5573 ὑπέφηνε
2627 5504 2727 5575 τῆς
2764 5501 3139 5565 ἀναστάσεως.

251 5604 641 5677 dine,nosque
677 5619 776 5661 ceu
820 5603 1051 5659 reduces
1115 5601 1179 5657 ad
1235 5601 1512 5657 caelestem
1573 5600 1719 5655 illam
1775 5607 1993 5656 revocat
2056 5598 2257 5667 regiam
2332 5594 2455 5650 Iliae
2514 5612 2646 5653 :aize
2711 5613 2745 5650 a
2805 5596 2963 5651 urbis
3022 5605 3077 5647 ιι
3138 5593 3516 5657 olsencntur,
