4022 6206
231 331 370 395 3315

1107 351 1166 413 S.
1195 352 1614 419 SOPHRONII
1643 359 2149 443 PATRIARCHrE
2174 360 2581 423 HIEROSOL.

3332 356 3492 424 3316'

232 442 385 498 brum
423 445 638 515 quidem
687 464 750 504 ac
784 452 1021 509 dedecus
1050 456 1399 528 Iudaeorum;
1433 481 1464 520 e
1487 466 1708 523 diverso
1739 469 1794 523 in

1905 470 2038 531 ἰδίας
2104 471 2201 522 καὶ
2239 469 2389 531 θείας
2439 485 2534 522 σου
2591 469 2870 536 ἐνεργείας
2920 468 2976 519 ἐν
3003 467 3081 537 τῷ
3113 472 3276 537 παχεῖ
3304 470 3480 537 τούτῳ

226 547 415 627 eorum
440 537 667 603 gloriam
694 548 748 595 et
769 546 1209 613 exsultationem,
1258 554 1350 622 qui
1384 559 1655 627 propriam
1700 557 1799 614 tibi

138 645 149 717 ι
227 638 293 679 ac
344 625 608 684 divinitus
670 632 890 688 insitam
925 638 1034 691 vim
1084 639 1275 697 sedulo
1305 625 1657 718 contemplati
1692 652 1801 707 i'ue-

126 715 142 757 ἲ
227 715 338 771 rint
387 718 437 771 in
477 719 580 775 hac
640 722 822 780 adhuc
899 728 1189 787 constituti
1238 748 1494 791 concreta
1529 715 1622 795 ac
1676 743 1799 797 rudi

227 805 370 900 mole
403 809 745 876 gravissimae
770 817 976 872 carnis.
1005 821 1074 873 At
1103 831 1276 889 certe,
1304 829 1611 883 veneranda
1642 846 1798 900 crux,

225 893 666 995 Christianorum
700 906 919 972 quidem
946 912 1195 969 tutelaris
1225 922 1279 971 et
1306 916 1565 974 ﬁdissima
1586 893 1797 990 custos,

227 1000 610 1042 tnnversorum
652 999 835 1048 autem
876 1012 941 1052 ex
968 998 1198 1058 adverso
1246 1009 1656 1065 occursantium
1717 1012 1798 1067 in-

225 1076 468 1131 sultunm
505 1085 887 1150 potentissima
944 1091 1303 1162 proﬂigati-ix,
1356 1100 1538 1168 aSpice
1571 1117 1671 1156 nos
1710 1118 1796 1166 eo,

225 1169 319 1236 qui
374 1170 517 1261 inte
567 1183 651 1228 est
708 1179 1020 1248 splendore,
1071 1187 1176 1239 vim
1206 1189 1643 1261 qualemcunque
1680 1209 1799 1261 per-

226 1260 531 1326 spectivam
591 1265 777 1321 cordis
834 1272 1030 1338 nOSIri,
1082 1288 1146 1328 ea
1202 1278 1457 1334 claritate
1503 1260 1801 1337 enitescere

225 1345 411 1412 facito,
450 1358 502 1404 et
538 1352 779 1422 illttstra,
808 1366 867 1411 ut
920 1360 1029 1415 tale
1055 1362 1261 1433 aliquid
1287 1368 1574 1434 spontanei
1625 1370 1798 1437 eliga-

226 1454 347 1492 mus
384 1444 616 1511 perpeti,
646 1446 956 1516 cujusmodi
999 1446 1397 1522 patientissime
1428 1461 1655 1528 pertulit
1703 1477 1801 1516 no-

178 1580 189 1587 ,
230 1529 515 1587 stricausa
551 1532 722 1593 Filius
751 1539 868 1609 ipse
922 1552 975 1595 et
1006 1543 1146 1599 idem
1201 1545 1434 1603 Verbum
1486 1551 1783 1609 invisibilis

223 1617 425 1687 Patris,
452 1623 705 1681 nimirum
739 1639 797 1683 ut
827 1630 880 1685 in
913 1633 1087 1701 ipsius
1118 1637 1345 1703 gratiam
1376 1646 1430 1694 et
1455 1656 1574 1700 nos.
1605 1656 1801 1713 quem-

223 1714 513 1769 admodum
551 1717 667 1789 ipse
724 1722 874 1790 prior
934 1740 1033 1794 pro
1097 1728 1276 1794 nobis,
1331 1730 1546 1787 animas
1581 1744 1800 1791 nostras

1903 562 1995 613 καὶ
2031 558 2319 629 βαρυτάτῳ
2362 560 2573 629 σαρκίῳ
2602 557 2962 612 τεθεακότων.
3007 558 3171 621 Ἀλλ’,
3196 553 3240 612 ὦ
3276 562 3478 630 σταυρὶ

1902 650 2083 720 τίμιε,
2140 650 2315 720 φύλαξ
2375 652 2470 720 μὲν
2512 649 2884 717 ἁσιραλὲστατε
2933 649 3040 703 τῶν
3093 651 3475 722 Χριστιανῶν,

1902 741 2165 811 ἀναιρὲτα
2189 729 2615 794 δὲ’δυνατώτατε
2669 741 2896 795 ἀπασῶν
2957 741 3064 793 τῶν
3102 742 3360 794 ἐναντίων
3383 744 3481 808 ἑφ-

1900 829 2056 892 όδων,
2122 828 2362 896 αὖγασον
2407 831 2553 899 ἡμᾶς
2594 833 2659 899 τῇ
2694 847 2775 883 σοι
2824 830 3227 901 ὲναποκειμένῃ
3285 831 3475 902 αἴγλῃ·

1902 920 2137 987 φώτισον
2168 920 2323 990 ἡμῶν
2347 919 2405 973 τὸ
2434 920 2658 973 ὀπτικὺν
2676 920 2779 987 τῆς
2810 920 3054 991 καρδίας,
3088 920 3176 973 ἵνα
3201 921 3293 973 καὶ
3315 922 3477 992 ἡμεῖς

1901 1008 2149 1077 ἑλώμεθα
2184 1008 2429 1062 τοιοῦτόν
2452 1027 2504 1062 τι
2532 1009 2884 1072 πεπονθέναι,
2908 1004 3020 1062 οἷον
3041 1010 3136 1062 ἐπὶ
3159 1011 3242 1064 σοὶ
3274 1011 3479 1064 πέπον·

1903 1099 2038 1152 θενό
2055 1100 2180 1162 Υἱὸς
2198 1100 2291 1154 καὶ
2315 1101 2487 1169 Λόγος
2505 1100 2600 1153 τοῦ
2630 1102 2866 1171 ἀοράτου
2895 1101 3109 1171 [Ιατρὺς
3135 1102 3278 1172 ὑπὲρ
3307 1101 3481 1167 αὑτοῦ,

1899 1208 1959 1244 τε
1995 1192 2162 1262 ἡμᾶς,
2196 1191 2385 1261 ὥσπερ
2430 1193 2594 1256 αὐτὸς
2660 1194 2801 1263 ὑπὲρ
2849 1192 3028 1263 ἡμῶν,
3079 1192 3250 1247 θεῖναι
3316 1194 3478 1263 μέχρι

1903 1280 2135 1334 θανάτου
2160 1282 2257 1344 τὰς
2275 1283 2547 1353 ἡμετέρας
2578 1284 2778 1353 ψυχάς.
2810 1285 2921 1338 Καὶ
2949 1287 3059 1354 γὰρ
3088 1286 3138 1338 εί
3161 1285 3320 1337 τοῦτο
3354 1286 3478 1339 ἐλέ-

1904 1370 2029 1425 σθαι
2063 1371 2384 1444 θελήσωμεν
2407 1373 2633 1439 παθεῖν,
2666 1375 2763 1428 καὶ⁸
2792 1375 2891 1445 τὴν
2936 1376 3108 1446 καλὴν
3133 1377 3339 1447 ταύτην
3358 1378 3478 1431 eam

1902 1462 1995 1515 καὶ
2045 1462 2289 1532 χρηστὴν
2335 1463 2740 1534 αίρετίσασθαι,
2787 1465 3133 1537 δυνησόμεθα
3168 1467 3286 1537 μετ’
3332 1468 3481 1520 εὐκο-

1900 1550 2020 1615 λίας
2066 1553 2162 1605 καὶ
2227 1557 2340 1618 τοῖς
2373 1554 2601 1609 πάθεσιν
2649 1556 2816 1610 αὑτοῦ
2872 1557 3372 1628 συμμορφωθῆναι,
3403 1551 3478 1630 ἦς

1903 1644 2302 1716 ἀκατακρίτους
2332 1648 2422 1701 διὰ
2448 1649 2548 1718 τῆς
2567 1649 2665 1718 σῆς
2696 1648 2994 1718 ἐνεργειῶν
3034 1649 3321 1719 δυνάμεως
3345 1648 3481 1717 φθά-

1906 1751 1996 1788 σαι
2029 1735 2123 1789 καὶ
2173 1737 2427 1806 γενέσθαι
2458 1738 2732 1807 θεάμονας
2753 1738 2943 1804 ἀξίους
2976 1740 3071 1794 καὶ
3094 1741 3480 1810 προσκυνηιιὰς

222 1802 289 1857 ad
327 1817 554 1862 mortem
619 1826 793 1880 usque
849 1814 1206 1885 deponamus.
1242 1819 1300 1873 id
1349 1821 1550 1875 etenim
1616 1824 1662 1879 si
1699 1840 1794 1880 vo-

1905 1828 1967 1896 τῇ
1990 1802 2400 1900 ἀκαταμαχήτῳ
2431 1802 2650 1902 ἐξουσίᾳ
2665 1831 2758 1882 τοῦ
2785 1802 2873 1884 διὰ
2896 1802 2991 1883 σοῦ
3017 1802 3245 1885 θάνατον
3271 1802 3481 1902 νεκρώλ

224 1897 489 1956 lum-imus
540 1905 770 1974 perpeti,
834 1915 887 1960 ct
951 1909 1220 1978 ejusmodi
1282 1912 1574 1967 honestam
1635 1926 1801 1987 atque

224 1993 511 2059 perutiicm
550 2009 657 2048 non
712 1995 864 2050 inviti
917 1998 1288 2069 ingrcdiemur
1322 1992 1485 2067 viam,
1540 2001 1798 2062 nimirum

221 2084 526 2152 poterimus
577 2085 726 2138 omni
759 2100 881 2141 cum
931 2088 1216 2145 alacritate
1262 2090 1467 2147 Christi
1527 2096 1800 2162 passioni-

221 2175 326 2230 bus
359 2175 495 2230 eiiici
524 2176 864 2243 conformes,
895 2196 1128 2248 quarum
1188 2194 1375 2239 sancta
1428 2188 1795 2251 aeumiatiane.

223 2281 319 2336 per
350 2266 624 2323 ciiicacem
662 2270 770 2323 vim
795 2278 903 2325 tua!
939 2273 1159 2330 virtutis
1189 2272 1410 2338 eliicito,
1440 2277 1505 2331 ad
1540 2277 1590 2331 id
1626 2287 1683 2330 ut
1717 2278 1801 2333 in-

220 2361 463 2414 demnati
504 2364 905 2433 pertingamus,
940 2373 1105 2437 teque
1132 2367 1298 2438 digne
1343 2370 1797 2438 contemplemur,

219 2461 275 2504 et
305 2458 676 2509 summa'cum
708 2455 1094 2512 observatione
1155 2460 1425 2525 colamus,
1459 2460 1803 2531 inexpugna-

222 2544 317 2598 bili
389 2553 659 2614 potestate
704 2546 927 2603 subnixi
974 2548 1114 2617 ejus,
1177 2549 1270 2619 qui
1312 2566 1410 2620 per
1459 2566 1519 2606 se
1569 2559 1800 2606 mortem

220 2639 399 2706 ipsam
464 2640 850 2705 mortiﬁcavit;
902 2641 1066 2694 simul
1111 2641 1276 2695 etiam
1323 2642 1522 2713 dignos
1562 2643 1798 2708 reddito,

1905 1935 2116 1986 σαντος,
2170 1921 2418 1993 ποίησον,
2477 1923 2713 1976 κατιδεῖν
2736 1922 2794 1975 δὲ
2821 1923 2941 1992 ἃμα
2982 1923 3076 1977 καὶ
3099 1921 3198 1993 τὴν
3227 1921 3478 1993 λαμπρο-

1903 2011 2068 2081 φόρον
2098 2013 2312 2084 ἡμέραν
2336 2014 2432 2066 καὶ
2462 2013 2774 2084 φαεσφόρον
2797 2013 2891 2067 τοῦ
2922 2014 3112 2083 Πάσχα
3146 2013 3265 2083 μεθ’
3285 2013 3477 2083 ἱλαρᾶς

1902 2102 2243 2174 εὐφροσύνης
2300 2103 2551 2170 ἀξίωσον,
2608 2106 2688 2167 εἰς
2737 2103 3035 2176 ἀρραϐῶνα
3060 2102 3161 2174 μὲν
3188 2102 3284 2156 τοῦ
3318 2105 3480 2156 ἐκτυ-

1902 2194 2149 2263 πωτέρου
2188 2211 2244 2246 τε
2275 2196 2368 2247 καὶ
2407 2195 2778 2264 ἁληθεστέρου
2810 2195 3022 2264 Πάσχα,
3064 2195 3144 2256 είς
3179 2193 3479 2248 ἀπόλαυσιν

1903 2283 2002 2354 μὲν
2029 2284 2140 2339 τῶν
2159 2284 2392 2338 αίωνίων
2422 2285 2648 2338 ἐκείνων
2680 2278 3011 2352 ἁγαθῶν,ὧν
3036 2284 3249 2351 γένοιτο
3267 2284 3475 2348 πάντας

1897 2374 2045 2444 ἡμᾶς
2081 2377 2375 2445 μετασχεῖν
2417 2376 2600 2446 χάριτι
2645 2375 2739 2429 καὶ
2790 2374 3174 2447 φιλανθρωπίᾳ.
3223 2375 3317 2428 τοῦ
3367 2376 3480 2428 Κυ-

1899 2465 2016 2535 ρίου
2068 2466 2227 2536 ὴμῶν
2298 2467 2472 2537 Ἰησοῦ
2531 2466 2811 2538 Χριστοῦ,
2875 2467 2995 2537 μεθ’
3045 2459 3108 2520 οὗ
3167 2466 3248 2537 τῷ
3302 2467 3479 2530 Havet

1898 2553 2048 2619 δόξα,
2095 2557 2213 2624 ἅμα
2255 2559 2350 2610 καὶ
2395 2556 2475 2627 τῷ
2521 2558 2662 2627 ἁγίῳ
2717 2557 2883 2613 αὐτοῦ
2934 2558 3209 2626 [Ινεύματι
3236 2557 3332 2611 νῦν
3385 2559 3481 2611 καὶ

1897 2646 1985 2698 ἀεὶ
2021 2647 2101 2708 εἰς
2127 2647 2253 2710 τοὺς
2284 2646 2489 2710 αἰῶνας
2527 2648 2635 2700 τῶν
2663 2646 2897 2701 αἰώνων.
2926 2648 3125 2717 Ἀμήν.

223 2736 317 2802 qui
356 2736 606 2790 hilariter
635 2750 700 2790 ac
730 2734 925 2791 festive
957 2743 1271 2805 spectemus
1325 2734 1605 2789 luciﬁuum
1642 2735 1809 2803 diem,
1847 2739 2229 2807 praelucidum,
2290 2740 2536 2809 inquam,
2565 2738 2707 2794 diem
2773 2740 3016 2804 Pasclne,
3079 2740 3131 2795 id
3190 2739 3337 2808 quod
3395 2739 3479 2809 pie

224 2829 589 2885 observamus
635 2828 689 2885 in
757 2827 981 2882 arrham
1045 2827 1266 2898 quidem
1327 2827 1691 2896 expressior-is
1751 2842 1816 2883 ac
1852 2828 2085 2885 verioris
2113 2828 2360 2894 Paschae,
2386 2830 2440 2884 in
2474 2838 2660 2899 typum
2718 2844 2852 2884 vero
2898 2838 3168 2884 secutura:
3205 2829 3483 2885 lruitionis

222 2936 283 2974 ac
313 2920 583 2990 participii
633 2934 847 2985 eorum,
891 2934 1014 2989 qua:
1060 2919 1300 2989 reposita
1332 2926 1460 2973 sunt
1539 2919 1718 2983 nobis,
1775 2927 1829 2974 et
1868 2930 2140 2975 aeternum
2175 2920 2469 2986 duratura,
2515 2921 2807 2984 bonorum,
2834 2934 3068 2990 quorum
3104 2935 3295 2976 omnes
3381 2937 3481 2975 nos

221 3013 504 3080 Contingat
532 3026 818 3067 consortes
865 3011 979 3066 ﬁeri
1016 3011 1191 3080 gratia
1248 3016 1303 3064 et
1339 3010 1595 3089 clementi
1643 3024 1770 3080 erga
1824 3025 1925 3065 nos
1954 3009 2288 3081 benignitate
2341 3009 2553 3064 Domini
2608 3010 2782 3064 nostri
2831 3009 2958 3065 Jesu
2986 3050 3001 3076 ,
3050 3024 3287 3080 quocum
3334 3008 3480 3068 Patri

221 3103 396 3173 gloria
430 3118 534 3156 una
572 3117 696 3158 cum
728 3114 916 3156 sancto
944 3100 1120 3175 ipsius
1152 3100 1357 3173 Spiritu
1392 3115 1536 3154 nunc
1574 3108 1627 3155 et
1660 3116 1896 3173 semper,
1929 3110 1982 3156 et
2014 3101 2067 3156 in
2093 3102 2292 3157 smcula
2321 3101 2669 3157 saeculorum.
2703 3099 2899 3155 Amen.

965 3317 1063 3375 VI.

224 3472 511 3542 Sophronii
542 3469 1035 3542 Hierosolymorum
1073 3469 1323 3537 episcopi,
1354 3477 1661 3523 sanctorum
1700 3471 1803 3522 Ar-

298 3539 694 3611 rhangelorum,
722 3549 771 3592 et
808 3539 1148 3611 Ληθαίου-ψη,
1180 3548 1601 3610 cwterarumque
1627 3556 1730 3594 coeo

295 3608 502 3667 lcstt'tim
552 3610 818 3664 Virtutum
852 3608 1163 3663 Encomion.

222 3745 520 3813 Interprete
547 3740 818 3813 Theodoro
867 3715 1487 3813 Palmum-7760113“.
1541 3740 1799 3799 Biblioth.

685 3811 1008 3868 Concionat.
1041 3810 1180 3877 Vili,
1222 3811 1352 3876 226_

296 3953 345 4009 Ο
386 3952 558 4008 divini
617 3951 972 4021 materiaeque
1022 3957 1279 4021 expertes
1338 3949 1429 4003 Dei
1485 3948 1799 4006 exercitus!

223 4063 257 4098 ο
316 4054 497 4099 tuente
573 4044 900 4111 rationeque
958 4042 1200 4112 praedita:
1259 4040 1666 4109 intelligentiae!
1737 4041 1806 4095 At

224 4144 443 4203 praastat
473 4132 765 4203 gradatim,
798 4131 1161 4188 et'exoordine
1192 4146 1292 4185 vos
1330 4130 1654 4201 praedicare,
1690 4145 1806 4184 ma-

224 4225 585 4293 gniﬁcare,ot
613 4221 889 4277 invocare.
933 4219 979 4276 Ο
1026 4219 1331 4289 Seraphim,
1368 4235 1491 4289 qua:
1539 4234 1635 4277 sex
1703 4220 1806 4275 alis

226 4323 511 4378 exornata,
539 4315 706 4382 inque
732 4314 905 4383 prima
962 4311 1269 4367 cmlestium
1298 4311 1641 4367 exercituum
1689 4311 1809 4371 acie

226 4406 518 4470 collocata,
558 4415 743 4460 vestro
774 4403 971 4459 ardore
998 4410 1226 4459 caeteros
1279 4418 1471 4458 omnes
1491 4402 1805 4460 incentlilis.

226 4492 341 4549 Vos
371 4494 531 4558 estis,
571 4508 691 4563 quae
717 4500 940 4563 propter
992 4494 1378 4548 inconcussam
1424 4493 1806 4558 stabilitatem,

226 4602 619 4657 corporumque
670 4586 1042 4642 coucretionis
1112 4586 1469 4651 vacuitatem,
1557 4593 1674 4639 tum
1737 4586 1809 4645 ob

1835 3330 1877 3386 ο
1915 3306 2018 3358 bus
2074 3306 2459 3377 designemini,
2523 3309 2795 3374 inter-nos,
2846 3308 3096 3373 obsecro,
3127 3306 3323 3364 animae
3354 3324 3487 3366 mea

1909 3406 2187 3457 accessus,
2219 3408 2248 3447 a
2297 3395 2556 3450 vitiorum
2585 3397 2844 3454 sordibus
2875 3400 3113 3468 expiate,
3154 3398 3485 3472 spinosaque

1908 3482 2139 3536 materia
2172 3478 2295 3552 quae
2330 3482 2507 3539 eidem
2535 3484 2800 3552 colueret,
2849 3486 3074 3542 incensa
3157 3488 3481 3558 absumpta-

1902 3589 2031 3643 que,
2064 3573 2315 3629 divinum
2344 3591 2653 3632 sermonem
2686 3579 2902 3648 pectori
2953 3594 3074 3634 meo
3127 3580 3388 3649 inserite;
3418 3597 3484 3637 ac

1903 3662 2089 3719 cordis
2128 3665 2233 3719 mei
2265 3666 2510 3720 tenebris
2559 3667 2775 3736 penitus
2823 3667 3123 3725 eliminatis
3185 3670 3487 3728 discussis.

1907 3770 2033 3825 que,
2065 3756 2289 3812 intimos
2317 3758 2517 3813 mentis
2542 3773 2676 3814 mea:
2706 3773 2906 3814 sensus
2933 3760 3256 3817 illuminate.

1980 3845 2025 3902 Ο
2052 3862 2167 3913 vos,
2192 3847 2506 3914 Cherubim,
2530 3849 2705 3903 oculis
2757 3850 2917 3920 plena
2958 3859 3013 3905 et
3064 3850 3484 3916 quadrifortnia,

1910 3955 2035 4011 qua:
2067 3940 2301 3996 internis
2320 3940 2531 3996 viribus
2562 3939 2751 3995 forma:
2785 3948 2985 3994 vestrae
3015 3941 3287 4012 cognatis,
3318 3958 3488 4014 appo-

1909 4033 2126 4102 sitaque
2191 4032 2547 4102 proportione
2604 4031 3088 4101 respondentibus,
3146 4032 3199 4088 vi
3257 4034 3487 4088 ratioci-

1908 4133 2074 4185 hante
2098 4124 2380 4188 nimirum,
2407 4130 2457 4177 ct
2491 4123 2759 4179 irascente
2788 4137 2803 4175 :
2836 4121 3155 4177 fortitudine
3172 4138 3414 4193 rursum,
3432 4133 3489 4179 et

1913 4213 2122 4273 caelesti
2190 4211 2546 4277 celsitudine,
2577 4212 2756 4282 ample
2809 4211 3202 4282 magniﬁcoque
3246 4213 3484 4277 exculta,

1907 4306 2166 4377 omnique
2193 4305 2455 4375 sapientia
2489 4306 2642 4376 plena
2674 4304 2811 4360 estis
2840 4303 3047 4375 (quare
3090 4305 3254 4359 etiam
3298 4304 3491 4376 cogni-

1910 4399 2075 4454 tionis
2126 4397 2301 4452 fontes
2354 4404 2408 4451 et
2459 4396 2823 4465 scaturigines
2874 4394 3283 4465 appellamini),
3314 4397 3488 4451 divini

1913 4490 2063 4546 verbi
2094 4488 2412 4560 cognitione
2437 4503 2521 4542 me
2552 4488 2815 4557 expolite,
2846 4485 3038 4556 itaque
3090 4495 3283 4543 contra
3328 4495 3513 4543 νοω-κ

1916 4597 2027 4635 rem
2062 4589 2370 4651 serpentem
2401 4579 2701 4642 incendite.
2729 4586 2785 4634 et
2814 4594 2846 4637 θ
2874 4586 3019 4635 terra
3044 4577 3101 4632 in
3134 4579 3369 4635 sublime
3391 4594 3489 4650 po-

226 4679 587 4734 tvtcrnitatem
620 4679 777 4735 vobis
798 4678 1284 4743 communicatam,
1329 4678 1808 4748 cognoscendique
1834 4674 1890 4735 D
1917 4681 2094 4727 tenter
2125 4672 2357 4727 evehite.

174 4770 177 4775 ’
226 4780 281 4826 et
315 4768 692 4825 inﬂammandi
741 4771 1019 4836 virtutem,
1050 4784 1369 4839 expressum
1398 4769 1673 4839 quoddam
1726 4771 1807 4825 di-

226 4863 369 4918 vina:
400 4861 777 4917 similitudinis
804 4859 1159 4917 simulacrum
1190 4874 1298 4928 pra
1327 4858 1480 4914 vobis
1504 4859 1659 4913 fertis
1680 4874 1808 4925 ;vos

228 4952 561 5011 secundaria
620 4953 850 5019 Iumina,
920 4952 1272 5007 'emanatione
1322 4950 1482 5019 plane
1540 4949 1718 5013 beata,
1778 4965 1809 5007 ο

226 5047 404 5116 prima
440 5046 559 5101 luce
597 5044 951 5116 prodeuntia,
984 5050 1129 5097 recte
1153 5040 1530 5110 appellamini,
1584 5048 1645 5094 ut
1684 5054 1810 5108 qua!

230 5139 560 5193 immensum
614 5135 1000 5203 inﬁnitumque
1026 5130 1156 5188 trini
1219 5131 1479 5205 ttniciqne
1529 5130 1810 5201 principa-

230 5240 322 5291 tus
357 5229 527 5295 illius,
561 5226 809 5283 numeris
843 5223 1103 5280 omnibus
1134 5223 1397 5290 absoluti,
1437 5222 1808 5293 splendorem,

233 5332 498 5394 quantum
553 5324 638 5380 fas
682 5331 792 5387 est,
845 5321 987 5379 citra
1014 5321 1184 5375 ullum
1228 5320 1466 5374 medium
1496 5318 1808 5389 excipiatis,

232 5429 634 5488 exceptumque
673 5415 893 5472 caeteris
962 5414 1241 5471 mentibus
1312 5420 1366 5469 et
1434 5412 1819 5483 iutclligenliis

232 5524 580 5565 communem
600 5507 979 5567 faciatislium
1002 5520 1241 5577 vosergo
1258 5504 1328 5558 ob
1351 5503 1676 5560 incendendi
1723 5519 1813 5558 εις

236 5602 538 5672 ιὶίιιὶιιὶιιιια
568 5602 702 5668 vim,
729 5616 837 5670 qua
863 5599 1102 5669 polletis,
1136 5613 1355 5667 quaque
1396 5611 1614 5657 Olilttﬂtn
1647 5595 1809 5649 mali-

233 5695 366 5755 tiam
419 5707 751 5761 omnemque
784 5690 1082 5746 foeditatem
1135 5691 1429 5744 absumere
1481 5694 1537 5742 et
1594 5685 1817 5756 expiare

234 5785 627 5851 mum-istis,
676 5784 1028 5847 incensonnn
1078 5788 1133 5836 et
1166 5776 1525 5841 calfactormn
1560 5774 1819 5853 nomini-

999 5892 1079 5903 ~-

1985 4762 2029 4819 0
2069 4762 2276 4818 Throni
2303 4761 2506 4819 ardore
2560 4760 2783 4821 accensi
2812 4768 2867 4814 et
2902 4759 3194 4825 inaccessi,
3241 4761 3334 4829 qui
3390 4759 3490 4817 Dei

1914 4855 2045 4925 Opt.
2074 4854 2300 4911 Maximi
2350 4852 2529 4914 sedes,
2588 4849 2926 4915 vehiculum,
2974 4856 3030 4903 et
3085 4850 3305 4917 requies
3355 4849 3489 4904 estis

1914 4944 2386 5016 omniquehumili
2447 4943 2768 5013 abjectaque
2832 4940 3101 4996 servitute
3125 4940 3487 5009 superiores:

1918 5047 2108 5108 utpote
2143 5051 2419 5093 summum
2468 5036 2621 5088 illum
2671 5033 2916 5087 omnium
2955 5045 3138 5099 regem
3196 5032 3337 5087 inter
3390 5046 3495 5087 vos

1917 5129 2207 5199 eouiplexi,
2240 5142 2328 5181 me
2355 5128 2425 5181 ab
2448 5125 2597 5180 omni
2635 5122 2826 5178 fraude
2878 5132 2933 5183 et
2961 5120 3304 5181 exsecranda
3326 5136 3495 5190 opere

1918 5223 2167 5287 liberate,
2219 5219 2423 5290 Deique
2452 5217 2630 5290 gloria
2686 5222 2741 5271 et
2774 5212 3063 5284 majestate
3094 5211 3319 5283 dignum
3378 5210 3494 5267 etii-

1918 5314 2045 5370 cite.

1994 5403 2039 5459 0
2072 5400 2401 5458 veneranda
2430 5396 2867 5462 Dominationes,
2896 5395 3001 5450 hoc
3034 5391 3274 5449 nominis
3300 5406 3365 5448 ea
3425 5389 3496 5449 de

1921 5511 2088 5565 causa
2119 5495 2346 5558 sort‘tze,
2378 5489 2527 5561 quod
2575 5488 2820 5543 divinam
2870 5487 3256 5543 auctoritatem
3307 5493 3494 5539 vestro

1922 5601 2149 5643 munere
2174 5583 2519 5655 exprimatis,
2567 5579 2985 5648 calestiumque
3042 5576 3311 5632 bonorum
3336 5590 3494 5641 com-

1924 5678 2350 5736 municationem
2389 5690 2516 5731 vere
2562 5671 2894 5742 proprieque
2928 5670 3069 5727 citra
3109 5669 3279 5723 ullum
3335 5682 3492 5735 pror-

1930 5789 2027 5832 sus
2081 5770 2531 5843 impedimentum
2583 5763 2870 5836 excipiatis
2915 5781 2928 5819 :
2977 5762 3178 5821 donate
3223 5759 3358 5818 mihi
3412 5766 3495 5831 ut,
