4022 6206
512 5856 536 5878 Ι

519 310 662 376 3317

1231 304 1513 368 ORATIO
1536 303 1638 368 VI.
1668 329 1730 341 -
1767 304 1866 366 DE
1896 306 2001 369 SS.
2034 308 2364 373 ANGELIS
2394 313 2488 373 ΕΤ
2516 314 3070 377 ARCHANGELIS.
3150 315 3154 319 ’

3635 310 3777 376 3318

525 425 696 480 uniuni
728 421 1262 492 perturbationibus.
1298 440 1418 494 qua-
1447 430 1682 477 mentem
1712 433 2098 491 cert-utnpunt,
2129 427 2180 487 Α
2204 427 2408 496 degunt
2439 429 2491 482 in
2520 436 2795 484 momento
2825 429 2925 499 ('2),
2957 436 3011 483 et
3051 426 3209 497 quasi
3244 429 3294 480 in
3330 426 3441 479 ictu
3465 426 3607 479 oculi
3632 443 3782 480 ριιιυ.

525 517 823 587 Imperare,
857 512 1236 583 daemonisque
1269 514 1510 578 insidiis,
1552 527 1674 582 qua:
1702 512 1944 567 animum
1972 528 2099 584 gra-

526 606 670 661 viter
706 605 910 660 laedunt
941 619 1117 675 usque
1142 598 1211 659 ad
1244 605 1502 660 ultimum
1532 605 1655 659 vita:
1684 603 1941 672 spiritum
2002 604 2107 660 do-

526 696 728 753 minari
753 711 978 766 queam.

598 787 643 844 0
667 789 996 853 Potestates,
1023 802 1145 858 qua
1173 787 1595 859 appellationem
1621 787 1891 845 functioni
1915 794 2109 842 vestrae

526 893 959 936 consentaneam
991 892 1327 944 consecutae,
1365 882 1518 937 nulla
1558 897 1794 952 prorsus
1841 881 2111 937 servitute

527 972 721 1029 valetis
767 974 964 1042 premi,
1003 975 1158 1029 nullo
1181 973 1404 1028 turbine
1432 974 1703 1029 concuti:
1760 987 1993 1044 quasque
2043 971 2111 1027 ab

528 1065 625 1120 illo
672 1066 791 1121 solo
837 1066 1170 1136 principatu,
1205 1080 1372 1138 aquo
1430 1068 1611 1123 omnis
1652 1057 1916 1138 potestas
1969 1068 2109 1132 ﬁuit,

528 1160 855 1225 potestatem
879 1166 932 1211 et
993 1157 1308 1212 ﬁrmitatem
1362 1166 1543 1213 nacta:
1595 1163 1785 1215 estis:
1832 1158 2112 1230 impertia-

533 1248 666 1301 mini
699 1247 832 1301 mihi
863 1254 1194 1314 potestatem
1272 1258 1466 1305 contra
1527 1252 1890 1321 aspcctahiles
1945 1258 1999 1305 ct
2031 1250 2114 1305 in-

534 1335 896 1404 aspectahiles
930 1335 1140 1398 hostes,
1169 1336 1263 1405 qui
1295 1345 1486 1390 contra
1522 1341 1759 1392 animam
1808 1352 1981 1392 meam
2030 1339 2114 1393 in-

533 1434 789 1496 surgunt,
827 1439 1174 1498 mentemque
1194 1442 1370 1483 meam
1400 1433 1455 1482 in
1477 1429 1844 1499 captivitatem
1870 1430 2116 1498 redigere

533 1516 892 1582 contendunt,
920 1525 974 1571 et
997 1534 1232 1590 gressus
1258 1535 1430 1586 meos,
1467 1537 1538 1575 ne
1580 1521 1888 1578 secundum
1940 1522 2107 1577 Deum

535 1607 865 1677 dirigantur,
885 1619 1134 1665 evertere
1162 1611 1436 1666 nituntur.

602 1698 915 1755 Oimmota:
969 1702 1336 1771 masculreque
1386 1702 1665 1770 Virtutes,
1716 1719 1838 1775 quae
1894 1711 2115 1774 propter

535 1790 703 1845 animi
753 1791 925 1846 robur
955 1800 1010 1848 et
1071 1769 1456 1849 fortitudinem
1495 1769 1869 1867 invictamque
1895 1769 2113 1850 vvir—ium
2146 1769 2187 1824 Β

535 1882 930 1950 praestantiam,
962 1881 1204 1937 divinam
1236 1884 1537 1952 potentiam
1582 1896 1636 1941 et
1667 1885 1777 1940 vim
1817 1885 2114 1941 adumbra-

535 1972 653 2039 tis;
691 1988 776 2029 me
808 1973 1044 2030 debilem
1077 1989 1141 2031 ac
1168 1974 1445 2030 inﬁrmum
1469 1975 1656 2031 divino
1685 1978 1881 2033 robore
1903 1986 1959 2033 et
2006 1978 2115 2053 lor-

537 2063 772 2120 titudine
800 2065 1242 2137 circumcingite,
1283 2076 1339 2122 et
1367 2083 1476 2137 quo
1531 2070 1808 2139 spiritales
1858 2070 1979 2124 illos
2013 2085 2114 2125 an-

538 2170 693 2224 gues,
717 2164 771 2211 et
793 2157 1047 2226 scorpios
1070 2159 1306 2214 viriliter
1362 2161 1675 2230 prouulsem
1709 2170 2115 2232 proteramque,

539 2246 796 2301 idoneum
830 2248 1065 2303 reddite.

612 2340 657 2394 0
681 2338 824 2393 ﬂecti
855 2340 1176 2416 moverique
1208 2342 1383 2397 nescii
1447 2341 1822 2413 Principatus,
1851 2343 1942 2415 qui
1975 2339 2120 2398 a'di-

540 2433 673 2487 vino
699 2433 1012 2504 principatu
1046 2437 1229 2492 omnis
1261 2437 1517 2507 principii
1558 2445 1802 2507 experte,
1825 2439 2121 2507 omnisque

542 2525 888 2597 principatus
917 2534 1164 2590 auctore,
1188 2536 1242 2583 et
1277 2544 1502 2593 nomen,
1541 2535 1596 2583 et
1620 2529 1941 2599 dignitatem
1965 2529 2121 2599 prin-

543 2617 763 2685 cipatus
800 2619 943 2671 citra
967 2622 1403 2674 controversiam
1432 2620 1748 2690 accepistis.
1780 2621 1986 2690 quique
2015 2629 2123 2675 ter-

545 2709 624 2764 tio
655 2709 979 2778 angelorum
1010 2710 1187 2765 choro
1222 2712 1431 2782 praelati
1463 2714 1624 2775 estis,
1663 2712 1755 2767 ﬁdi
1802 2712 1989 2768 adeste
2019 2732 2033 2769 :
2069 2724 2122 2770 et

544 2815 655 2869 quo
689 2801 754 2855 de
783 2785 1165 2857 infirmissimis
1205 2803 1457 2860 hostibus
1501 2804 1861 2874 triumphem,
1894 2803 2121 2859 iisdem-

545 2907 653 2959 que
677 2891 742 2945 ad
770 2891 931 2947 ﬁnem
981 2909 1158 2963 usque
1208 2894 1579 2964 imperterrite
1629 2905 1684 2951 et
1716 2896 1836 2952 sine
1900 2890 2136 2952 vulnero'

548 2982 823 3045 resistam,
865 2982 1111 3039 sedulam
1139 3001 1364 3057 operam
1396 2998 1612 3044 navate.

2210 522 2444 581 rientur,
2478 521 2775 589 statimque
2823 519 3302 581 immolabantur;
3333 515 3555 588 quando
3628 530 3783 579 mare

2209 620 2263 664 et
2290 611 2539 677 ﬁumina,
2571 620 2624 667 et
2670 613 2918 667 infernus
2954 613 3159 683 ingenti
3198 611 3630 682 impendentium
3664 625 3782 665 ma-

2210 707 2387 762 lorum
2421 703 2714 759 formidine
2747 712 3008 774 metuque
3040 718 3335 768 concussa,
3369 717 3511 772 quos
3565 703 3784 758 detine-

2210 794 2365 858 bant,
2422 802 2669 850 mortuos
2722 795 3018 857 emittent;
3078 794 3302 865 quando
3346 793 3485 862 justi
3538 795 3785 863 quidem,

2212 886 2358 941 aeris
2397 885 2638 940 nubibus
2692 884 2964 950 subvecti,
3015 885 3232 939 obviam
3283 884 3504 940 Christo
3556 884 3788 940 Domino

2214 976 2520 1047 rapientur,
2568 978 2622 1031 in
2650 990 2865 1032 omnem
2896 977 3263 1032 aeternitatem
3324 978 3493 1032 vitam
3539 993 3663 1033 cum
3722 992 3789 1032 co

2214 1074 2389 1129 acturi
2413 1090 2427 1137 ;
2459 1085 2777 1144 peccatores
2803 1080 2985 1127 autem
3009 1070 3077 1127 ad
3104 1072 3397 1141 supplicia,
3426 1086 3551 1142 qua:
3583 1072 3637 1125 in
3668 1072 3789 1128 illos

2214 1164 2519 1220 constituta
2553 1173 2705 1230 sunt,
2765 1163 3254 1228 amandabuntur;
3298 1164 3517 1232 quando
3569 1165 3787 1218 tandem

2214 1255 2396 1310 tunn'ra
2436 1255 2526 1309 illa
2563 1254 2939 1316 admirabilia,
2971 1271 3092 1324 qua:
3125 1262 3523 1321 exspectantur
3550 1269 3647 1321 per
3696 1268 3789 1308 so-

2216 1348 2388 1399 nitum
2422 1361 2581 1412 quem
2624 1344 2853 1400 daturus
2884 1360 2966 1409 es,
3018 1344 3590 1410 consummabttntur;
3634 1353 3788 1407 tunc,

2214 1451 2246 1487 υ
2278 1448 2467 1497 sancte
2501 1435 2902 1504 archisatrapa,
2928 1435 3235 1490 errantium
3263 1435 3479 1498 ductor,
3507 1434 3790 1504 prolapso-

2218 1540 2338 1579 rum
2371 1525 2662 1590 excitator,
2699 1525 3004 1579 animorum
3063 1534 3455 1594 propugnator,
3492 1539 3788 1594 corporum

2216 1623 2594 1681 conservator,
2622 1615 2928 1670 daemonum
2958 1615 3372 1680 exterminator,
3417 1614 3795 1683 universaque

2216 1706 2858 1773 creaturaa'illustrator;
2904 1714 3057 1769 tunc,
3083 1704 3318 1759 obsecro
3347 1712 3427 1771 te,
3467 1713 3597 1759 tunc
3653 1705 3793 1758 ﬁdus

2218 1812 2401 1854 causa:
2430 1811 2564 1851 mea!
2602 1804 2871 1866 patronus
2896 1796 3089 1851 adesse
3116 1811 3185 1850 ne
3210 1810 3459 1865 gravere.
3490 1796 3537 1849 0
3563 1795 3795 1850 sanctis-

2219 1888 2355 1944 sime
2388 1885 2642 1953 Michael,
2674 1886 2767 1957 qui
2804 1886 3063 1957 populum
3093 1886 3456 1942 lsraelitieum
3492 1887 3585 1942 Dei
3639 1903 3799 1940 man-

2217 1980 2346 2035 dato
2394 1995 2491 2049 per
2528 1994 2678 2033 mare
2732 1979 3049 2047 trajectum,
3096 1978 3149 2032 in
3206 1986 3352 2032 terra
3415 1978 3800 2049 promissionis

2219 2070 2579 2131 constituisti.
2619 2078 2672 2124 et
2703 2066 2895 2124 Jesum
2929 2068 3081 2124 Nave
3103 2079 3301 2123 contra
3325 2071 3676 2125 adversarios
3705 2085 3796 2122 ar-

2220 2162 2406 2223 masti,
2440 2168 2491 2216 et
2538 2159 2707 2230 Moysi
2737 2159 3153 2214 tabernaculum
3179 2175 3207 2213 a
3243 2159 3597 2229 sanguinario
3642 2161 3801 2214 hoste

2219 2254 2488 2316 liberasti,
2513 2261 2566 2306 et
2598 2251 2895 2305 multorum
2935 2251 3166 2305 aliorum
3207 2262 3529 2306 sanctorum
3586 2250 3799 2307 animas

2220 2340 2569 2401 illuminasti,
2613 2355 2766 2393 meos
2794 2353 3016 2409 quoque
3041 2339 3291 2394 internus
3331 2354 3531 2395 sensus
3560 2339 3796 2399 illustra,

2222 2433 2609 2502 interitumque
2642 2433 2842 2486 animae
2869 2447 3003 2487 meae
3025 2432 3249 2486 oculum
3280 2433 3527 2486 illumina
3554 2448 3570 2496 ;
3604 2440 3660 2487 et
3703 2449 3801 2485 cer

2225 2539 2427 2587 nicum,
2460 2523 2585 2578 vita‘
2610 2522 2778 2592 hujus
2806 2522 3063 2578 fluctibus
3091 2523 3378 2593 agitatum,
3407 2524 3674 2579 conﬁrma
3697 2542 3712 2590 ;
3745 2532 3800 2577 ct

2225 2624 2461 2670 mentem
2489 2630 2666 2669 meam
2697 2613 2763 2669 ad
2795 2624 3014 2669 terrena
3065 2615 3404 2681 inclinatam,
3457 2631 3681 2671 sursum
3732 2618 3799 2668 aut

2228 2709 2506 2763 caelestem
2538 2706 2881 2777 prudentiam
2915 2705 3140 2761 subleva
3166 2722 3181 2772 ;
3207 2714 3262 2762 et
3293 2707 3557 2763 remissas
3605 2723 3807 2761 nutans

2226 2813 2396 2860 meas,
2442 2805 2635 2851 contra
2679 2795 2824 2851 bello
2857 2804 3111 2851 assuetos
3167 2795 3351 2852 hostes
3387 2795 3691 2862 conﬁrma;
3746 2804 3806 2847 rt

2225 2897 2504 2944 emortuos
2533 2887 2698 2956 pedes
2729 2901 2902 2952 meos,
2945 2900 3012 2941 ne
3053 2885 3331 2949 semitam,
3365 2900 3487 2955 quae
3519 2885 3587 2939 ad
3633 2886 3806 2941 caelos

2227 2980 2399 3047 ducit,
2445 2978 2724 3045 deserant,
2773 2978 3069 3033 corrobora
3113 2994 3129 3044 ;
3179 2985 3234 3033 et
3291 2978 3559 3033 cervicem
3625 2993 3804 3033 meum

618 3070 664 3126 0
691 3083 774 3125 ter
808 3076 1185 3142 sanctissime,
1220 3091 1550 3147 summeque
1574 3077 1828 3144 amando,
1864 3086 1918 3133 et
1957 3093 2121 3133 vene-
2152 3114 2194 3173 Ο
2230 3074 2480 3144 peccatis
2509 3083 2762 3127 onustam
2793 3071 3050 3142 subrige;
3084 3082 3138 3125 et
3168 3070 3458 3125 cicatrices
3487 3086 3662 3135 meas,
3685 3086 3808 3138 quae

549 3162 723 3217 rande
744 3178 915 3219 sacrae
948 3164 1155 3220 militias
1200 3166 1478 3237 princeps,
1532 3174 1588 3223 et
1648 3167 1971 3224 administer
2022 3169 2124 3224 Mi-

547 3254 724 3317 chael,
790 3255 1106 3324 angelorum
1178 3258 1488 3329 coryphtee,
1536 3259 1685 3312 ornui
1743 3262 1892 3313 cultu
1950 3261 2127 3315 omni-

548 3361 655 3415 que
687 3345 847 3401 laude
868 3353 926 3401 et
977 3346 1349 3403 celebratione
1381 3348 1743 3418 dignissime;
1792 3351 1883 3419 qui
1911 3347 2125 3405 Judairi

549 3436 735 3506 populi
762 3436 961 3492 ductor
990 3439 1268 3508 quondam
1320 3439 1605 3504 exstitisti,
1644 3439 1860 3510 ipsique
1906 3443 2124 3510 planam

550 3526 618 3581 ad
643 3527 869 3580 meliora
924 3528 1201 3599 salutique
1232 3529 1498 3584 viciniora
1549 3528 1717 3592 viam,
1761 3544 1974 3583 summa
2023 3530 2126 3583 ﬁde

549 3617 861 3684 ostendisti,
895 3618 1098 3690 quique
1168 3619 1370 3690 ingenti
1438 3619 1529 3674 illa
1599 3619 2013 3690 horrendaque,
2063 3635 2128 3675 ac

551 3705 710 3777 longe
760 3709 977 3782 lateque
1007 3726 1104 3781 per
1137 3711 1320 3765 omnia
1347 3712 1589 3766 sonitum
1622 3720 1914 3781 spargente
1970 3712 2122 3779 tuba,

549 3798 681 3853 olim
707 3802 1089 3871 personiturus
1116 3818 1176 3858 es
1207 3822 1221 3857 :
1255 3802 1415 3871 cujus
1443 3802 1662 3872 quidem
1717 3802 1949 3858 terribili
1974 3804 2126 3857 clauo

551 3905 703 3961 gare,
731 3892 825 3962 qui
856 3907 884 3945 a
911 3895 1113 3948 saeculo
1144 3896 1341 3947 mortui
1378 3893 1618 3957 fuerant,
1645 3909 1709 3949 ex
1738 3894 1941 3948 abditis
1968 3902 2127 3949 terrae

558 3983 921 4051 receptaculis
953 3997 1280 4055 resurgent;
1314 3994 1369 4040 et
1399 3994 1545 4040 terra
1579 3985 1741 4039 veluti
1779 3984 1946 4039 funda
1981 3994 2126 4041 rota-

558 4082 635 4137 ta,
666 4092 698 4130 e
735 4074 1105 4132 fundamentis
1134 4078 1484 4142 movebitur;
1514 4086 1568 4133 et
1608 4077 1877 4131 elementa
1922 4077 2124 4131 dissolo

557 4174 757 4222 ventur
778 4209 795 4234 ,
822 4176 877 4222 et
909 4168 989 4222 sol
1016 4176 1138 4223 atro
1186 4169 1372 4223 colore
1426 4167 1812 4238 perfundetttr,
1843 4180 1897 4223 et
1926 4169 1979 4223 in
2008 4169 2126 4223 cili-

551 4257 662 4311 cini
691 4259 838 4312 sacci
870 4257 1090 4313 modum
1138 4258 1559 4325 obscurahitur;
1617 4269 1672 4315 et
1716 4261 1845 4315 luna
1899 4270 2009 4315 tota
2071 4261 2125 4315 in

551 4350 872 4416 sanguinem
904 4358 1301 4417 Convertetur;
1333 4358 1388 4405 et
1422 4351 1593 4405 stellae
1631 4349 1858 4421 perinde
1881 4365 1946 4404 ac
1973 4366 2130 4421 gros-

2229 3164 2654 3235 graveolentiam
2692 3164 2972 3229 exhalant,
3004 3165 3277 3234 planeque
3331 3172 3806 3234 computrescunt,

2230 3273 2401 3324 sana;
2438 3269 2492 3312 et
2521 3257 2834 3311 ardentium
2870 3252 3162 3311 libidinum
3218 3256 3805 3327 perturbationemque

2228 3345 2540 3399 incendium
2566 3344 2731 3409 sedat;
2763 3351 2818 3398 et
2848 3353 3077 3400 ca‘teras
3099 3345 3321 3399 tandem
3357 3344 3706 3398 miseriarum
3749 3351 3805 3395 et

2230 3434 2476 3488 laborum
2517 3448 2764 3488 meorum
2812 3433 3096 3490 molestias
3143 3448 3300 3489 cura.
3352 3434 3580 3497 lterum,
3638 3448 3698 3487 re
3752 3443 3807 3486 et

2229 3524 2449 3576 nomine
2484 3521 2734 3587 Michael,
2776 3530 2831 3578 te
2857 3538 2978 3587 oro,
3015 3533 3069 3579 et
3101 3533 3311 3594 quanto
3363 3539 3599 3594 possum
3637 3539 3805 3579 sensu

2228 3614 2493 3678 obtestor,
2524 3623 2582 3668 ut
2611 3628 2643 3669 e
2682 3615 2805 3669 vitre
2851 3615 3029 3685 hujus
3060 3616 3339 3671 curriculo
3368 3617 3607 3681 exituro,
3651 3614 3809 3669 larius

2227 3715 2571 3777 pacatusque
2592 3721 2879 3776 appareas,
2914 3723 3112 3777 meque
3139 3709 3243 3763 sub
3273 3707 3545 3762 honorato
3594 3708 3802 3760 alarum

2231 3807 2445 3853 tuarum
2512 3798 2779 3854 velamine
2848 3800 3155 3855 abscondas
3217 3809 3382 3870 atque
3433 3814 3502 3853 ex
3557 3799 3807 3869 angustis

2230 3888 2593 3958 obscurisque
2622 3888 2929 3943 inferorum
2961 3889 3094 3944 locis
3123 3897 3396 3959 ereptum,
3428 3888 3485 3942 in
3538 3888 3659 3943 loca
3717 3898 3803 3939 ta-

2228 3980 2514 4036 bernaculi
2574 3980 2919 4037 admirabilis
2968 3981 3300 4045 constituas,
3335 3978 3614 4035 deducens
3653 3996 3672 4030 ι
3713 3993 3805 4033 us-

2227 4090 2335 4145 que
2368 4073 2435 4129 ad
2474 4074 2698 4128 domum
2735 4072 2853 4141 Dei,
2888 4076 2943 4128 in
2970 4089 3106 4129 voce
3139 4071 3549 4138 cxsultationis,
3584 4078 3640 4126 et
3672 4084 3807 4125 cono
3870 4125 3881 4141 τ

2230 4165 2488 4221 fessionis
2519 4175 2572 4221 et
2599 4165 2719 4221 soni
2746 4165 2948 4221 festum
2983 4165 3380 4221 celebrantium
3408 4165 3448 4217 ³.
3489 4181 3511 4216 ι

3865 4158 3878 4227 l

2299 4258 2381 4312 Tu
2404 4273 2649 4329 quoque,
2684 4258 3031 4314 divinissime
3078 4258 3509 4329 angelorumque
3535 4263 3807 4326 prmstan-
3866 4232 3877 4288 Ῡ

2228 4350 2444 4405 tissime
2469 4349 2717 4414 Gabriel,
2747 4350 2839 4420 qui
2872 4350 3060 4405 mundi
3084 4367 3145 4407 es
3172 4351 3648 4421 exoptatissimus,
3672 4365 3810 4420 gau-

552 4456 648 4497 sus
677 4458 707 4496 e
732 4440 858 4505 ﬁcu,
893 4442 1022 4495 dum
1058 4442 1234 4496 valida
1263 4443 1315 4496 vi
1345 4444 1486 4498 venti
1519 4443 1819 4517 agitantur,
1851 4456 1881 4496 e
1903 4444 2045 4497 ccelo
2073 4444 2127 4497 in
2154 4468 2207 4528 D
2234 4444 2420 4513 diique
2450 4452 2506 4497 et
2564 4442 2766 4497 laetitia:
2807 4444 2966 4497 dator
3009 4443 3291 4513 optimus;
3341 4442 3437 4513 qui
3494 4441 3809 4497 divinorum

553 4543 753 4587 terram
787 4532 1077 4602 decidunt;
1109 4543 1164 4589 et
1188 4536 1479 4591 universus
1509 4549 1622 4601 aer,
1652 4535 1809 4606 quasi
1840 4536 1996 4590 tetris
2020 4550 2125 4589 nu-

552 4625 714 4682 bibus
727 4626 1022 4695 obductus,
1050 4628 1104 4682 in
1132 4635 1349 4683 noctem
1369 4636 1611 4683 vertetur
1635 4645 1650 4695 ;
1669 4636 1722 4683 et
1734 4629 1932 4684 crelum
1953 4628 2127 4683 instar

551 4718 675 4772 libri
696 4719 999 4774 involutum
1019 4736 1049 4776 e
1073 4720 1254 4776 medio
1280 4719 1547 4787 facesset;
1579 4728 1634 4775 et
1666 4735 1825 4775 mons
1846 4720 2048 4785 omnis,
2071 4729 2127 4774 et

550 4809 733 4874 vallis,
764 4819 819 4865 et
848 4810 1051 4869 insula.
1081 4820 1134 4865 et
1160 4811 1355 4865 civitas
1404 4827 1435 4865 e
1464 4810 1687 4867 sedibus
1737 4811 1854 4866 suis
1908 4824 2125 4866 emove-

552 4900 789 4966 buntur;
821 4910 875 4959 et
901 4911 1204 4972 magnates,
1225 4911 1280 4957 et
1307 4910 1577 4971 potentes,
1599 4908 1655 4956 et
1683 4901 1873 4967 duces,
1892 4911 1944 4956 et
1969 4911 2128 4956 terra

546 4990 785 5060 judices,
822 5002 875 5047 et
921 4994 1118 5062 reliqui
1152 4994 1339 5063 populi
1386 4992 1859 5057 bumiliabuntur;
1890 5002 1943 5047 et
1977 4992 2124 5063 quod

552 5081 1004 5150 gravissimorum
1035 5082 1316 5147 dolorum,
1355 5093 1408 5137 et
1442 5081 1765 5152 gemituum,
1795 5081 2124 5136 stridorum-

550 5188 658 5241 qne
682 5171 950 5235 dentium,
987 5187 1051 5228 ac
1071 5189 1235 5229 ontne
1267 5189 1439 5244 genus
1463 5174 1880 5244 suppliciorum,
1907 5180 2122 5242 tempus

548 5262 658 5333 jam
700 5264 894 5319 adesse
918 5273 1169 5331 eernent,
1205 5281 1315 5336 prae
1356 5267 1551 5322 timore
1589 5274 1643 5320 et
1667 5250 1895 5320 horrore
1929 5265 2125 5319 exani-

552 5354 870 5411 mabuntur.
904 5355 1137 5423 Quando
1168 5373 1301 5427 ergo
1330 5372 1545 5422 omnes,
1575 5358 1671 5428 qui
1703 5358 1756 5410 in
1784 5355 1922 5410 vivis
1944 5355 2125 5411 adhuc

552 5483 571 5516 ι
606 5464 747 5523 Psal.
795 5465 998 5532 ςινιβ.
1065 5469 1086 5499 ¹
1128 5468 1325 5523 Ezech.
1362 5486 1402 5534 ι,
1441 5469 1463 5522 1
1498 5484 1653 5541 seqq.
1731 5468 1752 5501 ⁸
1782 5466 1917 5522 Luc.
1955 5482 1994 5532 ι,
2028 5465 2117 5520 56.

2239 4549 2570 4589 arcanorum
2605 4535 2879 4604 interpres
2906 4551 2968 4590 es
3025 4535 3458 4600 scientissimus,
3514 4535 3812 4591 hortorum-

2225 4642 2331 4696 que
2352 4627 2598 4681 omnium
2631 4626 2958 4683 administer
3004 4637 3060 4685 et
3096 4636 3425 4698 procurator
3469 4627 3809 4698 primarius;

2225 4719 2316 4789 qui
2345 4734 2631 4774 sacrorum
2684 4721 2904 4774 tandem
2958 4720 3339 4776 ministrorum
3385 4719 3500 4773 dux
3551 4727 3606 4773 et
3656 4717 3810 4788 prin-

2226 4826 2356 4881 ceps
2399 4826 2459 4866 es
2494 4811 2966 4882 augustissimus;
3031 4814 3262 4883 agedum
3319 4820 3555 4866 mentem
3607 4821 3662 4866 et
3714 4824 3813 4863 cor

2233 4916 2416 4955 meum
2472 4901 2706 4964 instrue,
2739 4911 2789 4957 et
2820 4904 2884 4955 ad
2916 4902 3170 4957 universa
3210 4902 3301 4956 Dei
3336 4902 3545 4972 judicia
3574 4910 3628 4955 et
3652 4900 3812 4968 justi-

2232 4993 2519 5047 licat-iones
2546 4993 2743 5062 dirige.
2775 4992 2879 5058 Qui
2911 4992 3177 5048 Ezechieli
3218 4994 3246 5025 ⁸
3290 4993 3343 5047 in
3394 4992 3615 5047 Chobar
3642 4991 3811 5045 visio-

2230 5096 2354 5134 nem
2402 5081 2549 5135 illam
2604 5083 2766 5151 plane
2824 5082 3063 5141 divinam
3129 5081 3465 5150 patefccisti,
3503 5081 3810 5137 sterilitatis

2232 5187 2366 5227 mete
2390 5171 2564 5226 labem
2601 5173 2867 5229 dissolve.
2900 5172 3027 5250 .Qui
3085 5172 3443 5228 infecundum
3478 5183 3607 5226 ante
3638 5171 3811 5225 Elisa-

2230 5263 2415 5319 bethis
2448 5273 2663 5318 uterum
2692 5281 2722 5317 a
2755 5265 2997 5333 vinculo,
3033 5280 3144 5336 quo
3171 5265 3483 5328 tenebatur,
3556 5252 3650 5321 Dei
3689 5263 3812 5334 jus:-

2232 5355 2391 5421 sione
2422 5355 2637 5411 solvisti
2672 5355 2715 5422 ³,
2754 5355 3113 5428 eamdemque
3160 5357 3505 5412 fructuosam
3556 5354 3812 5420 cﬁ'ecisti,

2068 5575 2305 5639 ΝΟΤλΕ.

626 5674 706 5741 l2)
731 5672 851 5728 Vivi
889 5682 1128 5742 tempore
1154 5672 1343 5748 judicii
1377 5673 1431 5727 in
1467 5674 1585 5748 ipso
1616 5684 1774 5748 raptu
1814 5674 2117 5732 morientur
2157 5680 2212 5729 ct
2241 5671 2703 5728 immutabuntur.
2741 5671 2925 5742 Ahqut
2961 5679 3142 5729 tamen
3200 5673 3467 5741 sentiunt,
3529 5687 3636 5729 non
3683 5660 3823 5733 mon.

550 5746 779 5815 titulos,
812 5748 903 5803 sed
938 5755 1147 5802 tantum
1182 5747 1569 5804 immutandos.

3827 5760 3839 5807 ι
