4022 6206
1099 293 1159 353 s.
1182 289 1595 351 SOPHRONII
1626 289 2130 353 PATRIARCHE
2174 292 2584 354 HIEROSOL.
3363 298 3501 361 3:20

1119 409 1483 476 aliiietamque
1542 407 1816 471 animam,
1850 414 1894 468 Α
1994 406 2130 459 Cum
2167 406 2332 476 igitur
2366 407 2461 461 tali
2521 414 2780 477 tantaque
2820 407 2990 477 glouia
3053 410 3176 465 sitis
3226 420 3500 478 exornati,

1918 504 2105 564 totque
2140 498 2515 566 prterogativis
2564 498 2859 560 cumulati,
2893 500 3085 554 mei-ito
3138 511 3375 556 vestram
3410 505 3501 559 be-

1916 588 2236 656 nignitatem
2287 603 2420 656 rogo
2469 598 2522 643 et
2580 590 2834 654 obsecro,
2906 606 2940 646 ο
3020 593 3150 647 boni
3205 598 3498 665 omnisque

232 290 373 356 3319

234 429 410 467 meam
471 426 690 480 quoque
753 409 1023 465 infelicem

230 514 386 573 grata
414 502 649 572 quadam
683 508 987 565 venustate,
1023 498 1347 567 intentaque
1370 498 1579 561 laetitia,
1606 505 1659 553 et
1687 498 1804 552 luce

233 591 541 659 perfunde,
603 590 695 658 qui
779 587 1152 641 beatissimam
1212 585 1810 655 iuculpatissimamque

232 684 624 737 sacratissinue
660 681 1086 751 purissiuimque
1120 678 1362 733 Dominae
1397 686 1598 734 nostrae
1647 676 1811 732 Geni-

231 774 389 827 tricis
422 772 511 825 Dei
539 770 725 826 Maria)
750 771 1015 837 animam,
1057 770 1174 822 lazta
1218 769 1557 838 salutarique
1587 785 1773 823 annun
1793 797 1808 809 -

232 865 460 918 tiatione
485 864 693 933 ingenti
724 863 925 934 gaudio
958 862 1204 918 imbuisti
1235 863 1293 928 Ι’;
1351 862 1582 931 Evteque
1630 861 1805 917 tristi—

232 956 386 1015 tiam,
417 955 777 1022 ejusdemque
809 954 1038 1015 luctum,
1074 962 1237 1008 certae
1264 952 1461 1006 salutis
1511 952 1806 1021 sponsione

228 1045 285 1099 in
324 1045 565 1099 laetitiam
600 1042 1043 1106 transformasti;
1096 1043 1307 1113 paucis,
1339 1040 1433 1110 qui
1471 1040 1638 1095 totius
1658 1055 1808 1093 mun-

229 1140 281 1193 di
312 1154 605 1193 nimrorcm
640 1140 692 1192 in
726 1138 986 1208 gaudium
1017 1136 1361 1201 eonvertisti,
1415 1144 1678 1204 vesteque
1722 1134 1808 1187 lu-

227 1241 423 1285 ctuosa
456 1230 712 1294 discissa,
756 1243 950 1282 omnes
984 1227 1184 1282 laetitiae
1234 1227 1374 1280 stula
1432 1224 1699 1288 induisti;
1758 1234 1807 1279 te

225 1324 391 1376 etiam
429 1331 599 1392 atque
637 1322 823 1384 etiam,
855 1335 887 1373 ο
916 1319 1163 1381 Gabriel,
1197 1332 1336 1371 verre
1369 1316 1572 1371 laetitia:
1621 1314 1807 1368 conci-

227 1411 388 1465 liator
419 1420 475 1465 et
547 1411 729 1473 dator,
777 1424 910 1477 rogo
955 1408 1327 1474 obtestorque,
1378 1412 1438 1458 ut
1491 1419 1598 1467 me,
1654 1403 1805 1473 gravi

225 1504 553 1572 aegritudine
594 1517 869 1572 pressmn,
902 1501 1200 1557 clementer
1232 1500 1443 1562 visites,
1506 1477 1803 1565 divinaque

227 1598 427 1649 virtute
476 1605 642 1663 atque
679 1591 1222 1658 auimijucumiitate
1280 1588 1532 1657 impleas,
1587 1600 1799 1640 necnon

225 1706 254 1744 a
288 1688 571 1741 tormentis
605 1685 791 1748 Belial,
822 1681 1357 1752 aspectabiliumque
1399 1688 1453 1735 et
1486 1680 1798 1748 inaspecta-

1914 680 2142 734 niacnlae
2165 693 2416 736 exsortes
2454 682 2631 751 angeli
2695 692 2750 737 et
2799 685 3115 754 archangeli
3153 704 3166 739 :
3200 699 3422 753 vestrm,
3459 704 3492 743 ο

1911 770 2182 840 impolluti
2233 771 2478 839 spiritus,
2510 773 2935 842 magniﬁcentiae
2969 777 3241 844 supplico,
3269 793 3494 833 conser-

1910 877 2037 916 vare
2065 864 2228 916 vitam
2267 879 2441 917 meam
2470 863 2814 929 inoﬂ‘ensam,
2854 881 3005 934 spem
3040 867 3132 920 inii
3147 878 3350 931 actam,
3377 885 3494 921 nio-

1914 969 2000 1008 res
2030 954 2364 1023 inculpatos,
2396 955 2744 1010 dilectionem
2779 973 2907 1027 erga
2965 957 3137 1012 Deum
3186 969 3244 1013 et
3306 962 3493 1029 proxi-

1912 1059 2058 1096 mum
2096 1043 2390 1114 integram,
2442 1054 2495 1100 et
2547 1046 2617 1100 ab
2683 1048 2828 1101 omni
2883 1048 3184 1104 oﬂ'ensioue
3243 1053 3489 1108 liberam.

1908 1132 2070 1187 Manu
2100 1150 2203 1199 me,
2236 1153 2460 1223 qua-50,,
2481 1138 2667 1192 ducite
2697 1149 2751 1193 et
2800 1139 3076 1203 deducite,
3102 1150 3155 1196 et
3181 1142 3245 1195 ad
3271 1158 3487 1197 omnem

1909 1225 2204 1279 salutarem
2282 1225 2504 1296 Deoque
2563 1236 2846 1295 acceptam
2937 1229 3188 1284 semitam
3248 1232 3486 1300 dirigite.

1907 1312 2132 1376 lterum.
2172 1334 2201 1370 υ
2241 1316 2412 1370 divini
2468 1318 2721 1387 spiritus,
2756 1335 2854 1373 vos
2896 1329 3116 1390 rogatos
3165 1322 3488 1391 plurimum-

1907 1423 2014 1476 qnc
2063 1407 2369 1464 obtestatos
2401 1410 2589 1478 cupio,
2624 1411 2848 1480 quando
2879 1413 2933 1466 in
2971 1414 3167 1468 ultimo
3196 1418 3317 1468 vita:
3351 1430 3486 1470 mea:

1909 1500 2083 1564 hiatu,
2128 1514 2194 1554 ex
2226 1501 2371 1555 luteo
2399 1501 2502 1555 hoc
2536 1517 2666 1557 vase
2698 1504 2963 1558 excedere
2987 1506 3304 1574 compellar,
3356 1522 3483 1560 vos-

1905 1604 2010 1658 que
2038 1604 2232 1645 omnes
2269 1592 2516 1647 actiones
2545 1608 2694 1648 meas
2725 1594 2932 1648 trutina
2973 1597 3269 1664 expensuri
3321 1598 3480 1660 estis,

1905 1689 2237 1747 cunctaque,
2268 1696 2386 1750 quae
2416 1682 2496 1735 vel
2531 1682 2732 1751 palam,
2767 1684 2850 1736 vel
2874 1683 3014 1758 clam
3043 1683 3481 1754 designavi,cal-

224 1781 415 1834 bilium
455 1779 697 1833 hostium
732 1776 999 1847 periculis
1029 1783 1364 1844 exempturo,
1394 1789 1488 1843 per
1522 1780 1669 1826 tuam
1694 1787 1799 1826 au-
1833 1756 1870 1809 Β
1902 1770 2155 1831 cnlaturi,
2189 1778 2246 1823 ut
2277 1779 2409 1825 tunc
2442 1773 2526 1826 vel
2557 1787 2768 1834 omnes,
2792 1773 2942 1829 νειίὶ
2969 1756 3140 1837 certe,
3171 1789 3310 1842 quos
3334 1756 3482 1831 Deus

223 1871 536 1925 ctoritatem
592 1877 646 1922 et
679 1866 822 1937 apud
871 1866 1037 1921 Deum
1086 1865 1563 1925 intercessionem,
1618 1862 1799 1931 justo-

223 1978 345 2018 rum
402 1968 456 2017 et
515 1968 835 2015 sanctorum
893 1957 1058 2019 ςαξιυί
1127 1955 1418 2024 adjungas,
1469 1962 1524 2007 et
1580 1950 1798 2006 tandem

224 2052 277 2105 iu
310 2053 446 2107 locis
475 2051 607 2118 illis,
653 2065 775 2120 quae
820 2048 1079 2104 omnibus
1128 2046 1341 2101 deliciis
1374 2034 1625 2111 abluunt,
1683 2052 1800 2098 tuto

220 2144 479 2199 colloces.

292 2233 338 2290 Ο
377 2251 498 2300 vos,
530 2234 728 2304 reliqui
748 2247 941 2288 omnes
976 2231 1155 2303 angeli
1209 2237 1262 2285 et
1307 2226 1640 2300 archangeli,
1690 2241 1804 2282 cm-

222 2339 312 2383 tus
397 2329 660 2393 caelestis,
733 2340 942 2383 corona
1007 2321 1479 2394 impenetrabilis,
1566 2319 1801 2389 phalanx

221 2419 697 2489 prmstautissima,
723 2414 1016 2471 multitudo
1041 2416 1330 2480 immensa,
1349 2412 1623 2468 exercitus
1645 2411 1801 2463 innu-

224 2528 430 2578 merus,
468 2510 740 2567 celsitudo
800 2509 1110 2573 inaccessa,
1144 2505 1461 2576 magnitudo
1494 2503 1802 2571 incompre-

222 2606 418 2669 hensa,
451 2602 654 2658 chorus
685 2598 1155 2669 incomparabiiis,
1187 2596 1378 2650 notitia
1409 2594 1553 2648 omni
1588 2593 1803 2661 indaga-

224 2696 372 2748 tioue
406 2692 682 2762 superior,
717 2691 901 2745 laetitia
920 2685 1348 2757 irtCXplicabilis,
1371 2698 1565 2752 pompa
1589 2695 1802 2737 summe

224 2786 593 2851 admirabilis,
625 2783 909 2853 quantitas
948 2780 1340 2851 cogitationem
1386 2790 1601 2830 onmem
1638 2788 1801 2827 exce-

226 2880 384 2939 deus,
433 2875 716 2930 subtilitas
770 2885 1087 2927 mensuram
1125 2869 1402 2939 ignorans,
1443 2865 1659 2935 agilitas
1712 2863 1800 2918 cui

226 2968 329 3023 alia
357 2967 507 3020 nulla
534 2974 620 3021 est
646 2965 868 3027 similis,
905 2962 1043 3016 ordo
1073 2960 1285 3014 inlinite
1325 2957 1629 3024 multiplex,
1661 2956 1802 3010 coie-

1902 1878 1965 1915 ex
2001 1872 2182 1916 vestro
2228 1863 2423 1917 ordine
2456 1872 2567 1917 tum
2594 1865 2795 1925 mittet,
2830 1878 2941 1933 quo
2985 1864 3256 1919 infelicem
3317 1866 3482 1922 mise-

1902 1967 2128 2022 ramque
2186 1954 2428 2008 animam
2480 1969 2658 2013 meam
2722 1956 3019 2024 excipiant,
3061 1954 3303 2023 placidos
3363 1957 3476 2010 cle-

1902 2033 2222 2114 m'entesque
2260 2060 2355 2100 vos
2378 2045 2506 2099 mihi
2529 2046 2857 2107 exhibeatis.
2891 2047 3288 2116 bilancemque,
3314 2062 3480 2117 quam

1903 2138 2086 2208 pravis
2116 2138 2252 2191 meis
2270 2140 2529 2208 operibus
2562 2139 2771 2208 perdite
2805 2139 3048 2207 gravavi,
3080 2139 3305 2193 dextere
3345 2141 3479 2195 sub-

1913 2228 2126 2294 levetis,
2159 2229 2517 2298 eamdemque
2565 2239 2821 2297 tanquam
2856 2230 3025 2285 solius
3052 2231 3339 2287 clementis
3382 2230 3477 2287 Dei

1901 2321 2163 2386 ministri,
2189 2324 2387 2393 quavis
2419 2326 2632 2379 ratione
2695 2333 2748 2378 et
2779 2335 2897 2379 arte
2920 2340 3223 2381 exonerare
3251 2327 3478 2381 studea-

1902 2416 1994 2468 tis.
2022 2414 2196 2469 Porro
2222 2424 2401 2469 autem
2428 2416 2696 2469 bonorum
2756 2416 3222 2484 honestorumque
3249 2432 3472 2486 operum

1904 2508 2048 2569 loco,
2080 2509 2149 2561 de
2177 2509 2379 2576 quibus
2408 2523 2556 2576 spem
2584 2509 2872 2577 cencipere
2909 2508 3123 2572 licebat,
3152 2508 3472 2562 immensam

1902 2596 2115 2651 Domini
2150 2597 2608 2662 misericordiam,
2643 2597 2697 2650 in
2741 2598 2978 2651 medium
3032 2598 3339 2666 proponite,
3377 2598 3474 2653 be-

1903 2689 2138 2744 neﬁcum
2186 2689 2621 2759 cli-mentemque
2649 2689 2838 2756 Deum,
2865 2704 2898 2742 ο
2921 2689 3311 2742 laudatissima:
3336 2703 3475 2757 prte~

1902 2781 2372 2851 stautissimaeque
2423 2791 2656 2849 mentes,
2703 2788 2950 2846 orantes,
2995 2788 3054 2833 ut
3092 2795 3189 2850 per
3232 2790 3473 2835 vestram

1900 2874 2375 2936 intercessionem,
2427 2888 2618 2928 omnes
2668 2871 3008 2935 adﬂictiones,
3060 2879 3113 2926 et
3147 2871 3392 2935 morbos,
3420 2876 3478 2925 et

1902 2964 2263 3027 calamitates,
2297 2981 2419 3034 quae
2449 2979 2685 3033 unquam
2714 2964 2768 3017 in
2810 2963 2920 3016 vita
2950 2962 3169 3032 pertuli,
3197 2963 3250 3017 in
3284 2962 3487 3018 crimi-‘

226 3063 362 3114 ι’ίιῖιε
405 3058 651 3121 infanda.
714 3054 1025 3111 subslaltlia
1076 3068 1198 3122 uitae
1250 3050 1634 3105 circumscribi
1694 3064 1789 3104 ne-
1823 3077 1867 3137 ο
1903 3071 2031 3108 num
2065 3070 2309 3109 meorum
2335 3055 2838 3123 compensationem
2865 3053 3472 3120 condemnatiouisquc,

223 3151 395 3217 quit,
470 3148 641 3217 gloria
719 3146 919 3200 mentis
997 3144 1329 3210 cogitatione
1409 3140 1797 3210 comprehendi

223 3239 431 3299 nescia,
467 3238 549 3290 vis
586 3235 734 3291 omni
756 3234 954 3288 virtute
985 3240 1038 3288 et
1070 3232 1266 3286 robore
1300 3230 1513 3298 major;
1549 3246 1645 3284 vos
1684 3245 1800 3283 om-

226 3333 378 3385 nium
416 3328 578 3396 Regis
600 3327 738 3383 estis
774 3324 1111 3385 administri,
1145 3338 1240 3379 vos
1276 3323 1440 3390 venti,
1464 3331 1517 3376 et
1547 3322 1795 3388 spiritus,

223 3430 279 3473 et
320 3434 496 3487 aqum,
531 3427 586 3472 ct
630 3417 940 3486 Principes,
969 3425 1023 3468 et
1080 3415 1229 3482 equi,
1292 3425 1340 3467 et
1393 3411 1689 3475 exercitus,
1745 3418 1799 3463 et

222 3510 465 3577 diaconi,
499 3520 553 3563 et
593 3508 849 3579 apostoli,
884 3516 938 3560 et
971 3504 1382 3575 prtedicatorcs,
1413 3512 1466 3556 ct
1497 3502 1796 3571 prophetat,

221 3612 277 3655 ιιι
309 3600 680 3669 evangelista,
708 3607 763 3654 et
804 3612 986 3653 rerum
1019 3596 1329 3650 divinarum
1362 3594 1710 3661 interpretes,
1746 3600 1798 3646 et

221 3693 503 3758 custodes,
524 3700 577 3746 et
595 3690 875 3760 praesides,
893 3697 946 3743 et
963 3697 1401 3749 conservatores,
1420 3692 1471 3737 et
1489 3684 1795 3745 abactores,

221 3795 277 3838 et
295 3783 661 3841 conductores
683 3789 738 3838 et
756 3780 854 3835 via:
873 3778 1066 3842 duces,
1095 3789 1149 3834 et
1179 3776 1553 3847 inquisitores,
1573 3782 1624 3827 et
1648 3774 1799 3828 libri-

222 3878 449 3946 pendes,
477 3885 531 3931 et
560 3875 951 3939 calculatores,
975 3881 1028 3928 et
1057 3878 1367 3934 curatores,
1392 3878 1444 3922 et
1463 3867 1797 3922 illuminatq-

225 3987 334 4036 rcs,
375 3980 431 4022 et
468 3984 632 4039 apum
661 3968 903 4032 datores,
934 3976 987 4020 et
1024 3962 1339 4025 luminaria,
1371 3968 1427 4016 et
1455 3960 1713 4022 lucernae,
1744 3965 1797 4009 ct

222 4062 526 4134 lampades,
556 4069 612 4117 et
643 4069 877 4126 montes,
903 4067 955 4111 et
989 4055 1186 4120 colles,
1219 4064 1274 4109 ct
1307 4054 1501 4115 nubes,
1534 4059 1588 4105 et
1649 4049 1795 4119 jUdi-r

221 4172 334 4213 res.
368 4162 421 4208 et
449 4161 818 4221 susceptores,
860 4156 914 4204 et
943 4148 1229 4210 relatores,
1257 4155 1311 4198 et
1360 4143 1701 4204 defensores,
1742 4150 1795 4194 et

222 4250 617 4311 iit-certatores,
651 4252 705 4298 et
731 4248 1191 4312 pmpugnatores,
1218 4244 1273 4291 et
1325 4236 1508 4289 divina
1549 4233 1792 4302 specula,

224 4350 275 4392 et
334 4337 654 4398 simulacra,
688 4342 739 4389 et
774 4334 1064 4403 imagines,
1087 4337 1141 4383 ct
1175 4338 1371 4392 nautae,
1402 4335 1457 4382 et
1502 4340 1690 4389 naves,
1741 4332 1796 4377 et

1901 3149 2331 3208 ctcruciatuum
2368 3163 2474 3201 non
2506 3147 2838 3216 vulgarium,
2863 3161 3004 3214 quos
3025 3146 3175 3214 juste
3202 3144 3476 3215 promeri-

1872 3250 1987 3294 .tus
2017 3237 2249 3303 fueram,
2288 3240 2681 3293 relaxationem
2714 3245 2768 3292 et
2799 3238 3256 3292 condonationem
3285 3237 3478 3292 adiuit-

1900 3340 2035 3394 tere,
2059 3331 2485 3401 eorumdemque
2528 3334 2646 3386 vice
2667 3343 2719 3385 et
2741 3331 2860 3385 loco
2889 3324 3088 3385 habere
3127 3338 3181 3385 et
3207 3330 3478 3385 calculare

1899 3422 2154 3485 dignetur
2190 3439 2202 3475 :
2240 3439 2370 3490 quo,
2409 3423 2634 3476 inimico
2683 3438 2777 3491 per
2807 3422 3047 3476 divinam
3090 3422 3317 3492 gratiam
3350 3437 3477 3491 perv

1899 3513 2038 3568 ieite
2077 3513 2240 3567 Semel
2269 3525 2524 3581 supezato
2554 3514 2949 3582 debellatoque,
2977 3513 3047 3566 ob
3083 3522 3353 3566 servatam
3377 3513 3477 3566 mi-

1899 3621 2076 3659 seram
2103 3606 2338 3658 animam
2383 3621 2579 3669 meam,
2607 3605 2800 3674 ingens
2856 3604 3113 3673 gaudium
3166 3605 3373 3658 oriatur
3419 3607 3476 3659 in

1899 3697 2042 3751 ccelo
2074 3714 2084 3748 ε
2120 3696 2407 3751 conditore
2443 3705 2525 3750 ter
2556 3697 2954 3765 benignissimo
2984 3711 3082 3750 vos
3105 3705 3468 3760 convoeante,

1897 3799 1952 3843 ct
1979 3788 2195 3842 dicente
2224 3806 2236 3841 :
2263 3805 2283 3839 ι
2323 3788 2789 3857 Congratulamini
2828 3787 2981 3850 mihi,
3016 3787 3200 3853 amici,
3231 3787 3358 3856 quia
3390 3787 3477 3840 in-

1896 3882 2020 3936 veni
2053 3897 2207 3935 ovem
2238 3883 2283 3947 ',
2336 3900 2355 3934 ι
2400 3896 2522 3950 qua:
2547 3880 2677 3934 olim
2707 3879 2762 3933 iu
2796 3879 3080 3933 montibus
3102 3879 3471 3939 aberraverat.

1899 3974 2168 4042 Denique,
2210 3989 2333 4027 cum
2362 3973 2859 4026 consummationis
2905 3970 3023 4024 dies
3056 3969 3361 4035 advenerit,
3421 3979 3477 4024 et

1899 4068 2085 4121 mundi
2136 4066 2260 4120 linis
2302 4066 2413 4134 jam
2447 4080 2555 4134 prae
2588 4063 2800 4118 foribus
2835 4063 3056 4126 urserit,
3086 4070 3139 4117 et
3168 4061 3296 4116 caeli
3340 4076 3476 4116 cous-

1904 4156 2244 4218 tremiscent,
2269 4164 2324 4209 et
2363 4154 2767 4208 ﬁrmamentum
2802 4153 3039 4218 notabit,
3062 4163 3115 4207 et
3147 4160 3306 4207 terra:
3352 4151 3476 4205 fun-

1897 4250 2153 4303 damenta
2186 4248 2526 4317 quatientur,
2556 4255 2610 4301 et
2634 4246 2873 4316 abyssus
2907 4243 3090 4313 abyssi
3132 4259 3243 4312 prae
3284 4245 3476 4298 timore

1899 4340 2231 4409 obrigeseet,
2264 4348 2318 4393 et
2344 4338 2505 4392 inferi
2557 4337 2855 4391 formidine
2907 4335 3235 4397 horrebunt,
3275 4348 3329 4388 et
3376 4334 3476 4386 im-

221 4432 639 4501 ευῑιονιιθιυΐυεο
678 4427 788 4483 V05
814 4428 849 4479 ίί
883 4425 1039 4484 οειῖεο
1073 4423 1166 4493 fl"i
1195 4424 1392 4475 "mium
1418 4436 1582 4476 ευτδυ
1623 4435 1790 4487 ωερε·
1827 4420 1870 4474 Ι)
1906 4434 2079 4487 ltit‘llsi
2115 4433 2285 4485 maris
2307 4430 2608 4484 divisiones
2636 4429 2689 4482 in
2732 4427 2909 4497 ignem
2941 4434 3244 4487 vertentur,
3280 4433 3334 4478 et
3369 4424 3479 4479 ele-

220 4525 493 4578 ilitissimo
521 4520 925 4583 transmittitis;
958 4519 1051 4584 qui
1091 4525 1234 4568 motu
1267 4512 1553 4567 celerrimo
1604 4511 1793 4565 incita.

220 4616 547 4684 ti5simoque
590 4626 686 4681 per
718 4624 899 4664 aerem
943 4607 1286 4669 discurritis;
1341 4602 1432 4671 qui
1489 4601 1687 4655 (:(Pilltli
1741 4611 1795 4654 et

156 4731 163 4737 ·
220 4709 427 4764 :cthcra
454 4705 708 4776 repletis;
737 4702 832 4772 qui
863 4700 1000 4754 nulli
1052 4715 1160 4753 non
1194 4697 1397 4751 homini
1453 4694 1711 4750 custodes
1742 4703 1795 4747 et

220 4800 452 4854 comites
487 4796 732 4858 adestis;
764 4793 859 4864 qui
909 4789 1192 4846 Creatoris
1244 4788 1579 4842 vohintatem
1634 4783 1792 4837 iude-

219 4893 356 4946 licxe
391 4889 684 4959 perlicitis,
721 4886 814 4956 qui
864 4899 1051 4939 vocem
1106 4896 1422 4935 sermonum
1486 4876 1609 4946 ejus
1660 4880 1794 4930 citra

221 4970 690 5037 intermissionem
739 4977 962 5040 au‘litis,
1015 4973 1109 5044 qui
1176 4968 1691 5040 smuper'cresciiis
1743 4976 1798 5021 cl

217 5074 509 5145 prolicitis,
554 5077 928 5142 perpetuaque
956 5067 1295 5121 incrementa
1329 5063 1549 5118 sumitis
1608 5062 1795 5131 (solus

217 5167 363 5219 enim
403 5163 544 5218 Deus
576 5170 683 5226 est,
717 5162 771 5214 in
799 5173 960 5231 quem
1000 5156 1151 5215 nulla
1191 5154 1333 5208 endit
1364 5151 1628 5222 mutatio}
1657 5167 1671 5216 ;
1700 5150 1795 5220 qui

219 5256 466 5311 cmlestia
497 5268 731 5324 corpora
762 5248 1036 5306 vocamini
1064 5264 1079 5313 ;
1108 5246 1198 5315 qui
1225 5255 1435 5303 mentes
1490 5242 1691 5310 Deique
1716 5251 1795 5293 ta-

218 5348 516 5404 bernacula
539 5343 890 5418 appellamini
912 5359 927 5407 ;
950 5341 1043 5412 qui
1066 5339 1354 5402 carbones,
1379 5345 1430 5392 et
1457 5335 1796 5425 turbines,j~t

216 5444 450 5497 ﬂamina:
504 5436 903 5494 nominamini:
946 5434 1037 5515 qui
1086 5439 1275 5504 mysta:
1309 5470 1325 5492 .
1381 5428 1793 5501 mysteriorum-

219 5548 326 5602 que
348 5532 694 5600 interpretes,
714 5542 768 5583 et
791 5527 1033 5581 omnium
1061 5522 1227 5594 Regis
1259 5521 1443 5584 amici,
1480 5531 1532 5575 et
1567 5519 1790 5583 musici,

218 5639 431 5686 necnon
478 5635 758 5678 sacrorum
818 5616 1083 5683 ministri,
1148 5622 1202 5668 et
1262 5614 1473 5667 diaconi
1527 5611 1792 5665 diciinini.

324 5759 347 5791 δ
372 5754 505 5817 Luc.
537 5770 575 5824 t,
616 5754 707 5812 23.
783 5756 801 5786 ⁵
823 5750 970 5823 Luc.
1005 5766 1093 5820 xv,
1120 5748 1173 5805 6.

1905 4533 2087 4578 menta
2138 4524 2322 4576 omnia
2354 4538 2382 4575 a
2422 4520 2560 4575 l'acie
2603 4519 2766 4587 ignis,
2804 4528 2861 4570 ut
2902 4532 3051 4579 cera,
3082 4516 3473 4575 dissolventur.

1900 4628 1951 4670 et
1990 4617 2079 4683 qui
2118 4616 2170 4669 in
2202 4623 2360 4668 terrae
2386 4612 2696 4668 recessibus
2718 4610 2897 4664 obruti
2920 4609 3204 4677 jacehuut,
3229 4606 3475 4661 exsusci-

1902 4712 2188 4772 tahnutur,
2228 4716 2281 4763 et
2315 4707 2505 4760 mundi
2548 4704 2711 4773 hujus
2762 4702 2931 4771 ﬁgura
2987 4698 3366 4768 pertransibit,
3421 4704 3477 4751 et

1901 4801 2216 4855 tremendus
2266 4798 2435 4865 judex
2490 4797 2547 4851 iu
2582 4796 2767 4850 limine
2815 4795 2937 4864 ipso
2983 4792 3225 4852 assistet,
3268 4804 3476 4858 vosque

1901 4894 2193 4947 adventum
2230 4891 2372 4946 illius
2410 4895 2840 4950 antevertcntes,
2901 4885 3172 4939 terminos
3227 4882 3473 4949 ﬁnesque

1900 4994 2059 5040 terrae
2094 4983 2457 5053 percurretis,
2507 4996 2617 5050 quo
2659 4979 2952 5034 universos
2989 4975 3269 5037 mortales,
3317 4973 3407 5038 qui
3442 4987 3475 5028 a

1901 5076 2103 5131 szerulo
2140 5084 2372 5128 mortem
2403 5072 2677 5130 obierant,
2710 5069 2764 5122 in
2793 5080 2960 5120 unum
2987 5064 3216 5134 cogatis.
3246 5062 3476 5129 illosque

1900 5169 2221 5235 incorrupto
2251 5164 2423 5234 jlidit‘i
2460 5162 2623 5218 simul
2649 5174 2841 5215 omnes
2867 5157 3100 5218 sistatis,
3131 5168 3242 5222 quo
3273 5151 3475 5220 singuli

1903 5260 1972 5314 de
1997 5260 2143 5312 omni
2169 5273 2353 5326 opere,
2388 5255 2646 5322 omnique
2674 5250 3029 5320 cogitatione,
3065 5256 3117 5299 et
3149 5245 3312 5297 animi
3345 5256 3478 5295 con-

1902 5354 2154 5422 ceptioue
2207 5350 2473 5403 rationem
2520 5344 2754 5402 reddant
2808 5360 2822 5395 :
2883 5350 3034 5402 tunc,
3074 5338 3305 5392 obsecro
3355 5350 3474 5399 vos,

1902 5460 2076 5514 neque
2106 5457 2345 5507 unquam
2383 5455 2559 5508 uSque
2599 5438 2665 5490 ad
2701 5437 2826 5489 vitae
2857 5435 3017 5486 linem
3053 5430 3347 5484 obsecrare
3381 5426 3476 5479 de-

1903 5536 2108 5600 sinam,
2139 5535 2230 5604 qui
2273 5533 2454 5586 omnia
2497 5528 2767 5590 lustratis,
2802 5523 3131 5595 publicaque
3161 5519 3252 5574 iiei
3311 5514 3477 5570 mini-

1906 5630 2071 5683 steria
2122 5643 2229 5679 non
2263 5625 2469 5696 alisque
2498 5619 2823 5675 auctoritate
2866 5613 3051 5683 abitis,
3097 5622 3150 5667 et
3203 5610 3309 5665 hoc
3359 5608 3478 5687 ipso
