4022 6206
299 386 396 449 33?
407 385 429 450 ι

829 388 1114 451 ORATIO
1154 391 1290 453 VU.
1327 416 1396 429 —
1436 391 1851 454 ENCOMIUM
1888 392 1967 452 IN
2012 392 2071 453 S.
2123 389 2477 452 JOANNESI
2532 389 2965 453 BAPTIS’I‘AM

3413 390 3557 456 3322

297 502 502 568 regiam
551 499 848 569 quamdam
890 501 1220 573 dignitatem
1272 520 1386 574 prae
1438 506 1595 575 vobis
1641 504 1873 576 geritis,
1903 518 2124 578 Acnrs,
2171 504 2470 574 peculium,
2508 504 2650 573 quod
2708 521 2820 576 prae
2872 503 3088 559 caeteris
3148 504 3404 560 omnibus
3457 501 3555 560 tibi

294 594 439 663 quod
467 603 521 649 et
560 605 797 665 sceptra,
840 602 894 650 et
916 594 1117 667 virgas,
1147 602 1201 650 et
1235 597 1423 654 hastas
1452 597 1683 653 defertis
1734 597 1872 668 (per

296 686 412 742 II1£C
446 688 590 742 enim
618 688 931 755 coercendi,
961 696 1015 744 et
1042 689 1303 759 puniendi
1331 690 1463 755 vim,
1490 705 1596 760 qua
1628 690 1866 760 polletis,

294 777 578 831 evidenter
606 778 944 845 ostenditis),
980 786 1131 845 tunc,
1160 780 1408 849 inquam,
1436 789 1588 846 tunc,
1615 782 1868 845 obsecro,

294 865 514 935 propitii
546 864 759 931 adeste,
793 866 1128 936 miseroque,
1154 877 1208 921 et
1243 865 1451 921 infelici
1488 876 1749 939 tanquam
1790 878 1872 922 ter

292 959 482 1026 optimi
528 959 670 1026 regis
697 959 845 1013 illius
873 960 1174 1028 principes,
1211 960 1517 1029 parcite,et
1547 978 1631 1016 ine
1666 976 1694 1014 a
1726 963 1869 1017 tristi

293 1047 407 1113 illa,
443 1049 812 1118 iracundaque
843 1051 1134 1115 sententia,
1166 1066 1289 1120 qum
1320 1052 1371 1105 in
1398 1051 1575 1121 ignem
1605 1063 1868 1106 aeternum

291 1141 573 1205 amandat,
616 1156 713 1211 per
749 1151 988 1195 vestram
1026 1144 1169 1212 apud
1209 1142 1377 1198 Deum
1416 1147 1869 1199 intercessionem

291 1231 542 1285 liberate.
575 1232 781 1286 Contra
814 1249 944 1288 vero
973 1234 1131 1300 lanae,
1163 1244 1215 1290 et
1240 1237 1499 1304 jucunda:
1532 1238 1680 1294 illius
1714 1255 1873 1293 voca-

290 1324 481 1386 tionis,
525 1325 773 1395 vitaeque,
799 1342 921 1395 quae
947 1328 1098 1380 omni
1138 1342 1377 1383 mcerorc
1404 1337 1578 1392 caret,
1609 1320 1872 1397 nullaque

291 1430 347 1468 re
374 1414 601 1487 indiget,
638 1431 725 1469 me
758 1432 866 1470 una
894 1432 1018 1470 cum
1056 1418 1194 1470 meis
1218 1420 1493 1489 syuergis,
1523 1428 1578 1472 ct
1600 1421 1870 1489 cognatis,

289 1524 533 1577 quorum
568 1511 820 1576 nomina,
852 1517 907 1566 et
936 1513 1286 1567 vocationem
1315 1514 1467 1566 novit
1497 1514 1565 1578 is,
1609 1515 1701 1585 qui
1738 1514 1872 1567 nihil

290 1600 490 1663 nescit,
524 1600 847 1669 participem
888 1601 1105 1665 efficite,
1139 1611 1193 1657 et
1236 1604 1420 1672 gaudii
1474 1608 1689 1660 tandem
1724 1606 1871 1676 quod

286 1706 571 1760 nunquam
610 1691 768 1747 finem
802 1692 954 1755 facit,
987 1694 1256 1749 haeredem
1294 1696 1590 1752 declarate.

360 1782 407 1836 Ο
440 1783 688 1848 Domine,
740 1785 1021 1849 Servatur,
1071 1786 1216 1842 Deus
1255 1797 1310 1841 et
1352 1788 1614 1849 Verbum,
1643 1791 1734 1858 qui
1773 1788 1872 1844 do-

1978 594 2230 662 charum,
2261 596 2462 649 diaboli
2508 599 2755 667 tyrannis
2796 600 3170 667 oppresserat,
3205 612 3550 667 nequaquam

1978 696 2308 754 aspernatus
2333 702 2426 752 es;
2460 703 2644 741 verum
2674 687 3017 741 tremendum
3048 686 3180 740 illud
3210 688 3555 757 mysterium,

1972 776 2119 844 quod
2173 784 2300 831 ante
2350 778 2536 831 omnia
2591 778 2792 831 saecula
2850 777 3165 836 defiuieras.
3214 777 3557 844 expleturos.

1979 868 2239 936 teipsum,
2272 870 2365 937 qui
2408 869 2587 924 Patris
2615 885 2673 924 es
2709 870 3001 938 sapientia,
3032 880 3083 922 et
3125 884 3305 929 mens,
3341 878 3395 921 et
3427 866 3560 922 Ver-

1976 960 2128 1026 Imm,
2157 968 2208 1012 et
2240 962 2553 1023 character,
2585 970 2638 1015 ct
2674 943 2959 1021 terminus.
2990 970 3043 1015 et
3074 952 3275 1031 imago,
3323 972 3374 1015 et
3406 961 3559 1031 sigil-

1977 1052 2120 1115 lum,
2168 1060 2220 1105 et
2268 1052 2461 1118 Filius,
2515 1062 2568 1107 et
2615 1052 2788 1106 forma
2843 1068 3135 1121 expressa,
3179 1053 3555 1108 exinanivisti.

1973 1143 2108 1197 Nam
2157 1155 2212 1199 et
2271 1146 2325 1198 in
2376 1155 2528 1201 casta
2578 1144 2800 1217 Virgine
2851 1161 2946 1216 per
2986 1144 3249 1213 Spiritum
3304 1154 3556 1199 sanctum

1977 1236 2322 1296 inliabitasti,
2366 1247 2421 1289 et
2462 1248 2640 1290 ortum
2691 1254 2754 1290 cx
2790 1252 2873 1298 ea,
2908 1238 2999 1306 qui
3035 1251 3249 1289 onmem
3288 1238 3561 1291 ralioucm

1974 1325 2233 1389 excedit,
2290 1328 2599 1396 sumpsisti.
2660 1326 2771 1380 Nec
2825 1328 2969 1379 enim
3017 1326 3261 1393 virginea
3323 1325 3563 1379 claustra

1972 1419 2200 1469 omnino
2244 1419 2493 1484 solvisti;
2530 1418 2622 1472 sed
2677 1419 2863 1471 carnis
2912 1432 3130 1486 expers,
3173 1414 3359 1482 modo,
3394 1431 3554 1485 quem

1976 1515 2031 1560 tu
2071 1508 2237 1571 nosti,
2278 1508 2331 1561 iu
2377 1523 2496 1561 eam
2550 1511 2857 1577 ingressus,
2893 1522 3060 1561 carne
3110 1506 3340 1560 indutus
3381 1521 3447 1575 ex
3496 1521 3560 1559 ea

1975 1601 2159 1654 denuo
2189 1616 2453 1669 egressus
2480 1617 2558 1661 es,
2589 1602 2729 1655 uteri
2763 1602 2907 1655 ostio
2937 1601 3145 1665 clauso,
3172 1609 3232 1653 ut
3261 1609 3386 1654 ante
3415 1607 3559 1663 erat,

1976 1692 2194 1746 relicto.
2233 1692 2352 1746 Mox
2391 1707 2612 1747 crucem
2644 1692 2889 1757 subiisti,
2932 1690 3079 1755 felle,
3114 1699 3168 1744 ct
3212 1686 3369 1744 aceto
3420 1690 3565 1743 inter

1975 1799 2036 1839 se
2085 1784 2390 1869 permistis,
2441 1792 2687 1853 potatus,
2736 1784 3038 1852 lanceaque
3086 1781 3154 1835 ad
3204 1781 3351 1836 latus
3408 1788 3562 1834 tuum

290 1874 563 1927 minatum
606 1875 658 1928 in
690 1877 910 1931 excelso
955 1876 1174 1933 obtines
1208 1897 1223 1933 :
1261 1879 1353 1949 qui
1395 1882 1666 1951 principio
1698 1895 1870 1949 cares,

1983 1876 2198 1943 adacta,
2234 1878 2548 1932 confossus.
2602 1876 2827 1930 Mortem
2863 1874 3078 1929 tandem
3110 1881 3307 1943 sponte
3334 1886 3563 1942 perpes-

285 1964 662 2035 universaque
704 1966 956 2021 contines
998 1984 1013 2022 :
1051 1969 1144 2037 qui
1189 1969 1397 2039 ingenti
1438 1970 1637 2025 robore
1676 1971 1871 2039 polles,

286 2056 552 2112 omnilms
582 2057 769 2123 vitam,
800 2059 1063 2116 omnibus
1105 2060 1355 2115 timorem
1390 2061 1584 2129 affers;
1623 2063 1718 2132 qui
1757 2078 1869 2119 cae-

285 2147 401 2201 lum
455 2157 511 2203 et
560 2156 787 2211 terram,
847 2152 1180 2222 omniaque,
1229 2169 1354 2224 qua;
1405 2154 1625 2208 illormn
1667 2155 1872 2211 ambitu

289 2238 672 2304 Continentur,
722 2242 839 2297 solo
872 2251 1009 2297 nutu
1038 2242 1332 2298 condidisti
1363 2243 1469 2311 M;
1500 2245 1592 2314 qui
1635 2247 1872 2314 primum

283 2332 508 2398 quidem
565 2335 788 2407 angelos
840 2342 1019 2390 mente
1073 2336 1412 2406 concepisti,
1458 2343 1695 2405 tuusque
1743 2353 1874 2392 con-

284 2424 482 2486 ceptus
526 2433 665 2487 opus
712 2420 860 2474 fuit:
894 2421 1041 2489 quod
1099 2423 1243 2477 enim
1289 2435 1469 2479 mente
1515 2440 1870 2496 conceperas,

285 2510 341 2561 id
384 2509 504 2562 solo
530 2512 700 2565 verbo
733 2512 984 2581 explesti,
1016 2523 1071 2568 et
1098 2514 1410 2571 absolvisti.
1453 2516 1722 2588 Mox'pari
1757 2527 1873 2574 arte

286 2608 343 2653 et
388 2600 648 2658 facilitate
689 2604 963 2659 hominem
1014 2621 1044 2659 e
1087 2614 1246 2662 teme
1291 2610 1536 2678 pulvere,
1569 2612 1869 2667 secundum

286 2697 439 2743 luant
476 2693 766 2764 imaginem
808 2702 862 2748 et
890 2695 1308 2752 similitudinem
1357 2698 1608 2755 formasti
1639 2702 1682 2766 ⁸,
1709 2702 1873 2757 effor-

287 2794 626 2854 niatumque,
671 2796 726 2840 et
775 2786 1049 2843 modicum
1085 2791 1213 2859 quid
1264 2789 1333 2845 ab
1377 2793 1588 2861 angelis
1633 2793 1874 2849 diminu-

285 2883 406 2928 tum
437 2876 477 2941 ',
522 2887 575 2932 et
610 2878 784 2933 libero
840 2881 1071 2936 arbitrio
1112 2893 1392 2950 ornatum,
1425 2886 1670 2939 omnium
1716 2902 1873 2941 crea-

283 2973 470 3019 tarum
537 2982 718 3023 rerum
791 2986 977 3040 regem
1039 2980 1095 3026 et
1159 2974 1441 3027 dominum
1501 2977 1869 3043 constituisti;

284 3072 485 3127 nempe
513 3074 621 3129 quo
661 3060 821 3116 bonis
851 3063 982 3128 illis,
1014 3079 1135 3133 qua:
1174 3066 1252 3120 illi
1287 3066 1341 3119 in
1374 3067 1630 3136 paradiso
1661 3085 1872 3138 praepa-

282 3164 532 3216 rareras,
565 3150 864 3220 frueretur,
903 3156 1105 3224 quibus
1151 3157 1318 3211 etiam
1362 3139 1871 3225 tantisper.fruitus

1978 1983 2095 2033 sus,
2128 1977 2359 2022 mortem
2392 1971 2567 2038 ipsam
2597 1968 2903 2037 peremisti,
2934 1966 3311 2035 mundumque
3341 1966 3562 2018 univer-

1976 2074 2098 2114 sum
2146 2060 2562 2114 immortalitate
2610 2061 2867 2126 donasti;
2904 2069 2959 2113 et
3006 2058 3339 2128 prolapsam,
3373 2055 3561 2110 defor-

1979 2159 2292 2221 matatnqne
2339 2152 2657 2220 imaginem,
2706 2151 2761 2204 in
2809 2150 3081 2219 integrum
3128 2146 3476 2208 instaurasti,
3506 2152 3561 2199 et

1977 2253 2217 2298 veterem
2270 2244 2738 2307 maletlictionem,
2772 2258 2893 2311 quae
2947 2256 3042 2311 per
3077 2240 3279 2311 lignum
3320 2239 3560 2308 irrogata

1979 2334 2157 2388 fuerat
2194 2336 2462 2389 delevisti.
2491 2334 2572 2388 Tu
2599 2349 2729 2405 ergo
2763 2335 3151 2388 universorum
3187 2329 3299 2384 Rex
3332 2336 3386 2383 et
3416 2330 3564 2382 Con-

1975 2425 2142 2489 ditor,
2190 2429 2283 2496 qui
2339 2443 2483 2484 unus
2536 2436 2837 2492 tantarum,
2889 2436 3107 2495 tamque
3155 2421 3558 2479 admirabilium

1978 2532 2162 2572 rerum
2205 2518 2539 2572 architectus
2586 2532 2669 2585 es,
2705 2526 3038 2586 cunctaque,
3072 2532 3194 2587 qua:
3238 2527 3414 2583 usilue
3463 2529 3561 2567 ex-

1977 2618 2148 2675 stant,
2186 2611 2237 2664 io
2271 2626 2619 2665 communem
2672 2612 2986 2664 mortalium
3031 2608 3323 2662 utilitatem
3368 2605 3561 2661 condi-

1975 2702 2131 2767 disti,
2154 2717 2216 2755 ac
2244 2717 2420 2771 pinnae
2443 2702 2714 2756 obnoxios
2738 2716 2847 2756 non
2874 2700 2995 2755 sine
3022 2708 3251 2768 paterna
3274 2696 3561 2751 affectione

1976 2797 2174 2866 punire
2222 2796 2583 2855 tonsuevisti,
2619 2794 2841 2865 quando
2890 2808 2991 2863 pro
3034 2792 3293 2847 tribunali
3336 2790 3559 2849 sedens.

1976 2901 2171 2940 omnes
2201 2885 2267 2939 ad
2294 2885 2564 2955 judicium
2591 2900 2651 2940 es
2675 2885 3038 2947 adducturus,
3065 2884 3302 2937 statione
3333 2881 3560 2935 dextera

1978 2990 2101 3029 cum
2154 2977 2224 3031 iis
2278 2977 2561 3039 ouinibns,
2599 2991 2834 3044 quorum
2892 2975 3209 3030 tnettroriam
3270 2974 3325 3027 in
3377 2982 3562 3025 mente

1976 3066 2174 3129 habeo,
2210 3083 2294 3122 me
2331 3067 2583 3138 dignare.
2620 3065 2665 3123 Ο
2699 3056 2955 3122 omnium
2985 3068 3285 3136 inspector,
3321 3065 3563 3119 occulto-

1977 3174 2214 3230 rumqne
2270 3162 2545 3228 cognitor,
2581 3160 2952 3224 .criminibns,
2988 3174 3111 3229 qum
3159 3159 3556 3235 ulloluoquatn

281 3252 371 3295 est
400 3242 528 3295 dum
560 3259 588 3295 a
622 3253 900 3314 serpente,
942 3255 996 3301 et
1032 3262 1203 3303 uxore
1237 3258 1453 3319 captus,
1505 3264 1669 3321 atque
1714 3253 1877 3309 sedu-
1903 3233 1947 3291 (ἶ
1985 3260 2230 3320 tempore
2275 3252 2608 3321 perpetravi,
2651 3252 2914 3306 oblivioni
2952 3249 3189 3315 traditis,
3234 3233 3560 3303 innuortalis

281 3339 432 3397 ctus,
463 3333 644 3387 divina
684 3346 773 3389 tua
817 3338 1073 3392 mandata
1121 3343 1513 3409 przcvaricatus
1554 3354 1659 3408 est,
1700 3345 1868 3415 degu-

283 3423 486 3477 stando
518 3426 777 3481 nimirum
817 3428 1082 3485 Iethiferte
1107 3434 1323 3489 arboris
1348 3450 1569 3504 pomum
1600 3453 1613 3488 :
1640 3453 1809 3505 quare
1840 3452 1869 3490 c

285 3517 438 3586 regia
472 3519 739 3588 dignitate
773 3537 803 3575 e
842 3524 1075 3594 vestigio
1122 3527 1345 3591 excidit,
1380 3528 1745 3597 paradisoqne
1773 3542 1863 3583 ex-

292 3608 511 3673 clusus,
564 3611 619 3665 iu
678 3628 891 3681 poenam
946 3616 1104 3670 fartis
1161 3619 1280 3673 suis
1336 3620 1558 3689 dignam
1603 3621 1864 3687 incurrit;

292 3711 421 3765 puta
454 3702 509 3756 in
549 3702 760 3768 fletum,
793 3714 847 3761 et
898 3708 1150 3763 servilem
1197 3710 1467 3775 habitum,
1504 3712 1557 3765 in
1589 3714 1865 3777 sudorem,

285 3790 532 3848 laborem
569 3807 621 3849 et
655 3798 987 3862 molestiam,
1013 3799 1069 3854 in
1103 3801 1384 3855 tristitiam
1424 3810 1479 3856 et
1509 3803 1778 3866 dolorem,
1815 3811 1870 3858 et

282 3883 434 3952 quod
464 3886 860 3954 suppliciorum
890 3890 1138 3943 ninnium
1166 3904 1292 3945 vere
1317 3901 1398 3945 est
1426 3892 1866 3959 acerbissimum,

282 3975 341 4028 in
388 3974 599 4043 justam
651 3977 870 4033 tandem
919 3989 1189 4046 mortem,
1242 3981 1774 4051 dissolutionemque
1818 3984 1870 4036 in

282 4074 525 4132 terram,
578 4086 645 4125 ex
696 4089 802 4141 qua
856 4074 1035 4143 primo
1087 4084 1415 4144 susceptus,
1473 4076 1880 4145 productusque

276 4156 490 4213 fuerat.
515 4159 597 4214 Tu
629 4175 834 4228 autem,
868 4163 1121 4231 Domine,
1155 4181 1279 4221 vere
1312 4166 1644 4232 clemens,et
1668 4167 1882 4222 miscri-

357 4321 432 4356 Μ
460 4321 678 4379 Esther.
716 4340 831 4391 xui,
876 4323 959 4379 I0.
1040 4326 1061 4358 ⁸
1088 4325 1220 4381 Gen.
1259 4343 1296 4391 ι,
1335 4327 1422 4390 :26,
1455 4327 1546 4384 27.

425 4806 762 4881 Ἐτκώμιον
803 4809 1245 4937 ειςῆἰέὃοιῗὶἵῖ
1285 4809 1572 4880 Ἰωάννην
1630 4813 1739 4866 τὸν

928 4898 1261 4951 ιροορομον.

1980 3340 2204 3394 thalami
2258 3342 2487 3403 oStium,
2525 3344 2628 3395 hoc
2665 3350 2771 3407 est,
2809 3344 3089 3397 caelestem
3144 3341 3370 3409 gloriam
3425 3339 3559 3394 mihi

1977 3436 2173 3504 pande.
2208 3433 2253 3490 Ο
2287 3437 2611 3490 immortalis
2649 3436 2883 3504 Sponse,
2924 3436 3325 3491 benedictionis
3369 3452 3556 3490 vocem

1978 3525 2066 3580 fac
2108 3541 2211 3580 nos
2261 3528 2476 3582 audire.
2511 3526 2555 3582 Ο
2605 3529 2866 3590 benefice,
2903 3529 3178 3597 justorum
3215 3543 3445 3581 numero
3476 3544 3560 3581 ιιιθ

1977 3633 2230 3684 accense,
2266 3620 2457 3688 tuique
2485 3622 2692 3689 gaudii,
2726 3620 3018 3689 inculpatae
3058 3619 3257 3681 Matris
3292 3628 3417 3684 tuae,
3462 3635 3561 3672 au-

1978 3711 2333 3781 gelorumqne
2378 3724 2719 3777 sanctorum,
2777 3724 2832 3767 et
2887 3713 3285 3783 apostolorum,
3335 3718 3388 3764 et
3436 3726 3561 3781 pro-

1978 3803 2294 3871 phetarum,
2329 3804 2740 3875 et'martyrum,
2772 3816 2826 3859 et
2853 3804 3129 3872 justornm
3162 3804 3432 3866 omnium,
3465 3802 3558 3872 qui

1978 3906 2008 3945 a
2056 3894 2258 3947 saeculo
2308 3894 2553 3961 fuerunt,
2587 3897 2842 3963 precibus
2892 3895 3384 3956 intercedentilms,
3428 3911 3561 3947 con-

1978 3994 2158 4039 sortes
2212 4000 2314 4039 nos
2362 3985 2538 4050 eIlice,
2579 3987 2672 4056 qui
2721 4002 2845 4041 cum
2906 3987 3067 4041 Patre
3113 3995 3229 4050 tuo,
3263 3994 3316 4039 et
3352 3984 3560 4056 Spiritu

1979 4083 2176 4130 sancto
2196 4062 2265 4131 'es
2296 4079 2618 4133 benedictus
2653 4095 2799 4135 nunc
2829 4087 2883 4135 et
2912 4094 3151 4150 semper,
3181 4088 3236 4134 et
3272 4078 3323 4132 in
3360 4081 3560 4133 Stccula

1982 4168 2330 4224 smculorum.
2372 4170 2568 4226 Amen.

1620 4329 1642 4361 ⁹
1682 4328 1827 4384 Psal.
1880 4346 1991 4396 vnn,
2027 4327 2082 4384 6.

1884 4504 1996 4560 VII.

1911 4808 1956 4870 D
2061 4812 2370 4869 Eucomium
2411 4817 2464 4870 fu
2496 4825 2734 4871 sanctum
2786 4818 3043 4873 Joannem
3083 4816 3489 4875 l’rwcursorem.

1316 5000 1450 5054 Anc.
1490 4998 1597 5054 ΜΑΙ
1632 4999 1881 5075 Spicileg.
1918 5003 2074 5059 Rom.
2112 5011 2151 5057 t.
2188 5001 2279 5064 IV,
2307 5016 2361 5070 ι).
2390 5001 2513 5056 I50.

343 5118 425 5177 α’.
450 5119 631 5186 Δίδου,
661 5115 705 5174 ὧ
732 5122 886 5191 φωνὴ
919 5122 1014 5175 τοῦ
1040 5121 1443 5192 Λόγου,φίονήν’
1466 5121 1610 5175 δίδου
1640 5124 1794 5193 ἡμῖν,
1827 5118 1872 5177 ὦ

270 5213 439 5285 λύχνε
472 5213 571 5266 τοῦ
606 5215 806 5283 φωτὸς,
839 5214 939 5286 τὴν
974 5215 1175 5287 αὐγήν·
1196 5215 1340 5268 δίδου
1363 5217 1519 5287 ἡμῖν,
1561 5208 1608 5269 ὦ
1641 5216 1736 5269 τοῦ
1767 5217 1872 5272 Λόη

277 5321 377 5372 you
411 5306 720 5378 Πρόδρομε,
765 5306 860 5360 τοῦ
908 5306 1068 5376 λόγου
1116 5307 1206 5360 τὸν
1232 5306 1463 5379 δρόμον,
1514 5308 1601 5363 ἵνα
1638 5328 1696 5362 σε
1736 5310 1873 5381 πρὸς

283 5397 447 5461 ἀξίαν
474 5400 589 5461 τοῖς
621 5400 735 5462 σοῖς
769 5399 1193 5469 εὐφημήσαντες
1227 5401 1659 5470 ὲντρυφήσωμεν
1703 5402 1768 5471 σή
1782 5417 1870 5470 με·

281 5504 407 5556 ρησν
445 5490 640 5560 ὑμνεῖν
672 5490 780 5562 γάρ
811 5506 870 5544 σε
921 5490 1061 5545 κατὰ
1110 5492 1264 5562 χρέος
1296 5492 1553 5564 πατρῷόν
1605 5504 1630 5534 ι
1667 5509 1727 5545 τε
1770 5492 1867 5546 καὶ

276 5576 467 5634 ιδιῖῶν
505 5583 726 5635 πάντων
770 5583 953 5649 πλέον,
999 5578 1045 5637 ὦ
1070 5584 1370 5649 Hammer},
1412 5583 1867 5656 προθυμούμεθα.

2053 5125 2106 5178 1.
2138 5121 2183 5178 Ο
2217 5137 2319 5175 vox
2360 5119 2544 5182 Verbi,
2582 5117 2648 5171 da
2680 5121 2890 5173 vocem!
2936 5118 3014 5173 Tu
3049 5119 3266 5172 lucerna
3315 5117 3562 5186 luminis,

1981 5217 2046 5271 da
2110 5214 2266 5268 nobis
2323 5212 2702 5280 splendorem!
2762 5210 2806 5266 Ο
2858 5211 3018 5266 Verbi
3075 5208 3412 5274 Priccursor,
3496 5211 3561 5263 da

1979 5306 2137 5361 nobis
2188 5303 2337 5359 verbi
2380 5318 2622 5365 cursum,
2684 5310 2740 5355 ut
2793 5302 2952 5355 hodie
2991 5299 3325 5354 cxsultemns
3383 5300 3564 5367 dignis

1978 5400 2208 5467 teipsum
2275 5395 2604 5451 ceIebrando
2658 5392 2931 5448 laudibus!
2978 5392 3086 5447 Nos
3151 5393 3295 5446 enim
3352 5392 3564 5461 impulit

1977 5491 2192 5545 animus
2232 5498 2289 5543 ut
2317 5488 2522 5559 majora
2569 5488 2661 5541 tibi
2700 5502 2959 5542 canamus
3006 5501 3168 5556 quam
3222 5485 3464 5556 patribus
3504 5491 3562 5538 et

1962 5582 2256 5639 comtaueis
2290 5582 2419 5649 tuis,
2455 5597 2487 5637 ο
2517 5581 2673 5637 beate
2706 5578 2967 5637 Joannes!
2998 5578 3116 5650 plus
3151 5579 3257 5635 tuis
3300 5570 3557 5634 cumulati

1559 5734 1793 5792 VARIAE
1833 5734 2241 5792 LECTIONES.

406 5838 541 5887 σππτ
554 5828 730 5903 ρῴωνο
