4022 6206
412 406 556 472 3323

410 612 549 671 Cum
618 619 801 681 grates
869 608 1080 662 debitas
1130 620 1159 659 a
1201 604 1357 659 nobis
1413 602 1688 658 effundere
1760 612 1997 666 ncqtteac

412 717 555 767 inus,
587 702 764 756 denuo
816 699 882 753 ad
942 706 992 752 te
1024 695 1313 765 benignum
1349 692 1695 761 confugimus
1726 689 1999 750 datorem,

414 804 475 848 ut
525 790 809 860 praecariiis
840 789 1044 843 nostris
1073 786 1179 842 dux
1202 795 1257 840 et
1309 785 1563 854 magister
1597 779 1792 835 adesse
1837 777 1994 844 velis;

417 897 489 939 ne
554 880 739 936 forsan
804 890 854 935 te
913 880 1044 934 solis
1094 877 1274 932 verbis
1328 874 1712 946 przedicantes,
1775 881 1998 939 propter

430 976 718 1030 verborum
769 973 1071 1027 exilitatem
1104 979 1159 1025 et
1207 969 1460 1033 dedecus,
1509 965 1692 1036 gloria:
1741 975 1848 1016 tua:
1911 961 2008 1015 de-

425 1078 697 1122 tractores
723 1065 905 1134 potius
933 1064 1211 1117 videamur
1269 1077 1428 1131 quam
1478 1060 1617 1128 grati
1668 1055 2010 1111 laudatores.

425 1158 526 1224 Qui
557 1157 849 1209 verborum
908 1165 1216 1207 nostrorum
1275 1150 1678 1220 simplicitatem
1742 1145 2014 1214 ignorant,

423 1261 734 1304 sermonem
802 1246 1089 1313 requirunt
1182 1256 1488 1310 comparent
1542 1237 1898 1308 magnitudini
1954 1244 2010 1288 et

426 1341 672 1409 dignitati
704 1336 1083 1396 Prazcursoris,
1124 1349 1224 1388 nec
1272 1344 1509 1400 unquam
1563 1329 1772 1383 veniam
1827 1339 2021 1379 conce-

427 1431 558 1485 dunt
604 1429 830 1490 oratori,
870 1443 991 1481 eum
1017 1426 1223 1480 viribus
1254 1421 1650 1486 deficientibus,
1685 1419 2020 1489 propositum

428 1537 585 1575 suum
620 1536 725 1574 non
760 1519 996 1588 attingit,
1029 1528 1081 1570 et
1109 1514 1382 1568 ﬂammant
1414 1513 1482 1566 ab
1512 1510 1633 1565 aliis
1656 1517 2024 1579 exspectatam

430 1628 538 1667 non
573 1610 842 1665 accendit.
874 1610 1197 1675 Quicunque
1228 1614 1281 1658 te
1330 1602 1517 1671 gloria:
1546 1614 1744 1655 corona
1774 1598 2029 1652 redimire

430 1703 687 1768 voluerit,
704 1716 917 1772 semper
938 1716 966 1752 a
985 1699 1144 1768 digna
1165 1696 1477 1766 longissime
1495 1693 1692 1760 aberit;
1714 1705 1872 1745 nemo
1888 1705 2032 1743 enim

435 1794 565 1847 totis
613 1790 878 1845 exclamat
926 1788 1212 1848 faucibus,
1263 1785 1363 1839 nisi
1410 1784 1552 1838 furat
1590 1791 1645 1837 et
1712 1789 1894 1834 mente
1942 1793 2033 1832 so-

437 1883 535 1939 lita
606 1881 926 1938 excesserit.
985 1879 1124 1946 Quid
1180 1877 1345 1947 igitur
1412 1875 1541 1929 mibi
1598 1874 1864 1943 agendum
1924 1881 2033 1932 est,

440 1973 560 2043 qui,
616 1986 713 2042 per
761 1970 1002 2041 singulas
1058 1968 1242 2034 horas,
1302 1952 1614 2020 muneribus
1685 1963 1793 2018 tuis
1877 1961 2034 2015 innu-

441 2064 613 2121 meris
655 2064 819 2117 veluti
870 2063 1033 2115 arbor
1058 2060 1127 2114 ad
1180 2073 1388 2130 aquas,
1447 2057 1608 2112 undis
1671 2055 2041 2110 indesinenter

443 2155 813 2216 afﬂuentibus,
868 2167 964 2206 sua
1012 2150 1225 2217 agurina
1269 2151 1455 2212 sumit,
1500 2147 1571 2201 ita
1628 2161 1693 2200 ex
1738 2144 2042 2199 vivificanze

445 2245 723 2302 inlusione
776 2254 869 2298 tua
899 2258 1078 2297 uteum
1128 2239 1428 2310 profectqu
1470 2236 1682 2307 capio?
1732 2236 1870 2302 Quid
1916 2250 2044 2304 gra-

451 2342 579 2403 tius,
605 2353 671 2392 an
724 2336 889 2392 silere
941 2345 995 2389 et
1045 2333 1348 2387 nullatenus
1404 2330 1661 2395 clnnare,
1697 2329 1741 2383 si
1788 2326 1912 2396 quis
1966 2325 2047 2380 di-

449 2447 558 2506 gne
606 2429 808 2501 profari
869 2424 1119 2481 nesciat?
1171 2425 1254 2479 An
1287 2422 1523 2476 clamare
1550 2434 1656 2489 quo
1703 2419 1829 2489 quis
1876 2414 2049 2487 possit

450 2522 610 2578 modo
670 2520 743 2573 ita
780 2528 842 2572 ut
888 2515 1208 2570 indomitum
1270 2510 1467 2565 mentis
1512 2523 1757 2576 sensum
1818 2507 2047 2562 demon~

459 2624 619 2678 stret,
645 2608 858 2665 etiamsi
898 2621 1009 2677 prae
1037 2606 1186 2660 vocis
1222 2602 1591 2658 imbecillitate
1616 2600 1886 2670 ingentem
1931 2597 2045 2652 cla.

454 2718 662 2761 morem
729 2700 891 2756 edere
951 2695 1225 2767 nequeat?
1293 2692 1394 2748 llic
1461 2691 1700 2761 profecto
1751 2689 1922 2744 venire
1963 2687 2050 2742 di-

456 2811 596 2866 gnus
656 2802 760 2856 est,
819 2790 947 2862 quia
1001 2787 1322 2858 sapientium
1388 2796 1566 2856 partes
1627 2780 2049 2851 .complectitur.

457 2886 605 2940 inter
666 2883 853 2937 decem
904 2879 1147 2949 leprosos
1203 2892 1233 2931 a
1287 2875 1527 2930 Domino
1580 2872 1898 2938 inundatos,
1952 2870 2054 2925 fuit

460 2977 680 3047 quidam
725 2973 1049 3040 alienigena,
1078 2984 1142 3023 ex
1184 2967 1430 3022 Samaria
1477 2965 1781 3029 oriundus;
1834 2963 2058 3033 ingrata:

464 3070 637 3123 turbae
687 3067 1076 3119 adnumeratur
1132 3075 1254 3130 qua:
1316 3057 1648 3114 benefactori
1724 3072 1822 3112 suo
1881 3054 2055 3108 fausta

1369 400 1430 462 S.
1453 393 1872 461 SOPHRONII
1901 383 2409 454 PATRIARCHE
2447 372 2833 443 HIEROSOL

409 537 600 576 sumus
630 518 943 574 muneribus
971 528 1133 584 quam
1158 510 1423 580 maiorum
1454 520 1668 565 tuorum
1726 505 1990 569 omnium.
2024 504 2052 563 Α

2158 496 2336 567 ζπειδὴ
2392 494 2449 549 δὲ
2505 494 2725 547 πάντων
2778 487 2934 541 πλέον

3545 363 3688 431 332%

2987 486 3052 539 ὲκ
3114 485 3395 553 προγόνων
3436 498 3532 534 σου
3569 483 3692 544 ταῖς

2103 593 2332 663 δωρεαῖς
2380 583 2810 654 ἐνεσρύνθημεν,
2856 579 2953 632 καλ⁹
2989 577 3211 630 οῖκοθεν
3260 575 3417 629 τοῦτο
3469 573 3600 644 δρᾷν
3627 571 3694 625 οὐ

2103 662 2416 751 δυνάμενοι,
2468 674 2632 728 πάλιν
2685 671 2781 725 ἐπὶ
2833 670 2892 722 σὲ
2922 668 3015 721 τδν
3052 666 3349 739 φιλόδωρον
3404 662 3695 733 τρέχομεν,
3736 736 3744 743 .

2107 776 2206 829 καὶ
2240 773 2300 826 σὲ
2342 767 2598 839 γενέσθαι
2627 761 2868 836 χορηγὸν
2901 762 3036 831 ἡμῖν
3091 757 3200 813 τῶν
3245 756 3485 810 ἐπαίνων
3513 752 3700 808 αίτούο

2114 865 2277 939 μεθα.
2312 864 2432 916 Ἵνα
2467 862 2542 930 μή
2587 874 2647 910 σε
2683 855 2844 927 μόνον
2874 856 2988 915 τοῖς
3020 850 3079 916 ἐξ
3107 850 3267 922 ἡμῶν
3295 847 3476 916 λόγοις
3507 842 3704 916 γεραί-

2117 936 2319 1031 ροντες,
2348 951 2604 1027 ὑϐρισταί
2646 966 2790 1012 τινες
2821 942 2963 999 εῖναι
2993 945 3095 1015 τῆς
3125 939 3567 1013 μικροπρεπείας
3591 936 3701 990 τῶν

2116 1026 2291 1120 λόγων
2338 1048 2435 1103 καὶ
2491 1044 2718 1115 ἀτιμίας
2776 1039 3042 1108 δόξωμεν,
3099 1032 3448 1106 ἢὲπαινέται
3502 1046 3563 1083 τε
3602 1026 3699 1083 καὶ

2120 1143 2434 1213 εὐχάριστοι
2456 1178 2472 1203 ,
2498 1136 2651 1206 παρὰ
2676 1134 2791 1197 τοῖς
2814 1132 2917 1184 οὐκ
2948 1127 3115 1182 εἰδόσι
3140 1125 3240 1197 τὴν
3263 1123 3421 1195 ήμῶν
3445 1123 3504 1176 έν
3522 1120 3705 1190 λόγοις

2121 1212 2420 1297 εὐτέλειαν,
2453 1228 2591 1283 ἀλλά
2642 1225 2722 1297 τῷ
2757 1220 3046 1296 μεγέθειῆ
3080 1217 3206 1290 ἀξίᾳ
3251 1215 3347 1269 τοῦ
3395 1212 3708 1284 τιμωμένου

2123 1324 2451 1382 ἀπαιτοῦσιν
2490 1318 2629 1374 εἶναι
2681 1317 2771 1370 τὸν
2800 1314 2960 1382 λόγον
3009 1308 3310 1380 ἐφάμιλλον
3333 1323 3349 1341 ο
3380 1304 3477 1360 καὶ
3510 1301 3586 1374 μὴ
3629 1300 3711 1354 δι-

2125 1415 2276 1470 δοῦσι
2325 1409 2661 1480 συγγνώμην
2710 1407 2777 1476 τῇ
2821 1401 3080 1474 προθέσει
3135 1398 3232 1453 τοῦ
3286 1396 3558 1465 λέγοντος,
3616 1389 3713 1445 τοῦ

2129 1509 2298 1563 πόθου
2332 1506 2435 1575 τὴν
2462 1503 2641 1571 φλόγα
2671 1498 2747 1569 μὴ
2785 1494 3052 1567 φερούσῃ,
3092 1494 3143 1546 εί
3164 1492 3225 1546 τδ
3259 1490 3400 1560 ὑπὲρ
3446 1485 3617 1558 αὐτήν
3649 1487 3716 1538 ἐκ

2133 1602 2253 1673 βίας
2292 1596 2613 1668 ἐφάπτοιτο.
2649 1591 2776 1644 Ὀτι
2820 1587 2919 1658 μὲν
2949 1586 3059 1658 γὰρ
3080 1584 3220 1638 οἶσε
3268 1584 3389 1645 ταῖς
3418 1577 3715 1648 εὐφημίαις

2135 1669 2436 1762 στεφανοῦν
2458 1684 2769 1757 ὲθελήσοιεν
2791 1681 2980 1752 πόρρω
3012 1694 3114 1731 που
3139 1676 3238 1744 τῆς
3267 1671 3426 1738 ἀξίας
3454 1670 3551 1724 καὶ
3574 1669 3714 1723 πάνυ

2140 1759 2350 1856 μακρὸν
2405 1776 2836 1837 ἀπολείπονται,
2870 1768 3060 1824 οὐκέτι
3112 1765 3288 1829 οὐδεὶς
3332 1763 3410 1828 ώς
3461 1762 3561 1832 οὐχ
3612 1759 3717 1829 ὅλῳ

2140 1851 2394 1945 κηρύξειε
2428 1869 2506 1941 τῷ
2548 1867 2801 1937 στόματι,
2832 1865 2883 1917 εί
2937 1860 3013 1933 μὴ
3044 1858 3256 1930 μέμηνε
3309 1856 3405 1910 καὶ
3440 1853 3536 1908 τοῦ
3578 1851 3720 1905 κατά

2141 1942 2304 2037 φύσιν
2335 1962 2532 2032 ἐξέστη
2552 1959 2923 2030 φρονήματος.
2951 1953 3017 2007 Τί
3038 1946 3131 2006 οὖν
3157 1948 3266 2021 χρὴ
3293 1942 3722 2019 διαπράττεσθαι

2140 2060 2233 2114 τὸν
2253 2051 2367 2111 οἷον
2390 2054 2492 2128 ἐμὲ
2524 2052 2742 2125 μυρίοις
2767 2066 2863 2102 σου
2885 2046 3008 2101 καθ’
3027 2045 3179 2116 ὥραν
3203 2043 3445 2109 ἑκάστην
3467 2038 3719 2108 δωρεαῖς,
3786 2096 3793 2103 ,

2143 2151 2335 2221 ὥσπερ
2381 2166 2436 2202 τι
2482 2144 2704 2215 δένδρον
2745 2142 2881 2211 παρ’
2915 2138 3073 2194 ὕδασι
3116 2137 3217 2206 τὴν
3262 2132 3489 2203 φυτείαν
3536 2129 3721 2201 λαχὸν,

2145 2240 2510 2313 ἀῷευόμενον
2546 2238 2641 2290 καὶ
2675 2234 2928 2305 ἀλήκτως
2959 2227 3386 2302 παραρρέουσαν
3413 2227 3607 2294 ἔχον-τα
3626 2221 3728 2291 τῆς

2147 2337 2248 2406 σῆς
2286 2329 2652 2403 ὲνεργητικῆς
2693 2327 2907 2399 χύσεως
2936 2325 3038 2395 τὴν
3067 2323 3339 2386 ἒπίδοσινς
3387 2315 3536 2387 Ἆρα
3570 2317 3729 2386 σιγᾷν

2149 2428 2243 2480 καὶ
2287 2422 2457 2495 μηδὲν
2491 2422 2627 2485 ὅλως
2657 2418 2788 2490 βοᾷν
2815 2416 3171 2489 χαριστήριον
3200 2415 3283 2467 ὅτι
3314 2410 3437 2466 κατ’
3469 2410 3629 2477 ἀξίαν
3655 2409 3730 2480 μὴ

2148 2516 2478 2584 δεδύνηται,
2505 2511 2540 2583 ἢ
2594 2508 2725 2581 βοᾷν
2750 2508 2826 2573 ώς
2858 2501 2968 2571 οἷός
2999 2523 3057 2559 τε
3109 2506 3196 2576 εἴη
3229 2504 3324 2558 καὶ
3352 2501 3599 2571 δύνηται,
3637 2498 3735 2552 καὶ

2149 2605 2327 2677 ταύτῃ
2348 2600 2631 2656 δεικνύναι
2666 2602 2766 2669 τῆς
2795 2596 3023 2668 ἐνούσης
3051 2595 3202 2666 αὐτῷ
3230 2595 3458 2666 γνώμης
3483 2594 3543 2646 τὸ
3567 2593 3736 2661 ἄσχε-

2150 2715 2244 2751 τον
2269 2714 2285 2765 ;
2319 2696 2423 2750 κᾶν
2451 2696 2484 2766 ἡ
2520 2694 2617 2765 βοὴ
2639 2692 2846 2760 ταύτης
2869 2688 2932 2742 τὸ
2968 2688 3196 2761 μέγεθος
3226 2688 3295 2741 δι’
3326 2686 3535 2740 οίκείαν
3568 2701 3735 2755 φανε-

2158 2789 2288 2861 ροῦν
2323 2786 2398 2858 μὴ
2432 2785 2632 2856 ίσχύσῃ
2658 2782 3023 2854 σμικρότητα.
3059 2778 3119 2831 '0
3148 2778 3248 2848 μὲν
3280 2777 3391 2850 γὰρ
3427 2777 3523 2830 καὶ
3548 2773 3740 2828 ἀποδο-

2155 2883 2256 2953 χῆς
2287 2879 2438 2945 ἄξιος
2471 2876 2742 2947 κρίνεται,
2794 2869 2901 2924 κᾶν
2945 2870 3048 2940 τὴν
3088 2868 3199 2922 τῶν
3249 2867 3741 2937 εὐγιωμονούντων

2162 2972 2363 3042 μοῖραν
2412 2965 2730 3036 λογίζηται·
2775 2960 2922 3016 καθά
2949 2961 3205 3023 κάκεῖνος
3249 2961 3279 3016 ὁ
3334 2960 3392 3013 έν
3442 2961 3509 3030 τῇ
3556 2957 3739 3012 δεκάδι

2157 3061 2270 3115 τῶν
2309 3057 2417 3112 ὐπὸ
2440 3057 2535 3111 τοῦ
2566 3055 2821 3124 Σωτῆρος
2860 3050 3252 3123 καθαρθέντων
3275 3048 3493 3122 λεπρῶν
3516 3048 3745 3116 ἀλλογε-

464 3179 530 3219 ex
551 3163 753 3216 viribus
784 3174 887 3214 non
939 3156 1412 3228 deprecabantur:
1444 3153 1705 3223 languore
1743 3151 1888 3205 enim
1924 3165 2051 3218 pur-

2160 3150 2256 3221 νὴς
2288 3130 2383 3203 καὶ
2422 3145 2716 3215 ἀλλόφυλος
2739 3160 2755 3175 ’
2783 3145 2813 3198 ό
2841 3143 2899 3197 δὲ
2953 3142 3033 3215 τῷ
3062 3141 3173 3196 τῶν
3219 3140 3532 3213 ἀχαρίστων
3561 3138 3743 3207 στίφει

467 3253 602 3323 gati,
653 3251 879 3321 gloriam
912 3247 1023 3302 Deo
1064 3262 1169 3302 non
1209 3235 1541 3311 tribuerunt,
1572 3243 1663 3313 qui
1710 3240 1841 3312 ipsis
1894 3256 2051 3295 mun-

468 3345 743 3402 dationem
772 3343 1015 3399 dederat.

545 3615 601 3670 2.
638 3614 762 3669 ldeo
827 3625 934 3667 non
981 3617 1067 3664 est
1135 3606 1426 3672 silendum,
1488 3603 1584 3659 sed
1634 3602 1729 3657 tibi
1777 3600 1961 3657 laudes
1999 3615 2065 3656 ex

477 3706 565 3763 aff.
585 3716 673 3762 ctu
702 3702 1000 3759 tribuenda:
1024 3709 1170 3768 sunt,
1190 3697 1400 3755 etiamsi
1429 3697 1495 3752 ad
1519 3693 1893 3752 celsitudinem
1922 3704 2065 3747 tuam

479 3816 585 3856 non
614 3799 963 3867 attingamus.
987 3791 1338 3862 Nequaquam
1363 3802 1649 3856 carpamus
1674 3786 1930 3855 probrum
1956 3783 2070 3837 illo-

487 3909 610 3948 rum
669 3904 886 3953 novem,
921 3887 1247 3943 celebratam
1289 3889 1470 3936 autem
1542 3880 1855 3935 societatem
1926 3876 2069 3932 illius

480 3986 801 4051 habeamus,
845 3982 936 4051 qui
1005 3979 1211 4049 gratior
1261 3974 1535 4047 judicatus
1594 3971 1714 4027 fuit.
1773 3970 1958 4026 Clama
2015 3968 2067 4021 in

486 4078 673 4141 nobis,
735 4092 769 4131 ο
822 4074 1090 4144 Baptista,
1155 4071 1301 4125 sicut
1359 4068 1509 4138 prius
1568 4064 1843 4121 clamasti‘
1877 4062 1930 4116 in
1969 4062 2063 4116 de-

487 4179 668 4224 serto:
719 4166 921 4223 deserti
992 4163 1138 4218 enim
1202 4174 1391 4215 sumus
1455 4169 1511 4214 et
1570 4156 1739 4212 verbo
1811 4161 1866 4209 et
1940 4166 2072 4207 voce

486 4268 542 4314 et
604 4257 930 4327 splendore,
985 4253 1183 4322 quibus
1236 4249 1421 4323 gloriae
1480 4258 1583 4301 tua:
1654 4260 1853 4301 corona
1917 4259 2070 4298 coni-

489 4351 764 4422 plectitur.
819 4347 932 4403 lino
978 4358 1035 4400 et
1091 4344 1254 4397 altius
1303 4343 1475 4398 clama
1528 4341 1582 4395 in
1628 4340 1818 4393 nobis:
1871 4337 2072 4391 clama-

492 4442 668 4495 bimus
712 4454 836 4494 eum
867 4436 1211 4503 clamaveris,
1248 4446 1302 4489 et
1328 4433 1608 4489 silebimus
1630 4448 1750 4486 cum
1811 4416 2057 4491 silueris,

492 4532 594 4587 etsi
656 4532 904 4601 ingentes
951 4529 1151 4584 edituri
1206 4543 1450 4582 essemus
1498 4527 1790 4581 clamores.
1853 4520 2073 4575 Clamor
2107 4503 2151 4558 ί)

495 4632 678 4679 noster
707 4623 773 4677 ad
821 4619 1050 4676 nihilum
1088 4619 1445 4688 reputabitur,
1479 4616 1580 4670 nisi
1624 4630 1692 4669 ex
1744 4613 1930 4667 divino
1964 4610 2075 4664 cl..-

498 4729 649 4771 more
702 4724 794 4769 tuo
842 4728 997 4768 suum
1043 4711 1313 4781 fragorem
1356 4709 1637 4774 hauserit,
1692 4715 1745 4761 et
1811 4720 2075 4774 nusquam

497 4818 765 4865 terrarum
805 4820 908 4860 vox
950 4814 1132 4859 nostra
1161 4803 1431 4865 audietur,
1471 4801 1573 4856 nisi
1607 4814 1637 4854 e
1679 4812 1812 4853 voce
1846 4808 1932 4851 tua
1965 4813 2079 4850 ina-

497 4915 600 4970 gna
626 4899 859 4954 sonitum
912 4896 1226 4966 sumpserit.
1276 4894 1400 4948 Ideo
1452 4892 1572 4963 plus
1626 4890 1905 4961 magisque
1944 4900 1994 4943 te
2026 4890 2078 4941 in

500 4990 824 5060 adiutorium
862 4989 1178 5044 invocamus
1210 4996 1264 5043 et
1301 4986 1693 5056 adprecaniur,
1746 4992 1802 5037 ut
1841 4983 2079 5052 linguam

501 5094 766 5146 nostram,
799 5096 930 5136 rore
967 5088 1272 5145 carentem,
1318 5094 1347 5131 a
1396 5075 1625 5130 vinculis
1668 5074 1939 5136 absolvas,
1972 5071 2083 5124 ινα-Ι-

501 5175 581 5230 uti
646 5176 918 5230 nascendo
987 5172 1226 5240 linguam
1278 5168 1451 5240 patris
1499 5167 1780 5221 Zachariae
1837 5161 2079 5218 solvisti!

505 5268 578 5321 Da
634 5280 848 5336 quoque
906 5264 1239 5334 supplicibus
1282 5262 1436 5317 nobis
1484 5276 1670 5315 vocem
1702 5259 1770 5312 ad
1818 5256 2084 5326 praeconia

412 5398 415 5399 ν
507 5369 593 5413 tua
638 5358 793 5428 longe
839 5356 1056 5425 lateque
1089 5354 1460 5419 dilfundenda,
1506 5350 1962 5422 quemadmodum
2013 5347 2089 5401 iu-

507 5450 628 5506 fans
686 5450 988 5520 genitorem
1063 5460 1209 5502 tuum
1268 5462 1403 5503 voce
1460 5444 1674 5502 donasti
1754 5443 1822 5498 ad
1890 5456 2086 5496 nomen

509 5555 658 5596 tuum
708 5541 924 5611 publice
991 5539 1405 5611 proferendum.
1448 5538 1507 5593 Si
1562 5537 1741 5607 lingua
1796 5535 1916 5602 ejus
1968 5532 2091 5586 alli-

506 5644 629 5704 gata
681 5633 783 5687 fuit
822 5633 949 5687 dum
1016 5647 1113 5700 per
1167 5631 1459 5685 adventum
1511 5640 1662 5683 tuum
1722 5626 1865 5681 illam
1912 5624 2089 5680 solve-

508 5740 596 5780 res
630 5731 685 5777 et
725 5723 790 5776 ad
821 5722 1166 5776 salutandum
1201 5723 1457 5791 tcipsum,
1496 5733 1766 5783 moveres,
1823 5715 2093 5791 quomodo

512 5816 748 5885 linguam
817 5822 1055 5870 nostram
1114 5815 1166 5871 in
1246 5814 1457 5871 laudem
1527 5823 1672 5869 tuam
1739 5811 2092 5877 movebimus,

2166 3241 2517 3302 συνάπτεται,
2546 3237 2637 3291 τὸν
2667 3234 2970 3306 εὐεργέτην
2996 3233 3097 3287 οὐκ
3129 3231 3396 3302 εὐφημῶν
3426 3230 3565 3284 κατά
3585 3228 3750 3282 δύνα-

2168 3347 2283 3402 μιν,
2332 3329 2478 3383 καθά
2512 3329 2609 3382 καὶ
2655 3320 2805 3380 οὗτοι
2836 3324 3125 3394 είληφότες
3170 3323 3269 3395 μὲν
3310 3322 3411 3391 τῆς
3458 3321 3616 3374 νόσου
3645 3316 3752 3388 τὴν

2166 3420 2458 3490 κάθαρσιν,
2485 3418 2543 3472 οὐ
2575 3416 2871 3479 δεδωκότες
2899 3415 2958 3468 δὲ
3002 3413 3166 3479 δόξαν
3196 3412 3417 3486 Χριστῷ
3437 3410 3515 3483 τῷ
3541 3408 3747 3481 ταύτην

2166 3514 2348 3577 αὐτοῖς
2373 3510 2628 3565 δεδωκότι
2648 3510 2745 3581 τὴν
2776 3508 3073 3581 κάθαρσιν.

2241 3602 2308 3674 β’.
2345 3600 2557 3655 Οὐκοῦν
2588 3599 2651 3653 οὐ
2693 3598 3021 3671 σιωπητέον,
3048 3597 3270 3651 λεκτέον
3297 3596 3354 3651 δέ
3389 3614 3474 3651 σοι
3499 3596 3751 3668 ποθητῶς

2168 3695 2230 3749 τὸ
2252 3692 2552 3764 ἐγκώμιον,
2583 3693 2632 3746 εί
2657 3692 2752 3745 καὶ
2785 3691 3021 3745 κατόπιν
3067 3690 3167 3762 τῆς
3196 3690 3299 3758 σῆς
3327 3689 3756 3760 μεγαλειότητος

2168 3760 2450 3856 λέξοιμεν·
2488 3784 2564 3848 ώς
2601 3783 2668 3838 ἂν
2699 3784 2775 3854 μὴ
2822 3782 3034 3837 τούτων
3082 3760 3197 3835 τῶν
3238 3779 3396 3835 ἐννέα
3428 3780 3521 3834 τδν
3559 3780 3753 3852 μῶμον
3784 3760 3785 3763 Ἴ

2182 3874 2531 3949 δρειιιιόμεθα⁹
2583 3872 2720 3928 ἀλλά
2772 3871 2869 3926 τοῦ
2919 3871 3206 3944 κριθέντος
3260 3870 3601 3942 εὐγνώμονος
3653 3869 3756 3941 τὴν

2173 3965 2463 4038 ἐπαινετὴν
2512 3964 2758 4037 ἑταιρίαν
2802 3964 3164 4036 ἀρπάσωμεν.
3221 3960 3429 4034 Βόησον
3472 3961 3674 4026 τοίνυν,
3707 3955 3756 4014 ὦ

2173 4059 2480 4125 Βαπτιστά,
2507 4058 2603 4112 καὶ
2640 4055 2737 4110 νῦν
2765 4057 2822 4110 ὲν
2857 4057 2995 4127 ἡμῖν
3041 4055 3118 4119 ώς
3165 4054 3226 4109 ὲν
3251 4055 3446 4126 ἐρήμῳ
3476 4054 3537 4107 τὸ
3559 4054 3760 4126 πρότε-

2177 4169 2291 4223 ρον.
2332 4149 2572 4220 Ἔρημοι
2616 4149 2727 4220 γὰρ
2755 4148 2854 4201 καὶ
2885 4149 3047 4219 ἡμεῖς
3089 4146 3250 4216 λόγου
3298 4149 3396 4200 καὶ
3445 4147 3633 4217 φωνῆς
3662 4145 3760 4201 καὶ

2173 4243 2348 4298 ταῦτα
2384 4239 2706 4313 βλαστώσης
2758 4239 2933 4309 αὐγῆς
2965 4238 3428 4309 καθεστήκαμενο
3465 4236 3524 4305 ἐξ
3554 4230 3628 4290 ὧν
3673 4253 3763 4290 σοι

2175 4336 2271 4389 καὶ
2298 4334 2366 4388 δι’
2387 4327 2462 4387 ὧν
2494 4336 2523 4387 ό
2552 4332 2653 4402 τῆς
2698 4330 2981 4402 εὐφημίας
3031 4329 3399 4384 ἀναπλέκεται
3456 4332 3722 4397 στέφανος
3742 4347 3758 4363 ο

2178 4429 2376 4499 βόησον
2433 4426 2527 4481 καὶ
2588 4424 2682 4478 νῦν
2718 4426 2778 4477 ὲν
2825 4424 2958 4494 ἡμῖν
3013 4422 3408 4493 γεγωνότερον.
3438 4421 3764 4492 Βοησόμεθα

2178 4523 2288 4594 γὰρ
2311 4523 2360 4574 εί
2411 4519 2690 4590 βοήσειας,
2730 4517 2829 4571 καὶ
2874 4516 3180 4587 σιγήσομεν
3211 4517 3261 4569 εί
3297 4514 3607 4586 σιγήσειας.
3656 4514 3763 4568 κᾶν

2182 4610 2586 4684 μεγαλοφώνως
2649 4609 2779 4681 βοᾷν
2831 4608 3220 4683 προῃρήμεθα.
3281 4609 3377 4672 Εἰς
3428 4608 3583 4661 οὐδὲν
3651 4606 3762 4676 γὰρ

2179 4706 2338 4777 ἡμῶν
2375 4707 2409 4774 ἡ
2462 4702 2559 4775 βοὴ
2598 4702 3015 4772 λογισθήσεται,
3054 4701 3127 4772 μὴ
3158 4703 3223 4771 τῇ
3253 4699 3505 4771 θειοτέρα
3536 4715 3633 4752 σου
3662 4700 3762 4769 βοῇ

2179 4799 2239 4853 τὸ
2274 4797 2459 4860 σθένος
2501 4795 2856 4866 λαμϐάνουσα
2883 4811 2898 4826 ο
2946 4794 3044 4848 καὶ
3087 4792 3348 4860 οὐδαμόθι
3398 4792 3503 4862 γῆς
3531 4792 3690 4862 ἡμῶν
3730 4793 3767 4861 ἡ

2182 4891 2335 4961 φωνὴ
2376 4889 2801 4959 ἀκουσθήσεται,
2835 4886 2913 4959 μὴ
2944 4888 3009 4941 ὲκ
3038 4890 3137 4957 τῆς
3176 4885 3420 4958 μεγάλης
3448 4902 3542 4939 σου
3580 4883 3770 4953 φωνῆς

2181 4981 2466 5052 δεχόμενοι
2515 4979 2574 5033 τὸ
2624 4977 2842 5049 εὐηχον.
2869 4977 2977 5031 κΔιὸ
3012 4978 3218 5046 μᾶλλον
3273 4977 3371 5031 καλ⁵
3428 4976 3629 5047 μᾶλλον
3682 4977 3770 5038 είς

2187 5074 2506 5145 συμμαχίαν
2537 5090 2599 5126 σε
2633 5070 3062 5143 προκαλούμεθα
3092 5072 3188 5125 καλ⁵
3215 5070 3378 5125 λῦσαι
3401 5069 3638 5140 δεόμεθα
3664 5067 3771 5138 τὴν

2185 5168 2432 5236 γλῶτταν
2485 5164 2642 5238 ἡμῶν
2694 5165 2910 5237 ἀφωνίᾳ
2982 5163 3365 5227 δουλεύουσαν,
3426 5162 3617 5234 ὥσπερ
3671 5163 3774 5214 καὶ

2189 5260 2471 5330 Ζαχαρίας
2501 5260 2579 5330 τῷ
2627 5259 2800 5330 πατρὶ
2849 5258 3018 5313 πάλαι
3056 5256 3346 5328 γενόμενος
3399 5256 3629 5319 ἔλυε-(ις’
3673 5256 3775 5308 καὶ

2188 5353 2370 5406 δοῦναι
2395 5354 2578 5424 φωνὴν
2601 5353 2922 5425 ἱκετεύομεν
2956 5354 3093 5426 πρὸς
3113 5352 3212 5425 τὴν
3233 5356 3331 5424 τῆς
3363 5356 3462 5422 σῆς
3492 5350 3778 5423 εὐφημίας

2190 5445 2513 5517 ἀνάρρησιν,
2540 5444 2685 5499 καθά
2728 5445 2969 5517 κάκείνῳ
3002 5445 3323 5515 τικτόμενος
3360 5443 3600 5505 δέδωκας
3633 5442 3779 5513 πρὸς

2193 5536 2291 5607 τὴν
2334 5533 2428 5587 τοῦ
2458 5534 2551 5588 σού
2587 5534 2934 5606 δημηγορίαν
2976 5535 3265 5606 ὀνόματος.
3322 5535 3388 5587 Εἰ
3419 5534 3528 5603 γὰρ
3564 5535 3779 5596 ἐκεῖνος

2194 5630 2292 5698 τὴν
2327 5627 2572 5696 γλῶτταν
2612 5628 2888 5698 πεπέδητο
2934 5628 3039 5691 ἕως
3088 5627 3261 5697 αὐτὴν
3295 5627 3328 5696 ἡ
3358 5626 3426 5697 σὴ
3452 5624 3779 5697 προέλευσις

2196 5720 2379 5788 ἔλυσε,
2411 5721 2507 5775 καὶ
2537 5719 2635 5790 τῆς
2663 5720 2763 5791 σῆς
2798 5719 3173 5792 προσηγορίας
3225 5718 3485 5791 κεκίνηκε
3524 5715 3778 5786 πρόοδος.

2201 5812 2317 5878 πῶς
2344 5810 2410 5869 ἂν
2434 5813 2598 5884 ἡμεῖς
2632 5812 2768 5886 πρὸς
2799 5812 2897 5885 τὴν
2932 5811 3030 5884 σὴν
3060 5811 3338 5884 εὐφημίαν
3394 5811 3496 5883 τὴν
3529 5806 3782 5880 γλῶτταν
