4058 6190
256 455 394 521 3395

846 459 1131 521 ORATIO
1158 460 1364 522 VIIk—
1407 463 1814 525 ENCOMIUM
1858 463 1940 525 ΙΝ
1974 459 2412 523 S.IOANNEM
2453 457 2897 519 BAPTISTAM.

3371 454 3510 518 3326

253 570 594 637 κινήσοιμεν,
621 567 696 637 μὴ
729 566 823 620 σοῦ
857 568 1062 639 ταύτην
1081 569 1356 634 κινοῦντος
1384 572 1477 624 καὶ
1506 575 1820 644 στρέφοντος

1937 571 2040 624 nisi
2075 571 2218 624 illaut
2253 584 2486 630 moveas,
2531 579 2710 621 vertas
2746 578 2798 620 et
2838 568 2902 619 ad
2945 580 3161 618 cursum
3197 573 3344 619 tuum
3379 567 3511 621 diri-

252 659 344 711 καὶ
373 657 512 730 πρὸς
540 659 602 711 τὺ
632 658 724 716 σὺν
750 661 920 734 αὐτὴν
949 663 1371 728 κατευθύνοντος
1406 667 1653 734 στάδιον;

319 747 390 819 γ’.
428 750 591 807 Ἀλλά
623 769 713 821 μοι
745 755 884 824 πρὸς
910 755 1008 826 τὴν
1035 757 1259 826 βαλϐίδα
1286 760 1398 812 τῶν
1425 759 1602 828 λόγων
1628 764 1655 814 ό
1675 761 1830 829 λόγος

247 841 444 907 ἐλθὼν,
499 844 596 897 καὶ
645 845 782 916 πρὸς
825 847 925 916 τὴν
979 848 1086 900 τῶν
1127 850 1234 902 σῶν
1275 849 1572 921 θαυμάτων
1623 853 1831 922 πληθὺν

249 933 724 1005 ἑκθαμϐοὑμενος,
756 925 964 1010 ἀπορία
991 940 1277 1010 συνέχεται
1326 943 1554 1013 μείζονι,
1585 945 1708 998 ὅθεν
1729 945 1831 1015 τῆς

250 1028 395 1079 κατᾶ
448 1027 511 1079 σὲ
562 1029 874 1098 διηγήσεως
923 1032 1177 1102 ἄρξηται.
1241 1034 1352 1105 Τὴν
1396 1037 1652 1106 γέννησιν
1683 1039 1830 1090 εἴποι

249 1115 479 1186 πρώτην
507 1117 574 1188 ἣν
599 1121 626 1170 ὀ
657 1119 903 1190 Γαϐριὴλ
930 1124 1279 1192 προεμήνυσε
1310 1123 1385 1187 ὡς
1427 1127 1602 1195 χαρᾶς
1634 1127 1830 1196 ἐσομέ-

249 1222 349 1275 νην
380 1206 459 1275 τῷ
492 1208 685 1278 κόσμῳ
711 1211 1028 1280 προοίμιονς
1084 1213 1246 1266 Ἀλλὰ
1278 1217 1377 1285 τὴν
1421 1219 1718 1287 κυοφορίαν
1762 1220 1829 1290 ἣν

249 1299 284 1369 ἡ
307 1301 495 1370 στεῖρα
526 1299 702 1370 γραῦς
727 1301 802 1363 ὡς
832 1303 1091 1374 ὑπερφυᾶ
1115 1308 1449 1378 περιέκρυϐε
1472 1325 1486 1372 ;
1545 1311 1707 1364 Ἀλλὰ
1729 1311 1828 1387 τῂν

247 1390 574 1458 ὲγγάστριον
627 1391 853 1461 ὄρχησιν
901 1394 1001 1461 τὴν
1058 1395 1282 1468 πρώτην
1326 1398 1457 1451 Θεὸν
1501 1400 1829 1470 ἐγγάστριον

249 1483 386 1534 πᾶσι
418 1482 771 1554 κηρύξγσαν;
829 1484 993 1538 Ἀλλά
1040 1486 1139 1556 τὴν
1187 1489 1252 1540 ἐκ
1297 1490 1515 1559 στείρας
1572 1492 1828 1557 ἀπότεξιν

249 1576 485 1645 ἱττορεῖν
519 1575 872 1646 ἐπεθύμησε;
920 1577 1081 1630 Ἀλλὰ
1135 1581 1228 1632 καὶ
1260 1581 1490 1650 πορείαν
1529 1584 1828 1654 τριήμερον

244 1667 414 1735 ἤνυσε
445 1667 540 1719 καὶ
571 1667 764 1737 χρόνον
817 1673 1164 1738 τριμηνιαῖον
1201 1671 1559 1740 παρέμεινεν,
1590 1674 1678 1727 ἵνα
1729 1674 1829 1746 τὴν

243 1755 572 1826 θαυμαστήν
601 1772 697 1809 σου
751 1756 1081 1828 θεωρήσασα
1114 1759 1366 1830 γέννησιν
1396 1760 1576 1832 τὸτῆς
1599 1763 1829 1834 Τριάδος

244 1848 367 1909 ἑνὸς
405 1848 591 1917 μήτηρ
621 1848 1000 1919 ἀπειρόγαμος
1039 1849 1262 1904 ἔσεσθαι
1294 1853 1354 1904 οὑ
1385 1852 1695 1925 συνελήφθη
1738 1854 1828 1924 βε-

242 1939 423 2001 ϐαίως
475 1957 531 1992 τε
561 1941 655 1993 καὶ
713 1941 1000 2010 ἀραρότως
1065 1942 1437 2010 πιστεύσειεν;
1513 1946 1674 2000 Ἀλλά
1721 1948 1822 2016 τήν

239 2030 580 2100 γαλούχησιν
631 2034 698 2104 ἢν
737 2033 904 2104 ξηρός
943 2051 1028 2087 σοι
1066 2033 1268 2104 μασθὸς
1305 2035 1473 2108 θηλὴν
1513 2037 1599 2091 διὰ
1645 2040 1822 2108 γῆρας

242 2121 380 2191 βαθὺ
434 2124 758 2193 παραδόξως
803 2126 1129 2196 προέχευενς
1185 2127 1345 2181 Ἀλλά
1376 2128 1478 2200 τὴν
1530 2131 1588 2182 ἐν
1626 2131 1824 2202 ἐρήμῳ

238 2215 452 2267 δίαιταν
484 2217 550 2286 ἣν
571 2218 598 2269 ὁ
627 2217 833 2286 κόσμος
862 2219 1062 2288 χωρεῖν
1095 2219 1195 2272 οὐκ
1224 2220 1478 2288 ἠδύνατο,
1511 2221 1608 2293 τὴν
1634 2224 1697 2276 ὲκ
1723 2225 1822 2292 τῆς

244 2307 448 2374 ἐρήμου
483 2307 620 2376 πρὸς
674 2308 767 2360 τὸν
829 2308 1047 2379 Ἰσραὴλ
1093 2311 1412 2364 τελευταίαν
1453 2315 1549 2365 καὶ
1597 2315 1820 2384 πρώτην

248 2395 512 2461 ἀνάδειξιν
544 2395 612 2447 δι’
639 2391 707 2467 ἧς
741 2396 923 2459 αὐτοῖς
950 2394 1040 2448 τὸν
1062 2398 1296 2468 Χριστὸν
1329 2399 1685 2466 ὲξεκάλυπτε,
1722 2402 1823 2454 καὶ

242 2485 342 2555 τήν
375 2487 483 2539 τῶν
533 2486 779 2557 οὐρανῶν
840 2487 1118 2557 βασιλείαν
1173 2490 1461 2561 ἐκήρυττε.
1509 2475 1688 2546 "am
1728 2494 1820 2548 τὸν

251 2577 524 2648 Ἰορδάνην
556 2581 613 2632 ὲν
660 2572 704 2646 ᾧ
734 2579 826 2632 τὸν
870 2580 1012 2633 λεὼν
1047 2579 1395 2652 ὲκαθάριξες,
1447 2583 1538 2636 καὶ¹
1565 2583 1633 2636 δι’
1662 2578 1724 2637 οὗ
1760 2602 1820 2638 σε

232 2670 476 2740 Χριστὸς
515 2671 838 2742 ὲκαθάρισε,
896 2672 1209 2743 λειτουργόν
1254 2691 1312 2727 σε
1368 2674 1547 2728 λαϐὼν
1583 2678 1822 2747 ποιήσας

230 2761 327 2814 τοῦ
356 2761 562 2814 οἰκείου
597 2762 1010 2834 βαπτίσματος;
1057 2764 1166 2834 Τὴν
1191 2765 1514 2836 νομοθεσίαν
1539 2766 1605 2837 ἢν
1632 2768 1819 2837 φιλαν-

233 2851 476 2924 θρώπως
519 2856 629 2918 τοῖς
670 2855 1018 2925 πειθομένοις
1070 2856 1392 2924 ἐθέσπιζες;
1448 2859 1558 2929 Τὴν
1589 2861 1818 2932 ἀπειλὴν

233 2947 304 3014 ἦν
328 2943 613 3016 ὲμϐριθῶς
653 2949 768 3007 τοῖς
806 2947 1098 3002 ἀπειθοῦσι
1127 2949 1465 3020 προέφερες;
1517 2951 1629 3023 Τὴν
1679 2955 1822 3025 παῤ-

233 3036 436 3105 ρησίαν
466 3035 534 3088 δι’
558 3030 626 3107 ἧς
684 3038 951 3107 ἄρχοντας
983 3041 1079 3092 καὶ
1120 3041 1373 3110 βασιλέας
1426 3041 1815 3113 κατέπληττες,

231 3128 337 3182 καὶ
371 3129 439 3198 ἢν
491 3128 657 3192 ἀξίως
689 3131 717 3182 ὁ
751 3129 1006 3198 βασιλεὺς
1050 3130 1299 3201 Ἡρώδης
1325 3133 1616 3204 ὲτρόμασε,
1646 3134 1740 3188 καὶ
1770 3138 1818 3188 ει

234 3217 402 3273 πάθει
430 3218 653 3287 γυναίου
688 3220 750 3274 τὸ
780 3219 898 3283 δέος
937 3220 1216 3288 ἀπέϐαλες
1256 3222 1367 3295 Τὴν
1397 3225 1651 3292 γενναίαν
1679 3226 1817 3278 ἀπο-

229 3309 412 3380 τομὴν
442 3310 536 3364 καὶ
564 3310 664 3380 τῆς
685 3312 874 3382 τιμίας
905 3313 1147 3383 κεφαλῆς
1180 3313 1278 3385 τὴν
1307 3315 1620 3386 ἀφαίρεσιν,
1661 3317 1727 3369 δι’
1751 3312 1819 3387 ἧς

234 3401 470 3454 σεαυτὸν
504 3401 728 3454 διπλοῦν
767 3400 860 3456 τοῦ
895 3403 1147 3474 Σωτῆρος
1191 3408 1537 3475 κατέστησας
1585 3407 1820 3477 Πρόδρο-

240 3509 366 3562 μον,
396 3493 497 3545 οὐκ
530 3493 626 3546 ἐπὶ
666 3494 770 3563 γῆς
813 3495 972 3564 μόνον
1016 3494 1181 3549 αὐτοῦ
1223 3496 1428 3568 προῖὼν
1459 3499 1553 3552 καὶ
1592 3498 1820 3568 προτρὲ-

236 3602 374 3654 χων,
409 3584 546 3638 ἀλλά
581 3586 674 3639 κα)⁸
713 3588 792 3650 εἰς
825 3586 958 3658 ᾅδην
1009 3587 1328 3656 γιγνόμενος
1365 3590 1676 3662 Πρόδρομος
1721 3608 1819 3644 κα-

249 3678 533 3746 ραδοκοῦσι
574 3678 670 3732 καὶ
707 3678 981 3748 μένουσιν,
1023 3679 1216 3751 ὥσπερ
1245 3683 1356 3744 τοῖς
1411 3683 1503 3735 ἐπὶ
1530 3684 1634 3752 γῆς
1685 3699 1818 3755 προ-

239 3769 527 3839 κηρύττων
553 3770 719 3824 αὐτοῦ
749 3770 851 3840 τὴν
881 3772 1146 3840 σωτήριον
1184 3771 1410 3840 ἄφεσιν;

315 3862 377 3916 δ’.
431 3862 595 3916 Ἀλλά
639 3863 694 3917 τί
744 3862 855 3916 τῶν
886 3861 995 3915 σῶν
1026 3863 1341 3933 ἐπέλθωμεν
1389 3864 1816 3938 πρότερονςῆτί

232 3953 661 4023 καταλείψωμεν
724 3954 1009 4026 δεύτερονς
1083 3955 1314 4010 ἑκάστου
1371 3957 1471 4028 τὴν
1543 3958 1816 4029 ὑπεροχὴν

232 4044 549 4115 σύγκληρον
601 4045 815 4114 ἔχοντος
850 4049 946 4101 καὶ
981 4047 1409 4116 φιλονεικοῦντος
1459 4049 1686 4113 εἰκότως
1737 4052 1816 4114 είς

231 4135 530 4206 προοίμιον
559 4137 846 4192 τάττεσθαι
885 4139 980 4192 καὶ
1017 4138 1078 4193 τὸ
1109 4139 1282 4210 πέρας
1313 4141 1398 4210 ἐφ’
1427 4142 1606 4212 ἑαυτῷ
1637 4143 1816 4214 πάσης

225 4232 341 4298 τῆς
390 4228 672 4299 παρούσης
721 4231 1172 4301 ἐγκωμιαστικῆς
1221 4231 1510 4297 διαλέξεως
1539 4234 1813 4304 δέχεσθαι,

224 4322 332 4376 καὶ
366 4324 444 4390 μὴ
493 4323 903 4393 συγχωροῦντος
933 4325 1020 4376 ἐπ’
1069 4323 1198 4377 ἄλλο
1233 4341 1286 4375 τι
1324 4323 1423 4396 τὴν
1458 4325 1705 4393 γλῶτταν
1737 4327 1817 4380 δι-

227 4414 436 4482 ήγημα
468 4411 752 4482 φέρεσθαι,
781 4413 932 4476 ὅπως
959 4413 1025 4468 ἂν
1056 4414 1244 4478 ἀτελὲς
1263 4414 1412 4486 αὐτῷ
1447 4417 1521 4486 μὴ
1550 4417 1682 4488 ὲαθῇ
1718 4417 1815 4470 καὶ

223 4501 658 4571 ἀποπλήρωτον.
712 4505 870 4556 Δοκεῖ
912 4503 971 4557 δὲ
1018 4506 1150 4574 ἡμῖν
1208 4505 1351 4576 ἔχειν
1407 4506 1587 4571 καλῶς
1621 4510 1670 4562 εἰ
1723 4507 1818 4561 τοῦ

1971 659 2062 715 as?

1971 676 2062 715 as!

1933 676 1966 731 8
1994 752 2052 806 5.
2089 750 2263 806 Verbo
2294 758 2474 804 autem
2528 749 2594 802 ad
2635 748 2916 803 exordium
2957 747 3244 803 verborum
3305 757 3504 816 stante,

1933 858 2046 914 prae
2097 827 2443 896 multitudine
2503 841 2875 910 prodigiorum
2924 843 3249 909 obstupesco
3298 851 3353 894 et
3399 856 3504 910 qua

1932 937 2249 1007 progrediar
2306 936 2388 989 via
2455 935 2626 1003 magis
2668 934 3016 1002 obstupesco,
3060 948 3186 987 cum
3237 934 3503 986 mirabilia

1932 1040 2022 1085 tua
2062 1031 2174 1084 sint
2232 1028 2581 1096 proferenda.
2631 1026 2770 1092 Quid
2833 1027 2984 1095 prius
3036 1025 3368 1079 dicendum?
3423 1027 3504 1079 An

1931 1116 2209 1184 generatio
2249 1124 2362 1172 tua.
2389 1130 2547 1183 quam
2567 1113 2785 1168 Gabriel
2817 1114 3174 1182 archangelus
3197 1130 3298 1168 ceu
3327 1116 3504 1182 gaudii

1929 1210 2139 1264 initium
2173 1210 2370 1262 mumlo
2397 1207 2856 1260 annuntiavit?An
2884 1207 3176 1276 praegnatio
3208 1221 3319 1269 tua,
3345 1223 3506 1276 quam

1933 1302 2125 1355 mulier
2153 1301 2356 1355 sterilis
2391 1310 2444 1354 et
2483 1301 2828 1369 superadulta
2862 1301 2912 1354 in
2939 1315 2997 1354 se
3031 1303 3395 1356 abscondidit?
3425 1306 3505 1358 An

1928 1393 2147 1448 saltatio
2195 1393 2428 1458 interna,
2490 1408 2610 1462 qua:
2667 1393 2834 1447 Deum
2868 1393 2919 1446 in
2971 1395 3274 1447 visceribus
3307 1397 3507 1450 mundo

1929 1484 2216 1538 indicavit?
2275 1483 2407 1550 Quis
2440 1485 2843 1553 generationem
2906 1501 2971 1538 ex
3024 1486 3192 1540 sterili
3248 1501 3508 1541 enarrare

1929 1578 2184 1632 audebit?
2229 1571 2418 1633 Nonne
2463 1591 2518 1633 et
2561 1580 2725 1633 trium
2759 1580 2963 1634 dierum
3029 1582 3132 1634 iter
3190 1582 3421 1650 perfecit
3453 1593 3508 1636 et

1930 1679 2042 1724 tres
2074 1669 2372 1738 permansit
2407 1684 2640 1733 menses,
2668 1670 3118 1724 ut-admirabilem
3151 1682 3328 1726 ortum
3358 1683 3505 1726 tutnu

1927 1768 2136 1813 ιη’-ποι
2165 1769 2220 1814 et
2272 1760 2566 1814 lirmiorem
2622 1770 2784 1828 atque
2827 1761 3121 1830 gratiorem
3163 1779 3229 1817 ex
3271 1780 3506 1832 praesen-

1933 1853 2001 1904 tia
2057 1860 2306 1921 carperet
2362 1852 2521 1905 lidem
2575 1852 2897 1906 intemerata
2975 1863 3149 1906 mater
3209 1854 3320 1916 illa,
3375 1871 3498 1924 qua:

1857 1925 1899 1978 Β
1932 1945 2167 2014 conjugii
2230 1957 2444 2011 expers,
2507 1958 2670 1995 unum
2727 1941 3054 1996 eTrinitate
3119 1945 3328 1997 editura
3382 1944 3507 1999 fuit?

1930 2032 2062 2098 Quis
2113 2031 2460 2084 luctationem
2501 2030 2662 2094 dicet,
2703 2045 2864 2097 quam
2923 2032 3016 2085 tibi
3063 2047 3127 2086 ex
3154 2033 3314 2086 siccis
3372 2035 3503 2089 ubc-

1933 2124 2082 2176 ribus
2105 2124 2380 2190 pra‘stavit
2407 2121 2599 2174 mulier
2620 2122 2774 2174 annis
2802 2123 3063 2175 incurva?
3088 2123 3313 2178 Vivemli
3346 2127 3509 2178 ratiu-

1929 2227 2049 2264 nem
2093 2211 2143 2262 in
2175 2211 2410 2274 tleserto,
2441 2225 2601 2277 quam
2638 2211 2867 2264 mundus
2927 2226 3122 2278 capere
3151 2230 3254 2266 non
3290 2216 3504 2282 potuit?

1929 2303 2415 2358 Mauil’estationem
2452 2314 2518 2353 ex
2576 2300 2814 2366 deserto,
2853 2317 2973 2370 qua:
3013 2303 3202 2356 ultima
3243 2311 3296 2356 et
3327 2305 3500 2372 prima

1927 2400 1993 2452 ad
2027 2397 2192 2452 Israel
2238 2395 2376 2449 facta
2412 2405 2515 2458 est,
2551 2393 2826 2448 Christum
2863 2395 3142 2462 revelavit,
3186 2407 3242 2450 ct
3279 2412 3503 2465 regnum

1927 2490 2190 2544 cmlornm
2265 2486 2963 2556 pratdicavit?Jordancm.
3032 2486 3214 2555 inquo
3245 2489 3502 2557 poliulum

1927 2580 2253 2652 purificasti,
2283 2593 2379 2649 per
2399 2595 2557 2647 quem
2607 2577 2856 2632 Christus
2902 2578 3133 2646 tcipsum
3167 2580 3501 2649 purilicavit,

1927 2692 2047 2728 cum
2079 2674 2310 2742 teipsum
2348 2673 2402 2725 in
2431 2671 2738 2724 ministrmn
2796 2671 3140 2739 baptismatis
3176 2673 3257 2725 sui
3287 2687 3501 2726 assmu-

1927 2763 2137 2832 pscrit?
2169 2761 2466 2829 Praecepta,
2497 2774 2617 2829 quas
2665 2758 3075 2828 perhumaniter
3114 2760 3310 2816 dedisti
3345 2764 3505 2818 obsc-

1927 2836 2267 2924 qucutibus,
2295 2862 2367 2905 ει·
2399 2851 2576 2905 minas
2610 2866 2749 2920 quas
2793 2851 2844 2904 iu
2892 2851 3289 2922 perfringcnles
3349 2856 3502 2909 duri-

1929 2956 2011 3000 ter
2053 2943 2353 3012 protulisti?
2404 2942 2737 2997 Libertatem
2792 2959 2895 3010 qua
2930 2958 3083 3013 reges
3121 2954 3177 2997 et
3232 2947 3504 3017 principes

1927 3035 2260 3105 corripuisti,
2333 3050 2437 3104 qua
2500 3033 2740 3088 Herodes
2784 3049 2878 3089 rex
2938 3037 3134 3091 merito
3178 3043 3506 3095 contremuit

1926 3128 2140 3182 etiamsi
2190 3137 2413 3196 propter
2477 3126 2759 3180 libidinem
2819 3126 3060 3182 mulieris
3109 3138 3372 3186 terrorem
3411 3149 3506 3187 ex-

1925 3219 2191 3274 cusserit?
2240 3219 2572 3272 Generosam
2629 3219 2956 3274 venerabilis
2998 3221 3192 3290 capitis
3233 3225 3307 3277 tui
3357 3225 3502 3278 abla-

1928 3315 2152 3376 tionem,
2209 3325 2306 3380 per
2365 3325 2526 3380 quam
2596 3310 2792 3379 duplex
2836 3311 3138 3368 Salvatoris
3195 3313 3505 3371 Prtecursnr

1924 3407 2250 3460 constitutus
2293 3420 2382 3471 es;
2415 3420 2519 3457 non
2575 3406 2719 3458 enim
2764 3403 2816 3457 in
2859 3405 3023 3460 terris
3061 3404 3233 3458 solum
3283 3407 3500 3472 μιιωίἰωί

1920 3508 1975 3553 et
2033 3497 2374 3560 antevolasti,
2406 3497 2500 3550 sed
2551 3495 2604 3549 in
2659 3495 2864 3554 inferos
2904 3496 3230 3550 descendisti
3264 3511 3502 3564 praecur-

1920 3605 2014 3644 sor
2061 3589 2164 3642 illis
2207 3589 2299 3657 qui
2349 3587 2548 3641 ibidem
2593 3588 2980 3654 exspectabant
3008 3597 3063 3640 et
3114 3589 3494 3652 remanebant,

1919 3679 2372 3751 quemadmodum
2402 3680 2455 3733 iu
2495 3691 2637 3734 terra
2679 3680 3016 3734 salutiferam
3071 3680 3497 3750 redemptionem

1913 3772 2240 3844 praedicasti.

1987 3864 2046 3918 4.
2088 3862 2282 3918 Verum
2305 3862 2371 3916 ad
2399 3876 2647 3932 qutcnam
2681 3871 2896 3916 tuorum
2936 3861 3289 3932 procedemus
3322 3867 3498 3935 prius,

1917 3965 2120 4025 etquae
2144 3955 2384 4008 secundo
2419 3969 2740 4024 reponemus
2801 3954 2964 4008 loco?
3018 3955 3116 4021 Qui
3167 3959 3498 4025 superabun-

1919 4047 2132 4100 dantem
2173 4045 2502 4101 subslratam
2530 4046 2694 4099 habet
2737 4046 3040 4112 materiam,
3068 4057 3122 4100 et
3149 4048 3380 4114 palmam
3417 4067 3497 4103 rc-

1882 4203 1884 4206 ν
1919 4138 2059 4194 ferre
2086 4138 2380 4202 desiderat,
2410 4137 2690 4206 aptissime
2717 4137 2960 4206 quaadam
2993 4139 3060 4191 ad
3088 4139 3368 4206 exordium
3410 4155 3502 4194 or-

1919 4230 2072 4285 dinat
2103 4239 2160 4284 et
2207 4229 2273 4284 ad
2312 4231 2473 4283 linem
2529 4243 2687 4283 suum
2756 4228 2966 4298 singula
3005 4229 3178 4284 laudis
3230 4243 3503 4289 momenta

1920 4322 2140 4391 dirigit;
2175 4335 2270 4375 nec
2295 4335 2530 4390 unquam
2559 4320 2812 4374 concedit
2847 4331 2903 4373 ut
2931 4321 3108 4391 lingua
3137 4322 3206 4376 ad
3243 4333 3503 4378 extranea

1920 4414 2220 4482 confugiat,
2264 4428 2332 4467 ne
2380 4411 2520 4465 forte
2556 4411 2880 4480 incompleta
2929 4415 2999 4466 sit
3028 4415 3206 4467 oratio
3232 4425 3285 4470 et
3315 4431 3344 4468 a
3379 4433 3502 4485 pro-

1924 4507 2099 4575 posito
2134 4506 2369 4560 aberret.
2422 4502 2592 4558 Nobis
2649 4504 2812 4574 igitur
2869 4505 3152 4574 pulchrum
3201 4508 3415 4562 videtur
3455 4509 3506 4563 si

226 4591 432 4662 χρόνου
469 4592 564 4646 καὶ
610 4596 773 4663 ἡμεῖς
822 4594 920 4666 τὴν
964 4596 1119 4660 τάξιν
1171 4599 1522 4669 φυλάξοιμεν,
1586 4601 1681 4654 καὶ
1739 4601 1818 4671 τῷ

1927 4599 2182 4667 temporis
2210 4597 2459 4652 ordinem
2482 4611 2774 4666 sequamur
2829 4599 3072 4667 (praestat
3113 4600 3256 4654 enim
3293 4611 3509 4669 tempus

226 4682 414 4752 χρόνῳ
439 4683 846 4753 πρωτεύουσαν,
889 4687 984 4740 καὶ
1020 4687 1115 4740 νῦν
1153 4690 1460 4759 πρωτεύσοι
1496 4695 1617 4754 ταῖς
1655 4691 1819 4758 λέξε-

227 4793 342 4831 σιν·
395 4777 482 4832 ἴνα
515 4777 609 4831 καὶ
660 4779 816 4846 τάξιν
863 4781 1021 4836 λάϐοι
1055 4785 1155 4854 τὴν
1189 4784 1529 4855 πρέπουσαν,
1563 4787 1819 4858 ἁρμόδιον

228 4867 453 4939 ἑκάστῳ
498 4870 594 4925 καὶ
647 4871 907 4942 βραχεῖαν
937 4875 1191 4946 παρέχων
1217 4877 1490 4948 διήγησιν,
1523 4880 1615 4931 καὶ
1654 4879 1818 4948 φύγοι

227 4960 328 5030 τῆς
362 4963 623 5032 χρονικῆς
655 4963 961 5035 ἐναλλαγῆς
1005 4966 1105 5036 τὴν
1146 4968 1436 5038 ἀνάχυσιν·
1474 4971 1712 5023 ἐπαινῶν
1761 4973 1818 5026 ὲν

229 5051 410 5122 τούτῳ
456 5053 644 5106 Λάϐαν
687 5056 781 5108 τὸν
814 5056 1008 5122 δόλιον,
1057 5059 1140 5113 ὃτι
1198 5060 1307 5113 τῶν
1354 5059 1672 5132 θυγατέρων
1719 5061 1820 5133 τὴν

233 5142 433 5211 ἥττονα
477 5146 586 5215 πρὸ
615 5147 712 5216 τῆς
755 5149 1137 5220 πρεσϐυτέρας
1172 5153 1335 5221 γάμῳ
1381 5155 1690 5226 κατεγγυᾷν
1719 5155 1819 5207 οὐκ

239 5234 516 5304 ἠνέσχετο,
547 5236 644 5289 καὶ
687 5239 858 5292 ταῦτα
890 5241 1230 5312 ποθουμένην
1264 5244 1358 5297 καὶ
1407 5245 1699 5316 πρόκριτον
1732 5264 1818 5299 νο-

247 5325 524 5390 μισθεῖσαν
575 5327 653 5398 τῷ
709 5332 986 5400 γήμαντι,
1049 5333 1110 5387 ού
1149 5334 1318 5406 μόνης
1377 5335 1540 5407 χάριν
1581 5333 1819 5408 σωματι-

245 5415 360 5484 κῆς,
389 5418 526 5472 ἀλλά
560 5420 656 5472 καὶ
707 5421 949 5493 ψυχικῆς
993 5425 1324 5498 ὡραιότητος
1370 5428 1569 5494 ’ἐνεκα;
1606 5429 1818 5482 Οὐκοῦν

247 5504 595 5576 ἐπαναγέσθω
639 5511 800 5566 πάλιν
831 5514 962 5584 ἡμῖν
986 5516 1013 5568 ὁ
1041 5516 1196 5584 λόγος
1238 5517 1331 5570 ἐπὶ
1361 5517 1458 5588 τὴν
1509 5519 1689 5589 ἀρχὴν
1726 5519 1817 5572 τοῦ

243 5595 396 5665 λόγου
430 5601 527 5653 καὶ
578 5602 672 5655 τοῦ
710 5604 1124 5677 θαυμαζομένου
1156 5609 1254 5676 τὴν
1309 5609 1591 5679 σύλληψιν,
1638 5613 1686 5663 εἰ
1721 5615 1819 5680 τῆς

239 5687 319 5749 είς
359 5689 420 5741 τὸ
477 5685 620 5744 εἶναι
674 5697 908 5764 παρόδου
956 5700 1241 5768 προοίμιον
1286 5704 1378 5753 καὶ
1445 5704 1661 5754 πάντων
1723 5704 1819 5772 ἐφ-

235 5777 367 5848 εξῆς
395 5781 447 5834 ἐν
480 5784 634 5848 τάξει
680 5785 878 5841 τιθέτω
902 5789 992 5843 τὸν
1037 5790 1278 5855 ἔπαινον,
1304 5793 1378 5855 ὡς
1415 5794 1575 5857 αὐτὸς
1612 5797 1641 5847 ὁ
1689 5799 1818 5867 παρ’

245 5871 400 5942 ἡμῶν
430 5875 847 5951 εὐφημούμενος
889 5881 978 5939 τὸν
1011 5882 1168 5954 λόγον
1201 5885 1328 5956 ἡμῖν
1381 5889 1635 5959 χορηγεῖν
1691 5890 1809 5945 ἐπι-

1921 4690 2106 4760 gestis,
2155 4697 2376 4758 prmstet
2413 4703 2628 4757 quoque
2655 4689 2888 4759 verbis);
2924 4691 2993 4743 ita
3030 4694 3362 4748 conveniens
3406 4710 3507 4746 ex-

1922 4783 2139 4851 ponitur
2190 4797 2370 4835 rerum
2428 4781 2622 4845 series,
2675 4796 2984 4837 consonans
3043 4794 3098 4838 ct
3163 4786 3341 4839 brevis
3386 4785 3506 4839 ﬂuit

1922 4876 2188 4930 factorum
2222 4876 2483 4939 narratio,
2537 4884 2774 4928 attamen
2834 4884 3134 4942 temporum
3176 4878 3500 4930 variantimn

1921 4966 2167 5021 confusio
2203 4965 2480 5020 vitabitur.
2512 4965 2700 5019 Nonne
2751 4965 2978 5027 callidus
3037 4967 3134 5021 ille
3199 4969 3503 5022 celebratur

1922 5058 2107 5113 Laban
2163 5059 2255 5128 qui
2292 5059 2522 5112 liliarum
2567 5073 2790 5114 suarum
2850 5069 2976 5112 natu
3036 5061 3305 5115 minorem
3372 5071 3508 5115 ante

1922 5150 2183 5221 majorem
2211 5150 2526 5219 desponsari
2560 5165 2665 5204 non
2699 5151 2968 5220 permisit,
2997 5151 3212 5206 etiamsi
3243 5167 3270 5204 a
3301 5167 3504 5220 sponso

1920 5243 2222 5299 desiderata
2257 5252 2312 5297 et
2352 5244 2402 5296 in
2423 5243 2701 5312 praemium
2735 5241 3026 5313 efﬂagitata
3057 5242 3242 5308 fuerit,
3284 5253 3504 5314 propter
3585 5253 3588 5255 ’

1923 5338 2153 5408 gratiam
2201 5336 2446 5405 corporis
2535 5344 2590 5390 et
2640 5334 2794 5389 dotes
2868 5336 3108 5390 animae?
3156 5335 3508 5390 Reducamus
3589 5347 3601 5382 ε

1924 5429 2086 5496 igitur
2111 5429 2330 5482 verbum
2361 5427 2426 5481 ad
2463 5427 2675 5481 initium
2711 5429 2854 5481 verbi
2883 5439 2938 5482 et
2976 5427 3351 5482 admirabilem
3370 5443 3504 5483 con-
3564 5427 3581 5445 ‘

1921 5521 2222 5588 ccptionem
2259 5520 2426 5583 illam,
2460 5537 2581 5588 qua:
2613 5522 2869 5575 introitus
2907 5521 3007 5576 fuit
3039 5522 3104 5576 ad
3136 5522 3302 5575 vitam
3345 5531 3398 5576 et
3431 5526 3500 5578 ad

1922 5627 2008 5665 res
2034 5613 2444 5682 subsequentes.
2475 5615 2629 5668 Adsit
2652 5599 2811 5670 nobis
2839 5617 3212 5684 prasdicandus
3241 5617 3330 5672 ille
3356 5615 3504 5673 Prae-

1921 5719 2114 5758 cursor
2148 5715 2202 5758 ct
2244 5705 2432 5760 laudes
2462 5716 2678 5761 nostras
2735 5711 2801 5763 ad
2840 5711 3002 5764 linem
3045 5709 3326 5776 perducat.
3353 5710 3510 5761 Att-.-

1924 5813 2044 5850 ntcn
2107 5798 2524 5869 iuopportunum
2583 5816 2688 5854 non
2745 5804 2850 5856 crit
2883 5815 3086 5855 utrem
3140 5801 3304 5854 altius
3350 5800 3514 5853 desu-

1923 5907 2182 5964 tnamus;
2233 5894 2510 5968 apparebit
2565 5894 2710 5951 enim
2770 5897 3057 5962 infantem,
3108 5901 3416 5962 antequam
3469 5893 3529 5943 in
