4022 6206
480 458 622 527 3327

1362 457 1424 516 s.
1466 455 1883 518 sopnnoxu
1924 457 2431 520 PATRIARCHJE
2470 427 2862 518 HIERDSOL.

3586 454 3611 513 Σ
3623 451 3727 515 323

482 578 640 623 utero
684 573 977 632 conreptus
1023 561 1207 626 fuerit,
1242 577 1496 630 magnum
1524 579 1648 617 esse
1714 563 1953 617 futurum
2004 574 2059 617 et

2182 564 2425 618 νεύσειεν.
2474 562 2631 633 Τάχα
2669 561 2727 614 δὲ
2757 561 2852 613 καὶ
2905 558 3109 629 ταύτης
3138 557 3395 627 ἀνωτέρω
3452 561 3544 613 τὸν
3574 560 3731 630 λόγον

481 654 923 722 exstiectanlibus
1004 654 1143 707 bona
1221 653 1421 721 majora
1475 654 1764 719 oriturum,
1831 665 2052 723 propter

482 744 729 798 deﬂebile
788 742 981 796 Adami
1038 743 1191 797 nobis
1267 744 1407 797 haud
1460 744 1696 811 ignotum
1757 745 2053 799 excidium.

481 834 646 900 Cujus
678 834 849 888 ruinae
899 849 1060 887 causa
1106 848 1295 887 omnes
1336 835 1640 888 miserrime
1672 850 1979 899 versamur,
2005 846 2060 889 et

485 923 538 978 in
571 933 768 976 terram
803 925 1312 990 corruptionemque
1375 925 1679 988 abihimus,
1761 927 1851 992 qui
1890 928 2059 982 semel

420 1055 423 1058 ρ
484 1029 672 1068 oumes
722 1015 1063 1067 audivimus:
1098 1033 1118 1067 ι
1149 1014 1316 1068 Terra
1342 1031 1400 1068 es
1426 1026 1480 1069 et
1511 1018 1563 1069 iu
1607 1027 1807 1070 terram
1861 1034 2059 1073 rever-

485 1107 617 1161 teris
637 1104 736 1158 ⁸⁸.»
761 1104 883 1157 ΙΙιιιο
914 1106 1055 1157 enim
1084 1108 1274 1158 ctnutra
1303 1116 1548 1157 naturam
1578 1115 1817 1158 nostram
1849 1106 1952 1158 lata
1979 1114 2063 1159 est

484 1196 752 1249 sententia
777 1211 793 1257 ;
831 1194 1105 1247 hominum
1130 1194 1251 1245 vitze
1285 1194 1517 1248 immista
1544 1204 1625 1246 est
1653 1209 1756 1246 non
1785 1195 1895 1246 sola
1926 1195 2063 1248 infe-

486 1285 685 1346 licitas.
713 1285 804 1336 sed
855 1294 908 1337 et
938 1284 1064 1350 quid
1096 1292 1284 1336 contra
1314 1282 1504 1337 Deum.
1546 1282 1857 1336 Creatorem
1882 1293 1936 1336 et
1962 1282 2066 1335 Du-

489 1378 692 1430 ininum
726 1377 889 1430 totius
913 1377 1094 1430 mundi
1131 1376 1445 1444 reliquimus
1479 1383 1533 1428 et
1579 1376 1841 1429 minorem
1876 1376 2065 1428 habui-

489 1482 610 1521 mus
641 1482 800 1535 quam
832 1482 1123 1521 conservos
1169 1479 1380 1520 nostros
1419 1478 1653 1528 creatos,
1685 1467 1790 1518 imo
1817 1477 1870 1519 et
1898 1468 2067 1519 factu-

490 1571 579 1609 ras
611 1571 865 1608 manuum
913 1565 1221 1607 nostrarum
1269 1555 1424 1617 Deos,
1469 1553 1888 1621 appellavimus!
1945 1553 2067 1607 ldeo

491 1646 799 1716 ignominia:
832 1646 1172 1715 passionibus
1223 1645 1668 1708 inserviebamus,
1727 1644 1853 1711 quia
1908 1644 2064 1710 igno-

493 1736 740 1790 tniniosis
773 1736 933 1797 idolis
977 1744 1031 1788 et
1051 1733 1775 1787 dmmOnibustribuebamus
1807 1734 2063 1786 honorem

494 1827 588 1881 Dei
626 1828 793 1881 solius
846 1824 1187 1880 honorandi!
1253 1824 1401 1877 Talis
1433 1835 1637 1877 natura:
1693 1832 1891 1876 nostra:
1945 1829 2066 1875 erat

2160 655 2391 722 ἀγαγεῖν
2423 652 2547 706 ὀὐκ
2609 652 2956 721 ἀσύμφορον·
3014 649 3204 716 δείξειε
3262 649 3371 719 γάρ
3414 651 3508 703 καὶ
3561 652 3733 716 οὕτως

2161 745 2327 798 αὑτὸν
2349 744 2444 797 καὶ⁵
2469 743 2576 813 πρὸ
2602 742 2807 807 ταύτης
2830 745 2927 812 τῆς
2952 743 3009 793 ἐν
3034 741 3209 812 κοιλίᾳ
3226 739 3537 810 συλλήψεως
3563 743 3731 813 μέγαν

2161 836 2289 889 τινὰ
2325 834 2690 905 γενησόμενον
2720 834 2813 885 καὶ
2835 832 2925 884 ἐπὶ
2965 830 3225 901 μειζόνων
3251 831 3472 898 ἀγαθῶν
3502 830 3731 902 προσδου

2165 926 2259 998 κίᾳ
2291 925 2649 994 φανούμενον,
2680 924 2779 993 τὴν
2813 925 2870 976 ἐν
2919 921 3089 990 Ἀδὰμ
3118 921 3274 990 ἡμῶν
3314 922 3414 974 οὐκ
3440 922 3734 990 ἀγνοούμεο

2173 1035 2262 1072 νον
2315 1016 2606 1070 ἔκπτωσιν.
2666 1015 2765 1068 Διά
2809 1014 3013 1083 ταύτης
3073 1014 3183 1082 γὰρ
3247 1013 3465 1074 πάντως
3536 1013 3736 1071 ἀθλίως

2166 1107 2507 1177 ἐπράττομεν
2535 1106 2628 1158 καὶ
2651 1105 2730 1168 είς
2765 1104 2869 1173 γῆν
2906 1103 3002 1155 καὶ
3038 1101 3244 1169 φθορὰν
3268 1100 3638 1170 ἀπελήγομεν,
3662 1099 3737 1160 ὡς

2166 1194 2313 1258 ἅπαξ
2341 1196 2387 1247 οἱ
2413 1195 2612 1257 πάντες
2642 1194 2724 1255 τὸ,
2763 1212 2781 1243 ι
2815 1192 2887 1261 Γῆ
2919 1187 2991 1255 εί,
3022 1192 3115 1242 καὶ
3150 1191 3231 1252 εἰς
3253 1190 3353 1259 γῆν
3378 1188 3678 1259 ἀπελεύσῃ.
3711 1206 3730 1239 ο

2167 1285 2510 1354 πειθόμενον
2558 1284 2717 1337 τοῦτο
2750 1284 2860 1354 γὰρ
2883 1283 2983 1351 τῆς
3007 1283 3166 1352 ἡμῶν
3207 1281 3469 1351 ἐτύγχανε
3523 1281 3737 1348 φύσεως

2167 1378 2308 1447 ὑπὲρ
2336 1378 2434 1446 τῆς
2478 1377 2636 1446 ἡμῶν
2668 1375 2954 1446 παρακοῆς
2984 1374 3045 1427 τὸ
3074 1374 3411 1445 κατάκριμα.
3456 1373 3578 1425 υύκ
3599 1372 3737 1442 αὑτὴ

2167 1467 2224 1521 δέ
2260 1468 2394 1536 μόνη
2426 1470 2525 1536 τῆς
2556 1466 2904 1536 ἀνθρωπίνης
2926 1466 3068 1535 ζωῆς
3099 1467 3131 1536 ἡ
3157 1465 3408 1534 ἀθλιότης
3441 1464 3737 1526 ἐδείκνυτο,

2169 1558 2283 1612 ἀλλ’
2316 1554 2461 1627 εἶχεν
2496 1556 2631 1626 αύτῇ
2685 1556 3137 1626 συμμεμιγμένον
3167 1554 3230 1607 τὸ
3283 1553 3461 1608 ἄθεον.
3495 1553 3598 1605 Τὸν
3633 1551 3740 1621 γὰρ

2169 1649 2410 1719 κτίστην
2437 1648 2532 1701 τοῦ
2588 1649 2788 1710 παντὸς
2844 1650 2939 1701 καὶ
2987 1647 3266 1716 Δεσπότην
3311 1644 3569 1705 ἐάσαντες
3625 1645 3739 1703 τοῖς

2169 1740 2480 1809 ὁμοδούλοις
2508 1740 2869 1810 ἐλατρεύομεν
2920 1738 3236 1807 κτίσμασιν,
3267 1736 3362 1789 καὶ
3396 1735 3549 1798 θεοὺς
3599 1733 3735 1786 ὠνο-

2175 1832 2418 1899 μάζομεν
2448 1830 2557 1884 τῶν
2590 1830 2733 1882 ἰδίων
2775 1828 2930 1898 ἡμῶν
2963 1826 3161 1897 χειρῶν
3189 1829 3257 1880 τὰ
3304 1828 3604 1895 ποιήματα.
3646 1826 3738 1877 Διὸ

496 1920 805 1985 infirmitas,
863 1932 984 1987 quae
1050 1918 1553 1986 supereminentem
1622 1930 1728 1969 non
1788 1923 2071 1983 acceperat

2182 1890 2279 1974 καὶ*
2321 1890 2433 1984 τοῖς
2483 1922 2581 1991 τῆς
2612 1890 2834 1990 ἀτιμίας
2889 1890 3241 1988 ἐδουλεύομεν
3293 1890 3511 1984 πάθεσι,
3552 1915 3740 1986 ἐπειδὴ

496 2010 944 2079 magnitudinem,
978 2018 1037 2064 ut
1075 2009 1322 2062 maximat
1352 2010 1615 2077 indigeret
1666 2007 1911 2073 medela},
1954 2008 2067 2060 sci-

495 2099 623 2154 licet
690 2110 746 2153 ut
772 2099 1000 2154 Creator
1070 2110 1253 2153 noster
1311 2100 1424 2152 suis
1472 2100 1665 2153 similis
1721 2109 1864 2151 esset
1917 2113 2072 2152 crea-

496 2193 656 2256 turis,
682 2201 739 2245 ut
777 2194 915 2246 Deus
950 2194 1125 2259 quoad
1160 2207 1258 2244 nos
1290 2191 1442 2243 ﬁeret
1484 2192 1644 2243 homo
1689 2205 1785 2258 per
1833 2191 2066 2258 cuujnu-

495 2285 727 2338 ctionem
783 2298 905 2336 cum
983 2298 1150 2337 carne
1198 2282 1469 2345 humana,
1521 2280 1763 2334 omnium
1819 2291 2063 2333 uostrmn

497 2375 772 2428 naturales
822 2374 1105 2443 passiones
1181 2373 1233 2426 in
1288 2387 1347 2426 se
1418 2373 1714 2439 susciperet
1767 2382 1818 2424 et
1851 2371 2068 2424 diabolo

496 2479 607 2520 non
631 2463 887 2517 alliceret.
931 2462 1023 2516 Sic
1051 2461 1471 2515 demonstranda
1496 2467 1614 2515 erat
1640 2476 1847 2515 summa
1888 2475 2067 2515 rerum

499 2555 834 2609 ιιὶΠειυιιιὶαῑ
891 2554 980 2608 Sic
1042 2553 1140 2606 sub
1180 2553 1318 2606 etelo
1382 2554 1673 2607 salvandus
1710 2563 1829 2607 erat
1886 2554 2068 2617 homo,

497 2649 800 2703 voluntarie
830 2648 1094 2701 cuiusuis
1142 2647 1438 2700 Vincendus
1499 2654 1553 2699 et
1612 2646 2067 2714 constringeudus

499 2740 863 2808 p.issionilms,
890 2738 952 2790 ad
979 2738 1259 2807 pristinam
1283 2735 1620 2802 felicitatem,
1641 2752 1802 2807 quam
1824 2737 1897 2791 illi
1927 2737 2070 2793 Deus

501 2833 570 2886 ab
605 2833 756 2886 initio
782 2840 1210 2900 comparaverat.

2172 2017 2287 2076 τοῖς
2319 2014 2531 2083 ἀτίμοις
2570 2010 2807 2075 εἰδώλοις
2838 2013 2933 2065 καὶ
2958 2011 3208 2080 δαίμοσιν
3236 2011 3328 2063 τοῦ
3370 2010 3530 2079 μόνου
3552 2009 3736 2078 τιμίου

2172 2106 2306 2159 Θεοῦ
2357 2107 2458 2178 τὴν
2506 2108 2670 2177 τιμὴν
2717 2106 3151 2176 προσεφέρομεν.
3211 2104 3382 2156 Τοῦτο
3432 2104 3531 2173 τῆς
3582 2101 3740 2172 ἡμῶν

2173 2196 2387 2266 φύσεως
2416 2194 2484 2267 ἦν
2540 2199 2600 2250 τὸ
2633 2195 3002 2267 ἀρρώστημα,
3034 2194 3062 2247 ὃ
3128 2195 3387 2265 μεγέθους
3437 2191 3740 2262 ὑπερϐολὴν

2171 2290 2230 2341 οὺ
2264 2289 2553 2358 δεχόμενον
2611 2288 2872 2358 μεγίστης
2907 2286 3146 2357 ἰατρείας
3177 2285 3372 2337 ἐδέετο.
3409 2283 3555 2350 Αὕτη
3592 2283 3649 2335 δὲ
3673 2278 3742 2350 ἦν

2169 2377 2230 2429 τὸ
2257 2378 2346 2430 τὸν
2373 2377 2611 2446 Κτίστην
2631 2377 2767 2447 ἡμῖν
2798 2375 3130 2444 ὁμοιωθῆναι
3159 2375 3270 2434 τοῖς
3300 2371 3614 2439 κτίσμασιν,
3645 2369 3741 2420 καὶ

2168 2469 2259 2521 τὸν
2286 2468 2417 2520 Θεὸν
2441 2467 2729 2537 ἄνθρωπον
2764 2466 3016 2533 γενέσθαι
3047 2462 3170 2517 καθ’
3199 2463 3348 2532 ἡμᾶς
3377 2461 3465 2513 διὰ
3480 2459 3578 2528 τῆς
3606 2458 3744 2529 πρὸς

2179 2559 2359 2629 σάρκα
2405 2557 2502 2629 τήν
2565 2558 2915 2627 ἀνθρωπίνην
2980 2556 3319 2617 συνθέσεωςσ
3383 2552 3478 2606 καὶ
3525 2551 3742 2604 πάντων

2175 2648 2335 2718 ἡμῶν
2368 2647 2656 2700 ἀναλαϐεῖν
2713 2650 2770 2699 ἐν
2803 2647 2977 2716 ἑαυτῷ
3011 2646 3078 2698 τὰ
3122 2644 3325 2714 φυσικά
3356 2644 3449 2695 καὶ
3492 2639 3747 2709 διαὸολὴν

2176 2740 2278 2791 οὐκ
2301 2738 2632 2808 ἐμποιοῦντα
2659 2738 2803 2808 παθή
2814 2753 2989 2806 ματα·
3020 2737 3115 2790 καὶ
3150 2735 3336 2788 τοῦτον
3383 2731 3621 2799 παντελῆ
3650 2730 3742 2784 τὸν

2178 2828 2484 2899 ἀφορισμδν
2535 2829 2926 2895 ἐπιδείξασθαι,
2973 2829 3068 2881 καὶ
3099 2825 3242 2880 οὕτω
3276 2822 3587 2894 περιφανῶς
3628 2821 3744 2874 δια.

504 2921 781 2975 σώσασθαι
820 2899 918 2974 τὸν
942 2920 1151 2982 τούτοις
1175 2918 1437 2979 ἑκουσίως
1483 2917 1828 2988 κρατηθέντα
1882 2936 1942 2971 τε
1981 2919 2076 2972 καὶ
2107 2916 2476 2989 κρατούμενον
2519 2918 2824 2989 ἄνθρωπον,
2856 2918 2952 2970 καὶ
2993 2916 3128 2987 πρὸς
3155 2916 3253 2986 τὴν
3309 2913 3531 2984 πρώτην
3581 2913 3751 2966 αὐτὸν
3850 2899 3855 2902 ’

503 3016 800 3083 ἐπανάγειν
852 3013 1248 3083 μακαριότητα,
1310 3011 1377 3083 ἢν
1427 3012 1575 3082 αὐτῷ
1610 3013 1703 3065 καὶ
1759 3014 1853 3066 ἀπ’
1905 3014 2080 3084 ἀρχῆς
2110 3012 2519 3083 δημιουργήσας
2552 3009 2862 3075 συνέζευξε.

576 3107 630 3162 5.
682 3106 834 3161 llanc
871 3106 1184 3161 felicitatem
1256 3106 1503 3174 promisit
1563 3104 1704 3158 Deus
1739 3105 1917 3174 primo
1978 3107 2069 3159 illo

503 3200 801 3263 Abraham,
833 3199 883 3251 in
915 3194 1067 3264 cujus
1087 3195 1293 3250 semine
1322 3210 1509 3249 Otnncs
1543 3194 1713 3248 tribus
1736 3204 1895 3248 terra:
1920 3193 2077 3249 bene-

2252 3110 2313 3157 ε’.
2374 3104 2591 3174 Ταύτην
2638 3102 2774 3165 Θεὸς
2814 3103 2906 3155 καὶ
2943 3103 3115 3154 ποιεῖν
3147 3098 3348 3171 πρώτῳ
3378 3097 3455 3169 τῷ
3497 3095 3747 3167 ’Δϐραάμ

2181 3195 2564 3263 ἐπηγγείλατο,
2626 3194 2721 3247 καὶ
2758 3194 2815 3245 ἐν
2878 3192 2956 3263 τῷ
3019 3192 3291 3260 σπέρματι
3345 3188 3510 3242 αὑτοῦ
3567 3189 3748 3249 πάσας

506 3293 687 3347 dicere
743 3290 963 3359 largitus
1002 3298 1106 3354 est,
1164 3297 1381 3358 propter
1452 3287 1712 3357 unigeniti
1774 3286 1894 3341 Filii
1940 3289 2076 3371 'sui,

2183 3285 2541 3353 εύλογηθῆναι
2594 3286 2693 3346 τὰς
2725 3283 2896 3353 φυλὰς
2929 3283 3031 3352 τῆς
3055 3283 3158 3351 γῆς
3190 3280 3498 3352 ἐχαρίσατο,
3529 3279 3618 3332 διὰ
3650 3278 3749 3347 τῆς

507 3395 561 3440 et
585 3383 743 3438 Verbi
793 3383 1267 3447 incarnationem;
1329 3388 1452 3449 post
1506 3380 1784 3434 Abraham
1832 3380 1969 3434 hanc
2029 3388 2086 3434 et

508 3477 700 3532 Davidi
732 3477 1210 3544 perjuramentum
1239 3472 1578 3527 conﬁrmavit
1604 3491 1618 3528 :
1658 3474 1721 3526 de
1743 3454 2084 3527 fructuenim

509 3571 815 3625 lumborum
874 3567 992 3636 ejus
1039 3566 1227 3620 statuit
1258 3565 1461 3632 Regem
1521 3564 1702 3634 gloriae
1749 3565 1799 3617 iu
1833 3565 2085 3617 thronum

512 3675 694 3724 suum,
721 3674 786 3712 ex
833 3659 1084 3711 omnibus
1116 3658 1349 3710 maxime
1385 3656 1642 3725 regalem,
1702 3668 1923 3723 ponere,
1962 3669 2084 3707 cum

512 3754 769 3808 smculum
794 3766 1031 3821 prresens
1050 3751 1116 3804 ad
1146 3748 1307 3803 linem
1332 3748 1641 3818 pervenerit
1668 3756 1722 3800 et
1757 3746 1840 3800 lex
1882 3746 2083 3814 scripta

514 3846 569 3898 iu
603 3844 825 3898 definito
857 3855 1097 3912 tempore
1150 3841 1533 3911 plenitudinem
1593 3839 1883 3906 acceperit.
1936 3836 2086 3893 Hauc

514 3936 702 3990 videre
738 3946 791 3990 et
823 3933 1176 4002 contmnplari
1243 3932 1689 3986 desideraverunt
1741 3946 1844 3984 nou
1910 3929 2084 3983 solum

516 4028 790 4081 Abraham
841 4036 891 4081 et
917 4026 1104 4087 David,
1149 4022 1241 4092 qui
1291 4030 1471 4076 tantas
1519 4022 1908 4091 promissioues
1945 4020 2088 4073 acci-

520 4134 647 4187 pere
678 4125 1013 4179 meruerunt,
1050 4115 1143 4169 sed
1199 4124 1253 4167 et
1304 4114 1454 4167 multi
1506 4114 1780 4183 pr0phetaz
1813 4121 1866 4165 ct
1914 4128 2084 4181 reges.

519 4210 980 4275 Quemadmodum
1032 4206 1085 4259 in
1129 4204 1435 4273 Evangeliis
1483 4205 1641 4259 beata
1691 4202 2087 4272 discipulorum

521 4302 950 4370 conjungchalur
992 4298 1242 4361 societas,
1317 4297 1391 4350 ita
1463 4305 1774 4350 sanctorum
1843 4276 2086 4348 omnium

523 4394 811 4446 vehemens
830 4390 1157 4445 desiderium
1208 4389 1320 4442 ibat
1353 4388 1418 4442 ad
1451 4387 1723 4441 Christum
1755 4386 2089 4453 ;novissima

526 4484 684 4552 hujus
710 4483 889 4538 saeculi
935 4485 1046 4552 jam
1081 4481 1350 4535 aderant:
1406 4479 1756 4548 Evangelium
1795 4478 2090 4532 salutarem

526 4575 755 4630 habebat
804 4572 1308 4644 promulgationem,
1344 4580 1397 4625 et
1426 4571 1513 4625 lex
1551 4585 1647 4639 per
1679 4568 1954 4623 Christum
1999 4581 2093 4622 ex-

2186 3378 2280 3430 ἀπ⁹
2335 3376 2498 3430 αὑτοῦ
2541 3376 2637 3429 τοῦ
2666 3374 3003 3443 Μονογενοῦς
3031 3373 3193 3426 αὐτοῦ
3227 3371 3353 3425 Υἰοῦ
3423 3370 3518 3425 καὶ
3572 3369 3751 3437 Λόγου

2185 3465 2548 3538 σαρκώσεως·
2587 3466 2790 3536 ταύτην
2837 3464 2975 3535 μετὰ
3013 3464 3105 3517 τὸν
3166 3461 3416 3532 Ἀϐραάμ
3455 3460 3535 3531 τῷ
3586 3458 3752 3511 Δασιδ

2189 3557 2536 3627 ἐπωμόσατο,
2568 3556 2662 3609 κοιλ⁵
2696 3557 2760 3608 ἐκ
2804 3554 3018 3624 καρποῦ
3063 3552 3162 3622 τῆς
3193 3553 3397 3614 κοιλίας
3437 3548 3600 3603 αὐτοῦ
3658 3550 3754 3627 ἐπὶ

2186 3649 2279 3702 τὸν
2325 3647 2750 3718 βασιλικώτατον
2800 3647 2962 3699 αὑτοῦ
3009 3645 3196 3715 θρόνον
3247 3643 3335 3696 τὸν
3385 3641 3607 3712 βασιλέα
3651 3620 3781 3709 τῆξ

2187 3742 2346 3813 δόξης
2382 3742 2590 3795 τιθέναι
2622 3739 2895 3801 συνέθετο,
2924 3737 3000 3790 ὅτ’
3034 3737 3101 3790 ἀν
3127 3738 3155 3789 ό
3192 3733 3382 3806 παρὼν
3407 3734 3540 3787 αίὼν
3566 3734 3657 3784 ἐπὶ
3695 3733 3767 3785 τὺ

2187 3836 2337 3898 τέλος
2370 3835 2617 3902 ἀφίκοιτο
2643 3832 2737 3885 καὶ
2776 3830 2869 3884 τοῦ
2918 3828 3163 3900 γραπτοῦ
3191 3830 3355 3895 νόμου
3398 3829 3427 3880 ό
3466 3826 3755 3898 διορισθεὶς

2191 3927 2284 3980 ὑπ’
2315 3925 2480 3978 αὑτοῦ
2511 3925 2700 3995 καιρὸς
2743 3922 2804 3975 τδ
2862 3923 3136 3992 πλήρωμα
3190 3919 3413 3983 δέξοιτο.
3468 3919 3572 3971 Ἦν
3627 3917 3760 3970 ίδείν

2191 4016 2286 4071 καὶ
2326 4014 2624 4071 θεάσασθαι
2670 4014 2731 4066 ού
2783 4013 2942 4083 μόνος
2982 4010 3233 4082 ’Λϐραάμ
3260 4010 3354 4062 καὶ
3377 4007 3541 4061 Δαῦὶδ
3568 4010 3614 4060 οί
3656 4007 3757 4069 τὰς

2192 4107 2451 4169 τοιαύτας
2482 4104 2814 4173 ἐπαγγελίας
2841 4102 3162 4170 ἀξιωθέντες
3184 4098 3587 4171 κληρώσασθσι,
3619 4096 3759 4152 ἀλλὰ

2193 4200 2287 4252 καὶ
2320 4197 2505 4250 πολλοὶ
2538 4199 2657 4267 μετ’
2688 4196 2927 4258 ἐκείνους
2957 4192 3234 4265 προφῆταί
3269 4208 3330 4245 τε
3374 4192 3470 4244 καὶ
3519 4189 3759 4261 βασιλεῖς

2196 4289 2575 4358 ἐπεθύμησαν,
2614 4286 2868 4355 καθάπερ
2891 4287 2948 4338 ἐν
2969 4281 3324 4352 Εὑαγγελίοις
3359 4282 3494 4352 πρὸς
3521 4279 3621 4349 τὴν
3648 4278 3758 4331 τῶν

2193 4380 2407 4435 οἰκείων
2444 4378 2701 4448 μαθητῶν
2731 4376 3006 4447 μακαρίαν
3049 4376 3342 4445 ὁμήγυριν,
3377 4366 3537 4434 αὐτὸς
3560 4373 3594 4440 ἡ
3617 4370 3759 4423 πάν·
3840 4396 3845 4403 ·

2193 4488 2302 4524 των
2342 4469 2510 4536 ἁγίων
2555 4468 2817 4537 ἐπιθυμία
2880 4464 3111 4534 Χριστὸς
3175 4464 3509 4531 ἀπεφήνατο.
3568 4459 3763 4529 Παρῆν

2195 4559 2292 4616 οὖν
2323 4561 2414 4614 τοῦ
2449 4560 2716 4630 παρόντος
2744 4557 2938 4619 αἰῶνος
2964 4555 3031 4608 τὰ
3069 4554 3296 4624 ἔσχατα,
3323 4555 3417 4605 καὶ
3446 4554 3479 4623 ἡ
3516 4554 3758 4619 ἐπαγγε-

525 4641 824 4736 spectatam
879 4641 1263 4734 plenitudinem
1299 4664 1776 4732 consequebatur;
1815 4662 2077 4734 propheta

2195 4653 2285 4707 λία
2321 4653 2419 4724 τὴν
2458 4650 2664 4705 οἰκείαν
2691 4649 2923 4702 ἑκάστου
2957 4647 3261 4711 ὲνέκδασιν,
3298 4645 3393 4698 καὶ
3421 4645 3449 4696 ὁ
3477 4644 3640 4712 νόμος
3658 4641 3763 4713 τὴν

523 4771 575 4813 et
603 4759 732 4827 justi
759 4773 948 4812 omnes
1002 4757 1054 4810 in
1083 4755 1382 4813 Jerusalem
1432 4757 1822 4826 exspectabant
1879 4756 2093 4810 redem-

525 4855 760 4920 pt'oncm
786 4848 1090 4919 Isracl,qua
1116 4849 1348 4903 instante
1369 4864 1398 4901 a
1416 4845 1621 4915 Spiritu
1644 4847 1837 4907 edocti.
1860 4861 2097 4916 praesen-

529 4956 632 4997 tem
695 4942 891 4996 intueri
941 4942 1228 5009 cupierunt
1284 4954 1391 4994 non
1437 4939 1567 4993 solis
1600 4939 1795 4994 anima:
1827 4938 1920 4992 sed
1973 4953 2097 4992 cor-

527 5034 675 5101 poris
749 5046 964 5101 quoque
1051 5031 1245 5093 oculis,
1322 5039 1614 5097 antequam
1698 5043 1765 5083 ex
1816 5028 1917 5082 hac
1982 5028 2095 5081 vita

524 5106 891 5178 discesserint.
912 5122 1026 5177 Non
1045 5124 1200 5175 modo
1219 5118 1599 5176 desiderabant
1619 5119 1712 5173 sed
1727 5118 1890 5175 etiam
1909 5117 2098 5185 depre-

524 5221 787 5276 cabantur
803 5229 857 5273 et
880 5216 989 5272 Deo
1005 5215 1422 5285 supplicationes
1439 5211 1754 5279 oll'erebaut,
1769 5221 1823 5267 et
1841 5211 2093 5279 quoniam

514 5298 674 5381 digni
708 5320 885 5373 eruit,
922 5310 1211 5379 petitiones
1242 5323 1369 5361 suas
1430 5307 1711 5361 consecuti
1744 5315 1891 5360 sunt.
1941 5304 2092 5358 Talis

528 5414 648 5456 erat
676 5400 922 5463 Simeou,
986 5400 1077 5468 qui
1106 5397 1382 5454 Christum
1430 5405 1488 5449 ut
1532 5397 1787 5450 sacerdos
1835 5396 1886 5448 in
1943 5395 2097 5448 ulnas

532 5494 738 5562 accepit
769 5503 824 5547 et
868 5493 1092 5546 Domino
1125 5491 1290 5544 totius
1316 5489 1608 5545 creationis
1634 5486 1936 5550 benedixit;
1979 5487 2100 5539 talis

529 5593 652 5639 erat
696 5585 874 5647 Anna,
933 5599 1053 5654 qua:
1123 5583 1340 5650 longum
1391 5581 1673 5635 viduitatis
1726 5595 1837 5633 suae
1891 5589 2100 5644 tempus

529 5676 759 5732 honeste
782 5678 1134 5746 perﬁciendo,
1158 5677 1270 5733 dics
1306 5686 1601 5745 noctesque
1632 5671 2002 5730 consumendo
2045 5673 2098 5726 in

664 5855 800 5914 Ceu.
831 5871 911 5922 tn,
949 5853 1031 5908 l9.

2198 4743 2655 4816 προσδοκωμένην
2731 4740 2878 4810 αὐτῷ
2939 4738 3027 4793 διὰ
3098 4735 3336 4807 Χριστοῦ
3407 4734 3764 4806 προσεδέχετο

2204 4837 2488 4906 πλήρωσιν
2512 4851 2528 4867 ο
2555 4835 2650 4886 καὶ
2682 4833 2882 4892 πάντες
2913 4832 2962 4883 οι
2989 4832 3048 4882 ἐν
3095 4827 3448 4898 Ἰερουσαλὴμ
3486 4829 3763 4897 προφῆται

2199 4928 2294 4980 καὶ
2319 4927 2515 4979 δίκαιοι
2541 4924 2638 4994 τὴν
2658 4922 2752 4976 τοῦ
2789 4921 3002 4992 Ἰσραὴλ
3028 4919 3445 4990 προσδεχόμενοι
3473 4918 3765 4989 λύτρωσιν,

2201 5019 2295 5072 κα)⁸
2330 5015 2607 5085 Πνεύματι
2634 5012 2838 5083 ταύτην
2872 5010 3186 5079 ἐφεστῶσαν
3220 5009 3602 5080 μανθάνοντες,
3630 5004 3767 5059 ἐπό-

2204 5109 2331 5164 θουν
2389 5109 2558 5178 αὐτῆς
2606 5106 2704 5174 τὴν
2758 5104 3062 5175 παρουσίαν
3120 5099 3440 5165 θεάσασθαι,
3493 5100 3554 5152 ού
3608 5098 3770 5169 μόνον

2200 5202 2380 5272 ψυχῆς
2418 5200 2551 5254 ἀλλά
2584 5200 2676 5256 καὶ
2701 5195 2953 5268 σώματος
2980 5196 3224 5265 ὄμμασιν
3256 5195 3385 5264 πρὶν
3412 5193 3510 5262 τῆς
3557 5190 3771 5260 παρού-

2205 5310 2302 5365 σης
2327 5292 2470 5360 ζωῆς
2500 5292 2625 5360 ἐκδη
2638 5290 2901 5359 μήσωσιν.
2935 5288 3046 5341 Καὶ
3078 5287 3139 5339 οὐ
3166 5285 3324 5355 μόνον
3348 5283 3602 5345 ἐπόθουν,
3632 5280 3772 5334 ἀλλά

2206 5389 2301 5442 καὶ
2335 5386 2565 5457 ηὔχοντο
2596 5388 2690 5439 καὶ
2716 5384 2835 5453 Θεῴ
2867 5384 3080 5453 δεήσεις
3127 5379 3485 5450 προσέφερον,
3527 5376 3624 5431 κα)⁸
3661 5376 3777 5429 τῶν

2205 5480 2539 5546 αἰτουμένων
2569 5477 2728 5544 (ἄξιοι
2754 5475 2863 5544 γὰρ
2889 5471 3049 5545 ἦσαν)
3080 5472 3392 5540 ἐτύγχανον.
3425 5466 3673 5528 Τοιοῦτος
3703 5462 3777 5538 ἦν

2204 5577 2232 5629 ὁ
2270 5573 2477 5644 Σιμεὼν
2506 5576 2533 5625 ὁ
2566 5571 2800 5643 Χριστὸν
2828 5571 2904 5631 ὡς
2945 5570 3124 5640 ἱερεὺς
3153 5570 3211 5620 ὲν
3239 5565 3507 5634 ἀγκάλαις
3542 5561 3775 5630 δεξάμιο

2207 5682 2316 5733 νος,
2357 5664 2451 5719 καὶ
2498 5662 2774 5732 Δεσπότην
2835 5659 2996 5713 αὐτὸν
3051 5659 3231 5729 πάσης
3282 5656 3620 5725 ὁμολογήσας
3673 5655 3779 5725 τῆς
