4022 6206
718 173 749 197 ο

257 260 391 327 3319

814 318 823 321 γ
879 264 1159 328 onum
1182 268 1312 330 vn.
1342 292 1414 306 -—
1440 218 1847 347 memon
1885 275 1968 337 IN
2006 277 2066 339 s.
2107 277 2460 341 JOANNEM
2500 266 2957 349 BAPTISTAM.‘

3370 286 3512 355 3330

258 370 504 431 κτίσεως.
530 366 817 440 Τοιαύτηή
845 370 1012 423 ’Ἄννα
1041 373 1072 442 ἡ
1106 371 1202 439 τὴν
1220 371 1575 443 πολυχρόνιον
1611 376 1822 446 ἐκείνην

1930 381 2125 451 templo
2158 381 2413 451 Domini,
2458 397 2584 444 tunc
2632 391 2824 459 spiritu
2880 390 3192 460 prophetico
3241 395 3424 452 astitit'
3455 406 3513 455 et

257 459 481 529 χηρείαν
514 459 754 527 κοσμίως
784 460 1052 525 ἀνύσασα,
1085 464 1179 515 καὶ
1208 461 1377 515 νύκτα
1402 464 1496 518 καὶ
1524 464 1735 535 ἡμέραν
1766 468 1824 519 ἐν

254 547 330 619 τῷ
384 548 515 618 ἱερῷ
560 548 679 617 Θεῷ
722 550 1194 619 προσεδρεύουσα,
1228 554 1262 622 ἠ
1327 554 1448 606 τότε
1502 556 1825 627 προφητικῷ

254 639 581 708 παραστᾶσα
654 639 731 709 τῷ
791 641 1108 708 Πνεύματι,
1159 642 1254 695 καὶ
1296 644 1538 714 παρόντα
1584 646 1818 717 Χριστὸν

250 728 363 794 τοῖς
385 731 508 782 τότε
542 730 809 801 παροῦσιν
841 731 1126 799 ὑπέφαινε.
1149 732 1400 797 Τοιοῦτος
1422 731 1490 804 ἧν
1526 738 1554 788 6
1593 738 1823 806 Ἀριμα-

250 822 399 887 θαίος
426 824 622 894 Ἰωσὴφ
654 827 681 876 ὁ
711 828 810 895 τῆς
857 826 1111 878 ἁπάντων
1170 827 1314 894 ζωῆς
1365 829 1633 899 τολμηρὸς
1668 832 1826 884 ἐντα-

251 916 506 986 φιαστὴς,
539 916 632 968 καὶ
655 916 743 969 διὰ
769 916 925 969 τοῦτο
973 918 1172 987 μᾶλλον
1199 919 1492 988 εὐσχήμων
1536 919 1824 990 βουλευτὴς

250 1009 673 1079 κηρυττόμενος,
706 1011 788 1063 ὅτι
831 1010 931 1079 τὴν
971 1010 1069 1079 μὲν
1104 1010 1210 1062 τῶν
1253 1010 1520 1063 Ἰουδαίων
1561 1014 1699 1065 κατά
1730 1012 1823 1066 τοῦ

249 1099 505 1170 Σωτῆρος
536 1097 729 1169 βουλὴν
758 1100 834 1162 ὼς
858 1099 1091 1169 αἰσχρὰν
1133 1101 1490 1172 παρῃτήσατο
1528 1102 1622 1152 καὶ
1648 1102 1823 1171 ἀσχή-

251 1208 408 1261 μονα.
458 1210 475 1242 r
503 1184 670 1250 Οὗτος
696 1191 823 1260 γὰρ,
852 1193 1040 1260 φησὶν,
1070 1190 1168 1242 οὐκ
1192 1186 1260 1261 ἦν
1289 1192 1824 1261 συγκατατιθέμενος

248 1289 313 1355 τῇ
352 1283 515 1355 βουλῇ
547 1285 640 1335 καὶ
686 1286 750 1354 τῇ
788 1282 981 1354 γνώμῃ
1018 1283 1217 1337 αὐτῶν.
1263 1304 1281 1336 ι
1318 1284 1539 1353 Ταύτην
1572 1285 1625 1337 δέ
1665 1286 1824 1354 μόνος

248 1376 410 1437 αὐτὸς
442 1375 519 1437 ὡς
546 1374 806 1443 λαμπρὰν
851 1375 947 1426 καὶ
973 1373 1306 1444 εὐσχήμονα,
1338 1376 1690 1445 εὐσχημόνως
1729 1375 1825 1427 καὶ

245 1467 521 1536 λαμπρῶς
581 1464 964 1518 ἐϐουλεύσατο.
1014 1466 1268 1528 Τοιοῦτος
1323 1467 1417 1519 καὶ
1476 1467 1751 1535 Ζαχαρίας
1797 1471 1826 1521 6

248 1556 562 1627 πρεσϐύτης
595 1575 653 1609 τε
701 1558 794 1609 καὶ
831 1558 1010 1627 ἱερεὺς
1039 1555 1391 1627 ἐγνωρίζετο,
1425 1556 1484 1619 ὃς
1513 1559 1606 1609 καὶ
1639 1558 1725 1609 διὰ
1764 1558 1825 1609 τὸ

243 1647 342 1715 τῆς
364 1645 579 1716 ἡλικίας
601 1645 916 1715 ύπέρακμον
942 1647 1036 1698 καὶ
1070 1644 1226 1697 τοῦτο
1249 1646 1397 1716 γήρᾳ
1439 1647 1821 1714 παρεπομένου

247 1735 481 1787 θανάτου
512 1734 602 1786 τὸν
647 1732 833 1787 ἄδετον
861 1734 1074 1803 δεήσεις
1116 1736 1353 1794 ἐκτενεῖς
1386 1734 1478 1785 καὶ
1507 1736 1711 1804 συχνὰς
1740 1734 1820 1806 τῷ

244 1826 369 1895 Θεῷ
405 1825 775 1895 προσεκόμιζε
820 1825 894 1895 μὴ
936 1825 1262 1893 στερηθῆναι
1292 1823 1386 1877 τοῦ
1422 1827 1555 1879 πᾶσι
1591 1827 1820 1896 προσδο-

242 1916 497 1984 κωμένου
557 1914 852 1981 θεάματος,
890 1914 1026 1982 μηδὲ
1055 1914 1161 1983 πρὸ
1189 1914 1286 1983 τῆς
1337 1913 1528 1966 τούτου
1568 1913 1693 1976 θέας
1730 1916 1820 1967 τὸν

242 2006 601 2073 ἐλπιζόμενον
631 2007 723 2059 καὶ
753 2007 844 2057 ἐπὶ
874 2005 1066 2074 θύραις
1094 2005 1219 2057 ὄντα
1244 2003 1541 2057 θεάσασθαι
1568 2004 1816 2059 θάνατον.

245 2098 469 2165 Ταύτην
495 2100 522 2151 ὁ
552 2097 862 2166 πρεσϐύτης
890 2096 976 2150 ἀεὶ
1005 2097 1279 2165 προσῆγεν
1304 2095 1399 2165 τὴν
1422 2095 1607 2163 δέησιν
1627 2111 1639 2123 ⁶
1660 2095 1821 2149 τοῦτο

249 2190 353 2258 μὲν
390 2188 561 2241 ἅπασι
599 2189 807 2257 ταχέως
835 2187 1112 2255 ἐκλάμψαι
1162 2187 1261 2254 τῆς
1294 2187 1569 2256 σωτηρίας
1601 2186 1663 2238 τὸ
1703 2187 1819 2253 φῶς

244 2279 649 2347 ἐπευχόμενοςο
688 2275 844 2328 τοῦτο
889 2275 945 2327 δὲ
996 2277 1090 2327 καὶ
1140 2273 1317 2344 ἐαυτῷ
1370 2274 1466 2343 τὴν
1496 2273 1686 2326 τούτου
1725 2274 1817 2326 τοῦ

249 2370 430 2439 φωτὸς
478 2367 744 2438 ἀνατολὴν
788 2366 916 2419 ἰδεῖν
973 2365 1376 2434 ἐξαιτούμενος.
1435 2365 1544 2418 Καὶ
1593 2366 1680 2418 ἵνα
1745 2366 1817 2436 μὴ

247 2461 388 2512 κατὰ
417 2460 509 2511 τὸν
529 2458 730 2527 ταύτης
763 2457 923 2511 αὐτὸν
950 2457 1039 2509 τὸν
1072 2457 1261 2528 χρόνον
1291 2454 1603 2525 ἀκμάζοντα
1617 2456 1820 2528 ταύτης

248 2553 571 2624 ἁρπαγή-ναι
597 2552 698 2620 τῆς
726 2549 958 2621 θεωρίας
994 2549 1280 2618 ἀμέτοχον,
1321 2547 1450 2619 περὶ
1506 2546 1696 2600 τούτου
1724 2548 1805 2601 δι-

242 2647 420 2714 ηνεκῆ
449 2644 547 2715 τὴν
575 2642 867 2715 πρεσϐείαν
915 2640 1256 2710 ποιούμενος,
1300 2639 1394 2693 καὶ
1446 2639 1678 2711 μάλιστα
1730 2640 1819 2691 ὅτε

244 2736 367 2805 θεῷ
400 2736 499 2796 τὰς
529 2735 668 2787 κατά
699 2733 862 2802 νόμον
887 2731 1144 2801 λατωίας
1169 2730 1525 2799 προσέφερεν,
1571 2730 1658 2783 ἴνα
1692 2729 1818 2782 τού-

243 2846 356 2883 των
381 2828 591 2896 ταχέως
623 2828 655 2898 ἡ
700 2824 923 2895 ἄμειψις
967 2826 1060 2878 ἐπὶ
1089 2825 1150 2876 τὸ
1180 2820 1696 2892 πνευματικώτερον
1725 2823 1819 2877 καὶ

240 2918 577 2985 τελειότερον
619 2916 880 2986 γένηται,
910 2917 1004 2967 καὶ
1051 2913 1369 2986 λυτρωθῶσι
1413 2912 1505 2965 τοῦ
1547 2912 1746 2984 βάρους
1772 2916 1818 2966 οί

1925 472 2197 528 Christum
2266 491 2589 545 prmsentem
2649 483 3031 537 assistentibus
3102 486 3507 557 manifestavit;

1928 563 2050 619 talis
2077 577 2194 619 erat
2226 565 2422 637 Josepb
2467 572 2534 625 ab
2578 572 2927 634 Arimathaea,
2964 576 3052 643 qui
3087 575 3513 634 Dominumvitzn
3550 612 3563 627 .

1930 656 2192 710 audacius
2255 658 2521 726 sepelivit.
2596 660 2691 715 llic
2769 663 3094 731 pra’dicatttr
3165 667 3511 722 consiliarius

1926 742 2206 809 honestus,
2253 749 2376 813 quia
2407 746 2717 802 Junlmorum
2756 752 3046 804 consilium
3078 754 3129 805 in
3171 753 3509 808 Salvatorem

1926 842 2183 902 tanquam
2230 836 2427 890 malum
2477 849 2531 892 et
2556 841 2865 894 indecorum
2912 843 3137 911 reiecit;
3181 862 3209 894 .c
3250 842 3298 898 ls
3337 846 3505 906 enim,

1925 925 2143 995 dicitur,
2159 941 2343 980 eorum
2367 931 2594 983 consilio
2612 942 2664 984 et
2689 934 2972 986 sententiae
2991 949 3094 985 non
3118 933 3508 989 adnumeratus

1925 1022 2038 1080 est;
2071 1032 2089 1065 ι
2126 1030 2219 1066 sua
2249 1016 2394 1070 solus
2429 1020 2503 1070 uti
2535 1019 2812 1086 splendida
2842 1031 2895 1075 et
2931 1023 3154 1075 honesta
3183 1023 3405 1076 honeste
3451 1032 3506 1076 et

1925 1106 2203 1173 Splernlide
2256 1109 2586 1162 consiliavit.
2642 1110 2789 1166 Talis
2853 1112 3159 1166 ostenditur
3210 1111 3504 1167 Zacharias

1926 1210 2089 1250 senex
2143 1204 2199 1250 et
2252 1200 2528 1264 sacerdos,
2576 1202 2665 1270 qui
2720 1203 2876 1256 annis
2953 1203 3075 1269 jam
3159 1202 3498 1266 incurvatus,

1924 1286 2194 1354 supplices
2228 1299 2282 1341 et
2317 1288 2630 1356 frequentes
2673 1290 2783 1346 Deo
2827 1290 3137 1345 effundebat
3165 1307 3378 1360 preces,
3434 1307 3501 1346 no

1927 1386 2100 1429 morte
2151 1387 2484 1432 senectutem
2527 1381 2864 1448 insequente,
2912 1383 3205 1436 orbaturns
3232 1393 3373 1437 esset
3410 1382 3502 1435 illo

1925 1466 1992 1518 ab
2015 1466 2263 1520 omnibus
2283 1478 2594 1535 exspectato
2615 1470 2806 1523 intuitu
2829 1487 2843 1536 ;
2865 1486 3058 1538 neque,
3084 1480 3207 1524 ante
3226 1482 3499 1539 aSpectum

1927 1556 2097 1620 ilium,
2134 1567 2403 1623 speratam
2436 1569 2489 1611 et
2518 1561 2688 1628 portis
2726 1561 3046 1614 insidentem
3098 1572 3325 1615 mortem
3354 1562 3500 1615 vide-

1932 1654 2031 1700 ret.
2065 1644 2483 1699 Postulationem
2516 1645 2885 1700 indesinenter
2925 1648 3200 1703 deferebat
3223 1663 3411 1705 senex.
3444 1656 3501 1699 ut

1926 1734 2087 1787 cititls
2118 1735 2367 1788 erunibus
2424 1733 2701 1803 effulgeret
2736 1736 2821 1788 lux
2871 1736 3064 1790 salutis
3095 1747 3145 1789 et
3206 1737 3321 1804 ipse
3363 1736 3500 1789 lueis

1924 1821 2081 1887 hujus
2106 1830 2287 1875 ortum
2333 1822 2568 1877 videret.
2605 1822 2684 1878 Ne
2734 1824 2939 1890 forsan,
2987 1836 3231 1895 tempore
3274 1826 3382 1894 jam
3417 1829 3499 1881 in-

1921 1923 2117 1981 stante,
2149 1914 2307 1981 hujus
2342 1918 2633 1984 spectaculi
2690 1932 2793 1970 non
2826 1918 2977 1972 ﬁeret
3021 1920 3314 1987 particeps,
3342 1929 3397 1972 et
3429 1920 3499 1972 ad

1920 2011 2411 2077 eumdem-semper
2443 2017 2498 2063 et
2530 2009 2582 2061 in
2609 2011 2860 2063 omnibus
2883 2011 3203 2080 respiciebat
3226 2014 3407 2076 tinem,
3440 2021 3513 2064 eL

1923 2101 2156 2154 ttiaxirne
2188 2116 2309 2153 cum
2340 2099 2446 2153 Deo
2477 2102 2787 2168 praescripta
2815 2102 3068 2171 obsequia
3101 2114 3401 2171 praestaret,
3434 2111 3497 2156 ut

1918 2192 2196 2255 servitium
2228 2190 2356 2243 illud
2391 2206 2550 2259 quant
2575 2192 2840 2246 citissime
2872 2203 3171 2248 mutaretur
3212 2195 3263 2247 in
3292 2194 3493 2245 cultum

1922 2283 2094 2352 magis
2119 2283 2453 2352 spiritualem
2484 2292 2538 2336 et
2566 2282 2868 2350 perfectum
2899 2299 2913 2347 ;
2949 2295 3109 2350 atque
3164 2296 3329 2337 Onere
3364 2282 3497 2335 libeo

1920 2383 2191 2439 rarentur,
2243 2374 2334 2440 qui
2393 2388 2704 2441 comparem
2773 2374 3127 2427 sibi'sortem
3198 2371 3492 2427 habebant.

1919 2464 2054 2518 Nam
2105 2480 2202 2532 pro
2232 2465 2443 2519 ratione
2504 2465 2761 2534 temporis
2816 2473 2866 2516 et
2903 2464 3036 2517 vicis
3095 2478 3215 2516 cum
3275 2464 3497 2516 incenso

1919 2557 2134 2610 Stabant
2166 2556 2231 2608 ad
2282 2556 2561 2609 introitum
2622 2555 2672 2607 in
2711 2553 2909 2608 Sancta
2946 2565 3297 2619 sanctorum;
3369 2552 3497 2607 illuc

1920 2656 2098 2699 autem
2128 2646 2274 2701 solus
2302 2660 2548 2700 summus
2571 2647 2826 2699 sacerdos
2851 2655 2910 2699 et
2943 2645 3112 2699 semel
3153 2645 3206 2697 in
3240 2658 3383 2697 anno
3409 2643 3497 2695 in-

1920 2735 2286 2799 grediebatur,
2348 2737 2667 2802 sanguinem
2712 2736 2826 2790 suis
2852 2732 3104 2789 deferens
3162 2734 3415 2789 inanibus
3439 2743 3498 2788 et

1917 2826 2199 2881 evidenter
2218 2826 2511 2879 ostendens
2544 2826 2644 2879 hoc
2664 2826 2973 2894 aenigmate.
3002 2827 3215 2879 unicam
3245 2836 3300 2880 et
3324 2825 3494 2878 solam

1920 2917 2120 2972 Christi
2182 2915 2483 2971 Salvatoris
2530 2917 2764 2970 futuram
2792 2917 3147 2984 oblationem,
3196 2932 3358 2985 quam
3390 2914 3496 2970 sibi

239 3010 337 3063 τὸν
370 3009 531 3061 αὐτὸν
560 3006 720 3074 ζυγὸν
760 3007 1108 3075 ἐπικείμενον
1157 3006 1373 3075 ἔχοντες
1408 3004 1630 3074 κλῆροι,
1678 3006 1818 3058 κατά

1925 3008 2030 3061 Deo
2058 3016 2108 3060 et
2132 3006 2275 3059 Patri
2299 3023 2542 3062 summus
2574 3007 2831 3062 sacerdos
2863 3014 2917 3060 et
2954 3022 3130 3076 agnus
3156 3006 3486 3061 sacrificium

241 3101 341 3152 τὸν
387 3099 486 3169 τῆς
547 3096 860 3167 ἐφημερίας
907 3096 1098 3167 καιρὸν
1132 3095 1232 3165 τὴν
1284 3096 1364 3157 εἰς
1409 3096 1477 3147 τὰ
1518 3095 1680 3163 Ἀγια
1711 3096 1820 3149 τῶν

240 3190 422 3258 ἁγίων
462 3189 599 3258 μετὰ
638 3188 981 3258 θυμιάματος
1029 3186 1267 3247 εἴσοδον,
1317 3185 1447 3240 ἔνθα
1524 3185 1617 3238 τοῦ
1668 3186 1821 3249 ἔτους

1926 3117 2022 3169 pro
2046 3102 2199 3154 nobis
2222 3100 2532 3154 hominibus
2556 3099 2770 3158 obtulit.

239 3278 394 3342 ᾶποξ
427 3281 454 3331 ό
491 3277 777 3347 ἀρχιερεὺς
805 3277 899 3328 καὶ
937 3275 1096 3345 μόνον
1140 3275 1470 3345 είσέτρεχεν,
1504 3270 1645 3346 αἷμα
1687 3279 1809 3339 ταῖς
1841 3275 2029 3345 χερσὶν
2070 3275 2407 3345 ἐπαγόμενος
2454 3275 2548 3327 καὶ
2575 3273 2871 3345 διαρρήδην
2911 3274 3125 3339 δεικνὺς
3187 3275 3265 3345 τῷ
3317 3274 3496 3342 αἰνίγ-

245 3388 381 3443 ματι
430 3371 529 3439 τὴν
576 3369 840 3439 ἐσομένην
885 3368 1014 3437 μίαν
1066 3369 1161 3421 καὶ
1227 3368 1395 3438 μόνην
1443 3367 1684 3440 Χριστοῦ
1734 3369 1827 3421 τοῦ
1876 3358 2128 3438 Σωτῆρος
2173 3365 2513 3436 προσένεξιν,
2577 3366 2644 3436 ἢν
2709 3365 2889 3436 ἑαυτῷ
2936 3366 3015 3431 τῷ
3036 3365 3156 3437 Θεῷ
3196 3367 3290 3419 καὶ
3321 3364 3499 3434 Πατρὶ

242 3463 536 3533 ἀρχιερεὺς
584 3459 679 3513 καὶ
708 3459 877 3528 ἀμνὸς
926 3457 1065 3527 ὑπὲρ
1112 3456 1270 3527 ἡμῶν
1325 3459 1406 3520 είς
1453 3460 1668 3527 σφαγὴν
1705 3458 1814 3510 τῶν
1838 3457 2142 3528 ἀνθρώπων
2178 3457 2553 3525 προσήγαγεν.

323 3562 394 3620 ς’.
432 3552 693 3608 Ἐνταῦθα
740 3549 868 3617 γοῦν
918 3547 1327 3617 καί’Ζαχαρίας
1378 3548 1669 3616 γενόμενος
1712 3544 1814 3618 (ἦν

250 3648 364 3717 γὰρ
399 3645 496 3712 τῆς
526 3642 778 3711 τοιαύτης
822 3640 1161 3709 λειτουργίας
1194 3636 1459 3705 ἐπάξιος),
1494 3637 1689 3707 καὶτῷ
1719 3638 1817 3688 θυ-

247 3732 553 3802 σιαστηρίῳ
593 3728 898 3799 παρεστὼς,
941 3731 1036 3781 καὶ
1080 3727 1207 3797 περὶ
1242 3728 1338 3797 τῆς
1387 3727 1683 3797 ἐπιδημίας
1727 3725 1818 3779 τοῦ

242 3825 424 3891 Λόγου
472 3824 561 3875 τὸν
617 3822 861 3890 φύσαντα
914 3818 1265 3890 προσδεχθεὶς
1319 3820 1384 3888 τῇ
1438 3819 1670 3888 ἐπιμονῇ
1724 3820 1824 3881 τῆς

240 3910 508 3985 δεήσεως,
553 3912 726 3977 δεξιὸν
764 3909 858 3964 τοῦ
910 3909 1297 3980 θυσιαστηρίου
1343 3908 1460 3963 καθ’
1489 3901 1550 3962 οὗ
1595 3909 1694 3979 τὴν
1730 3908 1826 3962 τοῦ

1990 3549 2047 3601 ϐ.
2080 3548 2153 3600 Eo
2202 3546 2494 3599 devenerat
2559 3543 2872 3611 Zacharias,
2928 3544 3018 3612 qui
3076 3542 3166 3597 tali
3196 3541 3499 3596 ministerio

1924 3637 2139 3706 dignus,
2176 3645 2302 3689 ante
2332 3634 2507 3687 altare
2542 3634 2741 3697 Stabat,
2783 3634 2834 3685 in
2868 3635 3160 3686 adventum
3207 3632 3364 3685 Verbi
3400 3647 3497 3695 ge-

1934 3728 2168 3781 nitorem
2196 3726 2474 3780 contiuuis
2511 3724 2839 3793 efﬂagitabat
2872 3726 3121 3793 precibus
3145 3734 3199 3776 et
3247 3723 3313 3776 ad
3362 3724 3499 3775 ilex-

1930 3825 2068 3870 tram
2130 3814 2319 3869 altaris
2374 3816 2650 3868 incensum
2701 3813 2985 3866 suavitatis
3033 3811 3324 3872 oll'errbat,
3371 3825 3497 3863 cum

1926 3917 2190 3962 astantem
2227 3907 2473 3975 angelum
2506 3909 2569 3960 de
2592 3906 2746 3961 cmlis
2787 3906 3138 3973 perspiceret,
3177 3905 3274 3972 ipsi
3309 3904 3494 3955 munia

244 4006 594 4076 θυμιάματος
637 4003 864 4056 εὐωδίαν
916 4003 1272 4072 προσέφερεν,
1314 4002 1566 4069 οὐράνιον
1619 3999 1822 4054 ἑστῶτα

1926 4011 2105 4067 Optata
2134 4008 2185 4053 et
2215 4000 2455 4053 coelestia
2513 4008 2903 4065 reportantem.
2966 3995 3205 4061 Quorum
3250 3994 3496 4047 minister

242 4096 583 4166 κατενόησεν
650 4094 917 4161 ἄγγελον,
972 4091 1232 4160 ἀγγελίαν
1298 4091 1444 4160 αὐτῷ
1499 4089 1679 4155 δεξιὰν
1737 4090 1831 4142 καὶ

239 4190 502 4260 οὐράνιον
526 4188 783 4255 φέροντα.
834 4183 1076 4254 Γαϐριὴλ
1112 4177 1266 4245 οὗτος
1296 4179 1364 4254 ἦν
1404 4185 1432 4235 6
1460 4183 1686 4235 τουτωνὶ
1724 4182 1833 4235 τῶν

1929 4099 2046 4144 erat
2072 4088 2310 4154 Gabriel,
2341 4098 2394 4142 et
2428 4088 2555 4142 data
2591 4089 2787 4150 salute,
2833 4086 3012 4141 verbis
3041 4093 3219 4138 autem
3253 4084 3495 4136 nomium

1932 4182 2091 4245 datis,
2118 4181 2228 4248 jam
2282 4180 2601 4232 mandatum
2652 4195 2808 4232 suum
2837 4176 3121 4232 ostendit:
3157 4174 3302 4227 venit
3348 4174 3499 4227 enim

240 4255 590 4352 μηνυμάτων
618 4275 884 4337 διάκονος,
924 4276 952 4327 6
986 4275 1079 4326 καί¹
1110 4275 1174 4342 τῇ
1203 4272 1546 4345 προσηγορίᾳ
1576 4273 1681 4343 πρὸ
1710 4273 1817 4324 τῶν

1925 4277 1989 4326 ad
2019 4272 2172 4326 Verbi
2212 4272 2300 4325 Dei
2353 4270 2590 4324 divinam
2646 4270 3067 4324 incarnationem
3124 4267 3494 4335 pra-muttian-

236 4373 425 4439 λόγων
444 4367 621 4438 δηλῶν
670 4365 729 4418 τὸ
778 4364 1121 4433 ἐξάγγελμαο
1156 4364 1223 4416 τὰ
1272 4362 1381 4433 γὰρ
1412 4363 1511 4430 τῆς
1556 4362 1651 4413 τοῦ
1683 4362 1818 4414 Θεοῦ
1869 4422 1876 4431 ⁸

236 4464 428 4529 Δόγου
448 4460 596 4523 θείας
617 4456 770 4513 ἐνανθ
780 4457 1079 4526 ρωπήσεως
1104 4454 1359 4524 μηνύσων
1380 4454 1504 4523 ἥκει
1537 4453 1818 4523 προοίμια,

241 4555 379 4622 περὶ
413 4543 482 4622 ἧς
531 4551 625 4603 καὶ
668 4552 697 4603 6
730 4546 1041 4619 πρεσϐύτης
1093 4543 1328 4606 ἐκτενῶς
1374 4544 1713 4597 ἐλιτάνευεν·
1762 4545 1821 4597 ὃν

242 4642 374 4697 ίδὼν
402 4644 433 4695 6
458 4639 745 4702 θεσπέσιος
773 4636 1003 4706 ἄγγελος
1026 4635 1121 4689 ἐπὶ
1160 4636 1224 4706 τῇ
1262 4634 1498 4707 ὀπτασίᾳ
1526 4634 1821 4703 κλονούμε-

240 4751 357 4797 νον,
382 4732 480 4786 καὶ
495 4730 574 4801 τῷ
591 4729 740 4801 φόϐῳ
757 4728 848 4782 τὸν
864 4727 1051 4782 κλόνον
1077 4726 1432 4791 συναύξονται,
1467 4745 1486 4778 ι
1508 4724 1817 4797 Ἐταράχθη

237 4825 376 4894 γὰρ,
411 4822 566 4893 φησὶ,
588 4821 864 4892 Ζαχαρίας
888 4817 1031 4885 ίδὼν,
1051 4819 1146 4871 καὶ
1172 4817 1335 4887 φόϐος
1352 4818 1617 4871 ἐπέπεσεν
1638 4836 1651 4848 ο
1666 4838 1684 4870 ι
1712 4818 1807 4871 τοῦ

237 4915 417 4983 νόμου
444 4910 554 4983 γὰρ
577 4913 634 4965 ἐν
658 4908 837 4981 ἐαυτῷ
855 4910 947 4963 τὶν
970 4907 1129 4963 σάλον
1151 4908 1405 4972 είκόνιζε,
1430 4910 1523 4962 καὶ
1565 4908 1665 4978 τὴν
1687 4910 1822 4979 πρὸς

234 5006 341 5073 τὴν
354 5001 725 5075 εὐαγγελικὴν
736 4999 1015 5055 ὕπετύπου
1031 4999 1306 5055 πολιτείαν
1326 4999 1638 5070 μετάθεσιν·
1658 5000 1823 5068 ἀφαι-

1917 4365 2065 4427 ιίιιιιι,
2122 4377 2282 4429 quam
2351 4376 2516 4415 senex
2585 4362 2672 4415 ille
2727 4362 3044 4427 suppliciter
3095 4357 3492 4425 expostulabat.

1918 4453 2069 4506 Hunc
2106 4452 2367 4508 mirabilis
2397 4452 2619 4519 angelus
2650 4452 2856 4506 visione
2884 4460 3211 4503 commotum
3245 4447 3495 4513 intelligit

1912 4553 1967 4596 et
1999 4545 2188 4596 timore
2215 4543 2333 4613 plus
2364 4544 2639 4611 magisque
2661 4550 3021 4596 commntum:
3056 4556 3074 4589 ι
3113 4536 3379 4590 Turbatus
3410 4544 3495 4588 est

1916 4635 2138 4699 dicitur,
2174 4635 2471 4690 Zacharias
2508 4636 2735 4689 videndo
2770 4644 2825 4687 et
2854 4632 3013 4686 timor
3072 4632 3229 4685 irruit
3258 4629 3403 4688 "'o;
3440 4630 3493 4681 iu

1918 4728 2094 4794 seipso
2124 4728 2391 4796 fragorem
2449 4726 2583 4797 legis
2611 4725 2949 4794 significabat
2982 4734 3036 4777 et
3070 4722 3483 4775 translationem

1921 4820 2049 4875 vita:
2082 4819 2326 4887 figurata:
2364 4820 2419 4873 in
2459 4817 2832 4883 Evaugetinm.
2863 4814 3060 4869 Motum
3093 4812 3303 4867 timoris
3353 4811 3494 4864 toll.t

1921 4913 2096 4981 primo
2126 4912 2373 4980 angelus,
2406 4910 2598 4965 deinde
2628 4906 3047 4962 numiandorum
3076 4903 3289 4956 initium
3324 4900 3449 4966 facit
3469 4917 3492 4955 τ

1926 5017 2011 5055 res
2057 5002 2202 5057 enim
2229 5001 2470 5055 dicenda
2500 5015 2605 5053 non
2632 4997 2701 5052 ad
2746 4998 2993 5051 timorem
3029 4993 3122 5048 sed
3152 4992 3215 5043 ad
3244 4989 3492 5043 fiduciam

242 5098 421 5165 ρῖῐται.
454 5092 670 5163 πρῶτον
698 5093 795 5151 τοῦ
823 5091 989 5162 φόϐου
1012 5091 1105 5145 τὸν
1134 5091 1394 5162 τάραχον,
1427 5092 1523 5145 καὶ
1560 5086 1660 5144 εἶθ’
1684 5091 1822 5145 οὕτω

1925 5103 1977 5149 et
2018 5093 2271 5162 gaudium
2306 5100 2620 5161 provocant.
2670 5088 2809 5154 Quid
2855 5099 2985 5150 ergo
3031 5079 3286 5135 nuntiat?
3337 5096 3357 5131 ι
3410 5075 3490 5131 Ne

242 5182 728 5255 τῶνΕὐαγγελίων
746 5184 1073 5254 ἀπάρχεται.
1097 5184 1171 5237 Ού
1196 5183 1305 5252 γὰρ
1322 5182 1483 5250 φόϐου
1500 5178 1569 5254 ἦν
1586 5184 1655 5237 τὰ
1668 5184 1820 5251 λεγό-

250 5292 411 5351 μενα,
430 5274 550 5331 ἀλλ’
569 5274 800 5344 ἀφοϐίας
838 5276 934 5330 καὶ
963 5275 1325 5345 τερπνότητος
1347 5274 1610 5344 πρόξενοι·
1647 5276 1700 5328 τί
1729 5274 1820 5328 λέ-

246 5385 396 5436 γωνς
419 5390 437 5422 ι
461 5369 557 5439 Μὴ
578 5366 769 5437 φοϐοῦ,
790 5366 1057 5438 Ζαχαρία,
1079 5366 1211 5420 διότι
1237 5365 1614 5437 είσηκούσθηὴ
1635 5367 1820 5436 δέησίς

249 5474 365 5511 σου.
381 5478 401 5510 ι
420 5459 718 5529 Μονονουχὶ
733 5455 891 5528 βοῶν,
921 5458 986 5510 Τί
1002 5457 1264 5525 δέδοιιιις,
1286 5453 1330 5513 ὧ
1347 5458 1646 5530 πρεσϐύτας
1665 5460 1714 5513 τί
1738 5460 1821 5513 δέ·

352 5636 378 5669 ⁸
405 5637 423 5665 ⁸
449 5633 581 5690 Luc.
620 5648 658 5699 ι,
690 5631 775 5686 12.
852 5632 1022 5687 ’ibid.
1059 5632 1144 5686 15.

1930 5186 2119 5239 timeas
2146 5224 2161 5247 ,
2212 5181 2475 5238 Zacharia
2504 5219 2520 5243 ,
2572 5179 2697 5247 quia
2742 5177 2994 5232 exaudita
3038 5181 3132 5237 est
3183 5169 3493 5238 deprecatio

1914 5287 2056 5343 'tna;
2094 5296 2112 5328 ι
2134 5277 2155 5308 ³
2181 5291 2246 5346 ac
2272 5275 2318 5330 si
2362 5274 2570 5328 diceret
2601 5286 2616 5325 :
2650 5270 2788 5337 Quid
2840 5269 3017 5328 times,
3057 5279 3088 5318 ο
3118 5260 3329 5317 senex?
3360 5261 3488 5330 quid

1931 5369 2127 5432 times,
2169 5383 2290 5421 cum
2344 5367 2450 5419 tuis
2518 5364 2909 5432 respondeatur
2956 5352 3426 5423 elliagitationibus
3464 5349 3489 5404 i

1929 5459 2057 5527 quid
2092 5459 2346 5529 trepidas,
2385 5472 2507 5510 eum
2538 5468 2699 5508 onere
2731 5451 2860 5521 legis
2885 5442 3181 5502 exiinzrris?
3211 5443 3339 5514 quid
3376 5456 3489 5499 tus-
