4058 6190
2 284 25 337 ll

301 335 442 401 3333

917 330 1202 394 ORATIO
1240 331 1372 398 VII.
1401 360 1472 372 --
1491 336 1888 399 ENCOMIUM

1992 337 2015 398 ί
2043 337 2106 398 S.
2141 324 2493 399 JOANNEM
2525 332 2972 407 BAPTISTAM.

3431 339 3573 409 333%

306 456 401 507 καὶ
426 449 632 522 σαρκὸς
663 447 763 519 τὴν
791 451 849 503 ἐν
876 450 1097 523 Χριστῷ
1125 452 1428 523 παρθενίαν
1464 452 1752 524 τιμήσασι,
1780 455 1876 507 καί⁵

1992 452 2150 507 Deum
2202 452 2409 518 genuit.
2478 450 2593 508 lloc
2647 453 2813 508 etiam
2870 451 3125 508 Salvator
3192 448 3575 510 luculentissi-

308 544 571 615 μιμηταῖς
604 544 705 612 τῆς
745 539 937 595 τοῦτον
971 543 1240 614 τεκούσης
1287 543 1559 614 ἀχράντου
1600 542 1884 615 Παρθένου

304 635 617 704 γενομένοις
645 652 703 688 τε
741 634 839 689 καὶ
881 634 1211 705 ὐπάρξασιν.
1237 634 1409 689 Τοῦτο
1434 635 1492 690 δὲ
1537 636 1634 689 καὶ
1670 634 1834 699 αὐτὸς
1858 637 1886 689 ὁ

305 722 498 793 Σωτὴρ
521 726 682 777 πᾶσιν
707 725 973 793 ἐπιφανὲς
1005 726 1344 796 ἐφανέρωσε,
1373 728 1448 797 μὴ
1482 726 1694 790 πάντας
1716 727 1887 780 είπὼν

302 812 495 868 τούτου
530 814 821 884 τυγχάνειν
871 819 1218 888 χωρητικοὺς
1240 859 1255 882 ,
1281 818 1378 871 τοῦ
1428 819 1530 889 τῆς
1564 817 1879 889 παρθενίας,

304 907 467 975 λέγω,
490 905 858 980 χαρίσματος,
875 906 1011 960 ἀλλὰ
1037 908 1232 977 μόνους
1252 909 1497 973 ἐκείνους
1520 910 1550 962 ό
1576 909 1786 977 Ἰησοῦς
1809 907 1886 972 ὡς

305 997 491 1062 ἀξίους
512 996 654 1050 κατά
678 995 830 1050 θείαν
846 998 1212 1069 ηὐτρέπισται
1238 1000 1570 1070 πρόγνωσιν.
1593 999 1885 1071 Ἦγαπήθη

303 1086 424 1155 Θεῷ
448 1087 542 1140 καὶ
574 1085 774 1140 Ἰακὼϐ
827 1085 908 1140 ἐτι
941 1087 1086 1141 κατά
1122 1088 1223 1159 τὴν
1247 1084 1509 1160 μητρῴαν
1544 1089 1708 1160 νηδὺν
1747 1088 1887 1142 διαι-

303 1174 578 1246 τώμενο,’
636 1174 838 1247 ἐρρέθη
880 1176 990 1246 γὰρ
1029 1176 1152 1247 θείᾳ
1204 1181 1355 1248 φωνῇ
1401 1181 1538 1248 πρὸς
1567 1178 1666 1249 τὴν
1696 1178 1885 1231 τοῦτον

306 1264 595 1332 ἐγκόλπιον
624 1265 915 1335 φέρουσαν,
954 1284 972 1317 ι
1004 1265 1109 1319 Τὸν
1129 1265 1326 1319 Ἰακὼϐ
1345 1268 1635 1338 ἠγάπησα,
1667 1269 1763 1321 καὶ
1794 1268 1888 1321 τὸν

318 1354 490 1408 Ἠσαῦ
514 1355 753 1424 ἐμίσησα
772 1372 786 1387 ο
814 1374 832 1408 ι
860 1356 972 1410 ἀλλ’
989 1357 1049 1410 οὐ
1075 1357 1389 1428 Πνεύματος
1413 1358 1570 1426 ἁγίου
1589 1356 1887 1428 κυοφορού-

309 1463 469 1515 μενος
497 1445 719 1514 γέγονεν
748 1444 1033 1516 ἔμπλεως·
1093 1446 1190 1500 καὶ
1235 1446 1355 1517 Θεῷ
1397 1447 1650 1500 παλαίειν
1682 1447 1887 1500 παννύο

304 1552 422 1606 χιος
461 1537 682 1606 ἴσχυσε·
714 1536 813 1600 νὺξ
843 1537 953 1607 γὰρ
994 1537 1219 1605 ἀγνοίας
1246 1537 1368 1590 τότε
1402 1537 1537 1591 Θεοῦ
1565 1540 1678 1602 τοῖς
1719 1540 1886 1592 πᾶσιν

305 1623 565 1692 ἐκέχυτο·
598 1623 714 1676 ἀλλ’
753 1624 813 1677 οὐ
848 1623 984 1677 Θεοῦ
1020 1626 1344 1697 προτρέχειν
1386 1627 1480 1680 καὶ
1513 1626 1645 1681 Θεὸν
1691 1625 1889 1696 βαπτί-

306 1715 421 1778 ζειν
449 1713 724 1785 δεδύνητο,
748 1714 777 1767 ὃ
815 1716 973 1785 μόνος
1004 1718 1063 1770 ἐν
1087 1716 1399 1787 ἀνθρώποις
1425 1718 1676 1785 Ἰωάννης
1711 1723 1884 1771 ποιεῖν

1992 554 2077 594 me
2104 541 2339 595 ostendit
2364 540 2547 595 dicens
2578 557 2593 594 :
2625 558 2644 593 ι
2681 539 2798 595 Non
2830 556 3020 596 omnes
3044 541 3263 612 capiunt
3297 543 3426 599 illud
3452 544 3499 611 ',
3536 562 3556 597 ι

1991 630 2318 701 virginitatis
2343 631 2539 685 donum
2575 631 2803 697 allirmo,
2833 632 2925 686 sed
2979 632 3017 687 ii
3075 632 3176 688 soli
3229 649 3367 704 quos
3413 632 3575 691 Jesus

1989 734 2085 788 per
2115 721 2353 775 divinam
2384 736 2537 776 suam
2574 723 2972 800 praescientiam
3003 724 3351 794 disposuerit.
3388 727 3433 780 Α
3458 725 3572 781 Ι)εο

1989 819 2202 864 amatus
2255 821 2336 865 est
2365 810 2534 867 Jacob
2571 828 2693 866 cum
2741 814 2917 867 adhuc
2952 814 3003 867 in
3038 824 3193 870 utero
3242 817 3434 870 matris
3475 832 3577 871 ex-

1992 900 2247 966 sisteret;
2275 902 2436 954 matri
2483 903 2626 956 enim
2691 903 2855 956 lilium
2904 905 3024 957 sinu
3053 909 3282 974 gestanti
3330 922 3461 962 voce
3491 908 3576 962 di-

1989 989 2195 1044 viuitus
2225 990 2437 1059 delapsa
2472 992 2673 1046 dictum
2704 991 2844 1045 fuit:
2879 1010 2897 1043 ι
2933 990 3105 1053 Jacoh
3145 995 3308 1050 dilexi
3340 1008 3394 1051 et
3428 990 3575 1051 Esau

1988 1079 2113 1135 odio
2140 1080 2300 1134 habui
2329 1081 2384 1144 ⁵;
2419 1100 2438 1132 ι
2472 1092 2707 1135 attamen
2768 1092 2925 1136 utero
2980 1093 3220 1151 gestatus
3277 1101 3305 1138 ο
3367 1084 3574 1155 Spiritu

1989 1182 2179 1225 sancto
2213 1187 2315 1226 non
2346 1172 2445 1226 fuit
2482 1173 2738 1243 repletus.
2768 1171 2938 1228 Nocte
3010 1176 3226 1242 quidem
3262 1176 3373 1231 Deo
3406 1178 3577 1231 collu-

1998 1271 2148 1316 ctare
2175 1264 2372 1331 potuit,
2396 1275 2520 1319 tunc
2553 1269 2694 1320 enim
2730 1284 2833 1323 nox
2871 1271 3189 1337 ignorantiae
3224 1272 3420 1325 divina:
3455 1270 3577 1327 ubi.

1990 1355 2680 1424 cumqnediﬂ'undebatur:
2714 1370 2800 1413 ast
2823 1361 2933 1414 Deo
2962 1377 3301 1429 prtecurrere
3325 1375 3379 1417 et
3403 1357 3573 1419 Deum

1988 1445 2266 1515 baptizare
2302 1446 2545 1515 nequivit
2578 1465 2591 1501 :
2629 1449 2823 1504 unicus
2865 1451 3004 1506 inter
3031 1453 3279 1508 homines
3320 1454 3370 1508 id
3400 1455 3578 1511 facere

1989 1549 2154 1590 ausus
2189 1545 2271 1590 est
2299 1535 2562 1592 Joannes.
2634 1538 2844 1594 Aurora
2903 1552 3176 1613 surgente,
3233 1545 3470 1599 surrexit
3521 1556 3577 1600 ει

1990 1627 2182 1680 notitia
2217 1626 2310 1680 Dei
2338 1636 2392 1681 et
2428 1628 2690 1696 splendor
2716 1632 2961 1687 veritatis
3005 1648 3100 1702 per
3138 1632 3279 1687 diem
3309 1634 3527 1690 colluxit
3556 1652 3573 1690 :

1992 1718 2223 1772 invictus
2247 1720 2341 1773 sed
2367 1718 2571 1775 femore
2613 1722 2838 1777 claudus
2868 1724 2935 1778 de
2968 1723 3105 1778 lucta
3138 1726 3361 1781 recessit
3388 1724 3574 1792 Jacob,

304 1804 709 1875 ἀπετόλμησεν.
731 1804 867 1875 Ὄρθ
879 1822 969 1874 ρος
987 1806 1096 1876 γάρ
1129 1807 1158 1859 ὁ
1197 1806 1299 1875 τῆς
1327 1806 1655 1875 θεογνωσίας
1683 1806 1885 1860 ἀναϐεοο

1994 1810 2239 1878 (ratione
2263 1825 2447 1864 eorum
2473 1812 2562 1880 qui
2613 1828 2677 1865 ex
2705 1814 2908 1869 femore
2955 1816 3120 1884 ipsius
3147 1826 3302 1871 erant
3330 1817 3575 1888 orituri),

307 1896 493 1965 ϐήκει,
522 1896 706 1949 λοιπὸν
743 1897 960 1967 καὶτῆς
985 1897 1219 1967 ἀληθοῦς
1262 1897 1475 1968 ἡμέρας
1508 1900 1542 1970 ή
1591 1899 1883 1971 φαιδρότης

313 1987 601 2056 ἐπέλαμπε
617 2002 631 2019 ⁸
661 1987 772 2040 κάκ
788 1986 889 2057 τῆς
918 1987 1098 2056 πάλης
1126 1989 1155 2041 ό
1170 1988 1503 2052 ἀπάλαιστος
1524 1989 1602 2060 τῷ
1621 1989 1780 2059 μηρῷ
1794 1990 1881 2044 διὰ

306 2082 435 2142 τοὺς
475 2078 537 2143 ἐξ
577 2079 743 2132 αὑτοῦ
781 2081 847 2133 ἐκ
893 2079 1072 2150 μηροῦ
1100 2080 1554 2151 γεννησομένους,
1586 2079 1877 2147 ἐπέσκοζε,

306 2171 404 2224 καὶ
426 2170 563 2232 ὅλως
587 2169 909 2241 όξυδρομεῖν
938 2170 1040 2223 οὐκ
1069 2170 1323 2240 ἠδύνατο,
1346 2169 1680 2241 προμηνύων
1704 2171 1882 2225 αὐτῶν

307 2263 568 2333 ἐμφανῶς
621 2263 699 2334 τῷ
733 2263 1039 2335 αἰνίγματι,
1088 2265 1149 2318 τὸ
1195 2266 1331 2335 πρὸς
1391 2265 1490 2336 τὴν
1541 2265 1692 2318 θείαν
1723 2264 1884 2337 χάριν

317 2353 693 2423 ἐπιδημοῦσαν
723 2354 801 2425 τῷ
838 2354 936 2426 βίῳ
974 2354 1145 2426 βραδὺ
1175 2356 1271 2410 καὶ
1295 2357 1622 2426 δυσκίνητον
1647 2358 1742 2411 καὶ
1784 2357 1884 2427 τὴν

312 2446 374 2499 ἐκ
407 2443 611 2513 τούτου,
643 2446 1031 2517 φανησομένην
1060 2446 1243 2500 αὐτῶν
1286 2446 1636 2516 πανολέθριον
1676 2446 1886 2517 χώλαν-

1992 1900 2110 1955 ideo
2156 1902 2318 1956 citius
2369 1917 2589 1957 currere
2622 1920 2725 1958 non
2791 1905 2983 1975 potuit,
3016 1913 3072 1960 et
3131 1906 3233 1961 hoc
3295 1911 3580 1978 aenigmate

1988 1991 2258 2061 signiﬁcat
2282 1993 2448 2046 vitam
2473 2004 2525 2047 et
2554 1995 2777 2048 arduam
2810 2006 2864 2050 et
2887 1995 3237 2062 immobilem,
3254 2012 3372 2067 qua:
3396 2000 3579 2069 divina

1988 2084 2159 2153 gratia
2188 2083 2423 2147 aﬂlattte,
2446 2084 2498 2139 in
2530 2086 2887 2153 perniciosam
2920 2090 3189 2160 paralysin
3216 2091 3371 2144 abiit.
3430 2090 3580 2146 Hauc

1985 2176 2206 2229 omnino
2233 2185 2486 2243 expertus
2513 2191 2618 2229 non
2640 2187 2720 2230 est
2745 2175 3001 2240 Joannes.
3026 2179 3242 2234 etiamsi
3272 2197 3334 2235 ex
3368 2178 3573 2236 Jacobo

1985 2267 2324 2321 descenderit
2357 2283 2371 2319 :
2408 2281 2437 2320 e
2471 2278 2659 2320 contra
2699 2268 2983 2321 celerrime
3014 2271 3080 2322 ad
3114 2270 3343 2339 gratiam
3375 2285 3573 2324 cucur—

1987 2356 2057 2410 rit
2084 2367 2137 2410 et
2165 2354 2391 2410 Domino
2415 2359 2766 2428 praecucurrit
2799 2376 2816 2412 :
2851 2358 3039 2426 procul
3081 2359 3387 2415 secedeudo
3421 2375 3452 2414 a
3477 2358 3579 2415 Ju-

1988 2447 2225 2501 dazorum
2270 2447 2586 2502 inﬁdelitate
2614 2458 2669 2501 et
2694 2464 2723 2501 a
2758 2450 3037 2518 mysteriis
3076 2452 3380 2504 nocturnis.

310 2560 414 2607 σιν,
456 2541 526 2612 ήν
557 2541 816 2613 Ἰωάννης
884 2542 1164 2606 παντελῶς
1200 2543 1300 2613 οὐχ
1351 2542 1637 2611 ὑπέμεινε,
1694 2542 1870 2597 καίτοι
1929 2544 2049 2597 κατ’
2083 2543 2327 2606 ἐκείνους
2357 2542 2415 2609 ἐξ
2460 2542 2659 2597 Ἰακὼϐ
2710 2543 3116 2615 καταγόμενος*
3154 2544 3269 2598 ἀλλ’
3317 2542 3583 2615 εῦδρομός

306 2653 396 2703 τις
431 2639 566 2709 πρὸς
608 2638 814 2711 ταύτην
854 2638 950 2694 καὶ
995 2637 1309 2711 Πρόδρομος
1347 2638 1593 2709 γίγνεται
1653 2639 1751 2710 τῆς
1802 2638 2104 2709 Ἰουδαϊκῆς
2160 2637 2441 2703 ἀπιστίας,
2496 2639 2590 2691 καὶ
2635 2635 2827 2701 νυκτὸς
2866 2638 3058 2710 πόρρω
3116 2639 3463 2693 καταλείπων
3511 2640 3582 2693 τά

357 2751 608 2790 υστηρια.

357 2751 456 2788 υστ
536 2753 608 2790 ια.

314 2754 352 2808 μ
388 2736 839 2899 η⁹.ής›Ηϐουλόμην
878 2828 934 2882 δέ
985 2829 1081 2883 καὶ
1121 2829 1215 2884 τδν
1259 2829 1498 2901 Σαμψὼν
1543 2828 1890 2899 παραγαγεῖν

312 2921 396 2984 είς
426 2919 753 2992 παράθεσιν.
798 2919 896 2972 Ἐκ
924 2920 1146 2992 στείρας
1175 2921 1286 2992 γὰρ
1326 2921 1421 2974 καὶ
1478 2920 1640 2983 αὐτὸς
1669 2919 1888 2988 ἐγεγέν-

314 3027 463 3079 νητο,
497 3008 593 3061 καὶ
620 3008 859 3079 δεήσεως
885 3011 983 3078 τῆς
1038 3008 1175 3079 πρὸς
1224 3008 1359 3061 Θεὸν
1399 3008 1627 3078 βλαστὸς
1677 3004 1885 3060 ἀναπέ-

313 3115 476 3169 φηνε,
510 3096 605 3151 καὶ
625 3096 724 3167 τὴν
754 3097 998 3167 κεφαλὴν
1031 3097 1174 3150 ἐνὼν
1206 3098 1306 3152 οὐκ
1337 3096 1588 3167 ἐκείρατο
1612 3111 1626 3125 ο
1659 3114 1677 3146 ι
1710 3093 1883 3164 Ξυρὸν

313 3189 445 3259 γὰρ,
479 3189 786 3260 φησίν,οὑκ
816 3188 984 3254 ἀνέϐη
1010 3190 1101 3241 ἐπὶ
1121 3189 1220 3260 τὴν
1254 3187 1493 3259 κεφαλὴν
1519 3184 1705 3240 αὐτοῦ’
1734 3205 1752 3238 ι
1786 3185 1883 3239 καὶ
1910 3237 1954 3260 η
1985 3196 2146 3256 caput
2174 3187 2290 3257 ejus
2310 3188 2327 3217 ’

2067 2826 2121 2882 8.
2153 2824 2474 2881 Samsonem
2505 2841 2719 2896 quoque
2744 2828 2795 2881 in
2821 2829 3277 2898 comparationem
3311 2829 3585 2887 adducere

1993 2918 2304 2972 statuimus.
2371 2916 2471 2972 Hic
2495 2920 2694 2972 etenim
2731 2935 2797 2974 ex
2826 2921 2996 2974 sterili
3033 2931 3189 2976 natus
3216 2931 3321 2988 est,
3351 2937 3576 2991 germen

1989 3022 2057 3061 ex
2084 3007 2335 3077 precibus
2361 3009 2610 3077 apparuit
2642 3018 2696 3064 et
2742 3020 2935 3079 sponte
2965 3027 3062 3066 sua
3117 3022 3282 3082 caput
3332 3027 3438 3067 non
3496 3020 3582 3067 to-

1989 3100 2204 3154 tondit:
2242 3116 2261 3151 ι
2318 3097 2611 3167 Novacula,
2672 3102 2905 3167 dicitur,
2961 3118 3067 3157 nou
3128 3105 3372 3158 ascendit
3418 3119 3581 3174 super

2363 3229 2378 3254 ,
2416 3208 2435 3239 ι
2467 3188 2697 3258 aliisque
2724 3191 3061 3246 munusculis
3087 3207 3117 3245 ιι
3160 3193 3270 3248 Deo
3296 3194 3583 3264 insignitus

314 3278 495 3340 ἄλλοις
529 3276 589 3331 δὲ
641 3276 806 3342 θείοις
833 3278 973 3331 τισὶν
1028 3278 1203 3349 ἐκόμα
1260 3278 1623 3350 δωρήμασιν·
1682 3275 1795 3331 ἀλλ’
1847 3279 1882 3348 ή

1994 3279 2115 3335 fuit.
2147 3279 2535 3335 Verumtamen
2578 3294 2701 3335 cum
2736 3282 2909 3351 ipsum
2967 3283 3135 3338 Dalila
3185 3288 3440 3342 meretrix
3485 3302 3584 3343 sa-

312 3369 514 3424 Δαλιδά
541 3369 638 3425 καὶ
679 3369 775 3425 νῦν
813 3370 875 3424 τὸ
905 3371 1176 3442 πορνίδιον
1217 3371 1383 3425 πάλιν
1422 3370 1585 3425 αὐτὸν
1622 3371 1887 3440 γενναίως

314 3462 643 3532 κρατήσασα
697 3460 1014 3519 ἀκολουθεῖν
1081 3463 1214 3533 ἡμῖν
1281 3462 1421 3533 πρὸς
1476 3461 1732 3532 Ἰωάννην
1786 3463 1887 3515 οὐκ

317 3552 519 3606 είασεν.
572 3551 682 3605 Καὶ
722 3552 951 3624 μεγάλοι
993 3551 1094 3622 μὲν
1148 3551 1380 3606 ἐνώπιον
1428 3551 1638 3620 Κυρίου
1685 3552 1889 3613 πάντες

316 3643 633 3713 ἐτύγχανον,
686 3644 801 3699 ἀλλ’
831 3645 892 3698 οὐ
939 3644 1169 3709 πολλοὺς
1204 3643 1314 3698 τῶν
1362 3643 1494 3697 υἱῶν
1531 3641 1750 3714 Ἰσραὴλ
1797 3642 1893 3695 ἐπὶ

318 3734 523 3803 Κύριον
550 3732 642 3787 τὸν
689 3735 823 3787 Θεὸν
868 3734 1050 3788 αὐτῶν
1097 3734 1530 3804 ἐπιστρέψαντες
1566 3734 1886 3803 φαίνονταιο

315 3822 438 3877 οὔτε
472 3824 709 3897 Χριστοῦ
742 3825 835 3880 τοῦ
878 3824 1015 3879 Θεοῦ
1045 3825 1455 3897 προωδεύκασιν
1487 3830 1545 3880 ἐν
1583 3824 1767 3880 Ἠλιοῦ
1797 3825 1892 3878 δυ-

316 3916 481 3984 νάμει
535 3916 626 3968 καὶ
694 3915 987 3987 πνεύματι,
1018 3915 1145 3970 οὔτε
1199 3918 1426 3988 καρδίας
1487 3918 1742 3990 πατέρων
1797 3917 1892 3971 ἐπὶ

316 4006 481 4059 τέκνα
513 4006 623 4061 τῶν
663 4009 721 4062 ἐν
761 4008 913 4079 νόμῳ
946 4010 1265 4082 τραφέντων
1304 4010 1395 4065 ἐπὶ
1441 4010 1568 4073 τοὺς
1596 4010 1892 4080 γεγονότας

315 4099 377 4151 ἐν
405 4101 585 4168 χάριτι
619 4100 1064 4172 μεθαρμόσαντες
1089 4100 1420 4167 δείκνυνται,
1464 4102 1575 4155 οὐδ’
1605 4101 1890 4166 ἀπειθείας

327 4189 617 4254 Ἰουδαίους
646 4192 704 4244 ἐν
737 4192 996 4264 φρονήσει
1021 4192 1245 4248 δικαίων
1275 4193 1385 4247 τῶν
1411 4194 1469 4247 ἐν
1508 4194 1730 4265 Χριστῷ
1756 4193 1894 4247 δεδι-

316 4277 641 4347 καιωμένων
668 4279 977 4350 ὠδήγησαν,
1003 4279 1129 4333 οὔτε
1160 4282 1350 4352 Κυρίῳ
1382 4281 1478 4335 ἐπὶ
1517 4284 1619 4353 γῆς
1647 4281 1893 4352 ἀναλάμ-

314 4368 480 4437 ψαντι
540 4367 670 4422 λαὸν
718 4370 1231 4441 κατεσκευασμένον
1265 4371 1601 4442 ἡτοίμασαν,
1651 4370 1774 4425 οὔτε
1822 4371 1893 4425 τὰ

314 4458 523 4512 τούτων
554 4459 852 4530 ἐσχήκασιν
887 4460 1134 4531 μείζονα.
1182 4461 1248 4514 Τί
1278 4462 1387 4533 γὰρ
1417 4463 1601 4533 μεῖξον
1630 4462 1724 4515 τοῦ
1762 4463 1892 4516 ίδεῖν

1991 3370 2112 3440 pius
2143 3378 2197 3424 et
2219 3369 2444 3423 viriliter
2501 3370 2780 3437 devicerit,
2813 3375 2878 3426 ad
2901 3372 3163 3430 Joannem
3191 3375 3441 3432 canferre
3472 3393 3582 3432 non

1992 3460 2140 3516 licet.
2195 3457 2447 3521 Fuerunt
2477 3473 2667 3514 omnes
2721 3462 2898 3530 magni
2959 3479 3144 3517 coram
3199 3464 3444 3530 Domino,
3481 3468 3577 3521 sed

1996 3565 2106 3605 non
2141 3547 2657 3603 multoseﬁliorum
2707 3546 2876 3602 lsrael
2935 3550 3001 3603 ad
3061 3551 3345 3604 Dominum
3401 3550 3570 3605 Deum

1999 3656 2156 3695 suum
2217 3646 2603 3694 convertentes
2663 3639 3009 3706 exhibentur,
3067 3640 3573 3709 neque,Christum

1994 3731 2162 3787 Deum
2191 3734 2502 3801 praecedunt
2533 3730 2586 3784 in
2642 3731 2839 3785 virtute
2866 3739 2922 3785 et
2977 3732 3166 3800 spiritu
3205 3732 3354 3796 Elim,
3407 3747 3581 3802 neque

1994 3825 2158 3879 corda
2180 3832 2392 3895 patrum
2422 3823 2488 3877 ad
2513 3821 2736 3889 liberos,
2770 3821 3018 3877 videlicet
3058 3822 3174 3890 lege
3205 3826 3495 3887 euutritos,
3525 3825 3578 3879 in

2001 3913 2140 3969 filios
2166 3912 2356 3984 gratiae
2389 3911 2850 3967 transformantes
2876 3913 3151 3979 dicuntur,
3187 3930 3359 3984 neque
3385 3914 3577 3969 inobe-

1994 4004 2202 4059 dientes
2228 4000 2448 4057 Judaeos
2477 4000 2544 4055 ad
2604 4002 2946 4070 prudentiam
3017 4001 3317 4070 justorum,
3370 4003 3581 4059 scilicet

1994 4095 2048 4151 in
2101 4094 2319 4149 Christo
2351 4090 2767 4159 justiticatorum
2831 4092 3193 4158 deduxerunt,
3244 4109 3417 4164 neque
3475 4096 3579 4150 Do-

1995 4186 2145 4242 mino
2176 4185 2227 4239 in
2271 4186 2433 4238 terris
2461 4183 2742 4252 apparenti
2775 4182 2981 4252 plebem
3007 4186 3315 4251 expeditam
3350 4198 3583 4254 parave-

1995 4286 2141 4344 runt,
2174 4289 2348 4346 neque
2377 4268 2576 4343 majora
2634 4273 2995 4345 perfecerunt.
3047 4275 3186 4342 Quid
3231 4278 3376 4332 enim
3409 4279 3583 4345 majus

1994 4376 2097 4433 est,
2129 4382 2253 4421 num
2283 4365 2571 4421 Dominqu
2608 4365 2660 4417 in
2700 4377 2870 4419 carne
2895 4365 3084 4420 videre
3121 4375 3177 4420 et
3221 4381 3358 4437 aqua
3408 4367 3585 4436 bapti-

1995 4470 2142 4521 zare,
2177 4470 2246 4511 an
2283 4470 2351 4509 ex
2381 4467 2560 4510 matre
2586 4453 2760 4508 sterili
2811 4470 2967 4509 suum
3026 4457 3224 4512 ducere
3274 4456 3587 4529 originem!

315 4551 379 4603 ἐν
424 4551 593 4620 σαρκὶ
640 4552 735 4605 καὶ
771 4550 1030 4621 βαπτίσαι
1056 4553 1149 4607 τὸν
1200 4553 1406 4625 Κύριον
1452 4553 1662 4618 ὕδασιν,
1695 4556 1790 4609 καὶ
1827 4557 1888 4609 ὲκ

1999 4548 2136 4603 Aliis
2166 4561 2382 4616 quoque
2400 4546 2691 4614 viguerunt
2715 4544 3083 4615 facultatibus,
3116 4557 3172 4602 et
3223 4551 3434 4618 magnis
3462 4553 3584 4620 qui-

318 4642 555 4714 trrslpwv
590 4641 748 4714 ἔσχον
779 4654 803 4683 ⁸
839 4645 1091 4716 μητέρων
1130 4646 1230 4716 τὴν
1269 4646 1557 4715 γέννησιν;
1586 4646 1680 4698 καὶ
1711 4644 1893 4708 ἄλλοις

316 4734 430 4787 τισὶ
466 4733 936 4806 πλεονεκτήμασιν
961 4733 1204 4802 έθαλλον,
1236 4722 1495 4807 μεγάλοις
1542 4736 1642 4807 μὲν
1680 4738 1728 4790 εί
1757 4737 1894 4807 πρὸς

318 4825 525 4895 ἐτέρων
573 4824 775 4892 ἀρετὰς
824 4824 1258 4897 παραϐάλλοιντο
1278 4866 1294 4891 ,
1342 4830 1557 4899 μικροῖς
1589 4825 1646 4879 δὲ
1687 4825 1810 4880 λίαν
1842 4828 1895 4879 εί

315 4916 432 4977 τοῖς
488 4913 733 4971 Ἰωάννου
810 4918 1115 4989 χαρίσμασι
1170 4918 1417 4989 τολμοῖεν
1482 4915 1891 4988 συγκρίνεσθαι.

318 5006 466 5077 Πρὸς
494 5005 530 5060 ἀ
578 5007 646 5061 δι’
686 5008 993 5081 ὑπερϐολήν
1032 5008 1443 5081 ἀνυπέρϐλητον
1482 5009 1575 5061 καὶ
1618 5009 1894 5080 Ζαχαρίας

315 5098 439 5152 τότε
491 5096 547 5150 θ’
568 5098 777 5169 μέλλων
808 5101 1054 5154 Ἰωάννου
1104 5100 1284 5173 πατὴρ
1334 5099 1746 5155 ἀναδείκνυσθαι
1802 5100 1894 5153 τὸν

317 5188 445 5243 νοῦν
494 5189 568 5254 ὡς
613 5190 699 5243 ἐπ’
731 5193 1034 5263 ἀμηχάνοις
1093 5195 1238 5247 τισὶν
1282 5192 1739 5265 ἐκπληττόμενος,
1795 5194 1895 5259 τῆς

322 5279 585 5344 ἀπιστίας
608 5281 670 5334 τὸ
699 5283 923 5355 κέντρον
951 5285 1165 5355 ἐδέχετο
1184 5300 1200 5316 ·
1233 5286 1328 5339 καὶ
1357 5284 1422 5355 δὴ
1463 5284 1638 5355 τούτῳ
1673 5283 1904 5352 πληγεὶς

325 5371 457 5441 πρὸς
487 5369 577 5424 τὸν
612 5375 883 5443 μακάριον
909 5374 1147 5444 ἔφασκεν
1185 5375 1420 5446 ἄγγελον
1456 5376 1639 5429 ἐκεῖνα
1665 5377 1761 5445 τῆς
1793 5375 1904 5429 δειο

2000 4641 2146 4706 dem,
2177 4638 2221 4692 si
2249 4652 2372 4691 cum
2405 4647 2721 4692 cmterorum
2750 4636 3027 4692 hominum
3052 4640 3343 4695 virtutibus
3363 4656 3585 4711 compo-

2005 4746 2124 4797 nas,
2174 4733 2357 4799 parvis
2394 4738 2577 4783 autem
2606 4727 2792 4793 nimis,
2817 4729 2862 4783 si
2890 4732 2958 4783 ad
2987 4731 3316 4785 charismata
3342 4730 3574 4787 Joannis

2001 4826 2202 4877 audeas
2261 4820 2542 4887 conferre;
2599 4820 2789 4874 horum
2839 4819 2991 4888 copia
3048 4831 3102 4874 et
3158 4821 3403 4875 ubertate
3460 4837 3582 4891 per-

2001 4924 2207 4986 specta,
2244 4924 2424 4968 mente
2477 4922 2669 4982 captus
2724 4920 2807 4967 est
2861 4912 3178 4978 Zacharias,
3225 4911 3438 4968 futurus
3490 4914 3579 4968 ille

1999 5005 2223 5062 Joannis
2245 5014 2421 5075 pater,
2453 5014 2509 5058 et
2533 5003 2754 5059 stimulo
2780 5002 3087 5058 difﬁdentia:
3136 5004 3238 5058 fuit
3272 5002 3577 5059 lacessitus.

2001 5096 2292 5153 Perculsus
2317 5095 2460 5149 enim
2487 5094 2552 5147 ad
2585 5094 2835 5163 angelum
2884 5094 2973 5148 Dei
2996 5093 3278 5162 sequentia
3334 5092 3579 5148 dimdcn-

2006 5190 2095 5243 Iize
2120 5188 2279 5242 verba
2317 5185 2583 5240 convertit
2616 5202 2631 5239 :
2669 5202 2688 5235 ι
2733 5183 3010 5252 Quomodo
3042 5199 3362 5254 cognoscam
3395 5183 3524 5237 illud
3557 5185 3584 5237 2

1968 5296 2102 5350 τεκο
2151 5296 2267 5334 sum
2299 5292 2490 5343 senex,
2521 5287 2575 5331 et
2628 5292 2765 5332 uxor
2802 5292 2919 5332 mea
2969 5277 3230 5347 processit
3286 5278 3336 5329 in
3389 5275 3583 5330 diebus

2004 5375 2118 5430 suis
2145 5373 2205 5439 ’ς
2245 5389 2263 5424 ι
2311 5386 2430 5441 qua!
2461 5368 2705 5441 profecto
2731 5370 2983 5427 emittere
3019 5377 3175 5442 pater
3195 5366 3424 5425 Joannis
3442 5382 3582 5423 nun-

392 5549 412 5579 '
454 5546 773 5613 Manium,
808 5551 896 5606 ll.
972 5554 992 5584 '
1032 5550 1167 5607 Gen.
1197 5568 1323 5618 xxv,
1355 5553 1463 5621 23;
1497 5551 1653 5607 Rom.
1693 5567 1768 5617 Ix,
1805 5551 1888 5606 l3.
1968 5552 1988 5583 '
2017 5553 2061 5609 .l
2115 5549 2247 5619 Reg.
2282 5565 2321 5616 ι,
2347 5550 2433 5604 ll.
2510 5549 2531 5580 ⁸
2561 5549 2690 5604 Luc.
2732 5564 2768 5615 ι,
2812 5550 2903 5605 l8.

1334 5655 1341 5663 '
1590 5672 1823 5728 vanus
1860 5671 2275 5729 LECTIONES.

397 5746 421 5776 ο
451 5736 613 5811 Εχειν,
648 5739 836 5812 σχεῖνῖ
