4058 6190
342 323 480 388 3337
952 313 1234 377 ORATIO
1261 313 1394 376 v11.
1423 336 1494 346 ——
1519 308 1924 371 ENCOMIUM
1961 307 2042 367 IN
2077 308 2137 368 s.
2176 305 2530 367 JOANNEM
2569 302 3014 364 BAPTISTAM.
3476 302 3614 364 3m

339 453 448 491 των
473 432 730 503 ἐπεζήτει
755 430 854 503 τὴν
886 427 1164 492 πίπτωσιν,
1197 428 1396 496 λέγων,
1435 426 1595 481 Κατά
1619 427 1670 479 τί
1712 423 1917 493 γνώσο-

2055 423 2108 482 io
2143 431 2413 486 versatur,
2441 422 2511 477 ita
2533 436 2633 476 nec
2655 421 2892 476 seCundo
2913 420 2966 473 in
3013 419 3417 474 mendacinrnnt
3440 435 3607 491 angn-

342 545 440 600 μαι
469 525 662 590 τοῦτο;
687 523 845 586 είδὼς
879 522 954 585 ὡς
986 519 1231 591 ψεύστης
1264 519 1412 573 ἐστὶν
1455 520 1550 574 ἀπ’
1588 517 1784 587 ἀρχῆς,
1821 518 1917 570 καὶ

2053 514 2141 568 liis
2163 512 2450 577 Itmsitubil;
2472 511 2887 581 imomajoribns
2919 509 3148 566 fallaciis
3169 511 3440 581 captivum
3459 525 3616 566 suum

339 614 602 688 ἀλήθειαν
639 613 820 666 λαλεῖν
849 613 948 666 οὐκ
992 611 1312 664 ἐπίσταταιο
1350 609 1442 662 καὶ
1485 607 1561 671 ῶς
1605 609 1666 660 τδ
1702 608 1918 679 πρῶτον

2052 623 2075 658 ιι
2106 601 2307 674 majora
2338 604 2546 658 vincula
2565 604 2840 672 conjiciet.
2861 602 2910 658 ιε
2927 613 3105 658 autem
3126 603 3286 658 ductu
3315 602 3490 658 facilis
3511 618 3615 656 nan

338 705 708 776 ψευσάμενον,
739 704 835 757 καὶ
868 703 1006 765 ὅλως
1035 700 1250 771 δεχθεὶς
1294 702 1353 753 ἐν
1383 699 1462 771 τῷ
1489 695 1788 768 ψεύσματι,
1821 698 1922 751 οὐκ

2052 699 2123 751 uit
2143 695 2462 760 Zacharias,
2488 702 2640 765 pater
2667 695 2846 766 magni
2872 695 3122 762 Joannis,
3150 696 3335 766 procul
3369 696 3567 751 abhinc
3597 697 3608 748 !

341 796 614 867 ἀπορήσει
646 793 743 848 καὶ
775 793 836 846 τὸ
859 791 1110 863 δεύτερον
1130 789 1469 859 ψεύσασθαι·
1505 789 1652 851 ὅπως
1680 786 1922 859 μείζοσιν

2052 784 2140 840 lon
2181 802 2246 841 ex
2275 786 2458 840 radice
2493 796 2601 840 tam
2648 787 2926 856 insipienti
2960 785 3138 842 frutcx
3191 787 3365 842 dulcis
3413 788 3616 858 get-111i-

341 887 582 951 ἀπάταις
610 884 955 956 αίχμάλωτον
981 883 1072 936 τὸν
1110 882 1306 936 ἁλόντα
1330 882 1453 944 ταῖς
1482 880 1729 951 πρώταις
1756 877 1922 932 αὑτοῦ

2052 877 2176 930 tavit
2214 875 2472 942 Joannes,
2521 877 2608 945 qui
2664 879 2822 933 modo
2881 880 3185 946 pascendus
3255 889 3370 934 erat
3416 881 3616 943 melle;

344 978 677 1050 προσϐολαῖς
731 976 1122 1042 ἀπενέγκοιτοσ
1159 973 1274 1028 ἀλλ’
1320 973 1384 1026 ού
1421 970 1663 1033 τοιοῦτός
1709 987 1793 1034 τις
1831 969 1925 1022 εύ-

2052 969 2284 1023 1nmihus
2309 970 2472 1023 vitam
2499 970 2756 1026 selectam
2789 971 3136 1050 diligentibus
3156 971 3328 1026 dulcis
3352 983 3405 1025 et
3425 972 3608 1027 suavis

344 1047 483 1143 ήθης
533 1072 561 1123 6
615 1067 892 1139 Ζαχαρίας
941 1069 970 1120 6
998 1065 1250 1120 Ἰωάννου
1306 1062 1401 1117 τοῦ
1450 1060 1689 1134 μεγάλου
1744 1059 1928 1131 πατὴρ

2052 1071 2135 1124 :sl,
2155 1077 2346 1117 omnes
2375 1063 2552 1116 divina
2587 1064 2822 1132 quatiant
2853 1047 3194 1132 jucunditate
3218 1065 3284 1117 ad
3315 1079 3465 1119 suam
3497 1065 3617 1118 imi-

349 1164 667 1234 ἐτύγχανεν,
727 1161 946 1228 ἄπαγε’
999 1158 1108 1212 οὐδ’
1155 1159 1221 1211 ἐκ
1270 1157 1428 1228 ῥίζης
1476 1154 1737 1220 τοιαύτης
1785 1151 1931 1206 οὕτω

2052 1150 2292 1209 .atiunem
2322 1158 2552 1210 advocat
2576 1165 2630 1210 et
2663 1157 3005 1220 exhortatur.
3053 1156 3136 1213 Uti
3182 1157 3292 1227 jam
3321 1156 3619 1217 innuimus.

353 1256 545 1328 μωρᾶς
575 1255 604 1306 6
632 1251 968 1321 γλυκύτατος
997 1243 1153 1313 οὗτος
1184 1247 1396 1320 καρπὸς
1428 1248 1683 1315 Ἰωάννης
1711 1243 1931 1315 ἐφύετο,

2052 1245 2233 1298 :xstasi
2260 1255 2517 1316 tanquam
2544 1244 2696 1301 Isaac
2725 1248 2979 1306 detentus
3003 1246 3114 1302 fuit
3136 1263 3329 1313 senex,
3357 1248 3449 1318 qui
3488 1248 3622 1316 legis

352 1352 380 1402 6
409 1349 504 1401 καὶ
550 1346 639 1399 διὰ
673 1344 835 1398 τοῦτο
868 1346 1009 1413 τάχα
1038 1341 1374 1412 τρεφόμενος
1426 1338 1605 1409 μέλιτι
1631 1353 1644 1366 ’
1681 1337 1764 1390 ὅτι
1798 1336 1934 1388 πᾶσι

2052 1336 2312 1390 silentium
2341 1348 2398 1390 et
2428 1335 2785 1392 dimdcntiam
2811 1337 2919 1398 sub
2944 1331 3060 1408 lege
3091 1339 3430 1403 ostenderet,
3481 1355 3626 1408 pras-

349 1440 465 1501 τοῖς
513 1436 616 1506 τὴν
667 1433 942 1506 ἐξαίρετον
977 1432 1235 1500 ἀγαπῶσι
1285 1429 1433 1498 ζωὴν
1480 1425 1612 1496 ἡδύς
1661 1426 1809 1477 ἐστιν
1841 1420 1938 1474 καὶ

2052 1424 2561 1495 ηιιιιιὶιιτειριιοηιιο
2584 1425 2852 1496 fragorem
2883 1426 3182 1496 Evangelii,
3213 1427 3279 1482 ad
3307 1429 3438 1481 lines
3467 1438 3624 1484 terra!

351 1525 728 1594 γλυκύτατος,
787 1525 924 1592 πρὸς
978 1520 1078 1592 τὴν
1129 1520 1342 1591 οἰκείαν
1399 1518 1600 1577 αὐτοὺς
1643 1515 1711 1569 δι’
1757 1512 1938 1567 ἔνθεον

2052 1514 2445 1582 pertingentem
2484 1526 2535 1569 et
2567 1527 2758 1585 gentes
2785 1519 2850 1570 ad
2885 1517 3044 1571 [idem
3077 1517 3268 1587 gratiae
3323 1519 3626 1588 perducen-

353 1616 546 1688 ἡδονὴν
588 1612 980 1685 προσκαλεῖταί
1006 1629 1067 1665 τε
1119 1612 1212 1665 καὶ
1256 1607 1628 1680 προτρέπεται
1664 1603 1936 1674 μίμησινο
2047 1610 2175 1658 tem.

353 1707 470 1763 ἀλλ’
505 1707 760 1759 ἔκστασιν
789 1705 817 1757 6
845 1701 1180 1774 πρεσϐύτης,
1209 1701 1286 1764 ὡς
1330 1699 1563 1768 ἔφημεν,
1614 1691 1792 1765 οἶμαι,
1851 1690 1993 1746 κατά
2025 1694 2116 1745 τὸν
2146 1694 2333 1751 Ἰσαὰκ
2362 1698 2568 1753 ἐκεῖνον
2601 1700 2914 1769 ὑπέμεινεν,
2945 1701 3030 1757 ἵνα
3059 1702 3152 1756 τοῦ
3186 1703 3284 1772 μὲν
3323 1702 3487 1773 νόμον
3527 1703 3625 1772 τὴν

356 1801 537 1871 σιγὴν,
588 1797 682 1850 καὶ
711 1795 801 1849 τὸν
837 1795 945 1850 ὑπὸ
994 1794 1158 1865 νόμον
1209 1791 1552 1864 προδηλώσοι
1585 1787 1645 1842 τὸ
1686 1787 1951 1842 ἄπιστον·
1991 1783 2086 1838 τοῦ
2121 1785 2177 1840 δὲ
2225 1789 2556 1860 Εὑαγγελίου
2608 1794 2708 1865 τὴν
2758 1794 2988 1865 βροντὴν
3037 1796 3136 1865 τὴν
3188 1796 3358 1850 πάντα
3394 1797 3490 1867 τῆς
3548 1799 3627 1848 οξ‹
3709 1816 3715 1822 ο

363 1895 644 1964 κουμὲνης
692 1886 1148 1944 κατακτυποῦσαν
1176 1884 1246 1938 τὰ
1299 1883 1533 1954 πέρατα,
1579 1879 1676 1935 καὶ
1712 1878 1821 1931 τῶν
1854 1875 1961 1930 ὑπὸ
1982 1877 2140 1950 χάριν
2156 1880 2324 1936 ἐθνῶν
2354 1884 2412 1937 τὸ
2442 1884 2631 1938 πιστὸν
2659 1887 3083 1958 προμηνύσειεν.

430 1990 481 2045 ι’.
525 1987 732 2044 υύκοῦν
763 1986 937 2059 μέγας
967 1986 995 2039 6
1018 1983 1199 2055 ἱερεὺς
1225 1981 1321 2036 καὶ
1368 1979 1648 2051 μυστικῶς
1689 1975 1944 2038 ἀπιστεῖ,

2123 1978 2210 2034 10.
2273 1978 2441 2048 Igitur
2489 1979 2744 2036 sacculos
2789 1997 3019 2053 magnus
3062 1985 3290 2055 mystice
3333 1985 3526 2040 diﬂldit
3571 1995 3628 2039 et

355 2083 452 2138 καλ⁸
483 2078 892 2153 μυστικώτερον
918 2077 1234 2146 ἀφαιρεῖται
1265 2074 1360 2129 τοῦ
1391 2074 1556 2143 λόγου
1579 2074 1680 2143 τὴν
1717 2069 1946 2142 πρόοδον

2052 2070 2238 2136 majori
2303 2072 2564 2142 mysterio
2610 2077 2869 2129 -orbatur
2916 2089 3015 2129 usu
3071 2077 3341 2132 sermonis
3393 2087 3616 2146 propter

356 2172 444 2226 διὰ
471 2172 532 2225 τὸ
555 2170 654 2240 τῆς
680 2168 978 2237 Ἰουδαϊκῆς
1007 2167 1266 2229 ἀπιστίας
1288 2165 1598 2236 ἀλόγιστον·
1621 2165 1730 2218 κάκ
1749 2161 1944 2216 τούτου

2052 2159 2357 2216 ,Ιυόειιοιιιιη
2393 2164 2823 2220 irrationabilcm
2874 2166 3229 2223 dilﬁdentiam
3259 2186 3273 2220 :
3303 2185 3366 2224 ex
3402 2171 3493 2224 illo
3525 2187 3590 2224 an
3613 2198 3626 2210 -

374 2261 621 2332 Ἰωάννης
653 2263 681 2314 6
712 2259 806 2314 τοῦ
834 2259 1009 2328 Λόγου
1047 2257 1264 2329 πρόεισι
1313 2257 1628 2328 Πρόδρομος
1675 2255 1854 2326 φέρων
1888 2255 1946 2306 ἐν

364 2353 541 2424 ἑαυτῷ
563 2355 664 2422 τὴν
719 2352 921 2424 ἀρετὴν
969 2349 1065 2403 τοῦ
1113 2351 1472 2419 γεννήτορος·
1525 2348 1684 2418 εἴπερ
1731 2348 1796 2399 ἐκ
1851 2344 1944 2399 τοῦ

362 2441 577 2513 καρποῦ
633 2441 694 2494 τὸ
746 2441 959 2511 δένδρον
1015 2436 1403 2508 γιγνώσκεται,
1451 2437 1547 2488 καὶ
1604 2436 1665 2488 ού
1724 2434 1945 2488 δύναται

359 2535 575 2605 δένδρον
601 2532 809 2603 σαπρὸν
839 2530 1050 2599 καρπὸν
1085 2529 1250 2582 καλὸν
1282 2531 1478 2591 ποιεῖν,
1501 2526 1644 2580 κατά
1671 2526 1769 2598 τὴν
1792 2525 1946 2578 θείαν

363 2627 580 2696 ἐκείνην
607 2624 791 2693 φωνὴν
812 2623 907 2677 καὶ
944 2620 1262 2675 θεότευκτον
1281 2635 1296 2649 ο
1330 2621 1380 2673 εί
1405 2619 1516 2689 γὰρ
1546 2617 1622 2689 μὴ
1659 2616 1832 2680 οῦτως
1862 2634 1942 2679 τις

361 2716 459 2770 τοῦ
490 2715 798 2787 πρεσϐύτου
829 2713 927 2784 τὴν
953 2713 1216 2768 ἀπιστίαν
1239 2714 1382 2766 νοεῖν
1428 2710 1760 2783 ἐθελήσειεν,
1794 2709 1946 2763 ἔσται

365 2806 504 2860 πολὺ
535 2806 636 2875 τῆς
662 2804 945 2858 Ἐλισάσετ
975 2806 1032 2857 ἐν
1057 2804 1282 2874 ἀρεταῖς
1307 2801 1700 2872 ἐλαττούμενος
1720 2816 1734 2830 ο
1762 2800 1947 2869 ἐκείνη

301 2947 315 2961 ,
365 2894 476 2965 γάρ
529 2895 706 2947 καίτοι
743 2891 954 2946 τούτων
993 2890 1261 2961 μηδαμῶς
1301 2889 1657 2944 ἐπακούσασα
1697 2888 1947 2960 (ἄναυδος

367 2987 478 3060 γὰρ
519 2987 593 3049 ὠς
623 2985 791 3056 αὐτὴν
823 2986 851 3038 6
880 2982 1236 3054 πρεσϐύτης),
1280 2983 1506 3036 ἀνέλυσε
1534 2981 1633 3052 τὴν
1672 2980 1948 3052 μακαρίαν
1998 2981 2002 2983 ’

370 3077 647 3149 Παρθένον
677 3076 938 3130 ἐλθοῦσαν
971 3075 1108 3147 1:96;
1147 3074 1318 3144 αὐτὴν
1345 3074 1692 3143 θεωρήσασα,
1723 3073 1818 3127 καὶ⁵
1847 3072 1947 3141 τῆς

371 3168 705 3240 παρθενικῆς
762 3165 1044 3237 πυθομένη
1077 3167 1454 3237 προσρήσεως,
1485 3164 1746 3218 Θεοτόκον
1778 3164 1949 3234 αὐτὴν

369 3259 530 3323 εὐθὺς
551 3259 913 3329 ἀνηγόρευσε·
948 3277 966 3310 ι
993 3255 1349 3326 Εὐλογημένη
1371 3257 1435 3310 σὺ
1453 3257 1512 3310 ἐν
1526 3255 1792 3326 γυναιξὶν,
1808 3274 1827 3307 1
1847 3271 1915 3324 με
1931 3283 1946 3294 ο

370 3349 510 3422 γόλῃ
539 3349 721 3418 βοῶσα
738 3352 802 3419 τῇ
828 3351 1004 3419 φωνῇ,
1029 3367 1047 3400 ι
1073 3350 1167 3402 καὶ
1181 3348 1544 3417 εὐλογημένος
1565 3348 1594 3401 6
1617 3347 1824 3420 καρπὸς
1843 3346 1946 3416 τῆς

370 3442 577 3505 κοιλίας
616 3458 732 3494 σου.
767 3442 880 3493 Καὶ
910 3441 1073 3494 πόθεν
1111 3457 1200 3512 μοι
1225 3439 1385 3495 τοῦτο
1410 3442 1496 3495 ίνα
1525 3439 1654 3512 ἐλθῃ
1699 3441 1734 3510 ή
1765 3443 1948 3510 μήτηρ

369 3533 465 3587 τοῦ
516 3533 721 3604 Κυρίου
780 3549 882 3603 μου
921 3529 1072 3603 ’πρός
1107 3547 1212 3602 με;
1244 3531 1352 3586 ἰδοὺ
1390 3531 1500 3604 γὰρ
1539 3531 1615 3595 ὡς
1662 3532 1879 3599 ἐγένετο
1913 3532 1948 3600 ή

373 3625 526 3696 φωνὴ
549 3624 640 3677 τοῦ
667 3622 962 3694 ἀσπασμοῦ
991 3640 1084 3676 σου
1115 3625 1195 3688 είς
1225 3623 1294 3678 τά
1321 3616 1436 3678 ὦτά
1467 3640 1568 3695 μου
1590 3664 1605 3690 ,
1625 3622 1950 3695 ἐσκίρτησεν

373 3719 434 3771 τὸ
468 3717 667 3789 βρέφος
713 3718 770 3770 ἐν
799 3716 1121 3785 ἀγαλλιάσει
1153 3719 1210 3769 ἐν
1244 3719 1314 3788 τῇ
1343 3716 1521 3788 κοιλία
1546 3733 1670 3786 μου,
1707 3734 1725 3767 1
1753 3716 1820 3787 ἧν
1854 3714 1950 3768 καὶ

373 3811 537 3878 ἀξίως
561 3811 898 3882 ἐμακάριζεν
924 3809 1182 3877 λέγουσι,
1209 3812 1302 3863 καὶ
1328 3827 1347 3861 ι
1378 3809 1642 3881 Μακαρία
1668 3810 1702 3881 ή
1728 3807 1950 3861 πιστεύε-

377 3919 538 3968 σασα,
559 3905 640 3956 ὅτι
664 3901 778 3955 ἐστι
798 3902 1079 3965 τελείωσις
1098 3903 1210 3964 τοῖς
1228 3899 1613 3969 λελαλημένοις
1637 3899 1774 3970 αὐτῇ
1799 3897 1951 3969 παρά

377 3993 610 4065 Κυρίου.
647 4012 665 4045 1
683 3994 760 4051 ού
792 3993 955 4063 μόνον
979 3993 1089 4064 γὰρ
1119 3991 1316 4060 ἔγκυον
1343 3991 1514 4062 αὐτὴν
1540 3990 1706 4044 οὖσαν
1734 3989 1951 4058 ἐπέγνω

379 4083 450 4152 τῷ
475 4083 775 4154 Πνεύματι,
809 4083 946 4138 ἀλλά
974 4085 1069 4136 καὶ
1092 4083 1198 4136 τῶν
1228 4099 1303 4135 πα
1313 4083 1382 4154 ρά
1410 4081 1544 4135 Θεοῦ
1571 4080 1950 4152 λελαλημένων

374 4176 511 4246 αὐτῇ
537 4174 604 4228 δι’
639 4175 872 4244 ἀγγέλου
911 4176 1092 4246 φωνῆς
1127 4174 1380 4228 ἐπλούτει
1406 4175 1505 4246 τὴν
1543 4175 1746 4246 εἴδησιν
1768 4189 1782 4202 ο
1813 4176 1950 4243 ὅπερ

374 4269 603 4323 ἄπιστον
619 4267 685 4321 ἂν
701 4267 788 4338 εἴη
814 4266 1096 4330 παντελῶς
1133 4269 1228 4321 καὶ
1255 4267 1520 4322 ἀπίθανον
1541 4281 1555 4294 ·
1577 4265 1817 4320 δείκνυσι
1840 4267 1950 4335 γὰρ

378 4360 648 4430 Ζαχαρίου
667 4358 762 4429 τὴν
783 4360 918 4431 πρὸς
948 4360 1078 4413 Θεὸν
1109 4358 1443 4430 τελειότητα,
1460 4359 1518 4412 ού
1547 4359 1708 4429 μόνον
1730 4358 1791 4412 τὸ
1815 4357 1951 4430 πρὸς

377 4452 540 4504 αὑτὸν
588 4451 932 4504 ἀπεστάλθαι
953 4453 1044 4506 τὸν
1071 4451 1300 4520 ἄγγελον
1322 4453 1414 4505 τὸν
1441 4453 1510 4504 τά
1528 4449 1754 4504 τοιαῦτα
1780 4465 1950 4503 κατα-

377 4545 732 4612 κοσμήσαντα
759 4543 851 4596 ἐπὶ⁵
875 4544 980 4611 γῆς
1009 4543 1336 4614 ἐπαγγελίᾳ,
1362 4544 1456 4597 καὶ
1485 4543 1547 4596 τὸ
1577 4541 1825 4595 Ίωάννου
1853 4539 1947 4593 τοῦ

1972 3316 2019 3376 C

2049 2261 2154 2306 tem
2185 2253 2433 2322 procedit
2478 2253 2718 2312 Joannes
2775 2255 2936 2313 Verbi
2980 2273 3282 2329 prrecursor
3317 2261 3405 2331 qni
3457 2262 3626 2314 virtn-

2050 2352 2157 2398 tem
2190 2347 2361 2413 patris
2393 2362 2500 2416 pra:
2549 2362 2608 2402 se
2655 2359 2858 2418 portat.
2915 2350 2972 2406 Si
3017 2352 3180 2404 arbor
3211 2351 3557 2422 cognoscitur
3595 2367 3623 2406 a

2047 2434 2317 2492 fructibus
2363 2438 2505 2504 suis,
2532 2445 2587 2493 et
2627 2439 2671 2493 si
2723 2441 2886 2495 arbor
2936 2441 3096 2507 mala,
3137 2443 3432 2496 secundum
3491 2443 3622 2498 divi-

2049 2541 2173 2581 nam
2226 2526 2372 2582 illam
2425 2544 2610 2585 vocem
2644 2530 2708 2595 ¹³,
2765 2548 2784 2582 ι
2816 2547 2920 2584 non
2965 2543 3138 2602 putest
3193 2532 3362 2587 bonos
3417 2532 3626 2588 fructus

2048 2615 2282 2684 facere,1
2317 2628 2373 2674 et
2416 2619 2461 2674 si
2492 2621 2614 2690 quis
2645 2620 2994 2676 diliidentiam
3033 2623 3180 2677 senis
3216 2623 3316 2678 hcc
3344 2639 3506 2679 sensu
3535 2640 3626 2678 ca-

2048 2724 2177 2779 pere
2212 2712 2401 2776 nollet,
2449 2713 2616 2767 mnlto
2672 2713 2897 2769 minoris
2938 2714 3155 2769 virtutis
3189 2715 3294 2769 erit
3335 2716 3626 2770 Zacharias

2049 2815 2208 2868 qnam
2241 2801 2539 2856 Elisahetlt.
2575 2801 2777 2857 Horum
2816 2804 2958 2858 enim
2995 2807 3267 2874 particeps
3315 2820 3490 2862 mater
3518 2823 3623 2862 non

2049 2890 2174 2958 fuit,
2213 2909 2336 2946 cum
2363 2903 2546 2946 mutus
2583 2895 2650 2947 a-l
2707 2895 2852 2949 illam
2905 2896 3130 2950 redierit
3166 2911 3328 2951 senex
3363 2915 3376 2961 ;
3414 2909 3470 2951 ut
3501 2898 3628 2952 bea-

2052 2991 2157 3036 tam
2190 2983 2466 3053 Virginem
2499 2985 2570 3040 ad
2614 2999 2673 3041 se
2709 2986 3018 3041 venientem
3067 2987 3204 3042 vidit
3237 2997 3293 3043 et
3325 2989 3440 3058 ejus
3485 2989 3631 3044 salu—

2054 3075 2318 3129 tatioaem
2381 3077 2610 3141 audivit,
2671 3078 2956 3146 Deiparam
3033 3077 3312 3147 Virginem
3381 3080 3631 3150 protinus

2051 3165 2343 3235 appellavit
2377 3185 2389 3218 ε
2429 3186 2447 3219 ι
2499 3168 2794 3223 Benedicta
2833 3179 2888 3223 tu
2933 3171 2990 3224 in
3039 3171 3380 3236 mulieribus,
3437 3191 3456 3224 1
3497 3189 3630 3226 voco.

2053 3271 2247 3326 magna
2284 3258 2629 3324 exclamavit,
2660 3277 2680 3311 ι
2735 3269 2790 3314 et
2820 3260 3141 3316 benedictus
3184 3263 3395 3320 fructus
3426 3266 3633 3318 ventris

2053 3351 2148 3403 tui.
2184 3347 2250 3403 Et
2298 3351 2440 3403 unde
2467 3351 2570 3406 hoc
2602 3352 2735 3406 mihi
2769 3365 2826 3409 ut
2853 3362 3028 3412 mater
3057 3359 3267 3413 Domini
3306 3361 3412 3416 mei
3446 3364 3514 3416 ad
3546 3378 3633 3415 me

2051 3441 2269 3496 veniat?
2313 3442 2453 3497 Ecce
2498 3443 2644 3498 enim
2694 3455 2754 3500 ut
2791 3460 2890 3502 vox
2943 3448 3285 3505 salutationis
3335 3461 3438 3507 tua:
3487 3451 3630 3507 facta

2050 3536 2220 3589 estin
2252 3533 2476 3589 auribus
2529 3535 2688 3601 meis,
2746 3537 3043 3594 exsultavit
3083 3540 3263 3595 infans
3314 3543 3366 3596 in
3413 3544 3630 3613 gaudio,

2051 3627 2105 3682 in
2158 3635 2314 3681 utero
2359 3641 2480 3680 meo
2509 3626 2576 3680 “.
2621 3643 2641 3678 1
2677 3626 2847 3693 Quam
2879 3637 2934 3682 et
2960 3630 3122 3699 digne
3153 3631 3413 3698 laudavit,
3444 3634 3633 3688 dicen-

2053 3719 2120 3772 do
2155 3732 2169 3771 :
2195 3745 2270 3758 —-
2300 3735 2320 3769 ι
2351 3716 2414 3772 Et
2446 3718 2602 3772 beata
2632 3733 2755 3787 qua!
2797 3720 3096 3782 credidisti,
3127 3721 3250 3789 quia
3283 3723 3633 3792 perﬁcientur

2051 3804 2328 3878 quic'tihi
2397 3825 2425 3864 a
2478 3809 2722 3864 Domino‘
2783 3810 2924 3866 dicta
2973 3822 3098 3866 sunt
3145 3813 3210 3868 “.
3255 3833 3275 3866 1
3307 3813 3421 3868 Non
3457 3815 3631 3869 solum

2051 3902 2244 3971 spiritu
2276 3903 2533 3970 cognovit
2562 3900 2707 3957 illam
2734 3913 3130 3973 praegnantem,
3166 3906 3261 3961 sed
3313 3907 3476 3961 etiam
3507 3923 3628 3976 quae

2053 3993 2304 4064 angelica
2343 4008 2476 4048 voce
2516 4009 2544 4048 a
2583 3995 2696 4050 Deo
2736 3997 2878 4051 dicta
2919 3995 3161 4061 fuerunt,
3203 3998 3430 4052 scientia
3466 4009 3630 4064 tenet,

2053 4086 2194 4152 quod
2236 4099 2396 4140 secus
2435 4099 2464 4139 a
2500 4086 2698 4141 fiducia
2731 4096 2785 4140 et
2813 4102 2978 4142 suasu
3026 4086 3185 4156 longe
3236 4091 3468 4144 abesset.
3503 4081 3636 4145 re}-

2054 4176 2214 4232 lectio
2267 4177 2544 4234 Zachariae
2604 4178 2771 4233 relate
2827 4179 2892 4232 ad
2971 4177 3140 4232 Deum
3204 4180 3630 4242 demonstratur.

2053 4269 2198 4336 quod
2234 4270 2300 4323 ad
2325 4269 2500 4336 ipsum
2529 4269 2758 4338 angelus
2783 4270 2850 4324 de
2875 4268 3030 4323 caelis
3055 4270 3108 4322 in
3139 4280 3338 4324 terram
3367 4272 3631 4327 demissus

2057 4362 2218 4416 fuerit
2281 4371 2336 4418 et
2396 4361 2648 4416 mandata
2705 4376 2802 4417 sua
2869 4361 3066 4417 decore
3121 4361 3430 4431 perfecerit,
3490 4365 3631 4432 quod

2051 4449 2315 4505 Joannem
2350 4451 2647 4520 Baptistam
2700 4451 2948 4522 genuerit
2996 4461 3050 4505 et
3081 4448 3283 4507 Christi
3310 4454 3634 4524 cognatione

2055 4543 2220 4597 fuerit
2246 4544 2554 4612 insignitus.
2575 4561 2592 4595 ι
2615 4542 2755 4598 Ecce
2767 4544 2911 4598 enim
2927 4541 3462 4615 Elisaheth,cognata
3483 4555 3594 4608 tua,
3611 4567 3627 4596 ι

374 4633 674 4687 Βαπτιστοῦ
705 4633 994 4702 γενέσθαι,
1028 4634 1089 4688 τὸ
1119 4637 1184 4704 τῇ
1236 4633 1472 4704 Χριστοῦ
1518 4633 1807 4703 συγγενείᾳ
1859 4648 1948 4684 σε·

2059 4635 2137 4688 ait
2169 4633 2414 4702 angelus,
2447 4635 2540 4702 qui
2567 4635 2778 4687 beatam
2806 4632 3083 4704 Virginem
3111 4635 3390 4690 salutavit.
3427 4636 3631 4708 Cogno-

379 4724 693 4794 μνύνεσθαι·
734 4746 750 4775 ι
776 4725 910 4779 Ἰδοὺ
929 4727 1056 4796 γὰρ,
1091 4726 1277 4794 φησὶν,
1295 4724 1580 4780 Ἐλισάδετ
1617 4726 1650 4794 ή
1681 4724 1951 4794 συγγενής

377 4833 497 4881 σου,
531 4837 553 4870 1
587 4817 748 4880 αὐτὸς
774 4819 802 4869 6
841 4816 940 4885 τὴν
975 4816 1136 4884 ἁγίαν
1157 4814 1431 4884 Παρθένον
1455 4815 1951 4886 εὐαγγελισάμενος

376 4907 607 4977 ἄγγελος
630 4924 644 4938 '
678 4907 814 4963 ἀλλά
843 4907 939 4961 καὶ
986 4907 1047 4971 ἐξ
1077 4901 1154 4960 ὢν
1192 4909 1328 4976 μετά
1364 4905 1456 4958 τὸν
1481 4903 1752 4958 ’Ἰωάννου
1793 4901 1951 4956 τόκον

376 4997 735 5068 προφητικῶς
792 4995 1199 5068 μεμελῴδηκεν,
1254 4997 1350 5050 καὶ
1404 4994 1474 5048 τά
1531 4994 1664 5066 περὶ
1711 4990 1950 5064 Χριστοῦ

357 5087 812 5159 ,προδιήγγειλεν,
847 5107 866 5139 ι
895 5087 1219 5159 Εὐλογητὸς,
1236 5087 1392 5158 βοῶν,
1421 5085 1627 5156 Κύριος
1651 5087 1680 5140 6
1701 5085 1834 5148 Θεὸς
1853 5082 1946 5138 τοῦ

387 5179 603 5253 Ἰσραὴλ
635 5181 720 5234 ὅτι
748 5179 1093 5250 ἐπεσκέψατο
1137 5183 1231 5234 καὶ
1279 5181 1539 5253 ἐποίησεν
1572 5178 1844 5253 λύτρωσιν
1868 5178 1948 5248 τῷ

373 5271 490 5346 λαῷ
558 5271 748 5339 αὐτοῦ,
795 5273 890 5327 καὶ
964 5273 1190 5345 ἤγειρεν
1254 5272 1421 5343 κέρας
1468 5272 1743 5344 σωτηρίας
1789 5273 1944 5344 ἡμῖν,

374 5365 436 5416 ἐν
482 5362 618 5433 οἴκῳ
666 5361 829 5415 Δαῆὶδ
877 5361 973 5415 τοῦ
1029 5361 1217 5425 παιδὸς
1270 5361 1459 5426 αὐτοῦ,
1490 5360 1674 5426 καθὼς
1715 5358 1944 5426 ἐλάλησε

374 5451 464 5508 διὰ
495 5454 763 5524 στόματος
784 5451 891 5505 τῶν
918 5451 1090 5519 ἀγίων
1115 5449 1222 5502 τῶν
1256 5449 1355 5504 ἀπ’
1405 5448 1603 5513 αίῶνος
1647 5452 1946 5524 προφητῶν

2054 4726 2226 4779 scitur
2267 4724 2507 4791 ejusdem
2536 4723 2817 4792 perfectio,
2871 4724 3012 4792 quod
3058 4735 3186 4781 nato
3227 4725 3456 4791 Joanne,
3503 4744 3633 4798 ιιι-ο-

2057 4815 2274 4884 phetico
2306 4825 2494 4881 cantu,
2531 4830 2652 4885 qua:
2683 4815 2749 4869 ad
2777 4812 3051 4870 Christum
3077 4819 3368 4885 pertinent,
3421 4834 3634 4874 annun-

2053 4905 2250 4960 tiavit:
2302 4923 2323 4957 ι
2379 4904 2724 4966 Benedictus,
2776 4903 3120 4969 exclamavit,
3173 4904 3432 4962 Dominus
3491 4909 3634 4965 Deus

2055 4995 2247 5060 Israel,
2277 4996 2405 5066 quia
2459 4995 2701 5050 visitavit
2750 5003 2805 5047 et
2832 4993 2960 5048 fecit
3007 4995 3434 5066 redemptionem
3461 4989 3634 5068 plebis

2057 5101 2204 5153 suat;
2243 5093 2300 5142 et
2364 5086 2544 5142 erexit
2575 5098 2743 5140 cornu
2794 5083 2985 5138 salutis
3040 5084 3196 5140 nobis
3225 5086 3278 5140 in
3313 5087 3476 5142 domo
3523 5089 3631 5144 Da-

2056 5180 2142 5234 vid
2174 5177 2327 5246 pueri
2367 5177 2484 5242 sui;
2515 5177 2660 5231 sicut
2704 5175 2920 5231 locutus
2961 5185 3043 5231 est
3073 5189 3170 5244 per
3198 5192 3262 5233 os
3291 5186 3646 5244 sanctorum,

2054 5271 2146 5342 qui
2178 5285 2206 5323 a
2238 5267 2438 5325 saeculo
2489 5277 2638 5335 sunt,
2674 5268 3063 5338 prophetarum
3093 5267 3210 5337 ejus
3237 5268 3300 5322 ".
3345 5287 3364 5319 1
3401 5267 3632 5327 Demon-

2055 5369 2260 5416 stratnr
2291 5371 2345 5415 et
2382 5359 2598 5414 czeteris
2639 5375 2758 5428 qua:
2798 5359 2863 5413 de
2922 5357 3138 5414 Christo
3187 5358 3386 5428 adjecit
3413 5372 3469 5416 et
3506 5372 3636 5418 ante

2056 5465 2284 5510 mortem
2317 5453 2500 5508 videre
2525 5451 2735 5521 singula
2766 5454 2897 5508 hora
2923 5453 3251 5524 deprecatus
3279 5462 3381 5510 est.

375 5549 611 5605 αὐτοῦ’)
636 5548 729 5602 καὶ
757 5546 826 5600 τά
848 5547 1011 5617 ἐτερα
1040 5546 1142 5599 ὅσα
1180 5547 1309 5614 περὶ
1336 5544 1502 5598 αὐτοῦ
1536 5544 1749 5608 τούτοις
1811 5549 2112 5620 ἐπήγαγεν,
2165 5548 2202 5604 ἃ
2251 5548 2347 5602 καὶ
2402 5547 2512 5617 πρδ
2575 5545 2806 5602 θανάτου
2862 5545 3165 5602 θεάσασθαι
3221 5546 3636 5620 “iungam

378 5648 743 5716 προσηύχετο.

473 5737 515 5770 η
546 5711 742 5788 ulna.
781 5748 878 5796 vn,
911 5732 997 5786 t8.
1062 5732 1107 5766 η
1139 5731 1270 5787 Luc.
1306 5748 1343 5796 1,
1389 5732 1578 5787 ιιι-ιι.
1639 5732 1682 5765 ιι
1710 5734 1839 5791 ibid.
1869 5733 1949 5790 ts.

2052 5735 2069 5768 '
2099 5731 2228 5791 ibid.
2253 5726 2439 5786 68-70.

717 5825 988 5888 Ρηιιοι..
1035 5824 1153 5911 Gn.
1197 5824 1557 5885 LXXXVll.

3219 5813 3348 5880 105
