4022 6206
386 339 527 401 3339

1234 336 1293 394 S.
1334 330 1752 393 SOPHRONII
1793 330 2301 391 PATRIARCHJE
2331 330 2741 393 HIEROSOL.

3506 335 3651 399 3340

460 455 547 507 tl.
577 444 850 506 Similiter
874 459 933 506 et
968 450 1054 505 his
1093 464 1214 519 qua
1258 447 1325 502 ad
1353 447 1513 502 tinem
1543 446 1742 502 cantici
1774 446 1840 500 de
1867 461 1961 500 suo

2140 445 2230 498 ια’.
2271 442 2505 517 Ὁμοίως
2529 445 2585 499 δέ
2612 446 2703 499 καὶ
2728 446 2819 515 ἀφ’
2877 439 2952 499 ὧν
2983 445 3119 518 πρὸς
3163 445 3243 517 τῷ
3275 446 3368 502 τοῦ
3402 448 3655 520 ᾄσματος

390 541 502 597 lilio
552 543 937 613 prophetarit:
997 559 1017 593 ι
1061 539 1124 595 Et
1169 548 1248 604 tu,
1301 553 1456 609 puer,
1504 537 1659 603 dicit,
1702 538 1963 608 propheta

386 633 651 690 Altissimi
708 632 1028 697 vocaberis;
1072 630 1347 701 praecedes
1391 629 1536 684 enim
1590 640 1719 684 ante
1768 628 1963 684 faciem

387 725 601 780 Dondni
644 738 838 795 parare
891 724 1010 779 vias
1058 724 1214 793 ejus;
1272 721 1340 775 ad
1387 723 1619 787 dandam
1679 721 1964 776 scientiam

386 820 578 873 salutis
632 816 771 887 plebi
832 816 971 886 ejus,
1047 817 1103 871 in
1161 815 1540 872 remissionem
1614 823 1963 884 peccatorum

387 919 724 973 nostrorum,
807 925 903 980 per
973 910 1182 964 viscera
1249 894 1642 964 misericordia:
1710 905 1802 960 Dei
1864 920 1962 960 no-

384 1003 484 1057 stri
516 1004 580 1070 ¹⁶;
622 1022 641 1056 υ
667 1017 788 1073 qtue
832 1018 937 1058 non
968 1019 1065 1058 suo
1103 1005 1275 1066 tnntn,
1309 1006 1404 1057 sed
1444 1001 1802 1074 inspiratione
1841 996 1965 1066 Spi~

344 1104 354 1164 ξ
386 1095 524 1149 ritus
567 1095 740 1151 sancti
792 1090 1036 1164 protulit.
1085 1093 1177 1149 Sic
1202 1095 1347 1148 enim
1382 1096 1436 1148 in
1486 1091 1793 1161 Evangeliis
1822 1089 1963 1143 scri-

386 1197 536 1256 ptum
571 1196 696 1241 est:
745 1204 762 1237 ι
814 1184 882 1243 Et
939 1184 1255 1247 Zacharias,
1312 1194 1470 1255 pater
1515 1182 1659 1253 ejus.
1721 1181 1965 1251 repletus

384 1289 468 1332 est
503 1276 709 1347 Spiritu
745 1288 956 1344 saneto,
988 1287 1042 1331 et
1076 1277 1419 1347 propltctavit
1446 1273 1635 1329 dicens
1670 1274 1737 1328 ".
1777 1292 1796 1326 ι
1821 1271 1964 1339 Quid

383 1370 563 1424 dixit?
606 1370 677 1424 Ea
738 1384 891 1433 sane,
959 1383 1079 1438 quae
1150 1377 1311 1422 antea
1383 1366 1765 1432 narravimus;
1817 1372 1966 1433 patet

385 1462 528 1516 enim
583 1460 905 1516 Zachariam
946 1475 976 1514 a
1034 1459 1244 1528 Spiritu
1299 1466 1493 1514 sancto
1541 1449 1802 1524 reple’tnm
1858 1466 1963 1506 non

387 1552 582 1614 fuisse,
614 1551 716 1607 nisi
754 1550 969 1619 spiritui
1021 1549 1162 1603 foret
1197 1542 1371 1603 lldelis
1400 1556 1456 1601 et
1505 1545 1746 1614 exoptati
1791 1544 1966 1613 reple-

387 1643 532 1697 tione
586 1642 811 1712 dignus;
848 1654 1022 1708 neque
1067 1639 1404 1709 pr0phetiam
1438 1636 1702 1691 edidisset
1752 1634 1796 1689 si
1858 1649 1963 1689 non

385 1735 582 1789 merito
634 1735 792 1787 talem
846 1732 1079 1800 gratiam
1129 1729 1451 1798 accepisset.
1508 1727 1630 1782 llzec
1666 1727 1850 1781 omnia
1895 1727 1962 1781 ad

2069 538 2267 607 πέρατι
2302 537 2431 608 περὶ
2453 536 2546 590 τοῦ
2583 537 2783 591 οίκείου
2814 537 2998 601 παιδὸς
3028 540 3456 610 προεφήτευσεν·
3493 558 3514 593 ι
3544 543 3654 596 Καὶ

2069 627 2162 692 σὺ,
2188 628 2424 694 παιδίον,
2460 627 2655 697 λέγων,
2712 631 2998 701 προφήτης
3060 630 3318 700 Ὑψίστου
3361 631 3610 707 κληθήσῃ
3634 651 3649 666 ο

2068 716 2423 789 προπορεύσῃ
2486 718 2597 790 γὰρ
2650 719 2757 789 πρὸ
2792 720 3085 791 προσώπου
3129 720 3651 793 Κυρίουὲτοιμὰσαι

2065 809 2221 871 ὁδοὺς
2277 808 2445 862 αὑτοῦ
2484 808 2580 863 τοῦ
2644 809 2828 865 δοῦναι
2874 810 3079 880 γνῶσιν
3123 812 3399 883 σωτηρίας
3421 811 3501 884 τῷ
3533 814 3651 886 λαῷ

2064 898 2253 965 αὐτοῦ,
2319 901 2378 955 ἐν
2421 901 2614 971 ἀφέσει
2668 903 2954 974 ἁμαρτιῶν
2999 903 3179 974 ἡμῶν,
3221 903 3312 958 διὰ
3362 905 3650 977 σπλάγχνα

2066 992 2249 1056 ἐλέους
2275 992 2410 1048 Θεοῦ
2436 994 2613 1065 ήμῶν.
2648 1013 2674 1047 η»
2714 994 2897 1065 ’Δπερ
2947 996 3051 1048 οὐκ
3099 996 3208 1049 ἀπὸ
3258 996 3487 1067 καρδίας
3513 997 3648 1054 ἀλλὰ

2067 1084 2385 1156 Πνεύματος
2437 1086 2594 1154 ἁγίου
2661 1089 2953 1158 γενόμενος
3009 1087 3248 1158 ἐμπλεος
3299 1089 3492 1159 ἔλεγε·
3558 1093 3653 1161 γέ-

2066 1192 2314 1248 γραπται
2341 1177 2450 1250 γὰρ
2480 1181 2538 1233 ἐν
2567 1178 2928 1248 Εύαγγελίοις
2960 1173 3061 1234 ὧδε
3084 1180 3412 1251 περὶαύτοῦ
3437 1195 3454 1211 ·
3480 1200 3499 1234 ι
3538 1183 3650 1236 Καὶ

2085 1268 2374 1338 ¹ἰαχαρίας,
2431 1271 2618 1341 φησὶν,
2649 1271 2677 1324 ό
2706 1271 2891 1342 πατὴρ
2918 1271 3083 1325 αὐτοῦ
3120 1273 3368 1344 ἐπλήσθη
3402 1274 3651 1344 Πνεῦμα-

2064 1375 2156 1421 τος
2186 1360 2365 1429 ἁγίου,
2421 1363 2516 1415 καὶ
2563 1362 3220 1433 προεφήτευσενιλέγωνο
3260 1383 3280 1417 ι
3326 1362 3379 1416 τί
3436 1363 3645 1431 λέγωνς

2063 1449 2239 1504 ταῦτα
2266 1451 2467 1523 δηλαδὴ
2497 1451 2641 1523 ἅπερ
2668 1453 3032 1524 προλαϐόντες
3072 1456 3376 1526 εἰρήκαμεν
3395 1472 3411 1488 ο
3443 1457 3647 1528 πρόδη-

2065 1539 2157 1594 λον
2192 1542 2251 1595 δὲ
2300 1543 2377 1606 ῶς
2419 1544 2520 1597 οὐκ
2575 1544 2643 1598 ἂν
2672 1539 2829 1607 οὗτος
2871 1547 2901 1599 ό
2940 1546 3216 1617 Ζαχαρίας
3267 1548 3424 1615 ἁγίου
3461 1548 3647 1616 σαφῶς

2064 1632 2440 1702 ἐνεπίμπλατο
2492 1634 2832 1703 Πνεύματος,
2887 1638 2936 1690 εί
2975 1635 3050 1708 μὴ
3098 1638 3290 1701 πιστός
3315 1655 3401 1702 τις
3432 1638 3646 1710 ὑπῆρχε

2062 1722 2143 1793 τῷ
2193 1722 2471 1793 Πνεύματι
2516 1726 2613 1778 καὶ
2670 1726 2772 1796 τῆς
2803 1725 3069 1789 εὐκταίας
3108 1725 3277 1780 αὐτοῦ
3309 1725 3657 1797 πληρώσεως

303 1840 312 1847 '
382 1826 793 1894 conceptionem
848 1821 1075 1878 Joannis
1120 1828 1457 1876 concurrunt
1505 1829 1559 1874 et
1587 1820 1961 1875 demonstrant

2067 1813 2249 1880 ἄξιοςιο
2280 1817 2376 1868 καὶ
2403 1815 2482 1878 ὡς
2499 1814 2621 1869 οὐδὲ
2663 1815 2909 1874 Ἰωάννου
2967 1818 3150 1888 πατὴρ
3198 1818 3559 1889 ἐχρημάτιζε,
3597 1819 3647 1873 εί

384 1917 555 1979 illum,
593 1925 724 1969 ante
752 1913 1188 1982 conceptionem,
1223 1910 1488 1980 majorem
1517 1908 1687 1964 fuisse
1708 1909 1961 1965 omnibus

382 2008 473 2077 qni
515 2021 545 2062 e
603 2006 925 2060 mulieribus
963 2003 1070 2058 nati
1107 2012 1277 2069 sunt;
1326 2002 1468 2072 quod
1513 2000 1793 2066 Christus,
1847 1999 1963 2068 ipsa

384 2097 602 2159 veritas,
631 2096 919 2149 verissime
971 2102 1202 2147 testatus
1251 2101 1356 2156 est,
1390 2106 1457 2145 ne
1494 2091 1616 2159 quis
1659 2089 1966 2156 suspicaret

380 2189 641 2242 Joannem
678 2187 761 2241 vel
810 2200 919 2240 uno
964 2185 1106 2239 inter
1159 2183 1408 2237 homines
1465 2182 1779 2236 inferiorem
1840 2196 1964 2237 esse

379 2280 507 2350 quia
532 2293 596 2332 ex
637 2277 844 2347 magnis
888 2290 1044 2329 suum
1094 2285 1273 2329 ortum
1309 2287 1415 2327 non
1448 2273 1713 2328 duxisset.
1746 2270 1955 2328 Littera

382 2369 497 2436 ipsa
530 2364 827 2435 Evangelii,
884 2363 937 2418 in
983 2362 1101 2418 loco
1151 2363 1218 2417 ad
1268 2377 1391 2418 eum
1442 2362 1772 2432 pertinente,
1820 2364 1963 2418 hunc

382 2474 600 2514 sensum
642 2456 950 2525 specialiter
986 2453 1241 2519 intendit,
1278 2467 1399 2508 cum
1436 2452 1770 2523 intelligendi
1805 2453 1965 2523 cupi-

382 2549 467 2604 dis
513 2547 769 2619 pradicet
820 2568 833 2602 :
896 2563 916 2598 ι
971 2545 1140 2599 Erant
1195 2544 1358 2603 ambo
1388 2542 1520 2612 justi
1585 2558 1770 2598 coram
1825 2544 1959 2609 Deo,

383 2639 737 2708 procedentes
782 2637 834 2691 in
879 2636 1131 2692 omnibus
1164 2635 1436 2690 mandatis
1469 2643 1526 2690 et
1552 2634 1963 2704 justiticationi-

384 2731 483 2785 hus
528 2730 738 2786 Domini
785 2728 904 2784 sine
935 2724 1238 2782 oﬁ‘ensione
1278 2725 1342 2778 ⁸⁸.
1386 2743 1406 2776 ι
1446 2724 1586 2792 Quid
1616 2724 1804 2780 enim?
1844 2724 1961 2779 Te-

382 2833 562 2878 stante
611 2819 921 2889 Evangelio,
982 2818 1048 2871 ad
1101 2817 1322 2871 virtutis
1376 2816 1651 2884 fastigium
1704 2829 1963 2884 pervenc-

384 2925 512 2970 runt
566 2922 824 2983 parentes
881 2907 1134 2973 Joannis,
1208 2904 1502 2961 Zacharias
1543 2916 1600 2960 et
1660 2904 1956 2970 Elisabeth,

382 3006 527 3072 quod
584 3017 852 3059 sumumm
906 3000 1089 3054 videre
1140 3006 1260 3065 est;
1310 3013 1415 3052 non
1457 2997 1633 3052 solum
1671 2998 1961 3052 inconcus-

383 3109 504 3149 sum
546 3091 772 3161 iustitiae
829 3089 1198 3144 testimonium
1258 3088 1616 3143 habebantin
1661 3098 1958 3156 conSpectu

386 3153 687 3245 hominum,
718 3181 813 3237 sed
866 3188 919 3233 et
953 3194 1138 3233 coram
1183 3180 1291 3234 Deo
1341 3197 1354 3233 :
1397 3179 1496 3232 soli
1553 3178 1663 3233 Deo
1695 3153 1829 3248 justi
1869 3179 1963 3243 ιλι-
1989 3153 2031 3211 C

384 3274 583 3330 hebant
608 3272 800 3333 videri,
835 3274 1133 3327 secundum
1178 3269 1346 3335 legem
1375 3269 1762 3338 evangelicam,
1798 3284 1965 3338 quam.

382 3366 542 3419 OI'IIIU
597 3364 916 3434 prophetico
963 3361 1077 3431 jam
1124 3363 1509 3417 observabant.
1572 3360 1777 3416 Novum
1832 3362 1967 3416 illud

383 3467 628 3511 nostrum
663 3472 683 3508 ι
720 3453 935 3510 Nesciat
966 3454 1188 3517 sinistra
1240 3454 1367 3522 quid
1402 3453 1566 3509 faciat
1595 3455 1788 3508 dextra
1832 3455 1899 3518 ”,
1932 3473 1951 3505 ι

381 3563 478 3602 sua
533 3547 639 3600 vita
697 3546 975 3612 tenebant,
1028 3555 1082 3601 et
1120 3546 1188 3603 ad
1235 3547 1493 3601 mandata
1542 3545 1741 3603 Christi
1780 3548 1960 3602 verbis

379 3650 436 3697 et
487 3639 744 3712 operibus
800 3638 1147 3695 festinabant.
1227 3638 1309 3693 Ad
1369 3637 1639 3692 calculum
1714 3640 1856 3693 Itttm'
1905 3650 1960 3693 et

380 3733 543 3788 alium
598 3732 843 3802 apprime
894 3726 1243 3801 adjiciebant,
1301 3728 1547 3785 videlicet
1590 3729 1952 3787 Mosaicm-nm

380 3832 774 3893 praeceptorum
820 3818 1349 3890 etjustilientionnm
1382 3817 1685 3886 perlectam
1717 3817 1953 3885 plt'ltittt-

380 3918 587 3978 dinem,
624 3913 697 3969 ita
726 3923 786 3968 ut
818 3912 871 3966 in
922 3921 1154 3980 utraque
1208 3910 1324 3981 lege
1382 3911 1739 3976 procederent
1773 3928 1786 3960 :
1826 3909 1954 3961 lunt:

379 4022 638 4061 coronam
706 4005 973 4074 insignem
1034 4009 1452 4071 reportaverunt
1518 3999 1654 4070 legis
1717 3999 1953 4061 veteris.

380 4101 528 4159 illinc
562 4108 740 4155 autem
783 4097 837 4152 in
865 4093 1192 4161 evangelicis
1222 4091 1455 4161 fastigiis
1480 4091 1874 4144 emicaverunt.

2069 1906 2144 1975 μὴ
2181 1904 2273 1959 καὶ
2299 1905 2506 1977 ταύτης
2533 1902 2603 1978 ἦν
2626 1907 2727 1976 τῆς
2765 1906 2924 1973 ἀξίας
2973 1908 3292 1978 ἐφάμιλλος.
3322 1908 3511 1962 Ταῦτα
3544 1910 3646 1980 μὲν

2064 1989 2158 2049 οὖν
2200 1993 2417 2049 ἅπαντα
2463 1998 2564 2066 τῆς
2602 1996 2850 2051 Ἰωάννου
2908 1996 3263 2068 καθηγείσθω
3304 1997 3643 2068 συλλήψεως,

2064 2085 2355 2141 δεικνύντα
2386 2086 2605 2142 πάντων
2633 2088 2797 2142 αὑτὸν
2827 2088 2937 2142 τῶν
2958 2090 3016 2143 ἐν
3059 2093 3341 2160 γεννητοῖς
3368 2091 3644 2159 γυναικῶν

2065 2176 2172 2247 πρὸ
2197 2176 2511 2248 συλλήψεως
2536 2177 2762 2249 μείζονα
2778 2195 2793 2210 ·
2824 2179 2968 2234 καθὰ
2991 2181 3086 2233 καὶ
3113 2167 3490 2252 ταύτηναὺτῷ
3510 2182 3645 2253 Χρι-

2067 2268 2193 2332 στδς
2223 2270 2257 2339 ή
2286 2268 2513 2339 ἀλήθεια
2541 2269 2640 2340 τὴν
2666 2270 2970 2342 μαρτυρίαν
2992 2271 3206 2340 ἀληθῶς
3231 2272 3642 2348 μεμαρτύρηκε·

2065 2358 2153 2411 ενα
2185 2360 2260 2430 μὴ
2307 2359 2448 2413 κατὰ
2468 2359 2626 2414 τοῦτό
2654 2375 2797 2425 τινες
2830 2360 2891 2413 τὸ
2925 2359 3001 2432 μὴ
3025 2363 3087 2413 ἐκ
3108 2362 3360 2431 μεγάλων
3392 2361 3646 2433 τετέχθαι

2063 2450 2227 2504 τινῶν
2255 2450 2578 2517 ὑπολάϐοιεν
2625 2453 2790 2506 αὐτόν
2826 2469 2974 2516 τινος
3015 2454 3123 2506 τῶν
3156 2452 3457 2523 ἀνθρώπων
3487 2454 3646 2508 ἐλάτ-

2061 2558 2210 2595 τονα·
2231 2541 2260 2594 ὃ
2291 2542 2385 2596 καὶ
2405 2542 2467 2595 τὸ
2493 2542 2731 2614 γράμμα
2754 2544 2816 2597 τὸ
2843 2544 3198 2613 εύαγγελικὸν
3229 2544 3318 2598 διὰ
3340 2544 3641 2616 φροντίδος,

2061 2636 2139 2699 ῶς
2162 2631 2335 2706 οἶμαι,
2357 2636 2640 2707 τιθέμενον
2656 2638 2745 2692 διὰ
2764 2638 2925 2709 τῆσδε
2949 2639 3046 2711 τῆς
3061 2637 3191 2709 περὶ
3205 2640 3369 2694 αὑτὸν
3387 2655 3644 2710 προεκτε-

2063 2726 2249 2798 θείσης
2280 2728 2505 2801 Γραφῆς
2546 2730 2647 2802 τὴν
2679 2730 2938 2784 ὑπόνοιαν
2983 2732 3093 2784 τῶν
3136 2730 3296 2784 τοῦτο
3344 2730 3644 2799 μελλόντων

2063 2818 2308 2873 ὑπονοεῖν
2342 2821 2767 2892 προαπεκήρυξε
2799 2822 2977 2893 φῆσαν
3002 2823 3251 2891 ἐναργῶς
3270 2838 3283 2851 ·
3328 2840 3347 2875 ι
3381 2816 3562 2876 Ἦσαν
3585 2822 3645 2875 ἃ

2062 2912 2157 2964 καὶ
2190 2912 2238 2964 oi
2261 2911 2564 2983 ἀμφότεροι
2612 2911 2846 2966 ἐνώπιον
2882 2912 2977 2968 τοῦ
3018 2912 3154 2965 Θεοῦ
3187 2913 3545 2983 πορευόμενοι
3584 2915 3646 2965 ἐν

2062 3002 2267 3066 πάσαις
2316 3006 2439 3066 ταῖς
2493 3005 2736 3066 ἐντολαῖς
2776 3004 2872 3059 καὶ
2928 2998 3263 3074 δικαιώμασι
3311 3002 3407 3058 τοῦ
3435 3004 3642 3072 Κυρίου

2062 3091 2343 3162 ἄμεμπτοι
2363 3108 2378 3124 ο
2407 3111 2426 3144 ι
2450 3093 2503 3145 τί
2533 3093 2592 3145 δέ
2616 3109 2631 3157 ;
2659 3094 2750 3147 τοῦ
2776 3092 3035 3163 τοιαύτην
3062 3095 3203 3146 ἑλεῖν
3226 3094 3347 3147 τότε
3369 3094 3645 3164 Ζαχαρίαν

2063 3181 2160 3234 καὶ
2186 3181 2285 3250 τὴν
2318 3182 2598 3236 Ἐλισὰὁετ
2627 3185 2755 3248 τοὺς
2794 3185 3045 3241 Ἰωάννου
3092 3187 3423 3256 γεννήτορας
3458 3186 3644 3258 ψῆφον

2063 3273 2423 3344 εύαγγελικὴν
2456 3275 2843 3346 μαρτυροῦσαν
2897 3276 3085 3340 αὐτοῖς
3133 3277 3244 3331 τῶν
3293 3279 3509 3348 ἀρετῶν
3543 3278 3647 3347 τήν

2062 3362 2377 3434 ἀκρόπολιν,
2413 3365 2472 3417 τὸ
2498 3365 2767 3436 ὑπερέχον
2817 3367 2969 3419 ἐστὶν
3021 3370 3079 3421 ἐν
3101 3366 3411 3438 ἀνθρώποις
3435 3367 3639 3421 θεάσα-

2063 3453 2188 3508 σθαι
2211 3472 2225 3485 ·
2255 3455 2316 3509 ού
2361 3457 2521 3525 μόνον
2554 3458 2663 3527 γὰρ
2712 3458 2896 3520 αὐτοῖς
2929 3457 2991 3509 τὸ
3036 3457 3245 3511 δίκαιον
3276 3460 3309 3528 ή
3344 3457 3645 3520 ἀδέκαστος

2060 3543 2239 3613 ψῆφος
2295 3546 2620 3616 παρέσχετο,
2680 3546 2820 3600 ἀλλὰ
2879 3547 3071 3600 καὶτὸ
3125 3546 3355 3602 ἐνώπιον
3381 3546 3476 3600 τοῦ
3505 3546 3644 3600 Θεοῦ

2063 3637 2448 3707 προσήγαγεν*
2496 3636 2615 3706 Θεῷ
2659 3636 2769 3707 γὰρ
2821 3636 2967 3707 μόνῳ
3001 3637 3098 3690 καὶ
3125 3638 3326 3691 δίκαιοι
3352 3636 3641 3707 φαίνεσθαι

2061 3726 2243 3795 νόμοις
2275 3726 2649 3795 εὐαγγελικοῖς
2700 3729 3048 3799 ἐπετήδευον,
3081 3729 3292 3798 ὄμματι
3319 3728 3642 3798 προφητικῴ

2059 3817 2133 3879 ὼς
2164 3817 2263 3887 ἤδη
2297 3818 2552 3881 τεθέντας
2588 3818 2988 3890 προόλέποντες
3009 3838 3022 3851 ·
3056 3820 3152 3873 καὶ
3178 3820 3260 3888 τὸ,
3295 3841 3314 3872 ι
3344 3821 3519 3891 Χεῖρα
3542 3822 3642 3891 τήν

2062 3907 2357 3978 ἀριστερὰν
2391 3910 2452 3961 τὸ
2481 3909 2657 3975 δεξιὸν
2688 3909 3091 3983 ἀποκρύπτειν,
3112 3929 3132 3962 ι
3158 3911 3453 3982 πειρᾶσθαι
3489 3910 3640 3965 πολί-

2062 4014 2262 4070 τευμα,
2298 3999 2522 4068 φθάνειν
2574 4001 2672 4070 τῆς
2701 4002 2956 4073 τοιαύτης
2996 4002 3322 4075 νομοθεσίας
3371 4002 3520 4075 ἔργῳ
3545 4003 3643 4058 καὶ

2066 4092 2264 4160 πράξει
2311 4092 2373 4146 τὸ
2415 4093 2748 4166 πρόσταγμα
2770 4110 2787 4125 ο
2823 4095 3146 4166 πρόσκειται
3173 4097 3229 4151 δὲ
3254 4101 3348 4152 καὶ
3383 4097 3545 4152 τοῦτο
3571 4099 3638 4166 τῇ

375 4194 541 4266 ψήφῳ
578 4187 764 4258 σαφῶς
784 4188 819 4257 ὴ
848 4184 1042 4239 πασῶν
1066 4183 1203 4255 όμοῦ
1242 4181 1352 4237 τῶν
1383 4180 1701 4236 Μωσαῖκῶν
1732 4179 1965 4233 ἐντολῶν
1995 4183 2090 4235 καὶ
2112 4182 2499 4255 δικαιωμάτων
2521 4185 2813 4256 ἄμεμπτος
2844 4184 3155 4257 πλήρωσις,
3193 4187 3277 4241 ἵνα
3321 4188 3473 4264 δείξῃ
3515 4189 3644 4250 τοὺς

377 4286 608 4357 ταυτηνὶ
634 4285 735 4356 τὴν
749 4284 972 4355 ἔννομον
1012 4281 1258 4353 ἔχοντας,
1309 4276 1604 4349 ἑκατέρους
1648 4273 1956 4346 ἑκατέροις,
1991 4279 2105 4339 τοῖς
2130 4294 2189 4331 τε
2217 4278 2318 4349 τῆς
2340 4278 2579 4343 παλαιᾶς
2598 4279 2919 4351 νομοθεσίας
2968 4284 3440 4356 στεφανουμένους
3471 4286 3643 4356 αὐχή-

381 4399 568 4458 μασιν,
604 4379 700 4436 καὶ
727 4379 841 4440 τοῖς
876 4376 979 4447 τῆς
1004 4372 1366 4444 εὐαγγελικῆς
1407 4370 1682 4433 πολιτείας
1709 4369 2210 4441 λαμπρυνομένους
2236 4372 2552 4443 ύψώμασιν.

449 4476 580 4534 Jure
602 4486 656 4531 et
684 4475 868 4531 debito
910 4471 1141 4527 Joannis
1165 4466 1462 4538 primordia
1492 4474 1652 4520 erant
1679 4464 1909 4520 videnda
1937 4483 1950 4518 :

2133 4466 2223 4537 ιβ’.
2279 4466 2567 4533 Τοιούτους
2626 4467 2739 4540 γὰρ
2795 4468 2904 4523 ἔδει
2952 4469 3048 4524 καὶ
3086 4469 3296 4542 ἔπρεπε
3349 4471 3446 4525 καὶ
3515 4472 3643 4537 τοὺς

381 4571 473 4626 δίο
501 4570 911 4625 demonstratur
961 4563 1116 4618 nobis
1155 4559 1419 4618 Joannem
1455 4558 1741 4627 utriusque
1766 4555 1957 4613 Testa-

2074 4555 2323 4612 Ἰωάννου
2381 4559 2683 4630 προδολέας
2731 4559 2963 4630 ὁρᾶσθαι
2989 4577 3004 4593 ·
3043 4561 3232 4632 ἐπειδὴ
3267 4562 3362 4615 καὶ⁵
3387 4564 3416 4616 ό
3436 4564 3502 4615 ἐκ
3520 4563 3649 4617 τούο

382 4662 548 4718 menti
576 4659 935 4715 mediatorem
963 4670 1114 4719 esse,
1144 4653 1433 4720 utriusque
1472 4647 1844 4720 praestantiam
1902 4647 1954 4701 in

2063 4663 2171 4701 των
2222 4648 2353 4718 ήμίν
2390 4649 2687 4721 ,Διαθήκης
2736 4649 3006 4721 ἑκατέρας
3038 4652 3269 4723 μεσίτης
3298 4652 3501 4724 ήμελλε
3533 4655 3645 4708 δεί-

378 4772 440 4811 se
464 4755 687 4810 habere.
714 4749 1056 4806 Conltemur
1089 4746 1239 4801 illum
1271 4744 1338 4798 ad
1376 4743 1588 4798 Veteris
1618 4738 1956 4795 Testamenti

2064 4737 2314 4805 κνυσθαι,
2342 4740 2437 4795 καὶ
2458 4741 2708 4811 συνέχειν
2732 4744 2790 4794 ἐν
2813 4742 2993 4813 ἑαυτῷ
3019 4743 3130 4798 τῶν
3158 4743 3487 4816 ἀμφοτέρων
3510 4746 3645 4816 ἁλη-

378 4846 580 4902 limites
633 4843 968 4906 deﬁnivisse,
1014 4838 1145 4910 quia
1216 4834 1602 4906 praphetarum
1641 4842 1843 4887 etetttm
1904 4840 1959 4886 et

2063 4827 2170 4892 θῶς
2219 4831 2280 4883 τὸ
2331 4829 2611 4902 ἐξαίρετον
2636 4848 2651 4864 ·
2704 4832 3054 4903 ὡμολόγηται
3108 4833 3218 4906 γὰρ
3268 4834 3345 4899 ῶς
3393 4837 3495 4906 τῆς
3542 4839 3645 4909 μὲν

380 4950 668 4993 numerum
700 4930 997 5002 complevit
1023 4946 1037 4984 :
1067 4941 1259 4983 omnes
1300 4925 1444 4979 enim
1476 4921 1755 4994 propheta:
1786 4922 1839 4975 in
1870 4920 1957 4976 die

2063 4919 2452 4992 Πρεσϐυτέρας
2497 4923 2648 4986 τέλος
2702 4923 2933 4994 ὡρίζετο
2979 4924 3094 4995 (τοῦ
3147 4926 3256 4997 γὰρ
3302 4927 3645 4998 προφητικοῦ

375 5025 606 5083 Joannis
635 5023 889 5093 Baptista:
918 5018 1215 5090 praedicare
1263 5021 1571 5069 cessarunt.
1602 5009 1741 5066 Novi
1773 5018 1954 5065 autem

377 5121 713 5180 Testamenti
756 5117 970 5172 initium
1022 5123 1078 5183 et
1127 5113 1321 5168 ductor
1366 5116 1619 5179 apparet,
1652 5106 1783 5175 quia
1819 5121 1954 5174 apo-

375 5215 550 5274 stolus
592 5209 886 5284 prmedit;
928 5204 1232 5274 angelicum
1283 5199 1429 5254 enim
1473 5199 1785 5253 mandatum
1813 5197 1957 5250 obti-

379 5307 518 5370 nuit,
572 5302 787 5358 scilicet
820 5306 879 5353 ιιι
913 5306 1042 5352 ante
1073 5293 1353 5349 Christum
1398 5292 1574 5345 iturus
1600 5297 1660 5345 et
1692 5301 1958 5344 cursurus

374 5405 541 5453 esset.
580 5393 784 5452 :Jussus
825 5399 914 5445 est
949 5388 1097 5445 velut
1136 5384 1359 5454 angelus
1404 5380 1571 5436 Deum
1627 5378 1955 5450 praecedere,

379 5507 400 5540 ε
446 5502 504 5544 et
540 5500 571 5541 a
603 5484 790 5540 diebus
839 5481 1058 5536 Joannis
1114 5476 1369 5544 Baptista:
1414 5487 1637 5542 regnum
1693 5470 1952 5525 ctelornm

373 5578 712 5649 rumpantur
762 5585 819 5630 et
847 5572 1066 5629 violenti
1103 5570 1317 5640 rapiunt
1340 5567 1469 5620 illud
1499 5564 1582 5628 ²⁹;
1616 5581 1645 5617 ,ι
1692 5577 1722 5617 a
1751 5559 1957 5615 Joanne

2058 5011 2222 5082 χοροῦ
2278 5013 2370 5065 τὸν
2427 5013 2662 5085 αριθμὸν
2694 5015 2862 5079 αὐτὸς
2904 5016 3275 5083 τετελείωκεν,
3310 5017 3502 5089 ἐπειδὴ
3546 5020 3645 5073 καὶ

2061 5105 2261 5167 πάντες
2318 5104 2370 5158 oi
2418 5105 2701 5177 προφῆται
2743 5107 2849 5171 ἕως
2908 5108 3159 5163 Ἰωάννου
3204 5109 3300 5163 τοῦ
3332 5109 3640 5165 Βαπτιστοῦ

2060 5198 2523 5267 προεφήτευσαν),
2541 5200 2641 5269 τῆς
2667 5197 2724 5251 δὲ
2738 5198 3032 5270 Νεωτέρας
3053 5201 3201 5272 ἀρχὴ
3218 5202 3313 5259 καὶ
3331 5202 3640 5274 προοίμιον·

2062 5284 2279 5338 πάντων
2331 5285 2440 5357 γὰρ
2490 5285 2601 5339 τῶν
2658 5287 2969 5342 ἀποστόλων
3028 5290 3193 5354 αὐτὸς
3243 5297 3643 5363 armamento-

2062 5375 2250 5447 ἐπειδὴ
2299 5377 2546 5446 προῖέναι
2592 5394 2654 5430 τε
2705 5380 2802 5432 καὶ
2830 5380 3158 5451 προτρέχειν
3205 5381 3445 5453 Χριστοῦ
3483 5383 3644 5451 ἀξίαν

2061 5468 2235 5536 ἁγίων
2260 5470 2559 5541 ἀγγελικὴν
2613 5471 2983 5530 ἀπεστέλλετο
3009 5485 3023 5500 ’
3063 5473 3201 5527 Θεοῦ
3229 5474 3343 5544 γὰρ
3369 5473 3446 5541 ὡς
3479 5477 3643 5546 em.

2063 5552 2155 5629 λος
2188 5560 2537 5632 προόαδίζειν
2557 5562 2903 5629 κεκέλευστο,
2934 5582 2953 5617 ι
2993 5563 3104 5621 Καὶ
3126 5565 3238 5619 ἀπὸ
3271 5560 3382 5620 τών
3413 5565 3649 5639 ἡμερῶν

436 5750 477 5786 ’⁸
508 5750 641 5806 Luc.
675 5769 714 5815 ι,
748 5748 935 5802 τις-τε.
1014 5746 1056 5780 ⁸⁷
1087 5743 1217 5800 ibid.
1250 5739 1343 5795 67.
1399 5739 1442 5771 "'
1479 5737 1610 5795 ibid.
1647 5737 1704 5794 6.
1778 5736 1821 5767 ¹⁹
1851 5734 1959 5790 Mat

2080 5749 2154 5799 vt,
2191 5735 2244 5791 5.
2329 5736 2377 5767 "
2408 5734 2596 5792 Matth.
2632 5753 2706 5802 st,
2744 5737 2830 5796 t2.
