4058 6190
290 387 437 454 33η·

895 382 1177 446 ORATIO
1208 382 1422 445 VII.—
1446 383 1853 445 ENCOMIUM
1890 383 1973 447 IN
2005 384 2066 444 S.
2106 383 2462 446 JOANNEM
2490 364 2937 448 BAPTISTAM.

3401 386 3539 449 3342

304 497 559 552 Ἰωάννου
608 494 702 549 τοῦ
744 493 1057 549 Βαπτιστοῦ
1112 493 1147 565 ἡ
1194 492 1445 564 βασιλεία
1471 494 1578 548 τῶν
1637 494 1878 568 οὐρανῶν

1983 497 2148 553 sumit
2215 495 2483 554 violentia:
2548 498 2803 564 initium,
2848 508 3090 555 attamen
3137 495 3261 551 illud
3333 500 3551 564 rapiunt

292 587 560 660 βιάζεται,
593 585 689 639 καὶ
719 584 942 653 βιασταὶ
969 583 1312 655 ἁρπάζουσιν
1335 584 1558 655 αύτήν·›
1581 584 1641 649 ἐξ
1664 584 1871 638 ἐκείνου

289 676 657 749 γὰρλασοῦσα
680 677 781 745 τὴν
814 676 991 750 ἀρχὴν
1013 674 1292 745 βιάζεσθαι
1342 676 1432 730 διὰ
1456 676 1555 749 τῆς
1586 677 1873 747 εὐαγγελι-

287 768 395 838 κῆς
427 767 651 836 ἀγωγῆς
695 766 960 831 ἑκουσίως
1011 761 1117 820 ὑπὸ
1174 766 1394 820 πάντων
1442 767 1787 837 ἁρπάζεται·
1815 767 1872 835 ἐξ

291 858 483 931 ἱερέως
504 858 685 911 τοίνυν
705 855 800 911 καὶ
835 856 1118 929 προφήτου
1177 857 1383 927 πατρὸς
1416 857 1509 911 καὶ
1539 857 1710 912 τᾶλλα
1732 858 1870 929 λαμ-

289 949 431 1020 προῦ
465 948 558 1001 καὶ
587 945 874 1019 θεόφρονος
906 948 963 1001 ὲν
985 948 1163 1020 κοιλίᾳ
1196 951 1396 1021 μητρδς
1429 950 1579 1022 ίερᾶς
1614 953 1708 1004 καὶ
1738 968 1872 1022 προ-

290 1040 533 1111 φήτιδος,
567 1039 819 1110 Ἰωάννης
868 1033 1023 1102 οὗτος
1074 1040 1102 1093 ό
1148 1041 1206 1095 ἔν
1237 1042 1372 1095 πᾶσι
1404 1043 1709 1113 προφήταις
1733 1041 1871 1113 ἔχων

288 1133 351 1186 τὸ
380 1129 641 1203 περισσὸν
664 1130 1123 1201 συλλαμϐάνεται,
1162 1131 1221 1195 δς
1273 1133 1367 1186 καὶ
1397 1133 1556 1202 μόνος
1584 1135 1641 1186 ὲν
1670 1132 1872 1205 γαστρὶ

294 1223 704 1295 προεφήτευσεν
724 1239 740 1254 υ
765 1223 889 1276 ἐπεὶ
938 1222 1185 1293 παρόντα
1220 1224 1421 1295 γαστρὶ
1447 1224 1749 1296 παρθενικῇ
1782 1224 1872 1277 τὸν

292 1314 571 1383 Δεσπότην
591 1315 792 1384 ἦνωσε,
833 1313 930 1367 καὶ
983 1313 1143 1383 μόνος
1183 1314 1241 1366 ἰν
1302 1315 1498 1387 γαστρὶ
1554 1315 1872 1385 Πνεύματος

293 1405 453 1474 ἁγίου
490 1405 718 1474 γέγονεν
744 1403 964 1472 ἔγκυος,
1016 1405 1303 1476 κυοφορῶν
1333 1410 1388 1460 ἐν
1410 1406 1587 1477 ἑαυτῷ
1615 1409 1710 1460 καὶ
1741 1424 1871 1460 κυο-

291 1495 664 1567 φορούμενος·
698 1497 1140 1568 κυοφορούμενος
1168 1498 1268 1567 μὲν
1304 1498 1492 1570 στείρα
1518 1501 1704 1569 μητρὶ,
1745 1517 1869 1553 κυο-

292 1589 478 1661 φορῶν
507 1589 563 1643 δὲ
586 1588 687 1659 τὴν
718 1590 876 1661 χάριν
899 1590 992 1644 τοῦ
1022 1591 1163 1644 Πνεύ
1172 1608 1338 1658 ματος
1361 1592 1455 1645 καὶ
1476 1591 1640 1646 ὠδῖνα
1658 1609 1870 1665 προφη-

292 1682 453 1753 τικὴν
520 1682 650 1754 πρὶν
707 1681 1039 1754 ὡδινηθῆναι
1095 1684 1436 1755 ποιούμενος,
1495 1684 1591 1738 καὶ
1632 1684 1738 1756 πρὸ
1773 1683 1869 1738 τοῦ

292 1771 552 1843 τεχθῆναι
575 1772 777 1827 τίκτων
835 1773 898 1826 τδ
950 1774 1271 1846 Πνεύματος
1307 1776 1556 1848 χάρισμα
1580 1790 1596 1806 ⁸
1626 1776 1783 1847 εῐπερ
1810 1776 1868 1828 ὲν

1978 600 2172 643 omnes
2224 578 2581 658 ‘cvangelicis
2619 591 2722 644 viis
2782 600 2834 643 et
2896 589 3035 644 bona
3095 602 3194 644 sua
3254 586 3549 645 voluntate.

1976 676 2142 746 Igitur
2197 693 2262 732 ex
2315 679 2597 734 sacerdote
2669 690 2724 735 et
2773 680 3060 751 propheta,
3113 679 3180 735 de
3243 688 3552 750 artemque
3622 740 3631 755 η

1976 765 2170 821 illustri
2203 777 2256 822 et
2314 767 2508 825 devoto
2560 779 2738 840 patre,
2790 771 2842 826 in
2880 781 3064 826 sancta
3112 779 3167 826 et
3221 770 3554 827 vaticinante
3630 808 3633 811 -

1974 866 2147 913 matre
2192 858 2497 931 concipitur
2538 860 2775 916 Joannes
2810 860 2900 932 qui
2938 875 3128 917 omnes
3175 869 3396 932 superat
3425 876 3550 931 pro-

1976 946 2183 1017 phetas,
2219 950 2361 1019 quod
2409 950 2573 1012 solus,
2608 950 2662 1004 in
2712 960 2867 1005 utero
2907 950 3124 1019 degens,
3165 954 3548 1023 prophetarit;

1973 1039 2098 1108 quia
2155 1039 2209 1093 in
2256 1039 2498 1112 Virginis
2532 1041 2830 1096 visceribus
2888 1053 3207 1111 praesentem
3267 1043 3550 1099 Dominum

1974 1130 2212 1200 agnovit.
2260 1130 2315 1186 ln
2350 1141 2503 1187 utero
2535 1148 2751 1202 quoque
2789 1132 2939 1188 solus
2981 1132 3185 1202 Spiritu
3247 1144 3436 1190 sancto
3461 1151 3550 1191 reo

1973 1223 2149 1292 pletns
2185 1231 2288 1289 est,
2324 1223 2551 1293 ideoque
2576 1224 2887 1292 concipiens
2916 1231 2971 1278 ct
2990 1233 3285 1294 conceptus
3319 1243 3333 1277 .'
3359 1241 3554 1285 conec-

1975 1324 2096 1382 ptns
2132 1330 2160 1367 a
2209 1326 2379 1371 matre
2417 1315 2610 1378 sterili,
2655 1316 2965 1386 concipiens
3012 1319 3245 1388 gratiam
3293 1317 3551 1388 Spiritus,

1973 1403 2174 1458 factum
2208 1407 2605 1475 propheticum,
2637 1416 2921 1474 antequam
2962 1408 3076 1477 ipse
3115 1408 3356 1476 partibus
3388 1410 3560 1470 tuerit.

1972 1493 2182 1549 solutus
2220 1504 2271 1548 et
2303 1496 2439 1549 dona
2472 1494 2710 1563 Spiritus
2738 1497 3041 1563 producens
3080 1499 3393 1568 priusquam
3438 1501 3555 1571 ipse

1972 1588 2149 1643 editus
2197 1587 2415 1644 fuisset.
2458 1587 2763 1642 Secundum
2812 1589 3051 1643 divinum
3118 1590 3313 1645 Isaiam
3369 1593 3554 1647 conci-

1972 1679 2126 1749 piunt
2178 1678 2229 1732 in
2278 1690 2432 1734 utero
2460 1688 2514 1733 et
2563 1679 2893 1752 parturiunt,
2932 1690 3117 1749 postea
3170 1692 3350 1737 autem
3387 1696 3555 1753 gene-

1973 1779 2115 1837 rant,
2146 1772 2236 1840 qui
2267 1770 2480 1840 spiritui
2503 1770 2817 1842 prophetico
2846 1771 3178 1840 inserviunt,
3224 1775 3275 1828 id
3302 1784 3385 1829 est
3431 1776 3557 1831 abs-

292 1839 517 1936 γαστρὶ,
548 1861 691 1918 κατὰ
707 1863 798 1916 τὸν
826 1863 966 1917 θετον
992 1839 1243 1928 Ἡσαΐαν,
1270 1839 1607 1936 λαμδάνουσι
1625 1864 1717 1919 καὶ
1746 1839 1874 1919 ῶδί-

1983 1839 2254 1918 conditnm
2299 1839 2428 1932 ejus
2478 1839 2766 1918 consilium
2844 1863 2898 1917 in
2950 1864 3165 1934 publica
3217 1866 3554 1922 denuntiant.

292 1972 483 2010 νουσιο
516 1955 611 2010 καὶ
642 1956 806 2010 πάλιν
866 1952 1057 2010 ἔπειτα
1099 1957 1373 2012 τίκτουσιν
1414 1957 1465 2011 οί
1518 1955 1876 2028 προφητικῶς

293 2045 701 2117 ὑπηρετοῦντες
729 2046 809 2116 τῷ
838 2046 1142 2119 Πνεύματι,
1178 2048 1272 2103 καὶ
1286 2048 1387 2119 τὴν
1417 2047 1651 2119 κρύφιον
1683 2046 1874 2101 τούτου

296 2134 495 2212 βουλὴν
549 2140 633 2204 είς
681 2139 994 2209 τούμφανὲς
1034 2139 1486 2209 ἐξαγγέλλοντες·
1535 2139 1671 2194 άλλὰ
1703 2138 1876 2193 ταῦτα

302 2231 402 2303 μὶν
450 2229 707 2302 Ἰωάννης
737 2229 964 2304 ὕστερον
988 2231 1214 2301 ἔδρασεν
1241 2231 1382 2303 μετά
1405 2230 1503 2304 τὴν
1519 2230 1681 2286 αὑτοῦ
1702 2229 1878 2302 παρὰ-

300 2321 445 2387 δοξον
463 2321 764 2394 σύλληψιν·
816 2323 874 2377 ὲν
935 2324 1130 2401 στείρα
1182 2324 1293 2395 γάρ
1328 2324 1512 2396 μήτρᾳ
1552 2323 1878 2395 συνείληπτο

298 2416 394 2470 καὶ
435 2418 494 2471 ὲν
534 2414 852 2488 πρεσϐύτιδι
904 2417 1073 2489 μητρὶ
1139 2416 1247 2471 ὑπὸ
1307 2414 1615 2489 πρεσϐύτου
1671 2416 1879 2484 πατρὸς

296 2505 600 2576 κατεδέδλη
612 2522 665 2560 το
688 2522 704 2537 ⁸
738 2506 847 2578 πρὸ
867 2506 1060 2560 τούτου
1083 2507 1139 2561 δὲ
1163 2508 1302 2571 τέως
1329 2507 1596 2579 ἡσυχάζει
1626 2505 1717 2577 βία
1755 2506 1874 2575 μὲν,

300 2599 542 2668 μητρικῇ
571 2596 628 2649 δὲ
658 2596 810 2666 ὅμως
841 2595 1088 2649 κελεύσει
1122 2596 1443 2667 πειθόμενος
1464 2611 1479 2626 ·
1500 2597 1600 2649 οὐκ
1615 2593 1876 2665 ἠϐούλετο

296 2687 410 2759 γάρ
442 2687 803 2757 ἁνενέργητον
854 2686 1045 2758 φέρειν
1069 2688 1169 2759 τὴν
1198 2689 1361 2759 χάριν
1389 2687 1483 2741 τοῦ
1528 2688 1872 2759 Πνεύματος,

295 2774 367 2853 ἧς
404 2779 547 2834 κατὰ
574 2776 672 2850 τὴν
705 2778 1005 2850 ἀγγελικὴν
1028 2779 1214 2850 φωνὴν
1235 2779 1523 2849 ἐγκόλπιος
1542 2777 1621 2832 ἔτι
1651 2778 1820 2833 τελῶν
1852 2777 1872 2816 τ

295 2870 611 2939 δπίμπλατο
632 2884 646 2899 ·
674 2868 864 2940 ἐπειδὴ
900 2866 957 2922 δὲ
1001 2869 1030 2921 ό
1066 2872 1491 2941 πενταμηνιαῖος
1518 2870 1725 2932 ἐκεῖνος
1746 2868 1876 2939 χρό-

296 2978 388 3025 νος
417 2961 746 3033 παρῴχηκεν
795 2962 825 3013 ὁ
868 2960 962 3015 τὸν
986 2960 1245 3032 αἰσθητὸν
1271 2962 1408 3033 ἡμῖν
1433 2962 1600 3033 νόμον
1630 2959 1878 3032 παραδηο

1974 1950 2216 2007 Joannes
2263 1966 2393 2007 vero
2444 1966 2547 2006 non
2584 1951 2809 2005 multum
2859 1964 2980 2020 post
3014 1954 3390 2010 admirabilem
3426 1972 3558 2014 con-

1978 2045 2280 2112 ceptionem
2316 2057 2468 2097 suam
2492 2042 2543 2097 lil
2574 2043 2815 2113 perfecit.
2853 2043 2907 2097 In
2956 2045 3078 2100 alvo
3107 2046 3277 2102 Sterili
3310 2050 3557 2114 recubat,

1978 2148 2009 2188 a
2050 2145 2203 2204 patre
2227 2133 2442 2189 seniore
2477 2133 2529 2187 in
2559 2145 2788 2189 matrem
2842 2135 3112 2191 seniorem
3157 2138 3432 2206 coniectus
3451 2150 3556 2206 est,

1979 2223 2049 2279 ad
2081 2232 2292 2294 tempus
2317 2223 2517 2279 ibidem
2547 2223 2781 2292 quiescit
2821 2226 3061 2281 cedendo
3082 2234 3137 2282 et
3161 2228 3213 2281 vi
3239 2241 3473 2298 superna
3503 2239 3560 2284 et

1979 2315 2208 2386 imperio
2259 2316 2490 2381 matris;
2545 2325 2631 2370 ast
2683 2314 3012 2371 inclilcacem
3047 2317 3277 2388 gratiam
3322 2320 3557 2390 Spiritus

1980 2407 2033 2462 in
2061 2419 2121 2462 se
2152 2415 2371 2475 portare
2400 2405 2595 2471 noluit,
2643 2422 2771 2477 qua,
2805 2409 3102 2463 secundum
3138 2410 3439 2480 angelicam
3472 2425 3561 2468 vo-

1978 2510 2119 2559 cem,
2152 2496 2205 2549 in
2259 2496 2379 2552 sinu
2445 2494 2635 2551 matris
2695 2497 3088 2566 adaiigescens,
3142 2497 3243 2556 fuit
3296 2503 3555 2572 repletus.

1977 2585 2177 2653 Quinto
2215 2587 2362 2642 enim
2414 2601 2599 2642 mense
2651 2586 2921 2654 elabente,
2972 2589 3059 2646 lex
3108 2594 3450 2651 sensationis
3503 2596 3556 2650 in
3630 2640 3634 2644 .

1982 2679 2138 2734 nobis
2195 2678 2597 2746 manifestatur,
2647 2682 2889 2751 quinque
2940 2697 3136 2738 sensus
3200 2687 3450 2756 corporei
3500 2697 3559 2744 et

1982 2770 2343 2840 promptiores
2383 2770 2609 2825 excitari
2658 2771 2861 2839 solent;
2906 2787 3016 2841 quo
3065 2782 3308 2843 tempore
3361 2785 3561 2834 semet-

1985 2860 2156 2928 ipsam
2192 2860 2531 2915 abscondidit
2580 2859 2857 2917 Elisabeth
2911 2871 3167 2933 tanquam
3219 2877 3447 2923 matrem
3506 2880 3563 2925 et

1984 2952 2325 3026 prophetam,
2355 2951 2467 3021 jam
2517 2967 2623 3007 non
2671 2953 2940 3020 silentem,
2974 2970 3156 3011 secum
3203 2959 3560 3015 abscondidit.

294 3056 407 3115 λῶν
425 3057 513 3111 διὰ
538 3057 637 3129 τὴν
689 3056 971 3127 σύστοιχον
1027 3056 1176 3128 αύτῷ
1228 3056 1467 3113 πεντάδα
1516 3056 1613 3111 καὶ
1682 3054 1957 3129 προσφιλῆ
1990 3050 2100 3105 τῶν
2130 3047 2459 3118 σωματικῶν
2509 3048 2604 3102 καὶ
2652 3050 2967 3123 ταχυτὲρων
3020 3053 3362 3124 αἰσθήσεων,
3412 3047 3488 3108 ὧν
3527 3055 3562 3125 ἡ

300 3150 484 3221 μήτηρ
509 3147 585 3210 ὡς
627 3146 711 3218 εἴη
777 3146 958 3217 μήτηρ
1007 3146 1208 3217 ἑαυτὴν
1248 3147 1600 3219 περιέκρυϐε,
1648 3150 1742 3202 κα)⁴
1774 3149 1865 3201 τὸν
1900 3144 2158 3214 ἁσίγητον
2212 3141 2399 3196 τοῦτον
2453 3142 2742 3214 προφήτην
2793 3144 2962 3216 ἑαυτῇ
2988 3148 3458 3221 συναπέκρυπτεν.

374 3244 467 3308 ιγ’.
504 3238 630 3308 Μὴν
663 3237 720 3290 δὲ
747 3237 933 3292 λοιπὸν
976 3237 1006 3290 ό
1066 3237 1224 3303 ἕκτος
1256 3238 1437 3312 παρῆν
1470 3256 1483 3271 ο
1511 3240 1607 3294 καὶ
1644 3240 1880 3312 παρῆνή

2060 3234 2149 3288 15.
2190 3232 2579 3288 Verumtamen
2634 3245 2820 3291 sextus
2871 3239 3061 3294 aderat
3114 3241 3336 3307 mensis,
3381 3242 3569 3298 aderat

299 3329 575 3402 Παρθένος
590 3330 681 3383 τὸν
697 3329 953 3384 άκτιστον
972 3329 1027 3383 ἒν
1047 3332 1246 3402 γαστρὶ
1276 3331 1593 3401 κτιζόμενον
1617 3334 1876 3403 φέρουσαο

300 3420 358 3476 ἔν
386 3421 531 3493 ἕκτῳ
556 3419 665 3491 γάρ
687 3419 827 3491 αὕτη
860 3419 1231 3491 συλλαμϐάνει
1287 3422 1418 3491 μηνὶ
1446 3420 1538 3474 τὸν
1573 3423 1631 3475 ἐν
1670 3421 1730 3488 ἓξ
1753 3422 1883 3493 ήμέο

304 3530 424 3585 ραις
446 3512 537 3565 τὸν
574 3500 880 3582 ἑξαήμερον
920 3511 1125 3581 κόσμον
1174 3511 1528 3582 τευξάμενον,
1581 3512 1674 3567 καὶ
1700 3513 1883 3585 ἡμέρᾳ

302 3607 374 3676 τῇ
401 3604 537 3676 ῑκτῃ
592 3590 685 3656 τδν
729 3602 1021 3672 ἄνθρωπον
1068 3603 1359 3668 κτίσαντα,
1406 3604 1502 3657 καὶ
1533 3603 1693 3658 πάλιν
1720 3605 1883 3657 αὑτὸν

300 3695 389 3749 διὰ
416 3693 653 3765 σταυροῦ
678 3693 1002 3765 πεπραχότα
1031 3682 1234 3759 κακῶς,
1266 3694 1635 3749 ἁνακτίσαντα
1655 3711 1667 3724 ·
1700 3692 1882 3747 ούκέτι
1917 3734 1919 3737 ι

302 3786 404 3856 τὴν
424 3784 654 3856 ἡσυχίαν
681 3784 836 3853 ἄγειν
862 3787 890 3838 ό
921 3782 1177 3855 Ἰωάννης
1212 3785 1486 3856 ὴνίσχετο,
1508 3784 1632 3838 οὔτε
1656 3784 1752 3838 τοῦ
1779 3786 1882 3838 Λό-

303 3894 403 3946 γου
439 3876 714 3947 παρόντος·
747 3878 978 3947 ήμερείν
1034 3878 1068 3948 ἡ
1131 3876 1283 3948 φωνὴ
1343 3877 1666 3948 κατεδέχετο
1692 3894 1705 3907 ·
1749 3877 1885 3932 ἁλλὰ

304 3967 484 4041 κήρυξ
535 3967 780 4037 ἐγίγνετο
824 3968 1092 4039 πρόωρος,
1143 3968 1410 4039 μηδαμῶς
1454 3969 1554 4038 τῆς
1602 3967 1886 4040 κηρύξεως

303 4059 392 4113 διὰ
419 4058 530 4110 τῶν
555 4058 655 4127 τῆς
681 4055 931 4127 γλώττης
965 4050 1184 4128 δεσμῶν
1216 4058 1565 4129 κωλυομένης
1593 4075 1607 4089 ο
1628 4060 1758 4112 ἐϐόα
1778 4059 1887 4129 γὰρ

303 4151 417 4212 τοῖς
450 4149 821 4218 σκιρτήμασιν
867 4146 943 4211 ὼς
969 4149 1242 4218 πάρεστιν
1279 4152 1307 4203 ό
1335 4151 1550 4221 δεσμῶν
1583 4151 1731 4221 ἡμᾶς
1761 4149 1887 4212 τοὺς

303 4237 629 4310 ἀνθρώπους
690 4238 1053 4310 λυτρούμενος
1083 4252 1098 4268 ⁶
1151 4240 1245 4291 καὶ
1292 4241 1354 4293 τὸ
1401 4242 1627 4311 σκιρτᾷν
1655 4241 1785 4311 ἡμῖν
1813 4239 1888 4301 ὡς

304 4332 372 4384 ὲκ
400 4329 615 4399 δεσμῶν
648 4330 955 4400 ἀνειμένων
1002 4329 1348 4400 δωρούμενος
1463 4330 1699 4400 ἡγαλλία
1753 4330 1889 4399 κρά-

302 4422 417 4486 ζων
440 4420 518 4491 τῷ
542 4420 842 4491 Πνεύματι,
871 4418 926 4484 ὃς
946 4410 1174 4492 ἁφίκετο
1196 4425 1301 4476 πᾶν
1316 4422 1549 4493 δάκρυον
1582 4422 1689 4475 άπὸ
1719 4438 1891 4493 προσ-

303 4510 457 4563 ώπου
489 4510 686 4572 παντὸς
714 4511 1143 4582 ἀφαιρούμενος,
1193 4513 1288 4565 καὶ
1321 4510 1592 4582 σταθερὰν
1624 4511 1887 4579 ἀγαλλία-

1986 3320 2202 3394 quoque
2249 3321 2417 3394 Virgo
2467 3338 2587 3394 quae
2635 3323 2963 3393 lncreatuin,
3006 3328 3098 3384 sed
3154 3331 3316 3385 modo
3345 3329 3566 3398 factum,

1976 3416 2050 3479 .in
2079 3423 2237 3470 utero
2289 3430 2388 3469 suo
2418 3416 2680 3485 gestabat.
2733 3415 2788 3470 In
2817 3428 2972 3473 sexto
3019 3435 3204 3476 mense
3235 3423 3483 3493 concepit
3512 3425 3572 3477 μ.

1982 3506 2097 3561 lum
2132 3507 2223 3576 qui
2262 3507 2402 3561 intra
2436 3522 2529 3562 sex
2560 3507 2679 3563 dies
2712 3510 2967 3563 mundum
3016 3511 3373 3566 constituerat
3402 3523 3454 3567 et
3481 3514 3571 3569 die

1982 3607 2140 3651 sexto
2190 3605 2469 3652 creaverat
2501 3596 2816 3664 hominem;
2868 3599 3141 3655 hominem
3189 3611 3370 3655 autem
3420 3602 3558 3656 male

1983 3688 2267 3759 degentem
2293 3702 2391 3758 per
2420 3702 2638 3742 crucem
2673 3689 2850 3743 denuo
2878 3689 3105 3744 creavit.
3138 3691 3432 3757 Quiescere
3460 3709 3568 3747 non

1984 3779 2188 3835 diutius
2235 3778 2493 3834 sustinuit
2532 3776 2812 3834 Joannes:
2848 3777 3025 3835 Verbo
3078 3782 3223 3836 enim
3277 3793 3564 3852 praesente,

1985 3884 2169 3925 vocem
2205 3870 2460 3924 cohibere
2494 3884 2599 3923 non
2643 3869 2861 3939 potuit:
2907 3880 3268 3938 praematurus
3297 3873 3399 3928 I‘uit
3429 3890 3568 3942 prae-

1988 3975 2052 4015 co
2077 3970 2133 4015 et
2156 3958 2468 4013 nullatenus
2492 3958 2823 4028 praeconium
2850 3960 2970 4027 ejus
2995 3947 3441 4034 vinculislingure
3467 3964 3569 4019 im-

1987 4054 2222 4125 plicatur
2252 4069 2265 4106 :
2313 4053 2511 4104 etenim
2563 4049 2794 4104 saltibus
2823 4050 2936 4105 suis
2965 4050 3166 4105 clamat
3199 4052 3348 4109 illum
3375 4056 3571 4111 adesse

1988 4146 2080 4217 qui
2132 4144 2379 4199 homines
2429 4140 2686 4196 liberaret
2716 4156 2745 4195 a
2779 4143 3010 4198 vinculis
3038 4152 3094 4199 et
3129 4159 3226 4200 nos
3257 4161 3287 4200 a
3340 4148 3572 4205 vinculis

1989 4241 2197 4295 solutus
2239 4237 2458 4293 exsilire
2510 4236 2731 4290 sineret.
2762 4234 3068 4291 Exsultavit
3094 4238 3336 4293 clamans
3376 4241 3571 4310 spiritu

1990 4329 2140 4383 illum
2173 4328 2460 4382 advenisse
2496 4326 2587 4396 qni
2637 4327 2705 4380 ab
2743 4327 2984 4380 omnium
3007 4324 3150 4383 facie
3171 4328 3441 4401 lacryinas
3470 4331 3575 4386 tol-

1990 4421 2161 4486 leret;
2210 4418 2479 4488 protendit
2522 4417 2754 4471 indicem
2799 4424 2853 4471 et
2909 4416 3121 4487 Agnum
3174 4416 3265 4473 Dei
3312 4422 3571 4487 ostendit,

1993 4512 2083 4580 qni
2137 4520 2355 4579 propter
2401 4510 2678 4564 hircorum
2736 4519 2961 4578 peccata
2998 4511 3349 4577 mactandas,
3377 4513 3573 4569 delicta

304 4618 390 4655 σιν
414 4598 491 4670 τῷ
519 4600 667 4667 γένει
697 4601 858 4653 παντὶ
879 4600 1242 4673 χαριζόμενος
1266 4617 1279 4631 ⁸
1303 4603 1479 4673 ἥπλου
1508 4603 1600 4656 τὸν
1626 4602 1880 4656 δάκτυλον

1997 4606 2161 4659 totius
2198 4604 2384 4656 mundi
2432 4600 2714 4657 ablaturus
2766 4610 2905 4657 erat.
2937 4600 3081 4657 Suae
3109 4604 3355 4659 extendit
3382 4622 3575 4662 manus

303 4696 402 4747 καὶ
425 4690 521 4745 τοῦ
544 4692 680 4746 Θεοῦ
705 4693 799 4747 τὸν
850 4693 1049 4764 ’Λμνὸν
1102 4695 1447 4760 ἀπεδείκνυε,
1475 4695 1571 4748 καὶ
1603 4695 1692 4748 τὸν
1744 4693 1885 4765 ὑπὲρ

304 4785 466 4855 ἡμῶν
523 4783 592 4839 δι’
656 4784 930 4856 ἁμαρτίαν
968 4786 1174 4856 ἐρίφων
1222 4786 1614 4857 σφαττόμενον,
1649 4787 1744 4839 καὶ
1791 4784 1886 4838 τοῦ

306 4873 518 4944 κόσμου
562 4872 662 4945 τὴν
714 4874 992 4946 ἁμαρτίαν
1045 4875 1228 4928 τέλεον
1275 4876 1501 4949 αἴροντα
1528 4893 1541 4908 ’
1595 4878 1763 4946 ἄμφω
1788 4874 1889 4937 τὰς

307 4966 500 5034 χεῖρας
532 4963 821 5032 ἐξέτεινεν,
874 4966 969 5020 καὶ
997 4966 1057 5019 τὸ
1105 4964 1202 5019 τοῦ
1240 4967 1472 5038 σταυροῦ
1510 4968 1888 5038 προεκήρυττε

304 5056 565 5126 τρόπαιον
600 5071 615 5088 °
643 5057 781 5128 ὅπερ
802 5058 832 5110 ό
858 5059 917 5110 ὲν
951 5058 1154 5129 γαστρὶ
1176 5058 1456 5130 Παρθένου
1500 5057 1693 5130 παρὼν
1746 5061 1890 5114 κατὰ

305 5148 577 5220 δαιμόνων
609 5149 764 5220 ίστᾷν
787 5151 1170 5220 παραγέγονεν
1193 5165 1207 5179 ·
1244 5148 1426 5221 ὄρθιος
1450 5149 1635 5204 ἵστατο
1666 5150 1760 5201 καὶ
1793 5149 1892 5220 τὴν

308 5240 368 5305 ii
413 5239 547 5312 ᾅδου
600 5239 819 5295 πάντων
873 5240 1173 5296 ἀνάστασιν
1234 5240 1513 5312 μυστικῶς
1539 5240 1782 5296 ὲκελάδει
1812 5242 1890 5314 τῷ

313 5331 573 5402 σχήματι·
600 5331 667 5402 ἦν
687 5332 717 5385 ὁ
739 5332 798 5386 ὲν
825 5331 1051 5403 ἁσπόρω
1075 5332 1258 5404 μήτρᾳ
1277 5331 1399 5385 τότε
1424 5333 1806 5405 κρυπτόμενος
1831 5336 1890 5388 ἐν

310 5421 465 5492 τάφῳ
511 5420 781 5494 κρυφθεὶς
825 5422 1178 5490 ὲπεδείξατο·
1214 5423 1311 5479 καὶ
1338 5422 1483 5494 τάχα
1514 5423 1580 5479 ἂν
1611 5427 1680 5497 τῇ
1721 5425 1891 5497 μητρὶ

311 5510 623 5586 διεμάχετο,
648 5512 734 5568 δτι
777 5514 848 5569 τὰ
880 5515 1107 5570 τοιαῦτα
1147 5513 1276 5586 βοᾷν
1309 5515 1599 5587 ἐφιέμενον
1635 5521 1887 5588 φυσικοῖς

1996 4705 2050 4749 et
2113 4693 2293 4748 crucis
2331 4700 2592 4762 tropaeum
2626 4693 2698 4746 ita
2733 4694 3133 4763 proclamavit,
3168 4695 3219 4748 in
3259 4682 3412 4750 utero
3447 4695 3573 4749 Vir-

1996 4785 2136 4856 ginis
2170 4784 2455 4847 easistens,
2509 4783 2724 4838 advenit
2758 4793 2816 4839 ut
2844 4792 3015 4840 staret
3041 4793 3229 4840 contra
3259 4785 3569 4841 da'mones:

1997 4892 2146 4935 recte
2184 4879 2336 4934 stetit
2385 4890 2438 4933 et
2476 4879 2720 4949 omnium
2764 4877 3216 4933 resurrectionem
3265 4879 3332 4933 ab
3382 4877 3574 4934 inferis

1997 4972 2225 5042 mystice
2272 4968 2632 5031 denuntiavit,
2687 4982 2849 5037 quam
2926 4968 3092 5023 etiam
3146 4968 3577 5039 prmﬁguravlte

1994 5060 2260 5132 sepulcro,
2299 5062 2423 5115 dum
2476 5060 2589 5129 ipse
2621 5059 2673 5113 in
2709 5069 2881 5114 matre
2917 5072 3014 5113 sua
3049 5059 3367 5114 intemerata
3409 5074 3569 5115 recu-

1994 5155 2169 5209 liaret.
2204 5150 2299 5207 His
2333 5151 2653 5221 perspectis,
2686 5158 2876 5204 contra
2921 5161 3151 5204 matrem
3182 5166 3335 5205 suam
3364 5164 3571 5221 pugna-

1995 5255 2147 5299 turus
2173 5252 2293 5296 erat
2341 5240 2598 5305 Joannes,
2648 5240 2791 5310 quod
2824 5240 3000 5310 ipsum
3046 5240 3375 5308 praedicandi
3414 5239 3570 5310 cupi-

1992 5337 2119 5391 dum
2153 5342 2360 5388 naturae
2404 5332 2636 5388 vinculis
2664 5332 2966 5396 cohiberet,
3009 5339 3064 5387 et
3114 5332 3469 5389 reluctantem
3515 5333 3572 5388 in

1999 5424 2315 5496 captivitate
2374 5422 2658 5480 detineret.
2705 5422 2808 5479 Ast
2857 5435 3045 5478 vocem
3086 5437 3238 5479 suam
3270 5422 3372 5494 ipsi
3419 5423 3575 5480 citis-

1995 5517 2133 5573 sime
2156 5515 2345 5573 tribuit
2367 5523 2559 5583 mater,
2574 5524 2631 5573 et
2653 5514 2738 5574 his
2754 5512 2936 5572 verbis
2958 5512 3173 5571 beatam
3196 5510 3473 5592 Virginem
3498 5511 3580 5570 af-

1626 5691 1860 5775 vauue
1890 5692 2296 5754 LECTIONES.

431 5785 451 5822 τ
476 5782 564 5840 ισ.
587 5783 954 5855 τελεσφορῶν.

1998 5893 2077 5909 ηο-
2126 5878 2207 5906 .4-
