  <div class='ocr_page' id='page_1' title='image "/cluster/home/n/w/nwhite01/storage/ocr_20150623/87:3/hvd.32044069650125/285.png"; bbox 0 0 4022 6206; ppageno 0'>
   <div class='ocr_carea' id='block_1_1' title="bbox 426 332 567 399">
    <p class='ocr_par' dir='ltr' id='par_1_1' title="bbox 426 332 567 399">
     <span class='ocr_line' id='line_1_1' title="bbox 426 332 567 399; baseline -0.043 -1"><span class='ocrx_word' id='word_1_1' title='bbox 426 332 567 399; x_wconf 67' lang='grc'><strong>3313</strong></span> 
     </span>
    </p>
   </div>
   <div class='ocr_carea' id='block_1_2' title="bbox 1308 326 2803 393">
    <p class='ocr_par' dir='ltr' id='par_1_2' title="bbox 1308 326 2803 393">
     <span class='ocr_line' id='line_1_2' title="bbox 1308 326 2803 393; baseline 0 -6"><span class='ocrx_word' id='word_1_2' title='bbox 1308 331 1366 388; x_wconf 86' lang='lat' dir='ltr'><strong>S.</strong></span> <span class='ocrx_word' id='word_1_3' title='bbox 1396 326 1819 388; x_wconf 76' lang='lat' dir='ltr'><strong>SOPIIRONII</strong></span> <span class='ocrx_word' id='word_1_4' title='bbox 1856 329 2372 392; x_wconf 76' lang='lat' dir='ltr'><strong>PATRIARCILE</strong></span> <span class='ocrx_word' id='word_1_5' title='bbox 2396 326 2803 393; x_wconf 76' lang='lat' dir='ltr'><strong>IIIEROSOL.</strong></span> 
     </span>
    </p>
   </div>
   <div class='ocr_carea' id='block_1_3' title="bbox 3555 322 3696 387">
    <p class='ocr_par' dir='ltr' id='par_1_3' title="bbox 3555 322 3696 387">
     <span class='ocr_line' id='line_1_3' title="bbox 3555 322 3696 387; baseline 0 0"><span class='ocrx_word' id='word_1_6' title='bbox 3555 322 3696 387; x_wconf 64' lang='lat' dir='ltr'><strong>33H</strong></span> 
     </span>
    </p>
   </div>
   <div class='ocr_carea' id='block_1_4' title="bbox 431 429 1998 510">
    <p class='ocr_par' dir='ltr' id='par_1_4' title="bbox 431 434 1998 499">
     <span class='ocr_line' id='line_1_4' title="bbox 431 434 1998 499; baseline -0.004 -1"><span class='ocrx_word' id='word_1_7' title='bbox 431 447 530 499; x_wconf 79' lang='lat' dir='ltr'><strong>fari</strong></span> <span class='ocrx_word' id='word_1_8' title='bbox 581 440 872 496; x_wconf 82' lang='lat' dir='ltr'><strong>cencedit:</strong></span> <span class='ocrx_word' id='word_1_9' title='bbox 928 458 945 491; x_wconf 85' lang='lat' dir='ltr'><strong>t</strong></span> <span class='ocrx_word' id='word_1_10' title='bbox 1007 437 1334 493; x_wconf 84' lang='lat' dir='ltr'><strong>Beuedictus</strong></span> <span class='ocrx_word' id='word_1_11' title='bbox 1388 434 1597 491; x_wconf 80' lang='lat' dir='ltr'><strong>fructus</strong></span> <span class='ocrx_word' id='word_1_12' title='bbox 1647 437 1853 491; x_wconf 80' lang='lat' dir='ltr'><strong>ventris</strong></span> <span class='ocrx_word' id='word_1_13' title='bbox 1907 439 1998 492; x_wconf 87' lang='lat' dir='ltr'><strong>tni.</strong></span> 
     </span>
    </p>
   </div>
   <div class='ocr_carea' id='block_1_5' title="bbox 2105 429 3696 510">
    <p class='ocr_par' dir='ltr' id='par_1_5' title="bbox 2112 429 3696 510">
     <span class='ocr_line' id='line_1_5' title="bbox 2112 429 3696 510; baseline -0.002 -19"><span class='ocrx_word' id='word_1_14' title='bbox 2112 438 2330 510; x_wconf 78' lang='grc' dir='ltr'><strong>δεσμοῖς</strong></span> <span class='ocrx_word' id='word_1_15' title='bbox 2367 436 2664 502; x_wconf 82' lang='grc' dir='ltr'>ὲνεπόδιζε,</span> <span class='ocrx_word' id='word_1_16' title='bbox 2700 436 2794 489; x_wconf 72' lang='grc' dir='ltr'>καὶ</span> <span class='ocrx_word' id='word_1_17' title='bbox 2841 433 3095 504; x_wconf 78' lang='grc' dir='ltr'><strong>κατεῖχεν</strong></span> <span class='ocrx_word' id='word_1_18' title='bbox 3141 430 3342 487; x_wconf 81' lang='grc' dir='ltr'>ἀκοντα</span> <span class='ocrx_word' id='word_1_19' title='bbox 3370 429 3613 503; x_wconf 73' lang='grc' dir='ltr'>δέσμιον,</span> <span class='ocrx_word' id='word_1_20' title='bbox 3645 434 3696 488; x_wconf 83' lang='grc' dir='ltr'><strong>εί</strong></span> 
     </span>
    </p>
   </div>
   <div class='ocr_carea' id='block_1_6' title="bbox 429 524 2003 592">
    <p class='ocr_par' dir='ltr' id='par_1_6' title="bbox 429 524 2003 592">
     <span class='ocr_line' id='line_1_6' title="bbox 429 524 2003 592; baseline -0.009 0"><span class='ocrx_word' id='word_1_21' title='bbox 429 535 584 592; x_wconf 83' lang='lat' dir='ltr'><strong>Unde</strong></span> <span class='ocrx_word' id='word_1_22' title='bbox 640 537 739 587; x_wconf 90' lang='lat' dir='ltr'><strong>hoc</strong></span> <span class='ocrx_word' id='word_1_23' title='bbox 799 528 928 585; x_wconf 80' lang='lat' dir='ltr'><strong>mihi</strong></span> <span class='ocrx_word' id='word_1_24' title='bbox 981 540 1036 583; x_wconf 90' lang='lat' dir='ltr'><strong>ut</strong></span> <span class='ocrx_word' id='word_1_25' title='bbox 1078 539 1249 583; x_wconf 87' lang='lat' dir='ltr'><strong>mater</strong></span> <span class='ocrx_word' id='word_1_26' title='bbox 1295 524 1511 582; x_wconf 78' lang='lat' dir='ltr'><strong>Domini</strong></span> <span class='ocrx_word' id='word_1_27' title='bbox 1568 527 1669 581; x_wconf 92' lang='lat' dir='ltr'><strong>mei</strong></span> <span class='ocrx_word' id='word_1_28' title='bbox 1701 528 1766 581; x_wconf 90' lang='lat' dir='ltr'><strong>ad</strong></span> <span class='ocrx_word' id='word_1_29' title='bbox 1804 543 1886 580; x_wconf 90' lang='lat' dir='ltr'><strong>me</strong></span> <span class='ocrx_word' id='word_1_30' title='bbox 1908 538 2003 578; x_wconf 64' lang='lat' dir='ltr'><strong>vv-</strong></span> 
     </span>
    </p>
   </div>
   <div class='ocr_carea' id='block_1_7' title="bbox 428 618 2005 691">
    <p class='ocr_par' dir='ltr' id='par_1_7' title="bbox 428 618 2005 691">
     <span class='ocr_line' id='line_1_7' title="bbox 428 618 2005 691; baseline -0.005 -12"><span class='ocrx_word' id='word_1_31' title='bbox 428 627 561 679; x_wconf 86' lang='lat' dir='ltr'><strong>ttiat.</strong></span> <span class='ocrx_word' id='word_1_32' title='bbox 598 643 617 675; x_wconf 74' lang='grc' dir='ltr'><strong>ι</strong></span> <span class='ocrx_word' id='word_1_33' title='bbox 661 623 812 688; x_wconf 73' lang='lat' dir='ltr'><strong>Quod</strong></span> <span class='ocrx_word' id='word_1_34' title='bbox 849 620 1071 677; x_wconf 63' lang='lat' dir='ltr'><strong>Joannis</strong></span> <span class='ocrx_word' id='word_1_35' title='bbox 1103 619 1430 691; x_wconf 73' lang='lat' dir='ltr'><strong>[trzrcmtitttn</strong></span> <span class='ocrx_word' id='word_1_36' title='bbox 1470 627 1575 680; x_wconf 89' lang='lat' dir='ltr'><strong>est,</strong></span> <span class='ocrx_word' id='word_1_37' title='bbox 1621 618 1688 673; x_wconf 88' lang='lat' dir='ltr'><strong>ab</strong></span> <span class='ocrx_word' id='word_1_38' title='bbox 1715 632 1810 671; x_wconf 88' lang='lat' dir='ltr'><strong>ore</strong></span> <span class='ocrx_word' id='word_1_39' title='bbox 1837 618 2005 671; x_wconf 74' lang='lat' dir='ltr'><strong>Elisu-</strong></span> 
     </span>
    </p>
   </div>
   <div class='ocr_carea' id='block_1_8' title="bbox 428 708 2004 785">
    <p class='ocr_par' dir='ltr' id='par_1_8' title="bbox 428 708 2004 785">
     <span class='ocr_line' id='line_1_8' title="bbox 428 708 2004 785; baseline -0.007 -15"><span class='ocrx_word' id='word_1_40' title='bbox 428 717 553 770; x_wconf 88' lang='lat' dir='ltr'><strong>beth</strong></span> <span class='ocrx_word' id='word_1_41' title='bbox 584 715 873 785; x_wconf 85' lang='lat' dir='ltr'><strong>prolatum.</strong></span> <span class='ocrx_word' id='word_1_42' title='bbox 913 711 1107 767; x_wconf 78' lang='lat' dir='ltr'><strong>Vocem</strong></span> <span class='ocrx_word' id='word_1_43' title='bbox 1148 711 1377 765; x_wconf 87' lang='lat' dir='ltr'><strong>similem</strong></span> <span class='ocrx_word' id='word_1_44' title='bbox 1407 719 1463 764; x_wconf 87' lang='lat' dir='ltr'><strong>et</strong></span> <span class='ocrx_word' id='word_1_45' title='bbox 1497 710 1684 763; x_wconf 88' lang='lat' dir='ltr'><strong>eadem</strong></span> <span class='ocrx_word' id='word_1_46' title='bbox 1720 708 1881 762; x_wconf 83' lang='lat' dir='ltr'><strong>verba</strong></span> <span class='ocrx_word' id='word_1_47' title='bbox 1909 711 2004 760; x_wconf 65' lang='grc' dir='ltr'>τιδι-</span> 
     </span>
    </p>
   </div>
   <div class='ocr_carea' id='block_1_9' title="bbox 428 801 2002 876">
    <p class='ocr_par' dir='ltr' id='par_1_9' title="bbox 428 801 2002 876">
     <span class='ocr_line' id='line_1_9' title="bbox 428 801 2002 876; baseline -0.006 -13"><span class='ocrx_word' id='word_1_48' title='bbox 428 808 625 874; x_wconf 90' lang='lat' dir='ltr'><strong>ltibuit,</strong></span> <span class='ocrx_word' id='word_1_49' title='bbox 676 807 800 860; x_wconf 90' lang='lat' dir='ltr'><strong>dum</strong></span> <span class='ocrx_word' id='word_1_50' title='bbox 859 807 1142 876; x_wconf 86' lang='lat' dir='ltr'><strong>baptizans</strong></span> <span class='ocrx_word' id='word_1_51' title='bbox 1187 808 1399 858; x_wconf 88' lang='lat' dir='ltr'><strong>turbatn</strong></span> <span class='ocrx_word' id='word_1_52' title='bbox 1454 805 1505 856; x_wconf 91' lang='lat' dir='ltr'><strong>itt</strong></span> <span class='ocrx_word' id='word_1_53' title='bbox 1542 801 1796 866; x_wconf 82' lang='lat' dir='ltr'><strong>Jordatte,</strong></span> <span class='ocrx_word' id='word_1_54' title='bbox 1841 801 2002 856; x_wconf 80' lang='lat' dir='ltr'><strong>Chri-</strong></span> 
     </span>
    </p>
   </div>
   <div class='ocr_carea' id='block_1_10' title="bbox 426 891 2007 964">
    <p class='ocr_par' dir='ltr' id='par_1_10' title="bbox 426 891 2007 964">
     <span class='ocr_line' id='line_1_10' title="bbox 426 891 2007 964; baseline -0.005 -11"><span class='ocrx_word' id='word_1_55' title='bbox 426 908 567 953; x_wconf 80' lang='lat' dir='ltr'><strong>stum</strong></span> <span class='ocrx_word' id='word_1_56' title='bbox 594 898 660 953; x_wconf 86' lang='lat' dir='ltr'><strong>ad</strong></span> <span class='ocrx_word' id='word_1_57' title='bbox 694 913 752 951; x_wconf 87' lang='lat' dir='ltr'><strong>se</strong></span> <span class='ocrx_word' id='word_1_58' title='bbox 785 897 1086 951; x_wconf 88' lang='lat' dir='ltr'><strong>venientem</strong></span> <span class='ocrx_word' id='word_1_59' title='bbox 1136 895 1343 959; x_wconf 88' lang='lat' dir='ltr'><strong>sensit;</strong></span> <span class='ocrx_word' id='word_1_60' title='bbox 1392 894 1841 964; x_wconf 86' lang='lat' dir='ltr'><strong>appropinquanti</strong></span> <span class='ocrx_word' id='word_1_61' title='bbox 1888 891 2007 945; x_wconf 87' lang='lat' dir='ltr'><strong>Sal-</strong></span> 
     </span>
    </p>
   </div>
   <div class='ocr_carea' id='block_1_11' title="bbox 427 984 2004 1058">
    <p class='ocr_par' dir='ltr' id='par_1_11' title="bbox 427 984 2004 1058">
     <span class='ocr_line' id='line_1_11' title="bbox 427 984 2004 1058; baseline -0.003 -14"><span class='ocrx_word' id='word_1_62' title='bbox 427 991 599 1044; x_wconf 80' lang='lat' dir='ltr'><strong>vatori</strong></span> <span class='ocrx_word' id='word_1_63' title='bbox 631 997 685 1044; x_wconf 83' lang='lat' dir='ltr'><strong>et</strong></span> <span class='ocrx_word' id='word_1_64' title='bbox 737 990 1065 1058; x_wconf 68' lang='lat' dir='ltr'><strong>baptismum</strong></span> <span class='ocrx_word' id='word_1_65' title='bbox 1136 987 1407 1056; x_wconf 73' lang='lat' dir='ltr'><strong>expetenti</strong></span> <span class='ocrx_word' id='word_1_66' title='bbox 1450 986 1701 1039; x_wconf 73' lang='lat' dir='ltr'><strong>clamavit</strong></span> <span class='ocrx_word' id='word_1_67' title='bbox 1730 984 2004 1040; x_wconf 77' lang='lat' dir='ltr'><strong>Joannes:</strong></span> 
     </span>
    </p>
   </div>
   <div class='ocr_carea' id='block_1_12' title="bbox 388 1073 2008 1142">
    <p class='ocr_par' dir='ltr' id='par_1_12' title="bbox 388 1073 2008 1142">
     <span class='ocr_line' id='line_1_12' title="bbox 388 1073 2008 1142; baseline -0.003 -8"><span class='ocrx_word' id='word_1_68' title='bbox 388 1108 389 1142; x_wconf 76' lang='lat'><strong>;</strong></span> <span class='ocrx_word' id='word_1_69' title='bbox 435 1100 454 1134; x_wconf 90' lang='grc' dir='ltr'>ι</span> <span class='ocrx_word' id='word_1_70' title='bbox 496 1080 890 1136; x_wconf 80' lang='lat' dir='ltr'><strong>Necessitatem</strong></span> <span class='ocrx_word' id='word_1_71' title='bbox 944 1081 1117 1134; x_wconf 89' lang='lat' dir='ltr'><strong>habeo</strong></span> <span class='ocrx_word' id='word_1_72' title='bbox 1154 1089 1209 1132; x_wconf 93' lang='lat' dir='ltr'><strong>ttt</strong></span> <span class='ocrx_word' id='word_1_73' title='bbox 1248 1095 1275 1131; x_wconf 87' lang='lat' dir='ltr'><strong>a</strong></span> <span class='ocrx_word' id='word_1_74' title='bbox 1306 1088 1355 1131; x_wconf 84' lang='lat' dir='ltr'><strong>te.</strong></span> <span class='ocrx_word' id='word_1_75' title='bbox 1386 1076 1649 1142; x_wconf 77' lang='lat' dir='ltr'><strong>baptizt-r,</strong></span> <span class='ocrx_word' id='word_1_76' title='bbox 1691 1086 1741 1128; x_wconf 89' lang='lat' dir='ltr'><strong>et</strong></span> <span class='ocrx_word' id='word_1_77' title='bbox 1774 1085 1827 1126; x_wconf 91' lang='lat' dir='ltr'><strong>ttt</strong></span> <span class='ocrx_word' id='word_1_78' title='bbox 1860 1073 2008 1129; x_wconf 83' lang='lat' dir='ltr'><strong>venis</strong></span> 
     </span>
    </p>
   </div>
   <div class='ocr_carea' id='block_1_13' title="bbox 380 1168 2011 1230">
    <p class='ocr_par' dir='ltr' id='par_1_13' title="bbox 380 1168 2011 1230">
     <span class='ocr_line' id='line_1_13' title="bbox 380 1168 2011 1230; baseline -0.005 -3"><span class='ocrx_word' id='word_1_79' title='bbox 380 1168 394 1227; x_wconf 69' lang='grc' dir='ltr'><em>ξ</em></span> <span class='ocrx_word' id='word_1_80' title='bbox 427 1175 491 1226; x_wconf 89' lang='lat' dir='ltr'><strong>ad</strong></span> <span class='ocrx_word' id='word_1_81' title='bbox 524 1175 636 1228; x_wconf 91' lang='lat' dir='ltr'><strong>me!</strong></span> <span class='ocrx_word' id='word_1_82' title='bbox 718 1192 737 1226; x_wconf 76' lang='grc' dir='ltr'><strong>ι</strong></span> <span class='ocrx_word' id='word_1_83' title='bbox 793 1172 1001 1228; x_wconf 80' lang='lat' dir='ltr'><strong>Audisti</strong></span> <span class='ocrx_word' id='word_1_84' title='bbox 1041 1171 1188 1225; x_wconf 86' lang='lat' dir='ltr'><strong>vocis</strong></span> <span class='ocrx_word' id='word_1_85' title='bbox 1235 1168 1675 1230; x_wconf 87' lang='lat' dir='ltr'><strong>similitudiuettt,</strong></span> <span class='ocrx_word' id='word_1_86' title='bbox 1734 1181 1927 1219; x_wconf 78' lang='lat' dir='ltr'><strong>noscas</strong></span> <span class='ocrx_word' id='word_1_87' title='bbox 1956 1175 2011 1219; x_wconf 80' lang='lat' dir='ltr'><strong>et</strong></span> 
     </span>
    </p>
   </div>
   <div class='ocr_carea' id='block_1_14' title="bbox 427 1253 2009 1331">
    <p class='ocr_par' dir='ltr' id='par_1_14' title="bbox 427 1253 2009 1331">
     <span class='ocr_line' id='line_1_14' title="bbox 427 1253 2009 1331; baseline -0.005 -14"><span class='ocrx_word' id='word_1_88' title='bbox 427 1267 675 1317; x_wconf 81' lang='lat' dir='ltr'><strong>eumdem</strong></span> <span class='ocrx_word' id='word_1_89' title='bbox 706 1278 831 1318; x_wconf 88' lang='lat' dir='ltr'><strong>esse</strong></span> <span class='ocrx_word' id='word_1_90' title='bbox 867 1263 1173 1331; x_wconf 78' lang='grc' dir='ltr'>Ιοιμιοιιιυιιι</span> <span class='ocrx_word' id='word_1_91' title='bbox 1206 1279 1220 1317; x_wconf 90' lang='lat'><strong>:</strong></span> <span class='ocrx_word' id='word_1_92' title='bbox 1254 1260 1368 1314; x_wconf 68' lang='lat' dir='ltr'><strong>haec</strong></span> <span class='ocrx_word' id='word_1_93' title='bbox 1399 1258 1541 1313; x_wconf 84' lang='lat' dir='ltr'><strong>enim</strong></span> <span class='ocrx_word' id='word_1_94' title='bbox 1573 1274 1668 1313; x_wconf 88' lang='lat' dir='ltr'><strong>ore</strong></span> <span class='ocrx_word' id='word_1_95' title='bbox 1703 1273 1801 1312; x_wconf 89' lang='lat' dir='ltr'><strong>suo</strong></span> <span class='ocrx_word' id='word_1_96' title='bbox 1838 1253 2009 1310; x_wconf 76' lang='lat' dir='ltr'><strong>ell‘un-</strong></span> 
     </span>
    </p>
   </div>
   <div class='ocr_carea' id='block_1_15' title="bbox 428 1351 1315 1424">
    <p class='ocr_par' dir='ltr' id='par_1_15' title="bbox 428 1351 1315 1424">
     <span class='ocr_line' id='line_1_15' title="bbox 428 1351 1315 1424; baseline 0.001 -20"><span class='ocrx_word' id='word_1_97' title='bbox 428 1354 524 1419; x_wconf 91' lang='lat' dir='ltr'><strong>dit,</strong></span> <span class='ocrx_word' id='word_1_98' title='bbox 559 1354 646 1407; x_wconf 91' lang='lat' dir='ltr'><strong>illa</strong></span> <span class='ocrx_word' id='word_1_99' title='bbox 682 1365 860 1408; x_wconf 86' lang='lat' dir='ltr'><strong>autem</strong></span> <span class='ocrx_word' id='word_1_100' title='bbox 894 1369 987 1424; x_wconf 88' lang='lat' dir='ltr'><strong>per</strong></span> <span class='ocrx_word' id='word_1_101' title='bbox 1010 1367 1073 1407; x_wconf 89' lang='lat' dir='ltr'><strong>os</strong></span> <span class='ocrx_word' id='word_1_102' title='bbox 1105 1351 1315 1406; x_wconf 84' lang='lat' dir='ltr'><strong>matris.</strong></span> 
     </span>
    </p>
   </div>
   <div class='ocr_carea' id='block_1_16' title="bbox 2114 520 3686 596">
    <p class='ocr_par' dir='ltr' id='par_1_16' title="bbox 2114 520 3686 596">
     <span class='ocr_line' id='line_1_16' title="bbox 2114 520 3686 596; baseline 0.001 -18"><span class='ocrx_word' id='word_1_103' title='bbox 2114 525 2191 596; x_wconf 82' lang='grc' dir='ltr'>μὴ</span> <span class='ocrx_word' id='word_1_104' title='bbox 2222 527 2319 596; x_wconf 81' lang='grc' dir='ltr'>τὴν</span> <span class='ocrx_word' id='word_1_105' title='bbox 2344 525 2527 596; x_wconf 80' lang='grc' dir='ltr'>φωνὴν</span> <span class='ocrx_word' id='word_1_106' title='bbox 2566 523 2715 593; x_wconf 84' lang='grc' dir='ltr'><strong>αύτῷ</strong></span> <span class='ocrx_word' id='word_1_107' title='bbox 2749 522 2941 577; x_wconf 73' lang='grc' dir='ltr'>θάττον</span> <span class='ocrx_word' id='word_1_108' title='bbox 2962 520 3252 575; x_wconf 82' lang='grc' dir='ltr'>δανείσασα</span> <span class='ocrx_word' id='word_1_109' title='bbox 3282 521 3417 593; x_wconf 63' lang='grc' dir='ltr'>πρὶς</span> <span class='ocrx_word' id='word_1_110' title='bbox 3438 522 3538 593; x_wconf 77' lang='grc' dir='ltr'>τὴν</span> <span class='ocrx_word' id='word_1_111' title='bbox 3580 540 3686 592; x_wconf 88' lang='grc' dir='ltr'>μα-</span> 
     </span>
    </p>
   </div>
   <div class='ocr_carea' id='block_1_17' title="bbox 2111 612 3697 688">
    <p class='ocr_par' dir='ltr' id='par_1_17' title="bbox 2111 612 3697 688">
     <span class='ocr_line' id='line_1_17' title="bbox 2111 612 3697 688; baseline 0.001 -20"><span class='ocrx_word' id='word_1_112' title='bbox 2111 616 2310 688; x_wconf 85' lang='grc' dir='ltr'>καρίαν</span> <span class='ocrx_word' id='word_1_113' title='bbox 2344 612 2619 688; x_wconf 84' lang='grc' dir='ltr'>Παρθένον</span> <span class='ocrx_word' id='word_1_114' title='bbox 2639 612 2939 688; x_wconf 68' lang='grc' dir='ltr'>διαρρήδην</span> <span class='ocrx_word' id='word_1_115' title='bbox 2989 613 3194 684; x_wconf 69' lang='grc' dir='ltr'>φράσαι</span> <span class='ocrx_word' id='word_1_116' title='bbox 3242 613 3310 666; x_wconf 83' lang='grc' dir='ltr'>δι’</span> <span class='ocrx_word' id='word_1_117' title='bbox 3351 613 3524 684; x_wconf 72' lang='grc' dir='ltr'>αὐτῆς</span> <span class='ocrx_word' id='word_1_118' title='bbox 3575 632 3697 671; x_wconf 80' lang='grc' dir='ltr'>συν-</span> 
     </span>
    </p>
   </div>
   <div class='ocr_carea' id='block_1_18' title="bbox 2112 704 3686 779">
    <p class='ocr_par' dir='ltr' id='par_1_18' title="bbox 2112 704 3686 779">
     <span class='ocr_line' id='line_1_18' title="bbox 2112 704 3686 779; baseline -0.001 -19"><span class='ocrx_word' id='word_1_119' title='bbox 2112 708 2380 779; x_wconf 77' lang='grc' dir='ltr'>εχώρησεο</span> <span class='ocrx_word' id='word_1_120' title='bbox 2418 728 2436 760; x_wconf 80' lang='grc' dir='ltr'>ι</span> <span class='ocrx_word' id='word_1_121' title='bbox 2477 707 2854 777; x_wconf 75' lang='grc' dir='ltr'><strong>Εὐλογημένος</strong></span> <span class='ocrx_word' id='word_1_122' title='bbox 2885 707 2913 759; x_wconf 74' lang='grc' dir='ltr'>ὁ</span> <span class='ocrx_word' id='word_1_123' title='bbox 2944 704 3155 776; x_wconf 66' lang='grc' dir='ltr'>καρπὸς</span> <span class='ocrx_word' id='word_1_124' title='bbox 3183 704 3282 775; x_wconf 84' lang='grc' dir='ltr'>τῆς</span> <span class='ocrx_word' id='word_1_125' title='bbox 3321 705 3532 770; x_wconf 85' lang='grc' dir='ltr'>κοιλίας</span> <span class='ocrx_word' id='word_1_126' title='bbox 3556 724 3651 760; x_wconf 90' lang='grc' dir='ltr'><strong>σου</strong></span> <span class='ocrx_word' id='word_1_127' title='bbox 3671 723 3686 738; x_wconf 79' lang='grc' dir='ltr'><strong>ο</strong></span> 
     </span>
    </p>
   </div>
   <div class='ocr_carea' id='block_1_19' title="bbox 2113 797 3697 871">
    <p class='ocr_par' dir='ltr' id='par_1_19' title="bbox 2113 797 3697 871">
     <span class='ocr_line' id='line_1_19' title="bbox 2113 797 3697 871; baseline 0 -18"><span class='ocrx_word' id='word_1_128' title='bbox 2113 801 2206 853; x_wconf 72' lang='grc' dir='ltr'>καὶ</span> <span class='ocrx_word' id='word_1_129' title='bbox 2239 799 2401 854; x_wconf 88' lang='grc' dir='ltr'>πόθεν</span> <span class='ocrx_word' id='word_1_130' title='bbox 2435 817 2527 871; x_wconf 92' lang='grc' dir='ltr'><strong>μοι</strong></span> <span class='ocrx_word' id='word_1_131' title='bbox 2572 798 2731 853; x_wconf 86' lang='grc' dir='ltr'>τοῦτο</span> <span class='ocrx_word' id='word_1_132' title='bbox 2781 799 2867 851; x_wconf 78' lang='grc' dir='ltr'><strong>ἵνα</strong></span> <span class='ocrx_word' id='word_1_133' title='bbox 2902 797 3033 867; x_wconf 79' lang='grc' dir='ltr'>ἔλθῃ</span> <span class='ocrx_word' id='word_1_134' title='bbox 3075 797 3109 866; x_wconf 79' lang='grc' dir='ltr'>ἡ</span> <span class='ocrx_word' id='word_1_135' title='bbox 3146 797 3333 868; x_wconf 78' lang='grc' dir='ltr'>μήτηρ</span> <span class='ocrx_word' id='word_1_136' title='bbox 3359 797 3451 851; x_wconf 85' lang='grc' dir='ltr'><strong>τοῦ</strong></span> <span class='ocrx_word' id='word_1_137' title='bbox 3490 800 3697 870; x_wconf 84' lang='grc' dir='ltr'>Κυρίου</span> 
     </span>
    </p>
   </div>
   <div class='ocr_carea' id='block_1_20' title="bbox 2118 889 3700 963">
    <p class='ocr_par' dir='ltr' id='par_1_20' title="bbox 2118 889 3700 963">
     <span class='ocr_line' id='line_1_20' title="bbox 2118 889 3700 963; baseline 0.001 -19"><span class='ocrx_word' id='word_1_138' title='bbox 2118 909 2220 961; x_wconf 88' lang='grc' dir='ltr'><strong>μου</strong></span> <span class='ocrx_word' id='word_1_139' title='bbox 2249 892 2384 963; x_wconf 78' lang='grc' dir='ltr'>πρός</span> <span class='ocrx_word' id='word_1_140' title='bbox 2404 909 2471 962; x_wconf 87' lang='grc' dir='ltr'><strong>με</strong></span> <span class='ocrx_word' id='word_1_141' title='bbox 2499 908 2513 957; x_wconf 95' lang='lat'><strong>;</strong></span> <span class='ocrx_word' id='word_1_142' title='bbox 2547 912 2565 945; x_wconf 81' lang='grc' dir='ltr'><strong>ι</strong></span> <span class='ocrx_word' id='word_1_143' title='bbox 2616 891 2867 945; x_wconf 75' lang='grc' dir='ltr'><strong>Ἰωάννου</strong></span> <span class='ocrx_word' id='word_1_144' title='bbox 2918 889 3027 959; x_wconf 79' lang='grc' dir='ltr'><strong>γὰρ</strong></span> <span class='ocrx_word' id='word_1_145' title='bbox 3075 890 3216 959; x_wconf 87' lang='grc' dir='ltr'>τάχα</span> <span class='ocrx_word' id='word_1_146' title='bbox 3251 889 3412 943; x_wconf 87' lang='grc' dir='ltr'>τοῦτο</span> <span class='ocrx_word' id='word_1_147' title='bbox 3440 891 3700 961; x_wconf 80' lang='grc' dir='ltr'><strong>τυγχάνει</strong></span> 
     </span>
    </p>
   </div>
   <div class='ocr_carea' id='block_1_21' title="bbox 2114 980 3699 1053">
    <p class='ocr_par' dir='ltr' id='par_1_21' title="bbox 2114 980 3699 1053">
     <span class='ocr_line' id='line_1_21' title="bbox 2114 980 3699 1053; baseline 0 -18"><span class='ocrx_word' id='word_1_148' title='bbox 2114 982 2176 1035; x_wconf 80' lang='grc' dir='ltr'>τὸ</span> <span class='ocrx_word' id='word_1_149' title='bbox 2212 983 2499 1053; x_wconf 87' lang='grc' dir='ltr'>κήρυγμα,</span> <span class='ocrx_word' id='word_1_150' title='bbox 2534 982 2629 1035; x_wconf 76' lang='grc' dir='ltr'><strong>καὶ</strong></span> <span class='ocrx_word' id='word_1_151' title='bbox 2661 984 2710 1035; x_wconf 84' lang='grc' dir='ltr'><strong>εί</strong></span> <span class='ocrx_word' id='word_1_152' title='bbox 2742 981 2803 1033; x_wconf 72' lang='grc' dir='ltr'>τὸ</span> <span class='ocrx_word' id='word_1_153' title='bbox 2840 980 2941 1048; x_wconf 81' lang='grc' dir='ltr'>τῆς</span> <span class='ocrx_word' id='word_1_154' title='bbox 2987 980 3268 1033; x_wconf 73' lang='grc' dir='ltr'>Ἐλισάδετ</span> <span class='ocrx_word' id='word_1_155' title='bbox 3306 981 3699 1052; x_wconf 79' lang='grc' dir='ltr'>διεκεκὴρυκτο</span> 
     </span>
    </p>
   </div>
   <div class='ocr_carea' id='block_1_22' title="bbox 2118 1066 3702 1144">
    <p class='ocr_par' dir='ltr' id='par_1_22' title="bbox 2118 1066 3702 1144">
     <span class='ocr_line' id='line_1_22' title="bbox 2118 1066 3702 1144; baseline 0.001 -18"><span class='ocrx_word' id='word_1_156' title='bbox 2118 1066 2350 1144; x_wconf 83' lang='grc' dir='ltr'>στόματι</span> <span class='ocrx_word' id='word_1_157' title='bbox 2376 1090 2389 1103; x_wconf 88' lang='grc'><strong>·</strong></span> <span class='ocrx_word' id='word_1_158' title='bbox 2425 1073 2613 1142; x_wconf 68' lang='grc' dir='ltr'>ἐπειδὴ</span> <span class='ocrx_word' id='word_1_159' title='bbox 2642 1073 2737 1126; x_wconf 76' lang='grc' dir='ltr'>καὶ</span> <span class='ocrx_word' id='word_1_160' title='bbox 2765 1072 2864 1141; x_wconf 75' lang='grc' dir='ltr'>τὴν</span> <span class='ocrx_word' id='word_1_161' title='bbox 2894 1071 3132 1141; x_wconf 87' lang='grc' dir='ltr'>συγγενῆ</span> <span class='ocrx_word' id='word_1_162' title='bbox 3181 1070 3363 1143; x_wconf 68' lang='grc' dir='ltr'>φωνὴν</span> <span class='ocrx_word' id='word_1_163' title='bbox 3393 1073 3487 1124; x_wconf 67' lang='grc' dir='ltr'><strong>καὶ</strong></span> <span class='ocrx_word' id='word_1_164' title='bbox 3511 1073 3702 1127; x_wconf 81' lang='grc' dir='ltr'>ταυτὸ-</span> 
     </span>
    </p>
   </div>
   <div class='ocr_carea' id='block_1_23' title="bbox 2114 1161 3701 1236">
    <p class='ocr_par' dir='ltr' id='par_1_23' title="bbox 2114 1161 3701 1236">
     <span class='ocr_line' id='line_1_23' title="bbox 2114 1161 3701 1236; baseline 0 -20"><span class='ocrx_word' id='word_1_165' title='bbox 2114 1165 2303 1218; x_wconf 90' lang='grc' dir='ltr'>λεκτον</span> <span class='ocrx_word' id='word_1_166' title='bbox 2332 1165 2466 1236; x_wconf 81' lang='grc' dir='ltr'>πρὸς</span> <span class='ocrx_word' id='word_1_167' title='bbox 2496 1165 2587 1218; x_wconf 84' lang='grc' dir='ltr'>τὸν</span> <span class='ocrx_word' id='word_1_168' title='bbox 2630 1164 2857 1234; x_wconf 78' lang='grc' dir='ltr'>Σωτῆρα</span> <span class='ocrx_word' id='word_1_169' title='bbox 2904 1161 3141 1231; x_wconf 70' lang='grc' dir='ltr'>Χριστὸν</span> <span class='ocrx_word' id='word_1_170' title='bbox 3182 1163 3579 1232; x_wconf 82' lang='grc' dir='ltr'>άνακέκραγεν,</span> <span class='ocrx_word' id='word_1_171' title='bbox 3609 1165 3701 1217; x_wconf 81' lang='grc' dir='ltr'>ὅτε</span> 
     </span>
    </p>
   </div>
   <div class='ocr_carea' id='block_1_24' title="bbox 2115 1255 3699 1329">
    <p class='ocr_par' dir='ltr' id='par_1_24' title="bbox 2115 1255 3699 1329">
     <span class='ocr_line' id='line_1_24' title="bbox 2115 1255 3699 1329; baseline -0.001 -19"><span class='ocrx_word' id='word_1_172' title='bbox 2115 1257 2279 1311; x_wconf 80' lang='grc' dir='ltr'>πάλιν</span> <span class='ocrx_word' id='word_1_173' title='bbox 2311 1259 2448 1327; x_wconf 71' lang='grc' dir='ltr'>πρὸς</span> <span class='ocrx_word' id='word_1_174' title='bbox 2479 1257 2642 1311; x_wconf 69' lang='grc' dir='ltr'>αὐτὸν</span> <span class='ocrx_word' id='word_1_175' title='bbox 2688 1257 2746 1308; x_wconf 73' lang='grc' dir='ltr'><strong>έν</strong></span> <span class='ocrx_word' id='word_1_176' title='bbox 2771 1255 2847 1326; x_wconf 81' lang='grc' dir='ltr'>τῷ</span> <span class='ocrx_word' id='word_1_177' title='bbox 2890 1256 3131 1329; x_wconf 73' lang='grc' dir='ltr'>Ἰορδάνῃ</span> <span class='ocrx_word' id='word_1_178' title='bbox 3185 1255 3278 1309; x_wconf 81' lang='grc' dir='ltr'>τὸν</span> <span class='ocrx_word' id='word_1_179' title='bbox 3308 1256 3464 1326; x_wconf 82' lang='grc' dir='ltr'>δχλον</span> <span class='ocrx_word' id='word_1_180' title='bbox 3501 1256 3699 1326; x_wconf 79' lang='grc' dir='ltr'>βαπτί-</span> 
     </span>
    </p>
   </div>
   <div class='ocr_carea' id='block_1_25' title="bbox 2116 1347 3696 1419">
    <p class='ocr_par' dir='ltr' id='par_1_25' title="bbox 2116 1347 3696 1419">
     <span class='ocr_line' id='line_1_25' title="bbox 2116 1347 3696 1419; baseline 0.001 -18"><span class='ocrx_word' id='word_1_181' title='bbox 2116 1347 2301 1413; x_wconf 83' lang='grc' dir='ltr'>ζοντα,</span> <span class='ocrx_word' id='word_1_182' title='bbox 2324 1348 2416 1402; x_wconf 81' lang='grc' dir='ltr'>ὑττ’</span> <span class='ocrx_word' id='word_1_183' title='bbox 2447 1349 2611 1402; x_wconf 75' lang='grc' dir='ltr'>αὑτοῦ</span> <span class='ocrx_word' id='word_1_184' title='bbox 2633 1348 2997 1419; x_wconf 78' lang='grc' dir='ltr'><strong>βαπτισθῆναι</strong></span> <span class='ocrx_word' id='word_1_185' title='bbox 3021 1348 3117 1401; x_wconf 66' lang='grc' dir='ltr'>καὶ</span> <span class='ocrx_word' id='word_1_186' title='bbox 3146 1348 3308 1412; x_wconf 78' lang='grc' dir='ltr'>αὐτὸς</span> <span class='ocrx_word' id='word_1_187' title='bbox 3330 1351 3696 1419; x_wconf 81' lang='grc' dir='ltr'>παραγέγονε·</span> 
     </span>
    </p>
   </div>
   <div class='ocr_carea' id='block_1_26' title="bbox 426 1441 3703 1521">
    <p class='ocr_par' dir='ltr' id='par_1_26' title="bbox 426 1441 3703 1521">
     <span class='ocr_line' id='line_1_26' title="bbox 426 1441 3703 1521; baseline -0.002 -20"><span class='ocrx_word' id='word_1_188' title='bbox 426 1448 691 1521; x_wconf 79' lang='grc' dir='ltr'>ἀνεϐόησε</span> <span class='ocrx_word' id='word_1_189' title='bbox 720 1448 831 1520; x_wconf 80' lang='grc' dir='ltr'>γὰρ</span> <span class='ocrx_word' id='word_1_190' title='bbox 860 1449 951 1502; x_wconf 68' lang='grc' dir='ltr'>καὶ</span> <span class='ocrx_word' id='word_1_191' title='bbox 985 1448 1104 1502; x_wconf 88' lang='grc' dir='ltr'>τότε</span> <span class='ocrx_word' id='word_1_192' title='bbox 1133 1447 1209 1511; x_wconf 81' lang='grc' dir='ltr'><strong>ὡς</strong></span> <span class='ocrx_word' id='word_1_193' title='bbox 1231 1446 1339 1499; x_wconf 83' lang='grc' dir='ltr'>ῐδεν</span> <span class='ocrx_word' id='word_1_194' title='bbox 1361 1446 1522 1501; x_wconf 75' lang='grc' dir='ltr'>αὐτὸν</span> <span class='ocrx_word' id='word_1_195' title='bbox 1546 1443 2007 1515; x_wconf 72' lang='grc' dir='ltr'>προσεγγίζονταο</span> <span class='ocrx_word' id='word_1_196' title='bbox 2050 1460 2069 1495; x_wconf 85' lang='grc' dir='ltr'>ι</span> <span class='ocrx_word' id='word_1_197' title='bbox 2104 1442 2249 1511; x_wconf 85' lang='grc' dir='ltr'>Ἐγὼ</span> <span class='ocrx_word' id='word_1_198' title='bbox 2276 1443 2467 1514; x_wconf 90' lang='grc' dir='ltr'>χρείαν</span> <span class='ocrx_word' id='word_1_199' title='bbox 2494 1443 2603 1514; x_wconf 80' lang='grc' dir='ltr'>ἔχω</span> <span class='ocrx_word' id='word_1_200' title='bbox 2631 1441 2725 1495; x_wconf 86' lang='grc' dir='ltr'><strong>σοῦ</strong></span> <span class='ocrx_word' id='word_1_201' title='bbox 2757 1441 3141 1513; x_wconf 78' lang='grc' dir='ltr'><strong>βαπτισθῆναι,</strong></span> <span class='ocrx_word' id='word_1_202' title='bbox 3171 1443 3264 1494; x_wconf 78' lang='grc' dir='ltr'>καὶ</span> <span class='ocrx_word' id='word_1_203' title='bbox 3291 1442 3357 1495; x_wconf 77' lang='grc' dir='ltr'>σὺ</span> <span class='ocrx_word' id='word_1_204' title='bbox 3388 1442 3521 1513; x_wconf 77' lang='grc' dir='ltr'>ἔρχῃ</span> <span class='ocrx_word' id='word_1_205' title='bbox 3562 1442 3703 1515; x_wconf 76' lang='grc' dir='ltr'>πρός</span> 
     </span>
    </p>
   </div>
   <div class='ocr_carea' id='block_1_27' title="bbox 430 1532 3697 1615">
    <p class='ocr_par' dir='ltr' id='par_1_27' title="bbox 430 1532 3697 1615">
     <span class='ocr_line' id='line_1_27' title="bbox 430 1532 3697 1615; baseline -0.002 -18"><span class='ocrx_word' id='word_1_206' title='bbox 430 1545 527 1613; x_wconf 74' lang='grc' dir='ltr'><strong>μεέ</strong></span> <span class='ocrx_word' id='word_1_207' title='bbox 582 1564 600 1596; x_wconf 79' lang='grc' dir='ltr'><strong>ι</strong></span> <span class='ocrx_word' id='word_1_208' title='bbox 644 1542 954 1615; x_wconf 78' lang='grc' dir='ltr'>ὲγνώρισας</span> <span class='ocrx_word' id='word_1_209' title='bbox 983 1543 1084 1613; x_wconf 73' lang='grc' dir='ltr'>τῆς</span> <span class='ocrx_word' id='word_1_210' title='bbox 1109 1543 1293 1612; x_wconf 74' lang='grc' dir='ltr'>φωνῆς</span> <span class='ocrx_word' id='word_1_211' title='bbox 1319 1541 1412 1611; x_wconf 73' lang='grc' dir='ltr'>τὴν</span> <span class='ocrx_word' id='word_1_212' title='bbox 1432 1540 1753 1609; x_wconf 80' lang='grc' dir='ltr'>συγγένειαν</span> <span class='ocrx_word' id='word_1_213' title='bbox 1778 1557 1792 1606; x_wconf 87' lang='grc'>;</span> <span class='ocrx_word' id='word_1_214' title='bbox 1822 1538 2090 1611; x_wconf 83' lang='grc' dir='ltr'>γνώρισον</span> <span class='ocrx_word' id='word_1_215' title='bbox 2123 1537 2316 1591; x_wconf 87' lang='grc' dir='ltr'>τοῦτον</span> <span class='ocrx_word' id='word_1_216' title='bbox 2350 1532 2488 1591; x_wconf 74' lang='grc' dir='ltr'>εἶναι</span> <span class='ocrx_word' id='word_1_217' title='bbox 2527 1537 2618 1591; x_wconf 74' lang='grc' dir='ltr'>τὸν</span> <span class='ocrx_word' id='word_1_218' title='bbox 2646 1536 2909 1607; x_wconf 81' lang='grc' dir='ltr'>κάκείνην</span> <span class='ocrx_word' id='word_1_219' title='bbox 2941 1534 3031 1591; x_wconf 79' lang='grc' dir='ltr'>καὶ</span> <span class='ocrx_word' id='word_1_220' title='bbox 3054 1534 3256 1607; x_wconf 87' lang='grc' dir='ltr'>ταύτην</span> <span class='ocrx_word' id='word_1_221' title='bbox 3288 1533 3663 1605; x_wconf 77' lang='grc' dir='ltr'>φθεγξάμενον</span> <span class='ocrx_word' id='word_1_222' title='bbox 3684 1549 3697 1565; x_wconf 76' lang='grc'><strong><em>⁸</em></strong></span> 
     </span>
    </p>
   </div>
   <div class='ocr_carea' id='block_1_28' title="bbox 428 1630 2763 1708">
    <p class='ocr_par' dir='ltr' id='par_1_28' title="bbox 428 1630 2763 1708">
     <span class='ocr_line' id='line_1_28' title="bbox 428 1630 2763 1708; baseline -0.004 -17"><span class='ocrx_word' id='word_1_223' title='bbox 428 1638 522 1691; x_wconf 79' lang='grc' dir='ltr'>καὶ</span> <span class='ocrx_word' id='word_1_224' title='bbox 552 1637 653 1707; x_wconf 74' lang='grc' dir='ltr'>τὴν</span> <span class='ocrx_word' id='word_1_225' title='bbox 688 1637 785 1708; x_wconf 80' lang='grc' dir='ltr'>μὲν</span> <span class='ocrx_word' id='word_1_226' title='bbox 834 1635 903 1690; x_wconf 77' lang='grc' dir='ltr'>δι’</span> <span class='ocrx_word' id='word_1_227' title='bbox 926 1635 1143 1699; x_wconf 74' lang='grc' dir='ltr'>ἑαυτοῦ,</span> <span class='ocrx_word' id='word_1_228' title='bbox 1196 1634 1296 1706; x_wconf 80' lang='grc' dir='ltr'>τὴν</span> <span class='ocrx_word' id='word_1_229' title='bbox 1324 1634 1381 1688; x_wconf 79' lang='grc' dir='ltr'>δὲ</span> <span class='ocrx_word' id='word_1_230' title='bbox 1404 1634 1492 1688; x_wconf 75' lang='grc' dir='ltr'><strong>διὰ</strong></span> <span class='ocrx_word' id='word_1_231' title='bbox 1528 1632 1624 1688; x_wconf 91' lang='grc' dir='ltr'><strong>τοῦ</strong></span> <span class='ocrx_word' id='word_1_232' title='bbox 1657 1632 1751 1703; x_wconf 83' lang='grc' dir='ltr'>τῆς</span> <span class='ocrx_word' id='word_1_233' title='bbox 1794 1633 2006 1702; x_wconf 70' lang='grc' dir='ltr'>μητρὸς</span> <span class='ocrx_word' id='word_1_234' title='bbox 2058 1630 2431 1701; x_wconf 63' lang='grc' dir='ltr'>ἀνεφθέγξατο</span> <span class='ocrx_word' id='word_1_235' title='bbox 2469 1630 2763 1702; x_wconf 84' lang='grc' dir='ltr'>στόματος.</span> 
     </span>
    </p>
   </div>
   <div class='ocr_carea' id='block_1_29' title="bbox 499 1720 1998 1798">
    <p class='ocr_par' dir='ltr' id='par_1_29' title="bbox 499 1726 1998 1795">
     <span class='ocr_line' id='line_1_29' title="bbox 499 1726 1998 1795; baseline -0.004 -12"><span class='ocrx_word' id='word_1_236' title='bbox 499 1730 587 1785; x_wconf 71' lang='lat' dir='ltr'><strong>l4.</strong></span> <span class='ocrx_word' id='word_1_237' title='bbox 632 1729 771 1784; x_wconf 86' lang='lat' dir='ltr'><strong>Puto</strong></span> <span class='ocrx_word' id='word_1_238' title='bbox 821 1728 1089 1784; x_wconf 80' lang='lat' dir='ltr'><strong>fervidum</strong></span> <span class='ocrx_word' id='word_1_239' title='bbox 1144 1727 1305 1781; x_wconf 86' lang='lat' dir='ltr'><strong>istum</strong></span> <span class='ocrx_word' id='word_1_240' title='bbox 1356 1726 1559 1782; x_wconf 80' lang='lat' dir='ltr'><strong>Christi</strong></span> <span class='ocrx_word' id='word_1_241' title='bbox 1604 1740 1908 1795; x_wconf 79' lang='lat' dir='ltr'><strong>pl&#39;:l’cmtell|</strong></span> <span class='ocrx_word' id='word_1_242' title='bbox 1954 1738 1998 1777; x_wconf 78' lang='lat' dir='ltr'><strong>st</strong></span> 
     </span>
    </p>
   </div>
   <div class='ocr_carea' id='block_1_30' title="bbox 2105 1720 3700 1798">
    <p class='ocr_par' dir='ltr' id='par_1_30' title="bbox 2188 1720 3700 1798">
     <span class='ocr_line' id='line_1_30' title="bbox 2188 1720 3700 1798; baseline 0.002 -21"><span class='ocrx_word' id='word_1_243' title='bbox 2188 1725 2269 1778; x_wconf 88' lang='grc' dir='ltr'>ιδ’.</span> <span class='ocrx_word' id='word_1_244' title='bbox 2308 1720 2475 1796; x_wconf 80' lang='grc' dir='ltr'>Οἶμαι</span> <span class='ocrx_word' id='word_1_245' title='bbox 2504 1725 2560 1779; x_wconf 77' lang='grc' dir='ltr'>δὲ</span> <span class='ocrx_word' id='word_1_246' title='bbox 2590 1724 2682 1779; x_wconf 78' lang='grc' dir='ltr'><strong>τὸν</strong></span> <span class='ocrx_word' id='word_1_247' title='bbox 2711 1722 2884 1788; x_wconf 76' lang='grc' dir='ltr'>οὕτως</span> <span class='ocrx_word' id='word_1_248' title='bbox 2916 1722 3120 1796; x_wconf 71' lang='grc' dir='ltr'>θερμὸν</span> <span class='ocrx_word' id='word_1_249' title='bbox 3162 1724 3299 1796; x_wconf 83' lang='grc' dir='ltr'>πρὸς</span> <span class='ocrx_word' id='word_1_250' title='bbox 3325 1724 3387 1779; x_wconf 64' lang='grc' dir='ltr'>τὴ</span> <span class='ocrx_word' id='word_1_251' title='bbox 3432 1726 3700 1798; x_wconf 78' lang='grc' dir='ltr'>κήρυγμα</span> 
     </span>
    </p>
   </div>
   <div class='ocr_carea' id='block_1_31' title="bbox 429 1813 2005 1888">
    <p class='ocr_par' dir='ltr' id='par_1_31' title="bbox 429 1813 2005 1888">
     <span class='ocr_line' id='line_1_31' title="bbox 429 1813 2005 1888; baseline -0.005 -13"><span class='ocrx_word' id='word_1_252' title='bbox 429 1835 534 1875; x_wconf 88' lang='lat' dir='ltr'><strong>non</strong></span> <span class='ocrx_word' id='word_1_253' title='bbox 571 1819 799 1888; x_wconf 87' lang='lat' dir='ltr'><strong>pacilice</strong></span> <span class='ocrx_word' id='word_1_254' title='bbox 836 1819 1093 1874; x_wconf 82' lang='lat' dir='ltr'><strong>habuisse</strong></span> <span class='ocrx_word' id='word_1_255' title='bbox 1144 1817 1209 1872; x_wconf 86' lang='lat' dir='ltr'><strong>ad</strong></span> <span class='ocrx_word' id='word_1_256' title='bbox 1264 1824 1489 1871; x_wconf 79' lang='lat' dir='ltr'><strong>matrem</strong></span> <span class='ocrx_word' id='word_1_257' title='bbox 1523 1830 1644 1885; x_wconf 81' lang='lat' dir='ltr'><strong>qua:</strong></span> <span class='ocrx_word' id='word_1_258' title='bbox 1691 1814 1839 1868; x_wconf 87' lang='lat' dir='ltr'><strong>illttttt</strong></span> <span class='ocrx_word' id='word_1_259' title='bbox 1889 1813 2005 1867; x_wconf 86' lang='lat' dir='ltr'><strong>suis</strong></span> 
     </span>
    </p>
   </div>
   <div class='ocr_carea' id='block_1_32' title="bbox 429 1905 2001 1979">
    <p class='ocr_par' dir='ltr' id='par_1_32' title="bbox 429 1905 2001 1979">
     <span class='ocr_line' id='line_1_32' title="bbox 429 1905 2001 1979; baseline -0.002 -17"><span class='ocrx_word' id='word_1_260' title='bbox 429 1913 675 1979; x_wconf 73' lang='lat' dir='ltr'><strong>gestabat</strong></span> <span class='ocrx_word' id='word_1_261' title='bbox 748 1908 1052 1964; x_wconf 81' lang='lat' dir='ltr'><strong>visceribus</strong></span> <span class='ocrx_word' id='word_1_262' title='bbox 1113 1917 1166 1962; x_wconf 89' lang='lat' dir='ltr'><strong>et</strong></span> <span class='ocrx_word' id='word_1_263' title='bbox 1228 1907 1297 1962; x_wconf 88' lang='lat' dir='ltr'><strong>ab</strong></span> <span class='ocrx_word' id='word_1_264' title='bbox 1364 1922 1583 1977; x_wconf 78' lang='lat' dir='ltr'><strong>egressu</strong></span> <span class='ocrx_word' id='word_1_265' title='bbox 1657 1905 2001 1975; x_wconf 79' lang='lat' dir='ltr'><strong>impediebat.</strong></span> 
     </span>
    </p>
   </div>
   <div class='ocr_carea' id='block_1_33' title="bbox 428 1994 2003 2067">
    <p class='ocr_par' dir='ltr' id='par_1_33' title="bbox 428 1994 2003 2067">
     <span class='ocr_line' id='line_1_33' title="bbox 428 1994 2003 2067; baseline -0.006 -11"><span class='ocrx_word' id='word_1_266' title='bbox 428 2001 617 2057; x_wconf 74' lang='lat' dir='ltr'><strong>Nonne</strong></span> <span class='ocrx_word' id='word_1_267' title='bbox 666 2001 973 2056; x_wconf 83' lang='lat' dir='ltr'><strong>mittentem</strong></span> <span class='ocrx_word' id='word_1_268' title='bbox 1023 2001 1189 2054; x_wconf 89' lang='lat' dir='ltr'><strong>Deum</strong></span> <span class='ocrx_word' id='word_1_269' title='bbox 1233 1998 1314 2054; x_wconf 89' lang='lat' dir='ltr'><strong>sic</strong></span> <span class='ocrx_word' id='word_1_270' title='bbox 1347 1997 1640 2067; x_wconf 86' lang='lat' dir='ltr'><strong>alloquitur</strong></span> <span class='ocrx_word' id='word_1_271' title='bbox 1683 2015 1697 2051; x_wconf 88' lang='lat'><strong>:</strong></span> <span class='ocrx_word' id='word_1_272' title='bbox 1744 1994 2003 2058; x_wconf 87' lang='lat' dir='ltr'><strong>Domine,</strong></span> 
     </span>
    </p>
   </div>
   <div class='ocr_carea' id='block_1_34' title="bbox 428 2088 2007 2156">
    <p class='ocr_par' dir='ltr' id='par_1_34' title="bbox 428 2088 2007 2156">
     <span class='ocr_line' id='line_1_34' title="bbox 428 2088 2007 2156; baseline -0.006 -9"><span class='ocrx_word' id='word_1_273' title='bbox 428 2093 495 2147; x_wconf 90' lang='lat' dir='ltr'><strong>ad</strong></span> <span class='ocrx_word' id='word_1_274' title='bbox 539 2091 868 2148; x_wconf 79' lang='lat' dir='ltr'><strong>ineﬂ&#39;abilem</strong></span> <span class='ocrx_word' id='word_1_275' title='bbox 905 2091 1195 2146; x_wconf 83' lang='lat' dir='ltr'><strong>adventum</strong></span> <span class='ocrx_word' id='word_1_276' title='bbox 1236 2101 1383 2143; x_wconf 85' lang='lat' dir='ltr'><strong>tttttnt</strong></span> <span class='ocrx_word' id='word_1_277' title='bbox 1421 2089 1475 2143; x_wconf 91' lang='lat' dir='ltr'><strong>in</strong></span> <span class='ocrx_word' id='word_1_278' title='bbox 1525 2098 1669 2144; x_wconf 87' lang='lat' dir='ltr'><strong>terra</strong></span> <span class='ocrx_word' id='word_1_279' title='bbox 1705 2088 2007 2156; x_wconf 68' lang='lat' dir='ltr'><strong>praedican-</strong></span> 
     </span>
    </p>
   </div>
   <div class='ocr_carea' id='block_1_35' title="bbox 428 2178 2008 2251">
    <p class='ocr_par' dir='ltr' id='par_1_35' title="bbox 428 2178 2008 2251">
     <span class='ocr_line' id='line_1_35' title="bbox 428 2178 2008 2251; baseline -0.004 -14"><span class='ocrx_word' id='word_1_280' title='bbox 428 2184 554 2238; x_wconf 87' lang='lat' dir='ltr'><strong>dunt</strong></span> <span class='ocrx_word' id='word_1_281' title='bbox 589 2183 782 2239; x_wconf 84' lang='lat' dir='ltr'><strong>miststi</strong></span> <span class='ocrx_word' id='word_1_282' title='bbox 816 2198 923 2250; x_wconf 84' lang='lat' dir='ltr'><strong>me,</strong></span> <span class='ocrx_word' id='word_1_283' title='bbox 956 2191 1010 2237; x_wconf 89' lang='lat' dir='ltr'><strong>et</strong></span> <span class='ocrx_word' id='word_1_284' title='bbox 1045 2192 1221 2236; x_wconf 89' lang='lat' dir='ltr'><strong>mater</strong></span> <span class='ocrx_word' id='word_1_285' title='bbox 1243 2181 1520 2251; x_wconf 84' lang='lat' dir='ltr'><strong>alligatum</strong></span> <span class='ocrx_word' id='word_1_286' title='bbox 1553 2180 1796 2244; x_wconf 87' lang='lat' dir='ltr'><strong>detinet;</strong></span> <span class='ocrx_word' id='word_1_287' title='bbox 1827 2178 2008 2231; x_wconf 88' lang='lat' dir='ltr'><strong>tttcla-</strong></span> 
     </span>
    </p>
   </div>
   <div class='ocr_carea' id='block_1_36' title="bbox 428 2272 2008 2344">
    <p class='ocr_par' dir='ltr' id='par_1_36' title="bbox 428 2272 2008 2344">
     <span class='ocr_line' id='line_1_36' title="bbox 428 2272 2008 2344; baseline -0.005 -14"><span class='ocrx_word' id='word_1_288' title='bbox 428 2276 779 2344; x_wconf 87' lang='lat' dir='ltr'><strong>marejubes,</strong></span> <span class='ocrx_word' id='word_1_289' title='bbox 814 2274 903 2329; x_wconf 90' lang='lat' dir='ltr'><strong>illa</strong></span> <span class='ocrx_word' id='word_1_290' title='bbox 955 2282 1134 2328; x_wconf 90' lang='lat' dir='ltr'><strong>autem</strong></span> <span class='ocrx_word' id='word_1_291' title='bbox 1177 2273 1415 2344; x_wconf 79' lang='lat' dir='ltr'><strong>linguam</strong></span> <span class='ocrx_word' id='word_1_292' title='bbox 1453 2272 1733 2341; x_wconf 84' lang='lat' dir='ltr'><strong>implicat;</strong></span> <span class='ocrx_word' id='word_1_293' title='bbox 1759 2272 1825 2324; x_wconf 86' lang='lat' dir='ltr'><strong>ad</strong></span> <span class='ocrx_word' id='word_1_294' title='bbox 1870 2284 2008 2339; x_wconf 72' lang='lat' dir='ltr'><strong>prm-</strong></span> 
     </span>
    </p>
   </div>
   <div class='ocr_carea' id='block_1_37' title="bbox 426 2362 2010 2434">
    <p class='ocr_par' dir='ltr' id='par_1_37' title="bbox 426 2362 2010 2434">
     <span class='ocr_line' id='line_1_37' title="bbox 426 2362 2010 2434; baseline -0.003 -15"><span class='ocrx_word' id='word_1_295' title='bbox 426 2369 751 2422; x_wconf 87' lang='lat' dir='ltr'><strong>rurrcntlutn</strong></span> <span class='ocrx_word' id='word_1_296' title='bbox 804 2381 889 2419; x_wconf 88' lang='lat' dir='ltr'><strong>tne</strong></span> <span class='ocrx_word' id='word_1_297' title='bbox 936 2365 1199 2434; x_wconf 78' lang='lat' dir='ltr'><strong>posuisti,</strong></span> <span class='ocrx_word' id='word_1_298' title='bbox 1234 2365 1325 2418; x_wconf 89' lang='lat' dir='ltr'><strong>illa</strong></span> <span class='ocrx_word' id='word_1_299' title='bbox 1366 2379 1581 2418; x_wconf 87' lang='lat' dir='ltr'><strong>cursum</strong></span> <span class='ocrx_word' id='word_1_300' title='bbox 1622 2362 1888 2418; x_wconf 85' lang='lat' dir='ltr'><strong>includit:</strong></span> <span class='ocrx_word' id='word_1_301' title='bbox 1925 2368 2010 2414; x_wconf 90' lang='lat' dir='ltr'><strong>ast</strong></span> 
     </span>
    </p>
   </div>
   <div class='ocr_carea' id='block_1_38' title="bbox 430 2449 2006 2523">
    <p class='ocr_par' dir='ltr' id='par_1_38' title="bbox 430 2449 2006 2523">
     <span class='ocr_line' id='line_1_38' title="bbox 430 2449 2006 2523; baseline -0.004 -14"><span class='ocrx_word' id='word_1_302' title='bbox 430 2467 637 2509; x_wconf 81' lang='lat' dir='ltr'><strong>naturae</strong></span> <span class='ocrx_word' id='word_1_303' title='bbox 682 2453 997 2509; x_wconf 82' lang='lat' dir='ltr'><strong>Detnittatnr</strong></span> <span class='ocrx_word' id='word_1_304' title='bbox 1028 2468 1110 2515; x_wconf 79' lang='lat' dir='ltr'><strong>es,</strong></span> <span class='ocrx_word' id='word_1_305' title='bbox 1137 2453 1297 2523; x_wconf 86' lang='lat' dir='ltr'><strong>jnbes</strong></span> <span class='ocrx_word' id='word_1_306' title='bbox 1323 2462 1376 2505; x_wconf 89' lang='lat' dir='ltr'><strong>et</strong></span> <span class='ocrx_word' id='word_1_307' title='bbox 1407 2464 1599 2506; x_wconf 86' lang='lat' dir='ltr'><strong>natura</strong></span> <span class='ocrx_word' id='word_1_308' title='bbox 1629 2449 1841 2518; x_wconf 76' lang='lat' dir='ltr'><strong>jussuttt</strong></span> <span class='ocrx_word' id='word_1_309' title='bbox 1880 2465 2006 2519; x_wconf 86' lang='lat' dir='ltr'><strong>per-</strong></span> 
     </span>
    </p>
   </div>
   <div class='ocr_carea' id='block_1_39' title="bbox 432 2544 2004 2615">
    <p class='ocr_par' dir='ltr' id='par_1_39' title="bbox 432 2544 2004 2615">
     <span class='ocr_line' id='line_1_39' title="bbox 432 2544 2004 2615; baseline -0.003 -14"><span class='ocrx_word' id='word_1_310' title='bbox 432 2548 570 2615; x_wconf 83' lang='lat' dir='ltr'><strong>licit;</strong></span> <span class='ocrx_word' id='word_1_311' title='bbox 597 2554 805 2600; x_wconf 87' lang='lat' dir='ltr'><strong>tantum</strong></span> <span class='ocrx_word' id='word_1_312' title='bbox 833 2547 1049 2609; x_wconf 87' lang='lat' dir='ltr'><strong>manda,</strong></span> <span class='ocrx_word' id='word_1_313' title='bbox 1080 2557 1131 2599; x_wconf 89' lang='lat' dir='ltr'><strong>et</strong></span> <span class='ocrx_word' id='word_1_314' title='bbox 1160 2554 1329 2598; x_wconf 89' lang='lat' dir='ltr'><strong>mater</strong></span> <span class='ocrx_word' id='word_1_315' title='bbox 1357 2544 1621 2612; x_wconf 85' lang='lat' dir='ltr'><strong>impedire</strong></span> <span class='ocrx_word' id='word_1_316' title='bbox 1658 2558 1762 2597; x_wconf 80' lang='lat' dir='ltr'><strong>nun</strong></span> <span class='ocrx_word' id='word_1_317' title='bbox 1796 2550 2004 2610; x_wconf 81' lang='lat' dir='ltr'><strong>potest;</strong></span> 
     </span>
    </p>
   </div>
   <div class='ocr_carea' id='block_1_40' title="bbox 431 2633 2008 2706">
    <p class='ocr_par' dir='ltr' id='par_1_40' title="bbox 431 2633 2008 2706">
     <span class='ocr_line' id='line_1_40' title="bbox 431 2633 2008 2706; baseline -0.004 -14"><span class='ocrx_word' id='word_1_318' title='bbox 431 2641 516 2692; x_wconf 87' lang='lat' dir='ltr'><strong>dic</strong></span> <span class='ocrx_word' id='word_1_319' title='bbox 555 2648 781 2703; x_wconf 88' lang='lat' dir='ltr'><strong>tantum,</strong></span> <span class='ocrx_word' id='word_1_320' title='bbox 826 2647 878 2692; x_wconf 89' lang='lat' dir='ltr'><strong>et</strong></span> <span class='ocrx_word' id='word_1_321' title='bbox 917 2638 1099 2692; x_wconf 81' lang='lat' dir='ltr'><strong>statim</strong></span> <span class='ocrx_word' id='word_1_322' title='bbox 1137 2636 1290 2706; x_wconf 73' lang='lat' dir='ltr'><strong>juxta</strong></span> <span class='ocrx_word' id='word_1_323' title='bbox 1337 2635 1539 2689; x_wconf 88' lang='lat' dir='ltr'><strong>dictum</strong></span> <span class='ocrx_word' id='word_1_324' title='bbox 1584 2635 1707 2697; x_wconf 72' lang='lat' dir='ltr'><strong>(iet;</strong></span> <span class='ocrx_word' id='word_1_325' title='bbox 1744 2633 2008 2687; x_wconf 84' lang='lat' dir='ltr'><strong>voluntati</strong></span> 
     </span>
    </p>
   </div>
   <div class='ocr_carea' id='block_1_41' title="bbox 431 2723 2009 2796">
    <p class='ocr_par' dir='ltr' id='par_1_41' title="bbox 431 2723 2009 2796">
     <span class='ocr_line' id='line_1_41' title="bbox 431 2723 2009 2796; baseline -0.004 -15"><span class='ocrx_word' id='word_1_326' title='bbox 431 2740 532 2782; x_wconf 70' lang='lat' dir='ltr'><strong>tua:</strong></span> <span class='ocrx_word' id='word_1_327' title='bbox 565 2742 788 2796; x_wconf 89' lang='lat' dir='ltr'><strong>compar</strong></span> <span class='ocrx_word' id='word_1_328' title='bbox 828 2736 967 2780; x_wconf 86' lang='lat' dir='ltr'><strong>astat</strong></span> <span class='ocrx_word' id='word_1_329' title='bbox 1017 2736 1283 2796; x_wconf 76' lang='lat' dir='ltr'><strong>potestas,</strong></span> <span class='ocrx_word' id='word_1_330' title='bbox 1309 2736 1355 2779; x_wconf 92' lang='lat' dir='ltr'><strong>et</strong></span> <span class='ocrx_word' id='word_1_331' title='bbox 1392 2725 1749 2791; x_wconf 82' lang='lat' dir='ltr'><strong>Omnipotettti</strong></span> <span class='ocrx_word' id='word_1_332' title='bbox 1781 2723 2009 2791; x_wconf 88' lang='lat' dir='ltr'><strong>imperio</strong></span> 
     </span>
    </p>
   </div>
   <div class='ocr_carea' id='block_1_42' title="bbox 427 2814 2008 2882">
    <p class='ocr_par' dir='ltr' id='par_1_42' title="bbox 427 2814 2008 2882">
     <span class='ocr_line' id='line_1_42' title="bbox 427 2814 2008 2882; baseline -0.004 -9"><span class='ocrx_word' id='word_1_333' title='bbox 427 2830 518 2873; x_wconf 91' lang='lat' dir='ltr'><strong>tuo</strong></span> <span class='ocrx_word' id='word_1_334' title='bbox 584 2816 886 2874; x_wconf 87' lang='lat' dir='ltr'><strong>inserviunt</strong></span> <span class='ocrx_word' id='word_1_335' title='bbox 939 2817 1141 2871; x_wconf 86' lang='lat' dir='ltr'><strong>omnia.</strong></span> <span class='ocrx_word' id='word_1_336' title='bbox 1201 2815 1256 2870; x_wconf 88' lang='lat' dir='ltr'><strong>Si</strong></span> <span class='ocrx_word' id='word_1_337' title='bbox 1304 2817 1431 2870; x_wconf 87' lang='lat' dir='ltr'><strong>talia</strong></span> <span class='ocrx_word' id='word_1_338' title='bbox 1485 2814 1832 2882; x_wconf 78' lang='lat' dir='ltr'><strong>exsequenda</strong></span> <span class='ocrx_word' id='word_1_339' title='bbox 1901 2828 2008 2867; x_wconf 91' lang='lat' dir='ltr'><strong>nou</strong></span> 
     </span>
    </p>
   </div>
   <div class='ocr_carea' id='block_1_43' title="bbox 427 2905 2006 2972">
    <p class='ocr_par' dir='ltr' id='par_1_43' title="bbox 427 2905 2006 2972">
     <span class='ocr_line' id='line_1_43' title="bbox 427 2905 2006 2972; baseline -0.003 -11"><span class='ocrx_word' id='word_1_340' title='bbox 427 2910 674 2972; x_wconf 84' lang='lat' dir='ltr'><strong>mandas,</strong></span> <span class='ocrx_word' id='word_1_341' title='bbox 714 2924 777 2962; x_wconf 89' lang='lat' dir='ltr'><strong>ne</strong></span> <span class='ocrx_word' id='word_1_342' title='bbox 800 2922 1017 2962; x_wconf 89' lang='lat' dir='ltr'><strong>cursum</strong></span> <span class='ocrx_word' id='word_1_343' title='bbox 1043 2907 1378 2962; x_wconf 80' lang='lat' dir='ltr'><strong>deiicientem</strong></span> <span class='ocrx_word' id='word_1_344' title='bbox 1405 2907 1535 2959; x_wconf 90' lang='lat' dir='ltr'><strong>tttilti</strong></span> <span class='ocrx_word' id='word_1_345' title='bbox 1564 2905 1779 2959; x_wconf 84' lang='lat' dir='ltr'><strong>crimini</strong></span> <span class='ocrx_word' id='word_1_346' title='bbox 1804 2914 2006 2969; x_wconf 80' lang='lat' dir='ltr'><strong>vertas,</strong></span> 
     </span>
    </p>
   </div>
   <div class='ocr_carea' id='block_1_44' title="bbox 425 2996 2010 3068">
    <p class='ocr_par' dir='ltr' id='par_1_44' title="bbox 425 2996 2010 3068">
     <span class='ocr_line' id='line_1_44' title="bbox 425 2996 2010 3068; baseline -0.004 -14"><span class='ocrx_word' id='word_1_347' title='bbox 425 3015 545 3054; x_wconf 91' lang='lat' dir='ltr'><strong>cum</strong></span> <span class='ocrx_word' id='word_1_348' title='bbox 582 2997 825 3054; x_wconf 75' lang='lat' dir='ltr'><strong>defectus</strong></span> <span class='ocrx_word' id='word_1_349' title='bbox 860 3013 888 3051; x_wconf 86' lang='lat' dir='ltr'><strong>a</strong></span> <span class='ocrx_word' id='word_1_350' title='bbox 917 3000 1033 3068; x_wconf 82' lang='lat' dir='ltr'><strong>lege</strong></span> <span class='ocrx_word' id='word_1_351' title='bbox 1063 3008 1152 3052; x_wconf 86' lang='lat' dir='ltr'><strong>tua</strong></span> <span class='ocrx_word' id='word_1_352' title='bbox 1186 2999 1434 3068; x_wconf 73' lang='lat' dir='ltr'><strong>pendeat.</strong></span> <span class='ocrx_word' id='word_1_353' title='bbox 1467 2996 1586 3066; x_wconf 70' lang='lat' dir='ltr'><strong>Ipse</strong></span> <span class='ocrx_word' id='word_1_354' title='bbox 1613 2996 1872 3049; x_wconf 74' lang='lat' dir='ltr'><strong>terminos</strong></span> <span class='ocrx_word' id='word_1_355' title='bbox 1912 3011 2010 3048; x_wconf 88' lang='lat' dir='ltr'><strong>tta-</strong></span> 
     </span>
    </p>
   </div>
   <div class='ocr_carea' id='block_1_45' title="bbox 2113 1815 3692 1890">
    <p class='ocr_par' dir='ltr' id='par_1_45' title="bbox 2113 1815 3692 1890">
     <span class='ocr_line' id='line_1_45' title="bbox 2113 1815 3692 1890; baseline 0.001 -21"><span class='ocrx_word' id='word_1_356' title='bbox 2113 1815 2351 1887; x_wconf 80' lang='grc' dir='ltr'>Χριστοῦ</span> <span class='ocrx_word' id='word_1_357' title='bbox 2378 1819 2519 1873; x_wconf 79' lang='grc' dir='ltr'>κατὰ</span> <span class='ocrx_word' id='word_1_358' title='bbox 2555 1819 2655 1889; x_wconf 80' lang='grc' dir='ltr'>τῆς</span> <span class='ocrx_word' id='word_1_359' title='bbox 2681 1817 3059 1890; x_wconf 74' lang='grc' dir='ltr'>κυοφορούσης</span> <span class='ocrx_word' id='word_1_360' title='bbox 3080 1818 3291 1887; x_wconf 75' lang='grc' dir='ltr'>καὶτῆς</span> <span class='ocrx_word' id='word_1_361' title='bbox 3320 1819 3547 1889; x_wconf 77' lang='grc' dir='ltr'>πορείας</span> <span class='ocrx_word' id='word_1_362' title='bbox 3579 1821 3692 1890; x_wconf 77' lang='lat' dir='ltr'><strong>etp-</strong></span> 
     </span>
    </p>
   </div>
   <div class='ocr_carea' id='block_1_46' title="bbox 2110 1907 3688 1980">
    <p class='ocr_par' dir='ltr' id='par_1_46' title="bbox 2110 1907 3688 1980">
     <span class='ocr_line' id='line_1_46' title="bbox 2110 1907 3688 1980; baseline 0.004 -21"><span class='ocrx_word' id='word_1_363' title='bbox 2110 1907 2314 1979; x_wconf 78' lang='grc' dir='ltr'>γούσης</span> <span class='ocrx_word' id='word_1_364' title='bbox 2335 1908 2618 1980; x_wconf 82' lang='grc' dir='ltr'>ἀλαλήτως</span> <span class='ocrx_word' id='word_1_365' title='bbox 2648 1910 2997 1979; x_wconf 67' lang='grc' dir='ltr'>ἐντυγχάνειν</span> <span class='ocrx_word' id='word_1_366' title='bbox 3013 1910 3093 1978; x_wconf 82' lang='grc' dir='ltr'>τῷ</span> <span class='ocrx_word' id='word_1_367' title='bbox 3111 1910 3399 1963; x_wconf 69' lang='grc' dir='ltr'>στείλαντιο</span> <span class='ocrx_word' id='word_1_368' title='bbox 3421 1910 3688 1974; x_wconf 82' lang='grc' dir='ltr'>Δέσποτα.</span> 
     </span>
    </p>
   </div>
   <div class='ocr_carea' id='block_1_47' title="bbox 2114 1998 3695 2073">
    <p class='ocr_par' dir='ltr' id='par_1_47' title="bbox 2114 1998 3695 2073">
     <span class='ocr_line' id='line_1_47' title="bbox 2114 1998 3695 2073; baseline 0.003 -22"><span class='ocrx_word' id='word_1_369' title='bbox 2114 1998 2176 2051; x_wconf 76' lang='grc' dir='ltr'><strong>σύ</strong></span> <span class='ocrx_word' id='word_1_370' title='bbox 2205 2017 2270 2070; x_wconf 87' lang='grc' dir='ltr'><strong>με</strong></span> <span class='ocrx_word' id='word_1_371' title='bbox 2299 2000 2590 2069; x_wconf 79' lang='grc' dir='ltr'>κηρύττειν</span> <span class='ocrx_word' id='word_1_372' title='bbox 2609 1998 2932 2064; x_wconf 80' lang='grc' dir='ltr'>ἀπέστειλας</span> <span class='ocrx_word' id='word_1_373' title='bbox 2959 2000 3059 2071; x_wconf 79' lang='grc' dir='ltr'>τὴν</span> <span class='ocrx_word' id='word_1_374' title='bbox 3094 2000 3193 2073; x_wconf 75' lang='grc' dir='ltr'>σὴν</span> <span class='ocrx_word' id='word_1_375' title='bbox 3237 2002 3329 2055; x_wconf 71' lang='grc' dir='ltr'><strong>ἐπὶ</strong></span> <span class='ocrx_word' id='word_1_376' title='bbox 3358 2002 3462 2071; x_wconf 73' lang='grc' dir='ltr'>γῆς</span> <span class='ocrx_word' id='word_1_377' title='bbox 3485 2001 3695 2056; x_wconf 83' lang='grc' dir='ltr'>ἀνεκδι-</span> 
     </span>
    </p>
   </div>
   <div class='ocr_carea' id='block_1_48' title="bbox 2113 2090 3698 2163">
    <p class='ocr_par' dir='ltr' id='par_1_48' title="bbox 2113 2090 3698 2163">
     <span class='ocr_line' id='line_1_48' title="bbox 2113 2090 3698 2163; baseline -0.001 -18"><span class='ocrx_word' id='word_1_378' title='bbox 2113 2090 2314 2160; x_wconf 76' lang='grc' dir='ltr'>ήγητον</span> <span class='ocrx_word' id='word_1_379' title='bbox 2337 2090 2542 2160; x_wconf 80' lang='grc' dir='ltr'>ἄφιξιν,</span> <span class='ocrx_word' id='word_1_380' title='bbox 2575 2091 2671 2145; x_wconf 75' lang='grc' dir='ltr'>καὶ</span> <span class='ocrx_word' id='word_1_381' title='bbox 2712 2093 2739 2162; x_wconf 75' lang='grc' dir='ltr'>ἡ</span> <span class='ocrx_word' id='word_1_382' title='bbox 2771 2093 2956 2163; x_wconf 82' lang='grc' dir='ltr'>μήτηρ</span> <span class='ocrx_word' id='word_1_383' title='bbox 3006 2092 3225 2161; x_wconf 81' lang='grc' dir='ltr'>κατέχει</span> <span class='ocrx_word' id='word_1_384' title='bbox 3272 2091 3556 2161; x_wconf 84' lang='grc' dir='ltr'>πεδήσασα</span> <span class='ocrx_word' id='word_1_385' title='bbox 3581 2108 3596 2122; x_wconf 78' lang='grc' dir='ltr'><strong>ο</strong></span> <span class='ocrx_word' id='word_1_386' title='bbox 3629 2092 3698 2144; x_wconf 71' lang='lat'><strong>6‘:</strong></span> 
     </span>
    </p>
   </div>
   <div class='ocr_carea' id='block_1_49' title="bbox 2113 2179 3691 2254">
    <p class='ocr_par' dir='ltr' id='par_1_49' title="bbox 2113 2179 3691 2254">
     <span class='ocr_line' id='line_1_49' title="bbox 2113 2179 3691 2254; baseline 0.001 -21"><span class='ocrx_word' id='word_1_387' title='bbox 2113 2180 2361 2245; x_wconf 78' lang='grc' dir='ltr'>κελεύεις</span> <span class='ocrx_word' id='word_1_388' title='bbox 2417 2182 2569 2253; x_wconf 78' lang='grc' dir='ltr'>βοᾷν,</span> <span class='ocrx_word' id='word_1_389' title='bbox 2628 2182 2721 2236; x_wconf 70' lang='grc' dir='ltr'><strong>καί</strong></span> <span class='ocrx_word' id='word_1_390' title='bbox 2770 2179 2910 2254; x_wconf 82' lang='grc' dir='ltr'>αῦτη</span> <span class='ocrx_word' id='word_1_391' title='bbox 2942 2182 3041 2254; x_wconf 79' lang='grc' dir='ltr'>τὴν</span> <span class='ocrx_word' id='word_1_392' title='bbox 3069 2181 3322 2250; x_wconf 84' lang='grc' dir='ltr'>γλῶτταν</span> <span class='ocrx_word' id='word_1_393' title='bbox 3356 2181 3649 2251; x_wconf 82' lang='grc' dir='ltr'>συνέδησεν</span> <span class='ocrx_word' id='word_1_394' title='bbox 3677 2199 3691 2213; x_wconf 79' lang='grc'><em>’</em></span> 
     </span>
    </p>
   </div>
   <div class='ocr_carea' id='block_1_50' title="bbox 2116 2270 3697 2346">
    <p class='ocr_par' dir='ltr' id='par_1_50' title="bbox 2116 2270 3697 2346">
     <span class='ocr_line' id='line_1_50' title="bbox 2116 2270 3697 2346; baseline 0.003 -24"><span class='ocrx_word' id='word_1_395' title='bbox 2116 2270 2180 2323; x_wconf 91' lang='grc' dir='ltr'><strong>σύ</strong></span> <span class='ocrx_word' id='word_1_396' title='bbox 2202 2288 2268 2340; x_wconf 89' lang='grc' dir='ltr'><strong>με</strong></span> <span class='ocrx_word' id='word_1_397' title='bbox 2305 2275 2627 2344; x_wconf 82' lang='grc' dir='ltr'>προτρέχειν</span> <span class='ocrx_word' id='word_1_398' title='bbox 2684 2276 3000 2344; x_wconf 80' lang='grc' dir='ltr'>πέπομφας,</span> <span class='ocrx_word' id='word_1_399' title='bbox 3038 2274 3133 2327; x_wconf 73' lang='grc' dir='ltr'>καὶ</span> <span class='ocrx_word' id='word_1_400' title='bbox 3162 2273 3302 2346; x_wconf 85' lang='grc' dir='ltr'>αῦτη</span> <span class='ocrx_word' id='word_1_401' title='bbox 3336 2291 3427 2344; x_wconf 85' lang='grc' dir='ltr'><strong>μοι</strong></span> <span class='ocrx_word' id='word_1_402' title='bbox 3450 2274 3541 2327; x_wconf 74' lang='grc' dir='ltr'>τὸν</span> <span class='ocrx_word' id='word_1_403' title='bbox 3570 2273 3697 2345; x_wconf 76' lang='grc' dir='ltr'>δρό-</span> 
     </span>
    </p>
   </div>
   <div class='ocr_carea' id='block_1_51' title="bbox 2118 2362 3689 2437">
    <p class='ocr_par' dir='ltr' id='par_1_51' title="bbox 2118 2362 3689 2437">
     <span class='ocr_line' id='line_1_51' title="bbox 2118 2362 3689 2437; baseline 0.004 -23"><span class='ocrx_word' id='word_1_404' title='bbox 2118 2378 2219 2432; x_wconf 88' lang='grc' dir='ltr'><strong>μον</strong></span> <span class='ocrx_word' id='word_1_405' title='bbox 2251 2362 2564 2416; x_wconf 81' lang='grc' dir='ltr'>συνέκλεισε</span> <span class='ocrx_word' id='word_1_406' title='bbox 2592 2381 2604 2394; x_wconf 77' lang='lat'><strong>&#39;</strong></span> <span class='ocrx_word' id='word_1_407' title='bbox 2657 2366 2937 2435; x_wconf 80' lang='grc' dir='ltr'>Δεσπότης</span> <span class='ocrx_word' id='word_1_408' title='bbox 2983 2366 3249 2437; x_wconf 83' lang='grc' dir='ltr'>ὑπάρχεις</span> <span class='ocrx_word' id='word_1_409' title='bbox 3287 2367 3386 2437; x_wconf 83' lang='grc' dir='ltr'><strong>τῆς</strong></span> <span class='ocrx_word' id='word_1_410' title='bbox 3434 2367 3651 2435; x_wconf 74' lang='grc' dir='ltr'>φύσεως</span> <span class='ocrx_word' id='word_1_411' title='bbox 3674 2383 3689 2397; x_wconf 81' lang='lat'>&#39;</span> 
     </span>
    </p>
   </div>
   <div class='ocr_carea' id='block_1_52' title="bbox 2114 2452 3690 2528">
    <p class='ocr_par' dir='ltr' id='par_1_52' title="bbox 2114 2452 3690 2528">
     <span class='ocr_line' id='line_1_52' title="bbox 2114 2452 3690 2528; baseline 0.006 -25"><span class='ocrx_word' id='word_1_412' title='bbox 2114 2452 2395 2519; x_wconf 85' lang='grc' dir='ltr'>κέλευσον,</span> <span class='ocrx_word' id='word_1_413' title='bbox 2439 2454 2536 2508; x_wconf 72' lang='grc' dir='ltr'>καὶ</span> <span class='ocrx_word' id='word_1_414' title='bbox 2562 2456 2595 2524; x_wconf 77' lang='grc' dir='ltr'><strong>ἠ</strong></span> <span class='ocrx_word' id='word_1_415' title='bbox 2654 2453 2813 2524; x_wconf 57' lang='grc' dir='ltr'>φύσις</span> <span class='ocrx_word' id='word_1_416' title='bbox 2837 2456 2898 2507; x_wconf 71' lang='grc' dir='ltr'>τὸ</span> <span class='ocrx_word' id='word_1_417' title='bbox 2936 2455 3224 2509; x_wconf 72' lang='grc' dir='ltr'>κελευσθὲν</span> <span class='ocrx_word' id='word_1_418' title='bbox 3259 2457 3650 2528; x_wconf 82' lang='grc' dir='ltr'>διαπράττεται</span> <span class='ocrx_word' id='word_1_419' title='bbox 3675 2478 3690 2493; x_wconf 79' lang='grc' dir='ltr'><strong>ο</strong></span> 
     </span>
    </p>
   </div>
   <div class='ocr_carea' id='block_1_53' title="bbox 2118 2543 3691 2619">
    <p class='ocr_par' dir='ltr' id='par_1_53' title="bbox 2118 2543 3691 2619">
     <span class='ocr_line' id='line_1_53' title="bbox 2118 2543 3691 2619; baseline 0.006 -24"><span class='ocrx_word' id='word_1_420' title='bbox 2118 2543 2279 2612; x_wconf 86' lang='grc' dir='ltr'>μόνον</span> <span class='ocrx_word' id='word_1_421' title='bbox 2310 2544 2633 2614; x_wconf 81' lang='grc' dir='ltr'>πρόσταξον,</span> <span class='ocrx_word' id='word_1_422' title='bbox 2660 2546 2754 2598; x_wconf 76' lang='grc' dir='ltr'>καὶ</span> <span class='ocrx_word' id='word_1_423' title='bbox 2788 2546 3017 2600; x_wconf 75' lang='grc' dir='ltr'>κωλύειν</span> <span class='ocrx_word' id='word_1_424' title='bbox 3047 2549 3079 2616; x_wconf 76' lang='grc' dir='ltr'><strong>η</strong></span> <span class='ocrx_word' id='word_1_425' title='bbox 3119 2549 3303 2619; x_wconf 82' lang='grc' dir='ltr'>μήτηρ</span> <span class='ocrx_word' id='word_1_426' title='bbox 3331 2551 3393 2603; x_wconf 81' lang='grc' dir='ltr'><strong>ού</strong></span> <span class='ocrx_word' id='word_1_427' title='bbox 3425 2550 3652 2605; x_wconf 87' lang='grc' dir='ltr'>δύναται</span> <span class='ocrx_word' id='word_1_428' title='bbox 3673 2568 3691 2586; x_wconf 79' lang='grc' dir='ltr'><strong><em>ο</em></strong></span> 
     </span>
    </p>
   </div>
   <div class='ocr_carea' id='block_1_54' title="bbox 2120 2633 3690 2707">
    <p class='ocr_par' dir='ltr' id='par_1_54' title="bbox 2120 2633 3690 2707">
     <span class='ocr_line' id='line_1_54' title="bbox 2120 2633 3690 2707; baseline 0.006 -22"><span class='ocrx_word' id='word_1_429' title='bbox 2120 2633 2278 2701; x_wconf 87' lang='grc' dir='ltr'>μόνον</span> <span class='ocrx_word' id='word_1_430' title='bbox 2316 2635 2459 2699; x_wconf 84' lang='grc' dir='ltr'>είπὲ,</span> <span class='ocrx_word' id='word_1_431' title='bbox 2491 2640 2584 2688; x_wconf 66' lang='grc' dir='ltr'><strong>κα)⁸</strong></span> <span class='ocrx_word' id='word_1_432' title='bbox 2636 2636 2697 2689; x_wconf 77' lang='grc' dir='ltr'>τὸ</span> <span class='ocrx_word' id='word_1_433' title='bbox 2737 2636 2926 2705; x_wconf 82' lang='grc' dir='ltr'>λεχθὲν</span> <span class='ocrx_word' id='word_1_434' title='bbox 2959 2637 3161 2701; x_wconf 82' lang='grc' dir='ltr'>εὐθέως</span> <span class='ocrx_word' id='word_1_435' title='bbox 3191 2640 3482 2707; x_wconf 84' lang='grc' dir='ltr'>γενήσεται</span> <span class='ocrx_word' id='word_1_436' title='bbox 3513 2657 3529 2671; x_wconf 80' lang='grc'><em>’</em></span> <span class='ocrx_word' id='word_1_437' title='bbox 3562 2639 3690 2695; x_wconf 83' lang='grc' dir='ltr'>σύν-</span> 
     </span>
    </p>
   </div>
   <div class='ocr_carea' id='block_1_55' title="bbox 2114 2721 3694 2800">
    <p class='ocr_par' dir='ltr' id='par_1_55' title="bbox 2114 2721 3694 2800">
     <span class='ocr_line' id='line_1_55' title="bbox 2114 2721 3694 2800; baseline 0.008 -27"><span class='ocrx_word' id='word_1_438' title='bbox 2114 2721 2313 2793; x_wconf 89' lang='grc' dir='ltr'>δρομον</span> <span class='ocrx_word' id='word_1_439' title='bbox 2343 2724 2453 2794; x_wconf 81' lang='grc' dir='ltr'><strong>γὰρ</strong></span> <span class='ocrx_word' id='word_1_440' title='bbox 2482 2724 2624 2795; x_wconf 75' lang='grc' dir='ltr'>ἔχεις</span> <span class='ocrx_word' id='word_1_441' title='bbox 2662 2728 2729 2797; x_wconf 77' lang='grc' dir='ltr'>τῇ</span> <span class='ocrx_word' id='word_1_442' title='bbox 2781 2725 2945 2796; x_wconf 79' lang='grc' dir='ltr'>βουλῇ</span> <span class='ocrx_word' id='word_1_443' title='bbox 2996 2728 3091 2779; x_wconf 68' lang='grc' dir='ltr'>καὶ</span> <span class='ocrx_word' id='word_1_444' title='bbox 3142 2727 3243 2799; x_wconf 79' lang='grc' dir='ltr'>τὴν</span> <span class='ocrx_word' id='word_1_445' title='bbox 3295 2728 3544 2800; x_wconf 88' lang='grc' dir='ltr'>δύναμιν,</span> <span class='ocrx_word' id='word_1_446' title='bbox 3596 2734 3694 2785; x_wconf 76' lang='grc' dir='ltr'>καὶ</span> 
     </span>
    </p>
   </div>
   <div class='ocr_carea' id='block_1_56' title="bbox 2117 2814 3691 2891">
    <p class='ocr_par' dir='ltr' id='par_1_56' title="bbox 2117 2814 3691 2891">
     <span class='ocr_line' id='line_1_56' title="bbox 2117 2814 3691 2891; baseline 0.006 -25"><span class='ocrx_word' id='word_1_447' title='bbox 2117 2814 2298 2867; x_wconf 83' lang='grc' dir='ltr'>πάντα</span> <span class='ocrx_word' id='word_1_448' title='bbox 2318 2815 2397 2885; x_wconf 80' lang='grc' dir='ltr'>τῷ</span> <span class='ocrx_word' id='word_1_449' title='bbox 2420 2815 2496 2885; x_wconf 86' lang='grc' dir='ltr'>σῷ</span> <span class='ocrx_word' id='word_1_450' title='bbox 2526 2817 2927 2888; x_wconf 71' lang='grc' dir='ltr'>παντοδυνάμῳ</span> <span class='ocrx_word' id='word_1_451' title='bbox 2950 2817 3193 2872; x_wconf 82' lang='grc' dir='ltr'>δουλεύει</span> <span class='ocrx_word' id='word_1_452' title='bbox 3223 2818 3554 2891; x_wconf 88' lang='grc' dir='ltr'>θεσπίσματι</span> <span class='ocrx_word' id='word_1_453' title='bbox 3579 2838 3593 2853; x_wconf 88' lang='grc'><strong>·</strong></span> <span class='ocrx_word' id='word_1_454' title='bbox 3639 2823 3691 2875; x_wconf 78' lang='grc' dir='ltr'>εἰ</span> 
     </span>
    </p>
   </div>
   <div class='ocr_carea' id='block_1_57' title="bbox 2115 2905 3690 2982">
    <p class='ocr_par' dir='ltr' id='par_1_57' title="bbox 2115 2905 3690 2982">
     <span class='ocr_line' id='line_1_57' title="bbox 2115 2905 3690 2982; baseline 0.005 -23"><span class='ocrx_word' id='word_1_455' title='bbox 2115 2905 2171 2959; x_wconf 78' lang='grc' dir='ltr'>δὲ</span> <span class='ocrx_word' id='word_1_456' title='bbox 2195 2906 2354 2960; x_wconf 90' lang='grc' dir='ltr'>τοῦτο</span> <span class='ocrx_word' id='word_1_457' title='bbox 2381 2909 2456 2978; x_wconf 83' lang='grc' dir='ltr'>μὴ</span> <span class='ocrx_word' id='word_1_458' title='bbox 2491 2909 2736 2972; x_wconf 87' lang='grc' dir='ltr'>κελεύεις</span> <span class='ocrx_word' id='word_1_459' title='bbox 2769 2926 2837 2981; x_wconf 88' lang='grc' dir='ltr'><strong>με</strong></span> <span class='ocrx_word' id='word_1_460' title='bbox 2893 2909 3323 2979; x_wconf 80' lang='grc' dir='ltr'>διαπράξασθαι,</span> <span class='ocrx_word' id='word_1_461' title='bbox 3363 2912 3438 2982; x_wconf 80' lang='grc' dir='ltr'>μὴ</span> <span class='ocrx_word' id='word_1_462' title='bbox 3465 2913 3690 2967; x_wconf 75' lang='grc' dir='ltr'>καταδι·</span> 
     </span>
    </p>
   </div>
   <div class='ocr_carea' id='block_1_58' title="bbox 2117 2995 3691 3072">
    <p class='ocr_par' dir='ltr' id='par_1_58' title="bbox 2117 2995 3691 3072">
     <span class='ocr_line' id='line_1_58' title="bbox 2117 2995 3691 3072; baseline 0.005 -24"><span class='ocrx_word' id='word_1_463' title='bbox 2117 2995 2292 3067; x_wconf 77' lang='grc' dir='ltr'>κάσῃς</span> <span class='ocrx_word' id='word_1_464' title='bbox 2319 3014 2409 3064; x_wconf 91' lang='grc' dir='ltr'><strong>μοι</strong></span> <span class='ocrx_word' id='word_1_465' title='bbox 2437 2997 2710 3068; x_wconf 79' lang='grc' dir='ltr'>ρᾳθυμίαν</span> <span class='ocrx_word' id='word_1_466' title='bbox 2739 2998 2832 3051; x_wconf 87' lang='grc' dir='ltr'><strong>τοῦ</strong></span> <span class='ocrx_word' id='word_1_467' title='bbox 2855 2997 3078 3069; x_wconf 79' lang='grc' dir='ltr'>δρόμου,</span> <span class='ocrx_word' id='word_1_468' title='bbox 3110 3001 3138 3052; x_wconf 84' lang='grc' dir='ltr'><strong>ό</strong></span> <span class='ocrx_word' id='word_1_469' title='bbox 3164 3000 3259 3053; x_wconf 90' lang='grc' dir='ltr'><strong>τοῦ</strong></span> <span class='ocrx_word' id='word_1_470' title='bbox 3290 3000 3491 3071; x_wconf 75' lang='grc' dir='ltr'>δρόμου</span> <span class='ocrx_word' id='word_1_471' title='bbox 3527 3020 3691 3072; x_wconf 79' lang='grc' dir='ltr'>νομο-</span> 
     </span>
    </p>
   </div>
   <div class='ocr_carea' id='block_1_59' title="bbox 426 3073 1998 3163">
    <p class='ocr_par' dir='ltr' id='par_1_59' title="bbox 426 3085 1996 3159">
     <span class='ocr_line' id='line_1_59' title="bbox 426 3085 1996 3159; baseline -0.001 -16"><span class='ocrx_word' id='word_1_472' title='bbox 426 3099 560 3144; x_wconf 72' lang='grc' dir='ltr'>ιιιιτιι</span> <span class='ocrx_word' id='word_1_473' title='bbox 588 3086 813 3159; x_wconf 84' lang='lat' dir='ltr'><strong>posuisti</strong></span> <span class='ocrx_word' id='word_1_474' title='bbox 841 3103 977 3158; x_wconf 87' lang='lat' dir='ltr'><strong>quos</strong></span> <span class='ocrx_word' id='word_1_475' title='bbox 1003 3092 1302 3157; x_wconf 76' lang='lat' dir='ltr'><strong>transgredi</strong></span> <span class='ocrx_word' id='word_1_476' title='bbox 1337 3097 1630 3158; x_wconf 78' lang='lat' dir='ltr'><strong>nequeunt,</strong></span> <span class='ocrx_word' id='word_1_477' title='bbox 1667 3087 1756 3156; x_wconf 86' lang='lat' dir='ltr'><strong>qui</strong></span> <span class='ocrx_word' id='word_1_478' title='bbox 1786 3085 1996 3154; x_wconf 68' lang='lat' dir='ltr'><strong>legibus</strong></span> 
     </span>
    </p>
   </div>
   <div class='ocr_carea' id='block_1_60' title="bbox 2105 3073 3689 3163">
    <p class='ocr_par' dir='ltr' id='par_1_60' title="bbox 2105 3083 3689 3163">
     <span class='ocr_line' id='line_1_60' title="bbox 2105 3083 3689 3163; baseline 0.005 -25"><span class='ocrx_word' id='word_1_479' title='bbox 2105 3083 2337 3157; x_wconf 84' lang='grc' dir='ltr'>θετήσας</span> <span class='ocrx_word' id='word_1_480' title='bbox 2383 3088 2481 3158; x_wconf 75' lang='grc' dir='ltr'>τὴν</span> <span class='ocrx_word' id='word_1_481' title='bbox 2540 3085 2775 3140; x_wconf 82' lang='grc' dir='ltr'>κώλυσιν</span> <span class='ocrx_word' id='word_1_482' title='bbox 2804 3106 2816 3118; x_wconf 79' lang='lat'><strong><em>°</em></strong></span> <span class='ocrx_word' id='word_1_483' title='bbox 2849 3090 3011 3152; x_wconf 70' lang='grc' dir='ltr'>αὐτὸς</span> <span class='ocrx_word' id='word_1_484' title='bbox 3062 3088 3171 3161; x_wconf 75' lang='grc' dir='ltr'><strong>γὰρ</strong></span> <span class='ocrx_word' id='word_1_485' title='bbox 3220 3093 3346 3154; x_wconf 78' lang='grc' dir='ltr'>τοὺς</span> <span class='ocrx_word' id='word_1_486' title='bbox 3373 3093 3531 3163; x_wconf 79' lang='grc' dir='ltr'>ὅρους</span> <span class='ocrx_word' id='word_1_487' title='bbox 3565 3093 3689 3146; x_wconf 70' lang='grc' dir='ltr'>ἔθου</span> 
     </span>
    </p>
   </div>
   <div class='ocr_carea' id='block_1_61' title="bbox 424 3178 1999 3251">
    <p class='ocr_par' dir='ltr' id='par_1_61' title="bbox 424 3178 1999 3251">
     <span class='ocr_line' id='line_1_61' title="bbox 424 3178 1999 3251; baseline 0 -16"><span class='ocrx_word' id='word_1_488' title='bbox 424 3191 629 3236; x_wconf 57' lang='lat' dir='ltr'><strong>natura!</strong></span> <span class='ocrx_word' id='word_1_489' title='bbox 676 3179 903 3248; x_wconf 76' lang='lat' dir='ltr'><strong>subjecti</strong></span> <span class='ocrx_word' id='word_1_490' title='bbox 930 3188 1077 3235; x_wconf 87' lang='lat' dir='ltr'><strong>sunt.</strong></span> <span class='ocrx_word' id='word_1_491' title='bbox 1106 3179 1488 3235; x_wconf 79' lang='lat' dir='ltr'><strong>Verumtamen</strong></span> <span class='ocrx_word' id='word_1_492' title='bbox 1523 3191 1742 3251; x_wconf 87' lang='lat' dir='ltr'><strong>propter</strong></span> <span class='ocrx_word' id='word_1_493' title='bbox 1773 3178 1999 3235; x_wconf 78' lang='lat' dir='ltr'><strong>Joannis</strong></span> 
     </span>
    </p>
   </div>
   <div class='ocr_carea' id='block_1_62' title="bbox 423 3271 2001 3343">
    <p class='ocr_par' dir='ltr' id='par_1_62' title="bbox 423 3271 2001 3343">
     <span class='ocr_line' id='line_1_62' title="bbox 423 3271 2001 3343; baseline -0.003 -14"><span class='ocrx_word' id='word_1_494' title='bbox 423 3273 691 3329; x_wconf 83' lang='lat' dir='ltr'><strong>fervorem</strong></span> <span class='ocrx_word' id='word_1_495' title='bbox 723 3271 1049 3343; x_wconf 69' lang='lat' dir='ltr'><strong>praedicandi</strong></span> <span class='ocrx_word' id='word_1_496' title='bbox 1080 3272 1223 3326; x_wconf 83' lang='lat' dir='ltr'><strong>nulla</strong></span> <span class='ocrx_word' id='word_1_497' title='bbox 1256 3271 1405 3339; x_wconf 81' lang='lat' dir='ltr'><strong>iussa</strong></span> <span class='ocrx_word' id='word_1_498' title='bbox 1441 3272 1585 3327; x_wconf 82' lang='lat' dir='ltr'><strong>dedit</strong></span> <span class='ocrx_word' id='word_1_499' title='bbox 1617 3274 1873 3327; x_wconf 86' lang='lat' dir='ltr'><strong>Dominus</strong></span> <span class='ocrx_word' id='word_1_500' title='bbox 1906 3288 2001 3326; x_wconf 86' lang='lat' dir='ltr'><strong>na-</strong></span> 
     </span>
    </p>
   </div>
   <div class='ocr_carea' id='block_1_63' title="bbox 425 3363 1995 3437">
    <p class='ocr_par' dir='ltr' id='par_1_63' title="bbox 425 3363 1995 3437">
     <span class='ocr_line' id='line_1_63' title="bbox 425 3363 1995 3437; baseline 0.001 -19"><span class='ocrx_word' id='word_1_501' title='bbox 425 3378 577 3431; x_wconf 73' lang='lat' dir='ltr'><strong>turzr,</strong></span> <span class='ocrx_word' id='word_1_502' title='bbox 600 3380 720 3435; x_wconf 76' lang='lat' dir='ltr'><strong>qua:</strong></span> <span class='ocrx_word' id='word_1_503' title='bbox 747 3364 815 3418; x_wconf 90' lang='lat' dir='ltr'><strong>ab</strong></span> <span class='ocrx_word' id='word_1_504' title='bbox 841 3363 997 3419; x_wconf 88' lang='lat' dir='ltr'><strong>initio</strong></span> <span class='ocrx_word' id='word_1_505' title='bbox 1018 3365 1302 3432; x_wconf 86' lang='lat' dir='ltr'><strong>imperium</strong></span> <span class='ocrx_word' id='word_1_506' title='bbox 1329 3363 1446 3434; x_wconf 85' lang='lat' dir='ltr'><strong>ejus</strong></span> <span class='ocrx_word' id='word_1_507' title='bbox 1468 3364 1640 3420; x_wconf 82' lang='lat' dir='ltr'><strong>ﬁdelis</strong></span> <span class='ocrx_word' id='word_1_508' title='bbox 1662 3367 1995 3437; x_wconf 79' lang='lat' dir='ltr'><strong>exsequitur,</strong></span> 
     </span>
    </p>
   </div>
   <div class='ocr_carea' id='block_1_64' title="bbox 421 3455 1994 3527">
    <p class='ocr_par' dir='ltr' id='par_1_64' title="bbox 421 3455 1994 3527">
     <span class='ocr_line' id='line_1_64' title="bbox 421 3455 1994 3527; baseline 0 -16"><span class='ocrx_word' id='word_1_509' title='bbox 421 3468 476 3511; x_wconf 88' lang='lat' dir='ltr'><strong>et</strong></span> <span class='ocrx_word' id='word_1_510' title='bbox 510 3456 666 3526; x_wconf 90' lang='lat' dir='ltr'><strong>cujus</strong></span> <span class='ocrx_word' id='word_1_511' title='bbox 696 3455 901 3526; x_wconf 83' lang='lat' dir='ltr'><strong>legibus</strong></span> <span class='ocrx_word' id='word_1_512' title='bbox 932 3459 1280 3525; x_wconf 82' lang='lat' dir='ltr'><strong>semetipsum</strong></span> <span class='ocrx_word' id='word_1_513' title='bbox 1311 3457 1579 3526; x_wconf 87' lang='lat' dir='ltr'><strong>subjicere</strong></span> <span class='ocrx_word' id='word_1_514' title='bbox 1601 3459 1856 3527; x_wconf 81' lang='lat' dir='ltr'><strong>dignatus</strong></span> <span class='ocrx_word' id='word_1_515' title='bbox 1891 3468 1994 3523; x_wconf 65' lang='lat' dir='ltr'><strong>esi,</strong></span> 
     </span>
    </p>
   </div>
   <div class='ocr_carea' id='block_1_65' title="bbox 421 3546 1995 3617">
    <p class='ocr_par' dir='ltr' id='par_1_65' title="bbox 421 3546 1995 3617">
     <span class='ocr_line' id='line_1_65' title="bbox 421 3546 1995 3617; baseline -0.001 -16"><span class='ocrx_word' id='word_1_516' title='bbox 421 3563 541 3601; x_wconf 85' lang='lat' dir='ltr'><strong>cum</strong></span> <span class='ocrx_word' id='word_1_517' title='bbox 574 3556 797 3617; x_wconf 88' lang='lat' dir='ltr'><strong>propter</strong></span> <span class='ocrx_word' id='word_1_518' title='bbox 829 3562 924 3601; x_wconf 83' lang='lat' dir='ltr'><strong>nos</strong></span> <span class='ocrx_word' id='word_1_519' title='bbox 949 3546 1199 3602; x_wconf 84' lang='lat' dir='ltr'><strong>homines</strong></span> <span class='ocrx_word' id='word_1_520' title='bbox 1233 3554 1288 3601; x_wconf 88' lang='lat' dir='ltr'><strong>et</strong></span> <span class='ocrx_word' id='word_1_521' title='bbox 1317 3546 1383 3601; x_wconf 89' lang='lat' dir='ltr'><strong>ad</strong></span> <span class='ocrx_word' id='word_1_522' title='bbox 1442 3546 1854 3603; x_wconf 88' lang='lat' dir='ltr'><strong>similitudinem</strong></span> <span class='ocrx_word' id='word_1_523' title='bbox 1891 3562 1995 3600; x_wconf 81' lang='lat' dir='ltr'><strong>no-</strong></span> 
     </span>
    </p>
   </div>
   <div class='ocr_carea' id='block_1_66' title="bbox 421 3636 1994 3709">
    <p class='ocr_par' dir='ltr' id='par_1_66' title="bbox 421 3636 1994 3709">
     <span class='ocr_line' id='line_1_66' title="bbox 421 3636 1994 3709; baseline -0.002 -17"><span class='ocrx_word' id='word_1_524' title='bbox 421 3649 590 3692; x_wconf 82' lang='lat' dir='ltr'><strong>stram</strong></span> <span class='ocrx_word' id='word_1_525' title='bbox 621 3636 797 3692; x_wconf 81' lang='lat' dir='ltr'><strong>factus</strong></span> <span class='ocrx_word' id='word_1_526' title='bbox 819 3648 904 3692; x_wconf 85' lang='lat' dir='ltr'><strong>est</strong></span> <span class='ocrx_word' id='word_1_527' title='bbox 932 3637 1114 3693; x_wconf 88' lang='lat' dir='ltr'><strong>ltonto.</strong></span> <span class='ocrx_word' id='word_1_528' title='bbox 1134 3636 1254 3692; x_wconf 85' lang='lat' dir='ltr'><strong>Edit</strong></span> <span class='ocrx_word' id='word_1_529' title='bbox 1277 3638 1461 3702; x_wconf 80' lang='lat' dir='ltr'><strong>verba,</strong></span> <span class='ocrx_word' id='word_1_530' title='bbox 1485 3652 1605 3707; x_wconf 75' lang='lat' dir='ltr'><strong>qua:</strong></span> <span class='ocrx_word' id='word_1_531' title='bbox 1629 3638 1901 3709; x_wconf 90' lang='lat' dir='ltr'><strong>posterius</strong></span> <span class='ocrx_word' id='word_1_532' title='bbox 1928 3639 1994 3691; x_wconf 87' lang='lat' dir='ltr'><strong>ad</strong></span> 
     </span>
    </p>
   </div>
   <div class='ocr_carea' id='block_1_67' title="bbox 421 3725 1998 3797">
    <p class='ocr_par' dir='ltr' id='par_1_67' title="bbox 421 3725 1998 3797">
     <span class='ocr_line' id='line_1_67' title="bbox 421 3725 1998 3797; baseline 0.001 -16"><span class='ocrx_word' id='word_1_533' title='bbox 421 3728 746 3797; x_wconf 82' lang='lat' dir='ltr'><strong>baptismum</strong></span> <span class='ocrx_word' id='word_1_534' title='bbox 802 3725 1110 3782; x_wconf 86' lang='lat' dir='ltr'><strong>accedendo</strong></span> <span class='ocrx_word' id='word_1_535' title='bbox 1158 3727 1395 3783; x_wconf 87' lang='lat' dir='ltr'><strong>educet:</strong></span> <span class='ocrx_word' id='word_1_536' title='bbox 1446 3745 1465 3779; x_wconf 83' lang='lat' dir='ltr'><strong>t</strong></span> <span class='ocrx_word' id='word_1_537' title='bbox 1517 3729 1646 3782; x_wconf 80' lang='lat' dir='ltr'><strong>Sine</strong></span> <span class='ocrx_word' id='word_1_538' title='bbox 1693 3731 1874 3795; x_wconf 90' lang='lat' dir='ltr'><strong>modo,</strong></span> <span class='ocrx_word' id='word_1_539' title='bbox 1916 3730 1998 3783; x_wconf 82' lang='lat' dir='ltr'><strong>sic</strong></span> 
     </span>
    </p>
   </div>
   <div class='ocr_carea' id='block_1_68' title="bbox 420 3815 2010 3886">
    <p class='ocr_par' dir='ltr' id='par_1_68' title="bbox 420 3815 2010 3886">
     <span class='ocr_line' id='line_1_68' title="bbox 420 3815 2010 3886; baseline 0.001 -17"><span class='ocrx_word' id='word_1_540' title='bbox 420 3818 564 3869; x_wconf 85' lang='lat' dir='ltr'><strong>enim</strong></span> <span class='ocrx_word' id='word_1_541' title='bbox 598 3816 793 3869; x_wconf 90' lang='lat' dir='ltr'><strong>decens</strong></span> <span class='ocrx_word' id='word_1_542' title='bbox 823 3827 901 3870; x_wconf 90' lang='lat' dir='ltr'><strong>est</strong></span> <span class='ocrx_word' id='word_1_543' title='bbox 945 3817 1098 3870; x_wconf 89' lang='lat' dir='ltr'><strong>nobis</strong></span> <span class='ocrx_word' id='word_1_544' title='bbox 1131 3815 1354 3886; x_wconf 72' lang='lat' dir='ltr'><strong>implere</strong></span> <span class='ocrx_word' id='word_1_545' title='bbox 1395 3832 1612 3871; x_wconf 91' lang='lat' dir='ltr'><strong>omnem</strong></span> <span class='ocrx_word' id='word_1_546' title='bbox 1646 3817 2010 3885; x_wconf 57' lang='lat' dir='ltr'><strong>justiticatiom</strong></span> 
     </span>
    </p>
   </div>
   <div class='ocr_carea' id='block_1_69' title="bbox 421 3906 1997 3978">
    <p class='ocr_par' dir='ltr' id='par_1_69' title="bbox 421 3906 1997 3978">
     <span class='ocr_line' id='line_1_69' title="bbox 421 3906 1997 3978; baseline 0.002 -19"><span class='ocrx_word' id='word_1_547' title='bbox 421 3923 540 3960; x_wconf 89' lang='lat' dir='ltr'><strong>nem</strong></span> <span class='ocrx_word' id='word_1_548' title='bbox 561 3908 659 3960; x_wconf 79' lang='lat' dir='ltr'><strong>&quot;.t</strong></span> <span class='ocrx_word' id='word_1_549' title='bbox 686 3906 892 3974; x_wconf 72' lang='lat' dir='ltr'><strong>Quibus</strong></span> <span class='ocrx_word' id='word_1_550' title='bbox 916 3907 1134 3969; x_wconf 86' lang='lat' dir='ltr'><strong>auditis,</strong></span> <span class='ocrx_word' id='word_1_551' title='bbox 1158 3908 1232 3960; x_wconf 88' lang='lat' dir='ltr'><strong>uti</strong></span> <span class='ocrx_word' id='word_1_552' title='bbox 1258 3906 1653 3975; x_wconf 86' lang='lat' dir='ltr'><strong>conjiciendum</strong></span> <span class='ocrx_word' id='word_1_553' title='bbox 1672 3921 1772 3973; x_wconf 87' lang='lat' dir='ltr'><strong>est,</strong></span> <span class='ocrx_word' id='word_1_554' title='bbox 1792 3909 1997 3978; x_wconf 82' lang='lat' dir='ltr'><strong>quievit</strong></span> 
     </span>
    </p>
   </div>
   <div class='ocr_carea' id='block_1_70' title="bbox 419 3998 1995 4070">
    <p class='ocr_par' dir='ltr' id='par_1_70' title="bbox 419 3998 1995 4070">
     <span class='ocr_line' id='line_1_70' title="bbox 419 3998 1995 4070; baseline 0.001 -17"><span class='ocrx_word' id='word_1_555' title='bbox 419 3998 651 4053; x_wconf 69' lang='lat' dir='ltr'><strong>Joannes</strong></span> <span class='ocrx_word' id='word_1_556' title='bbox 689 4008 741 4053; x_wconf 93' lang='lat' dir='ltr'><strong>et</strong></span> <span class='ocrx_word' id='word_1_557' title='bbox 782 3999 1014 4069; x_wconf 84' lang='lat' dir='ltr'><strong>amplius</strong></span> <span class='ocrx_word' id='word_1_558' title='bbox 1059 3998 1202 4069; x_wconf 81' lang='lat' dir='ltr'><strong>loqui</strong></span> <span class='ocrx_word' id='word_1_559' title='bbox 1248 4015 1414 4055; x_wconf 87' lang='lat' dir='ltr'><strong>ausus</strong></span> <span class='ocrx_word' id='word_1_560' title='bbox 1459 4017 1563 4055; x_wconf 90' lang='lat' dir='ltr'><strong>non</strong></span> <span class='ocrx_word' id='word_1_561' title='bbox 1612 4009 1716 4065; x_wconf 87' lang='lat' dir='ltr'><strong>est,</strong></span> <span class='ocrx_word' id='word_1_562' title='bbox 1746 4001 1995 4070; x_wconf 80' lang='lat' dir='ltr'><strong>quamvis</strong></span> 
     </span>
    </p>
   </div>
   <div class='ocr_carea' id='block_1_71' title="bbox 422 4091 1994 4163">
    <p class='ocr_par' dir='ltr' id='par_1_71' title="bbox 422 4091 1994 4163">
     <span class='ocr_line' id='line_1_71' title="bbox 422 4091 1994 4163; baseline 0.003 -22"><span class='ocrx_word' id='word_1_563' title='bbox 422 4091 897 4145; x_wconf 81' lang='lat' dir='ltr'><strong>vehementissime</strong></span> <span class='ocrx_word' id='word_1_564' title='bbox 946 4092 1229 4162; x_wconf 80' lang='lat' dir='ltr'><strong>expaverit</strong></span> <span class='ocrx_word' id='word_1_565' title='bbox 1271 4101 1483 4163; x_wconf 84' lang='lat' dir='ltr'><strong>tempus</strong></span> <span class='ocrx_word' id='word_1_566' title='bbox 1524 4092 1806 4146; x_wconf 86' lang='lat' dir='ltr'><strong>delinitum</strong></span> <span class='ocrx_word' id='word_1_567' title='bbox 1855 4103 1911 4144; x_wconf 93' lang='lat' dir='ltr'><strong>ut</strong></span> <span class='ocrx_word' id='word_1_568' title='bbox 1964 4107 1994 4146; x_wconf 89' lang='lat' dir='ltr'><strong>e</strong></span> 
     </span>
    </p>
   </div>
   <div class='ocr_carea' id='block_1_72' title="bbox 419 4179 1991 4251">
    <p class='ocr_par' dir='ltr' id='par_1_72' title="bbox 419 4179 1991 4251">
     <span class='ocr_line' id='line_1_72' title="bbox 419 4179 1991 4251; baseline 0.003 -20"><span class='ocrx_word' id='word_1_569' title='bbox 419 4179 540 4232; x_wconf 84' lang='lat' dir='ltr'><strong>sinu</strong></span> <span class='ocrx_word' id='word_1_570' title='bbox 572 4179 763 4234; x_wconf 88' lang='lat' dir='ltr'><strong>matris</strong></span> <span class='ocrx_word' id='word_1_571' title='bbox 803 4195 1124 4251; x_wconf 77' lang='lat' dir='ltr'><strong>egressurus</strong></span> <span class='ocrx_word' id='word_1_572' title='bbox 1159 4182 1228 4235; x_wconf 86' lang='lat' dir='ltr'><strong>sit</strong></span> <span class='ocrx_word' id='word_1_573' title='bbox 1252 4190 1308 4236; x_wconf 88' lang='lat' dir='ltr'><strong>et</strong></span> <span class='ocrx_word' id='word_1_574' title='bbox 1350 4181 1610 4237; x_wconf 88' lang='lat' dir='ltr'><strong>divinitus</strong></span> <span class='ocrx_word' id='word_1_575' title='bbox 1641 4182 1991 4237; x_wconf 84' lang='lat' dir='ltr'><strong>commissum</strong></span> 
     </span>
    </p>
   </div>
   <div class='ocr_carea' id='block_1_73' title="bbox 421 4270 1990 4337">
    <p class='ocr_par' dir='ltr' id='par_1_73' title="bbox 421 4270 1990 4337">
     <span class='ocr_line' id='line_1_73' title="bbox 421 4270 1990 4337; baseline 0.003 -15"><span class='ocrx_word' id='word_1_576' title='bbox 421 4270 752 4335; x_wconf 72' lang='lat' dir='ltr'><strong>praeconium</strong></span> <span class='ocrx_word' id='word_1_577' title='bbox 777 4270 1108 4337; x_wconf 88' lang='lat' dir='ltr'><strong>inceptnrtts.</strong></span> <span class='ocrx_word' id='word_1_578' title='bbox 1125 4272 1261 4327; x_wconf 84' lang='lat' dir='ltr'><strong>Tres</strong></span> <span class='ocrx_word' id='word_1_579' title='bbox 1284 4272 1459 4328; x_wconf 87' lang='lat' dir='ltr'><strong>adhuc</strong></span> <span class='ocrx_word' id='word_1_580' title='bbox 1480 4271 1735 4327; x_wconf 81' lang='lat' dir='ltr'><strong>amuxere</strong></span> <span class='ocrx_word' id='word_1_581' title='bbox 1756 4287 1990 4337; x_wconf 85' lang='lat' dir='ltr'><strong>menses,</strong></span> 
     </span>
    </p>
   </div>
   <div class='ocr_carea' id='block_1_74' title="bbox 368 4346 1990 4426">
    <p class='ocr_par' dir='ltr' id='par_1_74' title="bbox 368 4346 1990 4426">
     <span class='ocr_line' id='line_1_74' title="bbox 368 4346 1990 4426; baseline 0.004 -15"><span class='ocrx_word' id='word_1_582' title='bbox 368 4346 373 4350; x_wconf 52' lang='grc'><strong>’</strong></span> <span class='ocrx_word' id='word_1_583' title='bbox 420 4353 615 4426; x_wconf 66' lang='lat' dir='ltr'><strong>Quibus</strong></span> <span class='ocrx_word' id='word_1_584' title='bbox 637 4357 949 4413; x_wconf 86' lang='lat' dir='ltr'><strong>Creatorem</strong></span> <span class='ocrx_word' id='word_1_585' title='bbox 979 4362 1079 4415; x_wconf 83' lang='lat' dir='ltr'><strong>sibi</strong></span> <span class='ocrx_word' id='word_1_586' title='bbox 1109 4361 1512 4417; x_wconf 90' lang='lat' dir='ltr'><strong>coltabitantetn</strong></span> <span class='ocrx_word' id='word_1_587' title='bbox 1546 4365 1679 4417; x_wconf 87' lang='lat' dir='ltr'><strong>vidit</strong></span> <span class='ocrx_word' id='word_1_588' title='bbox 1711 4374 1763 4417; x_wconf 90' lang='lat' dir='ltr'><strong>et</strong></span> <span class='ocrx_word' id='word_1_589' title='bbox 1801 4364 1990 4418; x_wconf 86' lang='lat' dir='ltr'><strong>iisdem</strong></span> 
     </span>
    </p>
   </div>
   <div class='ocr_carea' id='block_1_75' title="bbox 2099 3176 3680 3254">
    <p class='ocr_par' dir='ltr' id='par_1_75' title="bbox 2099 3176 3680 3254">
     <span class='ocr_line' id='line_1_75' title="bbox 2099 3176 3680 3254; baseline -0.007 -12"><span class='ocrx_word' id='word_1_590' title='bbox 2099 3179 2197 3249; x_wconf 82' lang='grc' dir='ltr'><strong>τῆς</strong></span> <span class='ocrx_word' id='word_1_591' title='bbox 2228 3176 2441 3246; x_wconf 77' lang='grc' dir='ltr'>φύσεως</span> <span class='ocrx_word' id='word_1_592' title='bbox 2471 3177 2564 3242; x_wconf 79' lang='grc' dir='ltr'><strong>οὓς</strong></span> <span class='ocrx_word' id='word_1_593' title='bbox 2592 3178 2946 3252; x_wconf 73' lang='grc' dir='ltr'>ὑπερϐαίνειν</span> <span class='ocrx_word' id='word_1_594' title='bbox 2963 3181 3062 3233; x_wconf 73' lang='grc' dir='ltr'>οὐκ</span> <span class='ocrx_word' id='word_1_595' title='bbox 3083 3180 3291 3234; x_wconf 73' lang='grc' dir='ltr'>ἔνεστιν</span> <span class='ocrx_word' id='word_1_596' title='bbox 3326 3183 3449 3244; x_wconf 74' lang='grc' dir='ltr'>τοὺς</span> <span class='ocrx_word' id='word_1_597' title='bbox 3479 3185 3680 3254; x_wconf 59' lang='lat' dir='ltr'><strong>viaea;</strong></span> 
     </span>
    </p>
   </div>
   <div class='ocr_carea' id='block_1_76' title="bbox 2105 3268 3691 3348">
    <p class='ocr_par' dir='ltr' id='par_1_76' title="bbox 2105 3268 3691 3348">
     <span class='ocr_line' id='line_1_76' title="bbox 2105 3268 3691 3348; baseline 0.004 -25"><span class='ocrx_word' id='word_1_598' title='bbox 2105 3268 2462 3335; x_wconf 76' lang='grc' dir='ltr'>δουλεύοντας</span> <span class='ocrx_word' id='word_1_599' title='bbox 2496 3270 2713 3341; x_wconf 85' lang='grc' dir='ltr'>φύσεως</span> <span class='ocrx_word' id='word_1_600' title='bbox 2734 3288 2748 3303; x_wconf 78' lang='grc' dir='ltr'><strong>ο</strong></span> <span class='ocrx_word' id='word_1_601' title='bbox 2783 3271 2898 3325; x_wconf 81' lang='grc' dir='ltr'>ἀλλ’</span> <span class='ocrx_word' id='word_1_602' title='bbox 2924 3273 3076 3326; x_wconf 75' lang='grc' dir='ltr'>οὐδὲν</span> <span class='ocrx_word' id='word_1_603' title='bbox 3100 3275 3129 3327; x_wconf 87' lang='grc' dir='ltr'><strong>ό</strong></span> <span class='ocrx_word' id='word_1_604' title='bbox 3158 3274 3436 3344; x_wconf 80' lang='grc' dir='ltr'>Δεσπότης</span> <span class='ocrx_word' id='word_1_605' title='bbox 3454 3276 3541 3331; x_wconf 80' lang='grc' dir='ltr'><strong>διά</strong></span> <span class='ocrx_word' id='word_1_606' title='bbox 3592 3278 3691 3348; x_wconf 80' lang='grc' dir='ltr'>τὴν</span> 
     </span>
    </p>
   </div>
   <div class='ocr_carea' id='block_1_77' title="bbox 2112 3361 3690 3440">
    <p class='ocr_par' dir='ltr' id='par_1_77' title="bbox 2112 3361 3690 3440">
     <span class='ocr_line' id='line_1_77' title="bbox 2112 3361 3690 3440; baseline 0.006 -26"><span class='ocrx_word' id='word_1_607' title='bbox 2112 3361 2357 3415; x_wconf 82' lang='grc' dir='ltr'>Ἰωάννου</span> <span class='ocrx_word' id='word_1_608' title='bbox 2382 3363 2517 3433; x_wconf 73' lang='grc' dir='ltr'>πρὸς</span> <span class='ocrx_word' id='word_1_609' title='bbox 2537 3362 2596 3414; x_wconf 81' lang='grc' dir='ltr'>τὸ</span> <span class='ocrx_word' id='word_1_610' title='bbox 2617 3362 2909 3440; x_wconf 87' lang='grc' dir='ltr'>κηρύττειν</span> <span class='ocrx_word' id='word_1_611' title='bbox 2926 3362 3261 3435; x_wconf 84' lang='grc' dir='ltr'>θερμότητα,</span> <span class='ocrx_word' id='word_1_612' title='bbox 3288 3368 3382 3418; x_wconf 84' lang='grc' dir='ltr'><strong>καί</strong></span> <span class='ocrx_word' id='word_1_613' title='bbox 3402 3368 3497 3436; x_wconf 78' lang='grc' dir='ltr'>τῆς</span> <span class='ocrx_word' id='word_1_614' title='bbox 3515 3369 3690 3439; x_wconf 71' lang='grc' dir='ltr'>ἀρχῆ·</span> 
     </span>
    </p>
   </div>
   <div class='ocr_carea' id='block_1_78' title="bbox 2106 3451 3689 3531">
    <p class='ocr_par' dir='ltr' id='par_1_78' title="bbox 2106 3451 3689 3531">
     <span class='ocr_line' id='line_1_78' title="bbox 2106 3451 3689 3531; baseline 0.004 -27"><span class='ocrx_word' id='word_1_615' title='bbox 2106 3451 2198 3505; x_wconf 85' lang='grc' dir='ltr'><strong>θεν</strong></span> <span class='ocrx_word' id='word_1_616' title='bbox 2220 3453 2371 3525; x_wconf 82' lang='grc' dir='ltr'><strong>αύτῷ</strong></span> <span class='ocrx_word' id='word_1_617' title='bbox 2396 3453 2575 3517; x_wconf 87' lang='grc' dir='ltr'>καλῶς</span> <span class='ocrx_word' id='word_1_618' title='bbox 2598 3454 2986 3525; x_wconf 78' lang='grc' dir='ltr'>θεσπισθείσης</span> <span class='ocrx_word' id='word_1_619' title='bbox 3008 3457 3307 3526; x_wconf 86' lang='grc' dir='ltr'>προέταττε</span> <span class='ocrx_word' id='word_1_620' title='bbox 3351 3460 3588 3527; x_wconf 75' lang='grc' dir='ltr'>φύσεως,</span> <span class='ocrx_word' id='word_1_621' title='bbox 3618 3456 3689 3531; x_wconf 70' lang='grc' dir='ltr'>ἦς</span> 
     </span>
    </p>
   </div>
   <div class='ocr_carea' id='block_1_79' title="bbox 2098 3544 3689 3620">
    <p class='ocr_par' dir='ltr' id='par_1_79' title="bbox 2098 3544 3689 3620">
     <span class='ocr_line' id='line_1_79' title="bbox 2098 3544 3689 3620; baseline 0.004 -23"><span class='ocrx_word' id='word_1_622' title='bbox 2098 3545 2194 3597; x_wconf 69' lang='grc' dir='ltr'><strong>καὶ</strong></span> <span class='ocrx_word' id='word_1_623' title='bbox 2217 3544 2379 3609; x_wconf 75' lang='grc' dir='ltr'>αὐτὸς</span> <span class='ocrx_word' id='word_1_624' title='bbox 2400 3545 2490 3598; x_wconf 77' lang='grc' dir='ltr'><strong>δια</strong></span> <span class='ocrx_word' id='word_1_625' title='bbox 2510 3546 2635 3607; x_wconf 69' lang='grc' dir='ltr'>τοὺς</span> <span class='ocrx_word' id='word_1_626' title='bbox 2661 3546 2981 3615; x_wconf 82' lang='grc' dir='ltr'>ἀνθρώπους</span> <span class='ocrx_word' id='word_1_627' title='bbox 2998 3548 3144 3619; x_wconf 78' lang='grc' dir='ltr'>ἡμᾶς</span> <span class='ocrx_word' id='word_1_628' title='bbox 3164 3549 3284 3601; x_wconf 84' lang='grc' dir='ltr'>καθ’</span> <span class='ocrx_word' id='word_1_629' title='bbox 3302 3550 3449 3620; x_wconf 72' lang='grc' dir='ltr'>ἡμᾶς</span> <span class='ocrx_word' id='word_1_630' title='bbox 3465 3551 3689 3619; x_wconf 84' lang='grc' dir='ltr'>γέγονεν</span> 
     </span>
    </p>
   </div>
   <div class='ocr_carea' id='block_1_80' title="bbox 2097 3628 3688 3710">
    <p class='ocr_par' dir='ltr' id='par_1_80' title="bbox 2097 3628 3688 3710">
     <span class='ocr_line' id='line_1_80' title="bbox 2097 3628 3688 3710; baseline 0.002 -19"><span class='ocrx_word' id='word_1_631' title='bbox 2097 3634 2193 3691; x_wconf 81' lang='grc' dir='ltr'><strong>ἀνθ</strong></span> <span class='ocrx_word' id='word_1_632' title='bbox 2204 3653 2405 3706; x_wconf 80' lang='grc' dir='ltr'>ρωπος,</span> <span class='ocrx_word' id='word_1_633' title='bbox 2425 3638 2611 3709; x_wconf 85' lang='grc' dir='ltr'>νόμοις</span> <span class='ocrx_word' id='word_1_634' title='bbox 2628 3636 2911 3691; x_wconf 87' lang='grc' dir='ltr'>δουλεῦσαι</span> <span class='ocrx_word' id='word_1_635' title='bbox 2932 3641 3030 3694; x_wconf 77' lang='grc' dir='ltr'>σὺν</span> <span class='ocrx_word' id='word_1_636' title='bbox 3046 3642 3178 3710; x_wconf 79' lang='grc' dir='ltr'>ημῖν</span> <span class='ocrx_word' id='word_1_637' title='bbox 3195 3639 3554 3708; x_wconf 77' lang='grc' dir='ltr'>κατηξίωσεν·</span> <span class='ocrx_word' id='word_1_638' title='bbox 3570 3628 3688 3695; x_wconf 73' lang='grc' dir='ltr'>ἀλλ’</span> 
     </span>
    </p>
   </div>
   <div class='ocr_carea' id='block_1_81' title="bbox 2097 3729 3691 3806">
    <p class='ocr_par' dir='ltr' id='par_1_81' title="bbox 2097 3729 3691 3806">
     <span class='ocr_line' id='line_1_81' title="bbox 2097 3729 3691 3806; baseline 0.006 -26"><span class='ocrx_word' id='word_1_639' title='bbox 2097 3730 2285 3782; x_wconf 74' lang='grc' dir='ltr'>ἐκεῖνα</span> <span class='ocrx_word' id='word_1_640' title='bbox 2300 3729 2443 3800; x_wconf 84' lang='grc' dir='ltr'>τάχα</span> <span class='ocrx_word' id='word_1_641' title='bbox 2460 3729 2691 3784; x_wconf 83' lang='grc' dir='ltr'>κάνθάδε</span> <span class='ocrx_word' id='word_1_642' title='bbox 2709 3730 2842 3802; x_wconf 60' lang='grc' dir='ltr'>πρὸς</span> <span class='ocrx_word' id='word_1_643' title='bbox 2858 3732 3022 3786; x_wconf 70' lang='grc' dir='ltr'>αὑτὸν</span> <span class='ocrx_word' id='word_1_644' title='bbox 3036 3734 3430 3805; x_wconf 59' lang='grc' dir='ltr'>άπεκρίνατοβ.</span> <span class='ocrx_word' id='word_1_645' title='bbox 3443 3738 3532 3788; x_wconf 72' lang='grc' dir='ltr'>καὶ</span> <span class='ocrx_word' id='word_1_646' title='bbox 3549 3736 3691 3806; x_wconf 80' lang='grc' dir='ltr'>μετὰ</span> 
     </span>
    </p>
   </div>
   <div class='ocr_carea' id='block_1_82' title="bbox 2095 3816 3687 3898">
    <p class='ocr_par' dir='ltr' id='par_1_82' title="bbox 2095 3816 3687 3898">
     <span class='ocr_line' id='line_1_82' title="bbox 2095 3816 3687 3898; baseline 0.008 -29"><span class='ocrx_word' id='word_1_647' title='bbox 2095 3816 2267 3871; x_wconf 83' lang='grc' dir='ltr'>ταῦτα</span> <span class='ocrx_word' id='word_1_648' title='bbox 2290 3818 2529 3887; x_wconf 83' lang='grc' dir='ltr'>προσιὼν</span> <span class='ocrx_word' id='word_1_649' title='bbox 2547 3818 2622 3888; x_wconf 82' lang='grc' dir='ltr'>τῷ</span> <span class='ocrx_word' id='word_1_650' title='bbox 2645 3818 3005 3889; x_wconf 71' lang='grc' dir='ltr'>βαπτίσματι,</span> <span class='ocrx_word' id='word_1_651' title='bbox 3025 3842 3043 3873; x_wconf 88' lang='grc' dir='ltr'>ι</span> <span class='ocrx_word' id='word_1_652' title='bbox 3066 3824 3225 3892; x_wconf 65' lang='grc' dir='ltr'>Ἀφε,</span> <span class='ocrx_word' id='word_1_653' title='bbox 3251 3823 3395 3896; x_wconf 76' lang='grc' dir='ltr'><strong>ἄρτι⁹</strong></span> <span class='ocrx_word' id='word_1_654' title='bbox 3415 3825 3559 3880; x_wconf 81' lang='grc' dir='ltr'>οὕτω</span> <span class='ocrx_word' id='word_1_655' title='bbox 3576 3827 3687 3898; x_wconf 73' lang='grc' dir='ltr'><strong>γάρ</strong></span> 
     </span>
    </p>
   </div>
   <div class='ocr_carea' id='block_1_83' title="bbox 2098 3910 3680 3988">
    <p class='ocr_par' dir='ltr' id='par_1_83' title="bbox 2098 3910 3680 3988">
     <span class='ocr_line' id='line_1_83' title="bbox 2098 3910 3680 3988; baseline 0.005 -27"><span class='ocrx_word' id='word_1_656' title='bbox 2098 3910 2308 3979; x_wconf 77' lang='grc' dir='ltr'>πρέπον</span> <span class='ocrx_word' id='word_1_657' title='bbox 2332 3910 2479 3962; x_wconf 70' lang='grc' dir='ltr'>ἐστὶν</span> <span class='ocrx_word' id='word_1_658' title='bbox 2496 3910 2643 3979; x_wconf 71' lang='grc' dir='ltr'>ἡμᾶς</span> <span class='ocrx_word' id='word_1_659' title='bbox 2667 3910 2952 3980; x_wconf 86' lang='grc' dir='ltr'>πληρῶσαι</span> <span class='ocrx_word' id='word_1_660' title='bbox 2977 3915 3156 3967; x_wconf 79' lang='grc' dir='ltr'>πᾶσαν</span> <span class='ocrx_word' id='word_1_661' title='bbox 3175 3914 3574 3988; x_wconf 71' lang='grc' dir='ltr'>δικ2;οσύνην·ι</span> <span class='ocrx_word' id='word_1_662' title='bbox 3600 3917 3680 3983; x_wconf 56' lang='grc' dir='ltr'>δέ,</span> 
     </span>
    </p>
   </div>
   <div class='ocr_carea' id='block_1_84' title="bbox 2097 4000 3684 4076">
    <p class='ocr_par' dir='ltr' id='par_1_84' title="bbox 2097 4000 3684 4076">
     <span class='ocr_line' id='line_1_84' title="bbox 2097 4000 3684 4076; baseline 0.008 -24"><span class='ocrx_word' id='word_1_663' title='bbox 2097 4001 2172 4063; x_wconf 84' lang='grc' dir='ltr'>ὡς</span> <span class='ocrx_word' id='word_1_664' title='bbox 2193 4001 2364 4064; x_wconf 70' lang='grc' dir='ltr'>εἰκὸς,</span> <span class='ocrx_word' id='word_1_665' title='bbox 2383 4000 2637 4071; x_wconf 82' lang='grc' dir='ltr'>Ἰωάννης</span> <span class='ocrx_word' id='word_1_666' title='bbox 2654 4003 2786 4055; x_wconf 85' lang='grc' dir='ltr'>ἀκού</span> <span class='ocrx_word' id='word_1_667' title='bbox 2796 4020 2913 4067; x_wconf 81' lang='grc' dir='ltr'>σας,</span> <span class='ocrx_word' id='word_1_668' title='bbox 2927 4005 3167 4076; x_wconf 70' lang='grc' dir='ltr'>ἡσύχασε</span> <span class='ocrx_word' id='word_1_669' title='bbox 3179 4007 3273 4061; x_wconf 73' lang='grc' dir='ltr'>καὶ</span> <span class='ocrx_word' id='word_1_670' title='bbox 3288 4008 3370 4061; x_wconf 80' lang='grc' dir='ltr'>ἔτι</span> <span class='ocrx_word' id='word_1_671' title='bbox 3386 4008 3566 4062; x_wconf 81' lang='grc' dir='ltr'>λαλεῖν</span> <span class='ocrx_word' id='word_1_672' title='bbox 3583 4012 3684 4064; x_wconf 66' lang='grc' dir='ltr'>οὒκ</span> 
     </span>
    </p>
   </div>
   <div class='ocr_carea' id='block_1_85' title="bbox 2097 4092 3680 4171">
    <p class='ocr_par' dir='ltr' id='par_1_85' title="bbox 2097 4092 3680 4171">
     <span class='ocr_line' id='line_1_85' title="bbox 2097 4092 3680 4171; baseline 0.006 -28"><span class='ocrx_word' id='word_1_673' title='bbox 2097 4092 2438 4164; x_wconf 74' lang='grc' dir='ltr'>ἐτόλμησεν·</span> <span class='ocrx_word' id='word_1_674' title='bbox 2472 4095 2649 4148; x_wconf 86' lang='grc' dir='ltr'>καίτοι</span> <span class='ocrx_word' id='word_1_675' title='bbox 2700 4095 2823 4150; x_wconf 88' lang='grc' dir='ltr'>λίαν</span> <span class='ocrx_word' id='word_1_676' title='bbox 2879 4098 2976 4168; x_wconf 78' lang='grc' dir='ltr'>τῆς</span> <span class='ocrx_word' id='word_1_677' title='bbox 3025 4099 3353 4170; x_wconf 77' lang='grc' dir='ltr'>συνεχούσης</span> <span class='ocrx_word' id='word_1_678' title='bbox 3400 4101 3680 4171; x_wconf 70' lang='grc' dir='ltr'>αύτὶννη-</span> 
     </span>
    </p>
   </div>
   <div class='ocr_carea' id='block_1_86' title="bbox 2094 4183 3679 4261">
    <p class='ocr_par' dir='ltr' id='par_1_86' title="bbox 2094 4183 3679 4261">
     <span class='ocr_line' id='line_1_86' title="bbox 2094 4183 3679 4261; baseline 0.006 -24"><span class='ocrx_word' id='word_1_679' title='bbox 2094 4183 2221 4248; x_wconf 86' lang='grc' dir='ltr'>δύος</span> <span class='ocrx_word' id='word_1_680' title='bbox 2250 4185 2343 4238; x_wconf 87' lang='grc' dir='ltr'><strong>τοῦ</strong></span> <span class='ocrx_word' id='word_1_681' title='bbox 2374 4185 2756 4257; x_wconf 76' lang='grc' dir='ltr'>διορισαμένου</span> <span class='ocrx_word' id='word_1_682' title='bbox 2789 4190 2955 4243; x_wconf 77' lang='grc' dir='ltr'>πᾶσιν</span> <span class='ocrx_word' id='word_1_683' title='bbox 2998 4193 3109 4255; x_wconf 80' lang='grc' dir='ltr'>τοῖς</span> <span class='ocrx_word' id='word_1_684' title='bbox 3153 4192 3531 4261; x_wconf 82' lang='grc' dir='ltr'>κυῖσκομένοις</span> <span class='ocrx_word' id='word_1_685' title='bbox 3552 4210 3679 4246; x_wconf 87' lang='grc' dir='ltr'>και-</span> 
     </span>
    </p>
   </div>
   <div class='ocr_carea' id='block_1_87' title="bbox 2096 4271 3677 4350">
    <p class='ocr_par' dir='ltr' id='par_1_87' title="bbox 2096 4271 3677 4350">
     <span class='ocr_line' id='line_1_87' title="bbox 2096 4271 3677 4350; baseline 0.006 -26"><span class='ocrx_word' id='word_1_686' title='bbox 2096 4271 2194 4342; x_wconf 81' lang='grc' dir='ltr'><strong>ροῦ</strong></span> <span class='ocrx_word' id='word_1_687' title='bbox 2224 4273 2570 4342; x_wconf 76' lang='grc' dir='ltr'>προεξελθεῖν</span> <span class='ocrx_word' id='word_1_688' title='bbox 2614 4276 2995 4347; x_wconf 72' lang='grc' dir='ltr'>ἐπειγόμενος,</span> <span class='ocrx_word' id='word_1_689' title='bbox 3052 4279 3144 4331; x_wconf 81' lang='grc' dir='ltr'>καὶ</span> <span class='ocrx_word' id='word_1_690' title='bbox 3188 4279 3283 4331; x_wconf 88' lang='grc' dir='ltr'><strong>τοῦ</strong></span> <span class='ocrx_word' id='word_1_691' title='bbox 3312 4279 3495 4333; x_wconf 87' lang='grc' dir='ltr'>θεόθεν</span> <span class='ocrx_word' id='word_1_692' title='bbox 3524 4280 3677 4350; x_wconf 82' lang='grc' dir='ltr'><strong>αύτῷ</strong></span> 
     </span>
    </p>
   </div>
   <div class='ocr_carea' id='block_1_88' title="bbox 2094 4363 3679 4441">
    <p class='ocr_par' dir='ltr' id='par_1_88' title="bbox 2094 4363 3679 4441">
     <span class='ocr_line' id='line_1_88' title="bbox 2094 4363 3679 4441; baseline 0.004 -25"><span class='ocrx_word' id='word_1_693' title='bbox 2094 4363 2341 4428; x_wconf 83' lang='grc' dir='ltr'>δοθέντος</span> <span class='ocrx_word' id='word_1_694' title='bbox 2369 4366 2725 4438; x_wconf 82' lang='grc' dir='ltr'>κηρύγματος</span> <span class='ocrx_word' id='word_1_695' title='bbox 2756 4367 3025 4437; x_wconf 76' lang='grc' dir='ltr'>ἄρξασθαι</span> <span class='ocrx_word' id='word_1_696' title='bbox 3050 4384 3064 4400; x_wconf 80' lang='grc'><em>’</em></span> <span class='ocrx_word' id='word_1_697' title='bbox 3111 4367 3255 4423; x_wconf 90' lang='grc' dir='ltr'>οῦτω</span> <span class='ocrx_word' id='word_1_698' title='bbox 3296 4369 3351 4424; x_wconf 81' lang='grc' dir='ltr'>δὲ</span> <span class='ocrx_word' id='word_1_699' title='bbox 3393 4371 3570 4441; x_wconf 74' lang='grc' dir='ltr'>μῆνας</span> <span class='ocrx_word' id='word_1_700' title='bbox 3596 4374 3679 4423; x_wconf 78' lang='grc' dir='ltr'>ἔτι</span> 
     </span>
    </p>
   </div>
   <div class='ocr_carea' id='block_1_89' title="bbox 421 4450 1998 4530">
    <p class='ocr_par' dir='ltr' id='par_1_89' title="bbox 421 4450 1990 4523">
     <span class='ocr_line' id='line_1_89' title="bbox 421 4450 1990 4523; baseline 0.005 -22"><span class='ocrx_word' id='word_1_701' title='bbox 421 4459 626 4501; x_wconf 77' lang='lat' dir='ltr'><strong>natura:</strong></span> <span class='ocrx_word' id='word_1_702' title='bbox 679 4450 904 4505; x_wconf 86' lang='lat' dir='ltr'><strong>vinculis</strong></span> <span class='ocrx_word' id='word_1_703' title='bbox 949 4450 1244 4506; x_wconf 82' lang='lat' dir='ltr'><strong>detentum.</strong></span> <span class='ocrx_word' id='word_1_704' title='bbox 1274 4454 1503 4507; x_wconf 80' lang='lat' dir='ltr'><strong>Advenit</strong></span> <span class='ocrx_word' id='word_1_705' title='bbox 1551 4464 1729 4508; x_wconf 84' lang='lat' dir='ltr'><strong>autem</strong></span> <span class='ocrx_word' id='word_1_706' title='bbox 1783 4464 1990 4523; x_wconf 89' lang='lat' dir='ltr'><strong>tempus</strong></span> 
     </span>
    </p>
   </div>
   <div class='ocr_carea' id='block_1_90' title="bbox 2105 4450 3676 4530">
    <p class='ocr_par' dir='ltr' id='par_1_90' title="bbox 2105 4455 3676 4530">
     <span class='ocr_line' id='line_1_90' title="bbox 2105 4455 3676 4530; baseline 0.004 -25"><span class='ocrx_word' id='word_1_707' title='bbox 2105 4455 2245 4525; x_wconf 77' lang='grc' dir='ltr'>τρεῖς</span> <span class='ocrx_word' id='word_1_708' title='bbox 2296 4457 2389 4507; x_wconf 76' lang='grc' dir='ltr'>καὶ</span> <span class='ocrx_word' id='word_1_709' title='bbox 2445 4456 2799 4510; x_wconf 83' lang='grc' dir='ltr'>συνοικοῦντα</span> <span class='ocrx_word' id='word_1_710' title='bbox 2834 4458 2924 4510; x_wconf 74' lang='grc' dir='ltr'><strong>τὸν</strong></span> <span class='ocrx_word' id='word_1_711' title='bbox 2957 4457 3232 4513; x_wconf 68' lang='grc' dir='ltr'>κτίσαντα</span> <span class='ocrx_word' id='word_1_712' title='bbox 3277 4459 3549 4530; x_wconf 81' lang='grc' dir='ltr'>βλέποντι,</span> <span class='ocrx_word' id='word_1_713' title='bbox 3580 4461 3676 4514; x_wconf 72' lang='grc' dir='ltr'>καὶ</span> 
     </span>
    </p>
   </div>
   <div class='ocr_carea' id='block_1_91' title="bbox 418 4541 1987 4617">
    <p class='ocr_par' dir='ltr' id='par_1_91' title="bbox 418 4541 1987 4617">
     <span class='ocr_line' id='line_1_91' title="bbox 418 4541 1987 4617; baseline 0.007 -27"><span class='ocrx_word' id='word_1_714' title='bbox 418 4541 679 4608; x_wconf 86' lang='lat' dir='ltr'><strong>pariendi,</strong></span> <span class='ocrx_word' id='word_1_715' title='bbox 709 4550 819 4596; x_wconf 86' lang='lat' dir='ltr'><strong>tres</strong></span> <span class='ocrx_word' id='word_1_716' title='bbox 839 4544 983 4597; x_wconf 88' lang='lat' dir='ltr'><strong>enim</strong></span> <span class='ocrx_word' id='word_1_717' title='bbox 1018 4559 1228 4599; x_wconf 77' lang='lat' dir='ltr'><strong>menses</strong></span> <span class='ocrx_word' id='word_1_718' title='bbox 1272 4544 1436 4615; x_wconf 81' lang='lat' dir='ltr'><strong>Virgo</strong></span> <span class='ocrx_word' id='word_1_719' title='bbox 1466 4561 1747 4617; x_wconf 61' lang='lat' dir='ltr'><strong>ptwguaus</strong></span> <span class='ocrx_word' id='word_1_720' title='bbox 1773 4564 1987 4601; x_wconf 86' lang='lat' dir='ltr'><strong>reman-</strong></span> 
     </span>
    </p>
   </div>
   <div class='ocr_carea' id='block_1_92' title="bbox 358 4633 1992 4707">
    <p class='ocr_par' dir='ltr' id='par_1_92' title="bbox 358 4633 1992 4707">
     <span class='ocr_line' id='line_1_92' title="bbox 358 4633 1992 4707; baseline 0.006 -24"><span class='ocrx_word' id='word_1_721' title='bbox 358 4654 383 4663; x_wconf 62' lang='grc' dir='ltr'>η</span> <span class='ocrx_word' id='word_1_722' title='bbox 417 4643 563 4685; x_wconf 86' lang='lat' dir='ltr'><strong>serat</strong></span> <span class='ocrx_word' id='word_1_723' title='bbox 596 4633 735 4702; x_wconf 85' lang='lat' dir='ltr'><strong>apud</strong></span> <span class='ocrx_word' id='word_1_724' title='bbox 792 4633 1087 4699; x_wconf 84' lang='lat' dir='ltr'><strong>Elisaheth,</strong></span> <span class='ocrx_word' id='word_1_725' title='bbox 1152 4646 1208 4688; x_wconf 90' lang='lat' dir='ltr'><strong>ttt</strong></span> <span class='ocrx_word' id='word_1_726' title='bbox 1256 4638 1489 4692; x_wconf 79' lang='lat' dir='ltr'><strong>termino</strong></span> <span class='ocrx_word' id='word_1_727' title='bbox 1535 4654 1632 4692; x_wconf 87' lang='lat' dir='ltr'><strong>suo</strong></span> <span class='ocrx_word' id='word_1_728' title='bbox 1682 4641 1992 4707; x_wconf 79' lang='lat' dir='ltr'><strong>egrediatur</strong></span> 
     </span>
    </p>
   </div>
   <div class='ocr_carea' id='block_1_93' title="bbox 417 4725 1986 4796">
    <p class='ocr_par' dir='ltr' id='par_1_93' title="bbox 417 4725 1986 4796">
     <span class='ocr_line' id='line_1_93' title="bbox 417 4725 1986 4796; baseline 0.006 -23"><span class='ocrx_word' id='word_1_729' title='bbox 417 4735 590 4790; x_wconf 71' lang='lat' dir='ltr'><strong>prmco</strong></span> <span class='ocrx_word' id='word_1_730' title='bbox 629 4725 892 4793; x_wconf 86' lang='lat' dir='ltr'><strong>veritatis,</strong></span> <span class='ocrx_word' id='word_1_731' title='bbox 929 4726 1018 4796; x_wconf 85' lang='lat' dir='ltr'><strong>qui</strong></span> <span class='ocrx_word' id='word_1_732' title='bbox 1051 4727 1100 4780; x_wconf 89' lang='lat' dir='ltr'><strong>itt</strong></span> <span class='ocrx_word' id='word_1_733' title='bbox 1142 4731 1397 4782; x_wconf 86' lang='lat' dir='ltr'><strong>tttttndttm</strong></span> <span class='ocrx_word' id='word_1_734' title='bbox 1465 4730 1659 4783; x_wconf 88' lang='lat' dir='ltr'><strong>missus</strong></span> <span class='ocrx_word' id='word_1_735' title='bbox 1711 4732 1899 4785; x_wconf 75' lang='lat' dir='ltr'><strong>fuerat.</strong></span> <span class='ocrx_word' id='word_1_736' title='bbox 1934 4732 1986 4784; x_wconf 87' lang='lat' dir='ltr'><strong>ltt</strong></span> 
     </span>
    </p>
   </div>
   <div class='ocr_carea' id='block_1_94' title="bbox 417 4811 1985 4888">
    <p class='ocr_par' dir='ltr' id='par_1_94' title="bbox 417 4811 1985 4888">
     <span class='ocr_line' id='line_1_94' title="bbox 417 4811 1985 4888; baseline 0.009 -28"><span class='ocrx_word' id='word_1_737' title='bbox 417 4811 715 4867; x_wconf 85' lang='lat' dir='ltr'><strong>visceribus</strong></span> <span class='ocrx_word' id='word_1_738' title='bbox 740 4814 931 4868; x_wconf 86' lang='lat' dir='ltr'><strong>matris</strong></span> <span class='ocrx_word' id='word_1_739' title='bbox 960 4830 1072 4870; x_wconf 73' lang='lat' dir='ltr'><strong>suae</strong></span> <span class='ocrx_word' id='word_1_740' title='bbox 1118 4817 1358 4873; x_wconf 89' lang='lat' dir='ltr'><strong>initiatus</strong></span> <span class='ocrx_word' id='word_1_741' title='bbox 1391 4827 1476 4871; x_wconf 90' lang='lat' dir='ltr'><strong>est</strong></span> <span class='ocrx_word' id='word_1_742' title='bbox 1524 4820 1801 4888; x_wconf 83' lang='lat' dir='ltr'><strong>mysteriis</strong></span> <span class='ocrx_word' id='word_1_743' title='bbox 1831 4820 1985 4874; x_wconf 86' lang='lat' dir='ltr'><strong>altis-</strong></span> 
     </span>
    </p>
   </div>
   <div class='ocr_carea' id='block_1_95' title="bbox 417 4901 1992 4981">
    <p class='ocr_par' dir='ltr' id='par_1_95' title="bbox 417 4901 1992 4981">
     <span class='ocr_line' id='line_1_95' title="bbox 417 4901 1992 4981; baseline 0.006 -26"><span class='ocrx_word' id='word_1_744' title='bbox 417 4901 566 4955; x_wconf 72' lang='lat' dir='ltr'><strong>sima:</strong></span> <span class='ocrx_word' id='word_1_745' title='bbox 595 4901 898 4971; x_wconf 82' lang='lat' dir='ltr'><strong>Trinitatis,</strong></span> <span class='ocrx_word' id='word_1_746' title='bbox 922 4907 1057 4960; x_wconf 89' lang='lat' dir='ltr'><strong>sicut</strong></span> <span class='ocrx_word' id='word_1_747' title='bbox 1080 4907 1433 4981; x_wconf 83' lang='lat' dir='ltr'><strong>olitnMnyses</strong></span> <span class='ocrx_word' id='word_1_748' title='bbox 1468 4910 1518 4961; x_wconf 91' lang='lat' dir='ltr'><strong>itt</strong></span> <span class='ocrx_word' id='word_1_749' title='bbox 1548 4909 1701 4963; x_wconf 82' lang='lat' dir='ltr'><strong>nube.</strong></span> <span class='ocrx_word' id='word_1_750' title='bbox 1741 4911 1992 4966; x_wconf 74' lang='lat' dir='ltr'><strong>Nascitur</strong></span> 
     </span>
    </p>
   </div>
   <div class='ocr_carea' id='block_1_96' title="bbox 418 4991 1986 5068">
    <p class='ocr_par' dir='ltr' id='par_1_96' title="bbox 418 4991 1986 5068">
     <span class='ocr_line' id='line_1_96' title="bbox 418 4991 1986 5068; baseline 0.008 -27"><span class='ocrx_word' id='word_1_751' title='bbox 418 4999 595 5044; x_wconf 89' lang='lat' dir='ltr'><strong>autem</strong></span> <span class='ocrx_word' id='word_1_752' title='bbox 624 4991 771 5059; x_wconf 88' lang='lat' dir='ltr'><strong>jussu</strong></span> <span class='ocrx_word' id='word_1_753' title='bbox 833 4992 948 5057; x_wconf 87' lang='lat' dir='ltr'><strong>Dei,</strong></span> <span class='ocrx_word' id='word_1_754' title='bbox 982 4998 1071 5065; x_wconf 91' lang='lat' dir='ltr'><strong>qui</strong></span> <span class='ocrx_word' id='word_1_755' title='bbox 1101 5012 1127 5048; x_wconf 87' lang='lat' dir='ltr'><strong>a</strong></span> <span class='ocrx_word' id='word_1_756' title='bbox 1153 4999 1274 5050; x_wconf 81' lang='lat' dir='ltr'><strong>lltttc</strong></span> <span class='ocrx_word' id='word_1_757' title='bbox 1321 5001 1372 5051; x_wconf 88' lang='lat' dir='ltr'><strong>in</strong></span> <span class='ocrx_word' id='word_1_758' title='bbox 1422 4998 1543 5051; x_wconf 88' lang='lat' dir='ltr'><strong>alvo</strong></span> <span class='ocrx_word' id='word_1_759' title='bbox 1582 4999 1809 5068; x_wconf 68' lang='lat' dir='ltr'><strong>virginis</strong></span> <span class='ocrx_word' id='word_1_760' title='bbox 1869 5011 1986 5055; x_wconf 87' lang='lat' dir='ltr'><strong>erat</strong></span> 
     </span>
    </p>
   </div>
   <div class='ocr_carea' id='block_1_97' title="bbox 414 5082 780 5137">
    <p class='ocr_par' dir='ltr' id='par_1_97' title="bbox 414 5082 780 5137">
     <span class='ocr_line' id='line_1_97' title="bbox 414 5082 780 5137; baseline 0.011 -4"><span class='ocrx_word' id='word_1_761' title='bbox 414 5082 780 5137; x_wconf 85' lang='lat' dir='ltr'><strong>absconditus.</strong></span> 
     </span>
    </p>
   </div>
   <div class='ocr_carea' id='block_1_98' title="bbox 471 5256 1982 5336">
    <p class='ocr_par' dir='ltr' id='par_1_98' title="bbox 471 5256 1982 5336">
     <span class='ocr_line' id='line_1_98' title="bbox 471 5256 1982 5336; baseline 0.009 -26"><span class='ocrx_word' id='word_1_762' title='bbox 471 5256 562 5313; x_wconf 69' lang='lat' dir='ltr'><strong>t5.</strong></span> <span class='ocrx_word' id='word_1_763' title='bbox 592 5257 838 5315; x_wconf 86' lang='lat' dir='ltr'><strong>Nasceus</strong></span> <span class='ocrx_word' id='word_1_764' title='bbox 864 5258 1102 5327; x_wconf 88' lang='lat' dir='ltr'><strong>quidem,</strong></span> <span class='ocrx_word' id='word_1_765' title='bbox 1122 5262 1309 5318; x_wconf 86' lang='lat' dir='ltr'><strong>matris</strong></span> <span class='ocrx_word' id='word_1_766' title='bbox 1336 5278 1445 5319; x_wconf 71' lang='lat' dir='ltr'><strong>sua:</strong></span> <span class='ocrx_word' id='word_1_767' title='bbox 1494 5266 1751 5336; x_wconf 90' lang='lat' dir='ltr'><strong>probrum</strong></span> <span class='ocrx_word' id='word_1_768' title='bbox 1799 5269 1982 5323; x_wconf 80' lang='lat' dir='ltr'><strong>statim</strong></span> 
     </span>
    </p>
   </div>
   <div class='ocr_carea' id='block_1_99' title="bbox 419 5348 1981 5418">
    <p class='ocr_par' dir='ltr' id='par_1_99' title="bbox 419 5348 1981 5418">
     <span class='ocr_line' id='line_1_99' title="bbox 419 5348 1981 5418; baseline 0.009 -17"><span class='ocrx_word' id='word_1_769' title='bbox 419 5348 643 5413; x_wconf 86' lang='lat' dir='ltr'><strong>ademit,</strong></span> <span class='ocrx_word' id='word_1_770' title='bbox 677 5349 893 5418; x_wconf 86' lang='lat' dir='ltr'><strong>qttoilla</strong></span> <span class='ocrx_word' id='word_1_771' title='bbox 942 5352 1249 5406; x_wconf 84' lang='lat' dir='ltr'><strong>sterilitatis</strong></span> <span class='ocrx_word' id='word_1_772' title='bbox 1282 5370 1443 5409; x_wconf 82' lang='lat' dir='ltr'><strong>causa</strong></span> <span class='ocrx_word' id='word_1_773' title='bbox 1471 5357 1837 5414; x_wconf 77' lang='lat' dir='ltr'><strong>adiciebatur.</strong></span> <span class='ocrx_word' id='word_1_774' title='bbox 1876 5362 1981 5415; x_wconf 87' lang='lat' dir='ltr'><strong>Sed</strong></span> 
     </span>
    </p>
   </div>
   <div class='ocr_carea' id='block_1_100' title="bbox 416 5436 1982 5521">
    <p class='ocr_par' dir='ltr' id='par_1_100' title="bbox 416 5436 1982 5521">
     <span class='ocr_line' id='line_1_100' title="bbox 416 5436 1982 5521; baseline 0.01 -28"><span class='ocrx_word' id='word_1_775' title='bbox 416 5438 625 5515; x_wconf 62' lang='lat' dir='ltr'><strong>frenum</strong></span> <span class='ocrx_word' id='word_1_776' title='bbox 655 5441 869 5512; x_wconf 58' lang='lat' dir='ltr'><strong>linguae,</strong></span> <span class='ocrx_word' id='word_1_777' title='bbox 903 5455 1012 5512; x_wconf 88' lang='lat' dir='ltr'><strong>quo</strong></span> <span class='ocrx_word' id='word_1_778' title='bbox 1041 5454 1197 5514; x_wconf 84' lang='lat' dir='ltr'><strong>pater</strong></span> <span class='ocrx_word' id='word_1_779' title='bbox 1250 5436 1528 5504; x_wconf 75' lang='lat' dir='ltr'><strong>laborabat</strong></span> <span class='ocrx_word' id='word_1_780' title='bbox 1562 5464 1784 5521; x_wconf 84' lang='lat' dir='ltr'><strong>propter</strong></span> <span class='ocrx_word' id='word_1_781' title='bbox 1833 5453 1982 5507; x_wconf 78' lang='lat' dir='ltr'><strong>dim-</strong></span> 
     </span>
    </p>
   </div>
   <div class='ocr_carea' id='block_1_101' title="bbox 410 5530 1976 5602">
    <p class='ocr_par' dir='ltr' id='par_1_101' title="bbox 410 5530 1976 5602">
     <span class='ocr_line' id='line_1_101' title="bbox 410 5530 1976 5602; baseline 0.013 -19"><span class='ocrx_word' id='word_1_782' title='bbox 410 5531 607 5583; x_wconf 68' lang='lat' dir='ltr'><strong>tientia:</strong></span> <span class='ocrx_word' id='word_1_783' title='bbox 666 5530 1050 5600; x_wconf 69' lang='lat' dir='ltr'><strong>oll‘cnsionetn,</strong></span> <span class='ocrx_word' id='word_1_784' title='bbox 1108 5551 1214 5590; x_wconf 91' lang='lat' dir='ltr'><strong>non</strong></span> <span class='ocrx_word' id='word_1_785' title='bbox 1278 5538 1435 5593; x_wconf 85' lang='lat' dir='ltr'><strong>solvit</strong></span> <span class='ocrx_word' id='word_1_786' title='bbox 1496 5541 1660 5595; x_wconf 82' lang='lat' dir='ltr'><strong>tilias.</strong></span> <span class='ocrx_word' id='word_1_787' title='bbox 1717 5544 1976 5602; x_wconf 82' lang='lat' dir='ltr'><strong>Astantes</strong></span> 
     </span>
    </p>
   </div>
   <div class='ocr_carea' id='block_1_102' title="bbox 403 5623 1972 5706">
    <p class='ocr_par' dir='ltr' id='par_1_102' title="bbox 403 5623 1972 5706">
     <span class='ocr_line' id='line_1_102' title="bbox 403 5623 1972 5706; baseline 0.011 -33"><span class='ocrx_word' id='word_1_788' title='bbox 403 5636 593 5675; x_wconf 87' lang='lat' dir='ltr'><strong>omnes</strong></span> <span class='ocrx_word' id='word_1_789' title='bbox 610 5623 675 5676; x_wconf 89' lang='lat' dir='ltr'><strong>de</strong></span> <span class='ocrx_word' id='word_1_790' title='bbox 702 5640 868 5691; x_wconf 85' lang='lat' dir='ltr'><strong>puero</strong></span> <span class='ocrx_word' id='word_1_791' title='bbox 898 5627 1251 5683; x_wconf 83' lang='lat' dir='ltr'><strong>decertabant</strong></span> <span class='ocrx_word' id='word_1_792' title='bbox 1279 5646 1293 5695; x_wconf 88' lang='lat'><strong>;</strong></span> <span class='ocrx_word' id='word_1_793' title='bbox 1343 5641 1535 5699; x_wconf 87' lang='lat' dir='ltr'><strong>mater,</strong></span> <span class='ocrx_word' id='word_1_794' title='bbox 1562 5648 1684 5704; x_wconf 72' lang='lat' dir='ltr'><strong>qua:</strong></span> <span class='ocrx_word' id='word_1_795' title='bbox 1710 5650 1738 5689; x_wconf 87' lang='lat' dir='ltr'><strong>a</strong></span> <span class='ocrx_word' id='word_1_796' title='bbox 1766 5634 1972 5706; x_wconf 78' lang='lat' dir='ltr'><strong>Spiritu</strong></span> 
     </span>
    </p>
   </div>
   <div class='ocr_carea' id='block_1_103' title="bbox 513 5732 1012 5800">
    <p class='ocr_par' dir='ltr' id='par_1_103' title="bbox 513 5732 1012 5800">
     <span class='ocr_line' id='line_1_103' title="bbox 513 5732 1012 5800; baseline 0.018 -15"><span class='ocrx_word' id='word_1_797' title='bbox 513 5732 555 5762; x_wconf 82' lang='lat'>”</span> <span class='ocrx_word' id='word_1_798' title='bbox 582 5732 771 5789; x_wconf 68' lang='lat' dir='ltr'><strong>Matth.</strong></span> <span class='ocrx_word' id='word_1_799' title='bbox 807 5750 892 5800; x_wconf 88' lang='grc' dir='ltr'>ιιι,</span> <span class='ocrx_word' id='word_1_800' title='bbox 924 5737 1012 5794; x_wconf 82' lang='lat' dir='ltr'><strong>t5.</strong></span> 
     </span>
    </p>
   </div>
   <div class='ocr_carea' id='block_1_104' title="bbox 2097 4547 3672 4620">
    <p class='ocr_par' dir='ltr' id='par_1_104' title="bbox 2097 4547 3672 4620">
     <span class='ocr_line' id='line_1_104' title="bbox 2097 4547 3672 4620; baseline 0.003 -21"><span class='ocrx_word' id='word_1_801' title='bbox 2097 4549 2207 4601; x_wconf 83' lang='grc' dir='ltr'>τῶν</span> <span class='ocrx_word' id='word_1_802' title='bbox 2235 4547 2414 4601; x_wconf 77' lang='grc' dir='ltr'>αὐτῶν</span> <span class='ocrx_word' id='word_1_803' title='bbox 2455 4549 2553 4615; x_wconf 80' lang='grc' dir='ltr'>τῆς</span> <span class='ocrx_word' id='word_1_804' title='bbox 2609 4549 2824 4616; x_wconf 73' lang='grc' dir='ltr'>φύσεως</span> <span class='ocrx_word' id='word_1_805' title='bbox 2878 4548 3095 4618; x_wconf 86' lang='grc' dir='ltr'>θεσμῶν</span> <span class='ocrx_word' id='word_1_806' title='bbox 3139 4549 3491 4620; x_wconf 84' lang='grc' dir='ltr'>ἀνεχόμενον,</span> <span class='ocrx_word' id='word_1_807' title='bbox 3517 4554 3546 4605; x_wconf 87' lang='grc' dir='ltr'><strong>ό</strong></span> <span class='ocrx_word' id='word_1_808' title='bbox 3578 4552 3672 4604; x_wconf 78' lang='grc' dir='ltr'><strong>τοῦ</strong></span> 
     </span>
    </p>
   </div>
   <div class='ocr_carea' id='block_1_105' title="bbox 2097 4636 3675 4713">
    <p class='ocr_par' dir='ltr' id='par_1_105' title="bbox 2097 4636 3675 4713">
     <span class='ocr_line' id='line_1_105' title="bbox 2097 4636 3675 4713; baseline 0.002 -23"><span class='ocrx_word' id='word_1_809' title='bbox 2097 4636 2259 4690; x_wconf 82' lang='grc' dir='ltr'>τόκου</span> <span class='ocrx_word' id='word_1_810' title='bbox 2284 4638 2474 4709; x_wconf 79' lang='grc' dir='ltr'>καιρὸς</span> <span class='ocrx_word' id='word_1_811' title='bbox 2532 4639 2837 4707; x_wconf 72' lang='grc' dir='ltr'>ἐπιγίνεται</span> <span class='ocrx_word' id='word_1_812' title='bbox 2863 4655 2875 4667; x_wconf 81' lang='grc'><strong>’</strong></span> <span class='ocrx_word' id='word_1_813' title='bbox 2925 4642 3053 4703; x_wconf 75' lang='grc' dir='ltr'>τοῦς</span> <span class='ocrx_word' id='word_1_814' title='bbox 3082 4645 3229 4711; x_wconf 86' lang='grc' dir='ltr'>τρεῖς</span> <span class='ocrx_word' id='word_1_815' title='bbox 3280 4641 3389 4713; x_wconf 82' lang='grc' dir='ltr'>γὰρ</span> <span class='ocrx_word' id='word_1_816' title='bbox 3425 4644 3456 4712; x_wconf 72' lang='grc' dir='ltr'>ἡ</span> <span class='ocrx_word' id='word_1_817' title='bbox 3488 4643 3675 4695; x_wconf 87' lang='grc' dir='ltr'>τοῦτον</span> 
     </span>
    </p>
   </div>
   <div class='ocr_carea' id='block_1_106' title="bbox 2096 4728 3671 4805">
    <p class='ocr_par' dir='ltr' id='par_1_106' title="bbox 2096 4728 3671 4805">
     <span class='ocr_line' id='line_1_106' title="bbox 2096 4728 3671 4805; baseline 0.004 -26"><span class='ocrx_word' id='word_1_818' title='bbox 2096 4728 2439 4798; x_wconf 68' lang='grc' dir='ltr'>κυοφοροῦσα</span> <span class='ocrx_word' id='word_1_819' title='bbox 2477 4729 2749 4800; x_wconf 87' lang='grc' dir='ltr'>Παρθένος</span> <span class='ocrx_word' id='word_1_820' title='bbox 2778 4733 2845 4802; x_wconf 76' lang='grc' dir='ltr'>τῇ</span> <span class='ocrx_word' id='word_1_821' title='bbox 2888 4730 3169 4785; x_wconf 75' lang='grc' dir='ltr'>Ἐλισάϐετ</span> <span class='ocrx_word' id='word_1_822' title='bbox 3203 4734 3671 4805; x_wconf 85' lang='grc' dir='ltr'>συμπαρέμεινεν,</span> 
     </span>
    </p>
   </div>
   <div class='ocr_carea' id='block_1_107' title="bbox 2094 4818 3674 4895">
    <p class='ocr_par' dir='ltr' id='par_1_107' title="bbox 2094 4818 3674 4895">
     <span class='ocr_line' id='line_1_107' title="bbox 2094 4818 3674 4895; baseline 0.006 -26"><span class='ocrx_word' id='word_1_823' title='bbox 2094 4819 2244 4881; x_wconf 83' lang='grc' dir='ltr'>ὅπως</span> <span class='ocrx_word' id='word_1_824' title='bbox 2270 4818 2499 4881; x_wconf 78' lang='grc' dir='ltr'>ἐντελῶς</span> <span class='ocrx_word' id='word_1_825' title='bbox 2530 4821 2557 4871; x_wconf 85' lang='grc' dir='ltr'>ὁ</span> <span class='ocrx_word' id='word_1_826' title='bbox 2587 4819 2645 4883; x_wconf 77' lang='grc' dir='ltr'>ἐξ</span> <span class='ocrx_word' id='word_1_827' title='bbox 2698 4821 2869 4889; x_wconf 71' lang='grc' dir='ltr'>αύτῆς</span> <span class='ocrx_word' id='word_1_828' title='bbox 2926 4824 3349 4893; x_wconf 82' lang='grc' dir='ltr'>προερχόμενος,</span> <span class='ocrx_word' id='word_1_829' title='bbox 3375 4825 3469 4878; x_wconf 79' lang='grc' dir='ltr'>καὶ</span> <span class='ocrx_word' id='word_1_830' title='bbox 3498 4826 3674 4895; x_wconf 74' lang='grc' dir='ltr'>κήρυξ</span> 
     </span>
    </p>
   </div>
   <div class='ocr_carea' id='block_1_108' title="bbox 2094 4910 3673 4985">
    <p class='ocr_par' dir='ltr' id='par_1_108' title="bbox 2094 4910 3673 4985">
     <span class='ocr_line' id='line_1_108' title="bbox 2094 4910 3673 4985; baseline 0.005 -23"><span class='ocrx_word' id='word_1_831' title='bbox 2094 4910 2297 4981; x_wconf 75' lang='grc' dir='ltr'>ἀληθὴς</span> <span class='ocrx_word' id='word_1_832' title='bbox 2326 4911 2402 4981; x_wconf 74' lang='grc' dir='ltr'><strong>τῷ</strong></span> <span class='ocrx_word' id='word_1_833' title='bbox 2425 4911 2616 4982; x_wconf 81' lang='grc' dir='ltr'>κόσμῳ</span> <span class='ocrx_word' id='word_1_834' title='bbox 2646 4912 3015 4982; x_wconf 84' lang='grc' dir='ltr'>στελλόμενος,</span> <span class='ocrx_word' id='word_1_835' title='bbox 3043 4914 3140 4983; x_wconf 72' lang='grc' dir='ltr'>τῆς</span> <span class='ocrx_word' id='word_1_836' title='bbox 3166 4916 3475 4985; x_wconf 84' lang='grc' dir='ltr'>ύπερτάτης</span> <span class='ocrx_word' id='word_1_837' title='bbox 3504 4917 3673 4985; x_wconf 80' lang='grc' dir='ltr'>Τριά-</span> 
     </span>
    </p>
   </div>
   <div class='ocr_carea' id='block_1_109' title="bbox 2090 5003 3669 5077">
    <p class='ocr_par' dir='ltr' id='par_1_109' title="bbox 2090 5003 3669 5077">
     <span class='ocr_line' id='line_1_109' title="bbox 2090 5003 3669 5077; baseline 0.002 -22"><span class='ocrx_word' id='word_1_838' title='bbox 2090 5004 2176 5067; x_wconf 83' lang='grc' dir='ltr'><strong>δος</strong></span> <span class='ocrx_word' id='word_1_839' title='bbox 2231 5003 2308 5066; x_wconf 87' lang='grc' dir='ltr'>ὡς</span> <span class='ocrx_word' id='word_1_840' title='bbox 2364 5005 2422 5056; x_wconf 84' lang='grc' dir='ltr'><strong>έν</strong></span> <span class='ocrx_word' id='word_1_841' title='bbox 2481 5006 2679 5074; x_wconf 67' lang='grc' dir='ltr'>νεφέλῃ</span> <span class='ocrx_word' id='word_1_842' title='bbox 2734 5006 3003 5075; x_wconf 80' lang='grc' dir='ltr'>Μωσαῖκῇ</span> <span class='ocrx_word' id='word_1_843' title='bbox 3055 5009 3121 5076; x_wconf 78' lang='grc' dir='ltr'>τῇ</span> <span class='ocrx_word' id='word_1_844' title='bbox 3184 5004 3412 5076; x_wconf 65' lang='grc' dir='ltr'>μητρῷα</span> <span class='ocrx_word' id='word_1_845' title='bbox 3472 5010 3669 5077; x_wconf 71' lang='grc' dir='ltr'>γαστρὶ</span> 
     </span>
    </p>
   </div>
   <div class='ocr_carea' id='block_1_110' title="bbox 2095 5094 3667 5169">
    <p class='ocr_par' dir='ltr' id='par_1_110' title="bbox 2095 5094 3667 5169">
     <span class='ocr_line' id='line_1_110' title="bbox 2095 5094 3667 5169; baseline 0.002 -24"><span class='ocrx_word' id='word_1_846' title='bbox 2095 5096 2273 5165; x_wconf 77' lang='grc' dir='ltr'>μυηθῇ</span> <span class='ocrx_word' id='word_1_847' title='bbox 2302 5096 2370 5146; x_wconf 77' lang='grc' dir='ltr'><strong>τά</strong></span> <span class='ocrx_word' id='word_1_848' title='bbox 2396 5097 2675 5165; x_wconf 79' lang='grc' dir='ltr'>μυστήρια</span> <span class='ocrx_word' id='word_1_849' title='bbox 2701 5114 2714 5127; x_wconf 90' lang='grc'><strong>·</strong></span> <span class='ocrx_word' id='word_1_850' title='bbox 2743 5094 2839 5147; x_wconf 79' lang='grc' dir='ltr'>καὶ</span> <span class='ocrx_word' id='word_1_851' title='bbox 2883 5095 3126 5147; x_wconf 83' lang='grc' dir='ltr'>τίκτεται</span> <span class='ocrx_word' id='word_1_852' title='bbox 3170 5096 3264 5148; x_wconf 89' lang='grc' dir='ltr'><strong>τοῦ</strong></span> <span class='ocrx_word' id='word_1_853' title='bbox 3302 5098 3360 5148; x_wconf 81' lang='grc' dir='ltr'>ἐν</span> <span class='ocrx_word' id='word_1_854' title='bbox 3384 5098 3569 5169; x_wconf 71' lang='grc' dir='ltr'>μήτρᾳ</span> <span class='ocrx_word' id='word_1_855' title='bbox 3599 5100 3667 5168; x_wconf 73' lang='grc' dir='ltr'><strong>τῇ</strong></span> 
     </span>
    </p>
   </div>
   <div class='ocr_carea' id='block_1_111' title="bbox 2091 5183 3260 5256">
    <p class='ocr_par' dir='ltr' id='par_1_111' title="bbox 2091 5183 3260 5256">
     <span class='ocr_line' id='line_1_111' title="bbox 2091 5183 3260 5256; baseline 0.002 -20"><span class='ocrx_word' id='word_1_856' title='bbox 2091 5186 2399 5256; x_wconf 60' lang='grc' dir='ltr'>παρθενικῇ</span> <span class='ocrx_word' id='word_1_857' title='bbox 2427 5184 2809 5255; x_wconf 81' lang='grc' dir='ltr'>κρυπτομένου</span> <span class='ocrx_word' id='word_1_858' title='bbox 2837 5183 2972 5237; x_wconf 84' lang='grc' dir='ltr'>Θεοῦ</span> <span class='ocrx_word' id='word_1_859' title='bbox 2997 5185 3260 5252; x_wconf 82' lang='grc' dir='ltr'>διατάξει.</span> 
     </span>
    </p>
   </div>
   <div class='ocr_carea' id='block_1_112' title="bbox 2165 5274 3669 5349">
    <p class='ocr_par' dir='ltr' id='par_1_112' title="bbox 2165 5274 3669 5349">
     <span class='ocr_line' id='line_1_112' title="bbox 2165 5274 3669 5349; baseline 0.007 -25"><span class='ocrx_word' id='word_1_860' title='bbox 2165 5281 2246 5327; x_wconf 87' lang='grc' dir='ltr'><strong>ιε’.</strong></span> <span class='ocrx_word' id='word_1_861' title='bbox 2278 5276 2388 5327; x_wconf 70' lang='grc' dir='ltr'><strong>Καὶ</strong></span> <span class='ocrx_word' id='word_1_862' title='bbox 2439 5276 2650 5345; x_wconf 73' lang='grc' dir='ltr'>τεχθεὶς</span> <span class='ocrx_word' id='word_1_863' title='bbox 2692 5274 2789 5345; x_wconf 80' lang='grc' dir='ltr'>τῆς</span> <span class='ocrx_word' id='word_1_864' title='bbox 2815 5278 2913 5345; x_wconf 70' lang='grc' dir='ltr'>μὲν</span> <span class='ocrx_word' id='word_1_865' title='bbox 2935 5275 3202 5346; x_wconf 78' lang='grc' dir='ltr'>τεκούσης</span> <span class='ocrx_word' id='word_1_866' title='bbox 3230 5278 3439 5349; x_wconf 74' lang='grc' dir='ltr'>μητρὸς</span> <span class='ocrx_word' id='word_1_867' title='bbox 3464 5279 3669 5345; x_wconf 83' lang='grc' dir='ltr'>εὐθέως</span> 
     </span>
    </p>
   </div>
   <div class='ocr_carea' id='block_1_113' title="bbox 2087 5365 3668 5442">
    <p class='ocr_par' dir='ltr' id='par_1_113' title="bbox 2087 5365 3668 5442">
     <span class='ocr_line' id='line_1_113' title="bbox 2087 5365 3668 5442; baseline 0.006 -25"><span class='ocrx_word' id='word_1_868' title='bbox 2087 5367 2147 5427; x_wconf 70' lang='grc' dir='ltr'><strong>το</strong></span> <span class='ocrx_word' id='word_1_869' title='bbox 2170 5366 2371 5429; x_wconf 78' lang='grc' dir='ltr'>δνειδος</span> <span class='ocrx_word' id='word_1_870' title='bbox 2424 5365 2684 5432; x_wconf 81' lang='grc' dir='ltr'>ἔπαυσεν,</span> <span class='ocrx_word' id='word_1_871' title='bbox 2719 5366 2778 5419; x_wconf 85' lang='grc' dir='ltr'>ὃν</span> <span class='ocrx_word' id='word_1_872' title='bbox 2811 5369 2877 5421; x_wconf 85' lang='grc' dir='ltr'>ὲκ</span> <span class='ocrx_word' id='word_1_873' title='bbox 2925 5368 3017 5421; x_wconf 88' lang='grc' dir='ltr'><strong>τοῦ</strong></span> <span class='ocrx_word' id='word_1_874' title='bbox 3070 5368 3170 5438; x_wconf 80' lang='grc' dir='ltr'>τῆς</span> <span class='ocrx_word' id='word_1_875' title='bbox 3214 5372 3474 5435; x_wconf 81' lang='grc' dir='ltr'>ἀπαιδίας</span> <span class='ocrx_word' id='word_1_876' title='bbox 3510 5373 3668 5442; x_wconf 74' lang='grc' dir='ltr'>ἔσχεν</span> 
     </span>
    </p>
   </div>
   <div class='ocr_carea' id='block_1_114' title="bbox 2086 5456 3665 5537">
    <p class='ocr_par' dir='ltr' id='par_1_114' title="bbox 2086 5456 3665 5537">
     <span class='ocr_line' id='line_1_114' title="bbox 2086 5456 3665 5537; baseline 0.007 -29"><span class='ocrx_word' id='word_1_877' title='bbox 2086 5456 2430 5526; x_wconf 73' lang='grc' dir='ltr'>ἐγκλήματος</span> <span class='ocrx_word' id='word_1_878' title='bbox 2456 5473 2467 5485; x_wconf 76' lang='grc'><strong><em>⁸</em></strong></span> <span class='ocrx_word' id='word_1_879' title='bbox 2493 5460 2592 5528; x_wconf 74' lang='grc' dir='ltr'>τῆς</span> <span class='ocrx_word' id='word_1_880' title='bbox 2636 5458 2693 5512; x_wconf 78' lang='grc' dir='ltr'>δὲ</span> <span class='ocrx_word' id='word_1_881' title='bbox 2754 5458 2847 5513; x_wconf 89' lang='grc' dir='ltr'><strong>τοῦ</strong></span> <span class='ocrx_word' id='word_1_882' title='bbox 2893 5461 3145 5524; x_wconf 89' lang='grc' dir='ltr'>τεκόντος</span> <span class='ocrx_word' id='word_1_883' title='bbox 3181 5465 3389 5533; x_wconf 72' lang='grc' dir='ltr'>πατρὸς</span> <span class='ocrx_word' id='word_1_884' title='bbox 3418 5462 3665 5537; x_wconf 68' lang='grc' dir='ltr'>γλώττης</span> 
     </span>
    </p>
   </div>
   <div class='ocr_carea' id='block_1_115' title="bbox 2084 5547 3662 5623">
    <p class='ocr_par' dir='ltr' id='par_1_115' title="bbox 2084 5547 3662 5623">
     <span class='ocr_line' id='line_1_115' title="bbox 2084 5547 3662 5623; baseline 0.006 -24"><span class='ocrx_word' id='word_1_885' title='bbox 2084 5547 2177 5601; x_wconf 71' lang='grc' dir='ltr'><strong>τὸν</strong></span> <span class='ocrx_word' id='word_1_886' title='bbox 2200 5548 2414 5618; x_wconf 75' lang='grc' dir='ltr'>χαλινὸν</span> <span class='ocrx_word' id='word_1_887' title='bbox 2472 5550 2569 5602; x_wconf 79' lang='grc' dir='ltr'><strong>ούκ</strong></span> <span class='ocrx_word' id='word_1_888' title='bbox 2627 5550 2916 5616; x_wconf 78' lang='grc' dir='ltr'>ἀπέλυσεν,</span> <span class='ocrx_word' id='word_1_889' title='bbox 2964 5551 3025 5605; x_wconf 82' lang='grc' dir='ltr'>ὃν</span> <span class='ocrx_word' id='word_1_890' title='bbox 3056 5555 3119 5605; x_wconf 82' lang='grc' dir='ltr'>ὲκ</span> <span class='ocrx_word' id='word_1_891' title='bbox 3153 5552 3245 5606; x_wconf 82' lang='grc' dir='ltr'><strong>τοῦ</strong></span> <span class='ocrx_word' id='word_1_892' title='bbox 3277 5555 3375 5623; x_wconf 88' lang='grc' dir='ltr'>τῆς</span> <span class='ocrx_word' id='word_1_893' title='bbox 3404 5555 3662 5620; x_wconf 86' lang='grc' dir='ltr'>ἀπιστίας</span> 
     </span>
    </p>
   </div>
   <div class='ocr_carea' id='block_1_116' title="bbox 2087 5636 3662 5716">
    <p class='ocr_par' dir='ltr' id='par_1_116' title="bbox 2087 5636 3662 5716">
     <span class='ocr_line' id='line_1_116' title="bbox 2087 5636 3662 5716; baseline 0.006 -26"><span class='ocrx_word' id='word_1_894' title='bbox 2087 5636 2211 5707; x_wconf 65' lang='grc' dir='ltr'>ἔσχε</span> <span class='ocrx_word' id='word_1_895' title='bbox 2246 5638 2668 5708; x_wconf 68' lang='grc' dir='ltr'>προσκόμματος</span> <span class='ocrx_word' id='word_1_896' title='bbox 2694 5655 2707 5669; x_wconf 76' lang='grc'><strong><em>⁸</em></strong></span> <span class='ocrx_word' id='word_1_897' title='bbox 2735 5641 2826 5693; x_wconf 77' lang='grc' dir='ltr'>καὶ</span> <span class='ocrx_word' id='word_1_898' title='bbox 2862 5644 2990 5705; x_wconf 84' lang='grc' dir='ltr'>παῖς</span> <span class='ocrx_word' id='word_1_899' title='bbox 3021 5643 3123 5712; x_wconf 81' lang='grc' dir='ltr'>μὲν</span> <span class='ocrx_word' id='word_1_900' title='bbox 3159 5646 3271 5709; x_wconf 88' lang='grc' dir='ltr'>τοῖς</span> <span class='ocrx_word' id='word_1_901' title='bbox 3300 5643 3467 5716; x_wconf 83' lang='grc' dir='ltr'>όρῶσι</span> <span class='ocrx_word' id='word_1_902' title='bbox 3496 5646 3662 5702; x_wconf 74' lang='grc' dir='ltr'>πᾶσιν</span> 
     </span>
    </p>
   </div>
  </div>
