4022 6206
370 265 509 330 3Ἰ45
968 268 1249 333 ORATIO
1279 271 1411 333 VII.
1437 298 1503 310 --
1531 274 1935 338 ENCOMIUM
1973 275 2055 339 IN
2089 277 2148 338 S.
2189 265 3024 341 JOANNEM-BAPTISTAM.
3496 282 3640 347 3346

369 377 422 434 εῐ
449 377 847 450 ἁναμφίϐολσς·
886 380 919 451 ἡ
947 380 1184 435 τεκιύσα
1225 382 1324 451 μὲν
1353 383 1462 454 γὰρ
1508 384 1606 454 τὴν
1637 384 1815 455 ψυχὴν
1855 385 1943 437 ἐλο

2071 386 2307 440 Ilustrata
2327 386 2737 450 eratJoannem
2757 388 2902 442 illum
2939 385 3192 457 appellari
3220 388 3382 444 voluit
3399 406 3414 458 ;
3430 394 3531 450 lioc
3545 411 3642 453 no-

370 470 697 541 λαμπομένη
744 469 822 541 τῷ
868 472 1167 541 Πνεύματι,
1210 474 1464 544 Ἰωάννην
1496 476 1656 530 αὑτὸν
1684 476 1944 546 ἠϐούλετο

2071 490 2175 529 neu
2195 474 2515 531 Hebraicum
2556 478 2601 533 si
2630 478 2680 531 in
2708 477 3224 551 linguam-Graecam
3242 483 3492 549 verteris,
3512 499 3643 554 gra-

369 561 656 632 λέγεσθαι·
688 562 801 618 ὃ-δέ
856 561 1116 641 Ἑϐραῖκῇ
1164 566 1262 634 μὲν
1297 567 1625 636 ἐκφωνεῖται
1658 569 1833 637 φωνῇ,
1864 569 1944 632 είς

2076 566 2181 617 iam
2196 575 2248 619 et
2262 564 2589 633 adjutorium
2606 565 2700 620 Dei
2711 576 2888 621 sonat.
2899 565 3068 621 Vicini
3082 581 3476 640 synagogaeque
3488 571 3654 626 devo-

369 653 472 727 τὴν
520 654 801 724 Ἑλληνίδα
836 652 892 706 δὲ
929 653 1350 724 μετερχόμενον,
1385 655 1534 710 Θεοῦ
1563 655 1739 726 χάριν
1766 655 1952 723 δηλοῖ

2071 656 2096 708 .i
2118 667 2172 711 et
2195 656 2465 725 discipuli,
2484 659 2803 727 pr0pbetico
2824 660 3043 714 nomine
3064 659 3269 725 audito,
3290 670 3453 730 atque
3468 662 3642 732 gratia

369 750 461 804 καὶ
493 745 904 815 παράστασιν·
925 747 976 799 οί
996 746 1051 799 δέ
1076 749 1358 815 συγγενεῖς
1379 748 1594 819 καὶτῆς
1625 749 1946 818 συναγωγῆς

2071 748 2148 803 Dei
2187 758 2241 802 et
2272 748 2448 803 Patris
2474 752 2732 803 mundum
2765 750 2876 819 jam
2910 751 3269 817 illuminante,
3335 754 3643 811 istiusmodi

367 837 512 905 φίλοι
543 838 636 890 καὶ
657 837 914 907 τρόφιμοι
945 837 1045 907 τῆς
1071 838 1419 907 προφητικῆς
1449 839 1764 909 ἐπωνυμίας
1787 838 1948 894 ἀκού·

370 944 587 990 σαντες,
620 927 715 980 καὶ
740 931 995 997 παρεῖναι
1019 928 1096 998 τῷ
1118 929 1311 999 κόσμῳ
1332 928 1428 982 τοῦ
1454 928 1589 983 Θεοῦ
1619 932 1715 984 καὶ
1738 931 1949 1003 Πατρὸς

368 1021 468 1085 τὴν
506 1020 667 1090 χάριν
699 1020 958 1089 οἰόμενοι,
988 1021 1195 1092 ταύτην
1246 1020 1529 1090 ἠρνοῦντο,
1558 1021 1654 1075 καὶ
1689 1023 1829 1091 μετὰ
1848 1022 1950 1092 τῆς

2057 839 2269 894 titulum
2325 850 2675 909 rcSpueruut,
2695 841 2970 911 propriam
3016 842 3463 913 signiﬁcationem
3508 844 3644 902 effu-

2056 946 2185 1001 gere
2223 931 2455 987 etaliam
2478 931 2738 987 inducere
2762 933 3119 987 conabantur.
3160 934 3345 1007 itaque
3373 936 3637 993 audacius

2062 1022 2317 1093 genitrici
2347 1023 2609 1077 dixerunt
2651 1041 2666 1078 :
2703 1042 2722 1075 ι
2756 1021 2891 1089 Quia
2912 1038 3016 1077 non
3040 1024 3197 1078 estin
3222 1035 3380 1096 gente
3413 1037 3525 1094 tua,
3548 1030 3639 1100 qui

369 1113 579 1173 οἰκείας
603 1113 897 1181 ἐμφάσεως
925 1112 1156 1181 ἔφευγον
1190 1154 1205 1176 ,
1240 1114 1334 1167 καὶ
1359 1113 1423 1183 δὴ
1451 1114 1544 1167 καὶ
1573 1115 1825 1183 ἀμείϐειν
1854 1118 1951 1169 αὖ·

2071 1114 2277 1167 nomine
2307 1114 2410 1168 isto
2443 1114 2761 1181 appelletur,
2784 1133 2801 1166 ι
2838 1112 3144 1169 Judaeorum
3173 1118 3316 1171 enim
3336 1133 3538 1173 morem
3563 1120 3649 1176 in-

372 1208 473 1278 τὴν
507 1205 810 1275 ἐπειρῶντο
842 1206 933 1259 καὶ
983 1205 1197 1275 ἦθελον,
1249 1207 1343 1259 καὶ
1385 1204 1784 1278 τολμηρότερον
1814 1209 1953 1277 πρὸς

2071 1207 2378 1259 Lenia-bant.
2410 1204 2592 1272 Pater,
2616 1220 2738 1259 cum
2768 1205 2911 1275 loqui
2950 1222 3058 1261 non
3079 1218 3278 1275 posset,
3307 1219 3361 1263 et
3388 1212 3644 1265 indicimn

371 1298 470 1368 τὴν
491 1297 743 1365 φύσασαν
760 1297 962 1364 ἔλεγον·
975 1318 992 1349 ι
1005 1297 1127 1350 Ὅτι
1145 1296 1329 1361 οὐδείς
1339 1299 1487 1351 ἐστιν
1504 1301 1559 1351 ἐν
1574 1302 1639 1369 τῇ
1662 1302 1954 1371 συγγενείᾳ

2071 1294 2309 1362 haberet,
2347 1297 2579 1364 sumpsit
2610 1295 2865 1351 tabellam
2891 1307 2946 1352 et
2984 1316 3002 1349 ι
3039 1296 3275 1353 Joannes
3324 1311 3403 1357 est
3449 1318 3643 1357 nouicn

375 1404 470 1441 σου
503 1388 561 1447 6.:
584 1387 828 1441 καλεῖται
860 1385 937 1455 τῷ
953 1384 1177 1455 ὀνόματι
1210 1386 1388 1457 τούτῳ
1407 1401 1422 1417 ·
1463 1405 1483 1437 ι
1516 1386 1749 1456 ἧμελλον
1770 1388 1879 1457 γὰρ
1904 1390 1953 1440 oi

2071 1386 2177 1455 ejus
2209 1388 2277 1450 “,
2308 1406 2325 1437 ι
2369 1388 2652 1450 exaravit;
2686 1389 2784 1442 hoc
2808 1403 2911 1440 non
2933 1398 3137 1443 tantum
3168 1390 3218 1443 iu
3248 1391 3388 1448 ceris
3405 1393 3644 1463 scripsit,

371 1481 472 1550 τὴν
532 1477 832 1547 Ἰουδαῖκὴν
910 1477 1358 1548 ἀποπληροῦντες
1425 1480 1773 1548 συγγένειαν·
1824 1481 1854 1531 6
1897 1479 1955 1533 δὲ

2071 1477 2166 1533 sed
2200 1479 2341 1546 quod
2379 1478 2576 1533 litteris
2620 1481 2891 1535 scribebat
2918 1481 3279 1536 «exclamavit
3319 1492 3373 1536 ct
3410 1483 3594 1539 verbis
3625 1501 3641 1551 ;

374 1573 575 1639 πυξίδα
592 1570 776 1625 λαϐὼν
799 1571 889 1625 διὰ
920 1569 1212 1640 νεύματος,
1252 1572 1374 1624 ἐπεὶ
1400 1570 1579 1624 λαλεῖν
1606 1574 1679 1641 μὴ
1711 1572 1953 1636 ἐδύνατο,

379 1684 399 1717 ι
423 1664 674 1732 Ἰωάννης
695 1662 935 1733 τοῦνομα
952 1662 1046 1716 τοῦ
1069 1663 1285 1729 παιδὸς,
1310 1682 1328 1713 ι
1360 1648 1759 1733 ἀπεχάρατέεν·
1779 1665 1840 1717 οὐ
1860 1664 1957 1735 μό-

2065 1584 2283 1623 manum
2316 1585 2469 1624 suam
2489 1571 2554 1623 ad
2590 1579 2794 1623 motum
2830 1571 3021 1638 linguae
3053 1587 3155 1625 una
3180 1573 3463 1640 conduxit,
3485 1575 3557 1630 ita
3587 1590 3646 1630 ut

2071 1675 2263 1714 manus
2280 1671 2334 1714 et
2373 1664 2541 1717 terba
2574 1661 2733 1714 siuzul
2774 1664 3148 1730 procederent.
3179 1664 3260 1717 Ad
3300 1665 3403 1719 hoc
3438 1666 3649 1734 signiti-

376 1774 475 1811 νονς
490 1758 545 1811 δέ
570 1756 731 1809 τοῦτο
751 1758 861 1819 τοῖς
878 1755 1092 1826 κηρίοις
1116 1756 1437 1826 ἐνέγραψεν,
1464 1754 1598 1809 ἀλλὰ
1622 1757 1714 1809 καὶ
1734 1757 1962 1828 γράφων

2071 1752 2293 1806 cautium
2330 1752 2517 1806 beatus
2547 1753 2878 1819 evangelista
2905 1755 3161 1822 prmclare
3183 1757 3311 1809 dicit
3337 1774 3350 1810 :
3381 1774 3400 1807 ι
3463 1756 3528 1811 Ει
3553 1773 3650 1828 po-

379 1851 489 1911 τοῖς
512 1846 1016 1919 γράμμασιν,,ὲϐόα
1066 1848 1178 1908 τοῖς
1210 1847 1473 1917 ῥήμασιν,
1510 1847 1594 1916 τῷ
1641 1847 1744 1915 τῆς
1779 1848 1963 1919 χειρὸς

379 1937 663 2011 κινήματι,
728 1938 1027 2009 σύνδρομον
1079 1939 1181 2010 τῆς
1238 1938 1484 2011 γλώττης
1541 1926 1824 2009 ἐμξεαίνων
1867 1941 1965 2007 τὴν

376 2032 612 2099 κίνησιν,
642 2032 740 2084 καί
771 2032 837 2101 τῇ
862 2030 1088 2101 γραφίδι
1136 2029 1405 2101 τρεχούσῃ
1445 2031 1659 2095 δεικνὺς
1688 2030 1777 2086 τδν
1808 2032 1966 2100 λόγον

377 2120 741 2190 συντρέχοντα
763 2137 777 2150 ·
809 2119 971 2174 τοῦτο
1019 2120 1129 2192 γὰρ
1182 2123 1424 2192 σημᾶναι
1472 2121 1794 2192 βουλόμενος
1817 2123 1912 2176 καὶ
1938 2125 1967 2177 6

375 2212 648 2283 μακάριος
667 2211 1058 2283 εὖαγγελιστὴς
1081 2211 1557 2285 ἐμφαντικώτερον
1579 2213 1800 2285 ἔφησεν·
1824 2216 1968 2281 ,Καὶ

373 2303 606 2374 αἰτήσας
639 2302 938 2357 πινακίδιον
993 2301 1230 2375 ἔγραψεν
1258 2304 1431 2374 λέγων
1456 2321 1472 2337 ·
1527 2305 1782 2375 Ἰωάννης
1812 2306 1966 2360 ἕσται

372 2395 436 2448 τὸ
462 2392 634 2464 ὄνομα
667 2392 834 2447 αὑτοῦ
863 2411 880 2427 ·
911 2411 931 2446 ι
971 2394 1089 2465 ἅμα
1114 2384 1224 2466 γάρ
1277 2395 1518 2468 ἓγραφέν
1543 2413 1603 2449 τε
1629 2397 1724 2450 καὶ
1757 2397 1964 2466 ἔλεγεν,

376 2488 471 2540 καὶ
510 2485 807 2556 σύγχρονον
839 2487 1100 2556 παρεῖχεν
1144 2488 1280 2558 όρᾷν
1332 2487 1431 2558 τὴν
1469 2488 1735 2560 ἐκατέρου
1766 2489 1967 2559 μέρους

375 2577 627 2648 γλώττης
684 2577 778 2631 καὶ
835 2576 1017 2649 χειρὸς
1067 2578 1336 2649 ἑκατέρας
1396 2578 1712 2650 ἐνέργειαν·
1764 2579 1966 2652 οὐγὰρ

377 2669 586 2738 ἔγραφε
622 2669 743 2740 μὲν,
769 2670 877 2723 οὐκ
900 2670 1087 2737 ἔλεγεν
1127 2669 1183 2723 δέ
1207 2684 1220 2699 ·
1260 2669 1293 2740 ἢ
1332 2668 1486 2740 ἔλεγε
1522 2672 1642 2741 μὲν,
1670 2672 1770 2724 οὐκ
1802 2671 1967 2741 ἔγραο

376 2777 478 2829 φεν
531 2761 608 2820 δὲ.
667 2760 782 2813 ἀλλ’
822 2760 1011 2829 ἔλεγεν
1054 2761 1184 2825 ἴσως
1207 2762 1301 2814 καὶ
1322 2762 1597 2834 ἔγραφεν·
1652 2762 1747 2817 καὶ
1783 2766 1813 2831 ἡ
1844 2764 1965 2834 χεὶρ

376 2853 624 2907 κάτωθεν
655 2852 824 2919 ἔθεεν,
848 2854 944 2906 καὶ
960 2856 987 2907 6
1005 2854 1161 2922 λόγος
1179 2853 1385 2909 ἄνωθεν
1410 2854 1598 2927 ἔρρεεν
1621 2872 1633 2885 ·
1670 2857 1765 2909 καὶ¹
1790 2856 1967 2920 οὐδεὶς

376 2944 655 3014 ἑκατέρων
685 2948 824 2999 κατὰ
847 2946 1077 3017 θατέρου
1123 2946 1224 3016 τὴν
1248 2946 1427 3018 νίκην,
1476 2947 1592 3001 ἀλλ’
1626 2946 1795 3018 ἄμφῳ
1819 2948 1963 3015 φίλοι

375 3032 472 3088 τοῦ
500 3034 700 3105 δρόμου
731 3034 829 3106 τὴν
855 3034 1060 3090 νύσσαν
1094 3030 1433 3106 ἠσπάζοντο·
1469 3037 1611 3090 καθὰ
1657 3038 1750 3090 καὶ
1778 3037 1963 3107 βαλϐί-

379 3124 487 3176 δων
517 3122 621 3189 ἔξω
653 3125 976 3196 δραμόντες,
1003 3127 1098 3179 καὶ
1150 3125 1320 3196 ἄμφω
1353 3125 1509 3195 νίκης
1543 3127 1842 3194 στεφάνους
1874 3130 1959 3181 sin

378 3215 614 3284 λήξασιν
636 3231 650 3247 ⁸
684 3216 895 3278 οὐδενὸς
927 3218 1026 3287 τὴν
1055 3211 1227 3289 ἧτταν
1255 3217 1535 3288 ὁμολογεῖν
1565 3218 1922 3287 ἐθελήσαντος
1944 3235 1956 3248 ·

2067 1843 2268 1898 stulata
2302 1843 2758 1908 tabella,scripsit
2783 1845 2970 1900 dicens
2998 1865 3010 1900 :
3039 1844 3281 1901 Joannes
3306 1849 3410 1902 erit
3451 1864 3644 1904 nomen

2068 1934 2202 2003 ejus.
2238 1952 2258 1985 ι
2296 1934 2466 1987 Simul
2496 1935 2716 2003 scripsit
2740 1944 2794 1989 et
2835 1935 2995 2001 dixit,
3044 1939 3479 2011 unoeodemque
3512 1949 3648 1994 tem-

2070 2040 2200 2095 pore
2242 2026 2422 2096 lingua
2450 2039 2500 2079 et
2529 2042 2719 2080 manus
2757 2028 2875 2096 ejus
2930 2039 3219 2098 operantes
3265 2030 3449 2087 videre
3491 2041 3645 2098 erat;

2068 2131 2177 2171 non
2200 2117 2344 2171 enim
2371 2132 2473 2173 una
2501 2133 2564 2171 ex
2596 2129 2751 2184 parte
2798 2118 3017 2188 scripsit
3059 2128 3114 2174 et
3147 2135 3213 2174 ex
3264 2119 3435 2176 altera
3487 2120 3644 2188 dixit,

2070 2224 2245 2279 neque
2279 2223 2342 2264 ex
2387 2224 2491 2263 una
2520 2210 2658 2264 dixit
2701 2220 2756 2264 et
2805 2210 2975 2266 altera
3020 2213 3259 2282 scripsit,
3307 2216 3402 2269 sed
3447 2216 3650 2285 pariter

2069 2298 2210 2353 dixit
2249 2308 2301 2352 et
2340 2300 2601 2375 scripsit;
2636 2305 2888 2356 deorsum
2948 2304 3202 2360 currebat
3252 2320 3467 2370 manus,
3521 2320 3646 2361 sur-

2068 2404 2185 2444 sum
2217 2390 2471 2445 currebat
2501 2393 2745 2459 verbum,
2786 2403 3039 2449 neutrum
3082 2396 3213 2452 vicit
3244 2397 3501 2465 alterum,
3550 2402 3645 2456 sed

2069 2481 2248 2545 ambo,
2299 2483 2616 2539 adamanter
2668 2497 2973 2554 currentes,
3033 2497 3232 2544 metam
3310 2491 3646 2559 salutabant,

2069 2581 2273 2628 etcum
2309 2589 2415 2628 una
2452 2575 2520 2629 ab
2540 2576 2687 2629 aditu
2723 2577 2883 2631 stadii
2912 2588 3218 2645 currerent,
3259 2595 3363 2634 una
3408 2581 3649 2636 victoria:

2069 2679 2325 2719 coronam
2383 2676 2754 2735 reportarunt,
2807 2678 2862 2723 et
2906 2680 3161 2725 neutrum
3218 2671 3494 2728 devictum
3557 2689 3648 2737 re-

2071 2756 2270 2821 cedere
2295 2757 2487 2811 voluit.
2516 2757 2652 2812 illud
2701 2759 3042 2815 mirabantur
3072 2778 3284 2829 omnes,
3318 2775 3372 2820 et
3405 2764 3652 2834 profecto

2071 2848 2449 2904 admirationis
2494 2849 2714 2919 dignum
2746 2863 2904 2918 erat;
2932 2856 3025 2908 sed
3066 2867 3179 2907 rem
3222 2862 3439 2911 tantum
3465 2870 3653 2925 corpu,

2073 2940 2263 2997 raliter
2286 2941 2647 3007 mirabantur,
2673 2942 2803 3011 quia
2832 2943 3168 3013 corporalem
3201 2960 3326 3015 prae.
3349 2948 3521 3002 oculis
3551 2948 3652 3002 lia-

2068 3032 2308 3095 bcbant;
2337 3034 2548 3104 mystici
2569 3041 2748 3087 autem
2775 3043 2829 3088 et
2844 3035 3038 3103 spiritu
3061 3036 3249 3092 imbuti
3279 3054 3384 3093 non
3431 3041 3653 3095 stabunt

2069 3126 2136 3180 ad
2168 3124 2419 3189 visibilia,
2468 3124 2559 3179 sed
2597 3125 2788 3196 spiritu
2821 3128 3143 3196 inquirimus
3160 3138 3215 3185 et
3239 3129 3648 3201 investigamur,

2069 3216 2195 3285 quid
2221 3216 2977 3285 spicitualeetabscmrditum
2999 3220 3051 3275 iu
3076 3221 3260 3276 verbis
3278 3222 3369 3278 sit.
3391 3221 3447 3277 Si
3472 3224 3539 3276 ad
3564 3222 3648 3277 lu-

379 3308 469 3376 ἐφ’
522 3301 567 3373 ᾧ
618 3309 714 3361 καὶ
750 3307 1074 3378 ἐθαύμασαν
1108 3309 1387 3372 ἅπαντες·
1441 3307 1720 3379 θαύματος
1761 3310 1871 3381 γὰρ
1894 3306 1962 3381 ἦν

2071 3324 2289 3361 cernam
2319 3310 2672 3375 attendimus,
2699 3310 2857 3380 lmjus
2882 3313 3065 3369 radios
3082 3314 3241 3370 nobis
3270 3314 3396 3368 (iliis
3420 3315 3533 3370 Suis
3563 3314 3647 3367 di-

378 3398 594 3466 ἀληθῶς
624 3399 683 3452 τὸ
708 3401 1082 3470 πραττόμενον
1132 3398 1279 3465 ἄξιον
1308 3415 1322 3430 ·
1370 3400 1463 3453 καὶ
1506 3401 1557 3453 εί
1600 3403 1713 3464 τοῖς
1747 3402 1869 3454 τότε
1902 3403 1962 3454 τὸ

2073 3399 2240 3452 mittit
2276 3398 2532 3467 Spiritus,
2563 3402 2630 3455 ad
2675 3401 2930 3458 alimenta
2992 3404 3293 3473 spiritualia
3326 3406 3645 3460 curramus!

379 3491 569 3563 χρῆμα
599 3490 962 3562 θαυμάζουσι,
1022 3492 1181 3562 μόνον
1238 3491 1564 3562 σωματικῶς
1596 3490 1954 3561 ἐθαυμάζετο,
2004 3491 2129 3546 ἐπεὶ
2176 3491 2269 3544 καὶ
2312 3491 2475 3562 μόνον
2510 3492 2839 3561 σωματικῶς
2895 3494 2987 3548 ὑπ’
3026 3496 3206 3549 αὐτῶν
3249 3498 3607 3563 κατεφαίνετο
3632 3515 3647 3529 ·

378 3582 644 3654 ἀλλὰμὴν
673 3586 783 3648 τοῖς
816 3586 1048 3654 μύσταις
1080 3585 1173 3638 τοῦ
1226 3584 1544 3654 ῐινεύματος
1598 3584 1658 3637 ού
1706 3587 1869 3656 μέχρι
1925 3585 2032 3639 τῶν
2066 3584 2362 3655 ὁρωμένων
2388 3585 2460 3638 τὰ
2484 3584 2922 3656 τοῧςῐινεύματος
2949 3593 3230 3657 στήσεται,
3269 3589 3383 3642 ἀλλ’
3416 3589 3560 3660 ἔχειν
3594 3607 3651 3642 τι

380 3674 624 3747 κρυπτὸν
682 3676 712 3730 6
776 3674 933 3744 λόγος
985 3676 1343 3738 ἐνδείκνυται,
1398 3676 1427 3729 6
1471 3675 1857 3746 διερευνῶντες
1923 3675 2001 3745 τῷ
2059 3677 2359 3747 Πνεύματι,
2397 3663 2788 3746 πνευματικῶς
2820 3678 3264 3748 ἀνιχνεύσωμεν·
3309 3680 3404 3733 καὶ
3457 3678 3651 3733 τούτου

380 3769 721 3840 θηράσαντες
748 3769 841 3823 τοῦ
868 3768 1064 3839 λύχνου
1094 3769 1297 3839 δηλαδὴ
1319 3768 1415 3839 τὴν
1437 3768 1616 3840 αὐγὴν
1669 3770 1801 3840 ἡμῖν
1845 3770 2302 3839 καταπέμποντος
2331 3772 2442 3833 τοῖς
2470 3769 2565 3823 τοῦ
2587 3770 2902 3841 Πνεύματος
2922 3769 3135 3833 τέκνοις
3162 3771 3314 3840 ὑμῖν,
3339 3773 3420 3835 εἰς
3447 3773 3652 3844 τροφὴν

380 3861 759 3933 παραθιὶιμεθα
786 3862 1207 3931 πνευματικήν.,

459 3956 723 4023 ις’..Θεοῦ
775 3956 937 4026 χάριν
972 3956 1232 4024 ἐλέγομεν
1286 3954 1530 4009 Ἰωάννου
1570 3954 1860 4025 σημαίνειν
1899 3954 1962 4008 τὸ

380 4048 571 4117 ὀνομα,
604 4048 794 4119 ἐπειδὴ
830 4050 923 4102 καὶ
955 4048 1157 4119 ταύτης
1182 4049 1462 4116 ἐπέμπετο
1492 4048 1821 4120 πρόδρομος,
1857 4065 1962 4118 μη-

380 4140 545 4210 νυτὴς
592 4140 799 4208 ἀγαθὸς
857 4140 1219 4193 ἀπεστέλλετο
1243 4156 1258 4171 ·
1320 4139 1456 4193 Θεοῦ
1492 4139 1548 4192 δὲ
1577 4140 1738 4209 χάρις
1786 4141 1815 4193 6
1866 4137 1961 4192 τοῦ

379 4231 517 4285 Θεοῦ
556 4233 729 4301 Λόγος
766 4228 906 4286 εἶναι
934 4233 1270 4299 πιστεύεται,
1297 4235 1325 4285 6
1346 4233 1414 4286 δι’
1435 4235 1584 4302 ἡμᾶς
1619 4235 1750 4296 τοὺς
1781 4234 1963 4302 ἁμαρ-

2142 3954 2230 4010 16.
2256 3955 2498 4011 Gratiam
2540 3954 2653 4021 Dei,
2684 3954 2795 4025 jam
2825 3954 3083 4023 diximus,
3138 3956 3407 4026 Significat
3458 3969 3652 4011 nomen

2066 4047 2309 4112 Joannis,
2343 4048 2471 4117 quia
2506 4048 2702 4101 missus
2742 4046 2841 4101 fuit
2880 4055 2937 4101 ut
2977 4046 3164 4116 gratia!
3213 4053 3359 4102 esset
3415 4063 3654 4115 pra’rur-o

2069 4155 2163 4196 Sor
2194 4150 2248 4193 et
2279 4154 2475 4208 praeco.
2508 4136 2694 4192 Gratia
2735 4139 2825 4193 Dei
2862 4140 3095 4192 Verbum
3125 4138 3219 4194 Dei
3267 4153 3389 4193 esse
3412 4140 3652 4204 auditur,

2075 4233 2217 4299 quod
2256 4240 2476 4299 propter
2509 4246 2606 4284 nos
2651 4232 2913 4292 homines.
2947 4231 3152 4299 peccati
3208 4231 3516 4297 ignominiis
3558 4233 3655 4285 dc-.-

379 4323 504 4385 τίας
532 4321 749 4393 αἴσχεσι
797 4323 1106 4395 βρίθοντας,
1152 4326 1212 4376 ἐν
1253 4323 1419 4394 σαρκὶ
1452 4323 1574 4376 καθ’
1600 4323 1750 4392 ἡμᾶς
1792 4324 1960 4391 ἐσχη-

2073 4322 2354 4385 formatos,
2385 4322 2437 4375 in
2463 4336 2629 4375 carne
2654 4333 2839 4375 nostra
2876 4321 3148 4391 apparuit,
3205 4331 3258 4375 ut
3288 4336 3389 4376 nos
3415 4336 3443 4375 a
3480 4323 3654 4375 sordi-

385 4413 499 4481 κὼς
538 4415 637 4487 τὴν
676 4417 983 4488 φανέρωσιν
1006 4431 1017 4444 ⁸
1074 4418 1169 4469 καὶ
1210 4416 1322 4470 τῶν
1363 4415 1463 4485 μὲν
1517 4414 1779 4468 τοιούτων
1812 4415 1964 4483 ἡμᾶς

381 4510 801 4575 λυτρωσάμενος
843 4511 1098 4579 αἴσχεων,
1139 4508 1299 4578 δόξης
1325 4508 1382 4561 δὲ
1418 4508 1519 4577 τῆς
1571 4507 1779 4570 οίκείας
1822 4506 1962 4577 πλη-

382 4597 567 4667 ρώσας
597 4599 693 4658 καὶ
737 4599 993 4669 χάριτος·
1036 4598 1211 4662 οὕτως
1240 4599 1349 4668 γὰρ
1396 4597 1655 4651 ἁπάντων
1706 4595 1839 4660 Θεὸς
1870 4597 1966 4649 καὶ

385 4689 636 4758 [ιλάστης
702 4689 799 4743 καὶ
847 4691 1111 4761 πρύτανις
1161 4690 1343 4743 πᾶσιν.
1367 4689 1571 4757 ὁμοίως
1624 4687 1965 4758 ἐπέλαμψεν,

394 4780 692 4843 Ἰουδαίοις,
726 4781 978 4849 Ἕλλησι,
1002 4778 1323 4850 βαρϐάροις,
1342 4777 1601 4844 ιδιώταις,
1621 4781 1823 4847 σοφοῖς,
1840 4778 1969 4831 ἀσό-

383 4886 526 4938 φοις,
574 4869 806 4935 δούλοις,
835 4868 1282 4934 δεσπόταις,,καὶ
1346 4871 1512 4923 πᾶσιν
1554 4870 1676 4940 ἴσην
1728 4868 1829 4941 τὴν
1862 4869 1964 4938 τῆς

381 4964 590 5026 οἰκείας
629 4964 1076 5033 φιλανθρωπείας
1116 4963 1323 5035 αἴγλην,
1359 4962 1736 5032 προτέθεικεν,
1776 4961 1880 5015 κᾶν
1907 4961 1966 5029 ἐξ

396 5055 670 5109 Ἰουδαίων
763 5056 1043 5127 σαρκικῶς
1126 5057 1451 5111 ἀπετίκτετο
1518 5054 1609 5108 διὰ
1662 5054 1764 5123 τὴν
1830 5049 1964 5124 πρὸς

399 5145 655 5215 Ἀϐραὰμ
684 5148 775 5198 τὸν
808 5146 1161 5218 πατριάρχην
1185 5144 1522 5213 ἐπαγγελίαν
1575 5144 1672 5199 καὶ
1700 5143 1965 5212 ἔντευξιν,

384 5236 479 5299 τὸν
517 5237 577 5302 ἐξ
613 5237 785 5291 ἐθνῶν
828 5238 928 5309 μὲν
987 5238 1085 5308 τὴν
1112 5240 1367 5308 γέννησιν
1405 5238 1621 5308 ἔχοντα,
1687 5237 1961 5292 Ἰουδαίων

382 5328 442 5380 δέ
468 5328 530 5381 τὸ
561 5328 719 5397 γένος
740 5330 1109 5399 γεννήσαντα·
1150 5350 1168 5380 ι
1187 5331 1256 5384 Ἦ
1275 5332 1436 5399 γὰρ,ι
1469 5333 1499 5384 6
1521 5329 1731 5393 Παῦλός
1749 5346 1916 5398 φησιν
1941 5331 1970 5382 6

386 5419 721 5488 σοφώτατος,
762 5440 778 5472 ι
805 5422 838 5492 ἢ
884 5422 1153 5476 Ἰουδαίων
1185 5422 1344 5491 μόνον
1363 5422 1497 5484 Θεὸς
1528 5426 1556 5477 6
1587 5421 1744 5487 Θεὸς,
1763 5421 1883 5491 οὐχὶ
1911 5421 1969 5473 δὲ

386 5512 481 5570 καὶ
523 5513 726 5579 ἐθνῶν;
754 5515 868 5568 ἔστι
900 5516 1004 5587 γὰρ
1024 5514 1242 5585 ἀληθῶς
1278 5514 1371 5568 καί
1403 5514 1573 5569 ἐθνῶν
1598 5514 1729 5578 Θιδς
1761 5517 1789 5569 6
1814 5514 1965 5579 Θεάςέ

459 5691 508 5723 ¹¹
561 5690 691 5746 Luc.
748 5709 785 5757 ι,
835 5692 923 5747 65.
995 5694 1040 5725 "
1093 5693 1249 5747 iiom.
1301 5709 1383 5757 ιιι,
1436 5691 1623 5747 99-3i.

2073 4414 2173 4467 bus
2219 4414 2448 4476 lavaret,
2483 4423 2537 4466 et
2586 4429 2679 4466 sua
2709 4414 2881 4481 gloria
2933 4412 3241 4468 cumularet
3269 4422 3433 4483 atque
3458 4415 3650 4482 gratia.

2064 4504 2141 4559 lta
2176 4505 2314 4558 Deus
2382 4507 2636 4560 omnibus
2690 4506 2863 4560 visus.
2895 4514 2978 4560 est
3012 4505 3187 4566 factor
3216 4514 3268 4559 et
3298 4508 3653 4567 instaurator,

2066 4595 2266 4663 Iudaeis
2295 4608 2349 4654 et
2380 4598 2606 4665 Graecis,
2648 4599 2906 4656 Barliaris
2965 4608 3020 4653 et
3072 4599 3281 4664 idiotis,
3321 4600 3656 4666 sapientibus

2069 4703 2124 4746 et
2158 4692 2564 4759 insipientibus,
2626 4691 2801 4746 servis
2831 4705 2881 4746 et
2920 4691 3196 4757 dominis;
3233 4692 3485 4746 omnibus
3518 4707 3655 4759 ιιιιο-
3716 4762 3717 4765 η

2074 4798 2178 4852 que
2213 4798 2397 4853 parem
2432 4782 2787 4853 benignitatis
2823 4792 2876 4836 et
2909 4783 3263 4839 humanitatis
3316 4800 3427 4842 sua:
3475 4784 3655 4852 splen-

2066 4875 2250 4928 dorem
2287 4874 2530 4929 immisit.
2568 4872 2681 4927 Etsi
2710 4874 3001 4929 carnaliter
3023 4889 3095 4933 ex,
3129 4871 3329 4929 Judaeis
3359 4886 3516 4928 natus
3560 4876 3653 4932 sit.

2073 4973 2310 5020 attamen
2344 4965 2673 5034 patriarcbze
2702 4964 2932 5019 Abraba:
2982 4967 3284 5034 promissus
3327 4978 3385 5021 et
3437 4979 3655 5033 Optatos

2076 5056 2319 5125 l‘uit,,qui
2356 5057 2471 5127 ipse
2489 5072 2645 5110 suum
2675 5072 2738 5111 ex
2771 5056 3025 5127 gentibus
3049 5068 3228 5113 ortum
3276 5058 3424 5115 ducit
3456 5070 3505 5111 ct
3562 5056 3658 5115 Jer-

2073 5150 2310 5202 dmorum
2338 5162 2508 5216 genus
2533 5150 2856 5217 procreavlt.
2881 5165 2900 5198 ι
2931 5148 3146 5210 Annon,
3178 5165 3197 5199 ι
3219 5148 3347 5202 dicit
3371 5148 3657 5215 sapientis-

2074 5241 2247 5294 simus
2272 5239 2494 5305 Paulus,
2529 5257 2547 5290 ι
2581 5237 2720 5292 Deus
2751 5236 3060 5293 Iudaeorum
3100 5248 3304 5292 tantum
3336 5249 3419 5293 est
3475 5237 3656 5291 Dens?

2077 5346 2257 5387 nonne
2285 5340 2340 5385 et
2360 5312 2643 5401 gentium?
2668 5341 2819 5385 certe
2847 5340 2905 5383 ct
2932 5330 3072 5384 Deus
3096 5329 3335 5400 gentium
3368 5339 3450 5383 est
3492 5328 3654 5394 Deus,

2080 5423 2207 5492 quia
2233 5438 2378 5479 unus
2395 5432 2450 5478 et
2475 5424 2675 5478 unicus
2702 5433 2785 5478 est
2818 5422 2983 5486 Deus,
3022 5421 3113 5490 qui
3180 5420 3655 5477 circumcisioucm

2080 5528 2148 5570 ex
2198 5513 2301 5569 ιιιιο
2355 5513 2639 5583 justilicat-
2675 5525 2728 5567 ct
2800 5511 3121 5590 praeputium
3180 5524 3276 5586 per
3319 5510 3476 5565 iidem
3508 5509 3553 5540 ³³
3584 5523 3601 5575 ;
3632 5526 3650 5560 ι
