4058 6190
360 296 518 377 ,3319
608 290 611 295 ί

989 303 1272 364 ORATIO
1311 305 1527 367 VlI.-
1551 306 1961 368 ENCOMIUM
1992 304 2074 366 ΙΝ
2103 306 2163 365 S.
2191 301 2551 365 JOANNEM
2590 300 3032 363 BAP'I‘ISTAM.

3500 302 3643 368 3350

381 420 479 489 τῆς
528 419 869 491 προφητείας
920 394 1186 489 χάρισμα,
1233 421 1326 473 τοῦ
1382 422 1721 493 προφητικοῦ
1765 422 1960 492 καιροῦ

2084 419 2453 489 trophetarum
2499 418 2806 487 ademptum
2842 414 3003 471 l‘uerit
3036 424 3089 470 et
3123 414 3396 470 vinculum
3446 414 3642 488 linguas

379 509 476 579 τὴν
491 511 783 583 ὁμήγυριψ
810 508 837 564 ι.
867 509 1134 582 Ἀννεῲχθη
1152 512 1282 583 γὰρ,
1304 529 1377 582 φη
1388 514 1491 578 σιν,
1521 515 1580 566 τὸ
1598 512 1775 584 στόμα
1792 512 1954 568 αὐτοῦ

379 600 749 668 παραχρῆμα,
799 600 893 651 καὶ
925 600 957 669 ἠ
989 599 1208 667 γλῶσσα
1233 601 1421 663 αὑτοῦ,
1466 602 1564 656 καὶ
1600 603 1777 657 ἐλάλει
1807 603 1960 657 εὐλο-

382 687 498 755 γῶν
522 687 615 743 τδν
642 690 776 744 Θεόν
800 708 813 720 ·
851 708 872 742 ι
911 691 1006 744 καὶ
1031 691 1140 762 γάρ
1170 689 1247 755 ὡς
1290 692 1509 763 ἀληθῶς
1547 695 1786 763 Χριστοῦ
1815 694 1959 749 κατὰ

383 774 620 851 γῆντοῖς
649 782 743 834 ἐπὶ
769 782 871 852 γῆς
905 783 1282 850 ἐπιφανέντος,
1313 784 1372 847 ὃς
1399 786 1493 839 καὶ
1523 786 1696 853 Λόγος
1723 786 1844 839 ἐστὶ
1866 786 1961 841 καὶ

384 870 547 938 σοφία
581 868 676 923 τοῦ
703 871 939 940 Πατρδς,
977 873 1071 926 καὶ
1114 870 1209 926 τοῦ
1247 873 1587 944 προφητικοῦ
1615 874 1887 944 στόματος
1925 875 1959 945 ή

385 957 624 1028 σφραγὶς
657 959 1121 1029 ἀπεσφράγισται,
1164 964 1257 1016 καὶ
1288 963 1386 1034 τῆς
1448 964 1680 1034 νομικῆς
1716 964 1963 1034 γλώττης

384 1050 413 1102 ό
437 1047 637 1119 δεσμὸς
670 1051 998 1106 ἀπολέλυται
1025 1070 1039 1085 ·
1084 1054 1178 1107 καὶ
1198 1054 1403 1123 ὁμοίως
1431 1055 1682 1127 ἑκάτεροι
1710 1058 1738 1109 ὅ
1775 1074 1834 1109 τε
1872 1057 1962 1111 νό-

2066 511 2251 580 legalis
2298 509 2577 575 solutum;
2625 510 2768 579 quod
2817 508 2900 563 lex
2952 517 3007 562 et
3053 509 3336 577 prophetae
3385 508 3547 564 simul
3586 519 3643 564 et

2063 612 2250 670 aperte
2299 600 2616 672 mysterium
2668 599 2873 655 Christi
2926 601 3274 667 annuntient,
3320 600 3498 671 ipsum
3542 611 3640 656 ceu

2068 693 2233 747 Deum
2264 693 2587 748 benedicant
2610 701 2872 747 aeternum
2904 700 2958 747 et
2991 692 3486 765 quodevangelicm
3514 708 3645 764 pra:-

2065 780 2356 835 dicationis
2380 787 2761 848 cooperatores
2791 779 2904 834 sint
2933 787 2988 834 et
3024 780 3284 835 tonitrua.
3332 780 3489 836 Circa
3528 782 3644 836 hac

2066 872 2389 925 versabatur
2407 871 2757 941 praesentium
2782 884 2960 927 sermo
2993 878 3046 927 et
3070 872 3371 927 vicinorum
3406 872 3458 928 in
3484 871 3646 927 domo

2069 962 2340 1017 amnentia
2374 982 2388 1018 :
2428 977 2625 1034 magno
2656 962 3041 1018 detinebantur
3097 964 3293 1019 timore
3319 975 3374 1019 et
3420 963 3642 1019 solliciti

2069 1055 2424 1124 inquirebant
2477 1066 2532 1110 et
2593 1055 3126 1126 perscrutabantur:
3164 1076 3183 1109 ι
3235 1057 3375 1124 Quid
3415 1067 3469 1112 et
3522 1059 3645 1129 quis

389 1154 488 1209 μος
513 1140 607 1192 καὶ
653 1142 700 1193 οἱ
744 1143 1018 1213 προφῆται
1052 1142 1272 1198 λαλοῦσι
1320 1146 1568 1217 φανερῶς
1622 1148 1861 1217 Χριστοῦ
1903 1148 1964 1201 τὸ

2084 1147 2170 1198 erit
2221 1145 2320 1200 iste
2356 1145 2595 1200 Joannes
2619 1148 2688 1211 ",
2725 1167 2742 1198 ι
2780 1148 2904 1217 quia
2938 1148 2989 1200 in
3022 1147 3308 1201 natlvitate
3347 1152 3464 1215 ejus
3497 1158 3645 1201 tanta

390 1230 707 1300 μυστήριον,
729 1232 821 1284 καί
842 1233 1157 1302 εὐλογοῦσιν
1180 1236 1344 1303 αύτδν
1364 1236 1438 1301 ὡς
1464 1237 1594 1291 Θεὸν
1615 1238 1960 1309 προαιὼνιον,

2084 1240 2338 1293 nirabilia
2362 1247 2679 1303 evenerunt,
2707 1251 2906 1309 quanta
2945 1239 3135 1293 :tlialic
3160 1256 3435 1310 nunquam
3458 1240 3647 1295 audiu-

387 1319 462 1391 τῷ
476 1323 819 1395 εύαγγελικῷ
844 1325 1230 1388 συναθλοῦντες
1257 1330 1349 1381 καὶ
1382 1347 1445 1381 συ
1455 1329 1832 1400 μῦροντῶντες
1857 1348 1960 1400 κη·
2068 1329 2230 1385 mus?
3432 1335 3437 1341 ’

390 1412 654 1482 ρύγματι.
692 1416 794 1470 Διὰ
830 1417 1005 1471 ταῦτα
1032 1420 1142 1472 τῶν
1175 1420 1296 1472 τότε
1343 1420 1625 1492 παρόντων
1654 1424 1682 1476 ό
1708 1421 1968 1491 σύλλογος
2019 1423 2113 1476 καὶ
2159 1422 2268 1477 τῶν
2306 1424 2564 1490 γειτόνων
2621 1423 2960 1494 ποιουμένων
3027 1424 3128 1487 τὴν
3179 1424 3415 1495 οἴκησιν,
3499 1424 3650 1497 φόϐῳ

334 1512 363 1582 ἐξ
392 1509 613 1581 μεγάλῳ
643 1512 980 1582 συνείχοντοο
1013 1514 1109 1566 καὶ
1158 1516 1569 1587 περιμερίμνως
1622 1520 1748 1590 περὶ
1795 1519 1961 1574 αὑτὸν
1992 1518 2320 1588 διελέγοντο.
2358 1521 2466 1575 Καὶ
2497 1520 2551 1574 τί
2579 1517 2687 1592 ἄρα
2724 1520 2819 1574 καὶ
2862 1520 3244 1594 τίςιἸωόιννης
3294 1522 3471 1589 ἔσται,
3523 1540 3649 1577 συν-

390 1603 528 1674 εχῶς
557 1604 974 1660 διεσκέπτοντοο
1005 1608 1089 1662 ὅτι
1132 1609 1470 1681 γεννώμενος
1506 1612 1732 1666 τοιαῦτα
1780 1612 2079 1685 θαυμαστὰ
2121 1614 2435 1687 ωμσέὸηκε
2511 1614 2813 1686 πράγματα
2874 1615 3071 1687 οἵαπερ
3145 1616 3232 1669 ἐπ’
3291 1616 3451 1671 ἄλλου
3509 1620 3652 1682 τινὸς

396 1698 470 1768 μὴ
494 1700 829 1768 συνήκαμεν.

469 1795 556 1858 ιη’.
597 1790 738 1842 Ἀλλ’
768 1791 880 1858 ἐγὼ
911 1792 1069 1862 φήσω
1098 1794 1239 1863 πρὸς
1266 1795 1367 1861 τὴν
1405 1797 1631 1851 ἐκείνων
1652 1797 1963 1870 διάσκεψιν,

2140 1798 2228 1854 18.
2271 1797 2367 1851 Ast
2396 1797 2463 1851 de
2497 1796 2795 1851 vicinorum
2832 1797 3273 1864 perscrutatione
3319 1793 3523 1865 aliquid
3562 1797 3651 1847 di-

396 1880 519 1932 ἐπεὶ
575 1880 699 1951 μηδ’
750 1881 910 1946 ἄλλος
948 1901 1033 1947 τις
1068 1885 1190 1939 κατ’
1221 1886 1384 1940 αὑτὸν
1422 1888 1616 1959 μέχρις
1658 1891 1823 1945 αὐτοῦ
1869 1908 1970 1962 γυ-

403 1973 586 2035 ναικὸς
615 1974 988 2040 ἀποτίκτεται,
1025 1976 1113 2029 ἵνα
1143 1979 1237 2032 καὶ
1276 1979 1506 2035 τοιαῦτα
1535 1981 1815 2055 συμὸαίνῃ
1838 1983 1969 2038 θαι.)⁴

397 2064 583 2133 μαστὰ
620 2065 712 2118 καὶ
738 2065 1020 2137 παράδοξα
1046 2084 1059 2097 ·
1096 2069 1286 2141 ἐπειδὴ
1312 2072 1425 2141 γὰρ
1473 2072 1674 2143 μείζων
1699 2069 1838 2129 εἶναι
1860 2074 1971 2130 τῶν

395 2157 453 2211 ὲν
484 2162 763 2230 γεννητοῖς
795 2164 1072 2229 γυναικῶν
1098 2167 1545 2239 μεμαρτύρηται,
1568 2170 1741 2242 ταύτῃ
1765 2188 1847 2225 τοι
1876 2172 1973 2226 καὶ

398 2248 552 2320 δόξης
611 2251 843 2322 ἠξίωται
885 2255 1222 2325 τηλικαύτης
1270 2258 1547 2326 γενέσθαι,
1601 2261 1688 2316 ἵνα
1743 2263 1839 2316 καὶ
1884 2263 1973 2317 διὰ

402 2340 554 2394 τοῦτο
588 2341 804 2408 δοξάσοι
829 2346 1066 2416 Χριστὸν
1095 2348 1186 2402 τὸν
1241 2351 1359 2420 μετ’
1402 2352 1566 2405 αὐτὸν
1596 2353 1665 2407 δι’
1708 2355 1854 2424 ἡμᾶς
1883 2371 1972 2408 τε-

398 2431 770 2505 χθησόμενον’
840 2438 901 2490 οὐ
959 2438 1120 2507 μόνον
1161 2440 1217 2494 δὲ
1264 2441 1439 2516 ταύτῃ
1493 2447 1560 2515 τῇ
1594 2446 1683 2500 διὰ
1728 2448 1974 2517 τεράτων

399 2525 635 2596 Χριστὸς
675 2527 770 2582 τὸν
818 2530 1018 2583 οἰκεῖον
1050 2531 1296 2602 ὴμφίασε
1330 2534 1666 2606 Πρόδρομον,
1705 2538 1846 2591 ἀλλὰ
1880 2541 1971 2595 καὶ

403 2618 655 2684 ἀοράτως
693 2619 842 2690 αὐτῷ
877 2620 1075 2675 -συνὼν
1121 2623 1197 2687 ὡς
1226 2624 1358 2687 Θεὸς
1407 2628 1555 2696 παρὰ
1591 2629 1758 2681 πᾶσιν
1800 2632 1976 2684 ἐποίει

407 2708 553 2778 μέγα
587 2711 680 2762 καὶ
722 2710 966 2778 ἐπίδοξον
1000 2714 1322 2782 φαίνεσθαι’
1360 2716 1475 2786 ἔχει
1523 2718 1632 2789 γάρ
1674 2720 1810 2773 αὐτὸ
1849 2723 1978 2793 περὶ

400 2798 606 2851 τούτων
629 2802 726 2870 τῆς
760 2801 1124 2873 εύαγγελικῆς
1161 2805 1349 2875 φωνῆς
1375 2808 1410 2877 ἠ
1452 2807 1731 2879 ὕφήγησις
1754 2829 1769 2842 ·
1813 2829 1831 2861 ι
1868 2813 1981 2867 Καὶ

402 2889 620 2956 ἐγένετο
648 2891 739 2944 ἐπὶ
769 2895 977 2958 πάντας
999 2894 1163 2964 φόϐος
1189 2897 1316 2961 τοὺς
1345 2901 1761 2977 περιοικοῦντας
1781 2904 1981 2969 αὐτοὺς

404 2983 498 3035 καὶ
525 2983 581 3034 ὲν
615 2983 713 3056 ὅλῃ
737 2987 800 3055 τῇ
817 2985 998 3057 ὀρεινῇ
1030 2987 1130 3058 τῆς
1157 2986 1412 3053 Ἰουδαίας
1443 2991 1686 3047 ὲλαλεῖτο
1709 2995 1886 3049 πάντα
1914 2996 1982 3051 τὰ

407 3071 627 3142 ῥήματα
656 3073 858 3127 ταῦτα’
893 3076 986 3130 καὶ
1020 3076 1206 3132 ἔθεντο
1240 3081 1443 3146 πάντες
1472 3085 1522 3137 οἱ
1552 3084 1888 3154 ἀκούσαντες
1921 3091 1981 3145 ὲν

2073 1893 2303 1944 ceudum
2339 1894 2444 1953 est,
2496 1887 2622 1956 quia
2664 1901 2765 1941 nec
2811 1886 2952 1940 alius
3008 1902 3037 1940 e
3084 1885 3310 1941 muliere
3361 1895 3520 1940 natus
3571 1878 3678 1940 est.

2073 1996 2248 2051 usque
2297 1981 2362 2035 ad
2408 1978 2701 2043 Joannem,
2744 1978 2829 2033 cui
2882 1978 3009 2051 talia
3077 1986 3132 2033 et
3184 1987 3328 2032 tanta
3385 1976 3654 2032 mirabilia

2070 2050 2239 2142 atque
2285 2080 2598 2140 portentosa
2658 2050 3027 2140 contigerunt.
3061 2069 3231 2134 Major
3272 2070 3413 2124 inter
3444 2080 3601 2123 natus
3624 2084 3655 2123 e

2075 2165 2306 2218 muliere
2334 2163 2673 2231 perhibetur,
2707 2172 2966 2231 tantaque
2998 2162 3253 2231 dignatus
3297 2171 3382 2216 est
3427 2161 3658 2230 originis

2074 2257 2245 2327 gratia
2286 2265 2341 2309 nt
2368 2254 2646 2310 Christum
2682 2263 2803 2324 post
2837 2255 3014 2322 ipsum
3047 2263 3101 2308 et
3127 2265 3223 2323 pro
3256 2252 3416 2307 nobis
3478 2251 3658 2307 nasci-

2078 2357 2255 2401 turum
2278 2346 2641 2423 glorilicaret;
2684 2361 2840 2401 suum
2873 2345 3270 2400 Praecursorem
3313 2358 3419 2400 non
3449 2350 3655 2398 tantum

2079 2438 2162 2493 his
2184 2435 2541 2492 circumdedit
2570 2436 2854 2505 prodigiis,
2880 2438 2978 2490 sed
3005 2449 3128 2489 cum
3161 2433 3278 2504 ipse
3304 2431 3665 2489 invisibiliter.

2076 2542 2175 2583 ceu
2213 2525 2356 2581 Deus
2393 2525 2650 2590 adfuerit,
2688 2524 2833 2579 hunc
2866 2538 3123 2595 magnotu
3149 2535 3202 2578 et
3232 2523 3496 2579 illustrem
3535 2538 3673 2577 οιιιι

2078 2619 2238 2672 nibus
2265 2617 2436 2672 videri
2462 2616 2662 2672 eﬂ'ecit.
2690 2614 2782 2671 Sic
2807 2616 2953 2669 enim
2980 2615 3144 2669 habet
3186 2609 3497 2682 evangelica
3529 2628 3680 2667 nar-.

2082 2710 2220 2764 ratio
2251 2726 2265 2764 :
2314 2728 2334 2761 ι
2369 2710 2433 2762 Ει
2484 2707 2663 2762 factus
2690 2718 2774 2762 est
2821 2708 2986 2785 timor
3034 2721 3198 2774 super
3228 2721 3418 2760 omnes
3454 2705 3660 2760 vicinos

2079 2816 2266 2856 eorum
2311 2810 2366 2855 et
2410 2801 2465 2854 in
2517 2800 2664 2854 omni
2705 2808 2961 2854 montana
2990 2797 3193 2853 Judaaee
3238 2796 3661 2865 divulgahantur

2079 2893 2261 2946 omnia
2289 2891 2452 2945 verba
2479 2892 2613 2957 hac,
2646 2900 2700 2946 et
2742 2898 3038 2960 posuerunt
3067 2904 3258 2946 omnes
3278 2890 3559 2943 audientes
3606 2889 3659 2941 in

2081 2986 2243 3039 corde
2262 2999 2381 3045 suo.
2396 2985 2635 3039 dicentes
2657 3001 2670 3036 :
2691 2982 2948 3048 Quisnam
2969 2997 3102 3053 puer
3125 2983 3226 3037 iste
3241 2982 3370 3038 erit?
3391 2982 3453 3035 Et
3473 2997 3663 3034 manus

2082 3076 2296 3132 Domini
2340 3087 2461 3131 erat
2511 3088 2633 3129 cum
2680 3074 2853 3130 illo".
2889 3094 2907 3124 ι
2938 3073 3127 3129 Nullus
3161 3076 3300 3130 obex
3350 3072 3665 3144 implicabat

403 3163 470 3232 τῇ
508 3164 706 3236 καρδίᾳ
728 3167 906 3219 αὐτῶν
936 3167 1209 3234 λέγοντες·
1235 3172 1331 3235 Τίς
1361 3169 1470 3243 ἆρα
1490 3176 1553 3228 τὸ
1586 3177 1797 3233 παιδίον
1820 3181 1980 3235 τοῦτο

2088 3183 2304 3222 manum
2363 3165 2601 3230 Domini,
2655 3179 2722 3221 ne
2770 3166 3085 3237 nnigenitus
3131 3164 3228 3220 Dei
3282 3164 3450 3220 Filius
3478 3164 3532 3219 in
3563 3175 3664 3220 sua

405 3251 591 3316 Est-att;
629 3257 723 3307 καὶ
770 3256 891 3326 χεὶρ
921 3258 1128 3328 Κυρίου
1178 3256 1246 3330 ἦν
1280 3263 1398 3331 μετ’
1448 3264 1615 3319 αὐτοῦ
1638 3282 1653 3296 ο
1691 3286 1710 3319 ι
1764 3269 1980 3339 εἴργετο

2084 3260 2302 3313 adesset
2322 3256 2630 3324 divinitate,
2665 3265 2719 3311 et
2758 3272 3013 3328 magnum
3046 3266 3209 3326 atque
3239 3255 3473 3327 primum
3504 3267 3663 3308 suum

404 3343 513 3412 γάρ
549 3343 803 3413 οὐδαμῶς
834 3346 866 3415 ἡ
907 3348 1000 3399 τοῦ
1058 3349 1264 3420 Κυρίου
1296 3352 1437 3420 χεὶρ,
1464 3355 1491 3406 ό
1530 3355 1851 3427 Μονογενὴς
1883 3358 1978 3412 τοῦ

404 3432 539 3486 Θεοῦ
573 3433 745 3502 Λόγος
775 3435 867 3488 τοῦ
908 3432 1045 3491 εἶναι
1081 3440 1200 3510 μετ’
1230 3441 1398 3495 αὐτοῦ
1420 3446 1485 3514 τῇ
1522 3444 1737 3514 θεότητι
1763 3449 1856 3502 καὶ
1886 3465 1983 3518 με·

405 3523 659 3591 γαλύνειν
701 3526 864 3578 αὑτὸν
891 3525 1078 3601 ῶσπερ
1123 3529 1338 3602 πρῶτον
1369 3533 1534 3586 αὑτοῦ
1575 3536 1670 3588 καὶ
1725 3537 1984 3606 μέγιστον

406 3616 653 3686 κήρυκα·
690 3619 852 3683 αὐτὸς
888 3619 996 3691 γάρ
1051 3623 1084 3692 ἡ
1130 3622 1226 3675 τοῦ
1268 3623 1404 3678 Θεοῦ
1441 3625 1590 3691 δεξιᾶ
1622 3629 1717 3682 καί⁵
1738 3631 1861 3700 χεὶρ
1888 3632 1983 3686 καὶ

410 3704 651 3775 βραχίων
684 3708 1023 3778 ὠνόμασται,
1049 3711 1125 3775 ὡς
1154 3713 1329 3767 πάντα
1356 3712 1682 3787 δρῶντος’δι’
1724 3720 1888 3777 αὑτοῦ
1917 3722 1985 3777 τὰ

405 3796 696 3864 γενόμενα,
736 3797 837 3851 κᾶν
873 3802 931 3852 ἐν
978 3803 1164 3872 μήτρᾳ.
1219 3806 1519 3879 παρθενικῇ
1561 3814 1986 3884 σεσαρκωμένος

409 3889 753 3959 συνείληπτο,
800 3892 893 3942 καὶ
936 3890 1011 3955 ὡς
1059 3894 1117 3944 ἐν
1159 3894 1389 3967 θαλάμῳ
1439 3899 1736 3969 βασιλικῶς
1787 3921 1986 3959 κατευ-

408 3980 603 4044 νάζετο
631 4002 644 4014 -
679 3983 801 4035 ὅθεν
835 3984 863 4035 ὁ
907 3982 1161 4053 Ἰωάννης
1197 3989 1538 4059 γεννώμενος
1575 3994 1786 4060 πάντας
1818 3996 1989 4068 ὕπερ-

410 4071 554 4140 έχων
626 4074 752 4136 τοὺς
805 4076 868 4127 ἐκ
918 4077 1197 4143 γυναικῶν
1254 4081 1632 4151 γεννωμένους
1687 4085 1987 4153 ἐδείκνυτο,

411 4164 508 4216 καὶ
531 4164 696 4233 φόϐον
730 4167 922 4233 ἐγέννα
953 4167 1047 4221 καὶ
1070 4167 1250 4222 ἔτικτε
1277 4172 1558 4240 μέγιστον,
1580 4176 1639 4229 οῦ
1674 4177 1837 4246 μόνον
1874 4180 1990 4244 τοῖς

413 4257 752 4312 συνοικοῦσιν
807 4260 959 4331 αύτῷ
989 4265 1082 4318 καὶ
1127 4265 1400 4337 όμόφροσι
1434 4267 1530 4321 καὶ
1588 4268 1815 4325 ποθοῦσι
1857 4272 1991 4342 Χρι-

412 4346 541 4400 στοῦ
562 4347 662 4419 τὴν
682 4349 869 4421 θεῖκὴν
889 4353 965 4416 είς
994 4355 1143 4424 ἡμᾶς
1174 4357 1532 4425 ἐπιφάνειαν·
1571 4359 1706 4414 ἀλλὰ
1734 4364 1829 4417 καὶ
1878 4366 1993 4428 τοῖς

410 4441 751 4508 περιοικοῦσι
787 4444 884 4496 καὶ
917 4442 1021 4511 ἔξω
1054 4447 1154 4516 τῆς
1180 4448 1407 4518 χάριτος
1439 4448 1662 4518 μένουσι
1683 4450 1771 4504 διὰ
1802 4451 1902 4523 τὴν
1931 4454 1991 4507 ὲν

2081 3347 2291 3404 Pra-cut
2304 3363 2487 3404 sorem
2502 3348 2871 3418 magniﬁcaret
2887 3366 2902 3415 ;
2920 3348 3035 3418 ipse
3054 3348 3197 3402 enim
3219 3344 3457 3401 Joannes
3476 3346 3664 3400 dextra

2083 3439 2178 3495 Dei
2215 3450 2270 3493 et
2311 3454 2503 3522 manus
2539 3449 2593 3495 et
2627 3439 2908 3493 brachium
2939 3447 3186 3523 vocatur,
3220 3438 3345 3507 quia
3373 3436 3514 3492 iacta
3545 3435 3663 3505 ejus

2082 3517 2608 3601 operabatur'Deus,
2635 3533 2736 3588 etsi
2793 3547 2890 3601 per
2930 3517 3360 3587 incarnationem
3411 3546 3565 3587 suam
3609 3535 3662 3585 in

2085 3632 2241 3677 utero
2302 3623 2546 3693 Virginis
2579 3623 2963 3692 conciperetur
2990 3631 3047 3677 et
3069 3622 3235 3677 veluti
3291 3623 3345 3678 in
3399 3623 3539 3678 lecto
3581 3637 3666 3678 rev

2086 3712 2190 3782 gali
2221 3712 2528 3768 recubaret.
2558 3713 2690 3767 lude
2727 3711 2969 3767 Joannes
3006 3712 3296 3768 nativitate
3328 3728 3426 3768 sua
3473 3725 3666 3768 omnes

2088 3815 2118 3857 e
2144 3802 2371 3857 muliere
2402 3812 2558 3858 natos
2604 3815 2850 3883 superat,
2901 3812 2957 3857 et
2989 3802 3265 3858 nascendo
3295 3816 3550 3872 magnum
3581 3801 3666 3855 in-

2090 3892 2268 3949 fundit
2293 3894 2565 3959 timorem,
2616 3909 2722 3947 non
2778 3892 3117 3947 solummodo
3162 3893 3502 3965 comparibus
3544 3892 3667 3962 ejus

2092 3984 2306 4046 vicinis,
2353 3982 2596 4038 divinum
2662 3982 2864 4038 Christi
2908 3982 3202 4036 adventum
3254 3983 3668 4051 expetentihus,

2089 4076 2184 4130 sed
2218 4084 2271 4128 et
2300 4073 2661 4129 conterminis
2714 4083 2770 4128 et
2818 4081 2973 4127 extra
3003 4073 3239 4142 gratiam
3268 4075 3665 4140 habitantibus,

2090 4166 2218 4236 quia
2252 4164 2353 4221 sub
2380 4166 2496 4235 lege
2521 4164 2728 4234 scripta
2771 4162 3085 4218 dilﬁcillime
3105 4149 3566 4221 convertehautur
3589 4176 3673 4220 ta-

2094 4257 2415 4313 bernacula.
2455 4256 2557 4323 Qui
2619 4256 2814 4325 partim
2860 4255 3033 4327 legem
3068 4256 3342 4326 recipiunt
3385 4266 3454 4331 et
3479 4255 3697 4315 litteras-

2093 4351 2384 4414 iuhxerent,
2443 4346 2584 4402 forte
2613 4359 2670 4402 et
2700 4362 2796 4402 nos
2840 4347 2988 4418 ipsos
3029 4348 3081 4403 in
3123 4362 3410 4403 numerum
3438 4347 3695 4404 conﬁnio.

2096 4450 2275 4496 tormn
2328 4449 2633 4509 reponent;
2672 4454 2732 4496 se
2777 4449 2956 4494 autem
3002 4454 3036 4494 a
3071 4440 3228 4496 nobis
3271 4449 3530 4509 separant
3556 4449 3610 4495 et
3640 4456 3701 4495 α..

410 4525 490 4595 τῷ
518 4527 610 4581 τοῦ
637 4530 801 4599 νόμου
841 4534 1074 4604 γραπτῷ
1106 4535 1566 4592 δυσαπόσπαστον
1608 4540 1852 4611 οἴκησιν·
1888 4559 1980 4596 πε-

2097 4534 2273 4605 gratia
2323 4532 2684 4601 impertienda
2736 4532 3015 4597 recedunt,
3066 4530 3193 4600 quia
3245 4533 3441 4586 timore
3481 4533 3675 4592 etde-

417 4623 643 4689 ριοικεῖν
669 4623 778 4693 γάρ
809 4640 926 4687 πως
954 4626 1105 4694 ἡμᾶς
1134 4618 1281 4684 οὗτοι
1314 4628 1592 4698 νομίζουσι
1625 4631 1867 4700 μερικῶς
1895 4633 1989 4687 τὸν

412 4711 578 4780 νόμον
603 4712 904 4783 δεχόμενοι,
940 4717 1032 4768 καὶ
1063 4718 1538 4788 μονοστοιχοῦντες
1570 4721 1647 4791 τῷ
1677 4722 1989 4793 γράμματιο

360 4794 382 4865 ἶ
414 4800 481 4853 δι’
512 4794 574 4856 οὗ
633 4802 727 4855 καὶ
763 4802 855 4872 ὑφ’
888 4802 1046 4874 ἡμῶν
1078 4805 1370 4873 γεγόνασιν
1409 4806 1617 4872 ἐξοικοι
1638 4809 1731 4863 καὶ
1756 4809 1857 4879 τῆς
1900 4814 1992 4866 αύ-

414 4894 525 4947 τῶν
554 4896 853 4967 νοουμένης
887 4896 1292 4969 ἁποικίσθησαν
1350 4900 1574 4970 χάριτος
1608 4919 1621 4932 ο
1651 4902 1849 4956 ἐκείνοι
1891 4903 1993 4973 μὲν

415 4985 584 5049 οὕτως
608 4987 656 5039 οἱ
686 4987 906 5041 δείλαιοι
959 4987 1033 5040 δι’·
1057 4987 1267 5043 οἰκείαν
1300 4989 1591 5044 κακόνοιαν
1625 4992 1722 5060 τῆς
1746 4993 1803 5044 ὲν
1844 4994 1992 5064 νόμῳ

417 5078 808 5147 κεκρυμμένης
843 5075 986 5148 ζωῆς
1009 5077 1410 5149 ἐξεϐλήθησαν·
1437 5078 1465 5133 ό
1493 5080 1548 5133 δὲ
1578 5081 1780 5151 ταύτης
1812 5082 1995 5155 κήρυξ

417 5167 514 5221 καὶ
556 5166 873 5239 Πρόδρομος
925 5169 1064 5238 μετὰ
1091 5168 1353 5240 τοιαύτης
1392 5169 1607 5240 τεχθεὶς
1647 5171 1993 5243 γαλουχεῐται

416 5258 731 5328 δυνάμεως
766 5259 861 5312 κοιλ⁵
897 5259 1037 5329 μετὰ
1075 5261 1249 5332 μαζὸν
1276 5262 1354 5324 είς
1386 5262 1488 5332 τὴν
1515 5261 1723 5334 ἔρημον
1771 5264 1993 5332 ἔξεισιν,

417 5352 581 5405 παντὶ
614 5353 713 5415 τὰς
743 5351 801 5403 ὲν
841 5349 1152 5421 ἀνθρώποις
1183 5352 1467 5424 διατριϐὰς
1519 5355 1876 5428 ἀρνούμενος,
1919 5358 1996 5423 ὡς

417 5443 519 5493 οῦκ
544 5438 701 5505 ἀξίας
730 5439 830 5509 τῆς
855 5442 997 5512 ὑπὲρ
1038 5441 1358 5512 ἀνθρώπους
1385 5444 1552 5498 αὐτοῦ
1588 5446 1866 5520 διαγωγῆς
1899 5451 1996 5504 καὶ

422 5529 665 5601 βιώσεως
692 5546 707 5561 ·
737 5531 854 5596 πῶς
879 5529 987 5605 γὰρ
1017 5535 1046 5586 ό
1083 5533 1251 5604 μηδὲν
1285 5533 1424 5604 ἔχων
1473 5538 1752 5613 χαμερπὲς
1779 5542 1872 5595 καὶ
1902 5543 1996 5597 ἀν..

497 5710 687 5766 “Luc.
722 5729 758 5772 ι.
793 5711 885 5768 66.
962 5713 1004 5744 ⁸⁷
1030 5710 1160 5766 ibid.
1194 5710 1283 5775 65,
1321 5708 1410 5763 tit}.

2098 4634 2329 4695 pravato
2357 4639 2523 4678 sensu
2558 4640 2587 4677 a
2612 4625 2724 4677 vita
2771 4625 2823 4678 in
2855 4623 2972 4695 lege
3020 4625 3341 4681 abscondita
3391 4626 3674 4681 aberrant.

2099 4714 2275 4785 llujns
2303 4716 2427 4769 vita:
2454 4729 2633 4783 praeco
2659 4724 2714 4769 et
2751 4730 3061 4785 prtecursor
3091 4725 3323 4773 tantam.
3358 4718 3412 4774 in
3474 4720 3699 4773 nativi-.

2097 4814 2210 4861 tate
2236 4807 2442 4875 recepit
2475 4808 2757 4868 virtutem.
2790 4821 2969 4876 eaque
2997 4823 3120 4862 cum
3151 4808 3297 4864 lacte
3320 4809 3605 4880 pascitur;
3644 4827 3703 4867 at

2100 4912 2336 4953 mamma
2369 4910 2553 4953 autem
2599 4899 2773 4953 exivit
2820 4899 2875 4953 in
2924 4900 3202 4954 desertum
3241 4909 3296 4955 et
3331 4910 3704 4959 cemmutrem.

2101 4988 2414 5046 hominibus
2441 4991 2652 5048 vivendi
2670 4991 2937 5046 rationem
2961 4991 3188 5059 respuit,
3204 4992 3362 5061 quasi
3383 5007 3677 5048 conversaq

2102 5084 2247 5136 tione
2272 5090 2328 5136 et
2355 5082 2461 5136 vita
2484 5096 2585 5138 sua
2620 5097 2724 5136 non
2751 5082 2983 5138 fuissent
3019 5082 3202 5154 digna.
3247 5084 3700 5151 QuomodoilleL

2101 5175 2195 5243 qui
2231 5173 2368 5227 nihil
2413 5174 2639 5240 tesreni,
2674 5188 2850 5242 neque
2873 5173 3118 5238 humani,
3152 5176 3530 5236 nee-domum.
3564 5191 3667 5230 nec

2103 5264 2331 5329 victum,
2363 5278 2464 5318 nec
2488 5273 2710 5331 tectum,
2742 5278 2844 5319 nec
2876 5263 3198 5331 amicitiam,
3222 5280 3399 5334 neque
3440 5265 3681 5321 necessi-

2106 5366 2298 5421 tatem,
2322 5371 2500 5426 neque
2519 5358 2587 5411 ad
2608 5372 2798 5412 sexum
2844 5355 3092 5423 aﬂectus,
3112 5415 3116 5418 ,
3135 5373 3238 5413 nec
3276 5361 3365 5415 ad.
3392 5358 3704 5419 mulierem.

2103 5449 2422 5517 obsequium
2450 5457 2507 5503 et
2542 5459 2803 5513 mentem.
2846 5464 2946 5504 nec
2989 5450 3286 5519 quidquam
3327 5465 3516 5508 θοι-ωτι
3562 5466 3693 5521 qua

2107 5543 2167 5601 in
2202 5542 2349 5599 vicis
2373 5551 2427 5598 et
2462 5540 2687 5603 urbibus
2715 5542 3119 5613 perﬁciuntur,
3137 5541 3554 5608 habebatkeutu
3580 5544 3682 5599 lto-
