4020 6204
380 265 522 333 3357

996 265 1275 327 ORATIO
1311 267 1473 330 VIII.
1515 292 1578 303 -
1622 265 1705 326 ΙΝ
1748 266 1854 327 SS.
1896 266 2155 331 APOST.
2191 271 2507 332 PETRUM
2544 272 2641 334 ET
2680 274 3014 336 PAULUM.

386 373 639 446 ἐξεχθρὸν
673 374 784 445 γὰρ
808 372 927 444 Θεῷ
959 374 1218 443 τυγχάνει
1271 374 1332 427 τὸ
1368 376 1601 429 ἄτακτον
1627 393 1640 407 ·
1677 379 1816 449 μήτε
1869 378 1968 449 τῆς

2083 379 2185 437 visa
2222 382 2366 437 enim
2396 384 2505 441 Deo
2524 384 2880 457 perturbatio)
2925 403 3098 456 neque
3128 389 3304 458 gratia
3350 389 3649 461 dignitatis,

382 461 538 530 ἀξίας
581 467 616 536 ἡ
675 465 834 537 χάρις
892 466 973 527 εἰς
1029 465 1248 529 ἀνίσους
1288 466 1634 538 διατέμνεται
1690 470 1953 541 χάριτας·

385 556 779 629 ἀμεταμέλητα
792 558 901 627 γάρ
916 558 1021 610 είσι
1035 557 1103 611 τὰ
1121 557 1459 630 χαρίσματα,
1480 560 1574 614 καὶ
1589 560 1649 613 τὸ
1661 562 1808 630 ὃριον
1820 561 1961 633 ὅπερ

384 649 549 713 αὐτὸς
564 648 872 721 διορίσοιτο,
894 649 1169 720 οὐδαμῶς,
1191 649 1269 714 ὡς
1298 652 1331 720 ἡ
1365 651 1602 723 μελῳδία
1638 652 1793 722 φησὶ,
1816 670 1962 726 παρ·

385 741 667 796 ελεύσεται
689 757 704 771 ⁶
768 734 923 806 οὗτος
950 744 978 796 ὁ
1012 742 1195 797 πάντα
1237 739 1388 813 ζυγῷ
1438 745 1531 797 καὶ
1567 743 1794 814 σταθμῷ
1829 745 1963 800 διοι-

389 830 678 901 κούμενος,
715 833 809 885 καὶ
836 831 1053 904 ἑκάστῳ
1080 832 1255 897 διδοὺς
1280 834 1770 906 ἀπροσωπολήπτῳ
1798 835 1965 909 βουλῇ

392 922 457 975 τὰ
495 922 836 993 χαρίσματα,
889 922 1027 992 μετά
1073 922 1170 994 τὴν
1205 922 1430 995 πρώτην
1488 923 1741 995 ἐκλογὴν,
1781 926 1847 996 ἦν
1880 927 1967 978 ἐπ’

390 1011 715 1077 ἀποστόλοις
756 1014 1052 1083 πεποίηται
1090 1014 1323 1079 δώδεκα,
1353 1016 1447 1070 καὶ
1474 1015 1570 1086 τὴν
1588 1016 1867 1087 δευτέραν,
1903 1017 1971 1088 ἢν

391 1103 483 1156 ἐπὶ
514 1104 784 1173 μαθηταῖς
800 1105 895 1159 δύο
917 1107 1011 1160 καὶ
1034 1106 1404 1176 ἑϐδομήκοντα
1431 1108 1651 1178 τέτευχε
1673 1124 1686 1139 ⁸
1719 1108 1855 1177 μετὰ
1874 1110 1970 1181 τὴν

392 1194 473 1254 εἰς
508 1194 774 1263 οὐρανοὺς
805 1197 870 1250 ὲκ
895 1197 1004 1250 τῶν
1027 1200 1290 1267 ἐπιγείων
1313 1200 1655 1271 πραγμάτων
1684 1200 1971 1266 ἀνάϐασιν,

390 1283 512 1353 ἦτις
524 1284 611 1338 διὰ
628 1285 725 1355 τὴν
740 1287 921 1357 σάρκα
934 1305 995 1356 γε
1006 1289 1249 1360 γένηται,
1267 1292 1332 1365 ἣν
1346 1291 1405 1355 ἐξ
1435 1291 1591 1360 ἡμῶν
1608 1291 1976 1363 προσελάϐετο

368 1343 663 1451 ξίᾶσαρκος
683 1343 922 1445 ’γάρικαὶ
945 1343 1249 1447 ἀσώματος
1270 1343 1329 1431 τὸ
1355 1343 1491 1449 πρὶν.
1520 1379 1595 1444 ὡς
1614 1343 1769 1451 uitiis

402 1420 662 1445 \"'"r""
704 1420 800 1445 "'7
831 1420 922 1429 ""'
950 1420 1238 1447 """t""'""’
1282 1420 1329 1431 ’ν
1360 1420 1479 1449 "t'"
1520 1420 1593 1444 νυν
1622 1420 1757 1451 ἠ’*ν
1804 1420 1973 1436 """“"

365 1420 647 1539 ξὸέῦηκε),
674 1467 768 1520 καὶ
786 1467 975 1539 τρίτην
1001 1469 1232 1538 ἐκλογὴν
1253 1470 1641 1535 ἐπιδείκνυται,
1668 1460 1975 1537 uitauit/tth

367 1548 714 1639 ξάποστόλων
749 1548 945 1620 ίκαλῶς
988 1561 1085 1632 τὴν
1135 1562 1459 1632 ἀρίθμησιν,
1510 1565 1612 1618 οὐκ
1671 1565 1978 1637 ἀποστολῆς

2064 469 2315 543 inaequali
2345 476 2514 544 gradu
2570 476 2815 532 beneficii
2863 488 3126 535 uteretur.
3178 482 3316 536 Sunt
3354 482 3501 537 enim
3532 484 3653 541 sine

2064 566 2381 636 pmnitentia
2428 568 2602 633 dona;
2659 577 2712 623 ct
2775 571 3060 625 terminum
3095 571 3163 628 ab
3210 588 3275 628 eo
3304 574 3649 644 pmﬂnitum,

2065 668 2125 713 ut
2152 659 2225 713 ait
2254 659 2520 727 Psalmus,
2554 677 2714 718 nemo
2748 665 3197 733 lransgredietur.
3225 665 3359 722 Cum
3393 668 3438 724 is
3471 670 3653 739 itaque

2066 761 2263 807 cuncta
2293 768 2417 807 cum
2453 754 2692 822 pondere
2721 765 2775 810 et
2805 765 3006 811 statera
3043 756 3282 820 iecisset,
3336 767 3392 813 et
3434 758 3647 814 unicui-

2067 860 2173 915 que
2216 847 2381 901 libera
2440 862 2535 903 sua
2590 845 2871 903 voluntate
2920 847 3062 901 dona
3115 848 3473 914 attribuisset,
3531 859 3652 919 post

2070 940 2306 1007 priorem
2338 938 2618 993 duodecim
2669 940 3037 1009 apostolorum
3087 941 3377 1005 delectum,
3421 941 3661 997 alterum

2070 1042 2285 1097 quoque
2356 1028 2748 1097 diSeipulorum
2805 1030 3145 1100 septuaginta
3208 1031 3438 1086 duorum
3502 1032 3649 1090 fecit.

2072 1118 2313 1188 Denique
2347 1131 2467 1188 post
2496 1136 2672 1183 suum,
2731 1137 2852 1175 ctua
2904 1137 2967 1175 ea
3027 1137 3194 1177 eat-ne
3236 1137 3396 1190 quam
3434 1138 3462 1175 a
3497 1123 3653 1178 nobis

2073 1212 2322 1278 sumpsit,
2352 1212 2404 1264 in
2428 1211 2622 1264 cadum
2640 1212 2868 1267 reditum
2896 1212 3120 1281 (etenim
3149 1212 3265 1266 sine
3285 1228 3447 1267 carne
3478 1214 3654 1268 ullove

2074 1314 2303 1368 corpore
2334 1302 2398 1354 ad
2438 1317 2538 1355 nos
2574 1311 2733 1357 antea
2770 1303 3145 1373 descenderat)
3199 1305 3417 1357 tertium
3442 1318 3655 1372 quoque

2077 1393 2282 1461 peregit
2321 1392 2612 1457 delectum,
2658 1404 2716 1445 ut
2765 1395 3128 1461 apostolorum
3178 1410 3457 1449 numerum
3514 1410 3653 1464 prro-

2078 1484 2223 1539 clare
2247 1495 2488 1554 augeret,
2506 1486 2635 1555 quin
2659 1497 2941 1553 propterea
2972 1485 3331 1540 differentiam
3357 1487 3409 1541 itt
3437 1496 3656 1554 aposto-

2079 1574 2246 1629 latum
2297 1578 2595 1632 inveheret.
2635 1578 2727 1631 Est
2766 1578 2911 1630 enim
2940 1578 2992 1629 in
3032 1576 3122 1629 Dei
3168 1578 3420 1643 arbitrio,
3469 1588 3656 1647 utpote

396 1647 661 1720 8:a:;op.itv
685 1653 1053 1729 ἐργαζόμενος
1081 1670 1094 1683 ·
1132 1654 1382 1721 ἐξουσίαν
1405 1654 1515 1726 γάρ
1544 1654 1657 1725 ἔχει
1695 1659 1723 1709 ὁ
1758 1656 1976 1710 πάντων

2083 1668 2320 1720 omnium
2351 1667 2520 1736 liguli,
2546 1668 2655 1722 luto
2687 1677 2741 1722 et
2764 1666 2933 1721 forma
2967 1669 3031 1720 ad
3066 1667 3325 1736 plasticcu
3357 1678 3519 1737 prout
3546 1668 3657 1723 ruit

397 1742 678 1811 κεραμεὺς
711 1744 869 1814 ἡμῶν
903 1746 1056 1816 Θεὸς,
1100 1746 1194 1800 τοῦ
1238 1747 1412 1817 πηλοῦ
1452 1746 1544 1801 καὶ
1583 1747 1678 1801 τοῦ
1718 1749 1972 1817 πλάσμα-

2083 1758 2354 1824 utemii,et
2379 1731 2476 1826 pro
2498 1758 2650 1811 iibito
2675 1758 3008 1823 moderandi,
3039 1731 3167 1827 quin
3196 1731 3464 1827 quispiam
3491 1759 3658 1829 ipsius

398 1850 489 1896 τος
523 1839 888 1901 σκευοποιεῖν,
922 1839 1014 1892 καὶ
1042 1840 1315 1909 παράγειν
1341 1839 1417 1903 ὡς
1444 1838 1712 1907 βούλεται,
1747 1840 1973 1912 μηδενὸς

402 1925 566 1981 αὐτοῦ
626 1932 748 1991 ταῖς
814 1929 1032 2000 βουλαῖς
1072 1932 1565 2004 ἀντιπράττοντοςο
1623 1933 1682 1997 ὃς
1734 1935 1831 1987 καὶ
1881 1934 1976 1987 τὸν

405 2015 615 2089 Παῦλον
654 2019 838 2085 σαφῶς
873 2022 1253 2092 ἐκλεγόμενος,
1283 2023 1488 2092 ἔφασκε
1550 2023 1687 2095 πρὸς
1721 2025 1973 2081 Ἀνανίαν

400 2106 493 2159 τὸν
523 2107 734 2160 Παύλου
761 2108 1063 2180 βαπτιστὴν
1094 2113 1185 2165 καὶ
1216 2110 1535 2166 διδάσκαλον
1561 2126 1576 2140 ·
1634 2114 1839 2175 ἐκεῖνος
1867 2111 1976 2182 γὰρ

400 2199 565 2277 αἰετὸν
613 2201 709 2255 καὶ
760 2203 1109 2272 τυφλωθέντα
1159 2203 1458 2273 πεφώτικε,
1499 2205 1595 2259 καὶ
1635 2203 1975 2272 φωτισθέντα

400 2289 723 2360 βεσάπτικε,
750 2293 845 2346 καὶ
873 2292 1239 2362 βαπτισθέντα
1265 2294 1504 2365 δεδίδαχε
1530 2294 1592 2348 τὸ
1619 2293 1976 2347 θεόπνευστον

400 2383 638 2453 δίδαγμα
665 2401 679 2415 ·
717 2404 734 2435 ι
766 2385 1005 2456 Πορεύου
1037 2403 1056 2436 δ
1090 2387 1226 2457 πρὸς
1260 2386 1362 2456 τὴν
1401 2386 1591 2439 τούτου
1646 2384 1797 2440 θείαν
1843 2402 1977 2440 κατ-

401 2478 620 2548 ήχησιν,
646 2479 708 2535 οὐ
753 2480 860 2549 μὴν
891 2480 1026 2535 ἀλλά
1079 2482 1177 2535 καὶ
1206 2480 1524 2550 ἀνάϐλεψιν,
1586 2500 1604 2533 ι
1649 2481 1732 2535 ὅτι
1783 2481 1977 2544 σκεῦος

404 2570 635 2639 ἐκλογῆς
691 2571 780 2642 μοί
831 2575 979 2627 ἐστιν
1026 2569 1204 2638 οὗτος,
1237 2574 1331 2627 τοῦ
1386 2574 1653 2645 βαστάσαι
1711 2573 1772 2626 τὸ
1805 2574 1979 2643 ὄνομά

407 2680 508 2731 μου
540 2664 772 2717 ἐνώπιον
794 2664 963 2718 ἐθνῶν
1001 2667 1094 2719 καὶ
1137 2665 1404 2734 βασιλέων
1450 2665 1583 2719 υἱῶν
1635 2682 1694 2718 τε
1738 2666 1974 2735 Ἰσραήλο

403 2755 516 2824 ἐγὼ
557 2754 669 2824 γὰρ
724 2756 987 2821 ὑποδείξω
1038 2755 1186 2826 αὐτῷ
1245 2757 1345 2810 ὅσα
1400 2757 1484 2808 δεῖ
1515 2756 1679 2808 αὑτὸν
1715 2756 1854 2825 ὑπὲρ
1882 2755 1978 2808 τοῦ

403 2847 667 2917 ὀνόματός
698 2867 798 2919 μοι»
847 2849 1062 2903 παθεῖν.
1102 2867 1121 2902 ι
1179 2848 1339 2901 Ἀλλά
1393 2850 1487 2903 καὶ
1521 2847 1731 2913 Παῦλος
1763 2848 1924 2911 αὐτὸς
1952 2850 1982 2902 ὁ

407 2942 731 3013 θαυμάσιος,
776 2944 875 3013 τῆς
912 2943 1117 3006 οἰκείας
1158 2942 1316 3008 ἀξίας
1364 2935 1580 3004 δεικνὺς
1618 2941 1717 3012 τὴν
1753 2940 1981 3012 προχείο

411 3052 575 3106 ρισιν,
600 3034 877 3106 ἔγραφεν,
926 3037 1002 3100 ὡς
1051 3056 1069 3087 ι
1116 3037 1174 3088 '0
1207 3037 1511 3105 ἐνεργήσας
1547 3035 1739 3106 Πέτρῳ
1782 3034 1862 3098 είς
1883 3033 1982 3105 τὴν
2009 3075 2054 3136 C

405 3129 731 3199 περιτομὴν,
776 3129 1049 3199 ἐνήργησε
1081 3128 1248 3197 κάμοὶ
1270 3131 1350 3191 εἰς
1369 3128 1439 3181 τὰ
1472 3126 1623 3199 ἔθνη.
1652 3147 1671 3180 ι

476 3223 547 3287 γ’,
568 3218 680 3290 Τῆς
691 3213 785 3272 οὖν
796 3218 891 3272 τοῦ
905 3219 1156 3291 Σωτῆρος
1171 3221 1291 3272 κατ’
1305 3218 1536 3289 ἐκλογὴν
1565 3218 1981 3291 προχειρίσεως,

406 3308 599 3380 Πέτρῳ
622 3306 701 3378 τῷ
727 3308 930 3380 πρώτῳ
962 3309 1070 3362 τῶν
1098 3296 1410 3364 ἀποστόλων
1433 3312 1526 3365 καὶ
1543 3313 1744 3383 κήρυκι
1772 3312 1984 3366 Παῦλον

408 3397 831 3474 ωναρμοσάσης
862 3397 954 3451 τὸν
980 3398 1185 3464 ἔνθεον,
1230 3403 1326 3455 καὶ
1356 3400 1418 3458 ἓν
1449 3403 1651 3470 ἀμφοῖν
1675 3402 1985 3474 δεδωρημέ-

409 3506 508 3560 νης
545 3490 786 3561 ἀξίωμα,
823 3490 927 3545 κάν
961 3493 1010 3545 εί
1056 3492 1147 3546 τὸν
1198 3495 1297 3563 μὲν
1341 3495 1422 3555 είς
1455 3494 1756 3566 ἀποστολὴν
1789 3495 1897 3547 τῶν
1926 3496 1984 3547 ὲν

407 3586 682 3655 περιτομῇ
702 3583 1085 3654 προεϐάλλετο,
1110 3584 1202 3638 τὸν
1228 3583 1285 3638 δὲ
1305 3584 1532 3653 ἀγέλαις
1549 3585 1791 3647 ἐθνικαῖς
1818 3600 1984 3655 προσ-

407 3675 720 3746 εκλήρωσε·
750 3675 846 3731 καὶ
906 3675 1068 3746 χάριν
1113 3676 1266 3747 μίαν,
1317 3677 1410 3731 καὶ
1434 3675 1714 3752 θεόσδοτον
1744 3676 1984 3744 ἀξίωμα,

407 3766 470 3827 τὸ
488 3769 588 3837 τῆς
615 3765 891 3830 υἱοθεσίας
919 3768 1063 3836 φημὶ
1094 3766 1192 3835 τῆς
1221 3767 1357 3837 πρδς
1382 3766 1473 3819 τὸν
1494 3766 1627 3821 Θεὸν
1657 3768 1751 3821 καὶ
1780 3766 1984 3836 Γεννή-

408 3878 567 3934 τορα,
604 3866 720 3926 τοῖς
754 3861 825 3916 δι’
858 3863 1024 3918 αὑτὸν
1046 3864 1120 3927 ὡς
1152 3864 1390 3934 Χριστὸν
1405 3863 1568 3917 αὐτὸν
1592 3862 1985 3931 ἐπιστρέφουσι

407 3954 636 4020 δέδωκε,
657 3955 753 4010 καὶ
776 3956 947 4025 ὄνομα
969 3954 1028 4009 ἒν
1055 3957 1260 4026 ἀμφοῖν
1289 3954 1782 4028 προσκεχάρισται.
1799 3953 1860 4008 τὸ
1891 3954 1988 4008 ἀπ’

410 4045 575 4100 αὑτοῦ
632 4045 877 4117 Χριστοῦ
916 4047 1283 4118 Χριστιανοὺς
1329 4044 1720 4115 ὀνομάζεσθαιο
1763 4044 1990 4109 εἰκότως

410 4138 504 4190 καὶ
536 4139 700 4209 ἡμεῖς
737 4140 785 4193 οἱ
815 4138 1023 4194 τούτων
1064 4139 1306 4210 μαθηταὶ
1337 4139 1433 4192 καὶ
1466 4136 1772 4203 ἀκόλουθοι,
1804 4137 1991 4191 πίστιν

409 4228 509 4296 τὴν
557 4228 739 4284 αὐτῶν
803 4230 1181 4297 περιέποντες,
1251 4229 1343 4284 καὶ
1402 4229 1642 4298 δίδαγμα
1689 4228 1753 4281 τὸ
1809 4227 1993 4283 αὐτῶν

410 4321 804 4390 ἀσπαζόμενοι,
855 4321 1109 4391 ἀλλήλοις
1160 4320 1385 4384 τούτους
1440 4320 1783 4392 συνήψαμεν,
1826 4319 1919 4382 οὓς
1957 4321 1992 4392 ἠ

2077 1849 2337 1903 voluntati
2362 1849 2627 1903 obsistere
2661 1859 2843 1918 queat.
2875 1849 3053 1918 Atque
3076 1849 3119 1902 is
3137 1850 3351 1917 quidem
3376 1858 3497 1918 post
3519 1850 3658 1905 l’att-

2076 1943 2183 1996 iutn
2213 1942 2425 2011 publice
2442 1942 2980 2007 eiectum,Auaniam
3015 1941 3162 1996 Pauli
3189 1952 3374 2012 postea
3410 1942 3659 2012 baptiza-

2075 2039 2251 2086 torem
2290 2032 2717 2099 magistrumque
2741 2030 3040 2083 admonuit.
3073 2028 3283 2098 Quippe
3313 2028 3401 2082 ille
3429 2029 3573 2083 hunc
3603 2039 3660 2083 et

2076 2138 2276 2180 ca-cutu
2295 2123 2639 2188 illuminavit,
2658 2133 2711 2177 et
2735 2123 3093 2176 illuminatum
3113 2122 3427 2191 baptizavit,
3446 2133 3501 2177 et
3524 2123 3658 2192 bap-

2078 2217 2298 2272 tizatum
2332 2214 2541 2270 cmlesti
2570 2213 3283 2285 doctrinalimbuit.«Perge,
3304 2213 3476 2282 inquit
3499 2210 3659 2267 Chri-

2076 2318 2214 2369 stus,
2246 2307 2312 2359 ad
2351 2305 2494 2359 hunc
2524 2303 2786 2357 divinitus
2811 2301 3195 2366 erudiendum,
3249 2314 3349 2354 nec
3386 2314 3489 2353 non
3516 2295 3655 2353 visui

2082 2397 2471 2451 restituendum
2500 2410 2519 2459 ς
2582 2394 2707 2462 quia
2739 2407 2834 2447 vas
2860 2391 3140 2446 electionis
3176 2391 3305 2444 mihi
3339 2389 3441 2445 iste
3471 2398 3576 2453 est.
3599 2399 3659 2444 ut

2078 2488 2283 2542 delerat
2314 2500 2508 2540 nomen
2541 2500 2717 2539 meum
2741 2500 2924 2540 coram
2949 2484 3219 2551 gentibus,
3240 2483 3480 2551 regibus.
3506 2482 3658 2537 [iiiis-

2079 2597 2184 2651 que
2212 2579 2373 2633 lsrael
2407 2597 2420 2632 :
2457 2593 2556 2649 ego
2583 2578 2726 2633 enim
2761 2579 2809 2632 ei
2860 2577 3170 2633 ostendam.
3221 2583 3427 2645 quanta
3481 2576 3657 2644 ipsum

2079 2681 2321 2741 oporteat
2372 2686 2469 2741 pro
2524 2670 2741 2724 nomine
2807 2683 2927 2723 meo
2981 2668 3091 2738 pati
3141 2669 3182 2722 ‘.
3221 2685 3238 2719 ι
3320 2666 3460 2733 Quin
3523 2667 3659 2721 adeo

2080 2763 2279 2818 Paulus
2325 2764 2439 2832 ipse
2489 2761 2773 2823 mirificus,
2828 2775 2939 2814 sum
2974 2759 3252 2830 dignitatis
3300 2758 3514 2813 initium
3562 2756 3661 2811 tle-

2085 2868 2416 2920 moustrans,
2475 2855 2551 2909 ait
2586 2874 2600 2909 :
2643 2873 2662 2905 ι
2701 2854 2806 2920 Qui
2841 2865 3097 2923 operatus
3146 2862 3233 2907 est
3258 2850 3425 2906 Petro
3466 2851 3521 2905 in
3551 2849 3662 2904 cir-

2082 2950 2434 3016 cumcisioue,
2490 2948 2631 3004 idem
2705 2946 2840 3002 mihi
2897 2946 3038 3002 inter
3104 2940 3351 3000 ethnicos
3407 2950 3663 3014 Operatus

2087 3047 2169 3094 est
2198 3039 2240 3091 ⁸.
2277 3056 2294 3090 ι
3597 3058 3601 3062 ’

2153 3223 2206 3278 5.
2245 3221 2377 3279 Cum
2402 3222 2567 3292 igitur
2595 3218 2853 3277 Servator
2868 3235 2963 3291 per
2985 3216 3307 3274 electionem
3334 3231 3486 3274 suam
3504 3211 3664 3272 Petro

2083 3315 2314 3387 principi
2374 3314 2742 3384 apostolorum
2792 3312 2974 3367 divum
3019 3310 3245 3367 Paulum
3296 3309 3666 3371 associaverit.

2084 3423 2356 3478 unamque
2389 3409 2652 3463 ambobus
2683 3408 2999 3479 dignitatem
3030 3404 3320 3461 contulerit
3340 3403 3667 3474 (quanquam

2086 3497 2233 3551 illum
2260 3499 2711 3553 circumcisorum
2743 3499 3046 3569 apostolum
3076 3498 3287 3562 fecerit,
3318 3503 3461 3553 hunc
3485 3506 3665 3553 autem

2084 3589 2232 3659 gregi
2257 3589 2477 3644 ethnico
2508 3589 2911 3661 destinaverit),
2940 3604 3174 3657 cumque
3201 3605 3359 3642 unam
3398 3590 3672 3644 eamdem-

2086 3694 2191 3749 que
2252 3680 2503 3750 gratiam,
2573 3694 2975 3750 supernamque
3034 3681 3380 3749 dignitatem,
3452 3689 3511 3734 ut
3575 3679 3669 3734 lilii

2089 3768 2301 3822 scilicet
2339 3768 2429 3823 Dei
2464 3779 2517 3823 et
2542 3769 2722 3825 Patris
2751 3768 2902 3831 fiant,
2936 3770 3248 3840 quicunque
3271 3785 3366 3840 per
3396 3770 3576 3842 ipsum
3603 3772 3671 3823 ad

2087 3858 2366 3914 Christum
2396 3870 2814 3925 convertuntur,
2849 3861 3062 3914 dederit
3090 3876 3104 3924 ;
3150 3871 3205 3915 et
3239 3875 3431 3915 nomen
3460 3860 3675 3928 utrique

2089 3951 2250 4009 simul
2288 3951 2513 4022 largitus
2561 3951 2741 4018 fuerit,
2774 3964 2831 4006 ut
2855 3950 3150 4006 Christiani
3207 3952 3274 4008 ab
3318 3953 3434 4022 ipso
3456 3952 3674 4008 Christo

2090 4052 2569 4112 nuncuparentur;
2622 4043 2816 4099 merito
2853 4055 2907 4099 et
2958 4059 3056 4097 nos
3110 4044 3200 4114 qui
3239 4059 3426 4099 sumus
3477 4045 3671 4099 horum

2091 4135 2338 4205 discipuli
2367 4145 2423 4189 et
2454 4135 2697 4200 asseclze,
2747 4134 2913 4190 iidem
2937 4151 3122 4190 eorum
3160 4135 3415 4206 amplexi,
3467 4135 3674 4192 doctri.

2093 4242 2325 4297 namque
2350 4227 2789 4290 sccuti,aiterum
2814 4228 2966 4283 aitcri
2984 4227 3378 4297 copulavimus,
3398 4242 3532 4296 quos
3548 4244 3672 4298 gra-

2097 4321 2165 4374 tia
2201 4320 2428 4388 spiritus
2456 4320 2568 4389 jam
2615 4318 2969 4387 coujttnxerat
3007 4334 3505 4389 :comtnunemque
3542 4319 3676 4386 ipsis

408 4412 572 4481 χάρις
631 4411 836 4481 συνῆψε
881 4409 977 4465 τοῦ
1032 4410 1385 4481 Πνεύματοος·
1440 4412 1535 4465 καὶ
1587 4409 1773 4482 κοινὴν
1807 4410 1981 4474 αὐτοῖς

2094 4411 2488 4466 solemnitatem
2511 4414 2742 4478 agimus,
2779 4419 2966 4480 utpote
2998 4411 3087 4480 qui
3136 4426 3425 4466 commune
3474 4422 3529 4465 et
3580 4427 3675 4480 par

411 4502 751 4572 συνιστῶμεν
783 4503 1114 4574 πανήγυριν,
1156 4503 1231 4566 ὡς
1261 4503 1441 4558 κοινὸν
1488 4502 1714 4573 λαχοῦσι
1741 4503 1838 4557 καὶ
1874 4503 1981 4555 ἰσο-

2089 4503 2324 4558 oiiiciutu
2395 4504 2571 4558 sortiti
2615 4512 2743 4558 sunt
2777 4519 2792 4556 :
2825 4518 3105 4572 unumque
3165 4503 3389 4558 Christo
3477 4501 3674 4557 festum

408 4594 566 4658 κλεὶς
625 4596 687 4649 τὸ
740 4596 1112 4667 προχείρισμα
1143 4612 1156 4625 '
1200 4596 1295 4649 καὶ
1343 4595 1471 4666 μίαν
1528 4594 1751 4665 Χριστῷ
1797 4593 1991 4665 ἑορτὴν

407 4685 764 4757 ιορτάζομεν,
795 4687 871 4751 ὡς
904 4689 1036 4758 μιᾶς
1088 4688 1219 4763 ἡμῖν
1270 4687 1649 4757 πνευματικῆς
1683 4685 1856 4756 αὐτῆς
1901 4686 1992 4739 διὰ

407 4778 508 4847 τῆς
536 4779 861 4851 ἀμφοτέρων
914 4778 1415 4850 ὲπαστραπτούσης
1465 4778 1823 4850 φαιδρότητος
1848 4792 1863 4806 ⁸
1894 4776 1991 4841 οὓς

407 4871 522 4941 γὰρ
546 4871 781 4941 Χριστὸς
808 4870 972 4936 αὐτὸς
1008 4870 1396 4941 συνηρμόσατο
1416 4909 1430 4932 ,
1464 4870 1559 4923 καὶ
1590 4871 1691 4941 μιᾷ
1756 4869 1989 4923 κατεκό-

414 4977 591 5031 σμησε
624 4962 830 5031 χάριτι,
859 4962 1083 5025 τούτους
1111 4961 1359 5032 ἀλλήλων
1378 4961 1605 5031 διαιρεῖν
1633 4963 1735 5014 οὐκ
1768 4961 1986 5014 ἀκίνδυ-

412 5067 524 5115 νον,
556 5054 607 5105 οἱ
631 5055 710 5117 εἰς
735 5054 971 5124 Χριστὸν
999 5054 1285 5117 τετοκότες
1321 5055 1470 5124 ἡμᾶς
1501 5053 1839 5124 ἐψηφίσαντο
1858 5070 1872 5084 ·
1899 5053 1995 5113 διὰ,

408 5142 570 5199 τοῦτο
602 5145 711 5214 γὰρ
758 5145 851 5199 καί
893 5144 1022 5215 μίαν
1059 5144 1246 5209 αὐτοῖς
1287 5147 1594 5215 πανήγυριν
1628 5144 1857 5216 ὥρισαν,
1901 5144 2001 5199 ἴνα’

410 5234 489 5304 μὴ
521 5233 760 5303 Χριστοῦ
786 5236 852 5305 τῇ
885 5234 1056 5304 ψήφῳ
1088 5235 1335 5303 φανῶσιν
1377 5235 1675 5306 μαχόμενοι
1703 5251 1718 5265 ο
1770 5229 1851 5298 οἷς
1896 5234 1991 5288 καὶ

408 5327 572 5397 ἡμεῖς
602 5312 975 5397 οἱὲλάχιστοι,
1005 5328 1063 5380 ιν
1086 5328 1255 5381 πᾶσιν
1282 5326 1602 5381 ἀκολουθεῖν
1632 5326 1990 5381 ἐπισπεύδον-

404 5433 521 5482 τες,
559 5418 655 5471 καὶ
683 5416 868 5490 κοινὴν
895 5418 1077 5491 αὐτοῖς
1125 5418 1432 5490 συνδρομὴν
1479 5418 1749 5482 συνιόντες
1801 5417 1991 5490 ἀθροί-

407 5509 619 5580 (aspexi,
675 5510 771 5563 καὶ
815 5510 987 5581 ταύτῃ
1032 5512 1312 5579 φανότατα
1356 5512 1609 5582 τιμῶμεν
1661 5510 1840 5566 αὐτῶν
1892 5510 1990 5582 τὴν

483 5693 499 5725 ⁸
538 5693 657 5753 Att.
696 5709 768 5757 l\,
821 5693 900 5757 ιδ,
944 5693 1028 5751 Ili.
1129 5695 1144 5723 ’
1179 5694 1353 5748 Gulul.
1389 5707 1448 5762 ιι,
1483 5698 1535 5747 ὅ.

2092 4595 2449 4658 celebramus,
2494 4593 2621 4664 quia
2669 4609 2773 4648 una
2826 4593 2982 4648 nobis
3018 4591 3281 4661 spiritalis
3342 4606 3438 4663 per
3487 4592 3676 4646 ambos

2093 4686 2277 4741 ltetitia
2322 4687 2518 4742 illuxit.
2574 4685 2723 4755 Quos
2747 4686 2893 4740 enim
2938 4687 3052 4755 ipse
3087 4683 3340 4740 Christus
3370 4682 3671 4747 conjunxit,

2099 4787 2156 4833 et
2183 4780 2368 4832 eadem
2397 4779 2567 4850 gratia
2590 4779 2825 4844 ornavit,
2847 4778 2946 4833 hos
2975 4778 3204 4831 invicem
3231 4791 3509 4845 separare,
3535 4775 3676 4844 peri.

2092 4871 2337 4924 culosum
2377 4870 2410 4923 ii
2452 4870 2765 4940 judicarttnt
2797 4868 2887 4939 qui
2920 4885 3020 4923 nos
3053 4868 3275 4923 Christo
3322 4876 3620 4935 genuerunt
3658 4884 3672 4921 :

2089 4965 2440 5032 quamobrem
2490 4978 2652 5014 ttnatu
2696 4960 2965 5015 ambobus
3013 4959 3418 5014 solemnitatem
3467 4957 3676 5013 indiXe-

2090 5065 2235 5119 runt,
2300 5068 2367 5108 ne
2413 5052 2617 5109 Christi
2666 5052 2954 5109 sententiae
3009 5052 3287 5106 adversari
3340 5050 3672 5107 viderentur.

2090 5144 2295 5211 Quibus
2327 5153 2381 5198 et
2412 5158 2508 5199 nos
2547 5143 2751 5213 pusilli,
2799 5143 2850 5196 in
2891 5141 3143 5198 omnibus
3168 5139 3394 5208 obsequi
3425 5149 3675 5208 satagen-

2093 5244 2194 5297 tes,
2251 5234 2318 5290 ad
2360 5252 2705 5291 communem
2729 5235 2944 5304 tttrique
2978 5233 3229 5304 apostolo
3263 5232 3512 5287 festivam
3547 5244 3675 5283 con-

2091 5328 2301 5382 cionem
2333 5328 2733 5391 concurrimus,
2788 5338 2956 5394 atque
2990 5326 3090 5380 huc
3123 5325 3336 5395 publico
3364 5318 3677 5378 testimooio

2099 5419 2411 5474 sodalitiutu
2459 5418 2696 5490 ipsorum
2756 5418 3089 5473 itouoramtts
3127 5434 3140 5471 :
3177 5415 3264 5470 ubi
3316 5412 3460 5468 enim
3485 5410 3680 5467 Petrus

2097 5512 2417 5580 corypitzetts
2443 5508 2785 5578 praedicatur,
2824 5494 2896 5562 ibi
2927 5507 3110 5563 statim
3140 5516 3187 5559 ct
3208 5503 3407 5559 Paulus
3434 5517 3677 5558 ιιοιιιιιιιιο
