4020 6204
299 235 441 303 3859

1143 231 1203 291 S.
1249 229 1669 293 SOPHRONII
1705 225 2206 288 ΡΑΤΠΙΑΒΕΗίΕ
2244 222 2634 283 HIEROSOL

3400 202 3544 271 3360

298 361 387 404 tur
414 366 431 405 :
459 356 515 402 et
548 343 640 402 ubi
669 343 825 400 divus
850 342 1013 398 homo
1044 342 1242 398 Paulus
1274 353 1517 414 apparet,
1579 342 1651 397 ibi
1684 352 1738 398 et
1763 339 1866 396 Pe-
1901 394 1902 397 η

2006 338 2269 405 υνάφειαν
2297 352 2310 367 ο
2349 334 2477 388 ἔνθα
2509 334 2617 404 γὰρ
2649 332 2853 402 Πέτρος
2887 331 2914 384 ὁ
2958 303 3252 400 κορυφαῖος
3276 322 3544 397 κηρύττε-

298 452 411 495 trus
444 452 631 495 comes
662 435 1017 507 conspicitur.

367 698 422 755 ι.
461 697 552 751 Sic
583 698 635 751 hi
662 697 936 767 sapientes
962 706 1017 752 et
1041 696 1226 752 eximii
1264 694 1537 751 incn‘ahile
1569 696 1879 755 sodalitium

301 790 440 842 inter
470 802 531 842 se
559 786 760 851 colunt,
794 786 1195 856 separationem
1229 794 1509 855 respuunt,
1534 786 1879 853 partitionum

303 889 582 941 recusant,
638 880 926 935 discidium
980 861 1180 945 vitant,
1223 880 1520 934 divisiones
1572 877 1805 949 fugiunt,
1850 891 1880 929 a

304 960 731 1024 dissensionibus
771 970 1089 1031 abhorrent,
1127 971 1645 1038 tanquamndiorum
1678 966 1881 1029 causis,

305 1071 358 1115 ct
390 1062 683 1116 inin‘ticitim
718 1062 1128 1128 occasionibus;
1179 1076 1373 1130 nempe
1432 1070 1489 1114 ut
1521 1075 1620 1115 nos
1659 1060 1885 1113 doceant

306 1152 562 1221 spiritalis
595 1151 900 1207 dilectionis
929 1154 1391 1214 commoditatem,
1448 1162 1502 1204 et
1553 1151 1754 1204 amoris
1800 1165 1884 1205 se-

306 1246 543 1301 cundum
573 1243 851 1298 Christum
880 1244 1191 1298 utilitatem.
1229 1241 1364 1295 Nam
1397 1241 1655 1310 quidquid
1689 1254 1883 1294 secun-

309 1337 434 1389 dum
466 1335 743 1391 Christum
812 1349 916 1388 non
971 1338 1075 1396 est,
1130 1334 1180 1387 id
1235 1312 1420 1387 iterum
1465 1332 1886 1387 emolumentum

312 1428 552 1494 praebere
599 1425 822 1477 minime
865 1433 1061 1493 potest.
1133 1421 1457 1488 Qamohretu
1517 1431 1766 1488 uterque.
1832 1429 1890 1473 ut

312 1514 597 1570 t'ltaritatis
630 1514 765 1566 bona
794 1514 947 1565 nonis
978 1514 1372 1576 demonstrent,
1427 1517 1592 1579 atque
1645 1509 1896 1576 exemplo

1974 446 2084 492 ται,
2117 432 2234 483 ἐκεῖ
2288 428 2382 481 καὶ
2420 425 2631 488 Παῦλος
2685 422 2847 487 εὐθὺς
2888 419 3211 490 ὀνομάζεται
3236 432 3251 449 ο
3289 416 3384 470 καὶ
3410 414 3543 468 ὅπου

1978 519 2190 581 Παῦλος
2238 520 2265 571 ὁ
2300 516 2480 577 ἔνθεος
2522 516 2806 586 ἄνθρωπος
2836 512 3013 583 φανῇ,
3056 509 3151 563 καλ⁵
3181 509 3386 589 Πέτρος
3425 521 3547 559 συν-

1978 610 2380 679 αγελαζόμενος
2409 607 2707 661 δείκνυται.

2048 702 2113 755 δ’.
2153 699 2342 762 Οὕτως
2380 698 2628 771 ἀλλήλοιν
2681 698 2732 750 οί
2789 694 2944 766 σοφοὶ
2992 695 3086 748 καὶ
3130 690 3408 746 θεσπέσιοι
3450 687 3550 771 τὲις

1982 792 2269 854 συνουσίας
2321 765 2597 861 ἀρρήτους
2646 765 2990 860 ἐργάζονται,
3045 786 3137 838 τὸν
3186 765 3548 854 χωριομδνόύ

1983 883 2320 955 βουλόμενοι.
2348 883 2441 935 τὸν
2477 882 2747 952 μερισμὸν
2782 878 3200 950 ἐκτρεπόμενοι,
3229 875 3328 936 τὰς
3353 870 3555 943 διαιρέ-

1984 992 2100 1038 σεις
2157 972 2527 1035 ἐκκλίνοντες,
2582 987 2677 1034 τας
2753 970 2918 1040 τομάς
2965 966 3392 1035 ἀποφεύγοντες,
3457 963 3554 1024 τὰς

1984 1065 2288 1128 διαστάσεις
2315 1064 2377 1117 οὐ
2412 1063 2757 1132 στέργοντες,
2794 1061 2868 1123 ὡς
2904 1059 3115 1128 μίσους,
3142 1055 3419 1123 ἐκγόνους,
3459 1052 3554 1105 καὶ

1986 1153 2187 1224 ἔχθρας
2243 1152 2410 1217 οὖσας
2471 1132 2873 1222 προϐλήματαλ
2927 1148 3136 1212 διδάξαι
3212 1145 3300 1201 διὰ
3350 1143 3558 1197 τούτων

1985 1243 2133 1311 ἡμᾶς
2165 1242 2468 1312 ἐφιέμενοι,
2514 1241 2614 1312 τὴν
2650 1241 2751 1310 τῆς
2804 1239 3179 1308 πνευματικῆς
3227 1235 3557 1305 ἀγαπήσεως

1986 1335 2174 1406 ὄνησιν
2194 1376 2209 1401 ,
2239 1335 2334 1387 καί⁹
2361 1333 2544 1402 φιλίας
2569 1333 2667 1402 τῆς
2690 1332 2831 1385 κατά
2878 1330 3117 1401 Χριστὸν
3162 1328 3222 1382 τὸ
3247 1327 3520 1396 ὠφέλιμον
3544 1342 3557 1356 ·

1989 1425 2049 1478 τὸ
2080 1425 2190 1496 γὰρ
2228 1425 2369 1478 κατά
2401 1425 2639 1492 Χριστὸν
2679 1423 2771 1476 τὸν
2808 1423 2943 1477 Θεὸν
2981 1423 3041 1475 ού
3084 1421 3390 1491 γινόμενον,
3440 1415 3561 1471 οὐδὲ

1995 1518 2123 1588 μίαν
2155 1518 2413 1585 παρέχειν
2443 1512 2551 1568 οἶδε
2581 1517 2694 1578 τοῖς
2716 1512 2918 1583 δρῶσιν
2940 1512 3210 1585 ὠφέλειαν
3238 1527 3251 1541 ·
3294 1509 3380 1562 διὰ
3406 1505 3562 1559 τοῦτο

313 1621 412 1657 suo
447 1606 554 1657 vim
583 1604 698 1668 ejus
725 1603 1052 1671 exprimant,
1093 1616 1438 1657 communem
1493 1598 1891 1656 solemnitatem

2006 1611 2056 1678 5η
2085 1610 2179 1661 καὶ
2206 1607 2530 1677 ἀμφότεροι,
2550 1607 2612 1660 τὸ
2638 1607 2737 1673 τῆς
2768 1605 2991 1674 ἀγάπης
3022 1605 3172 1674 ἡμᾶς
3220 1600 3562 1655 ἐκδιδάσκον-

314 1695 505 1763 agitari
540 1695 794 1763 gaudent.
829 1693 1007 1759 Quare
1034 1693 1230 1747 horum
1269 1693 1426 1755 alter,
1456 1690 1741 1747 charitatis
1775 1690 1890 1742 vin—

2006 1671 2085 1764 τες
2101 1671 2312 1769 δφελος,
2330 1671 2498 1754 καῖεν
2517 1671 2729 1762 ἑαυτοίς
2747 1671 3052 1757 τυποῦντες.
3067 1671 3239 1764 αὐτῆς
3278 1692 3377 1761 τὴν
3415 1691 3562 1756 ὲνὲρο

315 1786 495 1840 culum
533 1787 789 1839 invictum
825 1800 1142 1856 agnoscens.
1175 1786 1386 1840 cunctis
1424 1787 1563 1838 hanc
1592 1782 1896 1837 charisma.

318 1877 460 1931 tibus
489 1874 748 1943 tnajorem
775 1890 896 1930 esse
927 1875 1187 1937 delinivit,
1213 1891 1336 1945 quae
1359 1876 1604 1942 proximo
1628 1890 1726 1928 suo
1757 1872 1896 1927 male

319 1967 500 2020 facere
554 1965 767 2019 nescit:
812 1983 832 2018 ι
867 1966 1118 2019 Charitas
1168 1966 1336 2030 enim,
1389 1964 1585 2032 inquit,
1650 1963 1897 2031 proximo

318 2072 423 2110 non
482 2055 686 2111 nocet'
722 2073 737 2110 :
777 2073 796 2107 ι
862 2065 917 2109 et
945 2071 1063 2118 eos,
1123 2056 1216 2123 qui
1264 2055 1362 2107 hac
1405 2063 1530 2107 sunt
1560 2052 1768 2116 imbuti,
1810 2053 1896 2105 in-

318 2146 490 2200 vicem
533 2144 973 2211 tolerarejuhet;
1022 2159 1195 2213 neque
1230 2144 1282 2197 id
1303 2145 1501 2208 solum,
1547 2145 1639 2198 sed
1666 2143 1896 2198 alienant

319 2253 566 2306 quterere
609 2238 851 2304 praecipit
888 2253 991 2289 non
1025 2238 1322 2306 propriam,
1348 2236 1663 2291 stimulante
1692 2250 1896 2301 amore,

320 2327 803 2389 commoditatem;
863 2341 983 2394 quae
1031 2327 1199 2380 virtus
1254 2342 1419 2379 unmu
1476 2340 1675 2394 corpus
1735 2335 1899 2395 atque

322 2432 484 2474 unam
519 2418 755 2471 animam
790 2417 918 2471 facit
955 2426 1256 2473 sectatores
1307 2432 1454 2481 suos,
1506 2425 1562 2472 et
1606 2416 1660 2470 in
1707 2417 1900 2471 eadem

322 2524 417 2579 spe
451 2509 752 2564 vocationis
795 2508 1045 2571 collocat,
1095 2518 1149 2563 et
1198 2508 1488 2577 participes
1529 2518 1750 2563 retenta:
1777 2507 1900 2563 vita:

323 2600 582 2654 declarat.
624 2598 777 2652 Alter
807 2608 986 2652 autem
1019 2599 1292 2666 apostolus
1322 2616 1335 2653 :
1368 2616 1387 2649 ι
1423 2599 1669 2663 Animas,
1701 2601 1896 2667 inquit,

324 2697 535 2742 vestras
567 2687 932 2743 castificautes
963 2686 1017 2739 in
1043 2685 1351 2741 obedientia
1381 2687 1647 2752 veritatis,
1683 2686 1900 2741 sincero

329 2795 513 2834 amore
542 2790 704 2849 atque
733 2794 799 2832 ex
826 2779 987 2834 corde
1012 2778 1244 2834 invicem
1276 2788 1478 2844 amate,
1524 2789 1686 2847 atque
1727 2790 1785 2835 ut
1807 2780 1898 2835 Dei

325 2870 514 2926 famuli
546 2884 736 2925 omnes
787 2883 884 2925 nos
928 2871 1213 2936 honorate,
1264 2878 1319 2923 et
1350 2869 1746 2925 fraternitatem
1779 2872 1902 2925 dilio

1996 1806 2171 1857 γειαν,
2203 1789 2296 1841 καὶ
2324 1788 2512 1857 κοινὴν
2551 1788 2651 1858 τὴν
2694 1786 3006 1856 πανήγυριν
3034 1783 3279 1850 ἄγουσιν.
3315 1778 3501 1843 Ὅθεν,
3537 1779 3565 1830 ὁ

2000 1882 2120 1951 μὲν,
2146 1880 2561 1950 ,ἁλλήλοιςήμᾶς
2582 1878 2661 1948 τῷ
2689 1877 2972 1946 συνδέσμῳ
2995 1878 3094 1945 τῆς
3124 1873 3343 1941 ἀγάπης
3361 1867 3563 1937 γιγνώ-

1999 1987 2144 2024 σκων
2171 1969 2232 2022 τὸ
2258 1968 2528 2034 ἄπτωτον,
2560 1968 2626 2039 ἦν
2652 1969 2748 2020 καὶ
2770 1967 2986 2021 πάντων
3011 1963 3232 2035 μείζονα
3276 1961 3383 2014 τῶν
3406 1976 3565 2030 χαρι-

2000 2060 2222 2129 σμάτων
2243 2059 2497 2131 ὡρίζετο,
2526 2059 2602 2122 ὡς
2619 2059 2712 2113 καὶ
2728 2058 2788 2111 τὸ
2806 2057 3033 2127 πλησίον
3052 2054 3221 2110 κακὸν
3242 2053 3343 2106 ούκ
3364 2052 3565 2105 εἰδυῖαν

1998 2149 2327 2221 ἐργάζεσθαι
2348 2165 2363 2183 ’
2396 2169 2414 2201 ι
2439 2150 2503 2204 Ἦ
2517 2150 2626 2219 γὰρ
2645 2148 2856 2218 ἀγάπη,
2874 2149 3029 2217 φησὶ,
3045 2146 3138 2199 τὸν
3155 2145 3380 2215 πλησίον
3398 2141 3566 2196 κακδν

1998 2243 2097 2294 οὐκ
2125 2240 2438 2313 ἐργάζεταιο
2472 2261 2491 2294 ι
2527 2241 2622 2294 καὶ
2650 2241 2895 2312 ἀλλήλων
2918 2237 3223 2307 ἐνδέχεσθαι
3256 2238 3368 2298 τοῖς
3397 2231 3568 2303 αὐτὴν

1998 2333 2185 2387 ἐνδεδυ
2195 2333 2379 2403 μένοις
2405 2332 2733 2386 ἐντέλλεται“
2760 2332 2855 2386 καί
2877 2333 2935 2385 ού
2960 2330 3119 2384 τοῦτό
3139 2345 3200 2398 γε
3222 2328 3398 2401 μόνον,
3434 2314 3570 2378 ἀλλά

1999 2428 2095 2480 καὶ
2114 2425 2182 2479 τά
2204 2426 2356 2495 σφῶν
2385 2426 2565 2480 αὐτῶν
2607 2425 2682 2499 μὴ
2722 2425 2904 2496 ζητεῖν
2931 2424 3292 2486 διατάττεται,
3323 2419 3456 2473 ἀλλά
3478 2417 3571 2470 τὸν

2006 2517 2235 2586 πλησίον
2264 2517 2452 2571 ποθεῖν
2494 2517 2564 2571 δι’
2590 2518 2889 2588 ἀγάπησιν,
2915 2517 3037 2587 ἥτις
3064 2515 3157 2568 καὶ
3189 2512 3247 2566 ἓν
3272 2512 3451 2581 σῶμα,
3477 2509 3571 2563 καὶ

2002 2607 2059 2660 ἒν
2086 2608 2310 2678 Πνεῦμα
2344 2612 2490 2663 ποιεῖ
2511 2610 2638 2672 τοὺς
2676 2609 3022 2680 μετέχοντας,
3048 2606 3141 2660 καὶ
3172 2606 3229 2657 ὲν
3267 2605 3363 2675 μιᾷ
3399 2600 3571 2655 ἑλπίδι

1999 2705 2102 2772 τῆς
2151 2705 2397 2774 κλήσεως
2448 2704 2653 2775 τίθησι,
2704 2705 2799 2757 καὶ
2852 2701 3143 2765 κοινωνοὺς
3195 2700 3293 2766 τῆς
3353 2696 3573 2750 αἰωνίου

2002 2797 2147 2864 ζωῆς
2177 2795 2561 2850 ἀποδείκνυσιν
2584 2812 2599 2828 ο
2645 2796 2674 2849 ὁ
2702 2795 2779 2857 (Σὲ,
2819 2814 2837 2845 ι
2868 2794 2981 2856 Τὰς
3022 2791 3198 2862 ψυχὰς
3247 2788 3399 2860 ὑμῶν
3423 2790 3575 2857 ἡγνι-

2003 2888 2161 2947 κότες
2191 2889 2249 2940 ὲν
2277 2889 2341 2955 τῇ
2369 2889 2585 2958 ὑπακοῇ
2636 2887 2737 2956 τῆς
2783 2885 3062 2956 ἀληθείας,
3113 2881 3300 2952 φησιν,
3332 2880 3413 2942 είς
3453 2880 3575 2944 φιλ-

324 2961 434 3031 gite
476 2959 518 3015 ⁸.
554 2978 573 3010 ι
639 2957 856 3012 Sciebat
898 2959 1070 3021 enim,
1112 2974 1213 3013 nos
1260 2958 1489 3013 invicem
1537 2959 1731 3016 fratres
1781 2961 1898 3015 fieri

2006 2975 2264 3043 αδελφίαν
2292 2957 2656 3045 ἀνυπόκριτον
2705 2976 2769 3027 ὲκ
2796 2973 3020 3041 καρδίας
3048 2970 3308 3040 ἀλλήλους
3343 2963 3578 3028 ἐκτενῶς

324 3067 423 3120 per
454 3051 775 3105 charitatem
806 3066 820 3102 :
857 3047 997 3102 unde
1028 3059 1084 3105 et
1120 3060 1246 3104 ante
1293 3051 1476 3105 omnia
1512 3060 1754 3105 mutuam
1797 3052 1898 3107 itnv

326 3157 493 3212 pense
544 3142 729 3197 fovere
780 3141 1102 3196 charitatem
1139 3142 1397 3208 mandat;
1456 3144 1583 3211 quia
1630 3143 1898 3200 charitatc

325 3234 724 3288 mnltitmlinem
763 3241 1107 3302 peccatorum
1146 3233 1349 3303 operiri
1378 3234 1581 3289 diserte
1606 3234 1815 3290 definit.

2004 3067 2353 3137 ἀγαπήσατε,
2388 3067 2485 3120 καὶ
2516 3066 2591 3130 ὡς
2619 3064 2753 3118 Θεοῦ
2780 3064 2977 3127 δοῦλοι,
3009 3063 3216 3124 πάντας
3240 3060 3389 3130 ἡμᾶς
3415 3056 3579 3125 τιμή-

2007 3175 2135 3211 σατε
2159 3174 2174 3188 ·
2229 3160 2328 3229 τὴν
2394 3158 2731 3229 ἀδελφότητα
2790 3158 3061 3226 ἀγαπᾶτε,
3114 3175 3134 3206 ι
3204 3149 3581 3218 άδελφοποιεῖν

2002 3245 2252 3316 ἀλλήλοις
2297 3249 2446 3318 ἡμᾶς
2491 3245 2788 3315 είδὼςτὴν
2828 3245 3147 3314 ἀγάπησιν⁸
3193 3238 3313 3294 ὅθεν
3343 3235 3440 3291 καῖ
3465 3232 3570 3303 προ

327 3331 547 3382 πάντων
566 3326 663 3398 τὴν
696 3326 776 3390 είς
803 3324 998 3388 αὐτοὺς
1028 3326 1249 3395 ἀγάπην
1286 3325 1518 3390 ἐκτενῶς
1580 3327 1728 3396 ἔχειν
1774 3331 1925 3401 ἡμᾶς
1958 3334 2340 3403 ἐγκελεύεται·
2422 3340 2504 3391 ὅτι
2561 3337 2662 3408 τὴν
2719 3334 2941 3405 ἀγάπην
3001 3331 3295 3387 καλύπτειν
3379 3324 3580 3397 πλῆθος

328 3420 766 3491 ἁμαρτημάτων,
796 3415 1086 3487 ὁριστικῶς
1110 3417 1451 3484 ἀπεφήνατο.

398 3516 454 3570 5.
494 3513 657 3583 Atqui
694 3528 792 3566 nos
822 3511 1091 3566 contraria
1127 3511 1318 3565 horum
1345 3514 1629 3583 praceptis
1661 3526 1901 3585 agentes,

330 3620 433 3659 non
471 3602 630 3658 modo
673 3601 902 3662 invicem
955 3615 1139 3654 amare
1183 3601 1453 3669 nolumus,
1514 3618 1701 3659 rerum
1739 3607 1901 3661 etiam

332 3694 517 3767 hostili
548 3693 672 3747 odio
700 3692 981 3762 proximos
1015 3694 1265 3767 prosequi
1295 3693 1601 3759 malumus;
1634 3697 1821 3761 nescii,
1849 3706 1908 3752 ιιι

332 3762 476 3853 reor,
506 3784 649 3855 quod
683 3784 954 3838 discordia
986 3793 1041 3838 et
1068 3762 1274 3851 odium',
1326 3784 1449 3837 niali
1501 3788 1724 3856 spiritus
1753 3790 1905 3857 geni-

332 3879 472 3933 tnina
504 3887 629 3933 sunt
660 3895 673 3930 :
701 3892 872 3946 quare
897 3876 1177 3946 proximos
1201 3885 1255 3932 et
1286 3876 1500 3947 injuriis
1538 3877 1820 3945 allicimus,
1851 3891 1906 3935 et

330 3969 602 4023 sexcentis
631 3970 920 4024 calumniis
954 3973 1250 4039 quatimtts,
1278 3981 1442 4037 atque
1471 3972 1618 4025 omni
1656 3972 1902 4026 maleﬁcii

309 4078 530 4131 Agenore
563 4061 868 4132 afﬂigiums,
902 4071 1189 4133 postquam
1217 4062 1726 4118 sentelcharitatem
1749 4065 1905 4119 exui-

334 4170 489 4221 tuns;
540 4169 660 4224 quae
708 4155 948 4222 quidem,
1011 4166 1069 4207 ιιι
1105 4154 1180 4207 ait
1219 4150 1658 4223 sapientissimus
1691 4154 1908 4221 Paulus,

334 4246 529 4299 malum
558 4245 805 4311 proximo
840 4245 1041 4298 inferre
1066 4261 1168 4299 non
1215 4246 1372 4300 solet.
1430 4244 1535 4299 Sed
1564 4226 1708 4307 enim
1739 4261 1912 4315 neque

2071 3522 2146 3576 ιε’.
2188 3520 2326 3574 Ἀλλ’
2360 3520 2518 3589 ἡμεῖς
2550 3515 2811 3572 τάναντία
2837 3514 3039 3566 τούτων
3068 3513 3186 3572 ταῖς
3214 3504 3582 3563 διδασκαλίαις

2016 3613 2413 3679 σπουδάζοντες
2433 3652 2446 3676 ,
2474 3612 2535 3664 ού
2567 3611 2724 3680 μόνον
2761 3605 3022 3677 ἀλλήλους
3058 3601 3276 3671 ἀγαπᾷν
3303 3599 3364 3652 οὐ
3398 3596 3580 3667 βουλό·-

2014 3706 2188 3778 μεθα,
2224 3704 2364 3758 ἀλλά
2392 3706 2487 3757 καὶ
2519 3703 2698 3773 μισεῖν
2742 3699 2820 3763 ὼς
2866 3694 3159 3765 πολεμίους
3194 3692 3321 3753 τοὺς
3358 3687 3583 3778 πλησίον

2010 3777 2292 3867 ἐθέλοιμεν
2313 3812 2329 3828 ο
2357 3794 2459 3848 ούκ
2485 3792 2686 3854 εἰδότες
2707 3834 2721 3855 ,
2746 3790 2821 3854 ὡς
2850 3788 3025 3841 ἔοικεν
3041 3827 3056 3849 ,
3089 3784 3163 3848 ὡς
3187 3780 3476 3854 ἔχθραίκαὶ
3499 3777 3588 3847 μί-

2014 3905 2104 3952 σος
2155 3886 2248 3941 τοῦ
2306 3883 2545 3954 πονηροῦ
2599 3881 2938 3949 καθέστηκεν
2988 3879 3186 3945 ἔγγονα
3235 3870 3584 3940 πνεύματος·

2010 3980 2134 4036 ὅθεν
2177 3981 2274 4032 καὶ
2304 3976 2595 4045 ἀδικοῦμεν
2631 3973 2886 4035 τούτους,
2918 3972 3010 4023 xci.
3044 3966 3330 4037 θλίϐομεν,
3363 3963 3456 4016 καὶ
3489 3977 3588 4030 μυ-

2016 4073 2160 4144 ρίαις
2188 4070 2461 4131 διαϐολαῖς
2492 4064 2851 4134 ὲκτοξεύομεν
2900 4101 2915 4125 ,
2947 4060 3044 4115 καὶ
3089 4060 3198 4112 πᾶν
3229 4056 3281 4108 εί
3328 4071 3382 4106 τι
3416 4051 3588 4144 κακδν

2015 4141 2096 4227 είς
2142 4162 2337 4224 αὐτοὺς
2381 4156 2766 4229 ἱργαζόμεθα,
2800 4156 2902 4223 τῆς
2941 4151 3163 4219 ἀγάπης
3208 4145 3358 4210 ἅπαξ
3390 4141 3591 4215 χηρεύ-

2021 4273 2207 4318 σαντες
2229 4269 2242 4284 ⁶
2269 4255 2393 4324 ἥτις
2419 4251 2561 4306 κατὰ
2582 4248 2795 4303 Παῦλον
2818 4246 2912 4299 τὸν
2939 4234 3233 4312 πάνσοφον,
3254 4240 3346 4293 τὸν
3365 4236 3589 4308 πλησίον

337 4337 526 4388 horum
558 4335 736 4388 divina
774 4342 1063 4404 pra-cepta,
1105 4336 1341 4393 cmlcstis
1369 4338 1557 4406 gratiae
1589 4338 1769 4407 plena,
1795 4354 1902 4404 quae

2018 4346 2189 4401 κακὸν
2225 4345 2325 4398 οὐκ
2354 4341 2645 4412 ἐργάζεται
2670 4356 2685 4370 ·
2731 4339 2951 4407 ἀγάπης
2978 4332 3087 4406 γάρ
3118 4333 3274 4404 ἔργον
3295 4331 3461 4390 ὅντως
3498 4343 3595 4379 πε⁹

337 4429 568 4483 salutem
598 4427 836 4496 ipsormu
868 4429 1298 4493 exsecutnriltus,
1347 4445 1450 4485 non
1483 4437 1661 4484 tamen
1694 4430 1910 4484 audito—

336 4516 486 4569 ribus
509 4524 736 4578 tantnm,
765 4517 1142 4586 suppeditant;
1199 4533 1373 4588 neque
1411 4535 1598 4574 rursus
1624 4520 1910 4590 prudentia

336 4604 607 4673 exempla,
654 4604 950 4660 transferre
982 4621 1078 4660 nos
1106 4607 1171 4659 ad
1196 4606 1518 4662 charitatem
1550 4620 1789 4662 minuam
1816 4624 1914 4676 po-

340 4706 581 4754 tuerunt.
641 4697 790 4752 Adeo
812 4699 930 4752 diro
958 4699 1065 4753 odii
1103 4701 1292 4754 morbo
1327 4700 1661 4767 laboramus,
1703 4711 1920 4770 tamque

339 4787 668 4843 exulceratis
712 4789 910 4843 animis
947 4789 1012 4844 ad
1072 4799 1288 4844 mutuas
1329 4790 1642 4845 inimicitias
1691 4806 1915 4857 sumus;

338 4883 429 4952 qui
479 4897 610 4937 sane
675 4882 940 4937 malorum
987 4884 1232 4938 omnium
1266 4883 1566 4953 praecipuus
1601 4884 1720 4938 fons
1749 4894 1831 4936 cst
1865 4892 1920 4937 et

340 4990 557 5045 parens.
598 4973 749 5030 Unde
782 4991 876 5030 vos
900 4975 1150 5040 obsecro,
1183 4977 1544 5042 dilectissimi,
1578 4985 1635 5029 ut
1670 4977 1762 5046 qui
1788 4991 1922 5045 προσ

340 5067 586 5123 8101ἱι¹ι1111
630 5066 813 5134 simul,
862 5076 917 5121 et
962 5067 1351 5123 benevolentiae
1390 5066 1625 5136 plenam,
1669 5066 1918 5121 divorum

341 5158 620 5215 hominum
646 5158 788 5214 Petri
817 5173 882 5214 ac
914 5158 1062 5213 Pauli
1106 5142 1506 5215 solemnitatem
1548 5158 1916 5221 celebramus.

341 5251 656 5306 aemulemur
682 5251 922 5322 ipsorum
952 5251 1312 5316 charitatem;
1356 5260 1523 5325 atque
1555 5259 1612 5304 ιιι
1645 5265 1785 5304 unus
1815 5251 1924 5319 spi-

344 5343 480 5401 ritus
505 5361 782 5415 unumque
831 5362 1030 5417 corpus
1073 5348 1389 5410 ciliciamur,
1434 5346 1784 5408 Studeamus;
1825 5360 1922 5400 ceu

346 5438 499 5491 nobis
530 5439 579 5491 in
607 5440 765 5493 unius
793 5439 913 5493 fidei
944 5440 1199 5496 unctione
1222 5438 1480 5493 traditum
1506 5446 1621 5503 est;
1658 5437 1925 5507 finemque

347 5539 545 5579 mutnus
594 5528 806 5598 injuriis
850 5529 1211 5598 imponamus,
1256 5538 1314 5582 ιιι
1366 5527 1609 5583 cmlcstia
1648 5527 1926 5585 charitalis

401 5645 421 5669 ⁸
453 5639 473 5692 ι
506 5641 630 5695 Cor.
663 5658 781 5706 xm,
836 5642 888 5697 ί.
986 5645 1004 5673 ³
1036 5642 1053 5696 ι
1087 5643 1225 5697 [ηπιι.
1280 5658 1316 5709 ι,
1373 5640 1461 5700 22.

2012 4436 2262 4506 φώραται
2288 4432 2595 4495 κάλλιπον,
2635 4429 2697 4481 τδ
2727 4427 2817 4481 τὸν
2848 4425 3075 4495 πλησίον
3112 4423 3280 4477 κακὸν
3316 4419 3389 4490 μὴ
3421 4416 3590 4487 ἐργάκ

2014 4527 2204 4591 ζεσθαι
2231 4545 2243 4557 ·
2280 4524 2395 4580 ἀλλ’
2448 4523 2574 4577 οὔτε
2624 4520 2830 4577 τούτων
2879 4518 2949 4572 τά
2997 4517 3117 4571 θεῖα
3152 4514 3493 4582 διδάγματα,
3522 4507 3601 4562 τὰ·

2017 4620 2167 4673 θείας
2198 4618 2436 4687 γέμοντα
2461 4615 2713 4685 χάριτος,
2747 4612 2844 4665 καὶ
2878 4609 3155 4680 σωτηρίαν
3186 4607 3297 4668 τοῖς
3343 4602 3595 4672 ποιηταῖς

2019 4713 2201 4773 αὐτοῖς
2233 4707 2367 4782 [οὐ]
2406 4708 2564 4778 μόνον
2611 4705 2906 4776 ἀκροαταῖς
2938 4699 3286 4771 παρεχόμενα
3309 4735 3323 4758 ,
3370 4691 3493 4747 οὔτε
3527 4689 3607 4743 τά

2024 4802 2164 4868 σοφά
2193 4801 2353 4854 πάλιν
2396 4797 2773 4867 ὑποδείγματα
2808 4793 3062 4865 μετάγειν
3092 4790 3240 4860 ἡμᾶς
3278 4787 3414 4857 πρὸς
3460 4782 3600 4851 ἀγά-

2025 4908 2135 4963 πην
2158 4890 2441 4961 δεδύνηται
2464 4906 2479 4935 ι
2509 4887 2651 4942 οὕτω
2679 4884 2941 4953 νοσοῦμεν
2973 4879 3225 4953 χαλεπῶς
3250 4877 3313 4931 τὸ
3342 4872 3598 4948 μισάδελ-

2025 5001 2160 5053 φον,
2211 4982 2306 5036 καὶ
2350 4978 2746 5051 ἀρῤωστοῦμεν
2794 4973 2984 5036 δεινῶς
3034 4972 3133 5041 τὴν
3162 4968 3299 5040 πρὸς
3338 4965 3607 5036 ἀλλήλους

2025 5074 2358 5146 ἀπέχθειαν,
2412 5073 2535 5142 ἥτις
2565 5071 2781 5124 πάντων
2829 5067 3014 5121 κακῶν
3066 5064 3162 5118 καὶ
3215 5060 3366 5131 πηγὴ
3395 5057 3601 5129 κυρίως

2022 5168 2138 5221 ἐστὶ
2168 5166 2262 5222 καὶ
2288 5165 2481 5235 γεννήτ
2492 5179 2609 5234 ρια·
2636 5162 2716 5215 διδ
2742 5156 3047 5231 παρακαλῶ
3067 5198 3083 5223 ,
3108 5152 3563 5227 προσφιλέστατοι
3582 5188 3600 5212 ,

2022 5260 2110 5313 ἴνα
2136 5258 2234 5330 τὴν
2282 5254 2643 5324 ἀποστολικὴν
2678 5251 2815 5323 ὁμοῦ
2866 5252 2961 5305 καὶ
3006 5248 3227 5320 φιλικὴν
3276 5245 3484 5315 Πέτρου
3508 5241 3604 5296 καὶ

2024 5351 2237 5407 Παύλου
2275 5348 2387 5403 τῶν
2411 5336 2716 5401 θεσπεσίων
2743 5342 2952 5413 ἀνδρῶν
2986 5340 3304 5410 πανήγυριν
3332 5336 3559 5403 ἄγοντες
3583 5371 3600 5396 ,

2025 5436 2300 5509 ζηλοῦμεν
2330 5434 2510 5490 αὐτῶν
2538 5435 2637 5506 τὴν
2667 5433 2977 5503 ἀγάπησιν,
3000 5428 3096 5483 καὶ
3120 5427 3220 5499 τὴν
3249 5426 3329 5488 είς
3358 5423 3416 5477 ἓν
3445 5421 3603 5490 σῶμα

2029 5526 2299 5597 ποθοῦμεν
2329 5525 2626 5595 συνάφειαν
2648 5563 2661 5589 ,
2709 5521 2850 5576 καθά
2882 5521 2972 5573 καὶ
3003 5519 3060 5571 ἐν
3087 5515 3166 5587 τῷ
3192 5514 3294 5586 τῆς
3328 5512 3458 5583 μιᾶς
3488 5509 3601 5567 ἔδεε
