4058 6190
437 318 568 386 33ὓ1

1068 319 1348 380 ORATIO
1381 319 1547 381 VIII.
1588 343 1652 352 -·
1694 318 1773 378 IN
1815 317 1918 377 SS.
1959 317 2217 378 APOST.
2257 316 2570 376 PETRUM
2600 315 2692 376 ET
2731 317 3065 377 PAULUM.

3538 321 3680 386 3361

437 428 647 502 ξάμεθα
679 428 943 500 χρίσματι
973 427 1206 492 πίστεως
1229 469 1246 496 ,
1276 430 1369 482 καὶ
1400 426 1582 483 κακῶν
1607 427 1713 480 τῶν
1739 428 1817 490 είς
1849 425 2013 497 άλλη·-

2128 427 2345 497 prarmia
2375 441 2476 479 una
2513 441 2632 480 cum
2667 425 2770 479 illis
2799 439 3230 495 consequamur;
3272 426 3534 496 genuinos
3553 445 3685 483 nos-

433 523 560 585 λους
592 521 932 592 παυσώμεθα
951 563 964 587 ,
994 521 1085 574 καὶ
1114 519 1222 575 τῶν
1254 520 1474 591 ἀγάπης
1501 519 1770 589 οὐρανίων
1823 520 2006 582 αὑτοῖς

433 613 676 684 ἁμειὸῶν
726 613 1198 683 κοινωνήσοιμεν,
1270 613 1524 682 φοιτηταί
1574 612 2008 684 χρηματίζοντες

434 709 684 778 γνήσιοι,
711 707 805 760 καὶ
833 705 988 769 ὄντες
1025 705 1205 758 αὐτῶν
1240 704 1457 770 παῖδες,
1491 703 1586 758 καὶ
1618 705 1723 757 υἱοὶ
1750 701 2012 772 γνωριζό-

439 811 623 863 μενοι,
651 793 728 856 ὡς
756 793 1087 864 κρατοῦντες
1117 792 1295 845 αὐτῶν
1333 792 1430 863 τὴν
1456 792 1736 861 ἀγάπησιν
1763 832 1777 854 ,
1807 793 1902 845 καὶ
1933 809 2014 844 τι-

2117 527 2223 570 inet
2246 517 2537 584 discipulos
2565 527 2618 571 et
2641 519 2948 587 progeniem
2983 519 3458 583 demonstrantes;
3504 530 3562 572 ut
3585 521 3682 574 lilii

2115 626 2299 664 eorum
2325 612 2723 682 dignoscantur,
2745 627 2974 680 quorum
2993 613 3275 666 ebaritatis
3295 627 3482 666 sumus
3515 613 3684 664 luere-

2110 702 2225 766 des,
2245 701 2742 771 prtereptaIinsuper
2762 701 2972 754 iilorum
2991 713 3239 756 accurate
3255 712 3555 762 servantes,
3575 701 3687 754 nul-

2119 795 2333 864 lamque
2365 795 2621 848 doctrina.-
2657 794 2967 848 eorumdem
3011 803 3215 863 partem
3256 804 3680 862 con-rumpentes.

441 887 649 956 μῶντες
690 883 931 955 ἀκριϐῶς
974 883 1042 937 τά
1083 884 1513 955 προστάγματα,
1562 885 1654 937 καὶ
1699 884 1864 954 μηδὲν
1919 886 2196 950 παντελῶς
2231 887 2339 939 τῶν
2389 885 2548 954 ἱερῶν
2602 886 2934 955 μαθημάτων
2975 885 3152 939 αὑτῶν
3196 885 3675 955 παραφθείροντεςο

508 984 582 1043 ς’.
631 976 790 1028 Ἀλλά
821 976 875 1028 τί
903 975 1066 1028 τοῦτο
1113 975 1207 1026 νῦν
1239 977 1285 1027 οί
1330 976 1483 1042 σοφοὶ
1507 976 1600 1028 καὶ
1634 977 2010 1045 παμμὲγιστοι

439 1071 772 1140 πράττουσι,
807 1069 948 1138 μετὰ
979 1067 1248 1136 Στέφανον
1281 1070 1410 1138 ἡμῖν
1441 1067 1531 1119 τὸν
1567 1069 1896 1138 πανάριστον
1933 1069 2012 1129 είς

439 1161 673 1230 θεωρίαν
703 1161 846 1227 σαφῆ
876 1160 1270 1232 προερχόμενοι
1293 1199 1307 1222 ,
1333 1161 1428 1213 καὶ
1459 1159 1725 1230 τετάρτην
1748 1161 2015 1226 ἑκουσίως

437 1252 636 1321 πρᾶξιν
684 1250 1038 1322 αἱρούμενοις
1081 1251 1258 1302 καίτοι
1313 1253 1377 1320 τῇ
1407 1249 1532 1320 ἀξίᾳ
1563 1249 1659 1318 τῆς
1711 1253 2012 1322 κορυφαίας

435 1341 739 1411 ἀποστολῆς
772 1343 864 1394 καὶ
916 1341 1266 1412 προϐλήσεως
1291 1380 1304 1406 ,
1337 1342 1396 1394 οὑ
1428 1341 1698 1410 Στεφάνου
1732 1342 1891 1412 μόνον
1915 1341 2007 1393 τοῦ

436 1433 689 1505 λαμπροῦ
740 1431 1244 1503 πρωτομάρτυρος,
1284 1432 1419 1485 ἀλλά
1465 1433 1820 1486 καὶπάντων
1875 1431 2008 1502 ὁμοῦ

436 1528 697 1597 θεοφιλῶν
723 1526 930 1596 ἀνδρῶν
970 1525 1371 1596 προηγούμενοι
1394 1568 1408 1592 ,
1440 1527 1533 1578 καὶ
1558 1523 1635 1594 τῷ
1667 1524 1884 1594 μεγέθει
1914 1524 2012 1593 τῆς

435 1620 604 1690 αὐτῆς
655 1617 1092 1689 πρωτερεὺοντες
1123 1631 1137 1646 ·
1173 1619 1272 1670 οὐκ
1302 1616 1496 1687 ἄδηλον
1528 1619 1638 1686 γάρ
1671 1615 1747 1678 ὡς
1802 1631 2012 1685 μαρτυ-

2172 978 2227 1032 6.
2273 976 2465 1032 Verum
2497 978 2800 1040 enimvero,
2854 992 2951 1028 cur
2987 976 3039 1029 lti
3077 978 3291 1029 demunt
3317 977 3587 1043 sapientes
3619 993 3683 1030 ac

2112 1067 2356 1129 ttiaximi,
2409 1076 2528 1133 post
2576 1069 2850 1133 egregium
2906 1065 3235 1132 Stephanum
3287 1066 3352 1116 ad
3407 1066 3680 1132 publiequ

2111 1157 2266 1211 nobis
2293 1157 2653 1225 spectaculum
2701 1157 2983 1224 prodeunt,
3031 1167 3281 1224 quartum
3329 1169 3520 1224 sponte
3556 1159 3681 1209 dra-

2117 1250 2274 1302 tnatis
2305 1260 2484 1302 actum
2524 1248 2623 1302 sibi
2676 1246 3052 1302 \intlicantes?
3102 1245 3264 1316 Atqui
3315 1248 3513 1300 summi
3564 1247 3679 1299 cul-

2115 1340 2258 1395 mine
2285 1341 2613 1409 apostolatus
2645 1348 2693 1393 et
2717 1340 3018 1402 electionis,
3054 1355 3158 1392 non
3193 1339 3530 1405 splendidum
3561 1350 3681 1392 tan-

2116 1435 2392 1484 tummodo
2431 1429 2760 1498 Stephanum
2811 1443 3284 1500 protomartyrem,
3342 1433 3434 1486 sed
3494 1446 3684 1485 omnes

2113 1523 2270 1575 simul
2320 1521 2426 1576 Deo
2485 1525 2677 1576 charos
2729 1523 2974 1578 homines
3030 1531 3398 1584 autern-mat,
3464 1538 3684 1591 sumque

2114 1615 2392 1683 dignitatis
2420 1616 2788 1684 magnitudine
2821 1617 3024 1684 primas
3078 1616 3276 1668 lerunt.
3321 1614 3505 1684 Neque
3539 1617 3680 1670 enim

437 1710 566 1780 ρικὴ
589 1707 913 1778 λαμπρότης
942 1707 1036 1759 καὶ
1085 1705 1351 1776 ἑλλαμψις
1373 1745 1389 1769 ,
1444 1706 1622 1776 πολλῴ
1647 1709 1742 1773 τῆς
1781 1707 2012 1758 άποστοο

2118 1718 2195 1761 est
2227 1709 2471 1771 dubium,
2499 1709 2628 1777 quin
2669 1710 2914 1778 martyrii
2949 1709 3249 1778 amplitudo
3281 1719 3335 1764 et
3365 1711 3526 1768 nitor,
3555 1725 3686 1775 apo-

437 1803 591 1871 λικῆς
608 1801 802 1872 αἴγλης
829 1800 1062 1871 ἡττᾶται
1095 1799 1188 1852 καὶ⁵
1212 1798 1452 1860 στάσεως
1477 1813 1492 1827 ο
1518 1796 1706 1868 τρίτην
1733 1795 1840 1866 γάρ
1870 1795 2007 1865 μετά

435 1893 530 1946 τοῦ
562 1892 798 1962 Χριστοῦ
831 1893 1094 1961 σωτήριον
1140 1889 1394 1958 γέννησιν
1437 1889 1692 1958 Στεφάνῳ
1714 1888 2007 1950 δεδωκότες

439 1985 744 2054 πανήγυριν
765 2025 779 2046 ,
801 1981 1068 2053 τετάρτην
1097 1982 1309 2042 ἑαυτοῖς
1339 1980 1729 2051 διετηρήσαντο
1759 1978 1838 2050 (5)
1862 2020 1876 2043 ,
1899 1979 2007 2032 τῶν

436 2074 662 2128 ἐντολῶν
694 2072 789 2127 τοῦ
823 2073 1094 2126 Δεσπότου
1147 2071 1613 2142 μνημονεύοντες,
1663 2071 1756 2124 καὶ⁸
1807 2070 2010 2134 ταύτας

438 2165 666 2220 κάνθάδε
701 2163 947 2234 πληροῦν
980 2163 1258 2232 ἐφιέμενοι
1300 2177 1314 2191 ⁸
1366 2166 1478 2226 τοῖς
1521 2162 1630 2232 γὰρ
1663 2162 1730 2215 τὰ
1766 2164 2008 2233 πρωτεῖα

440 2258 732 2326 λαμϐάνειν
755 2256 998 2319 ἐθέλουσι
1019 2296 1034 2322 ,
1057 2256 1150 2308 καὶ
1177 2255 1276 2318 τάς
1301 2254 1521 2324 μείζους
1549 2255 1706 2321 ἀξίας
1734 2255 2008 2326 αἱρεῖσθαι

442 2350 722 2412 διώκουσι,
757 2348 909 2413 τάξιν
937 2346 1208 2417 αἱρεῖσθαι
1252 2348 1352 2416 τὴν
1402 2345 1635 2416 ἐσχάτην
1682 2347 1968 2400 ἐθέσπισεν
1991 2387 2006 2412 ,

438 2435 538 2492 ῶδὲ
579 2455 694 2500 πως
718 2436 1016 2509 διαρρήδην
1051 2436 1186 2507 πρὸς
1224 2435 1419 2498 αὐτοὺς
1449 2435 1820 2505 φθεγξάμενος
1847 2451 1862 2467 ο
1900 2453 1918 2486 ι
1953 2435 2010 2489 ὐ

437 2534 606 2588 θέλων
636 2535 694 2586 ἐν
730 2533 856 2601 ὑμῖν
882 2525 1021 2582 εἶναι
1053 2529 1270 2598 πρῶτος
1288 2569 1303 2592 ,
1331 2529 1570 2597 γενέσθω
1600 2531 1814 2582 πάντων
1845 2527 2011 2598 ἐσχα-

437 2641 528 2686 τος
555 2641 571 2656 ·
609 2641 628 2674 ι
666 2623 790 2686 καὶ,
842 2641 860 2674 ι
899 2624 994 2684 ’ος
1033 2621 1126 2674 ἐὰν
1157 2620 1283 2692 θέλῃ
1313 2622 1370 2674 ἐν
1403 2622 1530 2690 ὑμῖν
1569 2620 1785 2692 πρῶτος
1832 2617 1970 2675 εἷναι
1995 2661 2008 2685 ,

439 2713 581 2765 ἔστω
611 2711 762 2780 ὑμῶν
794 2708 978 2772 δοῦλος
997 2725 1011 2740 ο
1029 2728 1047 2760 ι
1077 2710 1169 2762 καὶ
1186 2709 1380 2770 πάλιν,
1410 2726 1428 2759 ι
1455 2709 1512 2761 ’0
1538 2709 1740 2778 μείζων
1761 2709 1822 2761 ἐν
1850 2710 2010 2778 ὑμῖν,

441 2801 680 2866 γενέσθω
715 2800 789 2864 ὡς
815 2799 1079 2870 νεώτερος
1103 2837 1118 2860 ,
1156 2799 1248 2851 καὶ
1281 2800 1310 2851 6
1341 2797 1638 2868 ἡγούμενος
1675 2799 1747 2869 ᾡς
1777 2799 1805 2850 6
1833 2799 2015 2850 διακο-

437 2893 565 2946 νῶν.
607 2892 663 2945 Ὁ
690 2891 797 2960 γὰρ
827 2890 977 2959 ὑψῶν
1008 2887 1198 2940 ἑαυτὸν
1225 2887 1713 2959 ταπεινωθήσεται,
1739 2890 1832 2942 καὶ
1862 2891 1890 2941 6
1914 2906 2010 2941 τα-

440 2984 640 3036 πεινῶν
687 2983 877 3036 ἑαυτὸν
928 2981 1292 3052 ὑψωθήσεται.
1325 2999 1344 3031 ι
1382 2979 1543 3032 Ἀλλά
1575 2981 1669 3032 καὶ
1709 2981 1758 3032 oi
1798 2981 2013 3050 ἑσχατοι

2111 1798 2304 1851 stolieo
2335 1798 2604 1866 splendori
2637 1806 2690 1852 et
2718 1797 2909 1868 gradui
2955 1799 3111 1868 longe
3145 1799 3215 1853 sit
3246 1799 3682 1853 inlerior.Nihilo

2109 1895 2290 1942 tamen
2321 1890 2496 1944 minus
2524 1890 2758 1955 tertiam,
2780 1891 3114 1959 postChristi
3138 1891 3438 1945 Servatoris
3460 1893 3679 1955 natalia,

2110 1982 2386 2051 Stephano
2415 1983 2770 2037 concedentes
2811 1983 3238 2048 solemnitatem,
3289 1994 3536 2051 quartam
3573 1983 3676 2035 sibi

2112 2081 2478 2136 reservarunt,
2501 2083 2889 2142 praeceptorum
2908 2073 3116 2128 Domini
3143 2089 3431 2138 memoreg
3451 2089 3681 2143 quorum

2113 2162 2200 2216 hic
2219 2177 2432 2232 quoque
2471 2163 2932 2218 observandorum
2978 2164 3214 2216 studium
3243 2179 3350 2232 prae
3386 2179 3442 2218 se
3478 2164 3677 2218 lerunt.

2114 2251 2368 2308 Dominus
2411 2254 2556 2307 enim
2591 2254 2656 2308 iis
2686 2253 2774 2321 qui
2808 2254 3011 2321 primas
3048 2265 3227 2322 partes
3250 2255 3516 2318 ambiunt,
3567 2273 3684 2310 ma-

2108 2344 2363 2413 joresque
2402 2342 2694 2413 dignitates
2722 2345 2978 2413 consequi
3009 2355 3190 2407 avent,
3223 2344 3398 2399 locum
3447 2349 3681 2402 novissi-

2113 2451 2258 2489 mum
2277 2450 2542 2506 occupare
2567 2436 2865 2502 mandavit,
2897 2438 2976 2491 sic
3007 2437 3344 2492 diserteillos
3367 2439 3680 2508 alloquens:

2117 2544 2136 2577 ι
2175 2527 2274 2592 Qtti
2297 2525 2405 2579 vult
2423 2527 2562 2580 inter
2581 2542 2676 2580 vos
2698 2528 2904 2597 primus
2925 2543 3068 2592 esse,
3094 2528 3184 2581 fiat
3209 2530 3449 2583 omnium
3475 2541 3684 2598 postre-

2115 2633 2272 2682 mus;
2316 2626 2372 2672 et
2398 2618 2487 2685 qui
2532 2617 2646 2670 vult
2687 2633 2752 2670 ex
2785 2619 2934 2671 vobis
2977 2621 3231 2687 princeps
3262 2636 3406 2684 esse,
3462 2625 3530 2674 sit
3565 2641 3684 2674 oui-

2115 2711 2262 2762 nimn
2323 2708 2558 2762 fatnnlus
2583 2710 2626 2762 '.
2659 2728 2677 2759 ι
2730 2708 2796 2763 Et
2843 2725 3068 2764 rursus:
3113 2729 3131 2760 ι
3162 2713 3260 2778 Qui
3313 2713 3484 2783 major
3510 2725 3586 2766 est
3634 2717 3685 2768 in

2116 2799 2286 2860 vobis,
2317 2797 2404 2850 liat
2437 2808 2496 2851 ut
2530 2798 2745 2867 junior;
2787 2808 2840 2853 et
2873 2815 3089 2869 praeses,
3123 2811 3377 2870 tanquam
3411 2804 3687 2858 ministra-

2119 2897 2244 2940 tur:
2296 2904 2419 2939 nam
2458 2889 2548 2956 qui
2591 2904 2650 2941 se
2682 2889 2857 2956 ipsum
2903 2889 3136 2954 extollit,
3184 2890 3599 2960 bumiliabitnr;
3635 2904 3690 2947 et

2117 2983 2296 3049 quise
2337 2981 2605 3043 lnnuiliat,
2657 2981 2983 3036 exaltabitur
3012 2989 3053 3037 ⁸.
3109 3003 3125 3034 ι
3201 2983 3424 3054 Insuper
3479 2986 3549 3039 illi
3604 2987 3689 3039 ul-

439 3076 576 3147 πρδς
625 3076 723 3146 τὴν
775 3073 1189 3144 ἀμπελουργίαν
1245 3072 1601 3142 καλούμενοι,
1657 3072 1862 3144 πρῶτοι
1917 3072 2012 3142 τὴν

2121 3073 2234 3126 litui
2260 3074 2324 3127 ad
2359 3073 2640 3127 colendam
2667 3075 2878 3127 vineam
2915 3077 3108 3139 vocati,
3173 3080 3474 3132 mercedem
3527 3079 3688 3149 primi

443 3167 797 3239 μισθοφορίαν
823 3165 1084 3234 ἐδέχοντο.
1109 3165 1270 3216 Ὅθεν
1295 3163 1454 3217 τοῦτο
1492 3163 1679 3232 σαφῶς
1714 3163 2013 3232 ἐπιστάμε-

439 3274 555 3316 νοι.
590 3257 682 3310 καὶ
728 3255 880 3322 τάξιν
926 3255 1022 3326 τὴν
1054 3255 1312 3324 δευτέραν
1347 3254 1691 3324 λαμϐάνουσι
1714 3293 1728 3319 ,
1764 3254 1856 3308 καὶ
1887 3255 2014 3306 Στε-

442 3351 594 3420 φάνῳ
627 3349 702 3416 τῷ
743 3350 870 3418 θείῳ
898 3349 968 3400 τά
989 3350 1233 3418 πρωτεῖα
1267 3347 1600 3418 παρέχουσιν
1625 3361 1639 3375 °
1673 3346 1761 3398 ἵνα
1807 3346 2014 3415 πρῶτοι

441 3443 756 3496 δικαιότατα
777 3441 1019 3509 γένοιντο
1045 3479 1058 3504 ,
1092 3439 1189 3492 καὶ
1217 3438 1316 3508 τὴν
1345 3439 1573 3509 ἀρίστην
1607 3438 1750 3508 ἡμᾶς
1771 3437 1889 3490 666v
1916 3435 2015 3504 τῆς

444 3535 702 3605 ὑψώσεως
727 3573 742 3597 ,
779 3533 878 3615 τῂν
919 3532 1193 3585 εὐτέλειάν
1229 3548 1372 3601 φημι
1423 3531 1519 3584 καὶ
1549 3529 1876 3582 ταπείνωσιν
1901 3568 1916 3593 ,
1949 3531 2016 3598 ἣν

443 3627 656 3697 πρῶτος
710 3625 1008 3694 ἐνεργήσας
1062 3623 1300 3693 Χριστὸς
1352 3622 1611 3693 ἑτέμετο,
1653 3621 2015 3690 ὑποδείγμασι

444 3723 556 3779 τοῖς
591 3715 805 3770 ἑαυτῶν
841 3715 1247 3768 ἑκδιδάσκουσιυ
1290 3712 1491 3784 μάθετε
1535 3714 1627 3782 ἀφ’
1659 3712 1848 3783 ἡμῶν,
1901 3713 2014 3775 τοῖς

439 3813 629 3880 ἔργοις
659 3807 1023 3877 φθεγγόμενοι
1047 3847 1062 3872 ,
1086 3806 1162 3870 ὡς
1190 3807 1356 3876 πρᾶοι
1386 3806 1478 3858 καὶ
1515 3803 1759 3857 ταπεινοὶ
1780 3805 1846 3873 τῇ
1876 3819 2013 3872 καρ-

444 3901 533 3971 δίᾳ
561 3899 900 3969 τυγχάνομεν
921 3938 936 3962 ,
967 3897 1106 3951 κατά
1136 3896 1198 3950 τὸ
1225 3895 1462 3966 Χριστοῦ
1488 3893 1581 3948 τοῦ
1619 3893 1887 3946 Δεσπότου
1922 3893 2017 3944 καὶ

443 3992 764 4046 διδασκάλου
793 3990 1069 4059 διάταγμα
1088 4004 1101 4018 ⁶
1136 3989 1228 4042 καὶ
1255 3987 1344 4041 διὰ
1366 3987 1525 4040 τοῦτο
1543 4027 1558 4051 ,
1587 3987 1617 4039 6
1637 3985 1735 4054 μὲν
1756 3983 2016 4055 ἀλλήλους

445 4085 593 4153 ἡμᾶς
636 4081 886 4153 ἡγεῖσθαι
934 4078 1146 4134 ἑαυτῶν
1193 4075 1561 4148 ὑπερέχοντας
1592 4077 1828 4145 ἔφασκεν
1856 4092 1870 4106 ·
1901 4077 1929 4126 ὁ
1960 4075 2016 4126 δέ

447 4175 542 4240 τὴν
563 4172 642 4234 είς
675 4169 936 4240 ἀλλήλους
961 4169 1106 4238 ἡμᾶς
1124 4165 1625 4236 ταπεινοφροσύνην
1656 4163 1913 4232 ἐγκομόῶ
1924 4179 2017 4214 σα-

450 4261 573 4314 σθαι
603 4259 870 4330 βούλεται”
899 4258 1056 4311 ιὈτι
1083 4259 1110 4310 6
1133 4255 1286 4318 Θεὸς,
1319 4253 1504 4326 φησὶν,
1534 4255 1904 4323 ὑπερηφάνοις
1925 4253 2018 4304 ἀν-

445 4353 778 4412 τιτάσσεται,
805 4350 1077 4411 ταπεινοῖς
1102 4346 1159 4400 δέ
1179 4347 1359 4399 δίδωσι
1384 4346 1565 4416 χάρινο
1593 4345 1700 4397 »διὸ
1723 4346 1815 4398 καὶ
1845 4359 2016 4413 προσ⁶

2118 3177 2446 3235 acceperunt
2477 3166 2520 3218 ⁷.
2577 3166 2755 3230 Quare
2802 3165 3174 3233 apostoli.boc
3223 3171 3389 3236 probe
3431 3171 3688 3233 scientes,

2117 3257 2408 3309 secundam
2457 3259 2747 3308 stationem
2807 3255 3084 3324 deligunt.
3132 3257 3364 3326 divoque
3413 3259 3690 3326 Stephano

2119 3349 2344 3415 primum
2374 3348 2711 3410 concedunt;
2757 3362 2947 3414 nempe
2991 3358 3048 3400 ut
3083 3349 3152 3400 ita
3186 3349 3344 3417 primi
3387 3350 3691 3419 justissima

2117 3440 2368 3503 evadant,
2401 3437 2661 3506 uobisque
2693 3439 2949 3506 Optimam
2979 3440 3326 3496 exaltationis
3376 3442 3538 3507 viam,
3595 3445 3695 3496 bu-

2118 3529 2401 3584 utilitatem
2451 3531 2571 3584 dico
2611 3528 2773 3596 atque
2822 3531 3230 3596 demissiOnem,
3285 3548 3445 3601 quam
3486 3535 3692 3602 primus

2113 3620 2371 3688 eperibus
2399 3621 2630 3688 prOpriis
2661 3620 2916 3674 Christus
2961 3622 3210 3687 nninivit,
3269 3624 3530 3692 exemplis
3575 3626 3690 3678 suis

2118 3713 2393 3766 doceant:
2426 3711 2619 3764 discite
2662 3727 2690 3764 a
2735 3712 2892 3766 nobis
2951 3714 3104 3781 (voce
3157 3727 3379 3782 operum
3436 3714 3692 3784 clamant)

2117 3803 2387 3871 quomodo
2417 3802 2572 3857 mites
2594 3802 2932 3871 humilesque
2978 3805 3232 3858 cordibus
3281 3820 3489 3872 sumus,
3539 3807 3692 3876 juxta

2117 3895 2318 3949 Christi
2333 3894 2546 3948 Domini
2571 3895 2926 3964 magistriqne
2956 3906 3310 3965 prmceplum.
3347 3899 3533 3969 Itaque
3555 3899 3692 3954 alter

2117 3983 2394 4051 apostolus
2425 3992 2486 4036 ut
2527 3998 2626 4038 nos
2667 3986 2895 4039 invicem
2929 3999 3285 4042 revereamur
3314 4004 3414 4044 ceu
3448 3991 3696 4058 superio-

2119 4089 2228 4137 res,
2273 4073 2596 4128 admouebat
2629 4091 2642 4126 ι
2677 4074 2815 4126 alter
2855 4089 2981 4128 vero
3039 4086 3276 4129 mutuam
3332 4077 3691 4132 humilitatem

2122 4164 2396 4219 insinuare
2418 4164 2528 4218 vult
2555 4183 2569 4231 ;
2605 4167 2728 4235 quia
2756 4165 2917 4230 Deus,
2945 4166 3138 4236 inquit,
3190 4171 3436 4237 saperhis
3467 4173 3691 4234 I'CSislil,

2123 4256 2412 4311 humilibus
2445 4267 2622 4310 autem
2654 4259 2742 4309 dat
2772 4259 3026 4328 gratiam.
3097 4257 3276 4324 Quare
3303 4269 3355 4313 et
3390 4263 3574 4316 subdit
3607 4264 3698 4316 ha-

2117 4347 2352 4414 jusmodi
2375 4347 2728 4402 admonitioni
2761 4367 2774 4402 :
2806 4351 3278 4406 Itlll’lliliallllttiStlb
3300 4362 3694 4421 potentemanu

447 4443 628 4514 τίθησι
655 4442 733 4512 τῷ
755 4408 979 4510 τοιούτῳ
1011 4408 1362 4510 διηγήματι,ι
1386 4408 1770 4506 ἱαπεινώθητε
1802 4408 1905 4488 ὑπδ
1924 4436 2013 4504 τὴν

2128 4439 2242 4505 Dei,
2291 4448 2350 4493 ut
2379 4454 2473 4493 vos
2502 4441 2699 4494 exaltet
2745 4444 2796 4494 in
2837 4451 3077 4511 tempore
3135 4408 3481 4501 risitaiionis.
3525 4446 3699 4516 Atque

449 4536 718 4606 κραταιάν
739 4537 895 4604 χεῖρα
922 4530 1015 4585 τοῦ
1045 4530 1180 4583 Θεοῦ
1207 4569 1222 4595 ,
1247 4530 1336 4583 ἴνα
1361 4530 1505 4598 ὑμᾶς
1537 4527 1730 4599 ὑψώσῃ
1754 4529 1812 4580 ἐν
1843 4524 2020 4595 καιρῴ

450 4626 752 4696 ἐπισκοπῆς
775 4642 788 4654 ο
805 4645 823 4675 ι
849 4617 947 4685 ὧν,
979 4623 1197 4690 ἀδελφοὶ
1221 4620 1612 4684 ποθεινότατοι,
1629 4620 1837 4687 ἁκροατ
1850 4616 1898 4668 τὶ
1931 4619 2020 4668 καὶ

453 4716 690 4788 μαθηταὶ
738 4713 1168 4786 χρηματίζοντες
1201 4751 1216 4777 ,
1287 4711 1617 4780 συνάψωμεν
1665 4713 1730 4779 τῇ
1784 4708 2018 4778 μαθήσει

450 4807 546 4878 τὴν
580 4808 843 4877 μίμησιν,
874 4805 968 4859 καὶ
1000 4807 1064 4875 τῇ
1095 4803 1352 4873 ἀκροάσει
1406 4801 1499 4853 τοῦ
1543 4801 1702 4868 λόγου
1757 4799 1824 4850 τά
1876 4798 2019 4867 πρά-

451 4917 634 4968 γματα
661 4941 675 4964 ,
711 4897 921 4952 ἐκεῖθεν
956 4898 1052 4966 μὲν
1086 4897 1180 4966 τὴιι
1206 4896 1282 4957 είς
1311 4892 1570 4962 ἀλλήλους
1611 4891 1831 4959 ἀγάπην
1881 4889 2021 4958 λαμ·

454 4990 702 5052 ϐάνοντες
720 5004 736 5019 ο
777 4988 864 5040 ἵνα
891 4990 984 5040 καὶ
1012 4987 1154 5056 λόγῳ
1193 4987 1284 5036 καὶ
1311 4983 1595 5053 πράγματι
1621 4981 1719 5050 τὴν
1756 4981 1892 5050 πρὸς
1922 4982 2020 5032 αὺ-

451 5089 574 5136 τοὺς
589 5081 998 5140 ἐπισπεύδοντες
1028 5079 1277 5147 μίμησιν,
1301 5075 1392 5127 καὶ
1413 5075 1510 5142 τὴν
1540 5073 1716 5124 αὑτῶν
1732 5071 2024 5140 ὁμοιότητα

453 5171 746 5240 φέροντες,
798 5170 890 5222 καὶ
937 5168 1107 5230 οὕτως
1161 5165 1340 5219 αὑτῶν
1392 5161 1648 5235 ἐμφερῶς
1672 5162 1770 5230 τὴν
1829 5161 2022 5230 ἑορτὴν

452 5262 837 5333 ἑορτάζοντες,
883 5258 1241 5327 εὐφράνωμεν
1287 5254 1444 5326 ἡμῶν
1475 5254 1569 5316 τὰς
1599 5253 1774 5321 ψυχὰς
1817 5254 1908 5304 καὶ
1957 5252 2024 5303 τά

452 5356 774 5423 πνεύματα,
804 5353 896 5405 καὶ
942 5349 1324 5420 φαιδρύνωμεν
1374 5347 1534 5418 ἡμῶν
1574 5346 1695 5408 ταῖς
1730 5344 2019 5414 αίσθήσεσι

2129 4533 2343 4596 borum,
2377 4532 2574 4585 l'ratres
2601 4532 3068 4598 desiderantissimi,
3126 4551 3246 4589 cum
3283 4537 3453 4590 simus
3488 4541 3701 4592 audito-

2128 4635 2215 4674 res
2265 4631 2426 4690 atque
2479 4622 2748 4692 discipuli,
2800 4624 3158 4680 adhibeamus
3196 4630 3480 4697 prmeeptis
3525 4633 3701 4685 imita-

2131 4711 2360 4774 tionem,
2389 4713 2785 4782 verborumque
2816 4716 3079 4768 auditioni
3115 4731 3313 4784 opera;
3348 4719 3469 4772 inde
3495 4722 3702 4774 St'ilit‘cl

2131 4810 2370 4855 nmtuam
2396 4807 2713 4857 eharitatem
2741 4804 3044 4859 referentes
3078 4825 3092 4857 :
3127 4817 3184 4859 ut
3209 4820 3260 4861 et
3281 4812 3456 4862 verbis
3474 4823 3702 4880 etopere

2128 4905 2221 4946 eos
2256 4893 2551 4954 imitantes,
2575 4908 2781 4960 nosque
2810 4894 3018 4947 similes
3040 4895 3378 4959 exhibentes,
3403 4906 3452 4949 et
3480 4899 3558 4951 sic
3586 4899 3700 4966 pari

2129 4999 2249 5037 cum
2279 4982 2384 5036 illis
2414 4983 2619 5037 ratione
2648 4982 2670 5037 l‘
2701 4995 2844 5036 stum
2871 4984 3226 5046 celebrantes,
3254 4988 3463 5040 animus
3493 5001 3701 5042 nostros

2133 5084 2453 5142 mentesque
2507 5072 2862 5138 lcetilit-emus,
2939 5090 3306 5146 sensuumque
3350 5079 3702 5133 consonantia

2131 5173 2437 5216 nostrorum
2465 5164 2832 5218 exhilaremus
2883 5163 3214 5219 laetissimum
3259 5167 3469 5220 illorum
3500 5169 3700 5222 solem-

2133 5254 2379 5306 nitatem.
2424 5251 2534 5306 lloe
2565 5255 2707 5306 enim
2743 5256 2840 5323 ipsi
2875 5265 3184 5318 cernentes,
3224 5258 3392 5326 magis
3421 5258 3700 5326 hetanmr;

2133 5355 2296 5412 atque
2318 5345 2389 5398 ita
2424 5346 2708 5399 exhilarati
2729 5357 2782 5400 et
2802 5349 2998 5418 gaudio
3022 5348 3248 5419 pet-funi,
3281 5363 3406 5402 suas
3433 5366 3528 5416 pro
3551 5350 3654 5402 uob
3676 5367 3704 5406 δ

521 5484 541 5514 ⁸
581 5479 745 5534 Mare.
786 5493 840 5539 ιι,
871 5475 958 5531 Η.
1036 5477 1055 5506 ⁶
1091 5473 1221 5529 Luc.
1262 5468 1525 5538 “v.26;
1571 5469 1758 5523 Matth.
1792 5484 1946 5533 χχιιι,
1985 5467 2006 5520 1

2153 5467 2170 5496 ⁷
2204 5442 2389 5519 Matth.
2427 5479 2511 5527 xx,
2557 5465 2571 5514 l
2611 5476 2760 5528 seqq.

1967 5580 2172 5636 NOTAE

529 5692 604 5754 (3)
638 5686 898 5740 Nomnus
929 5700 1134 5738 morem
1168 5681 1210 5735 ll
1236 5698 1307 5734 er.
1333 5681 1672 5750 solymitante
1715 5679 1970 5734 lict-lesite
2013 5675 2324 5731 celebrandi
2381 5674 2576 5727 festum
2636 5683 2944 5724 sant-terum
2979 5665 3125 5723 Petti
3159 5680 3213 5722 et
3247 5667 3396 5722 Pauli
3443 5676 3640 5723 uuarto
3672 5679 3704 5720 a

445 5760 656 5818 Christi
689 5756 954 5810 nata'tbus
983 5757 1087 5809 die.
