4020 6204
367 356 509 421 3863
1211 357 1269 415 s.
1313 355 1729 416 sommoxu
1770 355 2270 416 PATRIARCHE
2302 315 2707 415 HIEROSOL.
3132 359 3135 362 ·
3483 351 3626 414 3364

370 480 562 538 preces
589 465 695 520 Deo
720 464 973 530 oﬂ‘eruut,
1026 467 1192 520 vitam
1226 469 1381 521 nubis
1414 467 1728 536 tanquillam
1760 476 1944 535 peten-

2055 465 2153 536 τὴν
2181 465 2360 518 αὐτῶν
2390 462 2753 534 φαιδροτάτην
2787 461 3093 530 πανήγυριν
3117 477 3129 491 ο
3168 459 3322 514 τοῦτο
3356 463 3462 532 γὲρ
3494 463 3628 518 θεω-

365 565 472 617 tes,
526 569 856 624 regnumque
887 556 1148 610 castorum
1177 555 1615 625 expostulantes;
1666 554 1820 624 cujus
1845 554 1944 608 ιιιία

2059 557 2278 628 ροῦντες
2307 556 2467 609 πλέον
2499 555 2878 624 εὐφραίνονται
2901 594 2915 617 ,
2948 553 3042 607 καὶ
3070 551 3229 605 πλέον
3260 552 3583 621 ἀγάλλονται
3607 593 3623 616 .

369 664 492 701 nam
535 650 842 718 (postquam
893 662 990 704 nos
1051 657 1196 702 recte
1239 648 1727 716 composuerimus,
1785 656 1838 701 et
1881 647 1944 698 ad

2051 649 2146 699 καὶ
2172 647 2454 716 χαίροντες
2482 647 2617 716 ὁμοῦ
2652 647 2742 698 καὶ
2770 644 3126 712 γαννύμενοι,
3163 646 3261 707 τὰς
3296 644 3435 714 ὑπὲρ
3471 645 3625 715 ἡμῶν

369 737 537 793 Deum
567 739 924 792 conversione
951 733 1376 807 expiaverimus,
1407 737 1798 805 charitatisque
1831 737 1944 789 vin<

2047 739 2165 808 Θεῷ
2189 739 2401 807 δεήσεις
2429 737 2848 811 προσφέρουσιν,
2872 737 3152 806 εἰρηναίαν
3173 733 3317 803 ζωὴν
3337 735 3626 806 πρεσϐευόο

367 828 507 882 culis
559 829 791 882 invicem
855 828 1368 896 cousniuxerimus)
1423 827 1589 895 gloria
1637 837 1689 881 et
1736 827 1944 896 gaudiis

2050 846 2196 899 μενοι
2238 830 2328 882 καὶ
2364 829 2640 899 βασιλείαν
2680 830 2927 902 οὐρανῶν
2978 828 3388 897 ἐξαιτούμενοι·
3425 824 3492 898 ἧς
3529 827 3619 894 γὲο

367 935 561 974 omnes
608 920 896 988 potiemur,
949 928 1004 972 et
1056 929 1270 972 auertite
1307 918 1544 986 juventa:
1592 917 1758 970 vitam
1801 933 1944 970 nuu-

2049 937 2192 972 νοιτο
2226 921 2434 983 πάντας
2463 905 2609 991 ἠμᾶς
2642 922 2900 984 ἑαυτοὺς,
2941 921 3016 982 ὡς
3062 920 3179 971 δέον
3222 919 3620 988 ῥυθμίσαντας,
3671 911 3680 916 ’

373 1027 647 1082 quamque
677 1011 1012 1065 desinentem
1057 1011 1542 1078 consequamur-in
1571 1009 1791 1065 Christo
1819 1007 1944 1062 Jesu

2053 1010 2143 1061 καὶ
2171 1011 2428 1080 μετανοίᾳ
2477 1015 2541 1081 τῇ
2594 1012 2713 1083 θείᾳ
2755 1009 3214 1082 λαμπρύνοντας,
3259 1010 3354 1062 καὶ
3404 1010 3623 1078 ἀγάπης

368 1099 598 1155 Domino
639 1112 854 1165 nostro;
907 1115 1030 1153 cum
1070 1114 1177 1168 quo
1204 1100 1310 1154 Deo
1341 1097 1489 1153 Patri
1520 1109 1574 1153 et
1599 1110 1788 1154 sancto
1823 1098 1944 1165 Spi-

2053 1101 2332 1172 συνδέσμῳ
2357 1105 2757 1172 συσφίγξαντας
2782 1145 2796 1167 ,
2820 1103 2913 1164 τὰς
2933 1103 3262 1167 ἀπολαύσεις
3291 1103 3386 1156 καὶ
3415 1102 3510 1172 τὴν
3535 1103 3624 1155 ἔκ-

367 1191 492 1244 ritui
523 1190 712 1260 gloria,
739 1191 930 1254 honor,
977 1193 1237 1258 potentia,
1273 1191 1696 1260 maguiliceutia,
1746 1203 1794 1243 et
1831 1190 1944 1242 latt-

2048 1192 2252 1263 λαμψιν
2281 1196 2580 1265 δρέψασθαι
2602 1239 2615 1256 ,
2650 1199 2743 1248 καὶ
2783 1197 2881 1266 τὴν
2909 1198 3102 1264 ἀγήρω
3136 1194 3276 1264 ζωὴν
3305 1197 3397 1248 καὶ
3426 1195 3500 1265 μὴ
3529 1195 3622 1265 λή-

365 1282 514 1333 datio
549 1282 765 1348 ubique,
801 1297 941 1334 ιιιιιιο
970 1293 1024 1335 et
1061 1298 1296 1351 semper,
1360 1293 1412 1335 et
1458 1283 1508 1334 in
1545 1283 1743 1336 sarcula
1779 1297 1944 1336 δινω-

2048 1299 2250 1352 γουσαν
2276 1287 2530 1353 δέξασθαι
2553 1330 2566 1352 ,
2592 1288 2647 1340 ὲν
2675 1285 2896 1356 Χριστῷ
2927 1286 3099 1356 Ἰησοῦ
3123 1286 3198 1353 τῷ
3233 1287 3421 1356 Κυρίῳ
3443 1287 3620 1356 ἡμῶν,

365 1371 563 1427 lorum.
611 1373 805 1424 Amen.

2052 1373 2168 1443 μεθ’
2199 1370 2260 1429 οῦ
2291 1376 2369 1446 τῷ
2418 1375 2536 1446 Θεῷ
2693 1377 2868 1447 Πατρὶ
2900 1377 2996 1431 καὶ
3026 1377 3102 1446 τῷ
3153 1377 3404 1448 παναγίῳ
3451 1377 3620 1430 Πνεύ-

367 1481 496 1533 ματι
530 1463 681 1528 δόξα,
723 1465 894 1533 τιμὴ,
929 1465 1154 1534 κράτος,
1203 1465 1576 1535 μεγαλωσύνη
1609 1480 1667 1517 τε
1708 1467 1803 1517 καὶ
1855 1463 2162 1537 άνύμνησις
2192 1471 2425 1534 πάντοτε
2453 1513 2465 1537 ,
2503 1471 2598 1525 νῦν
2625 1471 2719 1524 καὶ
2749 1471 2874 1533 ἀεὶ,
2935 1473 3032 1525 καὶ
3093 1473 3177 1532 εἰς
3227 1473 3353 1534 τοὺς
3419 1471 3621 1536 αἰῶνας
3712 1521 3716 1527 .

365 1557 473 1609 τῶν
507 1555 735 1608 αἰώνων.
775 1557 970 1626 Ἀμήν.

1939 1647 2033 1703 IX.

1513 1763 1790 1819 COTELER.
1835 1762 1988 1820 Patr.
2038 1764 2251 1834 Αροειοί
2300 1779 2353 1834 p.
2401 1762 2525 1817 ‘288.

435 1876 723 1946 Sophronii
795 1877 1120 1932 sanctissimi
1186 1880 1582 1950 archiepiscopi
1642 1878 1944 1952 Hierosoly-

2122 1881 2433 1951 Σωφρονίου
2464 1879 2557 1933 τοῦ
2590 1879 2896 1948 άγιωτάτου
2954 1879 3412 1949 ἀρχιεπισοκόπου
3454 1879 3615 1950 Ἱερο-

363 1966 550 2021 milani
578 2009 592 2031 ,
643 1969 719 2022 Ex
763 1968 1022 2024 Eueomio
1069 1973 1241 2026 sancti
1302 1969 1529 2025 Joannis
1590 1970 1845 2043 Theologi
1891 1981 1944 2027 et

2047 1975 2295 2045 σολύμων
2323 1977 2388 2027 ἐκ
2415 1971 2510 2026 τοῦ
2544 1971 2822 2040 ἐγκωμίου
2842 1971 2934 2024 τοῦ
2954 1973 3033 2033 είς
3059 1971 3148 2023 τὸν
3184 1969 3338 2038 ἅγιον
3368 1971 3619 2037 Ἰωάννην

361 2058 726 2126 evangelista,
747 2062 888 2126 quod
909 2061 1097 2130 incipit
1121 2061 1186 2115 ab
1211 2062 1292 2115 his
1316 2062 1494 2116 verbis
1520 2079 1534 2115 :
1557 2060 1790 2116 Joannes
1808 2063 1944 2117 toni-

2044 2062 2136 2120 τὸν
2168 2064 2428 2132 Θιολόγον
2458 2064 2553 2115 καὶ
2583 2059 2993 2132 εύαγγελιστὴν,
3028 2053 3090 2114 οὗ
3117 2063 3152 2131 ἡ
3176 2063 3340 2132 ἁρχὴ,
3365 2060 3617 2130 Ἰωάννης

361 2149 468 2200 trui
505 2149 651 2216 [ilius
680 2151 779 2205 ista
811 2161 962 2205 tonat
996 2171 1009 2206 :
1051 2171 1069 2203 ι
1111 2151 1167 2206 lu
1199 2153 1466 2223 principio
1497 2163 1615 2209 erat
1645 2153 1937 2210 Verbum.»

1008 2244 1075 2297 Et
1103 2257 1214 2309 post
1241 2245 1372 2298 alia.

433 2334 613 2388 Illuxit
653 2334 892 2389 Joannes
941 2337 1080 2391 ﬁlius
1128 2337 1374 2392 Zebedaei
1409 2349 1462 2391 et
1507 2336 1785 2391 Salomes.
1831 2337 1944 2394 Hoc

358 2429 558 2494 quippe
609 2443 804 2480 nomen
841 2429 1030 2482 matris
1057 2443 1394 2496 compertum
1429 2442 1510 2486 est
1543 2445 1556 2482 :
1590 2433 1943 2500 quemadmo-

360 2519 486 2569 dum
509 2519 670 2570 etiam
704 2524 794 2588 qui
829 2520 1034 2588 Spiritu
1061 2520 1154 2575 Dei
1191 2525 1355 2577 locuti
1396 2533 1519 2577 sunt
1549 2527 1722 2578 sancti
1749 2524 1944 2582 Patres

360 2621 714 2675 agnoverunt.
755 2612 981 2680 Ideoque
1019 2623 1072 2665 et
1111 2614 1268 2667 aliam
1315 2617 1510 2669 bonam
1559 2625 1764 2670 sortem
1798 2627 1945 2672 sorte

359 2703 505 2752 omni
542 2718 813 2769 prosperse
848 2705 1011 2756 sortis
1046 2705 1216 2756 multo
1248 2707 1521 2760 meliorem
1557 2723 1619 2761 ac
1659 2707 1938 2776 majorem.

360 2789 482 2843 llzec
515 2802 692 2846 autem
727 2807 845 2847 erat
879 2795 1074 2849 matris
1105 2795 1230 2864 qtne
1255 2799 1485 2866 peperit,
1519 2810 1576 2854 ut
1617 2801 1824 2856 sororis
1853 2799 1943 2854 Dei

358 2883 548 2951 gloria.
577 2884 784 2938 Etenim
808 2885 1022 2940 Salnme
1043 2902 1160 2954 quze
1184 2903 1434 2958 maguum
1452 2889 1715 2944 Joannem
1734 2891 1943 2962 genuit,

357 2985 475 3028 t'rut
523 2976 626 3027 lilia
671 2974 918 3045 Jusephi,
955 2979 1048 3047 qui
1081 2979 1327 3034 omnium
1370 2991 1612 3036 nostrum
1643 2986 1943 3043 Salvatoris

358 3066 556 3119 Christi
593 3079 746 3135 pater
784 3068 1206 3124 existimabatur
1239 3089 1254 3125 :
1296 3072 1456 3127 sicuti
1506 3075 1941 3142 sapientissimus

361 3155 536 3211 Lucas
582 3158 763 3210 retulit
790 3157 832 3212 ⁸.
884 3157 1069 3228 Neque
1123 3163 1271 3216 enim
1318 3173 1467 3232 pater
1521 3181 1705 3220 revera
1758 3181 1876 3222 erat
1927 3189 1939 3224 :

362 3247 792 3318 quandoquidem
833 3264 929 3302 uec
963 3265 1088 3304 vere
1133 3252 1222 3306 Dei
1257 3253 1586 3308 Geuitricem
1620 3271 1684 3310 ac
1733 3271 1945 3328 semper

360 3339 634 3408 Virginem
659 3337 882 3393 Matrem
905 3340 1116 3394 Domini
1136 3342 1402 3398 ullatenus
1424 3348 1694 3414 cognovit,
1716 3358 1808 3402 aut
1828 3364 1946 3404 eam

361 3427 705 3482 immaculata
747 3430 1105 3500 virginalique
1141 3433 1314 3501 gratia
1341 3435 1593 3502 privarit.
1626 3437 1752 3492 Fuit
1782 3440 1945 3494 etiam

361 3521 577 3576 Salome
622 3523 830 3586 Jacobi,
875 3524 1037 3586 Josm,
1081 3525 1252 3590 Judae,
1283 3537 1336 3582 et
1387 3527 1694 3601 Symeonis,
1738 3550 1946 3590 necnon

328 3623 330 3626 '
358 3615 542 3669 Maria:
566 3631 630 3670 ac
663 3617 832 3670 Anna:
862 3633 1018 3670 soror
1055 3629 1217 3685 atque
1247 3634 1472 3674 consors
1502 3639 1516 3674 :
1552 3639 1688 3692 quos
1716 3623 1948 3681 Numine

357 3706 519 3761 albati
554 3707 739 3762 Patres
759 3707 1138 3776 άδελφοῦἐους,
1161 3710 1262 3764 hoc
1301 3719 1407 3774 est,
1433 3711 1658 3768 fratrem
1688 3717 1948 3771 habentes

361 3796 549 3860 Deum,
601 3796 858 3865 praeclare
900 3796 1190 3864 appellant,
1223 3808 1277 3851 et
1306 3801 1522 3855 nomine
1564 3811 1719 3858 tenus
1745 3820 1844 3859 nec
1868 3804 1948 3857 nl-

359 3897 440 3938 tra
487 3883 606 3939 illos
634 3901 695 3939 ea
733 3887 999 3954 dignitate
1033 3900 1225 3942 ornant
1259 3907 1272 3942 :
1325 3893 1450 3958 quia
1484 3892 1642 3960 plane
1676 3897 1944 3963 procreati

358 3988 485 4032 Stllll
527 3978 594 4030 ah
624 3993 688 4032 eo
714 3979 803 4046 qui
851 3989 1003 4047 pater
1031 3979 1238 4034 Christi
1272 3984 1566 4050 putabatur
1598 3999 1717 4039 esse
1746 3987 1815 4041 ab
1857 3989 1947 4042 ho-

359 4069 594 4122 minibus
623 4087 638 4135 ;
673 4071 873 4139 quique
895 4071 966 4123 ita
1003 4071 1052 4124 in
1092 4071 1395 4139 Evangeliis
1427 4084 1650 4129 vocatur
1682 4095 1694 4130 :
1729 4079 1866 4133 sicut
1892 4088 1948 4133 et

354 4158 648 4226 Josephum
699 4177 1013 4231 nuncupare
1073 4166 1316 4217 cernitur
1373 4165 1484 4234 ipsa
1555 4169 1844 4236 purissima
1891 4181 1946 4224 et

360 4267 580 4320 prorsus
612 4253 954 4306 immaculata
981 4253 1140 4322 Virgo
1163 4253 1333 4308 Mater
1363 4256 1477 4322 Dei,
1500 4272 1619 4325 qua:
1666 4273 1944 4327 nunquam

357 4343 580 4396 omnino
604 4341 778 4397 virum
814 4346 1089 4413 cognovit.
1124 4363 1141 4395 ι
1164 4345 1262 4399 Fili
1299 4348 1464 4412 enim,
1499 4349 1692 4416 inquit,
1744 4361 1798 4404 et
1820 4365 1945 4420 ego,

357 4441 414 4487 et
438 4442 592 4514 pater
617 4444 741 4489 tuus
766 4435 1007 4491 dolentes
1027 4438 1402 4504 quaerebamus
1426 4449 1477 4492 te
1492 4440 1538 4492 ⁸.
1562 4457 1581 4490 ι

925 4618 990 4672 Et
1031 4629 1145 4688 post
1179 4638 1369 4689 pauco.

435 4708 686 4765 Salomen
747 4727 940 4766 novam
1001 4713 1193 4768 Surum
1241 4714 1532 4768 Zebedzeus
1586 4716 1638 4769 in
1704 4716 1940 4773 medium

361 4801 596 4868 vocavit,
645 4816 752 4871 quo
782 4813 1037 4873 tauquam
1065 4819 1221 4860 soror
1261 4805 1482 4861 Christo
1516 4807 1853 4876 supplicaret

436 4957 459 4990 ⁸
491 4955 622 5013 Luc.
660 4972 745 5022 ut,
776 4959 869 5013 25.
944 4958 966 4990 ⁸
1000 4958 1134 5014 Luc.
1166 4974 1205 5015 ιι
1249 4961 1355 5014 ’48.

367 5095 570 5116 η...-

1182 5095 1462 5109 καφ-..ε
1483 5095 1667 5107 -ηυ-

932 5097 1158 5110 —-——

2044 2159 2072 2211 ὁ
2087 2158 2183 2228 τῆς
2200 2155 2426 2226 βροντῆς
2443 2155 2576 2219 υἱὸς,
2595 2154 2678 2207 τὺο
2704 2173 2721 2205 ι
2745 2155 2831 2206 Ἐν
2855 2155 2994 2223 ἀρχῇ
3013 2149 3080 2224 ἦν
3097 2155 3125 2206 ὁ
3142 2154 3332 2221 Λόγος,
3359 2172 3378 2205 ι
3401 2153 3614 2223 βροντᾷ.

2588 2245 2692 2299 Καὶ
2718 2245 2848 2313 μεθ’
2875 2244 3064 2313 ἕτερα.
3173 2286 3201 2314 ο

2118 2336 2404 2392 Ζεϐεδαίου
2423 2336 2678 2404 Ἰωάννης
2697 2339 2824 2400 παῖς
2847 2339 2939 2389 καὶ
2957 2335 3223 2406 Σαλώμης
3244 2335 3614 2405 προέλαμψεν.

2044 2426 2195 2497 Δῦτη
2224 2427 2332 2499 γάρ
2363 2426 2459 2480 καὶ
2484 2427 2583 2496 τῆς
2630 2425 2838 2495 μητρὸς
2864 2429 2895 2494 ἡ
2930 2425 3271 2495 προσηγορία
3294 2423 3618 2494 ἐπεφώρατο

2045 2519 2300 2590 καθάπερ
2339 2517 2436 2572 καὶ
2467 2516 2671 2586 ταύτην
2719 2517 2767 2568 οἱ
2821 2518 3095 2586 Πνεύματι
3143 2516 3280 2570 Θεοῦ
3333 2517 3617 2580 λαλοῦντες

2047 2611 2286 2681 Πατέρες
2328 2609 2623 2680 ἐφώρασαν
2659 2609 2832 2676 ἅγιοι.
2869 2609 3034 2661 Ὅθεν
3067 2609 3159 2662 καὶ
3202 2607 3496 2678 εὐκληρίαν
3525 2610 3618 2663 άλ-

2045 2703 2143 2772 λην
2166 2743 2182 2764 ,
2204 2703 2392 2772 κλήρῳ
2412 2701 2592 2771 πάσης
2617 2701 2911 2771 εὐκληρίας
2936 2700 3114 2770 πολλῷ
3141 2701 3429 2770 κρείττονά
3449 2717 3508 2753 τε
3523 2701 3618 2755 καὶ

2045 2793 2288 2860 μείζονα.
2307 2792 2454 2863 Αῦτη
2480 2793 2536 2845 δὲ
2570 2794 2635 2864 ἢν
2665 2795 2698 2864 ἡ
2729 2794 2829 2861 τῆς
2856 2792 3124 2862 τεκούσης
3158 2792 3363 2862 μητρὸς
3396 2792 3618 2862 ἀδελφό-

2044 2900 2206 2954 τητος
2257 2882 2495 2936 εὔκλεια.
2544 2883 2778 2952 Σαλώμη
2801 2883 2909 2952 γὰρ
2957 2883 3111 2954 ήτὸν
3158 2884 3331 2952 μέγαν
3367 2883 3618 2953 Ἰωάννην

2045 2973 2299 3044 κυήσασα
2319 3014 2332 3038 ,
2356 2973 2451 3027 τοῦ
2481 2973 2580 3042 μὲν
2625 2972 2820 3043 Ἰωσὴφ
2871 2972 3117 3044 Θυγάτηρ
3162 2973 3408 3039 ἐγένετο,
3439 2974 3495 3035 ὃς
3525 2973 3618 3026 τοῦ

2045 3065 2264 3120 πάντων
2310 3065 2466 3135 ἡμῶν
2508 3066 2762 3136 Σωτῆρος
2806 3064 3046 3136 Χριστοῦ
3083 3064 3265 3134 πατὴρ
3309 3064 3616 3133 ἐνομίζετο,

2046 3155 2122 3219 ὼς
2164 3159 2193 3209 ὁ
2243 3159 2518 3224 πάνσοφος
2567 3158 2780 3220 Λουκᾶς
2831 3155 3238 3226 άπεγράψατο⁸.
3293 3157 3367 3209 Οὐ
3398 3158 3507 3227 γάρ
3553 3153 3618 3228 ἦν

2051 3248 2234 3318 πατὴρ
2272 3249 2418 3317 ἔργῳ
2453 3249 2546 3301 καὶ
2575 3247 2890 3316 πράγματιο
2945 3248 3069 3302 ἐπεὶ
3113 3248 3232 3300 οὐδὲ
3263 3248 3360 3319 τὴν
3408 3249 3621 3317 ἀληθῶς

2049 3339 2310 3392 Θεοτόκον
2360 3339 2454 3392 καὶ
2510 3337 2868 3408 ἀειπαρθένον
2916 3338 3142 3408 Μητέρα
3183 3337 3277 3390 τοῦ
3327 3339 3528 3409 Κυρίου
3563 3340 3622 3392 τὸ

2053 3431 2270 3484 σύνολον
2297 3431 2554 3497 ἔγνωκεν,
2579 3430 2612 3498 ἢ
2637 3430 2734 3498 τῆς
2758 3431 3026 3500 άχράντου
3049 3430 3144 3483 καὶ
3166 3430 3502 3500 παρθενικῆς
3526 3431 3620 3482 αύ-

2049 3524 2150 3595 τὴν
2173 3522 2539 3592 ἀπεγύμνωσε
2570 3520 2814 3591 χάριτος.
2854 3521 3112 3574 Ἰακώϐου
3141 3521 3198 3573 δὲ
3220 3523 3312 3573 καὶ
3349 3522 3506 3590 Ἰωσῆ
3527 3523 3620 3573 καὶ

2051 3615 2223 3670 Ἰούδα
2247 3615 2342 3668 καὶ
2364 3613 2668 3684 Συμεῶνος,
2694 3615 2789 3666 καὶ
2822 3613 2928 3680 μὴν
2951 3613 3046 3667 καὶ
3069 3615 3286 3684 Μαρίας
3305 3616 3397 3666 καὶ
3421 3616 3620 3683 Ἀννης

2046 3701 2116 3774 ἦν
2139 3704 2342 3774 ἀδελφὴ
2372 3705 2569 3775 γνησία
2602 3705 2695 3758 καὶ
2722 3703 3030 3774 σύγκληρος
3063 3703 3157 3767 οὓς
3189 3705 3282 3758 καὶ
3299 3707 3539 3777 Πατέρε;
3562 3710 3615 3759 οἱ

2048 3795 2223 3848 ἔνθεοι
2245 3795 2652 3864 ἀδελφοθέους
2683 3795 2861 3858 καλῶς
2888 3798 3236 3866 ὀνομάζουσι,
3278 3799 3470 3868 μέχρις
3507 3799 3622 3851 ὀνό-

2051 3903 2218 3956 ματος
2248 3888 2344 3940 καὶ
2375 3888 2536 3955 μόνου
2567 3885 2646 3956 τῷ
2673 3887 2898 3959 τοιούτῳ
2928 3891 3400 3961 κατακοσμοῦντες
3424 3895 3620 3955 αὐτοὺς

2047 3980 2353 4048 ἀξιώματι·
2393 3978 2579 4047 ἐπειδὴ
2613 3979 2748 4042 ὅλως
2776 3981 2839 4032 ἐκ
2880 3979 2973 4032 τοῦ
3008 3981 3159 4050 παρὰ
3199 3981 3504 4052 άνίὶρώποις
3539 4002 3620 4037 νο-

2051 4073 2336 4144 μισθέντος
2363 4065 2503 4124 εἶναι
2541 4069 2636 4124 τοῦ
2669 4069 2905 4141 Χριστοῦ
2942 4072 3036 4124 καὶ
3086 4072 3375 4143 κληθέντος
3407 4076 3462 4125 ἐν
3507 4079 3619 4138 τοῖς

2047 4163 2402 4235 Εύαγγελίοις
2437 4162 2642 4234 πατρὸς
2680 4164 3059 4235 άπετέχθησαν
3097 4165 3240 4219 καθά
3287 4169 3378 4219 τὸν
3421 4168 3615 4238 Ἰωσὴφ

2047 4259 2142 4311 καὶ
2193 4260 2226 4327 ή
2279 4257 2552 4327 πάναγνος
2598 4255 2739 4328 αῦτη
2783 4258 2878 4310 καὶ
2927 4256 3302 4326 πανάχραντος
3348 4259 3618 4326 Παρθένος

2045 4349 2345 4419 Θεομήτωρ
2392 4347 2872 4420 προσαγορεύουσα
2922 4347 3207 4415 φαίνεται,
3267 4349 3300 4417 ἢ
3355 4349 3619 4418 μηδαμῶς

2047 4441 2217 4512 ἄνδρα
2239 4441 2300 4493 τὸ
2328 4442 2592 4512 παράπαν
2620 4440 2962 4508 γινώσκουσα
2978 4442 2998 4472 ⁹
3021 4457 3064 4491 ⁸(
3091 4441 3290 4493 Τέκνον
3311 4440 3439 4510 γὰρ,
3464 4459 3537 4510 φη
3548 4443 3616 4507 τί,

1973 4558 2019 4613 υ
2050 4531 2145 4583 καὶ
2174 4531 2284 4598 ἐγὼ
2320 4531 2414 4584 καὶ
2435 4531 2464 4582 ὁ
2497 4531 2682 4601 πατήρ
2710 4546 2801 4583 σου
2827 4530 3151 4601 ὀδυνώμενοι
3173 4532 3477 4602 ὲζητοῦμέν
3502 4550 3612 4586 σεδ

2535 4624 2646 4675 Καὶ
2685 4622 2838 4691 μετὰ
2861 4623 3116 4692 βραχέα.

2118 4716 2207 4780 Ὠς
2223 4715 2489 4786 Σαλώμην
2511 4716 2608 4786 τὴν
2631 4716 2757 4769 νέαν
2782 4717 3000 4788 Σάρραν
3014 4719 3042 4769 ὁ
3062 4716 3342 4781 Ζεϐεδαῖος
3360 4720 3621 4788 εῑςμέσον

2046 4805 2327 4870 ἐκάλεσεν,
2368 4807 2454 4858 ἵνα
2481 4805 2557 4870 ὡς
2589 4804 2793 4876 ἀδελφὴ
2828 4804 2919 4858 τὸν
2945 4805 3178 4876 Χριστὸν
3198 4807 3546 4860 ἱκετεύσειεν.

1305 5201 1664 5263 ΜΟΝΙἸἭΜ
1706 5199 1788 5260 IN
1822 5199 2172 5271 SEQUENS
2210 5198 2692 5260 OPUSCULUM.

1381 5317 1520 5384 Aug.
1555 5313 1687 5379 Mn,
1741 5311 1982 5382 Spicileg.
2005 5311 2153 5367 Rom.
2189 5322 2229 5369 t.
2265 5313 2346 5379 ΙΙΙ,
2384 5329 2435 5384 p.
2485 5328 2574 5368 xv.

443 5545 762 5613 Quanquam
796 5545 861 5597 de
892 5544 1048 5598 novis
1078 5543 1282 5610 aliquot
1327 5540 1387 5596 S.
1424 5540 1714 5613 Sophronii
1751 5541 1972 5609 scriptis
2012 5555 2175 5609 supra
2211 5539 2318 5613 col.
2361 5537 2526 5613 5135,
2565 5551 2679 5606 seq.
2717 5537 3122 5613 §§7Q,_loeutus
3159 5537 3283 5601 sim.
3313 5540 3414 5596 hoc
3446 5551 3620 5596 tamen

366 5607 484 5663 loco
518 5607 630 5665 non
655 5613 1056 5666 iucouunodum
1104 5607 1189 5666 est
1219 5625 1382 5663 uumn
1420 5625 1486 5663 ex
1521 5609 1604 5663 his
1634 5607 2094 5671 commemorare.
2121 5609 2263 5678 quod
2307 5609 2357 5678 iu
2393 5607 2607 5678 Crazca
2639 5607 3208 5678 qutidemibihliotheca
3239 5625 3342 5664 non
3377 5620 3622 5666 recenset

369 5681 676 5746 Fabricius,
708 5685 802 5736 sed
847 5693 1024 5736 tamen
1057 5695 1229 5748 nuper
1256 5695 1283 5732 a
1314 5678 1532 5733 Pithmo
1567 5679 1760 5743 didici,
1787 5680 1841 5732 in
1876 5694 2038 5748 quem
2075 5676 2202 5733 casu
2239 5676 2425 5748 incidi,
2463 5677 2554 5748 qui
2595 5677 2648 5730 in
2687 5677 2940 5748 historica
2968 5678 3187 5748 synopsi
3219 5681 3431 5748 corpori
3478 5679 3625 5734 Juris

367 5753 616 5804 canonici
648 5744 934 5819 pt'azposita
963 5744 1152 5805 scribit
1188 5751 1330 5822 inter
1358 5759 1585 5805 caeteros
1615 5744 2237 5806 canonum—collectores
2265 5744 2629 5817 Sophrouium
2655 5744 3022 5816 patriarchani
3057 5744 3624 5822 Hierosoljmitauum.
