4020 6204
404 321 538 388 3307

1292 321 1352 379 S.
1397 319 1812 382 SOPllRONII
1851 319 2352 382 PATRIARCH/E
2378 317 2781 379 HIEROSOL.

3519 305 3663 370 3368

408 446 501 485 sos
545 427 799 483 occidunt
851 424 1230 495 epiritttaliter,
1283 440 1404 478 cum
1437 424 1583 480 aliud
1633 442 1730 496 pro
1762 427 1866 481 alio
1897 428 1990 480 do-

2128 425 2325 487 αυτοὺς
2359 423 2432 492 μὴ
2463 421 2808 491 ἐλεήσαντες,
2847 414 2962 477 πῶς
3007 414 3261 469 δύνανται
3291 412 3480 476 ἄλλους
3507 413 3666 482 ἐλεῆ-

413 530 570 575 ccaul
600 529 652 575 et
689 529 1006 589 peccatores
1050 517 1361 585 ingravatns
1393 517 1552 571 morti
1589 527 1806 570 αξιοι-ονε
1852 533 1987 584 pra:-

416 611 660 664 mittunt.
713 609 767 662 In
801 610 885 662 die
923 617 1100 661 autem
1131 607 1318 674 judicii
1355 606 1675 675 sanguinem
1725 607 1979 660 confiten-

415 701 546 754 tium
601 702 667 752 ab
721 701 836 752 istis
885 699 1199 752 doctoribus
1264 699 1503 767 requiret
1553 697 1735 766 justus
1797 697 1990 752 Judex.

2097 535 2213 580 σαι,
2249 515 2546 585 βοηθῆσαις
2591 512 2684 565 καὶ
2723 507 3025 572 κενοδοξίας
3054 505 3150 558 καὶ
3177 502 3668 576 άνθρωπαρεσκίας

2097 609 2221 670 τοὺς
2250 607 2427 668 θείους
2463 605 2696 665 κανόνας
2739 599 3256 670 παραχαράττοντες
3295 596 3370 667 μὴ
3422 594 3670 647 ἐπιστά-

2109 716 2258 768 μενοι
2283 698 2384 767 (ι),
2417 695 2662 766 ψυχικὼς
2693 693 3043 746 ἐθανάτωσαν
3069 691 3193 752 τοὺς
3219 687 3666 756 ἐξαγγέλλοντας.

420 793 549 847 ἄλλο
576 790 691 844 ἀντ’
722 792 882 845 ἀλλου
907 792 1242 858 διδάξαντες,
1277 793 1368 844 καὶ
1399 793 1524 854 τοὺς
1549 792 2007 862 ἁμαρτήσαντας,
2051 791 2519 862 πεφορτισμένους
2547 790 2624 860 τῷ
2655 788 2873 856 θανάτῳ
2903 784 3272 858 παρέπεμψαν
3295 797 3309 812 ⁸
3345 783 3408 834 τὸ
3443 781 3499 834 δὲ
3533 775 3672 849 αἷμα

414 884 522 938 τῶν
579 881 1032 948 ἐξαγγειλάντων,
1093 885 1149 934 ἐν
1208 884 1391 953 ἡμέρα
1428 886 1665 951 κρίσεως
1752 885 1815 934 ἐκ
1847 881 1952 933 τῶν
2003 885 2259 936 τοιούτων
2315 882 2652 934 διδασκάλων
2682 880 3035 950 ἀπαιτήσειό
3088 876 3387 936 ἀίέκαστος
3437 873 3670 942 Κριτής.

487 971 572 1025 Ex
601 975 767 1026 sacris
808 975 1115 1028 Curionibus.
1144 1005 1216 1013 —
1238 975 1294 1027 Si
1325 976 1444 1043 quis
1480 987 1602 1043 post
1633 975 1996 1043 suntptiouetn

417 1065 670 1132 corporis
707 1075 762 1118 et
817 1067 1098 1134 sanguinis
1150 1066 1362 1120 Domini
1411 1068 1601 1120 balneo
1649 1081 1778 1119 usus
1819 1065 1996 1129 fuerit,

421 1159 759 1210 malediclus.
831 1157 885 1210 Si
930 1161 1052 1224 quis
1101 1158 1166 1211 ad
1201 1158 1714 1211 communicandum
1743 1155 2001 1224 jejunarit

420 1263 468 1304 et
507 1252 557 1303 in
585 1266 644 1302 os
673 1249 812 1317 ejus,
843 1250 966 1301 dum
1010 1265 1066 1301 re
1111 1247 1311 1301 lavavit
1363 1257 1457 1300 attt
1493 1249 1686 1301 balneo
1717 1263 1845 1301 usus
1875 1245 1996 1308 fuit,

421 1358 558 1410 aqua
582 1357 646 1393 ex
672 1344 900 1393 adverso
934 1340 1138 1404 inierit,
1170 1355 1275 1392 non
1309 1339 1529 1393 recedat
1561 1353 1589 1390 a
1616 1337 2000 1391 communione

424 1447 490 1484 ne
537 1429 768 1484 Satanas
795 1431 1136 1483 occasionem
1203 1429 1345 1482 illius
1403 1427 1723 1481 removendi
1781 1426 1998 1480 habeat.

424 1519 525 1586 Qui
556 1520 918 1589 obligationes
957 1530 1238 1588 parentum
1288 1518 1403 1572 sive
1432 1518 1678 1570 vivorum
1707 1516 1821 1570 sive
1854 1530 2002 1569 mor-

429 1622 644 1665 tuorum
714 1610 1015 1680 infregerit,
1092 1612 1380 1664 anathema
1417 1610 1512 1663 sit.
1562 1609 1663 1674 Qui
1717 1617 2001 1678 parentum

427 1701 750 1770 corripuerit
803 1716 1008 1770 pannos
1054 1713 1109 1754 et
1136 1702 1340 1754 vultutn
1389 1699 1741 1768 percusserit,
1772 1697 1852 1749 vel
1886 1697 2006 1749 illos

2168 975 2234 1028 Εἴ
2262 993 2343 1036 τις
2377 971 2702 1043 μεταλαϐὼν
2739 972 2832 1024 τοῦ
2881 968 3130 1039 σώματος
3165 968 3260 1019 καὶ
3297 965 3530 1035 αἵματος
3585 964 3672 1015 τοῦ

2098 1067 2328 1134 Κυρίου,
2363 1063 2640 1126 λούσεται,
2685 1061 3112 1131 ἐπικατάρατος.
3157 1057 3214 1110 Ὀ
3269 1055 3547 1126 νηστεύων
3589 1056 3672 1118 εἰς

2096 1156 2157 1207 τὸ
2194 1154 2526 1222 κοινωνῆσαι
2559 1152 2653 1206 ἐάν
2683 1151 2747 1202 ἐκ
2788 1148 2878 1203 τοῦ
2915 1145 3240 1200 ὑπεναντίου
3268 1145 3487 1216 είσέὶθῃ
3527 1143 3672 1213 ὓδωρ

2099 1248 2176 1308 εἰς
2203 1246 2264 1298 τὸ
2289 1245 2466 1314 στόμα
2501 1242 2745 1311 αύτοῦ,ἢ
2781 1240 3107 1308 νιπτομένου
3148 1239 3180 1306 ἦ
3211 1237 3530 1304 λουομένου,
3575 1237 3677 1288 οὐκ

2103 1337 2589 1408 ἀποστραφήσεται
2616 1335 2713 1403 τῆς
2734 1331 3040 1393 κοινωνίας,
3059 1331 3146 1382 ἵνα
3171 1330 3244 1399 μὴ
3265 1328 3402 1400 εὕρῃ
3422 1329 3677 1399 ἀφορμήν

2103 1430 2132 1482 ὁ
2153 1428 2399 1490 Σατανᾶς
2423 1424 2516 1478 τοῦ
2551 1423 2796 1477 κωλῦσαι
2823 1421 3005 1475 αὐτόν.
3049 1421 3106 1474 '0
3133 1419 3272 1471 λύων
3313 1419 3440 1488 ὅρον
3472 1421 3677 1486 γονέων

2105 1517 2138 1590 ἢ
2171 1518 2387 1584 ζώντων
2418 1519 2450 1588 ἢ
2483 1515 2823 1579 τεθνεώτων,
2854 1511 3106 1581 ἀνάθεμα
3159 1511 3320 1564 ἔστω.
3373 1511 3433 1563 '0
3477 1511 3679 1581 τριχῶν

2108 1612 2413 1682 ἁπτόμενος
2435 1610 2531 1663 καὶ
2560 1609 2622 1661 τὸ
2651 1608 2943 1679 πρόσωπον
2973 1605 3220 1665 τύπτων,
3247 1603 3280 1674 ἢ
3303 1603 3491 1667 ἁπλῶς
3525 1619 3681 1674 περιο
3709 1636 3721 1644 υ

2111 1703 2323 1774 φρονῶν
2350 1703 2478 1764 τοὺς
2505 1701 2698 1768 γονέας
2734 1697 2924 1762 αὐτοῦ,
2983 1694 3086 1749 κᾶν
3129 1696 3222 1747 ἐπὶ
3267 1695 3414 1763 ζωῆς
3454 1693 3556 1746 κᾶν
3587 1695 3680 1746 ἐπὶ

428 1792 752 1860 simpliciter
799 1792 1110 1860 despexerit
1157 1792 1277 1844 sive
1316 1791 1369 1843 in
1420 1790 1528 1842 vita
1567 1789 1684 1842 sive
1724 1788 1776 1840 iu
1811 1797 2000 1838 morte.

2124 1795 2366 1853 ὶανάτου,
2394 1791 2826 1860 ἐπικατάρατος.
2862 1788 2922 1840 Et
2954 1787 3080 1850 τοὺς
3112 1786 3350 1856 στάχυας
3372 1786 3499 1848 τοὺς
3540 1787 3680 1839 ἀπο-

435 1887 507 1938 sit
573 1885 913 1938 nmledictus.
951 1884 1051 1948 Qui
1103 1899 1207 1935 non
1259 1882 1570 1950 permiserit
1622 1889 1678 1933 ut
1743 1891 2007 1946 pauperes

429 1976 609 2043 spicas
669 1974 878 2042 elapsas
923 1974 1216 2040 colligant,
1262 1973 1336 2026 sit
1391 1971 1729 2025 maledictus.
1785 1969 1841 2023 Si
1885 1967 2008 2036 quis

433 2081 529 2133 pro
554 2065 660 2116 vita
698 2062 901 2130 aliquid
936 2062 1159 2115 hariolis
1188 2061 1457 2123 tribuerit,
1490 2060 1754 2128 scriptum
1785 2069 2011 2126 accepe-

437 2158 505 2210 rit
554 2155 638 2211 vel
678 2155 960 2217 cecinerit,
1021 2155 1093 2208 sit
1141 2152 1486 2207 maledictus.
1537 2151 1594 2205 Si
1636 2152 1758 2219 quis
1789 2164 1930 2204 arcte
1957 2155 2013 2202 et

437 2247 724 2301 torcularis
755 2246 1021 2315 primitias
1051 2243 1307 2297 Ecclesiae
1337 2253 1390 2296 et
1428 2244 1755 2312 pauperibus
1779 2257 1881 2296 non
1913 2240 2010 2294 de-

435 2340 592 2403 derit,
643 2337 984 2392 maledictus.
1018 2336 1118 2402 Qui
1153 2334 1374 2389 fratrem
1421 2333 1784 2388 calumniatus
1826 2331 2010 2398 fuerit,

434 2448 556 2484 cum
610 2427 965 2484 ealumniauti
1017 2426 1231 2480 diabolo
1274 2426 1688 2480 condemnetur.
1733 2421 1789 2478 Si
1820 2438 2012 2477 mona-

435 2523 572 2576 chus
631 2520 932 2574 inebriatus
976 2517 1156 2582 fuertt,
1203 2520 1502 2572 fornicatus
1536 2528 1638 2570 est.
1671 2517 1727 2570 Si
1762 2533 1792 2570 e
1848 2517 2012 2570 nimia

441 2613 740 2681 repletione
781 2611 1103 2671 evumuerit,
1139 2609 1436 2663 fornicatus
1479 2619 1585 2663 est.
1626 2607 1681 2660 Si
1719 2607 2017 2662 monachus

442 2711 506 2757 de
537 2704 735 2771 pnpttlo
785 2702 988 2764 riserit,
1041 2701 1342 2756 fornicatus
1388 2712 1488 2755 cst.
1529 2701 1585 2753 Si
1623 2701 1906 2769 pra'positu
1934 2716 2015 2754 re-

444 2801 684 2866 fragatus
737 2795 928 2859 fuerit,
984 2794 1284 2848 fornicatus
1338 2805 1441 2848 cst.
1495 2791 1549 2845 Si
1586 2794 1880 2845 monachus
1925 2793 2020 2844 de-

443 2891 651 2945 ritrctus
681 2888 1000 2941 decubuerit
1053 2887 1104 2940 in
1139 2887 1275 2939 lecto
1315 2899 1366 2940 ct
1397 2886 1466 2938 ita
1503 2886 1808 2947 dormierit,
1843 2883 2018 2954 paeni-

450 2983 675 3033 tentiam
741 2994 805 3033 cr.
861 2979 1072 3032 diertttn
1148 2979 1362 3033 habeat.
1411 2979 1509 3042 Qui
1582 2993 1704 3030 cum
1755 2978 2016 3032 scbismao

447 3072 556 3125 tico
610 3072 873 3136 oraverit,
913 3073 982 3123 sit
1044 3081 1097 3124 et
1148 3071 1262 3140 ipse
1296 3071 1696 3124 schismaticus.
1749 3070 1851 3136 Qui
1896 3086 2016 3125 cum
2048 3105 2091 3162 ε

455 3165 733 3228 Ιηυνοιία),
794 3164 908 3217 sive
958 3165 1008 3217 iu
1041 3164 1292 3225 ccvlesia,
1327 3165 1440 3216 sive
1472 3165 1916 3228 domi,oravetit,
1950 3166 2022 3219 sit

450 3267 504 3308 et
534 3257 648 3324 ipse
671 3265 977 3323 separatus.
1016 3255 1118 3320 Qui
1153 3270 1274 3307 cum
1300 3256 1542 3322 tlt'pusito
1567 3254 1826 3318 oraverit,
1859 3256 2022 3322 depo-

452 3360 610 3398 natur
630 3357 683 3398 et
717 3347 849 3414 ipse.
869 3346 969 3410 Qui
996 3361 1116 3399 cum
1144 3344 1631 3398 excmmuunicatis
1653 3344 2022 3398 communica-

451 3441 609 3504 verit,
651 3441 720 3492 sit
769 3448 821 3492 et
855 3440 968 3506 ipse
1017 3436 1538 3490 excommtmicatus.
1574 3434 1628 3488 Si
1659 3435 1783 3502 quis
1813 3435 2024 3504 episeo-

451 3547 572 3598 pus,
610 3532 689 3582 νιοΙ
747 3534 1050 3599 presbyter,
1101 3528 1183 3580 vel
1231 3529 1491 3581 diaconus
1526 3527 1828 3581 mundanas
1861 3541 2024 3581 curas

450 3622 778 3691 susceperit,
841 3623 1166 3689 deponatur.
1223 3617 1468 3672 Clericus
1524 3633 1632 3670 non
1693 3618 2024 3686 fidejubeat;

453 3715 730 3783 spondeus
755 3723 934 3766 autem
967 3712 1292 3782 deponatur.
1329 3709 1648 3780 Presbyter,
1687 3711 1776 3780 qui
1811 3710 2024 3764 fidelem

453 3805 538 3860 vel
595 3804 865 3858 inﬁdelem
921 3805 1271 3874 percusserit,
1321 3802 1644 3870 deponatur.
1697 3802 1798 3868 Qui
1855 3801 2029 3870 pretio

454 3899 710 3952 sacerdos
762 3896 939 3949 factus
987 3893 1172 3958 fuerit,
1228 3909 1351 3946 cum
1410 3894 1668 3962 episcopo
1719 3894 2026 3960 ordinante,

456 3988 780 4055 deponatur,
813 3986 957 4038 sicut
990 3985 1202 4038 Simon.
1241 3983 1538 4046 Sacerdos,
1569 3985 1659 4052 qui
1690 3985 1842 4037 fenus
1872 3999 2029 4053 repe-

459 4083 546 4138 tit,
590 4079 643 4130 ni
693 4085 893 4140 cesset,
929 4077 1252 4146 deponatur.
1282 4074 1499 4143 Vagans
1523 4087 1575 4127 et
1608 4076 1912 4129 vinolentus
1945 4091 2033 4130 sa-

460 4171 673 4229 cerdos,
703 4167 754 4218 ni
783 4177 978 4231 cesset,
1014 4169 1336 4234 deponatur.
1367 4167 1470 4231 Qui
1507 4165 1779 4232 pr0priaut
1815 4163 2035 4230 ejecerit

461 4271 683 4310 uxorem
736 4265 790 4308 et
837 4254 997 4307 aliam
1069 4256 1316 4318 duxerit,
1379 4265 1684 4322 separetur.
1741 4253 2029 4317 Sacerdos,

460 4348 553 4416 qui
605 4361 711 4398 non
754 4356 975 4414 propter
1018 4346 1230 4398 itineris
1284 4347 1688 4406 necessitatem,
1725 4345 1778 4398 in
1813 4356 2033 4400 taverna

2112 1885 2412 1947 πίπτοντας
2473 1885 2576 1937 οὐκ
2627 1883 2852 1953 ἀφίησιν
2925 1881 3208 1950 συλλέγειν
3239 1881 3351 1943 τοῖς
3419 1883 3679 1950 πτωχοῖς,

2109 1977 2534 2044 ἐπικατάρατος.
2577 1974 2644 2027 Εἰ
2687 1991 2772 2034 τις
2833 1973 2967 2026 δίδοι
2998 1975 3112 2034 τοῖς
3157 1971 3417 2042 μάντεσιν
3455 1973 3684 2042 ἀντίψυ-

2110 2084 2226 2138 χον,
2256 2068 2352 2120 καὶ
2405 2065 2672 2136 λαμϐάνει
2701 2063 2970 2134 γραπτὸν,
3013 2063 3046 2134 ἢ
3082 2063 3220 2135 ᾅδει,
3254 2063 3680 2134 ἐπικατάρατος.

2112 2158 2179 2211 Εἴ
2195 2175 2279 2222 τις
2305 2157 2559 2228 ἀπαρχὰς
2589 2155 2792 2218 ἅλωνος
2819 2155 2916 2209 καὶ
2945 2153 3108 2224 ληνοῦ
3138 2154 3199 2207 οὐ
3252 2153 3418 2208 δώσει
3443 2157 3510 2226 τῇ
3553 2155 3682 2208 Ἐκ-

2114 2247 2315 2321 πλησία⁴
2361 2251 2455 2301 καὶ
2504 2249 2620 2311 τοῖς
2681 2249 2941 2317 πτωχοῖς,
3013 2245 3438 2317 ἐπικατάρατος.
3494 2245 3562 2299 El’
3604 2263 3688 2310 τις

2114 2341 2345 2410 ἀδελφὺν
2391 2339 2674 2412 διαϐάλλῃ.
2707 2339 2806 2393 σὺν
2850 2339 2929 2410 τῷ
2991 2338 3224 2408 διαϐόλῳ
3272 2337 3686 2409 κατακρίνεται.

2127 2429 2256 2482 Ἐὰν
2295 2428 2502 2498 μεθύσῃ
2537 2428 2792 2497 μοναχὸς,
2844 2427 3198 2498 ἐπόρνευσεν.
3264 2427 3390 2480 Ἐὰν
3423 2428 3531 2481 ἀπὸ
3590 2445 3690 2496 γα⁴

2119 2521 2485 2590 στριμαργίας
2539 2523 2733 2594 ἐμέσῃ,
2776 2520 3124 2590 ἐπόρνευσεν.
3178 2519 3304 2573 Ἐὰν
3337 2519 3570 2590 μοναχὺς
3599 2538 3694 2588 γε·

2119 2610 2254 2682 λάσῃ
2292 2614 2384 2664 ἐπὶ
2444 2613 2644 2682 δήμου,
2693 2613 3046 2682 ἐπόρνευσεν.
3093 2611 3219 2664 Ἐὰν
3273 2612 3589 2683 ἀπολογηθῇ
3611 2613 3690 2682 τῷ

2121 2703 2411 2772 ἡγουμένῳ
2441 2702 2630 2756 αὐτοῦ.
2665 2703 3018 2774 ἐπόρνευσεν.
3071 2702 3138 2754 EE
3170 2719 3254 2764 τις
3302 2704 3533 2774 μοναχὸς
3561 2706 3698 2756 ἁπο-

2121 2792 2475 2854 ζώννυταιέν
2501 2796 2566 2864 τῇ
2620 2797 2778 2866 κοίτῃ
2839 2792 3029 2856 αὐτοῦ,
3083 2796 3179 2847 καὶ
3233 2793 3407 2857 οὕτως
3436 2797 3696 2867 κοιμηθῇ,

2121 2884 2294 2952 ἐχέτω
2336 2886 2628 2954 μετανοίας
2665 2892 2764 2956 ρν’.
2819 2887 2878 2938 '0
2909 2885 3304 2956 συνευχόμενος
3324 2888 3698 2961 ἀκοινωνήτῳ,

2121 2975 2481 3049 ἀκοινώνητος
2523 2976 2666 3030 ἔστω
2689 2977 2784 3030 καὶ
2815 2978 2998 3041 αὐτός.
3042 2979 3101 3033 Ὀ
3134 2979 3529 3050 συνευχόμενος
3550 2982 3704 3052 αἱρε-

2122 3067 2261 3140 τικῴ
2285 3068 2342 3120 ἐν
2370 3066 2636 3139 ἐκκλησίᾳ
2677 3068 2706 3139 ῆ
2747 3071 2804 3120 ὲν
2835 3070 2988 3140 οἴκῳ,
3029 3070 3390 3142 ἀκοινώνητος
3429 3071 3570 3125 ἔστω
3606 3073 3705 3126 καὶ

2124 3159 2308 3222 αὑτός.
2374 3155 2436 3212 Ὀ
2462 3160 2852 3229 συνευχόμενος
2875 3159 3274 3231 κάθῃρημένῳ,
3307 3161 3521 3233 καθῃρη
3533 3162 3693 3231 μένος

2125 3248 2268 3301 ἐστω
2295 3249 2386 3302 καὶ
2404 3249 2587 3312 αὐτός.
2619 3251 2680 3303 Ὀ
2707 3249 2980 3302 κοινωνῶν
3000 3256 3110 3313 τοῖς
3129 3252 3537 3322 ἀκοινωνήτοις,
3555 3253 3706 3306 ἀκοι-

2126 3340 2360 3410 νώνητος
2379 3339 2520 3394 έστω
2545 3342 2639 3394 καὶ
2658 3341 2841 3404 αι’δτός.
2867 3343 3153 3411 Κοσμικὰς
3171 3345 3460 3412 φροντῖδας
3483 3344 3706 3398 ἐπίσκο-

2127 3446 2227 3494 πος
2257 3429 2290 3500 ἢ
2312 3430 2679 3503 πρεσϐύτερος
2698 3431 2729 3500 ἦ
2745 3432 2993 3495 διάκονος
3010 3433 3322 3503 δεχόμενος,
3340 3435 3706 3507 καθαιρεῖται.

2128 3521 2403 3591 Κληρικδς
2423 3521 2629 3590 ἐγγύας
2674 3525 2737 3576 οὐ
2790 3524 2997 3588 δίδωσι,
3052 3525 3181 3588 δοὺς
3219 3525 3276 3578 δὲ
3338 3525 3704 3598 καθαιρεῖται.

2139 3613 2344 3685 Ἰερεὺς
2399 3614 2591 3670 πιστὸν
2637 3615 2926 3686 ήάπιστον
2984 3618 3286 3688 τυπτήσας,
3337 3617 3708 3688 καθαιρεῐται.

2140 3707 2200 3762 ’0
2239 3709 2332 3762 ἐπὶ
2357 3711 2640 3781 χρήμασιν
2688 3712 2869 3781 ἱερεὺς
2906 3711 3221 3780 γενόμενος,
3267 3713 3404 3782 μετά
3455 3713 3551 3768 τοῦ
3591 3731 3708 3784 χει-

2133 3804 2518 3874 ροτονήσαντος
2549 3806 2706 3858 ἔσται
2750 3806 2892 3858 κατὰ
2929 3795 3042 3860 τὸν
3078 3808 3297 3877 Σίμωνα
3331 3807 3709 3880 καθαιρούμε-

2131 3911 2240 3957 νος.
2289 3896 2490 3965 Ἰερεὺς
2529 3896 2725 3960 τόκους
2753 3897 3025 3963 ἀπαιτῶν,
3057 3900 3106 3951 εί
3138 3899 3198 3950 οὐ
3234 3899 3487 3962 παύεται,
3514 3900 3715 3953 καθαι-

2135 3988 2327 4055 ρεῖται.
2377 3989 2435 4040 ’0
2485 3989 2753 4058 κυϐιστὴς
2801 3990 2897 4043 καί
2953 3990 3210 4054 πάροινος
3253 3992 3457 4061 ἱερεὺς,
3514 3994 3566 4045 εί
3632 3993 3708 4063 μή

2135 4077 2381 4139 παύοιτο,
2421 4079 2811 4150 καθαιρείσθω.
2842 4080 2908 4134 Εἰ
2942 4097 3028 4142 τις
3071 4081 3170 4151 τὴν
3221 4082 3418 4135 ἑαυτοῦ
3475 4086 3713 4152 γυναῖκα

2136 4168 2364 4240 ἐκϐάλῃ,
2397 4171 2494 4223 καὶ
2531 4170 2724 4241 ἑτέραν
2753 4171 3051 4242 ἀγάγηται,
3091 4173 3458 4243 ἁφοριζὲσθω.
3499 4173 3560 4228 '0
3588 4176 3716 4244 δίχα

2136 4261 2234 4329 τῆς
2266 4262 2409 4310 κατὰ
2444 4261 2632 4330 τρίϐον
2679 4261 2929 4331 ἀνάγκης
2984 4262 3244 4334 κληρικδς
3291 4266 3373 4326 είς
3418 4266 3716 4334 καπηλεῖον

2138 4351 2355 4414 ἐσθίων,
2385 4352 2727 4423 ἁφοριστέος.
2771 4353 2833 4404 '0
2855 4354 3141 4423 ἐμπαίζων
3175 4355 3346 4424 χωλὸν
3377 4355 3411 4426 ἢ
3452 4357 3652 4425 τυφλὸν
3680 4359 3714 4428 ἢ

463 4436 892 4499 manducaverit,
937 4438 1290 4505 separandus.
1340 4437 1440 4503 Qui
1479 4437 1692 4501 claudo,
1751 4436 1836 4491 vel
1863 4451 2019 4500 caeco1

2142 4443 2324 4510 κωφὸν
2350 4444 2382 4512 ἢ
2409 4443 2588 4507 ἄλλως
2620 4445 2681 4496 τὸ
2719 4445 2879 4514 σῶμα
2910 4447 3336 4516 πεπηρωμένον,
3377 4449 3718 4518 ἀφορίζεται,

467 4529 548 4582 vel
599 4530 764 4582 surdo
813 4539 903 4582 aut
953 4529 1111 4583 aliter
1157 4530 1402 4582 mutilato
1435 4529 1684 4592 illuserit,
1727 4540 2032 4598 separetur,

464 4620 590 4689 quia
633 4619 892 4674 factorem
921 4619 1037 4686 ejus
1069 4620 1266 4689 arguit.
1310 4619 1630 4688 Episcopus,
1663 4619 1753 4688 qui
1781 4622 2032 4688 pietatem

467 4726 574 4767 non
614 4712 883 4778 docuerit,
934 4723 1249 4781 separetur;
1303 4712 1606 4782 deponaiur
1657 4723 1837 4768 autem
1874 4714 1918 4766 si
1962 4715 2038 4766 iu-

465 4806 658 4856 doctus
707 4803 1088 4872 pertuanserit.
1147 4801 1281 4856 Cum
1333 4802 1618 4872 episcopus
1659 4802 1858 4856 clerico
1895 4803 2034 4855 indi-

467 4894 609 4961 genti
664 4909 766 4946 non
807 4892 1158 4957 beru-fecerit,
1216 4903 1524 4962 separetur.
1550 4893 1651 4958 Qui
1683 4892 1878 4962 virgini
1930 4907 2036 4946 nou

466 4997 736 5055 spumaue
776 4987 880 5038 vim
910 4985 1170 5051 intulerit,
1202 4999 1429 5054 eamque
1459 4983 1786 5054 corruperit,
1819 4998 2042 5052 separe-

471 5088 591 5137 tut;
636 5095 738 5130 non
783 5079 963 5132 licebit
1005 5079 1103 5147 ipsi
1153 5077 1316 5132 aliam
1371 5078 1589 5140 ducere,
1630 5078 1724 5132 sed
1751 5092 1914 5146 quam
1943 5077 2045 5130 im-

471 5171 828 5238 przrgnavcrit
883 5171 1098 5233 habeat,
1151 5168 1254 5224 etsi
1299 5169 1414 5223 haec
1459 5170 1621 5222 fuerit
1669 5183 1890 5238 pauper.
1939 5167 2042 5234 Qui

472 5263 538 5315 de
575 5264 790 5316 victima
821 5263 1078 5317 saliet-ala
1116 5262 1230 5316 sive
1268 5262 1555 5315 venatione
1577 5272 1754 5328 capta,
1788 5261 1900 5314 sive
1931 5261 2044 5314 dis-

476 5364 652 5422 rupta,
686 5365 1002 5422 gttsltn'crtl,
1053 5357 1308 5409 sacerdos
1342 5353 1668 5422 deponatur,
1712 5353 1882 5406 laicus
1912 5368 2042 5406 vero

475 5463 516 5500 ει
537 5458 777 5518 paretur.
822 5447 1085 5510 Ctaudus,
1122 5458 1212 5500 aut
1255 5461 1361 5501 uno
1389 5448 1550 5502 oculo
1584 5447 1850 5514 privatus,
1889 5447 1933 5499 si
1976 5447 2043 5498 de

2138 4533 2213 4596 ὡς
2263 4535 2711 4605 ἐπιμεμφόμενος
2762 4535 2856 4589 τὸν
2905 4537 3187 4591 πλάσαντα
3245 4540 3431 4593 αὐτόν.
3494 4539 3553 4592 '0
3617 4543 3720 4611 τὴν

2141 4625 2430 4678 εὐσέϐειαν
2493 4627 2568 4696 μὴ
2637 4627 2904 4680 διδάσκων
2975 4629 3295 4693 ἐπίσκοπος,
3357 4631 3716 4703 ἀφορίζεται·

2141 4719 2466 4790 καθαρεῖται
2494 4719 2551 4771 δὲ
2579 4719 2755 4789 μένων
2797 4720 3105 4783 ἀδίδακτος.
3177 4721 3399 4792 Ἐπιδεῆ
3457 4723 3722 4794 κληρικον

2143 4811 2245 4864 οὐκ
2292 4810 2602 4880 εὐεργετῶν
2637 4811 2959 4876 ἐπίσκοπος,
3022 4813 3364 4884 ἀφορίζεται.
3429 4813 3488 4867 '0
3533 4814 3723 4884 βιασά-

2145 4917 2306 4972 μενος
2364 4901 2632 4973 παρθένον
2687 4903 3082 4971 ἀμνήστευτον.
3121 4904 3464 4974 συμφθαρεὶς
3528 4906 3722 4978 αὐτὴν,

2145 4992 2495 5063 ἀφορίζεται,
2519 4994 2614 5048 καὶ
2646 4993 2722 5064 μὴ
2758 4994 2960 5061 ἐξέστω
2994 4994 3143 5065 αὐτῷ
3177 4997 3370 5065 ἑτέραν
3401 4997 3722 5068 λαμβάνειν,

2147 5083 2260 5137 ἀλλ’
2321 5083 2538 5153 ἐκείνην
2598 5086 2852 5155 κατέχειν
2885 5087 2953 5157 ἢν
2988 5087 3299 5158 ᾑρετίσατο,
3345 5088 3450 5142 κᾶν
3494 5091 3728 5161 πενιχρά

2147 5177 2414 5246 τυγχάνῃ.
2454 5177 2511 5229 Ὀ
2546 5177 2842 5246 γευόμενος
2868 5179 3031 5232 θυτοῦ
3066 5180 3293 5234 πνικτοῦ
3321 5181 3354 5251 ἢ
3384 5181 3725 5251 θηριαλώτου

2152 5268 2185 5337 ἢ
2221 5269 2571 5338 θνησιμαίου,
2611 5269 2959 5340 καθαιρεῖται
2980 5287 2991 5299 ·
3035 5273 3063 5324 ὁ
3084 5270 3139 5322 δὲ
3157 5271 3346 5334 λαῖκὸς
3376 5271 3725 5342 ἀφορίζεται.

2156 5359 2375 5412 Γίνεται
2412 5359 2582 5428 χωλῆς
2620 5359 2653 5428 ἢ
2684 5359 3088 5429 ἑτερόφθαλμος
3116 5359 3268 5423 ἄξιος
3317 5360 3581 5430 ὑπάρχων
3608 5360 3730 5413 ἐπί-

2157 5467 2359 5514 σκοπος
2383 5466 2395 5481 ·
2461 5453 2488 5502 ό
2555 5451 2740 5519 μέντοι
2786 5453 2983 5518 τυφλὸς
3023 5452 3055 5522 ἢ
3092 5452 3275 5518 κωφὸς
3309 5453 3370 5505 οὑ
3411 5453 3724 5522 γενήσεται.

2000 5559 2238 5615 NOTAE.

547 5676 623 5743 (1)
659 5674 868 5733 Sensus
925 5680 1153 5748 requirit
1191 5700 1202 5733 :
1236 5681 1360 5742 τοὺς
1397 5679 1575 5740 θείους
1635 5677 1869 5739 κανόνας
1899 5677 1973 5748 μὴ
2010 5679 2019 5730 ξ

2124 5679 2364 5750 ιτάμενοι
2407 5679 2683 5750 κενοδοξία
2732 5682 2824 5732 καὶ
2847 5681 3336 5760 ἀνθρωπαρεσκείᾳ
3377 5691 3734 5761 παραχαράτ-

476 5761 681 5807 σοντες.
