4010 6208
264 373 404 437 3Ὗί19

1319 375 1415 435 us
1436 346 1948 435 SPECCATORUM
1969 375 2502 439 CONFESSIONE.

3367 363 3506 427 3370

262 483 399 545 τοὺς
428 483 936 554 ἀμφιγνοουμένους
967 484 1015 537 εί
1040 486 1467 555 ἐϐαπτίσθησαν,
1506 485 1538 555 ἢ
1581 485 1677 555 μὴ,
1704 484 1832 556 ᾕρε-

1960 489 2147 542 taeteris
2192 488 2356 544 fuerit
2392 488 2606 558 dignus,
2639 486 2732 540 fiat
2768 484 3109 553 'episcopus;
3142 487 3379 533 attamen
3412 497 3513 530 ur-

267 588 367 625 σαν
400 572 783 641 βαπτίζεσθαι,
837 575 1046 645 μήποτε
1075 575 1151 646 τῷ
1181 574 1465 646 δισταγμῷ
1520 575 1835 646 στερηθῶσι
1883 644 1888 649 .

262 665 360 735 τῆς
389 663 541 728 θείας
571 664 914 734 καθάρσεως.

335 844 733 916 Θυσιαστήριον
798 848 856 899 ἐν
930 848 1087 918 ἀγρῷ
1148 850 1178 919 ἢ
1230 851 1287 901 ἐν
1343 847 1627 918 ἀμπελῶσι
1682 846 1842 915 γενό-

271 950 432 1004 μενον
471 935 527 985 ὲν
585 927 630 1000 ᾧ
686 935 937 1003 λείψανον
979 937 1079 990 οὐκ
1119 938 1466 990 ἐναπόκειται
1523 936 1841 1007 μαρτύρων,

268 1026 754 1094 καταστρεφέσθω.
808 1026 1390 1097 Καταστρεφέσθωσαν
1443 1027 1500 1079 δὲ
1558 1026 1743 1078 καὶτὰ
1773 1024 1840 1077 δι’

272 1116 540 1190 ἐνυπνίων
620 1118 715 1169 καὶ
775 1117 1170 1186 ἀποκαλύψεων
1230 1117 1596 1186 συνιστάμενα
1655 1114 1846 1168 θυσια-

274 1208 504 1275 στήρια·
570 1208 761 1270 σκότος
814 1208 922 1277 γὰρ
982 1206 1057 1260 ὢν
1116 1209 1144 1260 6
1200 1206 1484 1270 διάϐολος,
1528 1206 1644 1274 φῶς
1711 1207 1846 1258 ὑπο-

272 1296 541 1365 κρίνεται,
575 1298 664 1349 καὶ
727 1297 999 1368 προφάσει
1055 1296 1214 1366 δῆθεν
1277 1295 1560 1355 εὐλαϐείας
1609 1295 1710 1357 τὰς
1738 1294 1846 1347 τῶν

271 1388 574 1458 ἀνθρώπων
595 1388 837 1452 δελεάζει
865 1389 1064 1458 ψυχάς.
1089 1389 1154 1441 Εἴ
1174 1405 1256 1450 τις
1279 1387 1506 1458 φωραθῇ
1535 1388 1848 1456 ἀποκείρων

273 1481 394 1533 τινὰ
420 1483 588 1551 χωρὶς
622 1479 930 1547 παρουσίας
960 1479 1054 1532 τοῦ
1078 1479 1387 1547 ὀφείλοντος
1418 1478 1580 1531 αὐτὸν
1608 1481 1688 1540 είς
1714 1478 1849 1531 ὑπο-

273 1569 444 1638 ταγὴν
482 1569 821 1639 παραλαϐεῖν
852 1569 1176 1639 ἡγουμένου,
1220 1569 1383 1633 αὐτὸς
1442 1568 1845 1638 καθαιρείσθω’

275 1659 304 1711 ὀ
331 1659 386 1713 δέ
413 1661 714 1729 ἀποκαρεὶς
762 1660 1009 1729 ὑποταγῇ
1055 1660 1148 1713 καὶ
1205 1659 1556 1731 μοναστηρίῳ
1598 1659 1845 1712 διδόσθω.

278 1751 347 1803 Et
388 1767 472 1813 τις
533 1750 797 1818 κληρικὸς
856 1749 1182 1821 πορνεύσαι,
1230 1748 1325 1802 τοῦ
1361 1749 1461 1818 μὲν
1486 1748 1702 1819 βαθμοῦ
1743 1750 1848 1817 τῆς

278 1841 580 1911 ἱερωσύνης
605 1842 923 1909 κατάγεται,
974 1840 1077 1910 τῆς
1141 1840 1381 1903 θείαςδέ
1438 1839 1728 1903 κοινωνίας
1785 1842 1846 1894 οὐ
1881 1828 1921 1882 Β

276 1930 567 1997 κωλύεται,
597 1933 732 1987 ἀλλά
763 1933 902 2003 μετὰ
923 1933 1032 1985 τῶν
1070 1930 1276 1985 λαῖκῶν
1316 1933 1587 1985 κοινωνεῖ.
1624 1932 1748 1985 ’Ὀτι
1788 1932 1849 1984 ού

277 2022 385 2092 χρὴ
409 2023 744 2093 μεταδιδόναι
770 2023 880 2076 τῶν
913 2023 1071 2076 θείων
1113 2025 1432 2093 μυστηρίων
1484 2026 1598 2087 τοῖς
1629 2023 1848 2093 λαμϐά-

276 2130 429 2166 νουσι
474 2114 689 2177 τόκους,
743 2114 776 2184 ἢ
828 2113 1135 2167 συνεσθίειν
1186 2116 1373 2177 αὐτοῖς
1424 2114 1750 2184 ἐπιμένουσι
1783 2117 1850 2185 τῇ

278 2204 616 2274 παρανομία.
653 2206 716 2257 Εἰ
748 2205 952 2273 ὀφείλει
971 2205 1285 2276 ὀνειρωθεὶς
1316 2207 1718 2277 autver/iisan!)
1751 2207 1849 2273 οῦς

284 2297 348 2349 Εἰ
380 2296 472 2365 μὲν
504 2297 769 2368 ἐπιθυμίᾳ
786 2299 1065 2365 γυναικὸς,
1086 2300 1187 2352 οὐκ
1225 2299 1447 2367 ὀφείλει*
1468 2303 1519 2352 εί
1542 2300 1598 2352 δὲ
1620 2301 1647 2352 6
1677 2300 1851 2353 Σατα-

286 2390 682 2459 νᾶςπειράζων
717 2390 901 2457 αὐτὸν,
931 2390 1263 2443 κοινωνείτω
1290 2390 1396 2443 τῶν
1432 2391 1593 2445 θείων
1643 2409 1850 2463 μυστη-

282 2480 434 2549 ρίων,
477 2482 601 2534 ἐπεὶ
654 2482 715 2551 ού
770 2483 1041 2535 παύσεται
1073 2482 1102 2534 6
1150 2483 1426 2551 πειράζων
1477 2483 1853 2552 ἐπιτιθέμενος

264 2571 445 2645 πύεὸν
469 2570 591 2624 κατ’
621 2574 831 2626 ἐκεῖνον
864 2573 956 2626 τὸν
979 2573 1185 2643 ’καιρὸν
1212 2574 1300 2625 ὅτε
1343 2572 1545 2641 ὀφείλει
1586 2575 1851 2643 κοινωνῆ-

278 2677 393 2717 σαι.
424 2664 487 2716 Εί
531 2654 604 2733 μὴ
637 2663 861 2717 δυνατὸν
882 2666 939 2716 ἐν
969 2664 1236 2734 ἐκκλησίᾳ
1260 2664 1531 2734 προϊέναι,
1561 2668 1679 2717 κατ’
1703 2663 1853 2718 οῗκον

281 2753 555 2819 συνάξεις,
577 2748 622 2805 ὦ
640 2754 927 2817 ἐπίσκοπε,
946 2754 1049 2823 ,ἵνα
1073 2755 1150 2824 μὴ
1175 2754 1492 2825 εἰσέρχηται
1519 2754 1752 2825 εὐσεϐὴς
1775 2758 1855 2821 είς

278 2845 578 2914 ἐκκλησίαν
606 2845 821 2897 ἀσεϐῶν
841 2860 855 2874 ⁸
891 2845 989 2915 οὐχ
1011 2847 1039 2897 6
1072 2845 1235 2908 τόπος
1283 2846 1391 2916 γὰρ
1424 2845 1517 2899 τὸν
1566 2846 1855 2918 ἄνθρωπον

278 2937 519 3001 ἁγιάζει,
550 2936 664 2989 ἀλλ’
688 2938 716 2988 6
746 2937 1034 3007 ἄνθρωπος
1074 2938 1165 2990 τὸν
1213 2939 1410 2991 τόπον·
1465 2924 1725 3008 φευκτέον
1773 2956 1857 2996 σοι

278 3028 423 3081 ἔστω
462 3027 547 3080 διὰ
588 3027 646 3080 τὸ
684 3027 1023 3098 βεϐηλῶσθαι
1057 3028 1151 3080 ὑπ’
1208 3028 1426 3080 αὐτῶν⁹
1472 3029 1548 3091 ὡς
1579 3030 1688 3100 γάρ
1721 3031 1856 3083 ὅσιοι

1943 594 2038 634 cus
2068 580 2146 632 vel
2193 582 2389 634 surdus
2436 592 2706 647 nunquam
2766 576 2874 629 fiat.
2905 573 2959 627 Si
2993 572 3214 642 quidam
3263 567 3515 623 dubitent

1943 684 2011 723 an
2054 670 2306 739 baptizati
2367 669 2473 723 sint
2521 683 2711 731 necne,
2750 673 2966 733 prmstat
2996 660 3279 731 baptizari,
3319 673 3387 715 ne
3410 659 3514 714 du-

1944 760 2016 815 bii
2051 776 2212 812 causa
2240 761 2420 814 divina
2464 757 2841 829 purificatione
2864 754 3163 819 indigeant.

2015 847 2070 903 Si
2102 850 2242 918 quod
2281 849 2450 901 altare
2487 849 2538 901 in
2564 845 2711 913 agris
2745 845 2858 897 sive
2886 843 2937 896 in
2967 843 3138 895 vineis
3169 848 3513 895 exstructum

1946 940 2127 1001 fuerit.
2154 950 2207 993 et
2252 952 2549 1010 martyrum
2589 936 2833 1005 reliquiae
2862 949 2966 988 nou
2996 933 3337 1002 suhjaceant,
3363 945 3520 985 ever-

1950 1042 2111 1086 tatur.
2144 1032 2468 1086 Evertantur
2493 1044 2707 1097 quoque
2756 1027 2946 1080 altaria
2973 1040 3089 1093 qua!
3122 1033 3342 1093 prapter
3371 1038 3520 1076 som-

1949 1123 2032 1175 nia
2062 1131 2115 1176 et
2142 1124 2377 1175 visiones
2408 1120 2670 1174 aedificata
2729 1118 2971 1182 fuerint;
3012 1116 3214 1169 etenim
3242 1129 3362 1168 cum
3398 1113 3518 1167 dia-

1948 1212 2101 1267 holus
2130 1212 2199 1265 sit
2230 1213 2441 1275 umbra,
2480 1211 2651 1264 lucem
2686 1208 2926 1272 simulat,
2965 1218 3020 1261 et
3062 1207 3161 1259 sub
3198 1205 3380 1275 specie
3409 1204 3523 1273 pie-

1951 1302 2074 1355 tatis
2102 1302 2343 1355 incautas
2374 1302 2651 1354 homimnn
2687 1309 2896 1353 mentes
2941 1298 3137 1352 irretit.
3163 1294 3222 1350 Si
3270 1296 3393 1364 quis
3423 1295 3522 1348 ali-

1950 1407 2109 1461 quem
2158 1394 2451 1446 totonderit
2482 1393 2686 1459 absque
2715 1391 3003 1459 pratseutia
3037 1390 3357 1457 superioris,
3397 1399 3521 1442 ton-

1949 1498 2068 1535 sum
2110 1483 2162 1537 in
2204 1482 2505 1548 subiectum
2539 1482 2879 1550 accipientis,
2912 1490 2967 1535 et
3001 1481 3370 1549 deprehensus
3403 1477 3525 1531 fue-

1954 1574 2042 1638 ril,
2081 1575 2384 1640 deponatur
2436 1575 2591 1642 ipse:
2644 1584 2832 1626 tonsus
2886 1584 3067 1625 autem
3119 1571 3440 1640 subjiciatur
3468 1579 3525 1625 et

1953 1666 2281 1719 monasterio
2317 1665 2581 1718 tradatur.
2625 1664 2682 1719 Si
2732 1664 2964 1719 clericus
3004 1662 3307 1717 fornicatus
3340 1660 3523 1723 fuerit.

1953 1752 2244 1809 descendat
2294 1772 2323 1807 a
2383 1756 2551 1823 gradu
2608 1756 2919 1819 Sacerdotii,
2961 1770 2989 1807 a
3021 1770 3174 1808 sacra
3219 1768 3349 1808 vero
3379 1769 3529 1807 con:-

1955 1847 2211 1901 munione
2258 1861 2363 1901 non
2413 1857 2668 1901 arceatur
2704 1846 2799 1902 sed
2845 1846 3211 1901 communicet
3267 1861 3388 1900 cum
3428 1844 3529 1898 lai-

1953 1937 2054 1992 cis.
2097 1936 2347 1993 Profecto
2386 1937 2558 1993 sacris
2612 1938 2903 2008 mysteriis.
2925 1938 3253 2008 participare
3297 1953 3402 1991 non
3434 1930 3531 1992 de-

1954 2030 2103 2095 bent,
2136 2031 2227 2099 qui
2266 2046 2485 2084 usuram
2526 2032 2824 2098 accipiunt,
2878 2045 2979 2085 nec
3017 2044 3139 2084 cum
3168 2030 3274 2083 illis
3302 2029 3530 2083 mandu—

1955 2123 2185 2175 candunt
2231 2131 2315 2177 est
2360 2124 2485 2176 dum
2522 2123 2574 2176 in
2618 2138 2713 2177 sua
2746 2132 3067 2193 permanent
3104 2123 3412 2189 iniquitate.
3446 2121 3527 2173 At.

1954 2212 2167 2265 somnio
2202 2213 2438 2281 pollutus
2469 2213 2875 2267 connuunicare
2899 2212 3058 2267 debet
3101 2211 3307 2266 necne?
3344 2211 3400 2265 Si
3436 2212 3531 2263 de-

1955 2299 2157 2355 siderio
2221 2302 2484 2366 mulieris,
2522 2318 2625 2356 non
2658 2302 2855 2369 debet;
2901 2303 2947 2357 si
2984 2318 3012 2356 a
3044 2301 3259 2357 diabolo
3295 2310 3533 2356 tentatus

1958 2391 2139 2455 fuerit,
2168 2393 2530 2445 communicet
2557 2391 2754 2445 divinis
2779 2391 3075 2462 mysteriis,
3112 2392 3236 2460 quia
3268 2398 3530 2449 tentatur,

1958 2484 2166 2536 ratione
2217 2483 2476 2551 temporis
2527 2497 2633 2550 quo
2680 2485 3186 2537 communicandum
3233 2490 3338 2547 est,
3379 2482 3532 2536 insi-

1956 2574 2092 2628 diari
2123 2590 2228 2628 non
2270 2574 2491 2630 desinit.
2527 2572 2583 2628 Si
2623 2574 2717 2627 tibi
2769 2575 3105 2642 impossibile
3149 2574 3332 2638 fuerit,
3361 2588 3396 2627 ο
3425 2575 3525 2641 epi~

1957 2679 2139 2732 scope,
2175 2666 2226 2718 in
2273 2664 2557 2718 ecclesiam
2599 2665 2869 2733 progredi,
2916 2664 3170 2733 populum
3219 2665 3272 2717 iu
3314 2664 3535 2716 domum

1957 2767 2217 2817 convoca,
2268 2768 2334 2806 ne
2404 2751 2585 2805 forsan
2639 2753 2759 2823 pius
2804 2752 2855 2805 in
2907 2752 3197 2806 ecclesiam
3240 2752 3533 2820 impiorum

1959 2845 2155 2912 intret;
2212 2846 2410 2899 etenim
2465 2844 2615 2898 locus
2675 2844 2947 2898 hominem
3013 2858 3118 2897 non
3193 2843 3521 2907 sanctificat,

1959 2938 2121 2992 homo
2151 2950 2329 2993 autem
2369 2937 2540 2989 locum
2577 2955 2592 2991 :
2631 2938 2724 2991 tibi
2759 2936 3067 3006 fugiendum
3096 2944 3172 2989 est
3210 2937 3277 2988 ab
3313 2935 3416 2989 illis
3451 2950 3518 2988 ne

1957 3030 2312 3100 profaneris:
2363 3030 2815 3099 quemadmodum
2850 3028 2993 3082 enim
3041 3026 3212 3081 sancti
3257 3024 3517 3080 sacerdo—

281 3121 445 3186 ἱερεῖς
474 3119 816 3186 ἀγιάζουσιν.
850 3118 1022 3177 οὔτως
1039 3121 1085 3170 οἱ
1108 3121 1321 3187 ἐναγεῖς
1344 3119 1655 3189 μιαίνουσιν
1682 3136 1697 3150 ·
1728 3123 1775 3173 εί
1798 3121 1856 3174 δέ

1964 3132 2042 3177 tes
2066 3122 2428 3185 sanctiﬁcant,
2464 3122 2534 3175 ita
2587 3120 2858 3174 maculant
2893 3119 3064 3187 impii.
3099 3117 3154 3173 Si
3192 3131 3364 3188 neque
3390 3116 3536 3171 domi
3614 3169 3624 3178 ,

282 3212 427 3281 μήτε
457 3214 514 3263 ἐν
553 3213 689 3279 οἴκῳ
721 3212 838 3278 ἅμα
863 3213 1001 3279 μήτε
1045 3212 1102 3262 ἐν
1143 3210 1414 3281 ἐκκλησίᾳ
1464 3211 1689 3264 δυνατὸν
1731 3230 1859 3264 συν-

279 3302 655 3371 αθροισθῆναι,
678 3303 907 3366 ἕκαστος
935 3301 1113 3372 ἐαυτῷ
1129 3302 1395 3372 ψαλλέτω,
1412 3306 1857 3372 ἀναγινωσκέτω,

280 3395 681 3465 προσευχέσθω·
708 3396 740 3464 ἦ
771 3395 887 3463 ἅμα
908 3397 999 3447 δύο
1020 3394 1052 3466 ἦ
1074 3399 1242 3467 τρεῖς·
1274 3398 1478 3450 ι”υπου
1500 3397 1608 3467 γάρ
1623 3398 1718 3449 ἐὰν
1735 3390 1858 3460 ὦσι,

280 3490 448 3557 φησὶν
476 3490 505 3540 6
533 3486 765 3556 Κύριος,
789 3486 883 3540 δύο
911 3487 942 3556 ἢ
969 3489 1119 3557 τρεῖς
1157 3487 1493 3558 συνηγμένοι
1524 3488 1581 3538 ἐν
1627 3486 1707 3556 τῷ
1739 3487 1857 3558 ἐμῷ

280 3581 312 3631 ὀ
334 3580 525 3646 -όματι,
552 3580 666 3630 ἐκεῖ
686 3577 801 3645 είμι
842 3578 901 3627 ἐν
936 3577 1085 3647 μέσῳ
1105 3575 1307 3631 αὐτῶν.
1335 3594 1353 3628 ι
1377 3577 1504 3629 Ἐὰν
1559 3575 1735 3647 ἱερεὺς
1763 3576 1859 3646 πίῃ

287 3664 428 3722 οἶνον
450 3669 545 3722 καὶ
565 3668 789 3737 ξεράσῃ,
816 3668 918 3736 ἡμέ
929 3684 1026 3738 ρας
1063 3674 1114 3735 μ’
1154 3667 1227 3738 μὴ
1257 3667 1614 3721 κοινωνείτωο
1661 3667 1863 3736 ὁμοίως

284 3761 343 3814 δὲ
373 3762 466 3814 καὶ
500 3760 753 3831 μοναχός.
795 3760 862 3813 Εἴ
890 3777 973 3823 τις
1003 3761 1298 3823 ἐπίσκοπος
1347 3758 1380 3830 ἢ
1423 3757 1797 3828 πρεσϐύτερος
1825 3756 1857 3827 ἢ

280 3852 527 3915 διάκονος
551 3852 694 3924 πέσῃ
724 3852 803 3913 εἰς
833 3851 1111 3919 ἁμαρτίαν
1140 3848 1421 3918 γυναικὸς,
1466 3847 1859 3919 καθαιρείσθω.

281 3944 355 3997 Ei
390 3960 474 4006 τις
525 3944 741 4014 ποιήσει
804 3942 941 4011 μετά
996 3942 1210 4011 ἐτέρου,
1255 3940 1353 3993 καὶ
1392 3939 1645 4011 ἀποθάνῃ
1690 3938 1751 3991 τὺ
1801 3935 1863 3991 ἐν

288 4034 475 4103 μέρος,
527 4034 613 4087 ίνα
652 4037 856 4107 ποιήσῃ
902 4037 1180 4105 ἐπιτίμιον
1222 4035 1249 4086 6
1297 4033 1428 4098 ζῶν,
1481 4035 1600 4104 ἦτοι
1641 4049 1861 4102 παρηγ-

282 4127 453 4196 γέλθη
497 4127 601 4180 ὑπὸ
638 4127 734 4180 τοῦ
767 4127 1168 4198 πνευματικοῦ,
1199 4128 1293 4179 καὶ
1316 4126 1507 4197 χρόνον
1549 4125 1647 4179 ἕνα
1704 4125 1861 4196 εὐχό-

286 4234 451 4287 μενος
473 4218 613 4286 ὑπὲρ
641 4216 737 4270 τοῦ
762 4218 1208 4290 τελευτήσαντος.
1238 4217 1363 4280 Τοῖς
1383 4216 1583 4269 διδοῦσι
1602 4219 1707 4289 χρή
1717 4234 1864 4285 ματα

282 4310 424 4380 πρὸς
468 4310 531 4362 τὸ
569 4311 853 4378 διαφυγεῖν
908 4310 1200 4381 βασάνους,
1242 4311 1342 4363 οὐκ
1384 4309 1533 4362 ἐστιν
1573 4309 1861 4377 ἐγκλημα’

282 4400 494 4454 εἴλοντο
536 4401 647 4471 γὰρ
696 4402 956 4471 χρήματα
997 4399 1347 4471 ζημιωθῆναι
1396 4400 1430 4470 ἢ
1497 4399 1710 4470 ψυχήν·
1769 4399 1865 4453 καὶΙ

1962 3228 2137 3284 neque
2192 3215 2242 3267 in
2299 3214 2528 3267 ecclesia
2591 3213 2845 3281 pupulum
2925 3225 3256 3281 congregare
3309 3210 3538 3279 poteris,

1964 3304 2331 3373 unusquisque
2360 3304 2460 3357 sibi
2497 3303 2607 3371 ipse
2638 3311 2837 3366 cantet,
2870 3301 3011 3369 legat
3039 3309 3093 3356 et
3130 3310 3270 3360 oret.
3308 3300 3392 3354 vel
3434 3300 3542 3355 duo

1964 3395 2128 3449 simul
2167 3403 2260 3448 aut
2287 3403 2419 3449 tres.
2462 3411 2480 3445 ι
2515 3391 2617 3448 Ubi
2648 3394 2792 3448 enim
2834 3394 2941 3447 duo
2964 3393 3048 3446 vel
3081 3403 3214 3457 tres,
3252 3393 3325 3446 ait
3359 3393 3542 3446 Domi-

1964 3502 2090 3552 nus,
2143 3487 2197 3540 iu
2237 3486 2458 3541 nomine
2516 3500 2637 3539 meo
2686 3484 3000 3554 congregati
3052 3484 3274 3548 fuerint,
3317 3484 3389 3538 ibi
3422 3498 3541 3536 sum

1962 3592 2062 3645 ego
2079 3577 2129 3630 in
2151 3576 2325 3631 medio
2345 3589 2532 3631 eorum
2559 3574 2624 3628 ¹⁶.
2657 3591 2677 3626 ι
2705 3572 2761 3628 Si
2782 3574 2901 3641 quis
2919 3573 3173 3626 sacerdos
3193 3571 3377 3624 viuum
3394 3570 3544 3623 bibe-

1962 3670 2105 3722 ritet
2140 3668 2458 3731 evomuerit,
2486 3667 2601 3722 dies
2624 3665 2985 3735 quadraginta
3020 3678 3124 3717 non
3145 3660 3542 3724 communicet;

1963 3758 2215 3813 similiter
2251 3766 2307 3812 et
2356 3758 2676 3812 monachus.
2707 3755 2764 3810 Si
2794 3756 3104 3823 episcOpus,
3133 3752 3216 3807 vel
3264 3754 3542 3815 sacerdos,

1963 3854 2078 3907 sive
2100 3853 2362 3906 diaconus
2395 3852 2447 3903 iu
2482 3856 2763 3919 peccatum
2797 3847 3041 3901 mulieris
3073 3845 3348 3907 inciderit,
3382 3844 3547 3914 depo-

1966 3955 2149 3997 natur.
2217 3943 2273 3997 Si
2321 3944 2445 4012 quis
2485 3942 2803 3996 tractaverit
2845 3953 2968 3993 cnm
3013 3937 3122 3991 alio
3155 3944 3209 3992 et
3259 3951 3363 3989 una
3416 3950 3544 4005 pars

1966 4046 2181 4090 mortua
2228 4034 2411 4097 fuerit,
2460 4032 2703 4088 debitum
2754 4040 2977 4101 peragat
3011 4030 3202 4083 vivens
3234 4027 3317 4081 vel
3350 4042 3382 4082 a
3411 4041 3546 4082 con-

1965 4126 2171 4183 fessore
2219 4126 2476 4194 jnbeatur
2545 4139 2642 4194 per
2676 4138 2839 4176 unum
2897 4134 3097 4173 anmun
3160 4131 3269 4189 pro
3292 4117 3549 4172 defuncto

1966 4233 2155 4290 preces
2210 4216 2454 4271 fundere.
2499 4215 2601 4283 Qui
2656 4213 2946 4269 facultates
2996 4224 3122 4266 suas
3178 4208 3461 4263 effundunt
3491 4219 3550 4262 ut

1968 4320 2237 4366 tormenta
2284 4307 2565 4378 ell'ugiant,
2616 4305 2862 4359 accusari
2903 4317 3010 4356 non
3048 4302 3294 4357 debent:
3347 4300 3551 4355 malue-

1969 4411 2091 4455 runt
2126 4402 2269 4454 eiiim
2312 4413 2444 4468 opes
2500 4398 2731 4468 perdere
2779 4410 2943 4466 quam
2995 4395 3255 4457 animam,
3287 4400 3340 4448 et
3370 4392 3549 4462 lytron

280 4490 479 4562 λύτρον
505 4492 700 4563 ἀνδρὸς
743 4495 772 4545 6
803 4493 934 4555 ίδιος
976 4492 1226 4554 πλοῦτος.
1271 4492 1407 4545 Οὐδὲ
1456 4494 1569 4554 τοῖς
1610 4494 1674 4561 τῇ
1719 4493 1856 4561 φυγῇ

1972 4493 2207 4548 hominis
2232 4502 2362 4546 sunt
2410 4491 2580 4559 ipsius
2625 4488 2849 4542 divitia.
2890 4486 2968 4541 Ne
3010 4486 3107 4553 ipsi
3144 4486 3366 4554 quidem
3396 4497 3553 4537 aceti-

279 4584 384 4652 τὴν
414 4583 690 4653 σωτηρίαν
718 4583 1110 4654 πορισαμένοις
1131 4582 1279 4636 ἔστιν
1302 4582 1574 4650 ἐγκαλεῖν,
1610 4580 1712 4636 κᾶν
1744 4582 1862 4634 ἀντ’

282 4675 465 4728 αὐτῶν
495 4675 674 4746 ἕτεροι
705 4676 1138 4746 κατεσχέθησαν·
1173 4673 1439 4745 ἠδύναντο
1461 4675 1571 4744 γὰρ
1612 4675 1857 4727 κάκεῖνοι

283 4768 499 4834 φυγεῖν.
554 4765 622 4818 Ei
666 4784 748 4830 τις
790 4765 1164 4836 πρεσϐύτερος
1204 4766 1237 4836 ἢ
1274 4766 1547 4828 διάκονος,
1594 4765 1669 4825 ὡς
1699 4764 1859 4835 δῆθεν

284 4857 371 4908 ἐπ’
404 4857 712 4926 ἐγκλήματι
747 4860 840 4911 τοῦ
881 4858 1085 4911 οἰκείου
1142 4856 1508 4925 κατεγνωκὼς
1556 4856 1859 4909 ἐπισκόπου

282 4950 391 5019 πρὸ
421 4949 710 5020 συνοδικῆς
748 4951 1097 5018 διαγνώσεως
1135 4950 1345 5020 ἀποστῇ
1389 4950 1487 5019 τῆς
1546 4947 1711 5002 αὐτοῦ
1745 4965 1858 5001 κοιο

283 5042 499 5106 νωνίας,
527 5042 623 5094 καὶ
657 5044 731 5113 μὴ
760 5042 1008 5115 ἀναφέρῃ
1040 5043 1100 5094 τὸ
1126 5041 1298 5111 ὄνομα
1345 5039 1533 5105 αὐτοῦ,
1578 5040 1862 5110 καθαιρεί·

286 5138 418 5191 σθω.
480 5139 589 5190 Καὶ
643 5138 695 5191 εί
723 5155 807 5202 τις
865 5140 1164 5202 ἐπίσκοπος
1210 5137 1342 5191 αὐτὸ
1393 5136 1555 5190 τοῦτο
1601 5137 1863 5207 τολμήσει

284 5231 424 5283 κατὰ
457 5228 728 5299 τοῦ-ἰδίου
758 5229 1182 5299 μητροπολίτου,
1210 5227 1605 5299 καθαιρείσθω.
1663 5226 1861 5280 Ὡσαύ-

284 5335 391 5382 τως
427 5320 525 5372 καὶ
556 5319 610 5372 εί
632 5335 715 5382 τις
749 5319 1052 5382 ἐπίσκοπος
1084 5319 1117 5390 ἢ
1154 5319 1561 5389 μητροπολίτης
1593 5319 1734 5372 κατά
1764 5317 1859 5371 τοῦ

289 5411 625 5481 πατριάρχου
664 5410 837 5464 ταῦτα
888 5410 1174 5481 τολμήσει,
1219 5411 1319 5478 τῆς
1359 5410 1660 5481 ἱερωσύνης
1690 5408 1861 5462 παυέ-

290 5500 523 5555 σθωσαν.
556 5500 686 5553 Είδέ
714 5491 861 5563 τᾶες
888 5499 1182 5555 ἀποσ.αῖέν
1215 5519 1362 5566 τινος
1390 5503 1448 5555 οὐ
1472 5503 1559 5555 διά
1580 5501 1856 5571 πρόφασιν

286 5586 658 5659 ἐγκλήματος,
687 5588 824 5641 ἀλλά
850 5588 917 5641 δι’
945 5589 1159 5661 αἵρεσιν
1190 5591 1296 5644 ὑπὸ
1349 5590 1566 5645 συνόδου
1595 5590 1629 5661 ἢ
1686 5591 1860 5662 ἁγίων

362 5784 403 5814 ’⁸
435 5784 624 5838 Matth.
661 5801 811 5845 XWII,
854 5786 947 5841 20.

664 5880 932 5940 Ριτιιυι..
980 5883 1093 5942 (ιιι.
1145 5881 1371 5941 LXXX
1387 5882 1514 5945 ιἰι.

1969 4587 2121 4642 saudi
2164 4595 2312 4649 sunt,
2345 4584 2435 4652 qui
2466 4582 2738 4652 fugientes
2765 4570 2998 4634 salutem
3033 4578 3413 4643 obtinuerunt,
3445 4574 3550 4629 etsi

1967 4694 2154 4732 eorum
2185 4678 2304 4731 loco
2350 4676 2440 4729 alii
2485 4674 2689 4728 fuerint
2732 4670 3059 4742 deprehensi
3090 4687 3105 4724 :
3163 4670 3216 4724 hi
3247 4670 3391 4723 enim
3420 4666 3552 4722 etfu-

1966 4786 2094 4840 εει-ο
2131 4770 2459 4840 potuissent.
2534 4766 2590 4821 Si
2648 4764 2773 4833 quis
2803 4762 3058 4818 sacerdos
3105 4768 3201 4813 aut
3262 4759 3548 4818 diaconus,

1967 4876 2088 4916 cum
2141 4860 2417 4930 proprium
2483 4857 2797 4927 episcopum
2845 4855 2911 4907 de
2971 4852 3202 4905 crimine
3254 4863 3554 4904 accusave-

1971 4949 2072 5013 rit,
2107 4956 2234 5000 ante
2284 4946 2599 5017 synodicam
2653 4942 3098 5010 disquisitionem
3147 4938 3429 4993 recesserit
3484 4938 3553 4991 ab

1967 5038 2209 5106 ejusdem
2260 5034 2667 5096 communione,
2706 5046 2882 5101 neque
2917 5044 3113 5084 nomen
3164 5045 3322 5084 suum
3377 5030 3553 5082 mani-

1974 5127 2212 5192 festavit,
2256 5127 2578 5195 deponatur.
2628 5122 2686 5177 Si
2730 5123 2850 5195 quis
2885 5122 3171 5191 episcopus
3203 5121 3342 5175 idem
3392 5133 3555 5172 ausus

1974 5218 2139 5274 fuerit
2182 5229 2372 5272 contra
2414 5231 2574 5270 suum
2621 5213 3049 5284 metropolitam,
3093 5214 3423 5281 deponatur.
3465 5207 3553 5263 Si-

1973 5310 2194 5376 militer,
2252 5308 2297 5363 si
2330 5309 2617 5378 episcopus
2646 5306 2733 5361 vel
2774 5305 3116 5372 metropolita
3157 5305 3211 5358 id
3241 5312 3426 5356 contra
3457 5314 3553 5368 νο-

1975 5402 2273 5456 triarcham
2302 5399 2419 5454 ausi
2452 5398 2673 5465 fuerint,
2719 5412 2748 5451 a
2783 5411 3006 5451 munere
3051 5392 3391 5467 sacerdotali-
3414 5392 3558 5447 desi-

1970 5504 2140 5551 stant.
2181 5493 2359 5563 Siqui
2397 5502 2580 5548 autem
2621 5492 2690 5546 ab
2727 5490 2832 5545 alio
2874 5489 3210 5544 recesserint
3252 5501 3356 5541 non
3390 5499 3557 5539 accu-

1972 5588 2204 5646 sationis
2227 5596 2516 5660 praetextu,
2546 5585 2639 5643 sed
2673 5595 2893 5656 propter
2927 5583 3160 5637 heresin
3187 5595 3216 5633 ι
3253 5577 3476 5652 synodis
3500 5588 3557 5632 et

3100 5871 3207 5930 1οῧ
