4020 6204
342 264 483 328 3375
1248 264 1327 322 IN
1368 266 1472 324 SS.
1528 264 1699 324 C‘I’RI
1760 263 1851 324 ET
1906 262 2227 323 JOANNIS
2265 262 2671 327 ENCOMIUM
3452 265 3592 332 3376

345 388 625 437 auctorem
673 377 1023 432 Anastasitttn
1079 378 1517 447 suspicarentur.
1573 379 1713 435 Ecce
1755 390 1937 434 autem
1988 379 2035 432 is
2095 392 2315 448 quoque
2350 386 2534 433 textus
2575 378 2719 433 inter
2761 376 3056 435 Vaticanos
3110 376 3337 436 Latinos
3376 378 3593 436 codices

345 470 447 523 sub
480 480 708 521 numero
739 464 880 520 5410
955 466 1086 519 mihi
1124 481 1183 521 se
1220 467 1440 522 obtulit.
1478 467 1576 524 Est
1603 483 1740 523 vero
1769 468 1873 523 hoc
1905 467 2233 537 antiquioris
2276 468 2509 532 codicis,
2540 466 2608 522 de
2636 482 2747 537 quo
2775 468 2939 538 paulo
2968 475 3091 539 post
3128 466 3329 533 dicam,
3362 483 3593 538 apogra-

347 557 535 625 phum,
570 561 628 607 ut
663 554 861 624 pravia
902 551 963 606 F.
1001 552 1179 608 Pcnia
1210 556 1497 626 inscriptio
1545 556 1790 610 declarat
1824 574 1836 610 ;
1882 554 2115 611 Sanctus
2160 554 2489 626 Sophronias
2522 555 2941 625 archiepiscopus
2989 555 3500 627 Hierosolymitanus
3530 557 3594 612 de

347 643 597 697 laudibus
644 652 694 695 et
740 640 1018 695 miraculis
1050 652 1354 696 sanctorum
1399 655 1694 715 martyrum
1740 643 1868 714 Cyri
1895 652 1943 697 et
1972 642 2221 698 Joannis.
2263 642 2503 697 (labetur
2536 646 2957 713 manuscriptum
2995 646 3048 699 in
3092 646 3325 699 archivio
3360 646 3594 699 ecclesiae

343 728 401 785 S.
436 727 628 782 Maria:
658 729 713 781 in
749 728 833 781 via
878 727 992 781 lata
1030 727 1093 782 de
1128 727 1305 795 Urbe;
1340 745 1404 784 ea:
1446 748 1549 801 quo
1600 729 1924 785 Franciscus
1970 731 2141 787 Penia
2190 730 2338 786 Rata:
2386 731 2602 785 auditor
2631 731 2767 786 hunc
2810 733 3041 786 codicem
3074 732 3363 786 transcribi
3392 734 3592 796 curavi,

343 834 485 871 anno
507 815 720 885 jubilwi
754 814 913 869 I600.
944 813 1054 871 Imo
1085 826 1138 871 et
1167 817 1400 871 alterum
1430 819 1833 890 apographum,
1866 818 1961 873 sed
1996 821 2158 890 paulo
2193 820 2557 890 negligentius
2588 819 2925 885 conlectum,
2955 828 3009 874 et
3039 835 3163 873 cum
3196 818 3339 874 Petri
3368 818 3594 875 Parthe.

346 906 611 975 nopensis
640 904 886 973 ejusdem
921 904 1062 958 titttli
1097 912 1263 976 opere
1295 905 1610 971 confusum,
1640 909 1696 962 in
1731 907 2107 963 Vallicelliana
2144 908 2471 964 bibliotheca
2505 909 2852 964 observatum
2891 924 2918 961 a
2954 924 3040 961 me
3071 909 3193 962 fuit.

414 991 533 1046 Jam
589 994 727 1047 tanti
783 993 968 1062 operis
1019 995 1152 1050 visis
1204 997 1561 1066 apographis,
1602 1011 1950 1066 consequens
2002 1004 2120 1049 erat
2152 1003 2211 1048 ut
2257 995 2431 1065 ipsius
2461 996 2783 1066 autographi
2833 994 3133 1065 cupiditate
3177 1004 3414 1057 tenerer,
3448 996 3592 1066 quod

354 1092 578 1138 exstare
614 1083 666 1136 in
706 1082 953 1137 archivio
980 1083 1037 1138 S.
1072 1081 1256 1137 Maria
1280 1083 1333 1137 in
1357 1084 1441 1143 via
1471 1084 1578 1138 lata
1609 1101 1717 1139 non
1761 1101 1901 1139 unus
1930 1082 2345 1147 Peniadiccbat,
2368 1096 2554 1137 verum
2584 1082 2747 1135 etiam
2782 1081 3041 1150 Aringius
3074 1081 3165 1151 qui
3199 1079 3350 1134 Rom.
3382 1081 3593 1135 subter-

345 1187 465 1224 ran.
506 1171 601 1224 lib.
642 1186 701 1234 ιι,
747 1169 839 1232 21,
874 1170 1291 1225 translationem
1328 1171 1683 1238 reliquiarum
1731 1180 2046 1226 sanctorum
2093 1178 2392 1239 martyrum
2422 1169 2756 1222 Alexandria
2794 1167 3048 1231 Romam,
3082 1184 3149 1223 ex
3182 1170 3372 1224 eodem
3401 1170 3593 1224 codice

347 1259 403 1315 S.
445 1258 628 1313 Maria
674 1260 727 1313 in
759 1259 847 1313 via
898 1258 1005 1311 lata
1038 1260 1422 1327 transcriptam
1469 1258 1705 1329 vulgavit
1752 1275 1767 1320 ;
1808 1268 1860 1312 et
1885 1258 2119 1327 denique
2162 1252 2393 1329 magnus
2431 1257 2721 1324 Baronius,
2756 1257 2917 1326 cujus
2947 1258 3001 1311 in
3043 1258 3190 1313 notis
3220 1259 3286 1313 ad
3329 1268 3591 1330 martyre-

344 1347 550 1417 logium
581 1347 668 1400 die
696 1345 757 1400 51
786 1343 1033 1399 Januarii
1068 1345 1183 1399 hac
1224 1345 1386 1400 verba
1422 1355 1589 1401 sunt:
1652 1345 2045 1400 Translationis
2076 1345 2357 1399 historiam
2380 1355 2591 1400 exstare
2623 1344 2798 1413 {erunt
2842 1345 2895 1398 in
2926 1344 3103 1398 codice
3135 1354 3430 1414 pervetusto
3467 1346 3591 1399 dia-

344 1437 511 1490 conice
546 1433 603 1490 S.
628 1433 822 1487 Maria:
851 1433 906 1486 in
936 1434 1019 1487 via
1044 1432 1179 1487 lata.
1215 1432 1369 1488 Ilaud
1393 1434 1527 1488 vidit
1560 1448 1690 1505 ergo
1715 1434 1982 1488 Baronius
2004 1433 2271 1493 codicem,
2312 1436 2407 1487 sed
2439 1431 2596 1487 fama
2629 1433 3007 1486 tantummodo
3042 1431 3298 1486 referenti
3335 1434 3592 1488 credidit.

283 1515 289 1521 ’
348 1524 457 1595 ligo
490 1538 619 1577 vero
649 1522 731 1577 his
765 1521 1023 1591 cognitis,
1059 1530 1112 1575 et
1150 1520 1329 1576 Penia
1359 1520 1711 1589 potissimum
1742 1519 2108 1573 atlirmatione
2137 1521 2402 1585 conlisus,
2439 1529 2584 1575 recta
2612 1519 2680 1574 ad
2705 1520 3007 1574 archivium
3044 1517 3102 1574 S.
3134 1519 3317 1574 Maria
3358 1522 3591 1590 perrexi,

347 1614 400 1667 in
454 1613 612 1680 cujus
652 1627 753 1682 ego
784 1613 991 1665 urbana
1037 1610 1277 1678 parmcia
1312 1609 1536 1675 habito;
1583 1608 1731 1679 quod
1783 1606 1913 1660 mihi
1955 1621 2088 1661 sane
2112 1607 2431 1662 universum
2497 1608 2733 1676 benigne
2754 1609 3013 1662 canonici
3048 1618 3459 1674 reseraverunt;
3498 1609 3593 1664 sed

347 1703 412 1755 ad
443 1702 696 1757 codicem
730 1699 876 1771 quod
906 1700 1121 1763 attinet,
1144 1696 1343 1754 frustra
1378 1696 1453 1751 I'ui
1482 1714 1499 1762 ;
1528 1711 1756 1768 prorsus
1773 1696 1918 1751 enirn
1946 1695 2022 1750 ibi
2049 1710 2158 1749 non
2196 1703 2472 1765 comparet
2492 1712 2507 1763 ;
2527 1695 2849 1765 nullumque
2868 1711 2992 1750 esse
3018 1696 3072 1750 in
3098 1697 3236 1750 vivis
3265 1698 3595 1751 canonicum

348 1789 479 1843 mihi
512 1788 854 1842 allirmaruut
883 1786 975 1856 qui
1004 1800 1127 1841 eum
1160 1785 1277 1839 suis
1320 1785 1498 1841 oculis
1537 1785 1747 1854 uspiam
1779 1782 1976 1837 viderit
2004 1799 2019 1837 :
2050 1796 2219 1851 quare
2247 1782 2349 1851 ipsi
2391 1790 2585 1853 putant
2636 1782 2885 1837 eumdem
2922 1783 3083 1853 longo
3114 1783 3314 1838 abhinc
3352 1794 3596 1852 tempore

348 1877 519 1931 luisse
556 1877 857 1940 sublatum,
893 1874 973 1929 vel
1005 1889 1135 1928 casu
1161 1874 1343 1942 aliquo
1374 1872 1808 1943 pessumdatum.
1836 1869 2185 1924 Litterarium
2233 1870 2415 1923 hercle
2461 1870 2720 1923 damnum
2747 1884 2857 1923 non
2889 1870 3348 1924 contemnendum
3377 1872 3390 1924 ε
3416 1870 3595 1938 agitur

345 1966 491 2019 enim
525 1964 592 2018 de
627 1965 815 2019 codice
846 1962 937 2033 qui
984 1962 1086 2016 sub
1118 1960 1438 2016 Innocentio
1468 1959 1536 2013 III
1572 1974 1732 2030 papa,
1769 1974 1915 2013 anno
1962 1958 2123 2022 1204,
2155 1959 2629 2026 conscribebatur,
2663 1961 2868 2031 quique
2909 1976 3053 2014 anno
3084 1961 3467 2017 ducentesimo
3490 1979 3595 2017 no-

345 2051 631 2122 nagesimo
664 2060 862 2104 octavo
904 2062 1068 2119 supra
1103 2048 1476 2112 millesimum,
1509 2047 1613 2103 sub
1673 2046 1951 2102 Bouilacio
1981 2046 2097 2102 VIII
2131 2062 2268 2118 papa
2294 2049 2686 2101 canonicorum
2714 2048 2873 2117 jussu
2907 2048 3171 2118 religatus
3203 2058 3595 2121 reparatusque

345 2141 573 2203 dicitur,
601 2147 742 2194 teste
774 2138 973 2193 iterum
1016 2134 1196 2190 Pcniae
1235 2134 1574 2205 apographo,
1606 2133 1660 2188 in
1693 2149 1803 2204 quo
1838 2133 1950 2205 jam
1980 2151 2079 2192 nos
2118 2137 2471 2206 acquiescere
2497 2151 2724 2192 necesse
2753 2145 2858 2193 est.

416 2269 680 2338 Sequitur
712 2275 773 2320 ut
805 2265 873 2320 de
902 2264 1217 2320 narratione
1249 2264 1634 2319 translationis
1671 2265 2028 2335 reliquiarum
2081 2273 2402 2321 sanctorum
2438 2275 2739 2338 martyrum
2772 2268 2898 2338 Cyri
2918 2275 2972 2323 et
2999 2266 3232 2326 Joannis
3262 2270 3595 2327 Alexandria

344 2357 574 2411 Romam
606 2352 872 2418 dic'atur;
922 2367 1044 2422 qua
1071 2351 1294 2422 quidem
1325 2351 1570 2404 narratio
1605 2351 1658 2404 in
1701 2350 1890 2407 Graeco
1938 2354 2129 2408 codice
2169 2355 2319 2408 nulla
2349 2363 2453 2417 est,
2492 2369 2671 2424 neque
2729 2370 2851 2410 esse
2884 2358 3083 2425 potuit,
3119 2358 3215 2413 sed
3255 2358 3445 2414 Latine
3473 2376 3598 2430 per-

345 2445 554 2514 scripta
613 2448 798 2497 exstat
834 2440 889 2494 in
928 2440 1082 2494 calce
1116 2436 1323 2493 codicis
1361 2435 1419 2492 S.
1458 2437 1640 2492 Maria
1674 2439 1729 2492 in
1785 2440 1869 2492 via
1904 2440 2031 2506 lata,
2077 2440 2221 2493 unde
2269 2454 2389 2493 eam
2420 2438 2743 2511 divulgavit,
2772 2450 2832 2495 ut
2853 2442 2989 2505 dixi,
3022 2442 3306 2514 Aringius,
3339 2460 3439 2515 ego
3469 2462 3598 2500 vero

346 2540 408 2585 ut
453 2530 730 2599 cognitam
783 2536 838 2582 et
889 2543 919 2581 a
956 2526 1250 2597 Sophronii
1310 2526 1524 2580 calamo
1566 2527 1801 2580 alienam
1865 2528 2207 2595 praetermisi.
2242 2526 2486 2583 Indidem
2540 2543 2762 2599 quoque
2790 2529 3051 2585 derivata
3096 2533 3433 2587 adamussim
3469 2544 3600 2589 sunt

348 2621 613 2674 lectiones
667 2614 830 2671 oliicii
906 2613 1292 2677 ecclesiastici,
1339 2612 1405 2665 ad
1449 2612 1685 2681 priscum
1720 2629 1877 2669 usutn
1916 2615 2060 2669 illius
2086 2615 2238 2683 cleri,
2289 2630 2428 2686 quas
2458 2614 2799 2671 Martinellus
2832 2618 3026 2672 recitat
3052 2619 3156 2689 (ὁ),
3189 2617 3599 2679 Translationis

346 2718 529 2762 autem
567 2705 811 2761 narratio
861 2703 940 2759 sic
974 2703 1188 2771 incipit.
1228 2701 1571 2767 Temporibus
1602 2704 1831 2756 Honorii
1859 2713 1907 2757 et
1940 2702 2181 2765 Arcadii,
2213 2704 2305 2771 qui
2346 2702 2735 2773 religiosissimi
2780 2705 3123 2774 imperatores
3149 2707 3383 2777 fuerunt,
3415 2723 3600 2765 sancto

350 2795 659 2849 Innocentio
723 2807 863 2861 papa
889 2791 1191 2853 exsistante,
1224 2789 1654 2843 beatissimorum
1709 2800 2005 2859 martyrum
2053 2807 2275 2859 corpora
2308 2792 2442 2845 abba
2477 2791 2603 2862 Cyri
2633 2805 2682 2846 et
2720 2792 2947 2847 Joannis
3000 2810 3032 2847 a
3081 2798 3359 2851 catholicis
3394 2798 3600 2853 duobus

350 2885 645 2940 monac/tis.
677 2880 877 2933 scilicet
914 2876 1191 2933 Giimaldo
1217 2885 1266 2930 et
1314 2876 1607 2944 Arnulpho,
1665 2880 1931 2932 translata
1959 2889 2103 2943 sunt,
2145 2880 2384 2934 videlicet
2422 2879 2487 2933 ab
2527 2879 2864 2936 Alexandria
2904 2882 3118 2937 civitate
3136 2900 3298 2954 usque
3326 2885 3394 2937 ad
3420 2890 3601 2941 urbem

352 2972 595 3024 Romam.
626 2967 756 3021 Erat
789 2981 961 3020 autem
992 2967 1084 3019 illo
1120 2975 1349 3034 tempore
1376 2966 1513 3018 inter
1537 2965 1835 3019 Saracenos
1871 2976 1917 3019 et
1954 2968 2186 3022 civitatis
2229 2968 2569 3021 Alexandria
2617 2968 2820 3022 incolas
2854 2970 3113 3024 dissensio
3155 2974 3411 3038 maxima,
3444 2990 3606 3044 usque

351 3062 482 3112 adeo
518 3058 657 3128 quod
699 3056 799 3124 ipsi
837 3054 1070 3108 Barbari
1099 3069 1216 3105 cum
1251 3053 1472 3122 per/idin
1504 3070 1694 3120 magna
1725 3070 1881 3124 super
1910 3053 2247 3109 Alexandriae
2287 3054 2549 3108 civitatem
2577 3056 2962 3125 equitaverunt.
3003 3057 3195 3112 Postea
3226 3075 3344 3113 vero
3376 3062 3607 3131 undique

351 3159 460 3200 tam
490 3146 780 3199 maximam
810 3144 1103 3209 ingerentes
1133 3140 1345 3201 bellum,
1380 3143 1517 3208 quod
1552 3142 1619 3193 ad
1646 3140 1889 3195 ultimum
1929 3141 2117 3211 procul
2144 3142 2304 3196 dubio
2339 3153 2585 3210 superata
2613 3152 2711 3196 est.
2778 3142 2962 3214 Pergit
2993 3146 3195 3200 relator
3227 3147 3429 3209 dicere,
3459 3150 3605 3217 quod

352 3234 532 3287 sancti
592 3244 858 3301 martyres
911 3230 1185 3298 pia-dictis
1234 3226 1518 3281 monachis
1565 3242 1659 3296 per
1709 3230 1983 3283 somnium
2019 3236 2365 3299 apparentes,
2405 3230 2790 3299 imperaverint
2834 3240 2892 3284 ut
2930 3248 3060 3286 suas
3091 3221 3353 3303 r’eliquias
3378 3234 3607 3290 Romam

353 3322 737 3379 trait-ferrent,
766 3332 833 3371 ne
862 3330 958 3371 eas
978 3314 1204 3370 Barbari
1227 3322 1387 3384 capta
1420 3328 1546 3368 mox
1573 3315 1930 3383 Alexandria,
1953 3316 2187 3371 ﬂammis
2215 3326 2529 3371 exurerent.
2555 3315 2658 3370 Cui
2693 3319 2901 3372 monito
2934 3321 3190 3375 monachi
3220 3322 3607 3392 obtemperan-

355 3422 434 3464 tes
484 3412 762 3464 beatorum
814 3406 1057 3459 virorum
1104 3418 1337 3474 corpora
1387 3401 1615 3458 Romam
1668 3406 2093 3470 transtulerunt,
2137 3412 2192 3459 et
2220 3404 2618 3459 deducentibus
2672 3420 2925 3476 pompam
2964 3405 3284 3464 Innocentio
3321 3425 3458 3480 papa
3483 3427 3606 3465 cum

352 3496 732 3553 cardinalibus
774 3501 939 3562 atque
976 3491 1239 3561 pralatis,
1273 3491 1461 3545 eadem
1493 3492 1868 3561 deposuerunt
1899 3493 1953 3547 in
1992 3506 2151 3548 sacra
2175 3492 2269 3547 illa
2300 3490 2359 3546 S.
2417 3491 2675 3549 Praxedis
2703 3494 2842 3560 ade,
2868 3510 2993 3565 qua
3025 3496 3077 3550 in
3110 3498 3331 3567 regione
3361 3497 3610 3553 Transti-

357 3586 566 3651 Jlelilla,
611 3583 695 3637 via
744 3579 1059 3645 Portueusi,
1098 3580 1201 3632 sita
1250 3587 1354 3633 est.
1381 3578 1493 3647 Age
1539 3594 1669 3636 vero
1695 3579 1821 3648 quis
1864 3579 2118 3649 protinus
2155 3594 2265 3634 non
2298 3579 2546 3650 agnoscit
2585 3595 2837 3635 crassum
2883 3583 3138 3639 relatoris
3170 3600 3435 3646 errorem.
3461 3589 3609 3641 ornni

352 3691 663 3750 temporum
725 3675 954 3733 scientia
1011 3674 1292 3740 destituti,
1354 3674 1651 3731 scribentis
1701 3676 1916 3730 scilicet
1968 3676 2327 3746 imperatores
2363 3675 2677 3740 Honorium
2708 3686 2762 3732 et
2795 3676 3087 3734 Arcadium
3121 3695 3220 3750 pro
3251 3679 3526 3745 Heraclio,
3558 3693 3611 3735 ct

356 3767 738 3825 Innocentium
765 3778 959 3836 papam
999 3776 1098 3832 pro
1125 3760 1420 3816 Ilonorio?
1453 3761 1664 3817 Etenim
1706 3764 1810 3818 sub
1847 3762 2161 3820 Casaribus
2189 3764 2452 3820 fratribus
2490 3773 2656 3835 atque
2685 3764 3009 3822 Innocentio
3058 3769 3207 3824 nulla
3239 3769 3345 3823 l‘uit
3382 3785 3411 3822 a
3445 3771 3610 3823 Sara—

356 3859 510 3913 cenis
550 3855 769 3928 Egypti
806 3854 1119 3923 occupatio,
1174 3853 1270 3908 sed
1305 3868 1371 3908 ea
1400 3852 1620 3907 demum
1652 3852 1886 3923 contigit
1938 3865 2084 3906 anno
2115 3850 2352 3905 Heraclii
2382 3851 2474 3914 25,
2502 3851 2731 3906 Honorii
2781 3869 2933 3924 papa
2964 3869 3133 3920 nono,
3161 3855 3367 3911 Christi
3398 3856 3523 3920 654,
3552 3865 3610 3909 ut

355 3947 627 4001 Baronius
658 3945 863 4014 aliique
881 3942 1201 3997 ostendunt.
1226 3939 1495 3996 Praterea
1526 3956 1636 4011 quo
1665 3947 1913 4011 tempore
1944 3937 2332 3994 conscribebat
2357 3937 2697 4008 Sepbronius
2720 3940 3003 3994 historiam
3036 3957 3191 3997 suam
3223 3942 3442 4013 (nempe
3471 3945 3611 3998 intra
3678 3940 3685 3945 ’

358 4051 531 4092 annos
551 4035 657 4091 (illi
675 4043 728 4091 et
743 4032 869 4099 620,
890 4040 949 4086 ut
973 4031 1239 4087 miraculo
1259 4047 1347 4085 vnt
1369 4030 1781 4093 demonstrabo)
1803 4042 2033 4100 corpora
2056 4028 2177 4081 sine
2196 4027 2363 4082 dubio
2380 4028 2506 4099 Cyri
2523 4036 2575 4082 et
2592 4026 2819 4085 Joannis
2837 4030 2892 4084 in
2912 4031 3115 4101 templo
3137 4047 3237 4086 suo
3258 4033 3401 4103 apud
3426 4033 3612 4086 lienu-

359 4129 506 4179 them
531 4125 583 4178 in
608 4120 956 4177 Alexandriae
975 4120 1176 4175 vicinia
1198 4119 1573 4188 quiescebant,
1602 4124 1656 4173 et
1689 4118 1857 4172 totius
1885 4116 2035 4171 orbis
2069 4129 2341 4170 concursu
2371 4115 2714 4180 colebantur,
2748 4124 2807 4169 ut
2837 4118 3044 4172 centies
3081 4115 3427 4189 Sophronius
3456 4120 3613 4175 dicit.

360 4213 624 4283 Superest
654 4210 844 4280 igitur,
885 4217 945 4262 ut
974 4206 1127 4275 gravi
1171 4205 1463 4261 emendato
1518 4204 1693 4259 Latini
1725 4204 1974 4259 relatoris
2006 4217 2214 4270 errore,
2247 4204 2663 4259 translationem
2698 4204 2847 4259 illam
2883 4207 3086 4259 sacqu
3116 4206 3321 4263 Christi
3357 4208 3614 4279 septimo,

359 4302 465 4356 sub
494 4302 666 4369 ipsam
700 4296 1049 4352 Alexandria
1080 4292 1476 4364 captivitatem,
1506 4308 1652 4347 anno
1687 4293 1912 4347 circiter
1960 4289 2193 4346 Heraclii
2227 4290 2320 4356 25,
2353 4304 2383 4343 a
2419 4289 2700 4345 Grimaldo
2743 4295 2865 4359 (seu
2899 4292 3246 4364 Grimoaldo)
3279 4303 3333 4350 et
3374 4295 3638 4349 Arnullb‘

360 4388 646 4443 monachis
675 4385 878 4439 factam
911 4380 1225 4437 credamus.
1258 4378 1394 4433 Nam
1435 4390 1485 4434 et
1529 4378 1830 4434 Grimoaldi
1866 4392 2065 4434 nomen
2106 4379 2253 4433 circa
2287 4378 2338 4433 id
2380 4385 2595 4449 tempus
2626 4378 2695 4434 de
2721 4379 2958 4434 militum
2989 4382 3224 4437 ducibus
3248 4385 3618 4455 principibus-

361 4493 469 4546 que
509 4490 619 4528 non
651 4476 822 4529 semel
852 4470 1075 4541 legitur.
1116 4468 1281 4525 Certe
1327 4466 1549 4538 quidem
1586 4467 1655 4523 de
1699 4475 2018 4523 sanctorum
2050 4481 2345 4537 corporum
2396 4481 2463 4520 ex
2502 4464 2739 4538 (Egypto
2769 4466 3001 4522 Romam
3034 4471 3420 4537 translatione,
3454 4472 3619 4526 mini-

364 4581 450 4619 me
499 4571 583 4618 est
631 4560 1019 4616 dubitandum.
1080 4557 1293 4613 Etenim
1346 4567 1400 4614 et
1449 4557 1695 4612 Joannes
1741 4557 2007 4611 diaconus
2063 4553 2168 4610 Vit.
2204 4553 2264 4610 S.
2318 4551 2472 4625 Greg.
2504 4553 2584 4610 ll.
2631 4557 2725 4609 lib.
2761 4571 2839 4620 tv,
2868 4555 2959 4618 9t,
2992 4557 3277 4613 basilicam
3299 4557 3618 4614 Tilierinam

364 4659 631 4705 memorat
670 4650 773 4703 SS.
803 4647 933 4719 Cyri
968 4657 1022 4702 et
1044 4644 1273 4701 Joannis
1302 4650 1407 4701 sub
1443 4644 1733 4700 Benedicto
1760 4644 1873 4716 (ll),
1899 4645 2181 4715 pontiﬁce,
2212 4644 2418 4700 saculo
2448 4644 2681 4713 septimo
2706 4660 2725 4710 ;
2770 4652 2825 4699 et
2856 4644 2946 4698 illa
2972 4648 3164 4715 reapse
3188 4655 3439 4717 superest
3466 4655 3621 4701 trans

365 4740 607 4793 'l'dn-rim
634 4753 788 4793 sacra
823 4736 1054 4792 aedicula
1079 4734 1138 4790 S.
1164 4733 1447 4801 I’raxedis,
1472 4748 1633 4804 quam
1674 4740 1845 4801 supra
1884 4736 2206 4797 memoravi,
2234 4746 2512 4801 quamque
2541 4739 2758 4800 egomet
2788 4747 2961 4802 nuper
2989 4733 3121 4797 adii,
3149 4733 3327 4789 vineis
3359 4734 3619 4799 obsitam,

363 4839 415 4879 ιιι
450 4827 602 4881 cultu
641 4838 875 4894 paupere
905 4824 1230 4877 instructam
1260 4839 1276 4889 ;
1309 4821 1468 4892 cujus
1494 4822 1548 4875 in
1577 4821 1845 4892 Itypogco,
1876 4827 2000 4891 post
2037 4819 2238 4875 ostium
2270 4819 2480 4887 jamdiu
2520 4833 2678 4873 muro
2714 4820 3083 4883 ohstructum,
3107 4821 3351 4891 picturas
3375 4839 3405 4875 a
3434 4821 3624 4876 Marti-

366 4918 515 4971 ιιι-ιιι»
551 4916 657 4970 ioc.
692 4916 791 4969 cit.
846 4913 1159 4983 descriptas
1210 4919 1466 4983 spectare
1528 4924 1675 4964 nunc
1710 4907 1991 4974 nonlicet,
2015 4908 2127 4961 imo
2186 4924 2281 4962 cas
2315 4908 2537 4961 madore
2600 4922 2664 4961 ac
2687 4908 2795 4961 situ
2827 4906 3034 4964 deletas
3058 4911 3315 4980 suspicor
3346 4931 3358 4965 :
3387 4919 3626 4966 attamen

369 5022 463 5076 per
514 5003 811 5060 fenestram
862 5002 1218 5073 cpigraphem
1254 5001 1434 5055 adhuc
1485 4999 1846 5069 introspicere
1892 4996 2065 5067 potui,
2107 4996 2306 5064 priscis
2364 4997 2564 5051 litteris
2621 4998 2883 5051 marmori
2915 4998 3172 5064 incisam,
3206 5009 3259 5055 et
3289 5001 3629 5072 antiquariis

367 5110 476 5148 non
513 5094 868 5162 incognitam,
903 5107 1024 5161 qua:
1056 5091 1130 5143 ita
1159 5105 1218 5143 se
1244 5088 1406 5142 habet
1437 5105 1451 5141 ε

498 5182 503 5193 ’
1243 5182 1479 5249 Corpora
1511 5189 1700 5233 sancta
1740 5177 1868 5249 Cyri
1914 5177 2133 5231 renitent
2165 5176 2248 5228 hic
2274 5184 2426 5244 atque
2445 5174 2697 5239 Joannis,

1238 5268 1367 5334 Qua:
1402 5267 1664 5339 quondam
1707 5266 1888 5321 Roma:
1925 5264 2068 5320 dedit
2097 5265 2424 5318 Alexandria
2468 5280 2681 5333 magna.

427 5389 631 5449 Prater
672 5390 937 5444 hactenus
978 5392 1338 5441 memoratam
1379 5393 1696 5440 sanctorum
1750 5393 2052 5453 martyrum
2098 5381 2363 5448 integram
2409 5379 2852 5448 historiam,qua
2885 5377 3071 5434 Graec
3120 5382 3174 5435 in
3203 5383 3392 5437 codice
3425 5383 3640 5453 Crypta

371 5477 875 5544 Fcrrata,Latine
932 5483 1113 5531 autem
1160 5474 1216 5528 in
1272 5473 1568 5544 exemplari
1629 5470 1686 5525 S.
1732 5469 1917 5525 Maria
1958 5471 2014 5524 in
2069 5470 2155 5521 via
2222 5466 2351 5521 Lata
2417 5474 2737 5521 conservata
2793 5476 2922 5533 est;
2980 5469 3083 5523 alia
3140 5470 3364 5541 insuper
3417 5470 3643 5528 exstite.

1937 5602 2175 5691 Noras.

448 5740 520 5810 (ιι)
556 5738 738 5794 Primo
766 5734 930 5805 trofeo
952 5734 1093 5789 delia
1126 5732 1295 5788 Santa
1324 5706 1517 5799 (Iron;
1547 5737 1711 5783 crctto
1748 5728 1798 5780 in
1831 5724 1995 5779 {tanta
2030 5724 2169 5779 nclla
2206 5723 2289 5777 via
2325 5703 2499 5789 Lata,
2520 5736 2571 5791 p.
2609 5723 2662 5777 3.
