4020 6204
428 420 568 485 3377
1596 420 1883 495 ANGELI
1924 421 2015 479 MA

2149 422 2563 486 PR/EFATIO.
2588 440 2625 459 ‘
3554 421 3692 486 3378

430 540 562 587 runt
630 531 786 603 quasi
848 530 1031 601 operis
1087 528 1407 600 compendia
1461 536 1555 584 aut
1600 540 1894 602 excerpta,
1943 532 2110 587 veluti
2178 533 2311 587 illud
2362 549 2470 588 non
2520 535 2592 588 ita
2634 533 2799 589 breve
2853 547 2978 587 cum
3037 533 3321 586 miraculis
3382 532 3691 599 quindecim

431 619 501 674 ab
559 619 776 675 Othone
836 616 986 690 Zylio
1038 617 1334 673 Latinitate
1390 618 1694 683 donatum,
1743 627 1799 674 et
1851 619 1904 673 in
1963 618 2336 677 Bollandianis
2399 620 2718 675 Sanctorum
2783 620 2970 687 Actis,
3002 628 3041 674 t.
3092 621 3131 673 ll
3166 618 3412 674 Januarii
3462 623 3691 676 editum.

433 714 560 768 Item
599 723 659 769 ut
697 714 808 784 jam
836 715 950 770 dixi
976 712 1124 769 Petri
1168 713 1632 784 Parthenopensis
1671 716 1963 784 scriptum,
1996 716 2142 786 quod
2178 717 2232 771 in
2261 728 2526 786 sequente
2561 716 2839 770 volumine
2865 716 3290 786 imprimcndum
3323 716 3641 769 curavimus
3678 733 3692 769 :

433 803 526 870 qui
561 812 743 856 tamen
779 810 994 866 auctor,
1013 803 1117 859 etsi
1138 802 1468 858 duodecimo
1498 801 1701 857 Christi
1737 803 1939 858 sarculo
1962 805 2247 860 desinente
2281 806 2362 859 vel
2390 807 2644 875 proximo
2677 804 2972 873 incipiente
2998 802 3242 871 scripsit,
3276 803 3694 857 translationi-tn

434 906 718 945 sacrorum
758 907 1051 960 corporum
1096 894 1274 948 adhuc
1313 892 1618 959 ignorabat.
1663 892 1754 947 Est
1799 908 1995 948 rursus
2038 903 2355 947 sanctorum
2398 902 2694 963 martyrum
2726 891 2941 945 diversa
2989 893 3169 960 passio
3205 891 3259 945 in
3293 892 3481 946 codice
3514 904 3690 946 vetere

438 977 494 1031 S.
526 978 708 1033 Maria:
735 981 801 1034 ad
830 979 1096 1051 Martyres
1116 1021 1131 1046 ,
1157 994 1303 1034 nunc
1323 977 1609 1034 Vaticano.
1648 978 1892 1049 Denique
1919 987 1975 1034 et
2004 980 2110 1033 alia
2142 987 2440 1049 martyrum
2475 979 2666 1032 horum
2694 978 2828 1031 Acta
2856 975 3043 1032 Graece
3069 988 3121 1032 et
3149 978 3340 1034 Latine
3362 979 3413 1032 iu
3444 976 3566 1032 Vat.
3600 995 3693 1033 co-

437 1065 653 1120 dicibus
689 1068 865 1135 legere
908 1068 1129 1121 memini
1152 1107 1168 1131 ,
1199 1083 1322 1137 quae
1357 1067 1541 1121 omnia
1581 1082 1647 1122 ex
1685 1066 2081 1136 Sophronianis
2117 1065 2362 1120 fontibus
2396 1064 2641 1119 derivata
2676 1063 2948 1120 videntur;

507 1152 911 1223 Exspectahant
953 1154 1191 1217 fortasse
1216 1155 1451 1210 lectores
1481 1155 1599 1210 sive
1626 1155 1695 1209 de
1731 1153 1921 1209 Graeco
1950 1161 2100 1208 textu
2132 1154 2249 1209 sive
2292 1153 2359 1207 de
2387 1151 2583 1206 Latino
2601 1152 2869 1222 judicium
2910 1163 3180 1220 nostrum,
3213 1152 3358 1224 quod
3394 1163 3574 1209 tamen
3629 1155 3697 1210 ab

437 1240 648 1296 editore
677 1243 907 1310 proferri
947 1243 1172 1297 minime
1206 1250 1443 1311 oportet,
1479 1249 1769 1312 postquam
1802 1258 1890 1297 res
1921 1242 2037 1311 ipsa
2072 1242 2127 1297 in
2163 1242 2381 1312 publico
2411 1242 2615 1295 lumine
2639 1242 2884 1311 exposita
2913 1250 3016 1297 est.
3053 1240 3270 1297 Utinam
3302 1249 3450 1296 certe
3498 1244 3696 1297 melior

442 1327 753 1397 Sophronia
806 1336 900 1382 aut
937 1329 1155 1397 politior
1204 1329 1480 1398 interpres
1514 1329 1848 1399 obtigisset!
1902 1328 2115 1410 Etenim
2150 1338 2261 1383 tam
2304 1327 2639 1392 Bonifacius,
2684 1344 2846 1398 quam
2884 1329 2998 1397 ipse
3050 1330 3377 1384 Anastasius
3432 1328 3692 1398 impedita

443 1416 760 1480 admodum,
810 1417 1148 1471 subobscura
1199 1426 1253 1471 et
1285 1416 1557 1472 interdum
1591 1417 1967 1472 scmibarbara
2015 1417 2294 1471 locutione
2331 1416 2523 1469 fluunt.
2550 1414 2750 1480 Neuter
2784 1417 2971 1485 utique
3001 1414 3246 1470 Graecam
3280 1416 3519 1486 linguam
3585 1431 3696 1471 non

443 1508 626 1569 callet,
659 1506 767 1559 imo
800 1506 981 1560 verbis
1015 1516 1246 1575 uterque
1276 1508 1717 1576 pressdiusistit.
1758 1522 2071 1577 quanquam
2108 1507 2280 1577 ipsam
2319 1522 2581 1562 sensuum
2613 1507 2906 1579 genuinam
2932 1508 3037 1561 vim
3074 1506 3216 1560 hattd
3251 1521 3377 1562 raro
3428 1508 3513 1563 vel
3539 1507 3695 1577 igno-

444 1603 525 1647 rat
549 1593 631 1648 vel
668 1595 948 1663 peryertit,
980 1602 1033 1649 et
1059 1595 1208 1648 omni
1238 1610 1456 1665 semper
1484 1595 1672 1664 lepore
1707 1604 1878 1649 caret.
1913 1595 2025 1665 Ego
2052 1609 2182 1649 vero
2213 1595 2343 1665 quid
2393 1594 2647 1665 agerem?
2687 1594 2951 1649 Mauusne
3008 1603 3118 1648 tam
3150 1594 3348 1665 priscis
3381 1596 3696 1665 interpreti-

446 1681 548 1734 bus
588 1681 668 1734 vel
696 1681 936 1735 medicas
965 1683 1047 1735 vel
1073 1682 1340 1736 violentas
1375 1682 1657 1748 inferrem,
1686 1689 1745 1735 ιιι
1777 1697 1874 1737 eos
1898 1684 2252 1751 corrigercm,
2277 1682 2573 1748 variarent,
2599 1683 2985 1751 interpolarent
3010 1684 3034 1737 7
3062 1683 3286 1740 Minime
3310 1685 3577 1754 gentium.
3612 1688 3695 1738 Au

445 1769 673 1822 omnino
722 1771 870 1837 ipsos
920 1768 1229 1823 outitterem
1265 1768 1347 1823 vel
1381 1769 1699 1839 abjicerem,
1736 1785 2053 1839 novumque
2098 1778 2308 1826 textum
2346 1783 2443 1839 pro
2496 1770 2665 1824 nostri
2698 1771 2885 1824 saeculi
2917 1778 3084 1840 gustu
3121 1769 3449 1828 adornarem
3481 1773 3504 1825 7
3533 1772 3611 1827 Ne
3638 1770 3693 1826 id

448 1858 665 1924 quidem
713 1857 842 1911 mitti
876 1856 1194 1925 persuaderi
1232 1870 1429 1923 passus
1475 1872 1596 1911 sum
1627 1897 1641 1919 ,
1685 1863 1744 1910 ut
1794 1858 2129 1913 neotericam
2176 1858 2385 1913 scilicet
2420 1857 2951 1927 interpretationem,
2979 1859 3333 1928 quantumvis
3366 1859 3600 1915 lucidam
3632 1878 3697 1916 ac

451 1946 783 2013 politiorem,
844 1945 931 1999 his
971 1959 1092 2013 qua:
1122 1947 1412 1999 vetustatis
1446 1938 1772 1999 auctoritate
1819 1951 1910 1999 aut
1960 1944 2142 2001 colore
2176 1947 2631 2002 commendantur
2678 1945 3010 2015 praeferrem.
3045 1946 3186 2002 Ecce
3222 1949 3365 2003 enim
3394 1986 3411 2013 ,
3466 1949 3694 2003 vetustis

451 2031 686 2086 testibus
724 2032 796 2085 ita
828 2046 858 2085 a
894 2046 980 2087 me
1015 2032 1383 2098 conservatis,
1423 2041 1533 2088 tres
1582 2032 1748 2087 veluti
1798 2046 1899 2102 pro
1943 2048 2055 2088 uno
2097 2034 2362 2089 habemus
2405 2040 2679 2099 auctores,
2713 2031 3106 2105 Sophronium,
3157 2033 3497 2090 Bonifacium
3530 2045 3694 2108 atque

442 2119 813 2175 Anastasium.
3672 2128 3693 2147 ‘

516 2206 779 2271 Quamvis
826 2215 1007 2259 autem
1056 2204 1350 2276 Sophronii
1403 2206 1674 2276 scriptum
1712 2206 1962 2261 historici
2016 2204 2234 2275 generis
2275 2203 2367 2267 sit,
2402 2212 2641 2258 attamen
2672 2219 2739 2259 ne
2760 2205 3073 2272 dogmatica
3110 2204 3330 2274 quidem
3366 2205 3607 2260 utilitate
3636 2215 3691 2261 et

443 2295 709 2364 gravitate
763 2303 934 2349 caret.
972 2291 1105 2346 Nam
1135 2294 1419 2349 miraculis
1471 2310 1658 2361 xxxvi,
1694 2311 1899 2358 xxxvii,
1937 2308 2127 2354 χλιιι,
2172 2292 2420 2361 corporis
2451 2291 2663 2346 Domini
2695 2293 2748 2346 in
2788 2291 3135 2346 Eucharistia
3172 2293 3522 2362 praesentiam
3553 2309 3690 2348 con-

442 2394 652 2439 stanter
680 2382 910 2437 allirmat
944 2402 958 2437 :
993 2384 1046 2436 in
1072 2384 1329 2453 liturgico
1360 2384 1770 2439 Commentario
1815 2381 2301 2437 commutationem
2333 2396 2552 2450 quoque
2592 2397 2687 2435 seu
2738 2382 3411 2447 transsubstantiationcm
3448 2382 3606 2452 panis
3626 2397 3690 2436 ac

386 2527 397 2539 μ
441 2473 550 2524 vini
589 2472 642 2524 in
674 2485 878 2539 corpus
910 2486 975 2525 ac
1005 2472 1327 2539 sanguinem
1361 2470 1574 2524 Domini
1606 2471 1831 2525 disertis
1863 2470 1973 2524 veri

2101 2469 2238 2523 :dicit
2279 2486 2294 2521 :
2341 2470 2546 2538 Μηδεὶς
2577 2468 2803 2523 δοκείτω
2836 2469 3105 2523 ἀντίτυπα
3143 2465 3283 2523 εἶναι
3318 2471 3387 2524 τὰ
3429 2471 3563 2539 ἅγια.
3593 2472 3688 2525 τοῦ

444 2558 694 2629 σώματος
728 2561 822 2611 καὶ
862 2560 1093 2626 αἵματος
1122 2558 1216 2611 τοῦ
1250 2557 1510 2629 Χριστοῦ,
1541 2557 1678 2610 ἀλλὰ
1703 2558 1792 2610 τὸν
1822 2557 1988 2626 ἄρτον
2028 2560 2120 2610 καὶ
2147 2558 2238 2611 τὸν
2268 2554 2409 2610 οἶνον
2437 2555 2741 2609 πιστευέτω
2777 2557 3222 2627 προσφερόμενον
3252 2557 3689 2628 μεταϐάλλεσθαι

441 2651 521 2711 εἰς
561 2648 720 2714 σῶμα
763 2648 856 2700 καὶ
892 2641 1031 2715 αἷμα
1064 2644 1322 2716 Χριστοῦ.
1357 2645 1512 2711 Quod
1538 2647 1572 2699 ii
1601 2646 1756 2699 velim
1785 2645 2024 2715 lucretici

2101 2645 2436 2711 onsiderent,
2463 2645 2556 2713 qui
2590 2644 2837 2713 publicas
2864 2660 3085 2714 quoque
3114 2660 3307 2714 pinnas
3346 2646 3464 2701 suis
3492 2647 3688 2701 edictis

441 2751 504 2788 ac
555 2737 765 2806 legibus
803 2737 1064 2788 adversus
1094 2735 1397 2788 catholicos
1451 2735 2090 2790 transsubstantiationis
2119 2742 2425 2787 assertores
2466 2732 2765 2786 decernere
2819 2747 2927 2785 non
2962 2741 3092 2788 sunt
3125 2732 3313 2786 veriti.
3339 2730 3606 2787 Prmterea
3634 2734 3687 2787 in

441 2823 628 2877 multis
686 2823 972 2875 miraculis
1021 2828 1302 2890 oppugnat
1336 2821 1682 2890 Sophronias
1740 2821 1989 2891 diversos
2042 2829 2349 2891 temporum
2406 2833 2632 2874 suorum
2683 2819 2989 2884 haereticos,
3041 2818 3375 2876 Severianos
3401 2821 3687 2882 nimirum,

441 2908 785 2970 Julianistas.
830 2908 1268 2972 Theodosianos,
1303 2910 1538 2962 fatorqu
1568 2908 1977 2972 observatores,
2005 2909 2278 2972 ethnicos,
2309 2906 2685 2976 blasphemos,
2722 2906 2934 2969 atheos,
2979 2922 3175 2976 nempe
3208 2908 3475 2962 miraculo
3505 2921 3607 2973 xu,
3636 2916 3691 2962 et

442 3011 472 3049 a
506 2996 769 3050 miraculo
802 2996 973 3050 ferme
1002 3010 1172 3049 xxvnt
1214 3010 1391 3068 usque
1422 2996 1487 3047 ad
1523 3012 1707 3050 χχχιι.
1734 2994 1922 3065 Neque
1947 2996 2109 3050 laude
2137 3003 2328 3050 carent
2372 2986 2723 3058 eruditionis,
2757 3009 2879 3063 quae
2905 3010 2970 3049 ex
3002 2992 3313 3065 Porphyrio
3340 2994 3500 3047 initio
3525 2994 3691 3047 mira-

440 3085 552 3139 culi
583 3099 735 3145 xxxi,
773 3085 967 3137 reeitat
1001 3099 1016 3147 ;
1050 3083 1181 3137 item
1225 3097 1347 3153 quas
1398 3083 1665 3137 miraculo
1703 3098 1814 3148 Liv,
1843 3083 1910 3137 de
1944 3087 2211 3139 Damasco
2236 3083 2466 3152 ejusque
2490 3080 2704 3135 civibus
2731 3080 2936 3143 doctis.
2963 3096 3026 3135 ac
3051 3082 3399 3152 potissimum
3438 3080 3506 3135 de
3530 3079 3692 3134 Nico-

442 3172 543 3226 lais
587 3172 745 3225 dicit.
785 3170 1029 3237 llenique
1062 3170 1436 3237 Sonitrontum
1470 3170 1705 3225 lectores
1736 3181 2120 3240 pervenustum
2149 3185 2368 3241 quoque
2408 3178 2629 3239 poetam
2659 3184 2724 3224 ex
2765 3169 2887 3239 ejus
2916 3170 3267 3239 longiusculo
3293 3170 3693 3239 epigrammate

440 3266 586 3329 post,
613 3255 818 3312 Laudes
843 3258 893 3311 in
926 3255 1031 3313 SS.
1049 3255 1248 3330 Cyrum
1278 3266 1327 3312 et
1359 3254 1622 3312 Joannem
1651 3258 1930 3328 multoque
1953 3260 2128 3331 magis
2150 3274 2215 3315 ex
2236 3258 2459 3315 mellitis
2484 3257 2732 3327 ejusdem
2761 3257 2907 3315 infra
2929 3258 3327 3315 Auacrconteis
3363 3257 3690 3331 intelligent.
