4010 6208
425 198 560 269 3381

1375 203 1672 267 LAUDES
1700 204 1782 267 IN
1817 205 1920 266 SS.
1950 204 2213 266 CYRUM
2243 208 2338 268 ET
2367 208 2742 270 JOANNEM.

3548 208 3689 274 3382

425 312 688 377 τες,”οσα
711 311 903 365 εἴπατε
928 309 1074 382 ὲντῷ
1098 312 1351 384 κρυπτῷ,
1387 316 1445 368 ὲν
1470 315 1543 386 τῷ
1573 317 1711 385 φωτὶ
1743 315 2012 385 ἀκουσθή-

2121 317 2242 374 ritis
2291 319 2344 373 in
2389 320 2627 386 occulto,
2677 316 2974 382 audientur
3022 317 3073 370 in
3119 314 3359 380 lumine;
3395 321 3600 383 etquae
3634 319 3684 367 in

423 422 610 458 σεταιο
649 405 744 457 καὶ
765 404 792 457 δ
827 403 960 476 πρὸς
989 404 1050 458 τὸ
1079 401 1174 468 οὖς
1219 407 1512 475 ἠκούσατε,
1563 411 1654 462 ἐπὶ
1687 411 1794 463 τῶν
1819 411 2006 476 δωμά-

419 514 530 550 των
553 496 825 566 κηρύξατε
849 512 864 526 ο
900 497 994 550 καὶ
1021 497 1130 550 τῶν
1153 499 1440 570 μακαρίων
1471 503 1785 555 ἀποστόλων
1809 503 1866 554 ἐν
1888 505 2008 566 ταῖς

421 591 717 656 Πράξεσιν.
750 589 888 656 πρὸς
919 589 1045 651 τούς
1089 592 1248 661 σιγᾷν
1282 593 1465 655 αὐτοῖς
1495 595 1892 664 ἐπιτρέποντας
1920 597 2008 648 λε-

421 680 648 748 γόντων,
684 700 701 732 ι
741 681 829 742 Ὠς
855 683 1014 751 ἡμεῖς
1043 683 1103 734 οὐ
1136 683 1414 751 δυνάμεθα
1438 683 1473 737 ἃ
1497 684 1680 754 ἴδομεν
1713 685 1809 738 καὶ
1839 687 2008 755 ὴκού-

426 790 599 839 σαμεν
627 773 700 842 μὴ
724 772 925 826 λαλεῖν.
962 793 980 824 ι
1010 775 1103 827 Διδ
1158 776 1250 827 καὶ
1293 775 1452 845 ἡμεῖς
1498 776 1642 846 ζήλῳ
1691 774 2008 849 θερμοτέρῳ

424 865 704 932 καιόμενοι
733 865 870 936 πρὸς
895 866 991 936 τὴν
1029 866 1186 934 σορὸν
1213 866 1317 919 τῶν
1349 868 1521 934 ἀγίων
1539 869 1847 940 ἐδράμομεν
1867 887 1880 901 ο
1917 872 2010 923 καὶ

428 959 687 1028 πεσόντες
720 957 961 1018 εὐσεσῶς
986 957 1076 1010 ἐπὶ
1103 959 1395 1027 πρόσωπον
1424 961 1699 1031 ὁλοψύχως
1721 963 2008 1031 ηὐξάμεθα

421 1050 496 1113 ὡς
537 1049 636 1120 ἤδη
665 1051 722 1101 ὲν
777 1051 908 1120 ἡμῖν
964 1051 1349 1120 ὐπουργοῦσαν
1380 1053 1476 1124 τὴν
1505 1055 1716 1125 ὅρασιν,
1756 1057 2010 1126 περὶτῆς

427 1141 605 1194 αὐτῶν
639 1138 923 1210 ἀθλήσεως
969 1141 1346 1213 ὲντελέστερον
1401 1144 1721 1215 γράψωμεν,
1759 1147 1854 1198 καὶ
1881 1146 2010 1217 περὶ

425 1231 534 1285 τῶν
567 1231 701 1303 πρὸς
749 1233 930 1285 αὐτῶν
981 1233 1279 1302 γινομένων
1310 1233 1606 1305 θαυμάτων
1638 1235 2006 1306 συντάξωμεν,

429 1322 800 1394 συνεργούσης
837 1326 971 1392 ἡμῖν
1004 1325 1140 1396 πρὸς
1170 1325 1263 1379 τὸν
1295 1327 1542 1396 κάματον
1593 1330 1692 1395 τῆς
1724 1326 1875 1391 Θείας
1910 1327 2009 1380 αὐ-

424 1417 534 1470 τῶν
556 1418 780 1487 χάριτος
821 1418 914 1470 καὶ
959 1418 1242 1487 δυνάμεως
1262 1437 1274 1450 ·
1321 1419 1462 1490 ὑπὲρ
1497 1412 1570 1472 ὧν
1596 1421 1757 1490 ἡμεῖς
1785 1419 2012 1490 ἠϐουλό-

429 1510 570 1580 μεθα
593 1510 809 1580 γραφὴν
837 1510 934 1580 τὴν
966 1511 1248 1582 παροῦσαν
1279 1511 1609 1582 ποιήσασθαι
1639 1530 1651 1543 ο
1681 1513 1778 1583 τὴν
1805 1514 2008 1566 Ἀνναν

425 1602 520 1656 ἐπὶ
551 1604 614 1672 τῇ
649 1602 962 1668 προσενέξει
1011 1604 1266 1676 Σαμουὴλ
1293 1605 1385 1657 τοῦ
1422 1607 1704 1675 προφήτου
1736 1605 2008 1676 μιμούμε-

425 1710 528 1758 νοι,
560 1694 652 1746 καὶ
687 1693 891 1764 Πέτρου
926 1695 1025 1764 τὴν
1057 1696 1322 1767 πενθερὰν
1347 1699 1705 1768 εὐγνωμόνως
1729 1698 2005 1768 ζηλώσαν-

427 1803 538 1849 τες,
563 1786 638 1849 ὡς
665 1788 696 1856 ἡ
739 1788 836 1856 μὲν
862 1787 954 1840 τὸν
983 1789 1119 1850 υίὸν,
1151 1791 1182 1858 ὴ
1213 1790 1269 1843 δὲ
1293 1792 1492 1861 ἑαυτὴν
1519 1791 1636 1859 Θεῷ
1652 1791 1729 1861 τῷ
1744 1790 2007 1845 σεσωκότι

430 1878 566 1949 πρὸς
613 1879 858 1932 δουλείαν
894 1882 1298 1950 προσήνεγκαν.
1349 1883 1512 1938 Ὅθεν
1559 1885 1890 1950 ἀναστάντες
1916 1886 2010 1939 καὶ

427 1971 553 2025 καθ’
578 1973 802 2036 ἑαυτοὺς
834 1974 971 2042 μετά
1023 1973 1200 2028 ταῦτα
1227 1977 1530 2046 γενόμενοι,
1561 1977 1622 2031 τὸ
1659 1978 1769 2030 τῶν
1797 1978 2008 2049 μαρτύ-

430 2081 540 2135 ρων
568 2062 700 2131 ὐᾷιος
728 2067 1124 2135 σκοπήσαντες,
1157 2067 1250 2119 καὶ
1273 2054 1690 2138 τῶνδρωμένων
1717 2069 2009 2138 θαυμάτων

426 2158 488 2210 τὸ
523 2157 724 2225 πλῆθος
748 2156 1032 2227 θεώμενοι,
1079 2160 1218 2212 κατᾶ
1247 2160 1338 2212 τὸν
1378 2159 1553 2230 μέγαν
1585 2160 1790 2232 Πέτρον
1824 2162 1914 2214 ὅτε
1947 2162 2008 2216 τὺ

431 2247 710 2303 θαλάττιον
737 2250 952 2320 ῥεῖθρον
1013 2250 1275 2315 ὲπέζευεν
1327 2252 1698 2322 ἐφοϐήθημεν,
1755 2254 1856 2306 κάν
1896 2256 2008 2317 τοῖς

431 2341 635 2394 ἑαυτῶν
692 2339 977 2410 λογισμοῖς
1019 2343 1424 2412 ὲποντούμεθα,
1486 2345 1579 2398 καὶ
1629 2345 1856 2399 πλεῖστα
1909 2346 2008 2416 τὴν

427 2431 585 2501 ἡμῶν
607 2432 784 2485 αὐτῶν
813 2432 1144 2503 προπέτειαν
1181 2436 1204 2486 ὲ
1214 2452 1277 2504 με
1288 2435 1564 2506 μφόμεθα,
1591 2437 1658 2490 δι’
1684 2437 1750 2508 ἥν
1784 2439 2010 2502 ἑαυτοὺς

427 2523 535 2597 [οὐ]
557 2528 925 2598 μετρήσαντες
944 2525 1229 2599 πρότερον,
1255 2530 1312 2582 ὲν
1328 2532 1439 2595 τοῖς
1459 2531 1598 2603 ὑπὲρ
1617 2532 1762 2602 ἡμᾶς
1784 2533 2009 2596 ἑαυτοὺς

427 2618 798 2690 ἐξετείναμεν.

501 2708 568 2779 β’.
599 2709 836 2780 Συνηῦξε
891 2712 948 2766 δὲ
980 2713 1070 2766 τὸν
1102 2712 1268 2782 φόϐον
1304 2715 1442 2782 ἡμῖν
1489 2715 1730 2782 Μωύσῆς
1756 2715 1785 2770 6
1815 2713 2011 2768 θεσπέ-

429 2817 566 2863 σιος,
607 2801 808 2869 μᾶλλον
851 2802 907 2855 δὲ
955 2805 983 2857 6
1015 2803 1153 2872 πρὸς
1199 2804 1438 2857 Μωῦσέα
1492 2805 1871 2875 διαλεγόμενος
1895 2804 2010 2858 Κύ-

433 2909 567 2962 ριος,
597 2893 690 2947 καὶ
729 2894 858 2965 μίαν
913 2897 1174 2966 εἰσφορὰν
1223 2895 1314 2948 τὸν
1359 2896 1615 2951 πλούσιον
1643 2897 1891 2952 ἀπαιτῶν
1917 2897 2011 2951 καὶ

2111 424 2246 464 aure
2293 409 2549 472 audistis,
2609 407 2906 479 prtetlicate
2943 421 3110 474 super
3159 413 3298 459 tecta
3337 421 3350 457 :
3402 405 3690 473 beatisque

2109 501 2381 570 apostolis
2415 500 2479 554 ad
2507 516 2623 566 eos,
2662 500 2756 570 qui
2789 500 2952 554 silere
2990 498 3216 554 sibimet
3249 495 3596 560 intlicebant,
3633 496 3688 549 in

2113 592 2264 645 Actis
2299 592 2417 646 suis
2467 591 2805 655 dicentibus,
2851 609 2868 641 ι
2908 590 3063 656 Quod
3103 605 3204 644 nos
3252 605 3358 643 non
3395 604 3690 659 possumus

2110 701 2231 754 qua)
2258 686 2514 743 vidimus.
2551 695 2602 738 et
2654 685 2968 738 audivimus
3011 699 3114 737 non
3155 684 3302 752 loqui
3343 685 3382 739 '.
3422 665 3450 735 ι’
3479 683 3691 737 Idcirco

2110 786 2164 832 et
2187 793 2287 830 nos
2313 776 2655 846 ﬂagrantiori
2686 777 2802 830 zelo
2845 777 3143 840 ferventes,
3175 775 3240 829 ad
3279 773 3686 829 confessionem

2111 878 2430 924 sanctorum
2466 870 2838 930 cucurrimus,
2879 869 2967 938 pie
2998 868 3346 938 procidentcs
3380 867 3434 920 in
3469 865 3686 932 faciem,

2111 967 2335 1028 totoque
2383 958 2568 1013 animo
2610 959 2968 1024 devoventes,
3023 966 3080 1010 ut
3116 957 3160 1011 si
3206 955 3364 1010 nobis
3395 967 3688 1007 concesse-

2112 1051 2219 1105 rint
2250 1052 2478 1106 visionis
2518 1051 2789 1115 ollicium,
2843 1049 2912 1105 de
2955 1049 3257 1105 certamine
3300 1062 3488 1102 eorum
3522 1061 3687 1100 accu-

2111 1142 2286 1197 ratius
2315 1127 2811 1207 conscriberennts,
2838 1150 2893 1195 et
2918 1158 3040 1210 qua:
3065 1140 3328 1195 miracula
3361 1142 3427 1192 ab
3449 1138 3530 1192 eis
3560 1144 3690 1192 Sllltl

2111 1233 2253 1288 facta
2304 1233 2713 1303 colligeremus,
2747 1240 3086 1303 cooperante
3129 1232 3290 1286 nobis
3327 1229 3392 1284 ad
3434 1229 3686 1283 laborem

2111 1325 2295 1379 divina
2328 1340 2519 1379 eorum
2552 1325 2726 1395 gratia
2759 1333 2926 1394 atque
2957 1323 3292 1378 virtute.a.De
3321 1322 3525 1391 quibus
3556 1321 3691 1375 dun-

2113 1426 2261 1472 taxat
2295 1418 2640 1488 Scripturam
2682 1418 2824 1472 hanc
2855 1419 3130 1472 voluimus
3161 1417 3363 1480 facere,
3391 1417 3604 1470 Annam
3633 1415 3686 1466 in

2111 1511 2390 1567 oblatione
2439 1519 2667 1566 matrem
2724 1513 3005 1582 prophelte
3056 1510 3331 1565 Samuelis
3373 1507 3595 1574 imitati,
3637 1516 3690 1561 ct

2113 1618 2333 1658 socrum
2393 1604 2536 1658 Petri
2581 1604 2814 1657 fideliter
2861 1603 3143 1668 :emulati;
3195 1617 3428 1672 quarum
3476 1601 3568 1654 illa
3624 1598 3689 1653 li-

2115 1697 2275 1760 lium,
2309 1697 2425 1751 ltaac
2465 1698 2708 1766 seipsam
2758 1695 2894 1760 Deo,
2935 1697 3029 1766 qui
3072 1712 3190 1750 eam
3224 1693 3475 1756 salvavit,
3511 1693 3576 1746 ad
3607 1695 3691 1745 de.

2114 1789 2464 1845 serviendum
2509 1791 2810 1845 obtulerat.
2844 1790 3000 1846 Unde
3035 1798 3412 1859 assurgentes,
3443 1797 3497 1842 et
3547 1786 3690 1856 apud

2113 1898 2216 1939 nos
2246 1884 2596 1954 postmodum
2637 1884 2944 1946 recollecti,
2970 1883 3099 1937 hinc
3137 1883 3356 1951 quidem
3386 1889 3688 1951 martyrum

2112 1975 2500 2031 celsitudinem
2537 1977 2986 2044 speeulabamur,
3021 1974 3420 2028 miraculorum
3455 1987 3575 2042 qua:
3605 1971 3694 2025 llu-

2112 2069 2246 2124 bant
2278 2068 2689 2124 multitudinem
2731 2068 3104 2122 cernebamus
3138 2084 3152 2132 ;
3188 2065 3313 2120 inde
3343 2065 3693 2119 imbecillita-

2112 2167 2220 2215 tem
2263 2169 2533 2222 nostram,
2591 2159 2733 2214 sicut
2781 2158 2981 2213 Petrus
3043 2173 3273 2227 magnus
3337 2155 3466 2210 dum
3528 2169 3692 2224 super

2112 2251 2318 2306 ﬂuenta
2375 2251 2548 2306 maris
2588 2250 2897 2315 incederet,
2941 2250 3468 2310 animadvertentcs,
3510 2255 3689 2301 terre-

2114 2347 2308 2402 bamur
2359 2347 2692 2402 ﬂuctuantes
2750 2346 2804 2400 in
2858 2345 3293 2414 cogitationibus
3350 2341 3579 2407 nostris,
3639 2351 3694 2396 et

2111 2437 2343 2492 multum
2377 2447 2626 2492 nostram
2671 2437 3027 2507 petulantiam
3065 2437 3390 2501 refutantes,
3424 2435 3496 2489 ob
3527 2451 3690 2504 qnatu

2113 2531 2485 2599 nosmetipsos
2530 2530 2766 2598 primum
2814 2545 2922 2583 non
2973 2530 3284 2589 metientes,
3321 2526 3387 2582 ad
3425 2526 3498 2593 id,
3545 2526 3691 2595 quod

2115 2635 2282 2690 supra
2322 2636 2424 2676 nos
2456 2629 2564 2684 est,
2599 2622 2972 2692 nosmetipsos
3007 2621 3375 2676 cxtendimus.

2182 2713 2238 2768 ‘2.
2271 2711 2588 2782 Adaugebat
2631 2712 2790 2766 nobis
2820 2727 2950 2766 vero
2985 2712 3236 2766 timorem
3275 2719 3328 2764 et
3361 2708 3576 2781 Moyses
3605 2708 3696 2761 ille

2114 2803 2469 2868 venerabilis,
2506 2803 2615 2856 imo
2664 2804 2928 2858 Dominus
2963 2804 3055 2874 qui
3111 2817 3237 2857 eum
3284 2800 3469 2872 Moyse
3502 2800 3698 2868 dispu-

2116 2902 2242 2950 tans
2275 2911 2436 2949 unam
2466 2895 2804 2949 oblationem
2833 2903 2887 2950 et
2915 2895 3146 2949 divitum
3195 2893 3432 2962 exquirit
3471 2900 3519 2946 ct
3558 2907 3696 2960 pau-

3697 743 3724 756 /

429 2985 521 3037 τον
548 2986 756 3053 πένητα
782 3001 795 3015 ο
829 2985 920 3039 καὶ
951 2988 1088 3055 μήτε
1118 2987 1209 3040 τὸν
1244 2987 1500 3041 πλούσιον
1546 2989 1650 3042 ὲῶν
1690 2989 1907 3043 πλείονα
1934 2989 2012 3042 δι-

2118 3003 2350 3056 perum;
2402 3003 2580 3056 neque
2627 2987 2849 3043 divitem
2907 2987 3096 3043 sinens
3148 2986 3413 3055 ampliora
3470 2999 3693 3037 munera

426 3075 579 3127 δόναι
633 3073 829 3147 λύτρα,
873 3074 973 3147 τὴν
1023 3076 1201 3147 ψυχὴν
1259 3078 1588 3149 λυτροῦσθαι
1648 3079 2008 3149 βουλόμενον,

434 3166 575 3236 μήτε
601 3183 653 3218 τι
678 3167 979 3236 συγχωρῶν
1007 3168 1161 3238 παρὰ
1193 3168 1398 3232 ταύτην
1433 3171 1762 3242 προσφέρειν
1793 3172 1883 3226 τὸν
1911 3173 2010 3224 πέ-

432 3276 590 3326 νητα.
621 3277 639 3310 ι
684 3260 800 3323 Πᾶς
825 3259 953 3330 γάρ,
987 3262 1174 3329 φησὶν,
1199 3263 1228 3315 ό
1260 3265 1782 3334 παραπορευόμενος
1811 3268 1890 3325 είς
1913 3267 2014 3336 τὴν

433 3353 740 3421 ἀπόσκεψιν
793 3353 902 3406 ἀπὸ
963 3355 1310 3420 είκοσαετοῦς
1363 3358 1456 3410 καὶ
1506 3359 1712 3422 ἐπάνω,
1749 3356 2013 3413 δώσουσιν

434 3445 533 3515 τὴν
555 3444 813 3516 εἰσφορὰν
838 3446 1030 3517 Κυρίῳ
1050 3463 1064 3476 ⁸
1100 3450 1126 3500 6
1145 3449 1392 3502 πλουτῶν
1415 3452 1475 3503 οὐ
1507 3451 1832 3521 προσθήσει,
1863 3453 1957 3504 καὶ
1987 3454 2015 3505 6

435 3535 732 3606 πενόμενος
763 3537 864 3590 οὐκ
899 3538 1244 3608 ὲλαττονήσει
1268 3541 1376 3594 ἀπὸ
1409 3541 1505 3594 τοῦ
1543 3543 1772 3610 ἡμίσους
1809 3543 1902 3596 τοῦ
1933 3544 2014 3596 δι-

435 3626 702 3698 δράγμου,
735 3628 792 3680 ὲν
837 3627 913 3696 τῷ
941 3627 1140 3682 διδόναι
1173 3629 1272 3700 τὴν
1297 3632 1558 3701 εἰσφοράν
1579 3632 1784 3702 Κυρίῳ,
1837 3632 2017 3697 ἐξιλᾶ-

440 3719 561 3772 σθαι
588 3721 712 3790 περὶ
737 3719 845 3774 τῶν
863 3721 1052 3791 ψυχῶν
1091 3723 1267 3792 ὐμῶν.
1309 3743 1327 3775 ι
1367 3724 1533 3778 Ὅθεν
1569 3725 1662 3778 καὶ
1692 3727 1856 3794 ἡμεῖς
1880 3726 2017 3779 ἀποο

442 3811 669 3884 ρὼτεροι
699 3817 792 3867 καὶ.
820 3816 927 3869 τῶν
953 3817 1072 3870 λίαν
1096 3818 1328 3888 πτωχῶν
1357 3820 1414 3872 ὲν
1433 3818 1612 3888 λόγοις
1632 3821 2015 3890 τυγχάνοντες,

441 3907 886 3976 παραιτήσασθαι
930 3909 1026 3978 τὴν
1077 3912 1134 3964 ὲν
1166 3912 1352 3981 εὐχαῖς
1404 3913 1796 3983 συνταχθεῖσαν
1813 3913 1931 3983 Θεῷ
1959 3931 2018 3967 τε

440 3997 534 4048 καὶ
566 3996 834 4065 μάρτυσιν
886 4000 992 4054 τῶν
1054 4001 1265 4073 λύτρων
1310 4005 1569 4074 είσφορᾶιν
1638 4006 2016 4077 ὴϐουλόμεθα·

441 4089 576 4143 ἀλλὰ
599 4091 758 4144 τοῦτο
782 4093 914 4163 δρᾷν
939 4095 1084 4164 ἡμᾶς
1136 4092 1323 4167 ἕτερον
1350 4098 1618 4152 ἀνέκοπτε
1650 4099 1850 4166 λόγιον,
1882 4100 2020 4170 ὅπερ

443 4183 816 4252 ἐκκλησιάζων
832 4186 1122 4257 ὁΣολομῶν
1142 4189 1499 4260 ἀπεγράψατο
1521 4209 1534 4222 ·
1561 4211 1577 4242 ι
1591 4191 1787 4250 Καθὼς
1811 4193 1874 4245 ἂν
1893 4192 2020 4262 εὐξῃ

442 4273 609 4344 εὐχὴν
641 4274 716 4344 τῷ
735 4275 853 4360 Θεῴ
869 4277 1029 4348 βοῶν,
1049 4279 1124 4350 μὴ
1143 4283 1396 4355 χρονίσῃς
1409 4282 1505 4336 τοῦ
1534 4283 1823 4337 ἀποδοῦναι
1853 4285 1985 4338 αὐτό
2008 4301 2019 4313 ·

2115 3079 2270 3144 dare,
2309 3094 2434 3133 cum
2485 3079 2722 3132 animam
2771 3079 2903 3134 velit
2941 3079 3235 3141 redimere,
3270 3092 3450 3146 neque
3500 3083 3696 3146 pra-ter

2117 3173 2233 3228 haec
2261 3173 2559 3242 quidquam
2594 3173 2792 3228 oﬂ‘erre
2835 3187 3154 3242 pauperem.
3197 3191 3214 3222 ι
3265 3170 3460 3226 Omnis
3489 3170 3693 3238 itaque,

2116 3265 2213 3324 ait.
2257 3265 2349 3334 qui
2385 3264 2666 3334 profectus
2723 3263 2890 3318 fuerit
2930 3274 2988 3319 ut
3031 3263 3340 3318 consideret
3375 3301 3389 3325 ,
3435 3276 3464 3313 a
3505 3259 3694 3330 viginti

2117 3353 2280 3407 annis
2313 3362 2366 3407 et
2403 3368 2588 3422 supra,
2645 3353 2853 3408 dabunt
2903 3353 3234 3406 oblationem
3291 3351 3565 3405 Domino:
3607 3349 3696 3419 qui

2117 3446 2272 3500 dives
2303 3455 2410 3505 cst.
2461 3460 2569 3498 non
2621 3443 2880 3514 adjiciet;
2933 3452 2986 3498 et
3036 3445 3130 3512 qui
3168 3459 3375 3512 pauper
3423 3450 3535 3502 est,
3587 3455 3696 3494 non

2119 3537 2330 3591 minuet
2381 3535 2448 3590 de
2505 3535 2733 3588 dimidio
2794 3535 3180 3603 didragmat},
3240 3533 3370 3586 dum
3445 3532 3696 3586 dederint

2117 3629 2451 3682 oblationem
2509 3627 2741 3681 Domino
2794 3627 3224 3696 redemptionem
3261 3640 3361 3694 pro
3403 3623 3696 3677 animabus

2120 3720 2306 3775 suis’.
2365 3737 2382 3770 ι
2437 3717 2593 3773 Unde
2627 3727 2682 3774 et
2740 3735 2840 3774 nos
2885 3719 3042 3772 valde
3084 3716 3300 3770 scilicet
3339 3714 3699 3784 pauperiores

2119 3813 2284 3867 etiam
2330 3812 2433 3874 eis,
2466 3811 2556 3880 qui
2600 3812 2762 3867 nimis
2813 3819 2942 3867 sunt
2978 3811 3171 3880 inopes
3206 3808 3260 3862 in
3293 3823 3570 3867 sermone,
3609 3821 3696 3860 re-

2120 3925 2322 3964 cusare
2359 3911 2502 3964 hanc
2553 3922 2671 3976 qum
2705 3907 2757 3959 in
2798 3904 2943 3957 votis
2988 3903 3220 3957 Domino
3264 3910 3317 3956 ct
3367 3898 3701 3968 martyribus

2121 4002 2267 4070 ejus,
2299 4017 2327 4054 a
2377 4001 2536 4056 nobis
2569 3997 2841 4070 promissa
2885 4003 2971 4050 est
3021 3992 3419 4063 redemptionis
3464 3990 3700 4044 oblatio-

2123 4108 2246 4147 nem
2283 4094 2595 4157 voluimus;
2646 4088 2901 4144 sed'ltmc
2954 4102 3054 4141 nos
3098 4100 3261 4156 agere
3314 4083 3542 4138 altermn
3590 4081 3703 4135 elo-

2123 4185 2313 4253 quium
2395 4182 2708 4244 coercebat,
2774 4177 2920 4248 quod
3001 4177 3266 4232 Salomon
3340 4175 3704 4230 eoneionator

2126 4278 2460 4346 ascripserat
2493 4275 2686 4330 dicens
2725 4291 2737 4326 :
2777 4291 2796 4323 ι
2827 4269 2993 4325 Juxta
3043 4270 3188 4341 quod
3226 4269 3422 4325 vovisti
3469 4267 3704 4322 Domino

441 4366 523 4420 δτι
549 4368 648 4420 οὐκ
675 4368 822 4422 ἔστιν
849 4371 1062 4442 θέλημα
1093 4375 1151 4426 ὲν
1179 4376 1410 4445 ἄφροσιν
1437 4392 1451 4406 ο
1481 4378 1545 4430 σύ
1563 4373 1656 4430 οὖν
1673 4375 1761 4430 οἶα
1782 4380 1848 4432 ἂν
1867 4378 2012 4451 εὔξῃ,

2129 4379 2314 4425 votum
2357 4377 2538 4431 tuum,
2589 4383 2698 4420 non
2745 4363 3048 4419 retarderis
3093 4364 3398 4423 exsolvere,
3443 4361 3702 4431 quoniam

442 4459 635 4524 ἀπόδος
658 4477 672 4490 °
704 4463 909 4530 ἀγαθὸν
930 4437 1022 4516 τοῦ
1059 4464 1132 4536 μὴ
1165 4437 1424 4530 εὐξασθαί
1455 4486 1514 4522 σε
1561 4470 1656 4522 καὶ
1687 4469 1760 4540 μὴ
1791 4437 2024 4525 ιῖιποδούζ

443 4569 552 4607 ναι.
585 4572 603 4604 ι
634 4554 742 4606 Καὶ
793 4554 956 4607 Δαὸὶδ
1006 4557 1034 4610 6
1093 4557 1282 4611 τοῦτον
1332 4561 1738 4630 γεννησάμενος
1762 4562 1933 4628 λέγων
1963 4565 2022 4616 ἐν

446 4639 753 4712 ’ᾼσμασινα
803 4661 821 4693 ι
859 4645 969 4706 Τὰς
997 4645 1162 4716 εὐχάς
1219 4664 1321 4716 μου
1361 4649 1439 4718 τῷ
1466 4650 1656 4721 Κυρίῳ
1685 4648 1949 4707 ἀποδώσω
1969 4669 2017 4704 ο»

443 4735 540 4787 καὶ
564 4737 771 4798 πάντας
820 4738 911 4790 ἐπὶ
964 4738 1060 4810 τὴν
1100 4741 1307 4793 οἰκείαν
1354 4742 1692 4812 ἀναγόμενος
1753 4745 2020 4815 μίμησιν,

449 4844 466 4876 ι
505 4824 747 4891 Εὐξασθε
783 4828 916 4897 γὰρ,
949 4831 1136 4898 φησὶν.
1189 4831 1283 4883 καὶ
1319 4831 1543 4885 ἀπόδοτε
1571 4834 1760 4905 Κυρίῳ
1790 4834 1868 4904 τῷ
1895 4835 2015 4907 Θεῷ

445 4917 619 4986 ὐμῶν.
653 4937 672 4970 ι
707 4912 809 4973 Ὧν
863 4921 932 4972 τὰ
981 4921 1250 4975 ἀκόλουθα
1300 4923 1395 4976 καὶ
1449 4924 1631 4987 Ἰωνᾶς
1667 4927 1696 4978 6
1729 4928 2017 4997 προφήτης

445 5007 587 5078 ᾅδων
619 5010 957 5080 ὲφθέγξατο“
988 5031 1007 5065 ι
1048 5013 1189 5068 Ὅσα
1219 5014 1473 5082 ηὐξάμην
1517 5017 1783 5070 ἀποδώσω
1815 5036 1896 5072 σοι
1914 5020 2023 5074 Σω-

441 5099 569 5169 τῆρί
591 5118 692 5170 μου
711 5099 785 5170 τῷ
814 5102 1022 5173 Κυρίῳ.
1073 5103 1272 5170 ›,Ἥδη
1291 5104 1346 5157 δὲ
1380 5105 1474 5158 καὶ
1503 5107 1779 5172 Μωύσέως
1803 5109 1831 5161 6
1858 5110 2021 5179 νόμος

441 5191 700 5247 ἀπαιτεῖν
730 5194 882 5263 ἠξίου
931 5193 999 5247 τὰ
1032 5195 1091 5246 ὲν
1121 5195 1309 5266 εὐχαῖς
1347 5197 1751 5270 συνταττόμενα
1772 5214 1784 5227 ’
1831 5219 1850 5251 ι
1895 5201 2022 5255 Ἐὰν

2129 4477 2236 4514 non
2272 4469 2356 4514 est
2382 4459 2639 4512 voluntas
2683 4457 2736 4510 in
2785 4455 3201 4525 insipientibus.
3230 4452 3309 4506 Tu
3343 4461 3524 4508 autem
3557 4467 3705 4520 qure-

2128 4565 2348 4619 cunqne
2378 4549 2619 4612 voveris,
2656 4546 2860 4614 redde;
2898 4547 3100 4600 bonum
3142 4552 3228 4600 est
3270 4552 3323 4599 te
3357 4561 3465 4599 non
3509 4559 3706 4598 vovere

2126 4653 2180 4698 et
2228 4657 2334 4696 non
2386 4640 2617 4694 reddere
2647 4640 2688 4692 ³.
2731 4658 2750 4691 ι
2798 4639 2863 4692 Et
2895 4637 3063 4692 David
3117 4638 3237 4707 ejus
3272 4639 3486 4707 genitor
3528 4637 3707 4706 inquit

2127 4735 2182 4788 in
2214 4733 2461 4788 Canticis
2493 4751 2507 4788 τ
2545 4750 2564 4784 ι
2606 4731 2740 4785 Vota
2775 4746 2892 4786 mea
2927 4731 3158 4784 Domino
3196 4727 3446 4784 redtlam‘
3479 4745 3494 4781 :
3533 4747 3551 4781 ι
3587 4743 3706 4780 om-

2129 4843 2338 4897 nesque
2365 4826 2431 4880 ad
2470 4825 2556 4880 sui
2596 4825 2960 4879 imitationem
2993 4823 3256 4888 invitans,
3292 4841 3310 4874 ι
3348 4821 3574 4881 Vovete,
3627 4821 3706 4874 in-

2130 4922 2270 4990 quit,
2309 4929 2364 4975 et
2415 4919 2624 4973 reddite
2670 4917 2900 4972 Domino
2951 4917 3059 4972 Deo
3101 4925 3285 4971 vestro
3337 4917 3380 4967 ⁸.
3423 4934 3441 4967 ι
3495 4914 3704 4980 Quibus

2131 5013 2529 5082 consequentia
2563 5019 2616 5063 et
2639 5013 2806 5064 Jonas
2840 5011 3103 5080 propheta
3132 5025 3340 5064 canens
3365 5009 3560 5064 effatus
3585 5016 3663 5062 est
3690 5024 3702 5060 :

2137 5125 2156 5156 ι
2193 5107 2314 5161 Ilazc
2345 5121 2465 5174 qua:
2490 5104 2636 5169 vovi,
2667 5103 2889 5157 reddam
2929 5101 3158 5156 salutari
3183 5117 3307 5156 meo
3339 5100 3569 5153 Domino
3602 5098 3643 5152 '.
3684 5115 3701 5147 ι

2129 5197 2250 5252 .lam
2283 5199 2492 5268 pridem
2527 5205 2582 5252 et
2614 5196 2698 5250 lex
2735 5194 2940 5266 Moysis
2968 5194 3112 5266 exigi
3147 5193 3396 5255 mandat,
3435 5207 3557 5262 qua:
3582 5204 3708 5262 pro-

550 5371 571 5406 ³
598 5373 718 5430 Act.
749 5389 822 5438 tv,
851 5373 942 5427 2t).
1002 5375 1022 5406 ¹
1050 5373 1223 5431 Exod.
1261 5392 1389 5442 xxx,
1424 5376 1612 5432 13-15.
1675 5377 1696 5410 ³
1724 5377 1904 5436 Eccle.
1931 5397 1982 5445 v,

2139 5381 2159 5413 ⁸
2192 5380 2338 5436 Psal.
2370 5376 2594 5446 “1,96.
2663 5379 2681 5411 ⁸
2721 5377 2853 5434 ibid.
2886 5391 3050 5444 ωιτν,
3087 5374 3170 5429 l2.
3238 5372 3259 5404 ⁸
3304 5370 3464 5428 ,Ιοητε
3491 5386 3552 5437 ιι,
3591 5369 3679 5428 l0.

1981 5506 2219 5566 NOTAE.

515 5635 596 5707 (3)
634 5635 708 5693 ita
731 5639 936 5706 codex;
969 5639 1113 5710 quod
1143 5639 1365 5698 verbum
1402 5638 1629 5699 Latinus
1661 5642 1938 5711 interpres
1965 5660 2072 5701 non
2099 5647 2388 5719 expressit-
