4020 6204
359 207 500 273 3383

1241 219 1301 280 S.
1333 220 1748 283 SOPHRONII
1786 225 2293 289 PATRIARCHE
2331 233 2731 299 IllERQSOL.

3469 229 3610 297 3384

361 325 654 381 mittuntur
684 326 738 382 in
782 329 966 388 votis:
999 348 1017 381 ι
1057 328 1113 385 Si
1146 345 1278 402 ergo
1310 334 1549 400 vovcris,
1595 334 1793 405 inquit,
1831 352 1919 391 vo-

2032 342 2139 411 γάρ
2178 342 2328 415 εὔξῃ,
2362 346 2547 414 φησὶν,
2576 347 2740 416 εὐχὴν
2790 346 2977 417 Κυρίῳ
3001 346 3075 416 τῷ
3111 345 3230 416 Θεῷ
3263 365 3375 410 σου,
3403 349 3462 400 οὗ
3488 367 3609 418 75.0-

356 426 469 471 tum
504 417 759 487 Domino,
792 436 900 475 non
939 421 1246 477 tardaveris
1282 423 1533 488 reddere,
1566 418 1694 494 q‘uia
1735 428 1928 495 exqui-

353 524 482 564 rens
526 512 781 579 exquiret
823 511 1082 567 Dominus
1123 513 1266 568 Deus
1300 522 1427 568 tuus
1473 514 1573 568 abs
1621 526 1691 577 te,
1737 524 1793 569 et
1827 517 1930 569 erit

352 601 449 653 tibi
488 603 540 655 in
579 609 884 670 peceatum.
923 601 979 655 Si
1012 618 1142 657 vero
1166 619 1272 658 non
1305 604 1390 659 vis
1434 621 1654 677 vovere,
1688 622 1796 659 non
1825 608 1932 660 erit

353 692 451 744 tibi
490 690 542 745 in
570 702 875 760 peccaturo.
941 691 1072 760 Quae
1118 696 1486 764 processerint
1562 696 1631 751 de
1682 712 1776 752 ore
1835 707 1930 751 tuo

352 793 676 838 conservato
701 785 930 849 faciens,
962 787 1425 857 quemadmodum
1463 789 1659 843 vovisti
1700 790 1929 844 Domino

351 875 463 930 Deo
498 890 610 937 tuo,
636 876 839 931 donum
861 879 1008 948 quod
1033 880 1249 935 locutus
1277 898 1337 936 es
1371 898 1466 936 ore
1489 890 1583 936 tuo
1604 883 1646 936 ⁷.
1691 901 1710 934 ι

421 968 475 1022 5.
511 968 606 1023 His
630 970 798 1041 igitur
829 972 978 1027 curis
1023 972 1326 1029 obstrictus
1368 974 1645 1033 interdum
1700 976 1922 1045 quidem

350 1061 595 1117 scribere
624 1071 851 1133 propter
888 1065 1076 1134 priora
1118 1066 1470 1135 perterritus,
1509 1066 1779 1120 interdum
1814 1085 1922 1123 non

350 1154 593 1207 scribere
622 1164 848 1224 propter
880 1156 1167 1222 sequentia
1203 1158 1665 1222 contremiscens,
1699 1165 1754 1210 et
1789 1159 1922 1227 quid

349 1258 566 1314 agerem
592 1245 873 1309 nesciens,
914 1243 981 1298 ad
1014 1245 1237 1300 eosdem
1272 1256 1543 1315 martyres
1573 1247 1920 1317 confugiens,

347 1337 481 1406 quid
511 1337 779 1407 agendum
810 1344 969 1392 esset
1002 1337 1070 1391 ab
1105 1352 1296 1391 eorum
1343 1339 1714 1394 sanctimonio
1754 1339 1923 1409 depo-

350 1429 590 1482 secbam.
620 1427 697 1481 llli
726 1443 855 1483 vero
896 1428 1124 1483 affectus
1160 1430 1528 1498 suscipientes
1556 1432 1920 1500 propositum,

350 1529 401 1572 et
435 1533 536 1588 pro
578 1519 874 1587 petulantia
930 1535 1042 1573 non
1081 1518 1429 1583 denotantes,
1494 1521 1742 1575 scribere
1787 1537 1937 1591 prae»

347 1619 632 1678 ceperunt,
689 1610 1002 1679 praesidium
1053 1626 1212 1664 suum
1266 1610 1520 1666 conferre
1579 1612 1917 1681 pollicentes.

2036 434 2189 505 νίσῃς
2235 437 2527 489 ἀποδοῦναι
2598 438 2815 508 αὑτήν·
2881 439 2961 490 ὅτι
3015 437 3262 507 ἐκζητῶν
3317 440 3608 506 ἐκζητήσει

2034 525 2237 590 Κύριος
2264 530 2291 581 ό
2322 528 2453 591 Θεός
2484 546 2578 582 σου
2603 529 2754 600 παρὰ
2779 528 2893 590 σοῦ,
2915 530 3009 582 καὶ
3042 530 3194 581 ἔσται
3224 547 3306 582 σοι
3342 531 3605 600 ἁμαρτία·

2032 618 2127 670 ὲάν
2162 619 2217 671 δὲ
2243 619 2317 691 μὴ
2355 619 2590 695 θελήσῃς
2613 618 2899 686 εὖξασθαι,
2929 622 3027 673 οὐκ
3052 622 3197 673 ἔσται
3226 638 3306 674 σοι
3342 622 3605 692 ἁμαρτία.

2034 708 2115 761 Τά
2143 711 2554 780 ἐκπορευόμενα
2576 714 2661 765 διά
2695 713 2802 765 τῶν
2831 712 3053 782 χειλέων
3080 729 3172 764 σου
3200 712 3477 778 φυλάξεις,
3514 714 3609 766 καὶ

2035 800 2108 870 μὴ
2138 794 2371 872 ⁴’ποιήσῃς
2393 802 2451 856 ὃν
2479 803 2680 872 τρόπον
2700 802 2850 871 ηὔξω
2881 803 3069 874 Κυρίῳ
3085 802 3162 872 τῷ
3186 802 3306 875 Θεῷ
3334 820 3453 869 σου,
3470 803 3607 875 δόμα

2028 889 2056 942 δ
2077 889 2344 959 ὲλάλησας
2368 891 2444 961 τῷ
2478 894 2706 962 στόματί
2733 910 2848 947 σου.
2886 911 2904 943 ι

2098 988 2166 1048 γ’.
2203 981 2359 1034 Οὕτω
2411 981 2467 1035 δὲ
2521 987 2632 1045 τοῖς
2674 984 2953 1053 λογισμοῖς
2997 983 3332 1053 πιεζόμενοι,
3357 986 3448 1039 καὶ
3478 989 3606 1041 ποτὲ

2030 1072 2128 1143 μὲν
2154 1073 2385 1150 γράφειν
2415 1074 2504 1126 δια
2545 1075 2611 1127 τά
2659 1077 2851 1147 πρῶτα
2898 1075 3253 1146 φοὸούμενοι,
3293 1080 3422 1130 ποτὲ
3442 1079 3496 1131 δὲ
3532 1058 3606 1150 μὴ

2026 1148 2262 1232 γράφειν
2321 1164 2407 1217 διὰ
2447 1163 2517 1218 τά
2545 1164 2775 1235 δεύτερα
2805 1167 3124 1236 τρέμοντες,
3161 1170 3256 1221 καὶ
3298 1170 3351 1221 τί
3381 1170 3515 1241 δρᾷν
3543 1148 3604 1223 ου

2026 1253 2410 1322 γινώσκοντες,
2433 1257 2569 1327 πρὲις
2619 1258 2744 1321 τοὺς
2778 1258 3063 1331 μάρτυρας
3086 1263 3494 1331 κατεφύγομεν,
3532 1257 3606 1317 ὧν

2023 1348 2086 1399 τὸ
2123 1352 2399 1419 πρακτέον
2440 1339 2577 1422 πρδς
2617 1354 2717 1423 τῆς
2771 1353 2950 1407 αὐτῶν
2978 1356 3259 1424 ἁγιστείας
3294 1359 3604 1429 ῂτούμεθα·

2022 1441 2071 1492 οἱ
2096 1439 2152 1493 δὲ
2175 1441 2269 1495 τοῦ
2298 1442 2461 1513 ζήλου
2496 1444 2596 1515 τὴν
2631 1443 2856 1514 γνώμην
2885 1444 3192 1515 δεξάμενοι,
3215 1449 3309 1501 καὶ
3342 1449 3442 1518 τῆς
3468 1467 3601 1520 προ-

2026 1532 2247 1596 πετείας
2271 1533 2371 1587 οὐκ
2422 1533 2790 1602 ἀτιμάσαντες
2825 1534 3010 1599 ἕνεκα,
3038 1536 3095 1589 τὸ
3113 1538 3345 1606 γράφειν
3378 1540 3605 1612 ἐπέτρε-

2025 1620 2156 1691 ψαν,
2185 1623 2285 1693 τὴν
2310 1624 2520 1677 ἑαυτῶν
2557 1625 2874 1694 συμμαχίαν
2903 1627 3162 1697 χορηγεῖν
3190 1629 3602 1699 συνταξάμενοι·

346 1704 627 1760 Multotics
695 1707 882 1775 itaque
933 1705 1313 1762 scribentibus
1367 1708 1528 1763 nobis
1572 1724 1918 1777 apparuere,

2029 1683 2289 1776 πολλάκις
2344 1714 2437 1768 οὖν
2499 1718 2557 1769 ἐν
2752 1683 2993 1785 ’ἧςράφέιῦ
3028 1683 3184 1788 ἠμᾶς
3236 1683 3603 1790 ὲπεφςάνησαν,

344 1794 490 1863 quod
543 1800 971 1866 repromiscrant
1019 1798 1419 1868 adimplentes;
1489 1815 1639 1853 nunc
1700 1801 1919 1869 quidem

344 1896 711 1941 atramentum
748 1898 802 1943 et
850 1890 1124 1943 calamum
1172 1891 1545 1961 porrigentes,
1596 1909 1743 1948 nunc
1792 1909 1922 1949 vero

341 1979 764 2047 quaternionem
822 1990 1127 2041 sumentes.
1179 1991 1235 2037 et
1287 1998 1410 2052 quae
1458 1998 1563 2039 nos
1612 1985 1920 2040 fefellerant

343 2073 710 2140 corrigentes;
752 2073 941 2127 vatus
986 2073 1270 2128 hilaritate
1321 2075 1709 2130 monstrabant
1742 2091 1805 2130 ea
1860 2091 1921 2131 se

341 2178 466 2217 cum
511 2162 805 2218 dilectione
863 2165 1199 2230 discurrere,
1258 2165 1407 2235 quod
1466 2175 1521 2221 et
1571 2183 1673 2222 nos
1718 2168 1919 2238 saepius

341 2256 583 2324 patimur
619 2256 752 2310 dum
807 2257 947 2313 lactis
991 2259 1167 2313 oculis
1212 2259 1627 2327 pervenerimus
1674 2261 1740 2315 ad
1801 2261 1919 2315 loca

341 2347 571 2416 gratiam
625 2348 913 2404 relationis
958 2350 1238 2404 habentia.
1290 2349 1490 2406 Millies
1522 2353 1728 2421 quippe
1758 2352 1918 2407 nobis

340 2440 470 2491 clum
503 2439 555 2493 in
589 2440 713 2494 aliis
752 2455 1154 2510 occuparcmur
1204 2443 1494 2510 conquesti
1530 2450 1682 2504 sunt.
1717 2451 1772 2496 et
1798 2452 1920 2496 tau-

339 2548 506 2600 quam
558 2533 961 2602 negligentibus
995 2533 1351 2603 inrrcpavere
1389 2534 1640 2589 dicentes
1665 2553 1679 2590 :
1709 2534 1920 2600 Quous-

339 2638 447 2691 que
483 2637 594 2677 non
634 2624 852 2692 perficis
900 2626 1230 2679 veritatem?
1260 2626 1365 2680 hoc
1392 2626 1459 2680 de
1495 2627 1751 2695 praesenti
1780 2627 1919 2682 scri-

340 2723 523 2784 ptura,
574 2721 629 2769 et
660 2715 819 2770 laude
849 2716 933 2770 sui
971 2715 1213 2769 nominis
1266 2714 1596 2771 deferentes.
1635 2718 1766 2782 Qum
1795 2732 1916 2771 om-

342 2807 432 2859 nia
497 2806 543 2861 si
598 2807 843 2861 scribere
913 2807 1188 2871 velimus,
1248 2822 1344 2862 cos
1403 2808 1497 2876 qui
1545 2809 1743 2862 lecturi
1787 2818 1916 2863 sunt

339 2900 697 2955 onerabimus
726 2917 740 2953 :
773 2900 974 2954 sullicit
1010 2910 1192 2955 autem
1239 2902 1399 2956 nobis
1446 2916 1543 2970 per
1582 2903 1697 2956 haec
1730 2901 1914 2969 modo,

341 2993 542 3062 saepius
572 2994 731 3047 uobis
760 2995 828 3048 ab
858 2995 940 3050 eis
975 2996 1237 3049 collatum
1263 2994 1579 3064 prsesidium
1617 2994 1745 3049 dum
1776 2995 1915 3048 scri-

341 3088 904 3153 beremusastrucre,
960 3085 1128 3141 Deum
1173 3094 1336 3156 atque
1371 3102 1465 3142 eos
1502 3096 1666 3142 testes
1712 3089 1915 3142 verita-

342 3178 433 3239 tis,
469 3192 592 3247 quae
646 3178 699 3230 in
729 3177 816 3232 his
862 3186 967 3241 est,
1006 3178 1291 3233 habentes.
1322 3177 1377 3231 lu
1423 3180 1615 3248 primis
1648 3194 1780 3250 ergo
1812 3180 1917 3235 lto-

342 3289 464 3328 rum
499 3274 817 3344 martyriale
848 3283 1128 3327 certamen
1177 3275 1631 3344 conscripsimus,
1686 3286 1739 3332 et
1770 3277 1918 3347 quod

344 3367 398 3417 iu
428 3366 637 3433 templo
668 3366 781 3418 sint
809 3365 1144 3418 venerabilis
1193 3363 1356 3420 Marci
1386 3366 1647 3436 depositi,
1692 3375 1747 3422 et
1780 3383 1918 3437 quo-

344 3456 507 3511 modo
536 3457 759 3511 demum
790 3456 845 3509 in
876 3454 1021 3511 aedes
1067 3468 1194 3511 sunt
1224 3458 1681 3527 evangelistarum
1717 3459 1917 3514 exinde

344 3550 708 3620 transpositi;
762 3548 959 3602 borum
1007 3550 1329 3605 occasiones
1377 3557 1434 3602 et
1466 3551 1676 3604 semina
1713 3567 1781 3606 ex
1823 3567 1919 3605 vo-

342 3643 501 3697 cibus
533 3641 710 3696 sancti
743 3638 930 3712 Cyrilli
965 3642 1305 3712 colligentes.
1367 3641 1608 3712 Postque
1648 3644 1782 3707 haec,
1836 3661 1918 3699 se-

344 3742 487 3803 ptem
535 3730 775 3786 decadas
814 3732 1214 3785 miraculorum
1248 3734 1706 3802 conscripsimus,
1746 3736 1914 3788 millia

341 3824 675 3880 decadarum
730 3824 1027 3878 multarum
1069 3824 1336 3879 habentes
1365 3825 1700 3889 deseribere,
1733 3827 1780 3881 si
1816 3828 1921 3880 uti-

341 3930 450 3983 que
488 3929 593 3969 nos
645 3914 831 3970 dicere
871 3915 1186 3984 possemus,
1236 3915 1432 3969 audire
1482 3932 1613 3970 vero
1660 3917 1754 3987 qui
1804 3917 1918 3972 lucc

343 4008 537 4061 lecturi
568 4016 698 4061 sunt
736 4007 1063 4061 valuissent.
1101 4005 1387 4061 Veraciter
1432 3992 1635 4077 quippe
1662 4011 1825 4063 etiam
1860 4009 1918 4064 in

343 4099 473 4165 hoc,
503 4100 789 4169 sapientia:
819 4099 1179 4154 concionator
1199 4099 1395 4155 effatus
1422 4111 1500 4155 est
1536 4101 1724 4177 dicens
1752 4119 1765 4153 :
1795 4101 1920 4157 0m-

343 4209 441 4247 ues
496 4208 782 4248 sermones
829 4193 1131 4259 laboriosi;
1190 4209 1297 4247 non
1360 4195 1561 4263 poterit
1605 4209 1668 4249 os
1724 4195 1914 4264 loqui;

344 4302 445 4340 nec
489 4285 686 4339 oculus
717 4284 1016 4353 replebitur
1045 4285 1112 4341 ad
1143 4285 1476 4350 videndum,
1509 4301 1612 4341 nec
1651 4286 1804 4341 auris
1829 4301 1918 4342 re-

344 4375 580 4447 plebitur
607 4373 905 4432 audiendo.

415 4550 469 4606 4.
512 4550 746 4621 Propter
794 4555 899 4609 boc
948 4568 1084 4626 ergo
1144 4562 1353 4624 septem
1409 4565 1624 4611 tantum
1675 4558 1913 4615 dccadas

345 4645 740 4699 miraculorum
772 4647 1016 4702 scribere
1054 4649 1464 4718 proposuimus,
1490 4651 1785 4720 septimum
1811 4669 1916 4706 nu-

346 4751 555 4790 merum
612 4738 756 4808 apud
808 4747 1057 4795 sanctam
1104 4738 1459 4811 Scripturam'
1495 4743 1811 4815 mysticum,
1862 4753 1916 4799 ct

344 4828 619 4882 decimum
668 4829 971 4899 perfectum
1022 4846 1146 4887 esse
1176 4840 1469 4889 cernentes
1521 4842 1629 4887 :ut
1678 4850 1772 4904 per
1802 4835 1916 4890 haec

343 4922 704 4976 ostendamus
743 4922 892 4976 circa
941 4922 1095 4994 signa
1150 4922 1403 4978 facienda
1446 4938 1542 4978 eos
1596 4922 1914 4994 possib‘iles.

342 5010 472 5061 dum
505 5008 559 5063 in
592 5019 827 5078 utroque
854 5017 964 5063 tam
1015 5011 1308 5082 mysticum
1358 5020 1470 5076 est,
1517 5026 1680 5081 quam
1735 5012 1914 5082 perfe-

343 5109 535 5167 rltttn;
592 5111 645 5155 et
694 5101 985 5171 mysticum
1033 5102 1256 5171 quidem
1318 5115 1586 5157 secretam
1646 5105 1913 5158 rationem

343 5194 690 5247 sanationum
735 5193 1024 5261 signiﬁcat,
1069 5193 1337 5248 inllnitam
1391 5208 1523 5248 vero
1574 5197 1911 5263 perfectum;

342 5292 395 5335 et
426 5282 643 5351 septimi
706 5285 928 5353 quidem
978 5286 1272 5357 mysticum
1320 5299 1385 5339 ac
1444 5285 1769 5355 pretiosum,
1821 5303 1916 5357 per

343 5374 457 5426 lucc
487 5374 773 5444 Scriptura
810 5391 911 5431 nos
942 5378 1158 5443 edocet,
1180 5378 1325 5449 quod
1367 5379 1614 5432 omnium
1653 5376 1796 5433 Deus
1829 5378 1918 5433 die

345 5462 573 5534 septima
614 5481 643 5518 ιι
705 5467 1123 5524 constructione
1173 5470 1463 5540 requievit,
1516 5477 1567 5522 et
1613 5468 1752 5522 hanc
1786 5484 1915 5522 sm-

1792 5590 1827 5605 ο

412 5657 429 5689 ⁷
457 5659 612 5715 Deut.
643 5678 795 5729 χχιιι,
828 5663 1020 5718 2.3-2l.

2030 1804 2363 1874 πληροῦντες
2396 1808 2575 1860 αὐτῶν
2629 1809 2690 1860 τὸ
2737 1808 3096 1879 ἐπάγγελμα*
3144 1812 3275 1865 ποτὲ
3305 1814 3402 1882 μὲν
3441 1814 3606 1882 μέλαν

2028 1896 2122 1949 καὶ
2147 1896 2390 1968 κάλαμον
2424 1898 2809 1968 παρεχόμενοι,
2840 1901 2972 1953 ποτὲ
2998 1901 3054 1953 δὲ
3081 1902 3179 1972 τὴν
3208 1904 3437 1973 τετράδα
3463 1905 3605 1974 λαμ-

2027 1983 2303 2049 ϐάνοντες.
2335 1986 2428 2039 καὶ⁵
2462 1985 2531 2039 τά
2566 1988 2811 2058 ἡμέτερα
2858 1990 3153 2057 σφάλματα
3182 1990 3559 2062 διορθούμενοι
3584 2012 3598 2026 ·

2026 2074 2174 2129 ἔστιν
2197 2075 2252 2129 δὲ
2285 2077 2372 2129 ὅτε
2406 2079 2499 2130 καὶ
2557 2080 2673 2140 ταῖς
2729 2079 3013 2150 διηγήσεσι
3058 2081 3344 2152 χαίροντες
3374 2084 3470 2152 τὴν
3497 2084 3604 2136 τῶν

2027 2166 2336 2239 προσώπων
2388 2170 2663 2223 ἐδείκνυον
2726 2171 3046 2241 ἱλαρότητα,
3080 2175 3138 2225 ὲν
3173 2174 3252 2243 τῷ
3296 2174 3606 2245 διέρχεσθαι.

2027 2260 2329 2329 πάσχοντες
2359 2260 2387 2313 ὃ
2419 2261 2679 2324 πολλάκις
2712 2264 2875 2333 ἡμεῖς
2903 2264 3268 2333 ὑπομένομεν,
3323 2267 3460 2317 ἐπάν
3488 2266 3606 2320 ὀνό-

2031 2368 2197 2422 μασιν
2227 2352 2591 2423 ἐνκὴδυτέροις
2624 2354 2929 2424 γενώμεθα,
2962 2356 3235 2424 ἢχωρίοις
3265 2358 3606 2427 Φαρισαῖτωα-

2029 2458 2129 2512 μεν
2164 2441 2240 2511 ('5)
2267 2457 2280 2471 ·
2336 2442 2596 2513 μυριάκις
2638 2442 2694 2495 δὲ
2740 2445 2871 2512 ἡμῖν
2924 2444 2980 2496 ἐν
3016 2444 3197 2507 ἄλλοις
3245 2445 3603 2514 σχολάζουσιν

2023 2534 2362 2605 διεμάχοντο,
2396 2536 2488 2587 καὶ
2523 2536 2597 2597 ὡς
2625 2534 2917 2603 ἀμελοῦσιν
2945 2536 3284 2606 ἐπέπληττον
3306 2554 3317 2567 ·
3344 2543 3457 2602 καῖ,
3492 2540 3601 2590 Μέ-

2024 2644 2115 2697 χρι
2142 2626 2285 2689 τινος
2309 2628 2369 2679 οὐ
2405 2627 2631 2698 πληροῖς
2647 2628 2745 2698 τὴν
2765 2627 3025 2697 ἀλήθειαν
3051 2646 3064 2694 ;
3094 2628 3278 2697 ἔλεγον
3300 2672 3313 2694 ,
3342 2629 3602 2697 ἀλήθειαν

2023 2720 2121 2789 τὴν
2146 2718 2428 2788 παροῦσαν
2457 2718 2693 2790 γραφὴν,
2727 2721 2820 2772 καὶ
2852 2720 2944 2773 τὸν
2972 2722 3049 2783 εἰς
3078 2721 3278 2784 αὐτοὺς
3311 2722 3603 2791 ὀνομάζον·-

2022 2827 2115 2872 τες
2142 2810 2369 2863 ἔπαινον
2392 2829 2404 2841 ·
2466 2808 2607 2880 ἆπερ
2635 2812 2685 2863 εἰ
2730 2810 2940 2879 γράψαι
2974 2810 3330 2881 θελήσαιμεν,
3356 2812 3602 2876 ἅπαντας

2021 2903 2149 2964 τοὺς
2177 2902 2606 2971 ἐντυγχάνοντας
2638 2902 3013 2972 ἀποκναιομεν
3038 2919 3052 2933 ⁸
3081 2902 3205 2955 ὅθεν
3228 2903 3324 2974 τὴν
3363 2903 3450 2957 διὰ
3474 2904 3600 2956 του-

2021 3009 2130 3044 των
2170 2991 2264 3044 καὶ
2284 2992 2443 3061 μόνον
2480 2990 2818 3062 δηλώσαντες
2836 2993 2933 3063 τὴν
2950 2992 3210 3059 πολλάκις
3245 2995 3425 3048 αὐτῶν
3445 3011 3605 3063 γεγο-

2020 3087 2172 3139 νυῖαν
2202 3086 2330 3155 ἡμῖν
2360 3085 2603 3155 ἀρωγὴν,
2646 3087 2703 3138 ὲν
2727 3085 2802 3156 τῷ
2850 3087 3083 3156 γράφειν
3109 3087 3448 3158 ἀρκούμεθα,
3471 3087 3604 3141 εἐδν

2019 3180 2114 3232 καὶ
2144 3179 2340 3239 αὐτοὺς
2369 3179 2468 3247 τῆς
2499 3178 2758 3246 ἀληθείας
2802 3181 2862 3232 ὲν
2902 3179 3114 3242 τούτοις
3146 3179 3363 3249 ἔχοντες
3392 3180 3601 3249 μάρτυο

2022 3286 2121 3339 ρας
2146 3284 2160 3301 ο
2195 3271 2253 3321 ὲν
2280 3269 2521 3339 πρώτοις
2553 3266 2647 3324 οὖν
2674 3270 2773 3342 τὴν
2815 3272 3160 3343 μαρτυρικήν
3193 3272 3370 3325 αὐτῶν
3400 3273 3601 3343 γεῖ’ρά’

2019 3379 2200 3431 φαμεν
2225 3360 2474 3431 ἄθλησιν,
2529 3363 2623 3414 καὶ
2648 3362 2746 3431 τὴν
2791 3363 2871 3425 εἰς
2909 3364 3035 3416 ναδν
3068 3365 3298 3431 Μάρκου
3329 3364 3420 3417 τοῦ
3454 3364 3599 3418 θείου

2021 3454 2336 3518 κατάθεσιν,
2361 3454 2458 3507 καὶ
2485 3456 2586 3523 τὴν
2611 3455 2675 3507 ὲκ
2707 3452 2900 3507 τούτου
2931 3454 3067 3523 πρὸς
3102 3455 3193 3507 τὸν
3240 3456 3348 3507 τῶν
3378 3456 3603 3523 εὐαγγεο

2018 3547 2218 3599 λιστῶν
2248 3541 2395 3600 οἶκον
2426 3546 2736 3616 μετάθεσιν,
2763 3547 2860 3609 τὰς
2888 3545 3091 3599 τούτων
3129 3548 3386 3617 ἀφορμάς
3418 3550 3513 3600 καὶ
3533 3549 3600 3600 τά

2020 3639 2311 3710 σπέρματα
2329 3640 2391 3691 ὲκ
2412 3638 2518 3691 τῶν
2540 3637 2634 3691 τοῦ
2664 3638 2821 3703 ἁγίου
2840 3637 3104 3706 Κυριλλου
3130 3637 3322 3705 φωνῶν
3351 3638 3601 3702 συλλεξά·

2023 3746 2205 3799 μενον
2240 3729 2359 3799 μεθ’
2400 3729 2436 3784 ἃ
2477 3730 2570 3782 καὶ
2599 3729 2829 3791 δεκάδας
2853 3730 2994 3781 ἑπτά
3021 3728 3314 3795 θαυμάτων
3355 3729 3597 3799 ἐγράψα-

2022 3836 2142 3889 μεν,
2175 3818 2438 3888 μυριάδας
2453 3817 2691 3870 δεκάδων
2710 3817 2906 3877 πολλάς
2926 3817 3139 3885 ἔχοντες
3154 3816 3596 3887 ἀναγράψασθαι,

2019 3910 2177 3980 εἴπερ
2193 3909 2366 3976 λέγειν
2383 3911 2541 3977 ἡμεῖς
2557 3908 2654 3978 μὲν
2672 3908 2945 3976 ὴδυνάμεθ
2958 3928 3007 3969 α,
3029 3909 3245 3960 ἀκούειν
3262 3909 3316 3960 δὲ
3329 3911 3375 3960 οἱ
3389 3909 3481 3961 τού
3498 3926 3600 3971 ῖοις

2019 4000 2474 4071 προσομιλοῦντες
2504 4000 2752 4071 ἐνίσχυον
2776 4018 2787 4030 ·
2812 4000 3064 4068 ἀληθεύει
3094 4002 3204 4071 γὰρ
3234 4002 3327 4053 καὶ
3361 4002 3453 4053 ἐπὶ
3477 4001 3599 4053 τού.

2018 4091 2168 4155 τοιςὸ
2185 4093 2340 4158 σοφὸς
2357 4092 2806 4160 Ἐκκλησιαστὴς,
2829 4093 2902 4156 ὼς
2931 4091 3359 4157 Πάντες,εἰπὼν,
3383 4094 3432 4146 οἱ
3460 4093 3598 4162 μετὰ

2019 4184 2187 4237 κόπου
2213 4185 2306 4237 καὶ
2339 4183 2620 4253 λεγόμενοι
2684 4186 2775 4237 καὶ
2828 4185 3150 4250 ἀκουόμενοι
3182 4184 3277 4236 καὶ
3319 4184 3595 4253 γινόμενοι

2017 4274 2166 4341 λόγοι
2198 4273 2421 4341 ἕγκοποι
2444 4290 2457 4303 ·
2517 4276 2578 4328 οὐ
2625 4275 2913 4341 δυνήσεται
2959 4275 3098 4345 ἀνὴρ
3127 4274 3220 4328 τοῦ
3254 4275 3467 4328 λαλεῖνο
3502 4274 3599 4328 καὶ

1952 4382 1994 4436 ι)
2022 4368 2122 4421 οὐκ
2158 4366 2605 4437 ἐμπλησθήσεται
2629 4367 2905 4437 ὀφθαλμὸς
2932 4367 3024 4420 τοῦ
3054 4368 3205 4438 ὀρᾷν,
3245 4368 3339 4423 καὶ
3367 4368 3429 4421 οὐ
3457 4367 3596 4439 πλη-

2028 4458 2329 4532 ρωθήσεται
2358 4458 2448 4519 οὓς
2480 4458 2586 4510 ἀπὸ
2615 4459 2947 4528 ἀκροάσεως.

2094 4551 2155 4604 δ’.
2185 4550 2281 4602 Διὰ
2298 4550 2455 4602 τοῦτο
2478 4550 2583 4618 γὰρ
2611 4552 2703 4601 καὶ
2733 4549 2959 4612 δεκάδας
2981 4551 3118 4604 ἑπτά
3148 4550 3243 4603 καὶ
3272 4549 3436 4619 μόνας
3465 4550 3598 4603 θαυ-

2026 4644 2213 4712 μάτων
2243 4641 2449 4712 γράψαι
2478 4641 2853 4712 προήχθημεν,
2876 4643 2966 4695 τὸν
2995 4642 3136 4695 ἑπτά
3173 4642 3404 4712 ἀριθμὸν
3442 4641 3593 4711 παρὰ

2012 4738 2074 4807 τῇ
2112 4736 2297 4804 Γραφῇ
2334 4734 2613 4803 μυστικὸν,
2636 4735 2725 4786 καὶ
2756 4735 2848 4786 τὸν
2880 4735 3012 4787 δέκα
3044 4735 3249 4788 τέλειον
3272 4735 3593 4804 βλέποντεςο

2012 4829 2106 4880 καὶ
2128 4825 2392 4881 διἀὐτῶν
2425 4826 2698 4895 παριστᾷν
2725 4826 3013 4895 ἀμφότερα
3038 4826 3106 4878 τά
3136 4829 3264 4897 περὶ
3296 4827 3364 4879 τά
3394 4830 3595 4897 σημεῖα

2011 4916 2363 4985 δυναμένους,
2388 4916 2447 4967 τό
2473 4931 2532 4967 τε
2567 4914 2831 4983 μυστικὴν
2884 4916 2980 4968 καὶ
3029 4914 3089 4966 τὸ
3121 4915 3322 4968 τέλειον
3350 4935 3362 4947 ·
3397 4916 3458 4968 τὸ
3488 4917 3595 4987 γάρ

2024 5005 2308 5079 μυστικὸν,
2336 5006 2425 5058 τὸν
2456 5005 2687 5076 κρύυιον
2732 5005 2889 5072 λόγον
2939 5005 3089 5077 δηλοῖ
3128 5006 3234 5061 τῶν
3262 5008 3461 5062 ἰάσεων
3488 5024 3503 5038 ο
3535 5009 3598 5060 τὸ

2019 5101 2248 5169 ἄπειρον
2304 5099 2384 5162 δὲ,
2430 5097 2492 5151 τὸ
2540 5097 2747 5150 τέλειον
2773 5115 2786 5130 ⁸
2830 5099 2925 5152 καὶ
2958 5099 3052 5152 τοῦ
3085 5099 3183 5169 μὲν
3224 5101 3366 5153 ἑπτά
3396 5100 3455 5152 τὸ
3490 5118 3595 5169 μυ-

2020 5192 2202 5245 στικόν
2271 5206 2333 5242 τε
2386 5190 2480 5242 καὶ
2532 5189 2732 5258 τίμιον,
2781 5188 2872 5241 διὰ
2893 5188 3097 5242 τούτων
3121 5191 3184 5243 ἐκ
3228 5191 3327 5257 τῆς
3374 5191 3596 5261 Γραφῆς

2020 5281 2410 5352 διδασκόμεθα·
2442 5282 2468 5334 ὃ
2499 5299 2554 5335 τε
2592 5281 2701 5351 γὰρ
2729 5281 2838 5334 τῶν
2885 5282 3023 5335 ὅλων
3065 5282 3196 5345 Θεός
3218 5286 3281 5353 τῇ
3323 5285 3507 5353 ἡμέρα
3528 5286 3592 5356 τῇ

2023 5375 2337 5446 ἐεδόμῃτῆς
2362 5374 2725 5444 δημιουργίας
2755 5376 3048 5432 επαύσατο.
3078 5374 3169 5427 καὶ
3195 5374 3399 5445 ταύτην
3430 5375 3593 5441 άγιαν

2026 5467 2345 5519 ἐθέσπισεν·
2403 5464 2543 5516 ἑπτά
2584 5464 2820 5533 ἡμέραις
2865 5464 2963 5533 τὴν
3012 5462 3217 5532 ἄζυμον
3263 5465 3358 5516 τοῦ
3406 5466 3593 5534 Πάσχα
