4020 6204
363 313 503 377 3335

1227 304 1239 316 ‘
1293 305 1591 365 LAUDES
1626 304 1706 363 1N
1738 304 1842 364 ss.
1884 305 2144 368 cram!
2178 308 2274 367 ET
2303 277 2683 370 IOANN’EM.

3471 311 3614 376 3386

367 424 578 498 τροφὴν
627 423 946 490 διετάξατο·
1004 417 1230 489 λυχνίαν
1275 433 1335 469 τε
1385 418 1560 468 ποιεῖν
1588 415 1902 486 ὲπτάμυξον
1933 434 1947 446 ·

2061 428 2196 472 ctam
2239 436 2364 476 esse
2409 421 2672 476 decrevit.
2725 420 2944 491 Septem
2997 419 3195 475 diebus
3252 419 3416 476 edere
3441 436 3632 490 azyma

363 518 458 573 ita“.
509 516 601 572 διὰ
657 515 820 570 τοῦτο
863 512 1092 582 ἕϐδομος
1135 511 1232 578 μὲν
1290 509 1399 562 ἀπὸ
1453 507 1627 577 ’Λδάμ
1672 509 1700 560 6
1755 506 1948 577 Ἑνὼχ,

361 609 591 678 ἕϐδομος
623 607 680 662 δὲ
719 605 828 660 ἀπὸ
887 604 980 657 τοῦ
1023 601 1274 673 Ἀϐραὰμ
1315 600 1560 668 Μωῦσῆς
1585 599 1947 670 παρεγένετο·

369 697 680 768 ὀφθαλμοὺς
709 696 763 749 δὲ
795 693 1000 765 Κυρίου
1030 692 1165 744 ἑπτά
1205 689 1424 760 βλέπειν
1450 689 1544 742 ἐπὶ
1565 689 1662 759 τὴν
1700 687 1953 757 οἰκουμέ-

365 808 464 861 νην
500 789 844 858 μανθάνομεν
869 801 882 814 ’
915 783 1154 839 τοσαῦτα
1181 782 1239 836 δὲ
1280 781 1569 850 πνεύματα
1598 781 1689 834 τδν
1724 780 1952 833 Ἦσαῖαν

367 880 643 947 ἀκούομεν
666 878 926 945 λέγοντα·
960 876 1056 928 καὶ
1113 871 1338 935 στύλους
1380 873 1522 925 ἑπτά
1560 872 1658 942 τῆς
1693 871 1886 940 σοφίας
1923 871 1953 922 6

369 968 624 1054 Σολομῶν
649 965 1040 1038 ἀπηρίθμησεν
1067 981 1080 994 ·
1133 965 1225 1018 καὶ
1266 965 1314 1016 οἱ
1345 962 1636 1017 ἀπόστολοι
1671 962 1953 1024 διακόνους

369 1052 510 1114 ἑπτα
533 1058 772 1130 νομικῶς
797 1057 1256 1128 πρνιχειρίζονται.
1283 1055 1389 1107 Τοῦ
1415 1053 1472 1108 δὲ
1497 1053 1630 1106 δέκα
1665 1052 1726 1106 τὸ
1749 1053 1953 1105 τέλειον

369 1153 558 1226 ᾅδουσι
597 1151 695 1221 μὲν
727 1151 822 1202 καὶ
871 1150 918 1202 οἱ
951 1149 1054 1214 ἔξω
1084 1147 1384 1216 φιλόσοφοι,
1413 1145 1463 1198 οί
1495 1145 1587 1198 καὶ
1619 1145 1750 1198 Θεὸν
1790 1145 1953 1197 αὑτὸν

370 1243 747 1314 ἡγησάμενοι,
785 1241 860 1303 ὡς
906 1241 939 1309 ή
987 1239 1285 1310 τετρακτὺς
1313 1239 1346 1308 ή
1379 1236 1718 1307 Πυθαγόριος
1769 1233 1956 1306 βούλε-

369 1355 483 1401 ται,
527 1336 609 1388 ὅτι
660 1334 753 1386 καὶ
800 1332 1044 1403 μονάδων
1087 1330 1239 1394 τέλος
1267 1328 1629 1399 καθέστηκεν,
1653 1330 1751 1381 καὶ
1787 1328 1952 1398 μονάς

370 1429 609 1484 δεκάδων
637 1427 968 1497 γνωρίζεται
993 1443 1006 1457 ·
1049 1428 1140 1479 καλ
1164 1424 1321 1493 βάσις
1343 1425 1491 1477 ἐστὶν
1513 1421 1619 1476 τῶν
1639 1424 1757 1492 μετ’
1774 1421 1954 1475 αὐτῶν

263 1556 280 1574 .
373 1520 647 1592 ἀριθμῶν,
680 1517 765 1587 ἐφ’
801 1517 992 1571 ἑαυτὸν
1019 1517 1107 1570 ἀεὶ
1161 1515 1544 1584 συντιθέμενος
1575 1531 1588 1545 ·
1635 1513 1826 1585 ᾄδειδὲ
1860 1512 1954 1567 καὶ

371 1615 653 1676 Μωῦσέως
679 1613 837 1681 νόμος
875 1611 1212 1682 σαφέστερον
1235 1623 1248 1637 ·
1271 1609 1496 1672 δέκατος
1525 1607 1625 1678 μὲν
1651 1607 1758 1678 γὰρ
1779 1609 1805 1660 ό
1831 1606 1955 1659 Νῶε
2009 1599 2032 1618 ⁸

373 1705 512 1778 μετά
537 1705 628 1758 τὸν
701 1702 872 1773 Ἀδάμ
928 1701 1346 1754 ἀναδείκνυται·
1402 1699 1496 1752 καὶ
1532 1695 1657 1766 ῥίζα
1703 1697 1801 1765 τῆς
1858 1695 1954 1748 τοῦ

2055 510 2377 567 festivitatis
2427 513 2652 568 Pascha:
2679 513 2993 576 constituit,
3039 521 3092 568 et
3125 513 3412 567 lucernam
3447 512 3633 570 facere

2055 604 2454 672 septiformem;
2487 618 2542 659 et
2567 615 2773 676 septem
2814 615 3143 660 rostrorum.
3173 603 3238 658 Et
3275 605 3482 660 idcirco
3538 620 3630 662 se-

2053 695 2257 762 ptimus
2282 697 2503 760 quidem
2537 699 2605 751 ab
2639 697 2810 750 Adam
2841 697 3025 752 Enoch
3052 713 3067 763 ;
3103 699 3372 765 septimus
3403 712 3536 752 vero
3563 698 3633 754 ab

2053 785 2330 840 Abraham
2365 787 2628 858 “Moyses
2684 788 2925 842 advenit.
2987 787 3193 843 Oculos
3244 804 3466 858 quoque
3523 788 3633 843 Doe-

2057 879 2191 932 miui
2231 880 2436 948 Septies
2475 882 2663 933 orbem
2708 887 2870 933 terra:
2911 879 3100 933 videre
3133 879 3472 944 didicimus;
3520 888 3632 934 tot-

2054 981 2162 1034 que
2202 967 2435 1035 spiritus
2475 967 2691 1020 Esaiam
2739 968 3010 1022 dicentem
3053 969 3402 1032 audivimus;
3436 978 3492 1023 et
3520 968 3620 1023 Sa-

2057 1056 2238 1110 lomon
2310 1068 2516 1126 septem
2575 1060 2859 1129 sapientia:
2926 1059 3215 1113 columnas
3279 1059 3629 1127 dinumerat;

2055 1154 2112 1202 et
2158 1149 2391 1218 apostoli
2461 1159 2670 1218 septem
2709 1150 2977 1205 diaconos
3041 1151 3282 1221 legitime
3345 1167 3635 1222 promove-

2057 1246 2206 1291 runt.
2257 1239 2462 1293 Decimi
2516 1256 2643 1294 vero
2689 1240 3011 1311 perfectum,
3052 1243 3281 1297 tradunt
3328 1244 3635 1314 quidemet

2057 1333 2268 1386 externi
2321 1335 2661 1404 pliil050phi,
2713 1337 2809 1405 qui
2855 1345 2911 1392 et
2960 1337 3128 1392 Deum
3183 1339 3331 1394 hunc
3381 1338 3632 1394 arbitrati

2057 1431 2206 1487 sunt,
2247 1425 2392 1479 sicut
2446 1427 2538 1480 illa
2576 1430 2692 1508 vplt
2724 1437 3011 1500 tetractys,
3061 1429 3114 1483 id
3163 1439 3249 1484 est
3287 1431 3634 1500 quaternitas

2058 1513 2404 1586 Pythagora},
2437 1520 2565 1587 quia
2592 1528 2645 1574 et
2681 1521 2950 1574 terminus
2983 1521 3250 1575 unitatum
3283 1532 3390 1585 est,
3424 1531 3477 1577 et
3513 1523 3636 1576 uni-

2058 1616 2143 1663 tas
2203 1610 2536 1664 deeadarum
2580 1629 2721 1670 esse
2793 1615 3186 1684 cognoscitur;
3248 1617 3508 1686 basisque
3564 1617 3632 1670 ad

2059 1699 2476 1762 fundamentum
2506 1713 2590 1760 est
2617 1707 2964 1775 sequentium
3003 1722 3387 1772 numerorum,
3417 1707 3544 1760 dum
3577 1707 3635 1760 in

371 1801 563 1870 γένους
587 1797 814 1867 δευτέρα
861 1794 1182 1848 καθίσταται
1228 1792 1326 1862 τὴν
1349 1789 1548 1844 δεκάδα
1582 1786 1916 1858 μιμούμενος
1935 1799 1951 1817 ·

2061 1809 2116 1848 se
2160 1794 2281 1864 ipso
2313 1811 2529 1866 semper
2565 1798 2989 1868 multiplicatur.
3030 1797 3192 1854 Canit
3229 1807 3494 1854 autemet
3523 1797 3636 1853 Mo-

369 1893 400 1946 6
445 1891 696 1960 ’Δὸραάμ
723 1889 777 1942 δὲ
816 1886 894 1957 τῷ
945 1885 1278 1956 Μελχισεδὲκ
1322 1884 1398 1946 ὼς
1447 1885 1679 1954 νικήσας
1719 1881 1952 1942 δεκάτας

372 1985 786 2054 προσήνεγκεν·
871 1977 1123 2031 ἐντεῦθεν
1183 1977 1278 2030 καὶ
1334 1973 1571 2036 δεκάτας
1625 1973 1732 2025 τῶν
1783 1972 1952 2023 ὅντων

379 2077 624 2146 Ἑϐραῖοι
668 2071 788 2143 Θεῷ
833 2070 1134 2142 προσάγειν
1177 2066 1637 2138 προστάττονται·
1695 2062 1792 2115 καὶ
1851 2061 1953 2129 τῆς

367 2169 548 2239 ψυχῆς
574 2167 630 2221 δὲ
660 2167 722 2218 τὸ
747 2165 940 2233 λύτρον
967 2161 1188 2224 ὀϐολοὺς
1213 2159 1345 2212 δέκα
1373 2155 1709 2228 προσφέρειν
1729 2157 1756 2207 6
1789 2153 1951 2221 νόμος

373 2262 687 2316 ἐθέσπισεν·
751 2258 885 2311 ἀλλὰ
931 2255 1131 2325 δεκάτῃ
1203 2251 1301 2322 μὲν
1332 2248 1424 2303 τοῦ
1469 2248 1686 2318 πρώτου
1725 2245 1892 2316 μήνδς
1923 2246 1952 2298 6

373 2356 540 2424 ἀμνὸς
572 2351 1006 2421 συλλαμὸάνεται
1029 2366 1043 2380 ·
1075 2347 1276 2417 δεκάτῃ
1303 2344 1358 2397 δὲ
1393 2343 1487 2396 τοῦ
1519 2341 1747 2409 ἑϐδόμου
1784 2339 1952 2410 μηνὸς

368 2452 398 2504 6
436 2448 660 2515 ἱλασμὸς
691 2445 1071 2516 ἀναγράφεται
1092 2459 1104 2472 °
1127 2439 1339 2494 ἐντολαὶ¹
1367 2437 1423 2490 δὲ
1453 2435 1584 2490 δέκα
1616 2433 1952 2500 θεόγρῖπτοι

367 2547 487 2605 ταῖς
521 2541 714 2605 πλαξὶν
745 2541 843 2608 τῆς
868 2538 1136 2607 διαθήκης
1164 2535 1539 2604 ὲνήστραπτον
1569 2545 1582 2558 ·
1613 2527 1744 2580 δέκα
1773 2526 1830 2580 δὲ
1860 2527 1955 2578 καὶ

367 2634 396 2684 6
417 2632 622 2701 Κύριος
648 2631 714 2683 τά
773 2629 873 2698 τῆς
929 2627 1096 2696 εὐχῆς
1148 2621 1531 2694 παραδέδωκεν
1562 2619 1787 2688 ῥήματα
1807 2633 1819 2646 ·
1849 2617 1944 2669 καὶ¹

369 2721 536 2776 Δαὸιδ
589 2721 688 2792 μὲν
740 2721 797 2772 ἐν
847 2714 1135 2788 ψαλτηρίῳ
1155 2711 1468 2782 δεκαχόρδῳ
1515 2711 1640 2772 τοὺς
1675 2706 1942 2776 Ψαλμοῦς

369 2811 676 2885 ἐτερέτιζεν
703 2829 718 2843 ·
745 2809 997 2880 Ἀϐραάμ
1021 2807 1076 2860 δὲ
1103 2806 1265 2877 μέχρι
1304 2804 1436 2858 δέκα
1465 2800 1691 2856 δικαίων
1719 2799 1948 2865 κατάγει

370 2906 508 2959 Θεοῦ
542 2906 602 2959 τὸ
622 2903 1024 2975 φιλάνθρωπον,
1073 2901 1168 2954 καὶ
1213 2899 1310 2968 τὴν
1351 2897 1444 2948 ἐπὶ
1496 2892 1813 2963 Σοδομίταις
1853 2890 1950 2960 τῆς

370 2997 673 3066 καταδίκης
701 2994 1018 3066 ἀνάϐλησιν.

2051 1883 2200 1938 saica
2235 1885 2321 1940 lex
2351 1887 2700 1943 manifestius
2725 1929 2740 1956 ,
2774 1890 2936 1966 quod.
2966 1889 3214 1945 decimus
3251 1891 3474 1960 quidem
3522 1889 3637 1947 Noe

2050 1985 2386 2044 apparuerat
2426 1987 2552 2046 post
2581 1979 2774 2040 Adam,
2816 1981 2908 2050 qui
2942 1980 3010 2034 ad
3063 1982 3240 2036 instar
3280 1981 3519 2044 decada',
3549 1997 3639 2038 se-

2051 2064 2234 2117 cunda
2283 2067 2533 2132 quaedam
2588 2069 2744 2124 radix
2792 2070 3013 2138 generis
3065 2071 3300 2126 exstitit.
3354 2071 3634 2127 Abraham

2053 2170 2185 2208 vero
2219 2155 2285 2210 ad
2324 2156 2732 2216 Melchisedech
2761 2160 3008 2217 decimas
3042 2170 3233 2232 utpote
3262 2163 3438 2218 victor
3472 2165 3638 2220 obtu-

2047 2246 2112 2300 lit
2145 2264 2158 2300 :
2189 2248 2317 2301 hinc
2347 2257 2404 2302 ct
2439 2250 2682 2306 decimas
2715 2268 2903 2307 rerum
2929 2269 3156 2308 suarum
3186 2254 3386 2308 offerre
3403 2255 3636 2311 Domino

2051 2335 2224 2392 Judaei
2261 2341 2518 2412 prmccpti
2569 2350 2700 2396 sunt
2733 2358 2748 2397 :
2781 2355 2834 2399 et
2873 2361 2971 2415 pro
3006 2347 3390 2416 redemptione
3434 2348 3635 2404 animm

2055 2428 2245 2482 decem
2294 2430 2489 2485 obolos
2525 2432 2605 2485 lex
2641 2432 2888 2488 decrevit
2935 2435 3141 2490 olferri.
3168 2437 3386 2492 Decima
3415 2453 3636 2507 quoque

2057 2519 2222 2588 primi
2259 2523 2465 2577 mensis
2510 2538 2690 2593 agnus
2735 2529 3081 2593 assumitur;
3123 2508 3347 2584 decima
3381 2546 3511 2584 vero
3541 2545 3634 2584 sc-

2053 2611 2208 2680 ptiuii
2281 2614 2490 2668 mensis
2547 2618 2871 2686 prepitiatio
2938 2619 3297 2674 describitur.
3377 2619 3635 2676 Mandata

2053 2703 2220 2754 etiam
2274 2703 2465 2758 deeem
2497 2720 2526 2758 a
2563 2706 2673 2760 Deo
2727 2709 2781 2762 in
2821 2713 3135 2766 testamenti
3187 2713 3394 2766 tabulis
3427 2713 3637 2782 scripta

2060 2793 2357 2851 fulserunt.
2421 2797 2616 2854 Decem
2650 2799 2812 2855 etiam
2851 2802 3118 2860 Dominus
3148 2805 3421 2859 orationis
3457 2804 3634 2858 tradi-

2057 2886 2136 2938 dit
2185 2889 2372 2944 verba.
2428 2888 2492 2944 Et
2542 2892 2710 2946 David
2763 2895 2988 2964 quidem
3037 2896 3090 2949 iu
3125 2897 3389 2965 psalterio
3445 2896 3634 2950 decem

2057 2980 2391 3036 chordarum
2424 2983 2740 3042 modulatus
2773 2995 2856 3043 est
2882 2988 3152 3044 Psalmos.
3178 2989 3457 3044 Abraham
3505 3003 3639 3044 vero

371 3105 545 3158 usque
592 3087 659 3142 ad
692 3085 1092 3156 decemjustos
1122 3077 1216 3138 Dei
1263 3075 1611 3136 clementiam
1675 3070 1988 3139 inclinavit,
2021 3081 2077 3126 et
2129 3071 2496 3131 Sodomorum
2554 3079 2878 3146 clamorem,
2940 3096 3053 3150 quo
3096 3081 3636 3149 condemnabautur,

371 3181 600 3240 inﬂexit.

444 3330 502 3378 ε’.
545 3322 652 3376 Τοῦ
684 3321 740 3374 δὲ
770 3314 1257 3386 πολυπλασιασμοῦ
1286 3314 1396 3367 τῶν
1437 3313 1532 3367 δύο
1582 3313 1788 3366 τούτων
1834 3311 1958 3382 ἀρι-
1985 3311 2028 3368 c

374 3415 549 3485 θμῶν,
600 3412 695 3465 τοῦ
745 3411 903 3474 ἑπτά,
931 3407 1097 3478 φημὶ,
1125 3407 1220 3460 καὶ
1265 3405 1359 3458 τοῦ
1411 3404 1542 3457 δέκα
1581 3405 1678 3474 τήν
1727 3402 1958 3473 δήλωσιν

373 3509 574 3577 ὁμοίως
602 3506 835 3556 ποιεῖται
862 3503 930 3555 τά
957 3501 1113 3564 λόγια
1131 3515 1144 3529 ·
1183 3499 1320 3568 αὐτῇ
1355 3497 1450 3549 καὶ
1477 3496 1716 3565 Μωῦσῆς
1760 3495 1858 3547 σὺν
1882 3491 1961 3562 τῷ

373 3599 480 3668 λεῷ
524 3597 772 3666 φοίνικας
805 3589 964 3666 εὗρεν
997 3593 1100 3646 ἀνὰ
1143 3591 1240 3662 τὴν
1289 3590 1495 3662 ἔρημον
1548 3585 1955 3655 ἐσδομήκοντα’

374 3693 470 3745 καὶ
502 3694 618 3762 μετ’
645 3688 804 3742 αὐτὸν
832 3687 1202 3757 ἑϐδομήκοντα
1233 3681 1638 3753 πρεσϐυτέρους
1664 3676 1962 3746 προϐάλλε-

375 3800 499 3837 ται·
531 3784 624 3836 καὶ
657 3785 685 3835 6
716 3781 918 3846 Κύριος
947 3780 1004 3832 δὲ
1039 3777 1298 3850 μαθητάς·
1329 3775 1699 3845 ἑϐδομήκοντα
1741 3770 1961 3840 ἑτέρους

381 3876 519 3944 μετά
551 3875 678 3938 τοὺς
711 3873 917 3926 δώδεκα
947 3872 1042 3926 καὶ
1073 3870 1236 3924 πάλιν
1264 3865 1568 3930 ἀνέδειξεν·
1604 3864 1701 3916 καὶ
1731 3863 1963 3931 ἑϐδομά-

376 3969 463 4031 δες
514 3966 888 4037 ἐϐδομήκοντα
939 3963 1356 4032 συνετμήθησαν
1403 3957 1510 4012 ἀπὺ
1557 3957 1657 4028 τῆς
1702 3955 1797 4008 τοῦ
1839 3953 1959 4008 Νῶε

380 4059 767 4121 κατακλύσεως
801 4055 896 4110 καὶ
926 4059 1026 4128 τῆς
1064 4053 1455 4124 Ἱεροσολύμων
1495 4049 1829 4120 ἐμπρήσεως
1859 4045 1964 4108 ἕως

378 4150 615 4222 Χριστοῦ
645 4150 952 4218 ἡγουμένου
975 4189 989 4213 ,
1035 4148 1179 4200 κατά
1216 4145 1417 4214 Δανιὴλ
1449 4144 1623 4197 εἰπεῖν
1652 4141 1745 4193 τὸν
1781 4138 1962 4209 μακάο

385 4261 496 4314 ριον
521 4261 534 4275 ·
586 4241 958 4313 ἐϐδομήκοντα
1001 4239 1056 4292 δὲ
1087 4239 1183 4308 ἔτη
1211 4239 1316 4301 ἕως
1355 4237 1456 4306 τῆς
1503 4233 1612 4289 ἀπὸ
1644 4231 1962 4294 Βαϐυλῶνος

393 4334 613 4404 Ἰσραὴλ
644 4335 1024 4404 ἀνακλήσεως·
1067 4331 1201 4385 ἀλλὰ
1231 4331 1324 4384 καὶ
1354 4329 1530 4397 Τύρον
1562 4328 1590 4379 6
1627 4325 1852 4386 Ἡσαΐας
1877 4324 1964 4376 αἰ-

379 4429 464 4479 τεῖ
510 4426 660 4498 παρὰ
685 4426 890 4498 Κυρίου
940 4421 1490 4493 καταλειφθήσεσθαι,
1519 4418 1706 4491 φησὶν,
1737 4416 1964 4488 ὲὸδομή-

380 4537 544 4572 κοντα
563 4537 578 4550 ·
612 4521 706 4572 καὶ
736 4518 900 4571 πάλιν
930 4517 1069 4587 μετὰ
1097 4514 1371 4568 τοσούτων
1415 4512 1555 4565 ἑτῶν
1587 4509 1821 4581 ἀριθμὸν
1847 4509 1970 4560 ὲπι-

381 4609 788 4682 σκεφθήσεσθαι
809 4627 822 4640 ·
856 4611 947 4662 καὶ
985 4607 1146 4672 αὐτὸς
1173 4608 1230 4660 δὲ
1263 4610 1291 4660 6
1317 4605 1521 4677 Κύριος
1564 4601 1964 4674 ἑϐδομηκοστὺς

378 4704 607 4772 ἕϐδομος
637 4703 743 4756 ἀπὸ
773 4703 867 4756 τοῦ
897 4700 1129 4756 παλαιοῦ
1165 4699 1336 4770 Ἀδάμ
1368 4701 1396 4753 6
1418 4699 1538 4762 νέος
1571 4696 1744 4766 Ἀδὰμ
1765 4696 1842 4765 τῷ
1864 4693 1962 4764 βίῳ

379 4793 457 4862 τῷ
505 4793 792 4863 καθ’ἡμᾶς
836 4793 1214 4862 ἐπεδήμησεν·
1249 4789 1344 4842 καὶ
1389 4787 1615 4848 ἑπτάκις
1660 4783 1963 4853 συγχωρεῖν

381 4887 771 4956 ἑϐδομήκοντα,
809 4885 902 4938 καὶ
931 4884 1150 4954 ἀφιέναι
1184 4880 1514 4953 προσέταξεν
1540 4877 1606 4930 τὰ
1632 4877 1740 4930 τῶν
1795 4891 1961 4942 μετα.

382 4979 644 5032 νοούντων
678 4978 922 5046 ἀδελφῶν
951 4977 1358 5048 ἁμαρτήματα·
1393 4975 1486 5028 καὶ
1519 4971 1729 5042 μακρὸν
1771 4969 1836 5023 ἂν
1877 4971 1961 5040 εἴη

384 5075 462 5150 [ﬁ]
493 5076 593 5145 τῆς
617 5075 900 5148 παρούσης
922 5075 1118 5146 σχολῆς
1156 5074 1254 5137 τὰς
1287 5060 1635 5142 περὶτούτων
1659 5066 1964 5139 μαρτυρίας

379 5172 443 5222 ἐκ
487 5169 586 5242 τῆς
633 5169 854 5240 Γραρῆς
886 5167 1276 5236 ἀναλέγεσθαι·
1321 5168 1470 5219 πᾶσα
1494 5163 1602 5234 γάρ
1630 5163 1836 5216 τούτων
1869 5178 1962 5214 πε-

379 5263 684 5334 πλήρωται,
717 5264 812 5316 καὶ
857 5261 1122 5335 κηρύττει
1153 5259 1340 5330 σαφῶς
1369 5260 1430 5314 τὸ
1461 5257 1667 5312 τούτων
1697 5255 1812 5310 τῶν
1838 5256 1963 5327 ἀρι-

379 5354 534 5426 Θμῶν
563 5355 826 5425 μυστικόν
851 5373 912 5408 τε
947 5355 1040 5409 καὶ
1067 5353 1294 5408 τέλειον.
1382 5415 1394 5428 l
1677 5393 1690 5418 ,

451 5489 527 5556 ς’.
553 5491 716 5545 Ὅθεν
744 5492 839 5545 καὶ
865 5493 1027 5564 ήμεῖς
1067 5490 1175 5545 τῶν
1203 5490 1396 5560 ἁγίων,
1429 5488 1801 5559 ἑϐδομήκοντα
1830 5504 1961 5540 ταυ-

379 5583 472 5639 τὸν
504 5583 561 5638 δέ
593 5585 742 5638 ἐστιν
789 5587 964 5639 εἰπεῖν
1010 5583 1238 5648 δεκάδας
1289 5583 1389 5653 μὲν
1433 5584 1591 5648 ἑπτὰ,
1624 5582 1861 5645 ἑπτάδας
1907 5578 1962 5632 δὲ

484 5745 507 5778 ⁸
535 5743 734 5800 Euseb.
767 5743 970 5801 Chron.
1000 5741 1096 5798 lih.
1123 5758 1159 5797 ι.
1195 5758 1315 5814 cap.
1367 5741 1450 5809 l6,
1484 5759 1533 5812 p.
1576 5739 1664 5795 20.

1997 4663 2044 4718 υ

2133 3313 2185 3368 5.
2221 3314 2736 3387 Multiplicationetn
2779 3335 2910 3374 vero
2942 3320 3140 3374 horum
3169 3320 3407 3375 duorttm
3442 3336 3638 3379 nume-

2060 3423 2276 3473 rorum,
2310 3411 2555 3478 septimi,
2591 3411 2844 3480 inquam,
2877 3422 2932 3468 et
2969 3413 3192 3479 decimi,
3224 3413 3488 3469 similiter
3520 3428 3640 3468 ma-

2063 3499 2328 3554 nifestant
2357 3501 2594 3571 eloquia.
2647 3502 2950 3559 Confestim
2993 3505 3214 3575 quidem
3259 3504 3476 3576 Moyses
3513 3521 3640 3560 cum

2062 3591 2264 3660 populo
2307 3593 2658 3661 septuaginta
2689 3595 2904 3664 palmas
2950 3595 3161 3650 invenit
3196 3597 3251 3650 in
3288 3612 3504 3658 eremo;
3539 3597 3641 3651 de-

2063 3681 2195 3736 hinc
2225 3683 2568 3752 septuaginta
2607 3685 2882 3752 promovit
2927 3687 3319 3755 presbyteros:
3373 3697 3423 3740 et
3453 3685 3641 3740 Domi-

2065 3788 2166 3826 nus
2190 3773 2388 3827 iterum
2408 3773 2547 3828 alios
2571 3775 2875 3844 discipulos
2902 3777 3248 3846 septuaginta
3283 3785 3406 3845 post
3432 3776 3641 3832 duode-

2064 3867 2171 3920 cim
2202 3867 2984 3938 deumnstravit.Septuaginta
3011 3883 3232 3939 quoque
3258 3869 3581 3937 septimana:
3612 3884 3642 3922 a

2063 3956 2178 4012 Noe
2206 3958 2414 4012 diluvio
2440 3973 2468 4011 a
2501 3961 2688 4029 templi
2721 3960 3128 4026 destructione,
3158 3967 3212 4014 et
3245 3959 3645 4030 Hierosolymo-

2066 4065 2187 4104 rum
2222 4051 2546 4107 inceusione
2595 4065 2770 4122 usque
2801 4053 2868 4106 ad
2901 4051 3185 4108 Christum
3222 4052 3420 4106 ducem
3453 4066 3644 4106 recen-

2067 4151 2281 4206 sentur,
2319 4144 2480 4214 juxta
2547 4144 2857 4212 Danielem;
2899 4146 3252 4215 septuaginta
3294 4143 3458 4198 etiam
3515 4145 3648 4197 anni

2066 4237 2430 4307 quoadusque
2494 4238 2562 4293 de
2617 4227 2895 4310 Babylone
2945 4239 3118 4292 Israel
3165 4239 3458 4292 revocatus
3515 4241 3643 4290 est.

2067 4329 2162 4384 sed
2199 4336 2253 4383 et
2286 4327 2454 4385 lsaias
2487 4328 2691 4400 Tyrum
2732 4329 2868 4383 dicit
2897 4329 3058 4383 anuis
3097 4329 3450 4398 septuaginta
3479 4342 3509 4380 a
3537 4326 3647 4382 Deo

2068 4419 2514 4490 relinquendam,
2556 4428 2611 4474 et
2655 4420 2852 4473 iterum
2916 4429 3041 4488 post
3087 4417 3314 4472 totidem
3372 4430 3646 4469 annorum

2069 4527 2358 4565 numerum
2401 4510 2754 4573 visitandam,
2783 4518 2839 4564 et
2877 4512 2930 4563 iu
2967 4510 3067 4564 hoc
3099 4509 3247 4579 quod
3282 4508 3335 4562 in
3372 4507 3649 4578 principio

2071 4604 2250 4658 fuerat
2279 4605 2730 4660 restaurandam.
2769 4604 2890 4676 Ipse
2919 4604 3185 4658 Dominus
3209 4601 3652 4672 septuagesimus

2069 4698 2340 4767 septimus
2378 4698 2448 4752 ab
2483 4698 2653 4752 Adam
2695 4706 2904 4762 vetere,
2953 4711 3130 4753 novus
3185 4695 3358 4751 Adam
3399 4695 3454 4749 in
3508 4693 3651 4748 hanc

2068 4793 2238 4858 vitam
2293 4789 2554 4856 advenit;
2589 4800 2643 4846 et
2679 4792 2992 4862 septuagies
3041 4791 3247 4860 septies
3278 4788 3567 4857 indulgere
3595 4794 3651 4840 et

2069 4894 2299 4955 peccata
2333 4887 2569 4940 fratrum
2614 4886 2995 4956 ptenitentiam
3047 4883 3329 4954 agentium
3369 4881 3652 4935 dimittere

2071 4977 2315 5030 mandat.
2363 4975 2610 5048 Longum
2647 4974 2879 5045 proinde
2925 4973 3167 5038 exsistit,
3209 4986 3375 5043 quam
3406 4984 3650 5041 praesens

2073 5066 2308 5122 facultas
2369 5075 2474 5130 est,
2528 5080 2694 5136 super
2742 5064 2828 5119 his
2871 5062 3186 5118 testimonia
3222 5059 3289 5114 de
3343 5057 3648 5127 Scripturis

2071 5161 2299 5231 eligere,
2331 5160 2459 5213 dum
2499 5159 2584 5212 his
2619 5166 2728 5211 tota
2759 5155 2961 5210 referta
2999 5155 3092 5218 sit,
3136 5150 3431 5207 manifeste
3455 5147 3618 5218 pra'di

2071 5268 2204 5309 caus
2257 5255 2451 5308 horum
2509 5265 2863 5307 numerorum
2911 5247 3206 5319 mysticum
3253 5252 3418 5312 atque
3470 5241 3648 5311 perfe-

2070 5355 2244 5401 ειιιιιι.

2139 5484 2196 5540 6.
2232 5485 2308 5539 Ex
2344 5484 2446 5538 hoc
2490 5482 2655 5553 igitur
2685 5489 2738 5536 et
2775 5494 2876 5536 nos
2920 5479 3118 5533 horum
3173 5479 3515 5535 sanctorum,
3558 5481 3648 5522 se-

2074 5579 2358 5652 ptuaginta
2410 5575 2670 5631 miracula
2705 5571 3050 5644 scripsimus,
3081 5582 3203 5640 quas
3233 5563 3482 5623 dicenda
3512 5565 3646 5618 sunt
