4020 6204
374 268 514 335 3387

1243 264 1305 325 s.
1329 258 1749 323 SOPHRONII
1783 238 2292 319 enauimus
2359 255 2769 317 HIEROSOL.

3514 249 3655 315 3388

375 377 597 434 uecadae
632 371 851 445 quidem
899 379 1136 444 septem,
1188 370 1513 441 septimana:
1559 382 1690 423 vero
1738 365 1955 421 decem.
1989 370 2035 426 Α

2089 363 2194 417 λέκα
2234 362 2344 416 τῶν
2389 363 2685 432 θαυμάτων
2715 359 3110 433 γεγράφαμεν·
3145 360 3242 415 καὶ
3276 360 3331 415 ai
3364 361 3517 431 τρεῖς
3553 361 3657 432 μὲν

377 470 623 536 Quorum
679 473 792 520 tres
829 465 1053 535 quidem
1099 463 1325 520 decadte
1356 461 1657 533 primariae,
1688 475 1811 529 qua:
1843 465 1966 528 post

376 570 569 613 eorum
624 555 939 626 martyriale
1009 566 1312 617 certamen,
1391 553 1846 621 scpulturamquo
1911 554 1967 601 et

384 646 803 701 translatiOnem
853 647 1235 706 continentur,
1298 643 1472 700 sedet
1530 650 1743 713 quartae
1795 638 1961 694 dimi-

379 737 554 802 dium,
592 736 718 807 Cyri
748 746 803 789 et
829 734 1083 802 Joannis,
1127 751 1250 807 quae
1291 735 1347 789 in
1374 732 1764 789 Alexandrinis
1802 741 1967 802 gestae

382 839 535 891 sunt,
563 835 794 883 virtutes
841 830 1153 884 insinuant.
1206 810 1429 893 Quarta:
1476 840 1608 881 vero
1652 826 1964 887 residuum,

379 929 437 977 et
465 920 672 974 dccuda
711 920 931 989 quinta,
972 935 1095 988 qua:
1122 919 1175 973 in
1199 917 1472 988 Egyptiis
1503 925 1556 971 et
1588 915 1809 987 Libycis
1844 923 1966 967 acta

382 1024 516 1069 sunt
550 1011 852 1081 praedicant
881 1032 896 1066 :
945 1020 1102 1068 sexta
1149 1022 1330 1066 autem
1364 1020 1419 1066 et
1452 1012 1710 1080 septima,
1761 1008 1969 1063 benefi-

381 1105 466 1158 cia
501 1119 621 1171 qum
653 1102 707 1156 in
739 1100 967 1155 advenis
1005 1109 1159 1170 gesta
1207 1106 1338 1157 sunt
1383 1100 1663 1154 intimant.
1694 1097 1752 1153 ιιι
1788 1097 1967 1151 tribus

380 1197 586 1266 quippe
637 1202 785 1246 totus
850 1193 1186 1256 scriptorum
1251 1191 1646 1246 miraculorum
1702 1189 1969 1244 dividitur

384 1298 673 1345 numerus,
717 1283 771 1336 in
812 1282 1227 1342 Alexandrinis.
1274 1284 1329 1338 in
1382 1281 1659 1352 Egyptiis
1695 1289 1750 1335 et
1803 1279 1971 1351 Liby-

385 1376 487 1440 cis,
528 1386 581 1429 et
617 1374 669 1427 in
705 1373 787 1428 eis
828 1373 921 1443 qui
952 1388 1019 1428 ex
1048 1373 1274 1428 advenis
1307 1371 1574 1425 medelam
1600 1370 1782 1440 adepti
1816 1378 1966 1425 sunt.

386 1463 689 1519 Divisionis
721 1479 851 1517 vero
893 1477 1118 1517 causam
1151 1461 1219 1517 ad
1262 1463 1443 1516 locum
1493 1461 1778 1516 venientes
1814 1474 1970 1515 asse-

2069 457 2126 509 αί
2149 455 2362 531 πρῶται
2383 454 2628 521 δεκάδες,
2659 455 2714 508 αι
2740 454 2878 526 μετὰ
2910 455 3011 525 τὴν
3036 453 3392 525 ἐμμάρτυρον
3427 452 3661 526 ἄθλησιν

2070 548 2164 599 καὶ
2200 547 2377 617 ταφὴν
2408 546 2503 601 καὶ⁸
2541 545 2834 617 μετάθεσιν
2869 546 3243 616 ἐμφερόμεναι
3265 561 3278 576 ο
3312 545 3407 598 καὶ
3442 545 3542 615 μέν
3575 562 3659 599 τοι

2068 639 2165 691 καὶ
2192 639 2291 709 τῆς
2321 639 2587 710 τετάρτης
2616 639 2811 709 ἥμισυ,
2833 638 2944 691 τῶν
2974 640 3052 701 είς
3079 635 3464 706 Ἀλεξανδρέας
3491 636 3659 707 Κύρῳ

2070 729 2167 784 καὶ
2200 731 2421 802 Ἰωάννῃ
2471 730 2829 800 πραχθέντων
2878 730 3132 801 δηλοῦσιν
3169 729 3270 799 τὴν
3297 728 3562 797 δύναμιν
3598 726 3659 781 τὸ

2068 822 2125 875 δὲ
2158 821 2362 889 ταύτης
2395 823 2719 890 λειπόμενον
2753 823 2849 875 καὶ
2883 822 3047 885 δεκὰς
3080 823 3114 892 ἡ
3142 821 3393 890 πέμπτη,
3422 819 3533 873 τῶν
3560 820 3659 873 ἐπ’

2070 913 2391 982 Αἰγυπτίοις
2439 914 2783 984 δρασθέντων
2825 914 2923 967 καὶ
2950 913 3170 976 Λίόυσι,
3197 913 3454 981 γεγόνασι
3485 912 3659 982 κήρυ-

2070 1021 2196 1067 κες’
2233 1003 2366 1074 ἕκτη
2416 1004 2471 1058 δὲ
2522 1006 2616 1058 καὶ
2653 1006 2881 1075 ἑϐδόμη,
2913 1003 3012 1067 τὰς
3046 1004 3137 1057 ἐπὶ
3163 1006 3279 1064 τοῖς
3304 1002 3535 1065 ὀθνείοις
3556 1001 3662 1054 αὑ-

2068 1096 2177 1148 τῶν
2206 1094 2525 1165 εὐεργεσίας
2550 1096 2870 1167 μηνύουσιν.
2913 1096 3005 1158 Εἰς
3039 1097 3188 1166 τρεῖς
3215 1095 3322 1162 γὰρ
3350 1094 3378 1146 ό
3408 1094 3514 1155 πᾶς
3538 1093 3663 1162 ἀρι-

2070 1186 2206 1256 θμὸς
2232 1187 2340 1239 τῶν
2366 1187 2595 1256 γραφῶν
2620 1188 2729 1240 τῶν
2759 1186 3056 1257 θαυμάτων
3075 1185 3347 1256 διῄρηται,
3364 1186 3444 1247 είς
3480 1183 3664 1247 Ἀλεξ-

2070 1277 2322 1349 ανδρέας,
2356 1280 2434 1341 είς
2460 1278 2797 1345 Αἰγυπτίους
2825 1280 2920 1331 καὶ
2950 1278 3177 1339 Λίόυας,
3204 1280 3283 1340 εἰς
3313 1278 3443 1338 τοὺς
3471 1275 3532 1342 ἐξ
3567 1274 3665 1328 άλ-

2069 1369 2304 1439 λοδαπῆς
2335 1369 2739 1439 δρασσομένους
2781 1370 2989 1439 ἰάματα
3012 1384 3026 1398 ·
3060 1368 3120 1420 τὸ
3150 1367 3206 1420 δὲ
3228 1366 3327 1436 τῆς
3346 1365 3662 1435 διαιρέσεως

2071 1464 2243 1516 αῐτιον
2296 1463 2438 1515 κατὰ
2489 1466 2617 1525 τοὺς
2663 1462 2862 1525 τόπους
2918 1461 3193 1531 γινόμενοι
3244 1458 3507 1526 λέξομεν·
3562 1458 3666 1511 οὑκ

329 1614 334 1619 ,
390 1571 596 1613 remus.
631 1554 748 1608 Non
776 1563 958 1611 autem
995 1554 1315 1627 ignoramus
1341 1551 1489 1623 quod
1523 1553 1697 1608 sacris
1727 1553 1970 1607 miracn—
2002 1584 2023 1603 ο

2089 1552 2375 1624 ἱγνοοῦμεν
2402 1553 2460 1606 δὲ
2493 1554 2568 1618 ὼς
2600 1556 2719 1616 ταῖς
2752 1554 2861 1607 τῶν
2885 1552 3182 1622 θαυμάτων
3213 1550 3384 1621 ἱεραῖς
3410 1549 3669 1619 διηγήσε-

386 1653 568 1707 lorum
602 1648 1038 1715 narrationibus,
1072 1649 1255 1703 mollis
1279 1647 1458 1718 stylus
1486 1647 1662 1716 magis
1693 1653 1967 1716 congruat
2007 1713 2036 1718 _

2089 1662 2160 1698 τιν
2213 1646 2295 1698 ὅτι
2347 1646 2374 1697 ὁ
2424 1646 2710 1715 ἀνειμένος
2758 1645 2959 1713 μᾶλλον
3007 1642 3294 1715 χαρακτὴρ
3327 1642 3419 1696 καὶ
3445 1640 3669 1705 ἔκλυτος

383 1750 443 1797 et
478 1740 718 1803 solutus,
756 1739 860 1803 sed
894 1755 996 1795 nos
1023 1740 1174 1794 bunc
1223 1739 1626 1808 relinquentes,
1673 1745 1968 1792 extensum
2007 1713 2036 1767 Ε

2089 1738 2316 1808 ἐπρεπεν
2336 1754 2349 1767 ’
2382 1737 2496 1791 ἁλλ’
2524 1739 2685 1809 ἡμεῖς
2733 1737 2923 1791 τοῦτον
2962 1738 3246 1799 ἐάσαντες,
3279 1733 3370 1787 τὸν
3416 1732 3670 1787 σύντονον

383 1832 759 1903 suscepimus,
799 1840 855 1884 ut
883 1846 979 1902 per
1006 1831 1155 1885 bunc
1195 1831 1475 1886 concitqu
1511 1837 1833 1885 sanctorum
1862 1828 1967 1883 fer-

2089 1828 2485 1900 παρελάὸομεν,
2516 1828 2605 1883 ῖνα
2635 1830 2729 1882 καὶ
2762 1828 2829 1882 δι’
2853 1826 3019 1882 αὑτοῦ
3046 1828 3107 1881 τὸ
3135 1827 3244 1879 τῶν
3269 1823 3440 1893 ἁγίων
3466 1821 3669 1894 θερμὸν

387 1940 603 1986 vorem,
631 1929 683 1978 et
717 1921 784 1976 ad
825 1937 992 1978 curas
1037 1921 1438 1994 aegrotantibus
1472 1919 1841 1977 conferendas
1875 1918 1972 1973 de-

2089 1921 2173 1974 ιιαὶ
2204 1921 2486 1990 εὐκίνητον
2535 1921 2629 1973 καὶ
2675 1918 2811 1993 πρὸς
2855 1920 2955 1984 τὰς
3006 1916 3114 1973 τῶν
3158 1916 3459 1974 νοσούντων
3499 1914 3670 1978 ίάσεις

384 2012 610 2086 signent
637 2012 982 2070 instantiam.

2089 2012 2324 2084 σημαίνῃ
2363 2012 2423 2065 τὸ
2463 2012 2738 2067 σύντονον.

1470 2136 1685 2286 ΤΟ
1776 2139 2600 2256 ΕΓΚΩΜΙΟΝ
3064 2242 3071 2245 _

891 2321 1065 2408 ΕΙΣ
1118 2320 1412 2408 ΤΟΥΣ
1482 2320 1887 2409 ΛΓΙΟΥΣ
1953 2320 2331 2408 ΚΥΡΟΝ
2401 2322 2598 2407 ΚΑΙ
2644 2320 3177 2409 ΙΩΑΝΝΗΝ.

1636 2559 2447 2691 LAUDES

1134 2780 1260 2870 IN
1367 2780 1525 2868 SS.
1598 2774 2007 2869 CYRUM
2090 2776 2240 2865 ET
2327 2774 2945 2869 JOANNEM.

467 3001 527 3055 7.
566 2995 675 3054 Alii
706 2994 932 3065 quidem
984 2992 1146 3049 aliter
1189 2999 1413 3047 sanctos
1468 2992 1762 3057 honorent,
1794 2991 1979 3047 multi-

393 3092 540 3150 {arie
573 3089 905 3145 donationes
929 3100 1119 3141 eorum
1156 3084 1522 3156 publicantcs,
1554 3093 1609 3140 et
1643 3085 1832 3142 multis
1869 3101 1982 3141 mo-

401 3187 489 3241 dis
535 3182 803 3239 benellcia
830 3177 1231 3251 praedicantes;
1265 3177 1317 3231 bi
1370 3178 1714 3232 excelsorutn
1759 3178 1982 3248 quidem
2011 3157 2056 3217 ο

400 3271 733 3342 templorum
786 3264 1184 3331 erectionibus,
1226 3264 1303 3319 illi
1338 3279 1470 3317 vero
1510 3265 1791 3319 variorum
1835 3281 1987 3321 mar-

404 3377 620 3418 morum
658 3358 1139 3418 adornationibus.
1180 3356 1274 3412 alii
1325 3372 1462 3412 auro
1514 3356 1838 3428 fulgentium
1877 3367 1989 3415 tes-

402 3456 666 3511 sellarum
727 3450 1250 3522 compositionibus,
1300 3450 1392 3503 alii
1439 3448 1860 3505 delectabilibus
1906 3450 1991 3520 pi-

403 3556 621 3602 ctorum
668 3545 905 3608 artibus,
954 3552 1010 3598 ct
1049 3543 1235 3598 aureis
1262 3543 1354 3597 alii
1391 3551 1556 3612 atque
1602 3542 1879 3614 argenteis
1915 3544 1990 3598 ti-

403 3637 568 3701 tulis,
612 3635 705 3691 alii
751 3642 936 3690 autem
990 3634 1191 3690 sericis
1233 3640 1288 3689 et
1325 3632 1674 3705 bombycinis
1728 3633 1990 3692 texturis.

406 3732 587 3801 Atque
623 3737 684 3784 ut
712 3729 876 3784 simul
919 3727 1173 3783 absolute
1214 3727 1490 3794 dicamus,
1528 3726 1774 3782 universi
1814 3727 1994 3781 hono-

405 3838 526 3879 rem
576 3821 916 3893 martyribus
967 3820 1229 3875 exhibere
1270 3819 1626 3883 contendant,
1676 3826 1842 3890 prout
1871 3819 1991 3873 sin-

405 3912 560 3985 gulis
590 3910 829 3966 facultas
850 3918 937 3965 est
975 3919 1029 3965 et
1060 3910 1336 3970 voluntas,
1376 3920 1431 3964 et
1464 3909 1787 3964 alterutrum
1814 3910 1868 3962 in
1906 3908 1993 3963 his

406 4005 638 4060 vincere
687 4009 969 4072 appetant,
1004 4016 1168 4056 suum
1204 4015 1332 4071 erga
1370 4008 1597 4055 sanctos
1630 3998 1994 4054 ostendentes

405 4096 689 4158 allectum,
736 4108 787 4150 et
821 4095 1187 4165 percipientes
1216 4108 1316 4163 pro
1357 4092 1840 4163 corruptibilibus,
1884 4093 1992 4145 im-

406 4187 851 4249 marcescibilia;
882 4196 936 4240 et
962 4200 1062 4256 pro
1090 4184 1491 4256 temporalibus
1528 4200 1651 4254 quae
1687 4183 1846 4237 linem
1885 4197 1992 4236 non

408 4283 620 4339 habent
652 4299 667 4336 :
721 4280 926 4335 talibus
956 4279 1101 4335 enim
1147 4262 1352 4349 egregii
1396 4286 1812 4335 consueverunt
1845 4292 1997 4333 ama-

407 4381 565 4428 tores
593 4387 727 4427 suos
768 4383 1193 4440 recompensare
1233 4369 1574 4424 muneribus.
1620 4366 1734 4425 Nos
1782 4376 1992 4437 autem,

408 4465 617 4534 quibus
670 4478 853 4520 sermo
905 4470 992 4518 est
1052 4462 1290 4518 terrenis
1345 4461 1595 4517 materiis
1672 4462 1990 4532 pretiosior,

2157 2993 2222 3057 ζ’.
2255 2990 2440 3045 Ἀλλοι
2472 2990 2549 3063 (4)
2585 2991 2686 3062 μὲν
2728 2992 2904 3056 ἄλλως
2946 2992 3072 3057 τοὺς
3111 2994 3304 3063 ἁγίους
3340 2997 3677 3066 τιμάτωσαν,

2088 3084 2414 3156 πολυμερῶς
2444 3083 2625 3139 αὑτῶν
2644 3084 2743 3147 τὰς
2762 3084 2970 3157 δωρεὰς
2994 3086 3441 3158 θριαμϐεύοντες,
3467 3091 3682 3153 καὶτὰς

2090 3175 2409 3246 εὐεργεσίας
2458 3175 2814 3246 πολυτρόπως
2862 3175 3225 3247 κηρύττοντες
3254 3180 3342 3232 ὀἱ
3391 3179 3489 3250 μὲν
3537 3180 3683 3235 ναῶν

2092 3264 2313 3336 ὑψηλῶν
2355 3267 2755 3337 ἀναστήμασιν,
2785 3266 2925 3331 orat
2951 3268 3214 3321 ποικίλων
3248 3269 3555 3339 μαρμὰρων
3588 3288 3686 3325 κο-

2092 3359 2384 3429 σμήσεσιν,
2414 3358 2563 3415 ἄλλοι
2591 3359 2647 3413 δὲ
2679 3362 3005 3431 χρυσαυγῶν
3044 3361 3294 3431 ψηφίδων
3340 3362 3680 3431 συνθέσεσιν,

2091 3451 2269 3521 ἕτεροι
2301 3450 2543 3523 φαιδροῖς
2582 3450 2892 3523 ζωγράφων
2918 3454 3312 3523 τεχνάσμασιν,
3340 3455 3435 3507 καὶ
3477 3454 3682 3525 χρυσοῦ

2091 3542 2241 3597 ἄλλοι
2267 3544 2360 3594 καὶ
2389 3542 2634 3614 ἀργύρου
2660 3544 3026 3616 ἀναθήμασιν,
3044 3544 3222 3616 ἕτεροι
3250 3545 3308 3598 δὲ
3336 3547 3449 3610 τοῖς
3480 3548 3545 3599 ἐκ
3577 3562 3676 3617 σηο

2098 3634 2268 3706 ρικῶν
2315 3636 2409 3687 καὶ
2458 3634 2750 3705 βομῦύκων
2783 3635 3103 3707 ὑφάσμασιν
3130 3654 3143 3666 ·
3195 3639 3292 3690 καὶ
3323 3638 3469 3704 ἅπαξ
3499 3638 3686 3702 ἁπλῶς

2095 3727 2338 3790 ἅπαντες
2357 3728 2450 3780 ἐπὶ
2471 3726 2567 3798 τὴν
2592 3726 2700 3780 τῶν
2731 3728 3028 3800 μαρτύρων
3043 3728 3209 3801 τιμὴν
3231 3730 3678 3800 ἁμιλλάσθωσαν,

2093 3818 2169 3882 ὡς
2200 3820 2432 3874 ἑκάστου
2462 3820 2691 3891 εὐπορία
2723 3822 2871 3874 ἐστὶν
2902 3822 2997 3874 καὶ
3029 3822 3062 3892 ἡ
3096 3822 3352 3893 βούλησις
3377 3841 3392 3854 ·
3445 3826 3539 3877 καὶ
3588 3825 3687 3878 ἁ).-

2095 3910 2290 3980 λήλους
2319 3913 2378 3964 ἐν
2411 3911 2622 3975 τούτοις
2654 3914 2810 3984 νικᾷν
2838 3913 3200 3983 ὲφιέσθωσαν,
3231 3916 3332 3988 τὴν
3382 3916 3517 3987 πρὸς
3562 3918 3688 3979 τοὺς

2095 4002 2286 4070 ἁγίους
2340 4001 2569 4056 ἐνοῦσαν
2617 4004 2803 4067 αὑτοῖς
2848 4004 3084 4076 στοργήν
3127 4004 3564 4076 ἐνδεικνύμενοι·
3596 4008 3692 4060 καὶ

2096 4095 2449 4166 κομιούμενοι
2498 4096 2619 4149 ἀντὶ
2672 4097 2771 4167 μὲν
2806 4096 2915 4152 τῶν
2946 4098 3205 4171 φθαρτῶν
3254 4100 3324 4153 τὰ
3373 4101 3688 4172 ἁμάραντα,

2096 4187 2217 4240 ἀντι
2235 4185 2294 4239 δὲ
2325 4185 2434 4239 τῶν
2466 4186 2822 4258 προσκαίρων
2847 4189 2916 4242 τὰ
2942 4188 3097 4254 τέλος
3125 4191 3226 4242 οὑκ
3256 4189 3451 4260 ἔχοντα
3474 4206 3488 4219 ⁸
3517 4190 3695 4245 τοιού-

2095 4297 2211 4344 τοις
2244 4280 2352 4351 γάρ
2385 4280 2566 4333 αὑτῶν
2595 4281 2645 4333 οι
2691 4279 2969 4334 θεσπέσιοι
3021 4283 3147 4345 τοὺς
3195 4283 3430 4354 ἐραστὰς
3460 4284 3691 4354 ἀμείϐε-

2099 4371 2225 4429 σθαι
2253 4373 2365 4435 τοῖς
2400 4370 2593 4442 δώροις
2626 4370 2903 4425 εἰώθασιν.
2946 4372 3138 4443 Ἡμεῖς
3161 4374 3217 4427 δὲ
3249 4368 3329 4437 οἷς
3360 4374 3516 4441 λόγος
3545 4376 3694 4429 ἐστὶν

2096 4463 2205 4517 τῶν
2238 4464 2443 4534 γηῖνων
2496 4463 2637 4516 ὑλῶν
2685 4464 3142 4537 τιμαλφέστερος,
3176 4465 3275 4520 ἆτε
3314 4467 3387 4537 μὴ
3427 4467 3595 4536 μόνης
3630 4470 3695 4521 ὲκ

414 4565 607 4627 utpote
664 4557 757 4626 qui
809 4570 917 4609 non
965 4555 1083 4611 sola
1116 4569 1183 4609 ex
1232 4553 1501 4609 materiali
1547 4554 1757 4626 lingua,
1812 4554 1907 4609 sed
1944 4539 2036 4609 et]

2101 4553 2350 4624 γλώττης
2378 4551 2638 4617 ὑλώδους,
2668 4552 2804 4606 άλλὰ
2836 4554 2931 4607 καὶ
2963 4554 3274 4625 πνεύματος
3304 4556 3694 4626 προχεόμενος,

416 4649 615 4719 spiritu
652 4646 1045 4718 profunditur;
1082 4661 1273 4702 verum
1303 4654 1359 4701 et
1392 4646 1508 4715 ipse
1546 4647 1676 4715 quia
1707 4644 1902 4700 deﬂuit
1940 4653 1996 4700 et

415 4739 763 4805 dissolvitur,
808 4755 953 4810 δεῖρε
993 4740 1323 4811 negligitur;
1367 4739 1472 4793 boc
1508 4745 1736 4794 sanctos
1765 4739 2000 4792 bonorc-

418 4848 565 4898 mus,
597 4847 708 4902 quo
736 4832 901 4887 etiam
945 4833 1182 4888 maxime
1227 4830 1468 4903 gaudere
1501 4842 1777 4901 martyres
1805 4837 1996 4884 certus

419 4938 542 4979 sum
607 4931 870 4993 tanquam
917 4920 1084 4978 Verbi
1130 4922 1224 4977 Dei
1284 4933 1513 4977 vocatos
1566 4919 2003 4992 praedicatores;

419 5013 763 5085 postulantes
813 5013 976 5069 etiam
1011 5023 1069 5068 ut
1099 5022 1152 5068 et
1206 5014 1309 5069 iste
1342 5013 1502 5067 nobis
1543 5012 1704 5067 detur
1737 5012 1790 5064 in
1841 5025 2001 5080 aper-

424 5106 575 5160 tione
616 5105 753 5167 oris,
786 5114 840 5159 et
876 5106 1107 5175 benigne
1133 5105 1291 5174 quasi
1329 5103 1589 5174 proprius
1631 5101 1997 5172 suscipiatur,

2094 4646 2188 4700 καὶ
2217 4645 2381 4706 αὑτὸς
2410 4644 2467 4697 δὲ
2495 4643 2584 4697 διὰ
2611 4644 2704 4698 τὸν
2733 4646 2958 4716 ρευστὸν
3009 4647 3103 4700 καὶ
3156 4647 3421 4717 ῥυόμενον
3450 4647 3689 4717 ἀμελού-

2102 4752 2283 4808 μενος,
2316 4734 2490 4805 τούτῳ
2506 4737 2633 4799 τοὺς
2661 4736 2850 4804 ἁγίους
2880 4739 3225 4808 τιμήσωμεν·
3256 4732 3299 4807 ᾧ
3329 4738 3423 4793 καὶ
3461 4740 3697 4809 μάλιστα

2100 4828 2314 4899 χαίρειν
2366 4827 2494 4890 τοὺς
2550 4827 2835 4898 μάρτυρας
2887 4828 3180 4899 πείθομαι,
3212 4830 3289 4893 ὡς
3334 4830 3511 4899 Λόγου
3559 4829 3696 4884 Θεοῦ

2104 4917 2549 4990 χρηματίσαντες
2578 4918 2881 4990 μάρτυρες,
2910 4918 3059 4983 ἄξιον
3091 4921 3189 4989 μὲν
3211 4919 3364 4973 οὐδὲν
3388 4920 3488 4989 τῆς
3517 4919 3697 4973 αὑτῶν

2108 5009 2470 5082 πανηγύρεως
2515 5009 2713 5080 ἔχοντι,
2744 5010 2879 5063 πολὺ
2910 5011 2967 5064 δὲ
3000 5011 3205 5065 τούτων
3244 5012 3552 5083 λειπομένῳ
3598 5012 3697 5079 τῆς

2110 5103 2362 5173 χάριτος·
2401 5101 2680 5165 αἰτοῦντες
2712 5103 2808 5155 καὶ
2851 5102 3042 5156 τοῦτον
3097 5105 3232 5175 ἡμῖν
3289 5104 3559 5169 ὲνανοῖξαι
3605 5101 3697 5156 τοῦ

424 5210 456 5250 λ
490 5197 653 5254 nobis
690 5197 798 5251 illis
820 5198 1061 5263 oblatus,
1095 5197 1187 5267 qui
1222 5196 1358 5251 nihil
1391 5196 1618 5266 dignum
1652 5194 2005 5251 solemnitate

2116 5200 2384 5270 στόματος
2412 5199 2644 5264 διδόναι,
2671 5200 2767 5253 καὶ
2795 5202 3081 5273 προσηνῶς
3111 5201 3188 5266 ὡς
3215 5202 3417 5256 οἰκεῖον
3443 5199 3698 5266 δέξασθαι

425 5288 671 5360 ipsorum
716 5294 1006 5355 habemus,
1060 5306 1299 5361 quorum
1345 5292 1560 5348 scilicet
1610 5290 1803 5363 gratiae
1842 5290 2007 5345 donis

2118 5290 2256 5362 πρὸς
2295 5289 2453 5361 ήμῶν
2492 5291 2678 5356 αὑτοῖς
2715 5294 3182 5366 προσφερόμενον.

428 5383 726 5444 plurimum
758 5386 1135 5443 destituimur.

1942 5491 2183 5549 NOTAE.

513 5591 589 5655 (4)
627 5584 931 5657 Sequentes
969 5602 1167 5644 versus
1204 5586 1541 5657 octodecim,
1580 5600 1757 5656 usque
1789 5583 1855 5639 ad
1888 5586 2015 5657 εἰώ-

2121 5583 2762 5658 Latina__inte_r_pretatio
2812 5586 3092 5658 Anastasii
3140 5585 3599 5658 apudisynodum
3632 5583 3704 5640 ab

430 5654 834 5729 Dastvexstant
850 5658 1005 5729 citati
1034 5657 1419 5729 exSoplu-onio
1444 5654 1748 5729 in_Nig:r;na
1774 5656 2013 5711 secunda
2123 5663 2225 5729 hac
2249 5655 2459 5729 codicis
2487 5654 2761 5724 Vaticani,
2794 5674 2917 5729 qua:
2942 5654 3191 5715 fortasse
3210 5654 3555 5715 esthnifatii
3580 5669 3706 5712 con-

440 5726 653 5797 synodo
683 5725 817 5782 edit.
846 5728 1091 5785 Florent.
1126 5724 1346 5794 t.'Xlll,
1382 5743 1436 5799 p.
1468 5727 1554 5785 57.
1591 5724 1781 5782 Diﬂ'ert
1828 5735 2010 5783 autem
2121 5726 2338 5783 siliarii.
