4020 6204
344 238 349 244 ’
410 277 547 342 3391
588 238 601 243 ’

1258 290 1318 353 s.
1360 264 1779 359 S'OPHRONII
1841 300 2348 363 PATRIARCHzE
2419 305 2822 369 HIEROSOL.

3533 319 3676 384 3392

411 389 753 457 infatuatur;
786 392 877 449 lux
910 409 1031 465 qua:
1054 412 1163 453 non
1187 402 1582 474 exstinguitur,
1622 418 1678 464 et
1724 411 1804 466 sal
1836 410 1985 481 quod

2088 412 2188 482 τῆς
2226 413 2350 483 γῆς,
2388 413 2432 467 ὦ
2460 417 2870 488 τρισμακάριοι,
2902 417 2962 472 τὸ
2998 421 3111 490 φῶς
3157 422 3220 477 τὸ
3272 425 3347 496 μὴ
3395 426 3677 499 δυόμενον,

409 480 555 534 loras
588 497 694 536 non
719 485 1089 555 mittitur,lux
1123 506 1243 561 quae
1274 509 1382 549 non
1414 496 1645 565 dormit,
1664 510 1719 555 et
1740 502 1820 557 sal
1843 504 1988 573 quod

407 569 631 625 minime
676 576 1068 645 conculcatur;
1102 581 1196 637 lux
1230 599 1351 653 quae
1399 601 1617 658 semper
1653 592 1891 657 videtur,
1933 603 1990 650 et

408 661 489 712 sal
527 663 674 730 quod
702 679 917 735 semper
940 672 1284 741 comeditur;
1311 676 1402 731 lux
1429 674 1704 737 universis
1731 684 1992 742 dulcissi-

410 765 519 815 ma,
567 760 619 806 et
654 754 737 808 sal
786 759 1004 815 cunctis
1039 763 1357 831 amandum,
1400 769 1520 823 sine
1549 786 1659 839 quo
1705 780 1759 828 et
1807 790 1988 832 sermo

409 843 600 911 gratia:
629 845 904 916 desertus,
946 862 1000 906 et
1051 857 1209 923 panis
1255 858 1705 930 incomestibilis;
1754 866 1844 921 lux
1895 868 1988 923 Dei

410 934 782 1001 cognitionem
821 940 1069 1006 donans..
1098 953 1153 1000 et
1196 948 1276 1001 sal
1333 949 1553 1006 deitatis
1602 969 1845 1010 amorem
1888 972 1989 1027 pa-

410 1031 598 1089 trans;
630 1026 720 1079 lux
763 1031 1384 1104 tenebrarunrsolulio,
1418 1050 1471 1095 et
1518 1043 1598 1096 sal
1629 1060 1821 1099 eorum
1864 1062 1989 1116 quae

411 1109 679 1167 inlatuata
726 1126 857 1171 sunt
899 1122 1349 1194 condimentum;
1388 1129 1481 1183 lux
1518 1132 1837 1191 illuminans
1879 1153 1987 1194 nun

411 1197 737 1268 illuminata,
770 1216 825 1259 et
873 1210 954 1263 sal
995 1210 1138 1267 bono
1168 1215 1372 1271 saliens
1411 1218 1661 1285 humore,
1702 1240 1825 1294 qua:
1856 1229 1988 1283 boni

412 1302 522 1341 non
557 1302 687 1345 sunt
720 1294 1006 1367 humoris,
1056 1302 1147 1357 lux
1179 1305 1473 1375 depravata
1522 1313 1882 1385 redarguens,
1933 1328 1989 1376 et

411 1375 493 1429 sal
547 1376 815 1437 dissoluta
864 1388 1283 1459 constringens!
1329 1393 1373 1448 0
1405 1396 1586 1467 bigam
1640 1375 1985 1473 sanctorum,

336 1536 343 1541 _
411 1481 512 1535 per
560 1484 723 1538 quam
767 1474 1026 1534 divinitas
1080 1481 1311 1538 habetur
1360 1489 1653 1557 mirabilis,
1715 1496 1988 1553 mirabilis

411 1558 558 1611 enim
592 1570 676 1615 est
719 1579 775 1618 re
817 1582 943 1622 vera
984 1569 1127 1629 Deus
1182 1574 1236 1629 in
1269 1580 1480 1635 sanctis
1548 1584 1687 1639 suis.
1720 1584 1763 1639 Ο
1804 1586 1985 1658 bigam

411 1661 738 1723 martyrum,
774 1672 870 1725 per
898 1676 1062 1730 quam
1111 1668 1351 1725 mundus
1387 1671 1704 1730 hilarescitl
1735 1675 1780 1733 Ο
1806 1679 1986 1750 bigam

405 1740 708 1808 justorum,
742 1762 837 1816 per
870 1767 1033 1819 quam
1066 1756 1175 1810 vita
1206 1766 1534 1818 renovatur!
1569 1765 1612 1818 0
1648 1767 1825 1838 bigam
1852 1740 1984 1826 san-
2015 1787 2059 1843 Β

409 1838 654 1900 olorum,
707 1851 803 1906 per
843 1855 1006 1909 quam
1042 1844 1177 1901 ﬁdes
1208 1850 1517 1907 stabilitur!
1553 1853 1599 1910 0
1633 1856 1814 1927 bigam
1859 1862 1981 1931 opiv

410 1937 650 1991 morum,
705 1944 803 1997 per
855 1947 1019 2001 quam
1074 1938 1147 2007 pii
1190 1943 1647 2011 magniﬁcantur!
1694 1948 1738 2003 0
1806 1952 2006 2023 bigam:

406 2016 814 2087 :emulatorum,
862 2040 959 2092 per
991 2042 1156 2096 quam
1185 2046 1343 2086 error
1385 2037 1670 2093 evellitur!
1709 2040 1753 2096 0
1806 2042 2017 2117 bigamzl

407 2110 736 2177 petentium,
769 2129 865 2183 per
894 2133 1058 2186 quam
1104 2123 1356 2181 diabolus
1392 2130 1701 2198 rumpitur?
1723 2132 1766 2189 Ο
1802 2110 2015 2204 λῆξιιηῖ

406 2205 768 2266 armatorum,
800 2219 897 2273 per
925 2223 1089 2275 quam
1120 2218 1445 2282 torquentur
1488 2220 1756 2279 daemonia
1784 2226 1795 2278 !
1832 2224 1876 2280 0
1906 2227 1984 2281 bi-

404 2300 525 2353 gam
559 2290 797 2359 piorum,
826 2311 923 2365 per
953 2316 1116 2367 quam
1158 2304 1210 2358 in
1235 2309 1566 2375 profundum
1590 2314 1730 2369 idola
1764 2318 1982 2375 demer-

403 2379 641 2443 guntur!
678 2381 809 2446 Ave,
852 2400 884 2439 ο
923 2403 1109 2444 revera
1141 2409 1297 2449 sacra
1339 2398 1479 2468 biga,
1511 2419 1632 2471 quae
1659 2416 1713 2459 et
1753 2406 1982 2465 Deinmo

402 2480 646 2533 praesens
675 2487 755 2537 es,
781 2487 833 2529 et
853 2484 1193 2546 .morlalibns
1214 2489 1438 2543 meliora
1472 2498 1768 2564 concedis;
1796 2517 1914 2564 ave,
1948 2518 1981 2556 ο

402 2554 525 2625 biga
571 2560 936 2633 honorabilis,
972 2587 1092 2640 quae
1133 2576 1186 2629 in
1241 2581 1382 2634 ccelo
1428 2600 1640 2649 manes,
1674 2597 1726 2642 et
1772 2598 1975 2646 terram

400 2663 508 2704 non
542 2651 782 2722 deseris;
818 2674 938 2724 ave,
966 2679 998 2717 ο
1041 2666 1161 2735 biga
1197 2681 1409 2739 sancta,
1452 2694 1574 2745 qua:
1609 2696 1733 2733 cum
1767 2687 1977 2751 angelis

402 2741 625 2796 chorum
668 2747 845 2814 ducis,
879 2760 933 2806 et
978 2755 1229 2816 homines
1262 2767 1551 2834 perspicis.
1604 2769 1739 2827 Vere
1787 2777 1975 2846 utique

399 2833 562 2908 digne
604 2843 807 2899 auditis
858 2863 957 2903 Vos
993 2851 1331 2910 Salvatorem
1375 2861 1709 2931 laudantem,
1773 2879 1827 2923 et
1859 2887 1976 2925 ma-

398 2932 627 2996 ;nisone
659 2936 1046 3003 praedicantem
1082 2954 1247 3016 atque
1278 2949 1585 3010 dicentem:
1632 2976 1651 3008 ι
1693 2957 1799 3015 Vos
1838 2966 1973 3020 estis

400 3019 486 3073 lux
530 3026 739 3092 mundi,
776 3040 829 3083 et
860 3033 941 3085 sal
991 3041 1181 3104 terrm;
1219 3058 1236 3091 ι
1274 3040 1366 3096 lux
1401 3060 1429 3096 a
1481 3063 1607 3103 vera
1666 3050 1787 3107 luce
1847 3055 1971 3110 illu-

398 3127 430 3163 n
456 3113 625 3179 inata,
651 3124 706 3172 et
747 3121 828 3174 sal
862 3122 930 3177 ab
972 3125 1092 3195 ipso
1140 3132 1230 3200 qui
1275 3148 1403 3190 vero
1431 3146 1511 3192 est
1553 3141 1630 3195 Sal
1661 3143 1967 3212 conditum,
2000 3134 2041 3192 (οἶ

401 3211 454 3258 (ι
495 3205 813 3267 illuminans
853 3230 988 3284 pure
1031 3221 1344 3291 credentes,
1394 3238 1449 3284 et
1494 3234 1758 3291 condiens
1791 3239 1974 3310 opime

400 3295 707 3358 laudantes.

469 3394 556 3448 11.
595 3397 769 3453 Porro
798 3407 1078 3471 quomodo
1127 3408 1441 3471 insolubilis
1485 3417 1651 3489 hujus
1689 3422 1972 3483 dualitatis

397 3499 506 3540 non
567 3491 833 3548 miremur
880 3502 1299 3572 eonnexinnem,
1346 3510 1428 3563 vel
1459 3516 1735 3581 quomodo
1795 3520 1973 3574 admi-

397 3577 583 3633 randae
635 3582 801 3652 hujus
845 3590 1248 3661 conjugationis
1298 3598 1597 3667 gloriosam
1646 3620 1752 3662 non
1812 3609 1969 3664 dica-

397 3682 517 3725 mus
561 3671 899 3731 unitionem?
954 3679 1211 3741 Videmus
1250 3691 1394 3744 enim
1451 3694 1642 3761 mista,
1700 3714 1822 3768 quae
1854 3698 1973 3757 fue-

394 3771 519 3813 rant
578 3762 960 3839 incommista;
1001 3771 1073 3829 et’
1106 3786 1299 3835 mutuo
1360 3787 1776 3856 convenientia,
1850 3808 1972 3862 qua:

392 3861 548 3906 erant
582 3852 812 3913 invicem
849 3861 1321 3939 inconvenientia;
1383 3885 1437 3930 et
1495 3888 1817 3951 temperata,
1847 3902 1970 3956 qua:

391 3955 547 3999 erant
581 3947 970 4024 intemperata;
1007 3967 1061 4013 et
1091 3965 1395 4033 complexa,
1445 3987 1566 4041 qua
1611 3947 1832 4031 luerant
1864 3947 1968 4034 ’ἰη-

388 4040 708 4110 complexa;
740 4052 792 4099 et
824 4049 1132 4120 paciﬁcata,
1162 4055 1457 4127 bellantia;
1499 4073 1554 4119 et
1589 4068 1765 4122 amica
1798 4070 1965 4138 facta,

387 4134 713 4203 contraria;
746 4153 915 4195 unum
941 4158 1006 4197 ex
1039 4151 1408 4209 conventione
1435 4154 1602 4222 l'acta,
1641 4176 1765 4230 qua:
1795 4178 1963 4222 umim

389 4220 507 4276 ﬁeri
533 4222 759 4287 dimcile
790 4241 1069 4302 poterant.
1099 4241 1252 4298 Alter
1279 4246 1424 4300 enim
1471 4220 1776 4310 monachus
1823 4268 1960 4325 erat,

384 4312 564 4384 Cyrus
602 4321 849 4390 scilicet;
887 4328 1024 4383 alter
1046 4343 1230 4389 autem
1261 4338 1417 4394 miles
1444 4343 1749 4398 exstiterat.
1783 4339 1964 4405 Etille

384 4406 605 4475 quidem
639 4410 945 4501 desertum,
978 4420 1080 4477 iste
1124 4440 1254 4480 vero
1293 4433 1725 4501 persequebatur
1768 4438 1954 4495 urbes.

382 4498 537 4554 Alter
565 4517 754 4571 pacem
794 4510 860 4564 ad
897 4496 1087 4571 omnes
1124 4496 1408 4578 custodire
1444 4529 1723 4597 studebat,
1760 4546 1959 4588 secun-

382 4591 512 4646 dum
555 4610 678 4651 eum
725 4602 820 4670 qui
856 4604 1032 4662 dixit:
1087 4628 1108 4661 ι
1155 4610 1212 4667 Si
1266 4614 1386 4669 ﬁeri
1423 4626 1623 4687 potest,
1676 4591 1824 4692 quod
1890 4641 1961 4681 ex

383 4685 540 4742 vobis
570 4698 678 4755 est,
703 4708 826 4748 cum
861 4700 1118 4759 omnibus
1156 4703 1472 4764 hominibus
1514 4725 1705 4780 pacem
1751 4715 1960 4773 haben-

382 4780 466 4827 tcs
494 4775 556 4841 ¹³;
597 4796 615 4828 υ
650 4780 790 4837 alter
819 4795 997 4840 autem
1031 4788 1256 4858 bellum,
1286 4796 1431 4864 qnod
1474 4775 1741 4858 adversus
1783 4803 1960 4861 homi-

379 4878 477 4919 nes
511 4865 567 4918 ﬁt
599 4866 698 4938 (5),
746 4874 1210 4949 amplectebatur;
1250 4885 1386 4941 alter
1419 4891 1660 4960 prepria,
1704 4896 1960 4964 pauperi-

376 4954 478 5012 bus
523 4958 910 5036 dispergebat;
957 4971 1096 5029 alter
1132 4992 1262 5031 vero
1306 4954 1434 5035 non-
1471 4954 1722 5053 propria:
1763 4954 1991 5058 ty.ran-.

375 5049 504 5107 nide
537 5053 869 5129 diripiebat;
910 5066 1050 5121 alter
1084 5049 1524 5143 philosophicam
1563 5049 1731 5133 vitam
1783 5049 1954 5138 duce-

372 5142 495 5209 bat;
533 5148 672 5202 alter
714 5167 843 5208 vero
888 5155 1206 5225 judicialem
1255 5142 1503 5222 ordinem
1556 5168 1951 5241 discurrebat;

302 5238 305 5247 ‘
370 5235 507 5290 alter
586 5242 865 5300 cmlestem
936 5249 1167 5307 habebat
1237 5260 1750 5330 conversationem,
1817 5266 1956 5321 alter

369 5328 587 5386 tenebat
670 5345 941 5395 terrenam
1019 5347 1522 5419 constitutionem;
1603 5355 1741 5413 alter
1826 5373 1946 5413 ma-

432 5504 480 5540 “
515 5510 672 5565 Rom.
697 5529 795 5585 xu,
827 5518 917 5575 18.

2097 503 2191 556 καὶ
2223 503 2359 567 ἃλας
2391 507 2450 557 τὸ
2482 507 2555 577 μῄ
2595 510 3036 579 μωραινόμενον,
3080 513 3141 566 τὸ
3172 514 3289 584 φῶς
3317 516 3379 570 τὺ
3411 518 3489 589 μὴ
3524 519 3682 574 σϐεν-

2093 591 2324 663 νύμενον
2352 594 2446 648 καὶ
2475 596 2607 660 ἅλας
2638 599 2697 650 τὸ
2733 600 2808 670 μὴ
2840 600 2944 667 ἔξω
2972 601 3322 677 βαλλόμενον,
3352 608 3415 662 τὸ
3458 610 3574 678 φῶς
3617 612 3679 666 τὸ

2094 685 2394 756 ἀκοίμητον
2429 689 2523 742 καὶ
2549 690 2609 742 τὸ
2640 691 2773 756 ἃλας
2800 694 2859 747 τὸ
2890 696 3337 768 ἀκαταπάτητον,
3365 700 3479 769 φῶς
3505 703 3565 757 τὸ
3592 705 3680 760 ἀεὶ

2079 769 2468 853 ’θεωρούμενον
2496 782 2591 835 καῖ⁵
2624 782 2759 847 ἅλας
2789 787 2849 839 τὸ
2877 787 2963 842 ἀεὶ
2986 787 3448 862 βιϐρωσκόμενον,
3482 795 3597 866 φῶς
3618 798 3678 851 τὸ

2094 869 2261 922 πᾶσιν
2306 870 2643 938 γλυκύτατον
2686 876 2781 929 καὶ
2825 876 2960 942 ἅλας
2998 879 3057 933 τδ
3087 883 3253 935 πᾶσιν
3282 884 3546 955 ἐράσμιον
3567 906 3581 920 ·
3612 881 3675 943 οὗ

2091 963 2259 1046 χωρῖς
2286 963 2378 1016 καὶ
2407 963 2564 1034 λόγος
2592 968 2812 1037 χάριτος
2847 970 3086 1040 ἕρημος,
3120 974 3216 1027 καὶ
3240 976 3403 1045 ἄρτος
3431 978 3676 1048 ἄϐρωτος

2089 1028 2324 1119 γίνεται,
2353 1055 2468 1123 φῶς
2481 1028 2825 1126 ,Θεογνωσίαν
2845 1028 3205 1132 δῶρούμενον,
3231 1065 3324 1121 καὶ
3356 1068 3491 1134 ἃλας
3524 1072 3677 1140 φιλο-

2092 1140 2245 1197 θεῖαν
2292 1147 2667 1219 τεχνούμενον,
2724 1144 2840 1221 φῶς
2886 1153 2948 1206 τὸ
2994 1154 3221 1220 σκότους
3275 1156 3527 1230 λυτήριον
3580 1164 3676 1217 καὶ

2091 1233 2225 1298 ἅλας
2258 1236 2319 1290 τὸ
2349 1240 2456 1293 τῶν
2493 1242 2887 1312 μωρανθέντων
2935 1246 3263 1319 ἐπάρτυμα,
3297 1251 3412 1319 φῶς
3443 1255 3675 1321 φωτίζον

2090 1325 2158 1376 τὰ
2187 1326 2470 1393 ἀφώτιστα
2500 1333 2596 1385 καὶ
2626 1333 2763 1398 ἃλας
2796 1337 3088 1407 εὐχυμίζον
3134 1341 3204 1394 τὰ
3250 1341 3524 1414 δύσχυμα,
3556 1349 3673 1417 φῶς

2088 1414 2362 1487 διελέγχον
2396 1421 2467 1474 τά
2490 1421 2667 1475 ἄτοπα
2698 1427 2789 1478 καὶ
2836 1428 2971 1491 ἅλας
3019 1430 3320 1500 συσφίγγον
3355 1434 3421 1487 τά
3450 1435 3669 1494 ἔκλυτα.

2092 1508 2156 1559 Ὢ
2199 1508 2485 1581 ξυνωρίδος
2537 1515 2728 1584 ἁγίων,
2775 1518 2842 1573 δι’
2872 1516 2939 1591 ἧς
2992 1521 3053 1576 τὸ
3101 1523 3253 1577 Θεῖον
3298 1524 3668 1596 θαυμάζεταιί

2090 1599 2401 1671 Θαυμαστὸς
2433 1606 2541 1678 γὰρ
2573 1608 2739 1672 ὅντως
2767 1613 2795 1664 6
2826 1611 2957 1677 Θεὸς
3000 1615 3057 1668 ὲν
3111 1618 3223 1680 τοῖς
3270 1618 3444 1685 ἁγίοις
3480 1623 3666 1678 αὐτοῦ.

2095 1687 2161 1741 Ὢ
2197 1689 2485 1763 ξυνωρίδος
2532 1699 2863 1769 μαρτύρων,
2893 1702 2961 1756 δι’
2990 1698 3057 1775 ἧς
3090 1707 3118 1759 6
3148 1707 3353 1778 κόσμος
3385 1713 3671 1782 φαιδρύνε-

2086 1784 2210 1836 ταιί
2249 1784 2313 1837 ’Ὼ
2338 1784 2622 1856 ξυνωρίδος
2650 1791 2897 1861 δικαίων,
2929 1794 2996 1849 δι’
3017 1792 3081 1867 ἧς
3117 1800 3145 1851 6
3177 1799 3293 1869 βίος
3327 1804 3665 1868 καινίζεταιί

2095 1872 2160 1923 Ὢ
2196 1871 2486 1946 ξυνωρίδος
2517 1882 2702 1945 ὁσίων,
2739 1885 2807 1937 δι’
2827 1880 2950 1958 ἦςὴ
2984 1889 3165 1952 πίστις
3207 1895 3564 1963 κρατύνεταιί
3604 1900 3670 1953 Ὦ

2093 1962 2379 2037 ξυνωρίδος
2409 1972 2623 2039 ὀλϐίων,
2655 1975 2722 2029 δι’
2745 1972 2814 2051 ἧς
2857 1980 3103 2046 εὐσεϐεῖς
3140 1986 3567 2059 μεγαλύνονταιί
3606 1994 3670 2046 ’Ὠ

2092 2053 2381 2129 ξυνωρίδος
2405 2061 2683 2133 ζηλωτῶν,
2705 2069 2773 2123 δι’
2796 2066 2862 2141 ἧς
2886 2074 2918 2143 ἡ
2941 2074 3115 2146 πλάνη
3146 2058 3420 2150 θερίζεται
3442 2084 3453 2136 !
3491 2084 3554 2137 Ὃ
3581 2084 3669 2150 ξυ-

2089 2151 2310 2218 νωρίδος
2354 2153 2651 2224 δυναστῶν,
2695 2160 2763 2214 δι’
2789 2158 2856 2235 ἧς
2905 2166 2933 2217 6
2975 2166 3220 2233 διάϐολος
3265 2173 3559 2242 ρήσσεταιί
3595 2179 3665 2231 Ὅ

2089 2237 2377 2312 ξυνωρίδος
2433 2247 2688 2318 ὁπλιτῶν,
2720 2252 2787 2306 δι’
2815 2249 2883 2327 ἦς
2914 2257 3227 2323 κολάζονται
3265 2237 3559 2334 ’δαίμονεςί
3603 2269 3668 2322 Ὢ

2087 2328 2374 2405 ξυνωρίδος
2405 2338 2664 2403 εὐσεϐῶν,
2690 2344 2756 2398 δι’
2778 2340 2844 2417 ἦς
2872 2349 3160 2404 ποντοῦται
3190 2355 3255 2406 τὰ
3277 2354 3508 2413 εῖδωλαί
3535 2361 3667 2412 Χαί-

2078 2410 2223 2491 ροις,
2260 2424 2423 2490 ὅντως
2455 2422 2499 2481 ὦ
2534 2429 2762 2502 ξυνωρὶς
2800 2410 2936 2506 ’ἰερὰ
2987 2438 3081 2491 καὶ
3131 2439 3249 2511 Θεῷ
3288 2410 3666 2512 παροῦσα-καὶ

2080 2696 2312 2767 χαίροις,
2337 2694 2381 2752 ὦ
2405 2701 2634 2773 ξυνωρὶς
2655 2707 2806 2774 ἁγία,
2840 2709 2938 2763 σὺν
2967 2711 3218 2780 ἀγγέλοις
3249 2718 3545 2787 χορεύουσα
3568 2724 3663 2776 καὶ

2079 2788 2401 2859 ἀνθρώπους
2433 2795 2837 2852 ἐποπτεύουσα·
2867 2800 3035 2865 ὅντως
3081 2805 3246 2871 ἀξίως
3294 2810 3519 2864 ἀκούετε
3565 2813 3661 2868 τοῦ

2077 2880 2325 2952 Σωτῆρος
2358 2885 2502 2954 ὑμᾶς
2533 2889 2967 2960 ἐγκωμιάζοντος
2997 2896 3090 2948 καὶ
3125 2898 3522 2968 μεγαλοφώνως
3563 2922 3665 2976 κη-

2078 2971 2363 3043 ρύττοντος
2389 2993 2402 3007 ⁸
2442 2998 2459 3029 ι
2487 2979 2675 3051 Ὑμεῖς
2702 2985 2827 3036 ἐστε
2852 2985 2921 3038 ,τὸ
2952 2988 3065 3051 φῶς
3094 2988 3189 3042 τοῦ
3224 2992 3431 3062 κόσμου
3470 2996 3565 3049 καὶ
3597 2998 3663 3051 τὸ

2074 3064 2209 3130 ἆλσς
2242 3067 2339 3133 τῆς
2370 3069 2473 3138 γῆς
2493 3087 2506 3102 ⁸
2540 3092 2559 3125 ι
2611 3074 2726 3141 φῶς
2756 3076 2813 3142 ἐξ
2843 3077 3097 3149 ἀληθινοῦ
3143 3083 3321 3150 φωτὸς
3349 3088 3660 3159 φωτιζόμε-

2076 3170 2187 3219 νον,
2219 3156 2312 3210 καὶ
2348 3157 2485 3223 ἃλας
2522 3161 2583 3228 ἐξ
2626 3163 2790 3217 αὐτοῦ
2824 3166 2917 3219 τοῦ
2945 3168 3115 3233 ὅντως
3144 3160 3270 3236 άλδς
3299 3156 3658 3247 ἀρτυόμενον,

2076 3244 2173 3297 καὶ
2207 3245 2442 3314 φωτίζον
2470 3250 2788 3322 ἀκραιφνῶς
2838 3256 2965 3319 τούς
3017 3259 3399 3329 πιστεύοντας,
3434 3244 3530 3321 καὶ
3559 3244 3659 3339 (ip;

2073 3336 2201 3391 τύον
2237 3338 2476 3409 διαρκῶς
2512 3343 2640 3406 τοὺς
2679 3346 3055 3419 γεραίροντας.

2151 3438 2236 3487 ια’.
2270 3432 2396 3497 Πῶς
2422 3433 2480 3487 δὲ
2509 3436 2609 3507 τῆς
2638 3438 2836 3493 ἀλύτου
2881 3441 3087 3512 ταύτης
3115 3444 3304 3509 δυάδος
3336 3448 3415 3518 μὴ
3444 3447 3657 3520 θαυμά-

2077 3541 2258 3593 σωμεν
2298 3523 2397 3596 τὴν
2428 3527 2754 3595 συνάφειαν;
2787 3529 2820 3600 ἢ
2855 3531 2972 3595 πῶς
2998 3534 3203 3605 ταύτης
3234 3539 3333 3609 τῆς
3368 3538 3526 3612 ξένης
3557 3530 3655 3596 an;

2074 3613 2266 3680 ζυγίας
2291 3614 2391 3685 τὴν
2420 3615 2610 3671 ἕνωσιν
2639 3616 2713 3688 μὴ
2750 3618 3098 3693 δοξάσωμενς
3153 3624 3402 3698 Ὀρῶμεν
3423 3631 3531 3703 γὰρ
3559 3649 3652 3699 μι,

2073 3704 2240 3773 γέντα
2270 3706 2338 3759 τὰ
2365 3707 2595 3777 ἄμικτα,
2647 3711 2742 3763 καὶ
2777 3710 3029 3784 ἀλλήλοις
3067 3717 3351 3785 συμϐάντα
3385 3722 3454 3776 τὰ
3485 3723 3653 3793 ἀλλή-

2072 3795 2186 3860 λοις
2214 3797 2530 3869 ἀσύμϐατα,
2577 3801 2671 3855 καί⁵
2705 3803 2978 3872 κραθέντα
3008 3806 3080 3861 τὰ
3108 3808 3346 3879 ἄκρατα,
3376 3813 3470 3875 καὶ
3515 3831 3655 3884 συμ-

2072 3890 2355 3946 πλακέντα
2380 3892 2448 3946 τά
2474 3893 2856 3964 ἀσύμπλεκτα,
2892 3898 2988 3951 καὶ
3014 3901 3406 3973 εἰρηνεύσαντα
3447 3907 3513 3961 τά
3551 3925 3652 3961 που

2070 3982 2255 4053 λέμια,
2288 3985 2383 4037 καὶ
2416 3985 2741 4054 φιλιάσαντα
2769 3990 2838 4043 τὰ
2861 3991 3151 4059 ἀντίπαλα,
3197 3998 3291 4050 καὶ
3316 3997 3374 4050 ἓν
3413 4001 3479 4053 ὲκ
3521 4018 3649 4054 συν-

2069 4081 2258 4144 ουσίας
2285 4082 2557 4152 γενόμενα
2589 4083 2657 4139 τὰ
2688 4085 2941 4153 γενέσθαι
2964 4087 3022 4143 ἓν
3044 4088 3480 4146 δυσκολαίνοντα·
3498 4096 3527 4147 6
3551 4095 3651 4164 μὲν

2068 4173 2177 4244 γὰρ
2199 4168 2267 4246 ἦν
2300 4174 2573 4246 μοναστὴς
2620 4179 2648 4230 6
2698 4177 2903 4249 Κῦρος,
2941 4180 3036 4234 καὶ
3079 4182 3334 4255 Ἰωάννης
3381 4185 3651 4257 στρατιώ-

2006 4308 2009 4311 .
2066 4281 2164 4336 της
2198 4265 2497 4336 ἐτύγχανεν
2523 4284 2535 4297 ο
2571 4269 2599 4321 6
2636 4268 2735 4339 μὲν
2758 4269 2856 4340 τὴν
2885 4270 3114 4342 ἔρημον,
3164 4276 3192 4328 6
3218 4275 3274 4327 δὲ
3321 4275 3419 4339 τὰς
3460 4277 3648 4344 πόλεις

2066 4355 2310 4411 ἐδίωκεν.
2377 4358 2437 4412 '0
2471 4359 2570 4429 μὲν
2617 4360 2718 4431 τὴν
2746 4362 2882 4433 πρὸς
2905 4364 3111 4428 πάντας
3137 4368 3360 4437 εἰρήνην
3380 4370 3646 4424 ἐσπούδα-

1992 4475 2036 4531 ι)
2066 4445 2157 4511 ξεν
2176 4449 2317 4503 κατὰ
2344 4450 2436 4502 τὸν
2466 4450 2747 4521 εἰρηκότα,
2776 4470 2795 4503 ι
2826 4453 3126 4508 Εἰδυνατὸν
3162 4456 3221 4509 τὸ
3242 4457 3301 4520 ἐξ
3322 4457 3476 4527 ὐμῶν
3506 4462 3648 4529 μετά

2065 4539 2283 4592 πάντων
2314 4540 2620 4612 ἀνθρώπων
2681 4544 3055 4615 εἰρηνεύοντες
3082 4564 3095 4578 ·
3138 4567 3156 4599 ι
3208 4551 3235 4602 6
3280 4550 3337 4602 δὲ
3372 4551 3463 4604 τὸν
3506 4551 3646 4624 πρὸς

2059 4627 2378 4698 ἀνθρώπους
2422 4631 2699 4700 ἠσπάζετο
2739 4634 3012 4704 πόλεμονο
3063 4638 3091 4689 6
3125 4637 3224 4706 μὲν
3269 4638 3338 4692 τὰ
3390 4639 3496 4693 ῖδια
3528 4646 3644 4706 τοῖς

2061 4718 2296 4787 πτωχοῖς
2326 4718 2754 4790 ἁπεσκόρπιζεν,
2785 4724 2814 4775 6
2844 4724 2902 4777 δὲ
2933 4724 3002 4778 τά
3026 4725 3101 4798 μὴ
3131 4727 3237 4781 ἴδια
3266 4732 3330 4800 τῇ
3365 4733 3641 4803 τυραννίδι

2058 4806 2390 4878 διήρπαζεν·
2424 4813 2453 4864 6
2485 4811 2586 4880 μὲν
2623 4814 2916 4884 φιλόσοφον
2949 4816 3062 4886 βίον
3114 4822 3446 4892 μετήρχετο,
3496 4824 3526 4877 6
3582 4824 3642 4879 δὲ

2062 4898 2332 4968 φιλόδικον
2365 4902 2519 4967 τάξιν
2552 4903 2764 4976 διήνυεν
2784 4923 2797 4937 °
2825 4907 2854 4958 6
2886 4907 2986 4978 μὲν
3035 4909 3285 4981 οὐράνιον
3313 4909 3457 4985 εἶχεν
3490 4916 3641 4970 πολί-

2055 5009 2249 5063 τευμα,
2285 4996 2313 5047 6
2340 4994 2397 5048 δὲ
2420 4997 2607 5067 γήϊνον
2632 4997 2789 5069 ἔσχεν
2814 5001 3143 5073 κατάστημα
3163 5020 3178 5036 ο
3208 5005 3237 5057 6
3268 5006 3368 5076 μὲν
3398 5007 3500 5072 τὰς
3521 5012 3636 5079 χεῖ-

2059 5101 2160 5154 ρας
2187 5086 2269 5150 εἰς
2302 5088 2536 5153 ἱκετείας
2566 5088 2852 5158 ἐξέτεινεν,
2881 5094 2910 5145 6
2935 5092 2994 5146 δὲ
3038 5095 3177 5165 πρὸς
3213 5097 3344 5164 τόξα
3382 5100 3477 5152 καὶ
3506 5100 3633 5173 βέλη

2056 5177 2153 5231 καὶ
2182 5176 2312 5248 δόρυ
2347 5181 2442 5232 καὶ
2478 5180 2793 5254 μάχαιραν*
2821 5184 2850 5237 6
2875 5184 2974 5255 μὲν
3013 5187 3140 5250 τοὺς
3170 5189 3503 5255 πεπονθότας
3537 5193 3634 5246 ἀν-

2056 5268 2307 5340 Θρὼπους
2355 5272 2625 5341 ἰάτρευεν,
2676 5276 2706 5328 6
2752 5274 2809 5328 δὲ
2854 5278 2981 5340 τοὺς
3031 5279 3379 5351 ἐρρωμένους
3412 5282 3634 5354 ἐτίτρω-

2057 5379 2218 5416 σκεν·
2255 5364 2349 5418 καὶ
2379 5365 2682 5438 συλλήϐδην
2711 5368 2904 5436 εἰπεῖν,
2933 5372 2962 5423 6
3011 5371 3110 5441 μὲν
3151 5373 3389 5445 οὐρανίῳ
3425 5374 3629 5446 βασιλεῖ
3662 5417 3712 5433 ...

1875 5630 2110 5689 NOTAE.

432 5693 508 5764 (5)
547 5697 679 5754 Cod.
715 5705 860 5774 quod
889 5711 959 5766 ad
991 5712 1162 5772 cmlos
1193 5715 1363 5773 ducit.
