4020 6204
313 258 453 322 3⁸393

1234 257 1532 320 LAUDES
1570 257 1651 319 IN
1689 259 1795 320 SS.
1828 259 2091 322 CYRUM
2132 258 2226 318 ET
2262 253 2634 317 JOANNEM.

3439 251 3579 315 3321‘.

314 368 705 432 συνετάττετο,
738 370 766 423 ό
792 370 847 423 δὲ
873 369 1101 440 ὲπιγείῳ
1131 369 1344 440 βασιλεῖ
1369 370 1759 434 συνωπλίζιτο.
1797 354 1895 424 Τίς

2015 387 2105 426 ius
2153 371 2221 426 ad
2260 366 2717 438 supplicationem
2762 360 3112 427 extendebat,
3154 360 3294 417 alter
3335 378 3467 417 vero
3511 369 3578 420 a‘tt

312 477 404 522 νος
442 459 537 515 οῦν
567 460 732 531 ἔργον
761 463 795 533 ἡ
827 462 1117 533 θαυμαστὴ
1163 463 1369 515 τούτων
1411 463 1634 531 γέγονεν
1660 462 1893 528 ἐνωσις;

320 551 391 602 Ἢ
421 549 507 614 τίς
536 553 564 604 ὁ
589 551 648 604 τὸ
674 552 930 624 διάφορον
952 552 1161 606 ἀνελὼν
1188 554 1283 606 καὶ
1312 553 1557 620 συνάγων
1585 553 1784 615 αὐτοὺς
1820 554 1900 613 ε’ίς

315 641 607 710 ὁμόνοιαν;
651 643 747 707 Τίς
774 644 830 697 δὲ
871 646 900 697 ό
946 646 1044 714 τὴν
1075 644 1250 715 ἀληθῆ
1284 642 1546 712 συζυγίαν
1581 642 1761 696 αὐτῶν
1799 644 1904 715 ἁρ-

320 735 666 803 μοσάμενοςς
700 735 733 806 ἢ
764 735 922 805 δῆλον
949 736 1029 789 ὅτι
1062 736 1295 806 Χριστὸς
1319 736 1451 801 Θεὸς
1478 736 1657 808 ἡμῶν,
1677 738 1703 789 ό
1735 736 1903 790 ποιῶν

324 824 537 895 μεγάλα
571 842 629 878 τε
665 827 757 878 καὶ
790 826 999 891 ἐξαίσια
1022 867 1037 891 ,
1076 824 1263 891 ἐνδοξά
1291 843 1351 879 τε
1379 827 1474 879 καὶ
1501 826 1900 897 ἀνεξιχνίαστα,

317 915 346 967 δ
381 914 551 979 λύσας
579 915 672 969 τοῦ
708 916 965 987 φραγμοῦ
1001 917 1061 969 τὸ
1096 918 1413 987 μεσότοιχον
1439 917 1536 970 καὶ
1570 920 1647 981 είς
1688 916 1746 969 ἒν
1780 934 1906 970 συν-

317 1007 491 1076 δήσας
525 1007 834 1078 ἀμφότερα,
871 1011 898 1061 ό
927 1010 1037 1071 τοῖς
1061 1006 1174 1062 ἄνω
1216 1008 1283 1062 τά
1314 1009 1462 1061 κάτω
1495 1008 1739 1078 συνάψας
1761 1051 1775 1073 ,
1813 1008 1908 1062 καὶ

318 1099 433 1158 τοῖς
471 1099 742 1168 οὐρανίοις
772 1098 1113 1167 συνενεγκὼν
1137 1100 1205 1153 τὰ
1231 1100 1446 1168 ἐπίγεια
1470 1141 1484 1165 ,
1521 1102 1549 1153 ὁ
1584 1098 1806 1169 ἀγαγὼν
1839 1101 1908 1154 τά

322 1189 655 1260 πλανώμενα
685 1189 935 1260 πρόϐατα
964 1192 1059 1244 καὶ
1110 1193 1222 1254 τοῖς
1266 1191 1341 1262 μὴ
1390 1191 1744 1263 πλανηθεῖσιν
1778 1210 1907 1246 συν-

321 1278 487 1349 άψας,
523 1282 619 1334 καὶ
657 1280 715 1334 ἐν
757 1282 823 1334 ἐκ
871 1282 1091 1335 πάντων
1122 1284 1496 1353 ἐργασάμενος
1542 1283 1826 1353 ποίμνιον·
1870 1284 1898 1334 ό

320 1373 424 1443 γῆν
460 1373 561 1444 μὲν
588 1373 864 1444 ἀγγέλοις,
890 1374 1119 1446 οὐρανὸν
1148 1375 1207 1428 δὲ
1236 1375 1399 1445 βατὺν
1430 1374 1739 1447 ἀνθρώποις
1786 1391 1900 1426 τευ·

320 1462 575 1534 ξάμενος.

1998 476 2161 517 arcus
2210 469 2265 515 et
2315 460 2547 529 sagittas
2575 463 2630 512 et
2662 456 2911 509 lanceam
2943 464 2998 509 et
3041 454 3411 517 machaeram;
3443 457 3581 510 alter

2001 556 2251 609 homines
2300 554 2572 622 patientes
2605 549 2856 612 curabat,
2911 546 3048 599 alter
3091 555 3273 600 autem
3330 547 3580 602 homines

2003 646 2307 701 incolumes
2343 641 2688 695 vulnerabat.
2731 637 2799 692 Et
2832 648 2891 692 ut
2946 638 3260 693 summatim
3308 638 3581 704 dicamus,

2005 736 2144 789 alter
2187 747 2310 787 cum
2354 730 2566 785 caelesti
2617 743 2745 796 rege
2792 727 3238 791 construebatur,
3275 727 3411 781 alter
3448 743 3583 781 vero

2004 841 2131 882 cum
2170 832 2391 879 terreno
2450 821 2765 875 armabatur
2793 820 3149 888 imperatore.
3184 816 3359 887 Cujus
3394 819 3584 888 itaque

2005 931 2192 986 Opere,
2228 914 2498 968 mirabilis
2543 912 2736 965 borum
2786 909 2924 963 facta
2970 917 3053 963 est
3084 908 3305 963 unitas?
3330 910 3412 964 vel
3458 910 3584 979 quis

2005 1005 2388 1061 diversitatem
2418 1002 2671 1068 abstulit,
2702 1008 2756 1055 et
2790 1015 2886 1055 eos
2929 1000 2994 1053 ad
3036 1000 3299 1053 unitatem
3332 1001 3587 1071 collegit?

2006 1099 2132 1168 quis
2170 1103 2357 1148 autem
2387 1108 2579 1147 eorum
2628 1100 2734 1156 est,
2766 1091 2857 1161 qui
2905 1104 3089 1145 veram
3134 1090 3585 1157 coniunctionem

2006 1185 2252 1259 aptavit?
2278 1200 2345 1239 au
2371 1183 2561 1254 procul
2596 1183 2763 1236 dubio
2790 1182 3047 1236 Christus
3076 1179 3341 1236 Dominus
3373 1194 3585 1244 noster,

2006 1279 2099 1347 qui
2130 1277 2261 1330 facit
2292 1290 2487 1346 magna
2525 1282 2579 1327 et
2619 1273 2889 1326 mirabilia
2936 1273 3172 1344 gloriosa
3205 1282 3259 1327 et
3286 1274 3587 1342 investiga-

2010 1371 2139 1425 bilia
2162 1370 2186 1423 ?
2213 1370 2308 1439 qui
2340 1368 2505 1424 solvit
2531 1367 2768 1421 medium
2799 1369 3062 1435 parietem
3096 1367 3369 1429 maceria},
3400 1374 3452 1420 et
3483 1365 3591 1418 col'

2010 1460 2147 1529 ligat
2177 1461 2231 1513 in
2268 1475 2432 1514 unum
2478 1467 2747 1529 utraque;
2780 1458 2872 1527 qui
2916 1457 3297 1527 superioribus
3325 1455 3588 1510 inferim‘a

321 1558 553 1619 inseruit
577 1564 631 1611 et
660 1557 976 1614 cmleslibus
1009 1560 1291 1615 terrestria
1321 1560 1587 1627 contulit;
1624 1560 1717 1630 qui
1764 1556 1978 1613 reducit
2008 1561 2258 1612 errantes
2292 1567 2445 1615 oves,
2483 1560 2539 1605 et
2568 1552 2655 1606 bis
2689 1565 2810 1619 quae
2837 1564 2943 1603 non
2968 1556 3306 1603 erraverunt
3358 1548 3590 1613 adunat,

327 1666 382 1709 et
414 1670 580 1708 unum
637 1669 704 1709 ex
751 1655 1011 1712 omnibus
1064 1665 1149 1712 est
1201 1666 1460 1725 operatus
1515 1654 1693 1716 ovile;
1729 1656 1821 1723 qui
1864 1659 2068 1707 terram
2101 1648 2321 1720 quidem
2350 1645 2585 1715 angelis,
2618 1645 2818 1698 omium
2855 1650 3037 1695 autem
3082 1640 3593 1710 perriumboiuinio

323 1747 428 1802 bus
446 1747 747 1803 fabricatus
769 1755 873 1804 est.

399 1837 487 1909 ιβ’.
517 1839 774 1910 Εἴπωμεν
813 1841 910 1895 καὶ
946 1841 1108 1912 ἡμεῖς
1144 1841 1285 1913 μετά
1316 1832 1411 1895 τοῦ
1446 1840 1742 1912 ψάλλοντος
1771 1855 1905 1909 προ·
1939 1841 1981 1899 Β

325 1929 500 1997 φήτου
544 1929 641 1999 τὴν
685 1929 858 2001 λύραν
894 1932 1259 2002 ἁρμόσαντες,
1307 1931 1491 2002 Κύρου
1517 1931 1611 1984 καὶ
1653 1931 1905 1984 Ἰωάννου

321 2021 425 2088 τὴν
457 2019 607 2073 θείαν
636 2019 871 2092 δρῶντες
907 2022 1205 2091 συνάφειαν
1231 2039 1244 2054 ο
1281 2023 1451 2086 ὄντως
1503 2041 1522 2074 ι
1564 2021 1714 2093 Αὕτη
1742 2024 1776 2092 ἠ
1813 2021 1909 2075 ἀλ-

321 2112 544 2178 λοίωσις
600 2114 696 2185 τῆς
725 2113 906 2179 δεξιᾶς
947 2114 1041 2169 τοῦ
1080 2116 1358 2186 Ὑψίστου,
1395 2139 1414 2169 ι
1449 2117 1517 2170 δι’
1547 2111 1614 2187 ἦς
1648 2117 1696 2169 oi
1735 2115 1908 2186 μωροὶ

333 2205 663 2275 σοφίζονται,
728 2206 822 2259 καὶ
873 2207 1243 2277 μωραίνουσιν
1277 2192 1326 2260 oi
1363 2207 1666 2276 σοφώτατοι
1690 2223 1702 2238 ο
1741 2208 1809 2260 δι’
1839 2200 1910 2279 ἧς

336 2297 496 2360 ἁλιεῖς
525 2294 857 2362 ἀλιεύονται,
887 2299 982 2349 καὶ
1007 2296 1367 2349 τελωνοῦνται
1395 2296 1648 2359 τελῶναι,
1682 2295 1775 2347 καὶ
1814 2294 1908 2363 λῃ-

332 2386 449 2440 σταὶ
501 2385 893 2457 ληστεύονταιο
933 2405 951 2437 ι
990 2385 1138 2458 Αὕτη
1174 2388 1207 2457 ἡ
1253 2385 1539 2448 ἀλλοίωσις
1585 2384 1686 2455 τῆς
1729 2385 1908 2449 δεξιᾶς

328 2476 423 2531 τοῦ
462 2476 744 2547 Ὑψίστου,
784 2497 801 2528 ι
841 2477 909 2531 δι’
950 2472 1019 2550 ἦς
1053 2480 1101 2531 οί
1123 2478 1313 2545 τυφλοὶ
1362 2476 1782 2540 ἀναϐλέπουσιν,
1816 2477 1911 2529 καὶ

324 2564 519 2638 τυφλδι
564 2572 614 2623 οἱ
666 2570 956 2639 βλέποντες
1006 2569 1283 2638 γίνονται’
1314 2569 1382 2623 δι’
1410 2563 1477 2639 ἧς
1509 2566 1823 2635 εὐλογοῦσιν
1862 2566 1912 2619 οί

331 2662 673 2732 βλάσφημοι,
705 2662 801 2715 καὶ
832 2661 1177 2714 διδάσκουσιν
1206 2661 1256 2714 oi
1286 2659 1631 2713 ἀπαίδευτον
1679 2658 1746 2710 δι’
1771 2653 1838 2731 ἧς
1862 2658 1913 2710 οί

333 2752 540 2805 ἰδιῶται
566 2752 961 2823 θαυμάζονται,
991 2753 1086 2805 καὶ
1112 2755 1159 2805 οἰ
1192 2751 1372 2820 λόγοις
1392 2750 1698 2821 αὐχοῦντες
1718 2749 1912 2819 χλευά-

333 2844 550 2910 ζονται*
580 2844 646 2898 δι’
680 2841 748 2917 ἧς
799 2846 849 2897 oi
898 2845 1257 2917 ἀγράμματοι
1290 2843 1698 2914 ῥητορεύουσιν,
1732 2842 1823 2894 καὶ
1865 2843 1913 2894 οῖ

333 2937 568 3007 ῥήτορες
593 2936 1030 3006 ἀγροικίζουσιν’
1071 2954 1089 2987 ι
1131 2934 1279 3004 Αὕτη
1311 2935 1344 3006 ἡ
1377 2933 1663 2995 ἀλλοίωσις
1695 2933 1793 3002 τῆς
1827 2932 1913 2984 δε-

334 3025 456 3089 ξιᾶς
502 3026 594 3078 τοῦ
638 3027 921 3097 Ὑψίστου,
965 3045 982 3078 ι
1022 3025 1090 3079 δι’
1134 3021 1203 3097 ἧς
1250 3023 1621 3093 πτωχεύουσιν
1671 3022 1914 3075 πλούσιοι

335 3117 431 3170 καὶ
461 3117 783 3172 πλουτοῦσιν
814 3121 862 3171 οἱ
898 3118 1151 3189 πένητες,
1182 3116 1249 3169 δι’
1282 3112 1350 3187 ἦς
1380 3116 1593 3169 δυνατοὶ
1627 3115 1726 3184 μὲν
1754 3114 1916 3184 ipos-

340 3225 513 3277 νησαν
543 3211 635 3261 καὶ
664 3209 911 3270 ἀσθενεῖς
941 3209 1172 3278 δύναμιν
1203 3206 1629 3280 περιζώννυνται
1651 3223 1663 3235 ’
1715 3226 1732 3256 ι
1768 3205 1913 3274 Αὕτη

336 3306 369 3372 ή
424 3303 708 3365 ἀλλοίωσις
749 3303 849 3372 τῆς
896 3299 1071 3366 δεξιᾶς
1114 3301 1207 3353 τοῦ
1263 3299 1544 3371 Ὑψίστου,
1582 3316 1602 3349 ι
1655 3298 1723 3351 δι’
1772 3294 1838 3369 ἧς
1882 3300 1915 3369 ἡ

338 3397 532 3464 στείρα
565 3394 892 3456 πολύτεκνος
942 3394 1037 3447 καὶ
1089 3393 1315 3456 ἄτεκνος
1347 3396 1378 3461 ἡ
1422 3391 1747 3454 πολύτεκνος
1774 3391 1919 3459 γίνε-

336 3504 429 3539 ται
451 3502 464 3515 ⁸
495 3485 560 3538 δι’
590 3479 660 3557 ἧς
692 3485 949 3537 δυνάσται
995 3482 1105 3535 τῶν
1137 3482 1344 3552 θρόνων
1385 3480 1742 3534 καθέλκονται
1766 3522 1781 3544 ,
1823 3479 1918 3531 καὶ

342 3576 548 3647 πτωχοὶ
576 3579 670 3628 καὶ
690 3575 922 3645 πένητες
958 3572 1067 3626 ἀπὸ
1099 3572 1332 3642 κοπρίας
1360 3571 1711 3624 ἀνίστανται·
1754 3569 1822 3623 δι’
1849 3565 1917 3643 ἧς

345 3668 448 3737 δρη
483 3670 581 3720 καὶ
631 3666 808 3737 βουνοί
841 3665 1286 3725 τεταπείνωνται,
1325 3664 1419 3715 καὶ
1456 3664 1511 3714 αί
1544 3661 1753 3731 βαθεῖαι
1801 3679 1919 3715 κοι-

341 3758 495 3822 λάδες
527 3759 914 3829 πεπλήρωνται
936 3775 949 3787 ·
996 3757 1062 3810 δι’
1087 3752 1154 3829 ἦς
1185 3754 1458 3819 ἐξισοῦται
1486 3754 1556 3807 τὰ
1586 3754 1798 3818 σκολιὰ,
1827 3754 1919 3807 καὶ

342 3852 399 3903 al.
424 3852 674 3922 τραχεῖαι
700 3849 878 3921 τρίὸοι
909 3847 1224 3901 εὐθύνονται
1248 3863 1260 3876 ·
1312 3865 1330 3897 ι
1362 3845 1512 3913 Αὕτη
1543 3846 1723 3899 τοίνυν
1757 3848 1789 3917 ἡ
1826 3846 1920 3899 ἀλ-

342 3942 558 4006 λοίωσις
599 3936 699 4011 τῆς
728 3940 907 4007 δεξιᾶς
932 3939 1025 3993 τοῦ
1064 3938 1350 4009 Ὑψίστου,
1385 3955 1405 3987 ι
1442 3936 1508 3990 δι’
1537 3933 1601 4008 ἦς
1630 3936 1790 3999 λύκος
1816 3939 1918 4009 ἀρ-

345 4034 445 4104 νίῳ
478 4032 868 4103 συμϐόσκεται,
904 4031 1000 4085 καὶ
1044 4031 1309 4101 πάρδαλις
1349 4031 1441 4083 καὶ
1469 4028 1669 4099 ταῦρος
1699 4029 1792 4082 καὶ
1821 4047 1920 4100 μοο

347 4124 570 4192 σχάριον
598 4122 715 4192 ἅμα
747 4124 1004 4192 νέμονται
1034 4120 1208 4175 λέοντι
1243 4121 1340 4173 mi.
1390 4120 1495 4173 ὑπὸ
1550 4118 1750 4190 μικροῦ
1792 4137 1920 4173 παι-

344 4213 461 4265 δίου
487 4213 894 4283 ποιμαίνονταιο
920 4212 989 4266 δι’
1017 4208 1085 4284 ἦς
1129 4213 1329 4279 ἄρκτος
1364 4210 1459 4265 καὶ
1499 4210 1624 4280 βοῦς
1658 4211 1752 4265 καὶ
1784 4210 1921 4263 λέων

343 4304 618 4358 ἐσθίουσιν
667 4306 865 4374 ἄχυρα,
916 4304 1011 4358 καὶ
1056 4301 1345 4376 εἰρηναίως
1388 4302 1569 4355 αὐτῶν
1609 4300 1679 4354 τὰ
1734 4303 1924 4357 παιδία

347 4394 838 4460 συναγελάζονται·
889 4394 958 4447 δι’
1008 4389 1076 4467 ἧς
1111 4395 1203 4447 ἐπὶ
1243 4392 1496 4464 τρώγλην
1542 4392 1783 4445 ἀσπίδων
1828 4394 1923 4447 καὶ

344 4488 533 4556 κοίτην
577 4487 820 4555 ἐγγόνων
862 4485 1041 4540 αὐτῶν
1085 4486 1362 4540 ἐπιϐάλλει
1386 4487 1573 4556 χεῖρας
1594 4485 1816 4553 ἀφόϐως
1854 4486 1922 4538 τὰ

348 4581 521 4647 νήπια
548 4595 561 4608 ο
596 4577 885 4633 ἀπολλύειν
912 4579 1019 4647 γὰρ
1067 4579 1115 4630 οί
1147 4579 1295 4645 δφεις
1337 4576 1477 4630 αύτά
1525 4576 1557 4646 ἢ
1608 4578 1922 4629 κακοποιεῖν

347 4672 450 4723 οὐκ
483 4670 778 4740 ἰσχύουσιν.
831 4689 849 4724 ι
880 4669 1030 4742 Δῦτη
1070 4666 1164 4723 οὖν
1209 4668 1376 4733 ὅντως
1422 4669 1456 4739 ἡ
1505 4667 1787 4731 ἀλλοίωσις
1823 4669 1922 4738 τῆς

348 4765 528 4830 δεξιᾶς
556 4763 652 4817 τοῦ
695 4763 952 4834 Ὑψίστου
982 4782 1002 4815 ι
1038 4763 1397 4831 καθέστηκεν,
1431 4762 1553 4832 ἥτις
1595 4761 1690 4813 καὶ
1740 4759 1923 4832 Κῦρον

346 4856 443 4906 καὶ
489 4854 744 4923 Ἰωάννην
793 4856 870 4917 εἰς
913 4852 1168 4924 ὁμόνοιαν
1201 4852 1428 4923 ἢγαγεν,
1479 4851 1572 4902 καὶ
1610 4851 1691 4913 είς
1742 4849 1924 4903 ἑστίαν

350 4946 484 5016 μίαν
515 4944 845 5014 κατῴκισεν,
882 4945 976 4997 καὶ
1009 4944 1154 5013 ἄθλῳ
1182 4944 1262 4995 ἐνὶ
1306 4941 1413 5013 πρὸ
1445 4941 1538 4994 τοῦ
1581 4941 1768 5001 τέλους
1807 4942 1926 4994 ἐκό-

349 5057 583 5111 σμησεν,
616 5042 709 5095 καὶ
742 5040 872 5112 δόξῃ
920 5041 1014 5110 μιᾷ
1067 5037 1207 5108 μετά
1238 5038 1298 5090 τὸ
1334 5036 1484 5100 τέλος
1530 5037 1804 5103 ἐδόξασεν,
1836 5037 1927 5090 καὶ

349 5133 602 5203 στεφάνῳ
630 5135 710 5187 ἐνὶ
734 5134 859 5197 τοὺς
886 5132 1213 5203 νικηφόρους
1234 5130 1492 5200 ἐτίμησεν
1509 5146 1522 5159 ·
1552 5116 1927 5192 ἀπόστολικιῖς

236 5235 253 5254 ι
347 5226 461 5297 γὰρ
503 5225 594 5279 τὸν
638 5225 839 5296 δρόμον
886 5224 1210 5285 τελέσαντας
1254 5222 1349 5274 καὶ
1389 5221 1487 5290 τὴν
1528 5219 1707 5273 πίστιν
1753 5220 1929 5290 τηρή-

351 5335 555 5381 σαντας
598 5317 707 5370 τῶν
751 5315 1129 5386 ἀποκειμένων
1174 5316 1286 5378 τοῖς
1335 5310 1599 5374 τοιούτοις
1650 5313 1928 5382 στεφάνων

348 5410 604 5479 ἠξίωσεν.

2090 1833 2174 1887 12.
2207 1830 2466 1885 Dicamus
2496 1841 2629 1897 ergo
2659 1832 2713 1879 et
2751 1840 2849 1879 nos
2872 1838 2995 1877 cum
3030 1823 3297 1892 psallente
3332 1825 3592 1895 propheta

2010 1928 2180 1999 lyram
2206 1932 2482 1993 aptantes,
2514 1934 2577 1973 ac
2611 1916 2840 1972 Joannis
2871 1926 2922 1970 et
2952 1915 3077 1987 Cyri
3106 1931 3318 1970 sacram
3350 1919 3595 1973 videntes

2010 2022 2444 2077 connexionem:
2494 2032 2620 2069 vere
2662 2034 2681 2067 ι
2721 2014 2844 2070 "me
2868 2023 2950 2069 est
3005 2014 3314 2069 immutatio
3359 2013 3596 2067 dextera:

2011 2112 2225 2167 Excelsi
2261 2110 2326 2174 η’,
2366 2128 2385 2161 ι
2433 2125 2527 2179 per
2577 2124 2741 2179 quam
2776 2108 2926 2163 stulti
2957 2109 3231 2175 sapientes
3261 2106 3594 2167 eﬂieiuutur.

2010 2214 2066 2263 et
2146 2203 2488 2279 infamantur
2555 2199 2967 2269 sapientissimi;
3049 2213 3143 2271 per
3191 2212 3353 2267 quam
3421 2198 3598 2266 pisca-

2014 2306 2162 2353 tores
2192 2299 2367 2351 instar
2399 2297 2628 2365 piscium
2664 2293 2975 2361 capiuntur,
3025 2299 3078 2346 et
3121 2290 3372 2345 telonarii
3428 2292 3599 2343 vecti-

2014 2392 2214 2463 galium
2251 2394 2751 2445 more/Sumuntur,
2774 2393 2848 2455 _et
2898 2384 3138 2438 latrones
3187 2398 3251 2437 ac
3283 2391 3597 2452 persecuto-

2014 2498 2104 2537 res
2192 2478 2539 2534 latrocinium
2623 2483 2679 2530 et
2763 2477 3199 2544 persecutionem
3296 2476 3611 2545 patiunur.‘

2021 2575 2179 2631 «Haec
2227 2583 2308 2628 est
2368 2573 2677 2626 immutatio
2700 2569 2936 2623 desterze
2966 2568 3203 2633 Excelsi,
3243 2587 3261 2619 ι
3309 2582 3404 2637 ρετ
3435 2581 3596 2635 quam

2015 2669 2145 2723 eieci
2208 2665 2612 2728 illuminantur,
2652 2670 2705 2717 et
2750 2661 2840 2732 qui
2889 2662 3077 2714 vident
3112 2661 3242 2714 caeci
3278 2661 3449 2726 limit;
3503 2674 3599 2729 per

2017 2775 2185 2830 qumn
2224 2758 2559 2813 benedicunt
2587 2753 2914 2824 blasphemi,
2946 2763 2999 2807 et
3031 2753 3253 2807 discunt
3293 2752 3550 2806 ineruditi
3578 2767 3596 2816 ;

2018 2870 2115 2924 per
2138 2868 2302 2921 quam
2329 2852 2512 2905 idiota:
2540 2849 2591 2902 iu
2616 2847 2979 2901 admiratione
3011 2846 3305 2908 habentur,
3340 2853 3392 2898 et
3423 2845 3514 2913 qui
3543 2845 3597 2898 in

2018 2946 2198 2999 verbis
2265 2944 2573 3013 gloriantur
2619 2940 2817 2994 merito
2877 2939 3228 3003 deridentur;
3288 2953 3384 3007 per
3434 2951 3597 3005 quam

2021 3038 2266 3091 illiterati
2296 3034 2660 3094 rbetorizant,
2680 3039 2733 3085 et
2759 3031 3007 3083 rhetores
3028 3040 3245 3096 agreste
3278 3028 3596 3097 loquuntur.

2027 3146 2045 3179 ι
2088 3126 2211 3180 Haec
2248 3137 2330 3180 est
2358 3124 2668 3179 immutatio
2699 3125 2937 3177 dexterae
2974 3121 3214 3186 Excelsi,
3259 3138 3278 3171 ι
3314 3135 3408 3189 per
3434 3134 3598 3189 quant

2025 3230 2292 3285 pauperes
2313 3213 2643 3273 ellieiuntur,
2670 3211 2971 3280 loeupletes
2997 3225 3011 3273 ;
3043 3217 3090 3262 et
3127 3209 3375 3261 ditantur
3397 3223 3601 3277 paupe-

2021 3317 2138 3369 res;
2158 3320 2250 3371 per
2269 3317 2427 3370 quam
2452 3301 2618 3353 fortes
2637 3298 2892 3352 iulirmati
2912 3305 3058 3362 sunt,
3079 3305 3131 3351 et
3150 3295 3349 3350 inﬁrmi
3369 3295 3600 3349 accincti

2019 3406 2147 3449 sunt
2192 3393 2390 3447 robore
2433 3391 2553 3465 [per
2580 3407 2744 3461 quam
2789 3390 3017 3445 satietas
3050 3390 3230 3443 esurit
3280 3396 3335 3441 et
3386 3388 3602 3442 esuries

2022 3488 2254 3540 satiatur
2304 3482 2429 3556 (6).]
2476 3502 2493 3533 ι
2548 3481 2673 3535 Haec
2711 3491 2795 3536 est
2858 3480 3166 3534 immutatio
3216 3482 3455 3534 dextera:
3498 3478 3601 3531 Ex-

2022 3580 2175 3638 eelsi.
2215 3596 2234 3629 ι
2296 3592 2394 3648 per
2438 3591 2602 3645 quam
2642 3574 2848 3629 sterilis
2896 3572 3156 3637 fecunda,
3205 3581 3261 3624 et
3300 3571 3598 3623 multorum

2022 3677 2275 3723 natorum
2311 3673 2482 3720 mater
2505 3663 2740 3718 cﬂicitur
2776 3661 3110 3727 infecunda;
3146 3677 3241 3731 per
3287 3677 3450 3731 quam
3505 3677 3601 3732 po-

2024 3771 2203 3816 tentes
2251 3776 2280 3813 a
2317 3759 2472 3814 soliis
2520 3759 2892 3827 deponuntur,
2939 3763 2994 3809 et
3045 3770 3315 3824 pauperes
3344 3763 3395 3809 et
3445 3755 3600 3824 egeni

2023 3855 2242 3911 exaltati
2281 3854 2347 3908 de
2394 3860 2642 3907 stercore
2689 3848 3019 3919 prtesident;
3062 3862 3159 3916 per
3189 3861 3350 3917 quam
3388 3857 3603 3901 montes

2024 3956 2079 4001 et
2111 3946 2281 4000 colles
2317 3942 2699 4004 humiliantur,
2739 3948 2793 3995 et
2825 3938 3114 4009 profundae
3142 3939 3421 4007 replentur
3466 3954 3600 3993 con-

2028 4039 2220 4104 valles;
2260 4051 2357 4106 per
2402 4037 2566 4105 quain
2600 4043 2891 4103 azquautur
2927 4046 3118 4102 prava,
3163 4041 3214 4086 et
3260 4045 3465 4101 aspera!
3512 4048 3603 4087 sc-

2027 4134 2171 4186 mitaz
2202 4135 2375 4202 plaure
2410 4129 2845 4184 constituuntur.
2884 4146 2903 4178 ι
2939 4126 3064 4181 Haec
3080 4133 3163 4181 est
3198 4127 3379 4195 itaque
3409 4125 3605 4179 immu-

2028 4224 2158 4277 tatio
2190 4221 2429 4276 dexterae
2466 4218 2699 4281 Excelsi,
2734 4237 2753 4270 ι
2787 4232 2885 4287 per
2907 4232 3074 4287 quam
3108 4217 3274 4286 lupus
3315 4233 3437 4270 eum
3466 4233 3605 4286 agno

2028 4314 2228 4384 pabula
2289 4312 2477 4371 sumit,
2532 4321 2583 4365 et
2616 4309 2824 4379 pardus
2880 4324 3005 4363 eum
3059 4307 3216 4362 iime
3249 4309 3509 4379 quiescit,
3550 4318 3605 4363 (οι

2031 4416 2223 4461 taurus
2252 4412 2415 4473 atque
2442 4403 2650 4457 vitulus
2684 4402 2849 4457 simul
2884 4416 3007 4455 cum
3040 4401 3195 4455 leone
3233 4410 3535 4471 pascuntur
3572 4418 3603 4456 a

1956 4515 1999 4569 ι)
2030 4509 2309 4567 pueroque
2346 4509 2513 4563 parvo
2546 4492 2860 4559 minantur;
2892 4508 2989 4562 per
3020 4506 3183 4562 quam
3219 4508 3384 4547 ursus
3417 4505 3470 4547 et
3505 4493 3603 4549 bos

2019 4596 2073 4642 et
2103 4589 2186 4642 leo
2216 4586 2515 4642 comedunt
2567 4586 2776 4656 paleas,
2812 4592 2868 4639 et
2911 4599 3035 4638 cum
3071 4585 3152 4640 eis
3192 4587 3419 4656 pacilice
3452 4589 3603 4654 pueri

2021 4685 2457 4750 congregantur;
2493 4693 2589 4747 per
2624 4694 2786 4748 quam
2839 4691 3008 4747 super
3044 4676 3291 4732 fmamen
3326 4678 3599 4747 asp‘ulum,

2022 4782 2075 4826 et
2100 4772 2280 4826 cubile
2307 4779 2560 4824 natorum
2590 4769 2870 4839 aspidum,
2891 4771 3114 4823 mittunt
3137 4785 3333 4824 manus
3357 4785 3484 4824 suas
3517 4772 3601 4821 iu-

2025 4861 2222 4933 trepidi
2274 4862 2520 4933 parvuli;
2556 4862 2784 4932 perdere
2812 4862 3015 4931 quippe
3048 4872 3337 4930 serpentes
3382 4878 3476 4916 eos
3517 4861 3601 4913 vel

2024 4954 2167 5008 male
2197 4952 2379 5008 facere
2402 4953 2622 5006 minime
2649 4953 2968 5021 praevalent.
3001 4968 3021 5002 ι
3054 4948 3181 5005 Haec
3207 4952 3375 5021 igitur
3402 4952 3601 5003 immu-

2024 5046 2159 5099 tatio
2188 5045 2424 5100 dextera:
2448 5041 2661 5097 Excelsi
2696 5061 2713 5094 ι
2753 5042 3023 5104 constitit,
3053 5058 3173 5113 qua»
3207 5044 3367 5096 etiam
3403 5044 3600 5113 Cyrum

2010 5116 2185 5206 [atque
2202 5133 2463 5189 Joannem
2483 5133 2551 5187 ad
2580 5133 2930 5188 concordiam
2956 5134 3131 5196 duxit,
3158 5142 3209 5187 et
3237 5135 3286 5187 in
3309 5148 3411 5186 una
3438 5131 3603 5185 domo

2026 5227 2259 5292 locavit;
2305 5234 2360 5280 et
2416 5225 2718 5279 certamine
2750 5240 2861 5279 uno
2906 5232 3032 5279 ante
3063 5226 3222 5278 linem
3257 5222 3496 5285 ornavit,
3547 5230 3602 5276 et

2028 5318 2201 5387 gloria
2260 5330 2367 5371 una
2426 5323 2551 5385 post
2607 5326 2835 5369 mortem
2888 5315 3235 5384 glorit‘uavit,
3289 5322 3341 5368 et
3397 5326 3602 5366 corona

2032 5422 2138 5460 una
2208 5403 2697 5459 vietoriosissimos
2772 5403 3099 5467 honoravit;
3166 5417 3387 5455 cursum
3455 5414 3607 5451 nan-

347 5521 455 5571 que
495 5502 799 5573 apostolica
845 5510 1317 5566 consummantes,
1356 5500 1627 5569 ﬁdemque
1668 5511 1978 5571 servantes,
2009 5516 2251 5556 coronas
2298 5515 2420 5571 quae
2456 5496 2771 5571 bujusmodi
2809 5506 2938 5554 sunt
2982 5495 3233 5566 repositae
3266 5500 3605 5549 mermruut.

421 5600 465 5628 υ
492 5595 640 5650 Psal.
670 5609 853 5661 um,
892 5596 978 5649 ll.

1882 5656 2106 5713 ΝΟΤιΕ.

425 5766 500 5837 (6)
540 5762 664 5819 limc
706 5763 1030 5819 exciderunt
1056 5776 1085 5815 a
1113 5768 1260 5817 textu
1290 5757 1500 5814 Graeco.
