4020 6204
467 280 609 342 3335

537 388 622 444 13.
647 383 765 441 Sed
813 399 916 441 nec
967 383 1121 455 prius
1163 383 1311 440 beati
1351 383 1446 440 isti
1509 385 1758 440 moribus
1810 382 2120 444 invicemA

466 479 886 549 impugnabant,
944 492 1044 531 nec
1077 476 1558 531 conversationem
1610 474 1833 531 sibimet
1880 474 2049 529 liabe-

467 574 597 623 baut
625 567 987 630 contrariam,
1017 566 1277 633 quoniam
1306 566 1558 621 monachi
1590 565 1766 637 Cyrus
1832 565 2044 629 habitu,

475 659 671 712 militis
719 670 850 711 vero
904 656 1044 711 stola
1074 653 1316 711 Joannes
1350 657 1907 720 circunnlaretur;et
1955 654 2048 708 ille

467 747 611 806 ovis.
645 748 733 801 hic
766 761 896 801 vero
925 747 1035 816 lupi
1067 747 1207 818 pelle
1243 747 1597 813 indueretur;
1633 758 1871 817 uterque
1898 747 2045 800 enim

466 845 743 900 sacratus,
784 844 1015 907 uterque
1066 838 1266 902 bonus,
1298 846 1530 906 uterque
1581 852 1770 902 verax,
1815 848 2047 906 uterque

465 930 584 983 sine
620 929 832 982 macula
858 966 874 990 .
917 937 1146 996 uterque
1191 928 1397 996 justus,
1429 939 1656 997 uterque
1700 927 1793 982 Dei
1843 930 2043 993 cultor,

467 1029 697 1087 uterque
728 1018 1106 1087 simplicitate,
1141 1018 1255 1087 lege
1295 1032 1358 1072 ac
1386 1017 1674 1087 disciplina
1716 1033 1808 1072 seu
1843 1033 2039 1086 przece-

464 1117 622 1180 ptore
640 1112 851 1177 plenus,
874 1108 1330 1177 quemadmodum
1355 1108 1480 1165 linis
1497 1125 1685 1164 eorum
1710 1119 1763 1163 et
1782 1110 2045 1165 divinitus

466 1201 550 1255 eis
592 1200 720 1254 data
752 1200 1090 1253 charismata
1120 1200 1495 1254 testimonium
1521 1199 1894 1269 praebuerunt.
1926 1199 2044 1254 Non

466 1292 613 1345 enim
647 1290 773 1346 illos
825 1299 1038 1344 tantum
1076 1290 1297 1344 habitus
1354 1290 1725 1357 discernebat,
1777 1298 2044 1358 quantum

469 1381 593 1437 ﬁdei
623 1382 922 1436 collocatio
953 1383 1348 1452 comparabat;
1383 1398 1485 1437 nec
1510 1391 1719 1436 tantum
1748 1383 2045 1451 repromis-

468 1474 554 1528 sio
582 1473 904 1543 separabat,
940 1483 1204 1542 quantum
1236 1488 1331 1529 eos
1377 1473 1549 1543 pietas
1585 1472 1910 1541 cupulabat:
1945 1487 2046 1528 nec

470 1572 676 1618 tantum
726 1563 810 1619 his
844 1564 1159 1618 distantiam
1212 1574 1358 1619 artes
1390 1565 1749 1634 praestabant,
1784 1574 2042 1632 quantam

466 1655 910 1709 communionem
963 1670 1090 1722 spes
1120 1655 1380 1710 donabat.
1413 1654 1516 1721 Qui
1562 1657 1706 1710 enim
1736 1655 1806 1710 ab
1849 1655 2039 1710 eadem

466 1753 598 1799 sunt
630 1746 816 1800 habitu
850 1746 976 1809 ﬁde,
1011 1748 1216 1803 similes
1256 1763 1473 1817 quoque
1521 1756 1576 1801 et
1605 1748 1847 1801 moribus
1872 1747 2039 1811 ﬁent;

464 1845 519 1890 et
550 1836 645 1904 qui
698 1836 791 1890 uni
854 1836 1039 1904 pietati
1094 1836 1334 1891 studium
1384 1834 1785 1906 impenderunt,
1832 1836 2039 1889 eisdem

465 1927 632 1981 etiam
704 1927 921 1981 actibus
975 1937 1307 1995 operantur;
1369 1938 1422 1982 et
1489 1928 1584 1996 qui
1661 1926 1727 1979 ad
1796 1926 2042 1981 eamdem

466 2018 704 2089 speciem
748 2018 1070 2086 inspiciunt,
1106 2015 1313 2071 eisdem
1351 2024 1580 2071 utuntur
1608 2017 1916 2072 annisibus.

540 2108 630 2165 M.
665 2108 821 2164 Unde
872 2110 1123 2165 Christus
1162 2109 1402 2163 omnium
1443 2108 1587 2163 Deus
1619 2118 1674 2162 et
1713 2110 2039 2163 universita-

466 2200 541 2255 tis
588 2199 855 2255 Dominus
893 2215 956 2254 ac
1001 2200 1333 2264 moderator,
1370 2199 1459 2268 qui
1500 2207 1695 2253 cuncta
1736 2199 1886 2254 novit
1919 2209 2045 2256 ante

466 2308 630 2363 quam
654 2301 712 2345 ut
732 2300 918 2346 essent
942 2290 1156 2350 tierent.
1172 2290 1266 2361 qui
1288 2290 1458 2343 corda
1481 2299 1764 2344 scrutatur
1781 2300 1835 2345 et
1858 2305 2041 2357 renes,

466 2382 729 2455 quoniam
767 2398 877 2436 non
911 2381 1320 2437 dmmientibus
1361 2381 1540 2435 oculis
1578 2382 1792 2436 occulta
1835 2381 2038 2435 homi--

468 2491 600 2531 num
627 2474 871 2543 inspicit,
896 2473 961 2528 ad
994 2487 1159 2527 unam
1191 2471 1418 2540 gloriam
1458 2481 1727 2543 martyres
1759 2473 1897 2527 istos
1924 2488 2045 2542 per-

468 2564 651 2627 duxit,
683 2572 737 2618 et
767 2578 937 2617 unum
979 2562 1201 2631 utrique
1234 2562 1465 2617 contulit
1496 2563 1728 2615 cultum.
1767 2561 1861 2616 Est
1899 2562 2043 2616 enim

470 2658 590 2712 sine
623 2670 981 2726 personarum
1012 2655 1333 2723 acceptione
1357 2652 1550 2722 judex,
1603 2660 1658 2707 et
1697 2651 1911 2722 pondus
1951 2652 2044 2721 ju—

471 2756 617 2801 stum
651 2758 738 2801 est
768 2745 910 2816 apud
963 2760 1112 2812 eum,
1142 2752 1196 2799 et
1237 2752 1437 2798 statera
1468 2758 1589 2810 quae
1636 2743 1843 2821 injusto
1886 2744 2044 2797 nutui

469 2855 579 2893 non
616 2838 945 2903 inclinatur;
991 2836 1085 2906 qui
1120 2835 1412 2906 unicuique
1460 2834 1663 2890 librare
1711 2836 1866 2890 novit
1898 2835 2044 2905 quod

468 2929 679 2999 justum
711 2939 795 2985 est
815 2928 1119 2984 secundum
1157 2942 1316 2982 suum
1349 2925 1614 2990 laborem,
1643 2924 1806 2997 eique
1832 2942 2042 2981 merce-

471 3025 593 3079 dem
628 3025 902 3093 propriam
925 3021 1112 3076 donat.
1144 3021 1280 3074 llinc
1309 3006 1797 3092 Cyri‘Joannisque
1820 3022 2040 3091 parilem

473 3116 529 3171 in
558 3116 856 3170 virtutibus
889 3116 1069 3170 sciens
1104 3114 1391 3177 honorem,
1436 3127 1603 3168 unum
1639 3113 1803 3168 etiam
1850 3123 2044 3167 contu-

473 3204 536 3259 lit
574 3204 789 3272 utrique
818 3204 872 3256 in
905 3200 1264 3257 sacratissimi
1294 3198 1460 3254 Marci
1485 3200 1813 3254 celebrando
1843 3201 2043 3270 templo

474 3294 825 3360 sepulcrum;
863 3296 916 3342 et
959 3288 1084 3340 hinc
1119 3301 1217 3356 per
1261 3286 1632 3357 evangelicum
1666 3288 1842 3340 virum
1868 3289 2044 3360 Cyril-

473 3380 587 3436 lum
612 3381 847 3445 scilicet,
870 3378 1019 3432 illum
1052 3378 1271 3449 pietatis
1306 3387 1789 3449 prOpugnatorem,
1820 3389 1871 3434 et
1904 3396 2043 3450 pra:-

471 3478 774 3531 dicatorem
833 3490 863 3528 a
922 3474 1141 3544 templis
1183 3474 1644 3543 evangelistarum
1693 3472 2042 3542 evangelislis

469 3564 721 3619 moribus
753 3562 1059 3631 coaequales
1086 3561 1368 3615 transtulit
1400 3572 1689 3630 martyres,
1723 3568 1777 3614 et
1817 3570 2041 3629 aposto-

470 3655 650 3708 lorum
710 3653 921 3707 vicinos
975 3649 1298 3706 constituit:
1358 3664 1484 3705 nam
1540 3665 1635 3705 eos
1689 3652 2039 3721 evangelistis
2084 3663 2101 3669 ’

1349 275 1406 336 S.
1439 271 1856 336 SOPHRONII
1917 267 2425 331 PATRIARCILE
2482 265 2887 329 HIEROSOL.

2070 1716 2118 1774 B

2219 376 2308 446 ιγ’.
2345 376 2479 431 Οὐδέ
2527 375 2717 447 πρώην
2750 374 2851 445 μέν
2878 375 2928 428 οἱ
2978 373 3242 446 μακάριοι
3284 375 3422 448 πρὸς
3460 375 3723 448 ἀλλήλους

2150 470 2264 531 τοῖς
2288 467 2509 539 τρόποις
2538 468 2825 537 ἐμάχοντο,
2856 465 2981 519 οὐτε
3014 466 3292 520 πολιτείαν
3322 462 3469 538 εἶχον
3492 469 3724 524 ἀντίπα-

2148 559 2238 612 λον
2260 576 2274 589 ·
2310 561 2357 612 εί
2381 559 2475 613 καὶ
2508 558 2775 629 μοναστοῦ
2809 558 2908 627 μὲν
2937 559 2964 611 6
3000 558 3180 630 Κῦρος
3215 559 3277 613 τὸ
3322 560 3527 630 σχῆμα,
3560 577 3728 633 στραο

2146 649 2344 704 τιώτου
2390 650 2446 702 δὲ
2498 648 2690 719 στολὴν
2727 648 2979 719 Ἰωάννης
3024 651 3371 720 ἠμπέσχετο·
3408 652 3502 706 καὶ
3546 655 3573 707 6
3623 655 3725 725 μὲν

2148 741 2443 811 προϐάτου,
2494 744 2522 794 6
2554 740 2609 793 δὲ
2651 740 2814 793 λύκου
2856 740 3018 810 δορὰν
3067 742 3501 797 ἐνεδιδύσκοντο*
3557 747 3726 816 ἄμφω

2145 832 2253 901 γάρ
2282 833 2429 883 ἐστιν
2460 827 2609 898 ίερὼ,
2639 830 2805 898 ἄμφω
2835 828 3045 897 ἀγαθὼ,
3071 829 3240 900 ἄμφω
3274 831 3536 903 ἁληθινὼ,
3557 834 3725 905 ἄμφω

2145 922 2445 991 ἀμέμπτω,
2477 921 2648 990 ἄμφω
2681 920 2894 984 δικαίω,
2920 921 3085 991 ἄμφω
3117 922 3368 992 θεοσεϐῆ,
3392 925 3561 994 ἄμφω
3586 928 3726 980 ἀκα-

2146 1013 2269 1076 κίας
2299 1012 2572 1078 ἀνάπλεω,
2596 1014 2763 1082 νόμου
2790 1029 2848 1065 τε
2875 1012 3018 1066 θείου
3050 1013 3145 1066 καὶ
3173 1014 3397 1085 διδαχῆς
3428 1016 3523 1071 καὶ
3554 1034 3726 1089 προσά

2143 1107 2427 1176 τάγματος
2446 1146 2459 1168 ,
2491 1106 2565 1168 ὡς
2596 1106 2657 1160 τὸ
2684 1106 2834 1170 τέλος
2864 1107 3046 1160 αὐτῶν
3074 1094 3479 1180 ἐμαρτύρησεν,
3528 1113 3624 1165 καὶ
3655 1114 3727 1167 τά

2146 1196 2332 1251 θεόθεν
2360 1196 2583 1249 δοθέντα
2623 1197 2937 1266 χαρίσματα
2958 1213 2973 1227 ο
3002 1197 3062 1250 ού
3100 1200 3208 1270 γάρ
3234 1200 3486 1255 τοσοῦτον
3523 1203 3725 1266 αὐτοὺς

2143 1290 2204 1342 τὸ
2233 1290 2420 1360 σχῆμα
2448 1288 2735 1359 διέκρινεν,
2763 1289 2886 1341 ὅσον
2910 1290 2944 1358 ὴ
2976 1289 3159 1353 πίστις
3192 1292 3506 1362 συνέκρινεν
3530 1309 3546 1324 ⁶
3589 1290 3717 1346 οὐτε

2144 1382 2399 1436 τοσοῦτον
2450 1382 2649 1443 αὐτοὺς
2704 1380 2766 1434 τὸ
2824 1382 3148 1450 ἐπάγγελμα
3198 1382 3540 1455 διεχώρισεν,
3594 1386 3724 1439 ὅσον

2147 1472 2422 1541 συνῆπτεν
2449 1471 2647 1533 αὖτοὺς
2678 1471 2710 1539 ἡ
2738 1470 2989 1524 εὐσέϐεια
3011 1486 3024 1498 ·
3057 1471 3180 1525 οὐτε
3211 1473 3481 1545 τοσαύτην
3534 1475 3724 1538 αὐτοῖς

2146 1564 2203 1617 αι
2230 1564 2415 1633 τέχναι
2445 1563 2707 1632 παρεῖχον
2738 1562 3040 1626 διάστασιν,
3060 1564 3190 1633 ὅσην
3226 1565 3513 1617 κοινωνίαν
3538 1568 3724 1630 αὐτοῖς

2145 1656 2180 1724 ἡ
2214 1653 2368 1716 ἐλπὶς
2414 1654 2729 1723 ἐχαρίζετο*
2764 1655 2815 1705 oi
2846 1655 2955 1725 γάρ
2985 1655 3084 1724 τῆς
3128 1656 3297 1725 αὐτῆς
3338 1657 3589 1726 ἐχόμενοι
3626 1659 3721 1710 πί-

2148 1762 2339 1809 στεως,
2368 1744 2543 1814 ὅμοιοι
2583 1744 2675 1798 καὶ
2721 1747 2832 1810 τοῖς
2865 1746 3088 1816 τρόποις
3131 1749 3487 1817 γενήσονται’
3537 1750 3631 1803 καὶ
3669 1750 3722 1802 oi

2148 1837 2276 1907 μίαν
2303 1834 2598 1899 ἀσκοῦντες
2631 1835 2934 1899 εὐσέϐειαν,
2988 1836 3213 1905 πράξεις
3248 1838 3334 1891 ἀεὶ
3357 1839 3570 1907 ἀγαθὰς
3605 1840 3719 1894 δια-

2145 1925 2473 1997 πράττονται
2499 1940 2515 1955 ⁸
2546 1928 2640 1979 καὶ
2679 1927 2729 1979 οί
2763 1926 2900 1998 πρὸς
2930 1926 3119 1981 ἐλπίδα
3145 1928 3241 1998 τὴν
3271 1931 3441 2000 αὐτὴν
3483 1932 3720 1985 ἀποϐλέ-

2145 2035 2359 2083 ποντες,
2387 2019 2497 2081 τοῖς
2518 2017 2700 2081 αὐτοῖς
2733 2019 3130 2090 ἐγχειρήμασιν
3156 2021 3476 2091 κέχρηνται.

2219 2110 2304 2163 ιδ’.
2332 2108 2495 2163 Ὅθεν
2538 2111 2567 2163 6
2615 2110 2851 2179 Χριστὸς
2901 2112 2930 2163 6
2970 2110 3079 2163 τῶν
3124 2110 3261 2165 ὅλων
3308 2113 3441 2176 Θεὸς
3487 2114 3580 2167 καὶ
3623 2112 3721 2168 τοῦ

2147 2197 2347 2260 παντὸς
2372 2199 2654 2270 Δεσπότης
2682 2203 2776 2255 καὶ
2817 2202 3105 2271 πρύτανις,
3136 2202 3165 2256 6
3200 2204 3380 2258 πάντα
3418 2205 3575 2268 εἰδὼς
3612 2205 3724 2276 πρδ

2146 2290 2249 2359 τῆς
2279 2290 2463 2344 αὐτῶν
2489 2292 2568 2350 είς
2593 2290 2654 2343 τὸ
2681 2288 2824 2344 εἶναι
2850 2294 3136 2359 γενέσεως,
3168 2296 3197 2347 6
3239 2294 3465 2363 καρδίας
3508 2297 3603 2351 καὶ
3634 2313 3725 2350 vs-

2149 2383 2320 2453 φρούς
2353 2382 2725 2452 ἐρευνώμενος
2756 2383 2851 2437 καὶ
2881 2385 3201 2456 άκοιμήτοις
3233 2385 3479 2455 ὄμμασιν
3501 2389 3570 2440 τά
3594 2387 3728 2457 κρύ-

2150 2489 2250 2541 φια
2272 2472 2380 2524 τῶν
2414 2471 2717 2541 ἀνθρώπων
2750 2472 3043 2545 θεώμενος,
3073 2475 3207 2546 πρὸς
3235 2476 3395 2543 δόξαν
3437 2479 3569 2549 μίαν
3598 2482 3725 2545 τοὺς

2151 2566 2434 2636 μάρτυρας
2462 2565 2689 2632 ἤγαγεν,
2722 2567 2817 2617 καί⁵
2849 2567 3014 2630 σέϐας
3034 2566 3092 2620 ἓν
3123 2570 3455 2640 ἀμφοτέροις
3484 2570 3728 2642 δεδώρησ

2147 2670 2266 2708 ται·
2295 2656 2803 2726 άπροσωπόληπτος
2847 2659 2955 2729 γάρ
2984 2660 3130 2711 ἐστιν
3177 2660 3393 2731 κριτὴς,
3443 2662 3539 2715 καὶ
3591 2662 3725 2716 στά-

2150 2744 2305 2815 θμιον
2329 2745 2558 2807 δίκαιον,
2594 2747 2687 2799 καὶ
2713 2746 3067 2814 ζυγοστατείν
3091 2745 3233 2803 οἶδεν
3258 2752 3319 2803 τὸ
3339 2752 3564 2817 δίκαιον,
3581 2754 3726 2808 κατά

2146 2838 2238 2890 τὸν
2273 2837 2403 2891 ἴδιον
2428 2832 2597 2891 κόπον
2626 2842 2722 2891 καὶ
2763 2839 2853 2892 τὸν
2888 2839 3019 2892 ίδιον
3061 2842 3239 2895 αὐτῶν
3273 2845 3463 2914 μισθὸν
3499 2845 3725 2916 χαριζό-

2151 2945 2339 2997 μενος⁹
2383 2929 2506 2983 ὅθεν
2554 2930 2745 3000 Κύρου
2776 2946 2835 2983 τε
2865 2931 2958 2984 καὶ
2998 2932 3243 2986 Ἰωάννου
3276 2933 3338 2987 τὸ
3366 2933 3625 3005 ὁμότιμον
3665 2937 3725 2989 ἐν

2148 3020 2366 3089 ἀρεταῖς
2421 3020 2827 3091 ἐπιστάμενος,
2887 3022 2985 3075 καὶ⁵
3034 3024 3132 3077 ἕνα
3173 3027 3342 3088 τάφον
3392 3027 3724 3097 ἀμφοτέροις

2150 3111 2503 3181 ἐϐράϐευσεν,
2535 3115 2615 3175 είς
2643 3112 2703 3165 τὸ
2740 3113 2969 3183 Μάρκου
3004 3113 3096 3167 τοῦ
3124 3116 3269 3168 θείου
3307 3117 3601 3188 σεϐάσμιον
3627 3118 3722 3172 τέ-

2151 3217 2344 3267 μενος’
2376 3201 2633 3254 κάκεῖθεν
2677 3202 2745 3256 δι’
2797 3203 2989 3274 ἀνδρὸς
3039 3206 3398 3275 εὐαγγελικοῦ
3451 3208 3723 3278 Κυρίλλου

2152 3292 2252 3360 τῆς
2272 3292 2549 3356 εὐσεϐείας
2569 3294 2886 3365 ὐπερμάχου
2901 3296 2994 3348 καὶ
3012 3298 3251 3368 κήρυκος
3269 3298 3404 3368 πρὸς
3419 3296 3555 3352 νεὼν
3567 3288 3726 3368 εὐαγ-

2148 3383 2410 3450 γελιστῶν
2443 3387 2782 3455 ὁμοτρόπους
2814 3388 3143 3458 μετέστησεν
3176 3391 3474 3461 μάρτυρας,
3495 3390 3723 3445 καὶτῶν

2148 3477 2462 3530 ἀποστόλων
2496 3479 2831 3550 κατέστησεν
2861 3480 3108 3547 γείτονας
3127 3497 3142 3513 ο
3197 3481 3449 3553 χωρίζειν
3478 3482 3587 3553 γάρ
3626 3482 3725 3537 αὐ-

2143 3566 2271 3630 τοὺς
2302 3569 2707 3636 εὐαγγελιστῶν
2731 3569 2763 3639 ἢ
2789 3571 3106 3625 ἀποστόλων
3138 3574 3237 3626 οὐκ
3256 3572 3489 3643 ἔκρινεν·
3520 3573 3602 3626 δτι
3643 3573 3722 3644 μή

2145 3674 2229 3721 τις
2260 3657 2321 3711 τὸ
2364 3658 2619 3731 διάφορον
2648 3660 2757 3715 τῶν
2798 3662 3094 3733 χωρισμῶν
3146 3663 3337 3726 αὐτοῖς,
3362 3664 3725 3734 ἐπετείχιζεν.

473 3745 565 3800 νει
602 3746 869 3815 apostolis
926 3741 1266 3814 separandos
1304 3757 1412 3797 non
1475 3742 1656 3809 duxit,
1708 3744 1838 3814 quia
1898 3759 2239 3817 nequaquam
2306 3752 2524 3809 virtutis
2587 3752 2919 3818 diversitas,
2954 3753 3097 3808 inter
3161 3771 3260 3811 eos
3320 3758 3722 3827 separationem

468 3838 712 3894 induxit.

545 3935 633 3989 15.
664 3933 768 3988 Sed
817 3931 920 3987 ista
960 3930 1178 4001 quidem
1235 3928 1401 3983 multa
1430 3938 1553 3998 post
1594 3936 1845 4000 tempora
1894 3946 2047 4000 gere-

468 4028 694 4088 bantur,
727 4022 1035 4077 Theodosio
1064 4018 1317 4075 videlicet
1356 4020 1569 4077 minore
1602 4018 1962 4089 imperatore,
1993 4030 2047 4076 et

475 4131 672 4182 magno
697 4113 905 4185 Cyr-illo
937 4113 1119 4168 sedem
1148 4110 1491 4165 Alexandria:
1521 4111 1873 4175 moderante,
1916 4108 2041 4167 cum

477 4209 722 4262 videlicet
772 4205 884 4274 jam
940 4206 1171 4273 primum
1213 4203 1355 4257 Deus
1387 4212 1443 4257 et
1475 4211 1631 4274 pater
1678 4203 1901 4257 humani
1951 4217 2045 4274 ge-

476 4303 625 4354 neris
651 4297 844 4351 l‘uisset
880 4296 1161 4358 misertus,
1191 4294 1337 4365 quod
1380 4293 1699 4348 seductione
1732 4292 2040 4348 daemonum

474 4389 778 4461 peribat.et
804 4387 858 4439 in
882 4394 1041 4440 terra:
1075 4398 1232 4439 emno
1268 4384 1652 4438 miserabiliter
1679 4383 2045 4449 volutabatur,

474 4483 532 4535 in
586 4478 939 4545 tenebrisque
990 4489 1249 4530 sensuum
1284 4473 1630 4531 ambulabat.
1681 4479 1735 4525 et
1787 4485 2052 4528 creatura:

476 4570 651 4638 magis
673 4582 835 4637 quam
866 4565 1111 4620 Creatori
1139 4564 1429 4626 serviebat,
1456 4578 1551 4635 per
1575 4563 1854 4633 liliumque
1881 4564 2052 4632 legem

476 4661 534 4714 in
582 4659 915 4729 adiutorium
968 4656 1287 4721 tribuisset;
1344 4662 1399 4709 et
1450 4656 1713 4708 attributa
1777 4655 1901 4720 lex,
1955 4669 2053 4723 per

365 4747 383 4759 ’
476 4756 819 4814 mandatum,
852 4750 963 4805 imo
992 4766 1084 4821 per
1113 4752 1410 4804 humanum
1441 4756 1493 4802 et
1516 4748 1810 4817 proclivem
1834 4748 1899 4802 ad
1925 4749 2053 4801 vitia

481 4854 699 4911 nutum,
730 4844 1007 4898 inﬁrmata
1042 4828 1314 4896 fuissetet
1335 4855 1442 4894 nou
1477 4847 1660 4908 posset
1690 4840 1813 4893 illos
1838 4840 2052 4893 salvare

482 4943 707 5007 propter
756 4947 896 5003 quos
948 4932 1111 4986 etiam
1166 4945 1262 4999 per
1311 4929 1535 4997 angelos
1561 4930 1683 4983 data
1710 4937 1763 4983 et
1799 4930 1852 4981 in
1886 4944 2051 4981 manu

480 5024 824 5085 mediatoris,
850 5022 901 5077 id
930 5030 1013 5077 est
1040 5020 1203 5092 Moysi
1229 5021 1334 5073 lata
1358 5019 1538 5072 fuerat
1569 5036 1583 5072 :
1618 5029 1671 5072 et
1703 5033 1897 5073 rursus
1926 5034 2050 5072 cum

474 5116 588 5187 jam
622 5124 741 5184 post
767 5115 963 5184 legem,
998 5113 1164 5167 etiam
1194 5111 1328 5180 legis
1360 5109 1585 5164 latorem
1606 5106 1801 5162 Filium
1839 5110 2053 5165 scilicet

482 5208 687 5263 factum
724 5223 789 5262 ex
822 5207 1070 5271 muliere,
1108 5204 1312 5258 laetum
1360 5202 1463 5257 sub
1495 5202 1609 5271 lege
1644 5202 1917 5265 misisset,
1956 5201 2052 5272 qui

481 5315 549 5355 ex
605 5309 830 5368 paterna
877 5297 1052 5367 ipsius
1111 5301 1305 5349 natura
1351 5303 1507 5347 ortus
1540 5301 1644 5355 est,
1675 5302 1730 5347 et
1769 5309 1865 5363 per
1892 5308 2055 5361 quem

483 5390 667 5442 omnia
699 5387 848 5449 fecit,
882 5386 1085 5456 quique
1141 5391 1405 5455 perpetuo
1458 5399 1583 5438 cum
1637 5382 2051 5463 illo‘considet,

485 5492 783 5547 secumque
811 5476 1169 5531 nihilominus
1201 5483 1469 5529 creaturae
1513 5488 1617 5529 non
1666 5480 1941 5543 perpetuat
1966 5472 2057 5527 do-

485 5569 759 5634 minatur;
791 5575 845 5623 et
871 5582 994 5623 cum
1011 5568 1122 5637 jam
1146 5574 1198 5620 ct
1222 5566 1337 5636 ipse
1358 5564 1620 5620 Dominus
1642 5562 1898 5620 Christus
1928 5579 2056 5634 erga

488 5672 593 5716 nos
610 5658 1086 5730 dispensationem
1122 5658 1473 5729 complesset,
1505 5665 1560 5713 et
1592 5655 1879 5711 inimicum
1911 5655 2055 5711 cele-

2233 3936 2314 3985 ιε’.
2355 3929 2517 3984 Ἀλλά
2543 3933 2610 3984 τὰ
2637 3934 2735 4002 μὲν
2766 3932 2978 3997 πολλοῖς
3006 3931 3231 4004 ὕστερον
3268 3933 3477 4003 χρόνοις
3519 3932 3726 4003 ἐπράτ-
3823 3934 3843 3950 ⁸

2151 4037 2297 4084 τετο,
2324 4019 2606 4074 Θεοδοσίου
2633 4022 2727 4075 τοῦ
2755 4023 2953 4095 μικροῦ
2985 4023 3364 4093 βασιλεύοντος
3396 4028 3486 4077 καὶ
3518 4024 3725 4094 Κυρίλ-

2148 4112 2243 4166 λου
2291 4114 2385 4166 τοῦ
2430 4114 2667 4185 μεγάλου
2718 4114 2811 4167 τὸν
2848 4114 3253 4186 ’Δλεξανδρείας
3290 4116 3479 4186 θρόνον
3516 4117 3725 4169 ίθύνον-

2149 4219 2271 4267 τος·
2312 4202 2505 4275 πρώην
2536 4205 2593 4258 δὲ
2622 4205 2724 4277 ἤδη
2754 4205 2850 4259 τοῦ
2888 4206 3025 4259 Θεοῦ
3057 4207 3151 4259 καὶ
3177 4207 3387 4277 Πατρός
3417 4207 3478 4258 τὸ
3508 4206 3724 4274 ἀνθρώ-

2153 4311 2306 4347 πινον
2341 4294 2495 4363 γένος
2525 4296 2892 4369 οἱκτείραντος
2922 4299 3105 4369 ἀπάτῃ
3134 4298 3406 4368 δαιμόνων
3432 4298 3728 4368 φθειρόμε-

2154 4403 2263 4449 νον,
2298 4387 2393 4440 καὶ
2421 4389 2501 4451 είς
2548 4388 2653 4458 γῆν
2700 4388 2949 4452 ἐλεεινῶς
2988 4391 3395 4461 εἰλυσπὼμενον
3440 4393 3496 4443 ἐν
3542 4389 3727 4442 σκότει

2156 4476 2368 4548 φρενῶν
2397 4478 2759 4559 πορευόμενον
2788 4482 2853 4549 τῇ
2912 4480 3085 4533 κτίσει
3119 4480 3380 4551 λατρεῦον
3442 4479 3590 4549 παρά
3633 4480 3729 4533 τὸν

2157 4567 2441 4631 κτίσαντα,
2474 4562 2569 4622 καὶ
2619 4569 2685 4622 δι’
2736 4569 2865 4623 Υίοῦ
2906 4570 3204 4632 δεδωκότος
3248 4571 3447 4640 θεσμὸν
3483 4573 3562 4634 είς
3596 4570 3727 4641 βοή-

2154 4658 2323 4721 θειαν,
2360 4660 2455 4712 καὶ
2484 4660 2608 4731 τοὺς
2653 4659 2972 4731 δεδομένους
3002 4662 3197 4730 νόμους
3233 4661 3321 4714 διά
3349 4661 3449 4729 τῆς
3483 4661 3726 4728 ἐντολῆς,

2158 4748 2362 4817 μᾶλλον
2392 4750 2447 4801 δέ
2473 4750 2560 4804 διὰ
2584 4751 2682 4820 τῆς
2716 4751 3065 4823 ἀνθρωπίνης
3088 4752 3221 4823 πρὸς
3259 4753 3328 4806 τά
3371 4751 3520 4820 πάθη
3553 4752 3730 4821 ῥοπῆς

2154 4836 2575 4908 ἀσθενήσαντος,
2609 4842 2702 4892 καὶ
2735 4840 2810 4910 μὴ
2836 4841 3134 4909 δυναμένου
3170 4837 3366 4904 σώζειν
3396 4839 3638 4902 ἐκείνους
3659 4838 3728 4892 δι’

2154 4925 2249 4989 οὓς
2299 4928 2398 4980 καὶ
2444 4927 2513 4980 δι’
2561 4928 2809 4996 ἀγγέλων
2841 4928 3141 4998 ἐδεδὼρητο
3174 4928 3269 4981 καὶ¹
3306 4929 3449 4999 χειρὶ
3504 4927 3726 4997 μεσίτου

2156 5016 2436 5079 Μωύσέως
2466 5016 2815 5070 ἐτεθέσπιστο
2834 5033 2847 5047 °
2873 5018 2972 5087 ήδη
3004 5018 3060 5071 δὲ
3086 5019 3250 5072 πάλιν
3277 5019 3416 5088 μετὰ
3445 5020 3606 5088 νόμον
3630 5018 3725 5070 καὶ

2153 5106 2247 5159 τὸν
2280 5108 2577 5178 νομοθέτην
2607 5108 2842 5178 Χριστὸν
2872 5107 3214 5179 γεννώμενον
3241 5113 3305 5163 ἐκ
3333 5109 3610 5179 γυναικὸς,
3633 5123 3726 5176 γε·

2156 5198 2379 5267 νόμενον
2410 5199 2514 5251 ὐπὸ
2546 5200 2732 5269 νόμον,
2761 5200 3149 5272 ἐκπέμψαντος
3181 5202 3270 5255 τὸν
3309 5203 3373 5254 ἐκ
3406 5204 3504 5273 τῆς
3533 5215 3727 5271 πατρι-

2157 5289 2261 5359 κ’ἧς
2284 5290 2450 5343 αὐτοῦ
2476 5290 2691 5359 φύσεως
2724 5292 3001 5362 γεννητῶς
3033 5294 3414 5352 ἀνατείλαντα,
3444 5293 3538 5345 καὶ
3570 5290 3638 5344 δι’
3665 5282 3731 5346 οὗ

2156 5378 2226 5432 τά
2251 5380 2429 5435 πάντα
2456 5381 2780 5451 πεποίηκεν,
2814 5383 2906 5436 τὸν
2939 5385 3126 5448 ἀῑδίως
3155 5383 3303 5455 αὐτῷ
3336 5382 3731 5456 συνεδρεύοντα

2160 5473 2253 5525 καὶ
2297 5474 2395 5542 τῆς
2433 5474 2531 5526 οὐκ
2573 5474 2744 5529 ἀϊδίου
2777 5476 3205 5543 συνδεσπόζοντα
3233 5477 3465 5540 κτίσεως
3488 5493 3502 5508 ·
3531 5475 3634 5549 ἤδη
3670 5474 3733 5529 δὲ

2159 5565 2254 5617 καὶ
2283 5564 2450 5617 αὐτοῦ
2481 5564 2573 5618 τοῦ
2603 5566 2875 5619 Δεσπότου
2902 5567 3138 5639 Χριστοῦ
3173 5567 3267 5639 τὴν
3297 5570 3374 5631 είς
3401 5567 3547 5639 ἡμᾶς
3576 5565 3731 5617 οίκο-

2158 5656 2353 5724 νομίαν
2381 5655 2733 5724 τελέσαντος,
2773 5657 2869 5711 καὶ
2900 5658 2999 5728 τῆς
3029 5658 3194 5714 αὐτοῦ
3226 5658 3602 5731 σωτηριὼδους
3644 5657 3734 5711 ἐυ-
