4010 6208
374 298 510 364 33Ἧ

1266 283 1567 347 LAUDES
1604 280 1687 343 IN
1719 280 1828 342 SS.
1875 277 2142 341 CYRUM
2180 278 2276 340 ET
2308 274 2684 340 JOANNEM.
3217 262 3235 307 ¹¹

3512 271 3653 337 3393

370 410 784 487 ἀνθρωπήσεως
828 406 920 461 τὸν
969 401 1173 457 σκοπὸν
1207 398 1690 469 ἑκπληρὼσαντος,
1741 394 1839 487 καί
1865 392 1954 487 ᾲτὸ

2079 392 2191 448 ’ἰιοι-
2212 390 2434 462 quidem
2465 387 2845 460 dispoliassct,
2877 384 3143 440 velociter
3164 390 3343 438 autem
3366 379 3654 452 depraeda-

369 485 502 580 πρὶν
527 501 808 573 ἀπολῳλδς
833 496 1206 557 διασώσαντος
1230 490 1529 562 πρόϐατον,
1548 488 1779 551 καὶτοῖς
1806 485 1959 580 ίδίοις

369 576 547 669 ὤμοις
591 594 892 667 ὀχούμενον
933 587 1013 659 τῷ
1062 583 1240 655 Πατρὶ
1293 580 1800 653 προσενέγκαντος,
1862 576 1959 669 καλ.

360 668 575 759 μᾶλλον
606 687 691 741 ἔπ’
718 681 871 752 αύτῷ
900 681 933 750 ἢ
958 677 1055 732 ἐπὶ
1080 678 1191 739 τοῖς
1227 675 1552 745 ἐνενήκοντα
1575 672 1734 726 ἐννέα
1760 672 1874 733 τοῖς
1894 668 1956 721 οὐ

372 780 639 835 παθοῦσιν
672 775 769 848 τὴν
802 768 1082 830 ἀπώλειαν
1129 767 1444 839 χαίροντος’
1497 764 1599 836 ἤδη
1646 763 1707 816 δὲ’
1739 761 1835 831 τὴν
1876 761 1957 823 είς

374 870 607 942 οὐρανὸν
634 869 769 938 ἡμῖν
809 863 1156 923 καινίσαντος
1189 858 1398 920 ἄνοδον,
1432 856 1524 910 καὶ
1546 853 1644 926 τὴν
1671 856 1752 917 είς
1774 851 1959 921 παρά-

373 961 551 1015 δεισον
589 956 905 1023 ἀνοίξαντας
950 951 1181 1015 εἴσοδον,
1215 946 1437 1018 καὶ-τὴν
1484 949 1548 1000 ὲκ
1577 945 1752 1013 τάφου
1799 944 1961 997 δεδω-

377 1050 534 1114 κότος
568 1050 897 1104 ἀνάστασιν·
950 1044 1051 1116 ῆδη
1094 1040 1376 1112 σωτηρίαν
1419 1041 1477 1092 ὲν
1529 1037 1678 1108 μέσῳ
1858 1033 1964 1103 γῆς

378 1139 875 1214 πρυτανεύσαντος,
912 1136 1006 1203 καὶ
1036 1135 1138 1204 τὴν
1171 1131 1544 1201 σαλευομένην
1576 1124 1962 1199 κραταιώσαν-

376 1250 469 1297 τος
502 1232 797 1294 θάλατταν,
830 1228 927 1283 καὶ
968 1226 1079 1279 τῶν
1110 1227 1167 1279 ὲν
1199 1224 1338 1294 αὐτῇ
1386 1221 1700 1293 δρακόντων
1730 1218 1829 1280 τὰς
1867 1232 1962 1269 κε-

380 1327 557 1397 φαλὰς
592 1322 1055 1384 καταθλάσαντος,
1109 1318 1204 1371 καὶ
1233 1314 1613 1385 ἀγκιστρευτὸν
1650 1309 1964 1378 πολυκέφα-

379 1421 471 1474 λον
496 1417 723 1483 ἀξαντος
751 1415 1027 1486 δράκοντα
1048 1428 1063 1442 ο
1115 1411 1218 1482 ἤδη
1262 1408 1359 1479 τὴν
1407 1404 1717 1474 διαϐολικὴν
1747 1404 1965 1470 ἀπάτην

383 1508 545 1565 αὐτοῦ
574 1507 669 1561 καλ⁵
695 1505 755 1559 τὸ
783 1503 1078 1575 πρόσωπον
1115 1497 1550 1567 ἐκκαλύψαντος,
1600 1495 1697 1547 κοιλ⁵
1723 1493 1803 1556 είς
1831 1488 1977 1543 πτύ-’

387 1602 466 1668 ξιν
494 1603 561 1655 τὰ
598 1598 804 1670 κρύφια
833 1595 929 1649 τοῦ
963 1594 1214 1665 θώρακος
1247 1591 1652 1652 εἰσελάσαντος,
1680 1586 1776 1639 καὶ
1803 1585 1967 1639 δεδω-

387 1698 542 1758 κότος
574 1695 707 1763 ἡμῖν
738 1690 924 1743 ὲπάνω
957 1687 1148 1740 πατεῖν
1195 1684 1373 1752 δφεων
1422 1683 1515 1735 καὶ
1548 1678 1827 1749 σκορπίων
1871 1674 1967 1729 καὶ

388 1788 568 1855 πάσης
621 1782 802 1837 αὐτῶν
854 1780 956 1850 τῆς
1003 1777 1323 1846 δυνάμεως*
1362 1774 1464 1846 ἤδη
1514 1772 1571 1825 δὲ
1598 1770 1768 1825 πάλιν
1806 1786 1968 1839 περι-

2000 1736 2042 1791 Β

392 1853 572 1938 θέντος
591 1868 833 1945 Χριστοῦ
866 1869 1104 1940 φορϐεάν
1134 1867 1225 1920 ἐπὶ
1258 1868 1377 1935 ῥῖνα
1408 1862 1501 1918 τοῦ
1532 1859 1970 1934 δράκοντος,καὶ
2018 1853 2038 1875 ⁸

392 1968 580 2040 κρίκον
616 1967 731 2027 τοῖς
787 1961 1061 2033 μυκτῆρσι
1109 1958 1520 2028 προσδήσαντος
1546 1996 1562 2020 ,
1595 1957 1687 2008 καὶ
1716 1955 1784 2007 τὰ
1815 1953 1969 2025 χείλη

388 2058 591 2129 ipsum,
635 2055 1016 2128 τρυπήσαντος
1043 2092 1057 2115 ,
1089 2049 1373 2120 εἰληφότος
1402 2065 1460 2100 τε
1490 2046 1653 2103 αὑτὸν
1698 2046 1790 2098 τὸν
1835 2044 1972 2097 ἀπο-

396 2153 595 2221 στάτην
620 2149 715 2202 καὶ
743 2145 959 2216 φυγάδα
986 2141 1170 2197 δοῦλον
1196 2141 1510 2210 γενόμενον,
1563 2139 1655 2192 καὶ
1682 2136 1971 2205 δεδεμένον

397 2246 520 2316 ἡμῖν
548 2241 738 2309 ὥσπερ
777 2236 1058 2308 στρουθίον
1108 2232 1308 2301 παιδίῳ
1333 2230 1448 2300 λαῷ
1497 2229 1574 2300 τῷ
1606 2227 1702 2282 τοῦ
1730 2224 1971 2297 Χριστοῦ

398 2318 710 2407 νηπιάζοντι
733 2330 1022 2398 νείμαντος
1044 2343 1057 2356 ·
1091 2325 1195 2396 ήδη
1224 2324 1282 2377 δὲ
1310 2324 1660 2383 πεπτωκότος
1690 2318 1971 2388 ἑωσφόρου

391 2425 485 2479 τοῦ
532 2422 678 2495 πρωῒ
723 2418 1131 2483 ἀνατέλλοντος,
1179 2416 1273 2470 καὶ
1321 2416 1418 2483 τῆς
1460 2415 1519 2465 ὲν
1566 2413 1816 2482 οὐρανοῖς
1851 2408 1974 2460 ἐλα-

394 2516 613 2579 σθέντος
639 2514 930 2583 οίκήσεως,
987 2509 1084 2583 καὶ
1137 2508 1305 2561 οικεῖν
1362 2500 1840 2575 προσταττομένου
1872 2498 1975 2569 τὴν

392 2609 628 2665 ἄϐυσσον
651 2623 665 2638 ⁸
692 2606 795 2678 ἢδη
827 2603 885 2658 δὲ
922 2602 1109 2656 λοιπὸν
1134 2599 1229 2654 καὶ
1258 2596 1354 2651 τοῦ
1382 2596 1494 2650 τῶν
1522 2592 1839 2648 ἀποστόλων
1872 2607 1975 2660 κη-

396 2701 677 2772 ρύγματος
708 2698 804 2767 τὴν
838 2693 1169 2769 οἰκουμένην
1200 2689 1538 2761 φωτίσαντος
1557 2726 1571 2750 ,
1600 2684 1696 2739 καὶ
1728 2681 1825 2736 τοῦ
1863 2682 1975 2772 τῶν

394 2771 592 2847 ἀλιέων
618 2787 837 2842 δικτύου
876 2786 968 2839 τὸν
1000 2785 1208 2854 κόσμον
1230 2779 1714 2851 ζωγραφήσαντος,
1750 2776 1846 2828 καὶ
1877 2771 1974 2826 τοῦ

396 2876 798 2950 σκυτοτομικοῦ
832 2874 1100 2945 σμίλακος
1134 2870 1234 2942 τὴν
1266 2868 1596 2938 ἀναίσθητον
1627 2865 1840 2941 πλάνην
1878 2864 1976 2916 ὲκ-

390 2971 676 3043 τεμόντος,
706 2967 804 3021 καὶ
818 2964 1098 3035 πανταχοῦ
1130 2961 1191 3016 τὸ
1222 2961 1422 3014 σεπτὸν
1454 2956 1787 3026 Εὑαγγέλιον
1815 2956 1975 3024 διαγ-

2060 492 2150 540 tus
2209 482 2429 543 luisset,
2485 489 2541 537 et
2585 493 2745 534 ovem
2806 491 2930 548 quae
2981 483 3111 531 ante
3155 473 3391 544 perierat
3443 472 3655 528 salvam

2061 575 2287 630 fecisset
2312 613 2327 639 ,
2358 571 2614 638 PatriQue
2675 571 2916 641 propriis
2943 580 3155 622 vectam
3192 567 3437 622 humeris
3467 574 3657 622 sustu-

2061 667 2240 732 lisset,
2271 674 2325 722 et
2354 666 2532 737 magis
2579 679 2745 734 super
2786 677 2907 717 eam
2935 677 3101 732 quam
3132 675 3301 730 super
3355 661 3657 731 nonaginta

2060 775 2254 816 novem
2286 775 2407 830 qua:
2443 774 2550 812 non
2584 757 2860 827 perierant
2910 757 3221 827 gratulatus
3247 756 3476 820 fuisset;
3510 755 3659 824 jam-

2063 868 2169 923 que
2243 866 2368 906 cum
2433 851 2489 905 in
2548 850 2750 904 coelum
2819 847 2980 903 nobis
3038 862 3327 902 ascensum
3394 847 3663 920 ini-ovas-

2063 950 2189 1010 set,
2245 951 2298 998 et
2365 943 2604 1014 paradisi
2670 941 2881 995 aditum
2952 947 3260 994 reserasset
3302 947 3381 994 'et
3465 953 3659 994 resur-

2064 1037 2364 1094 rectionem
2430 1052 2496 1091 ex
2542 1036 2801 1106 sepulcro
2853 1033 3127 1100 dedisset;
3177 1048 3486 1103 rursusque
3532 1047 3656 1086 cum

2065 1129 2296 1184 salutem
2353 1129 2408 1183 in
2462 1126 2644 1181 medio
2709 1135 2868 1180 terra:
2920 1125 3339 1195 dispensasset,
3402 1133 3457 1177 et
3506 1139 3659 1177 mare

2065 1222 2209 1288 quod
2238 1221 2691 1274 commovebatur
2726 1218 3022 1280 ﬁrmasset,
3060 1225 3116 1271 et
3143 1216 3446 1273 draconum
3476 1220 3569 1287 qui
3602 1218 3659 1272 iu

2066 1328 2132 1366 eo
2163 1321 2321 1367 erant
2352 1313 2534 1380 capita
2564 1310 2955 1378 confregisset,
2996 1310 3268 1379 hamoqnc
3305 1312 3431 1364 inde
3461 1310 3659 1364 draco-

2067 1419 2190 1459 nem
2240 1404 2391 1457 illnm
2448 1402 2541 1471 qui
2578 1413 2696 1456 erat
2738 1402 3033 1455 multorum
3079 1403 3322 1470 capitum
3355 1400 3657 1464 eduxisset,

2068 1494 2271 1550 diaboli
2295 1495 2457 1547 etiam
2483 1490 2886 1554 seductionem,
2910 1506 3032 1559 qua!
3059 1492 3232 1556 ipsius
3253 1506 3472 1560 quoque
3499 1491 3662 1544 indu-

2069 1590 2238 1642 menti
2276 1586 2447 1640 l'acies
2478 1592 2597 1646 est,
2634 1583 2955 1648 detexisset,
2990 1592 3042 1635 et
3093 1583 3253 1638 l'aciei
3304 1583 3424 1653 ejus
3473 1592 3663 1652 portas

2071 1679 2419 1750 aperuisset,
2488 1693 2765 1747 supraque
2848 1687 3140 1747 serpentes
3225 1686 3279 1731 et
3339 1678 3661 1745 scorpiones

2073 1786 2405 1839 otnnemque
2432 1769 2686 1823 virtutem
2720 1783 2908 1822 eorum
2943 1768 3162 1822 calcare
3192 1767 3474 1823 dedisset:
3508 1783 3662 1821 cum-

2075 1881 2181 1935 que
2221 1864 2420 1919 iterum
2451 1863 2708 1918 Christus
2735 1863 2847 1932 jum
2888 1863 3197 1930 capistrum
3232 1850 3378 1915 circa
3402 1862 3665 1917 draconis

2074 1972 2269 2012 nasum
2304 1956 2681 2025 imposuisset.
2714 1963 2767 2009 et
2799 1956 3068 2009 circulum
3101 1956 3153 2008 in
3189 1954 3416 2010 naribus
3438 1954 3664 2025 alligas-

2075 2058 2178 2116 sct,
2220 2057 2275 2104 et
2309 2049 2519 2102 armilla
2567 2048 2707 2102 labia
2768 2046 3139 2117 perforassct;
3172 2062 3409 2112 cumque
3444 2060 3665 2117 προεισ-

2077 2151 2186 2195 tam
2233 2148 2289 2195 et
2333 2136 2623 2210 fugitivum
2680 2138 2924 2204 factum,
2977 2154 3198 2193 servum
3258 2139 3663 2209 sempiternum

2076 2232 2406 2300 accepisset,
2443 2241 2605 2299 atque
2640 2229 2805 2283 nobis
2854 2228 3098 2283 vinctum
3152 2230 3311 2300 quasi
3360 2244 3660 2300 passerem,

2076 2339 2272 2394 puero,
2322 2322 2523 2393 populo
2570 2322 2805 2386 scilicet,
2842 2322 2967 2391 quia
3000 2323 3051 2373 in
3089 2320 3211 2390 ipso
3261 2322 3481 2376 Christo
3534 2336 3665 2391 par-

2076 2417 2238 2472 vulus
2270 2424 2377 2482 est,
2412 2416 2733 2482 tribuisset;
2763 2414 2857 2469 sed
2912 2423 2967 2467 et
3024 2428 3149 2467 cum
3180 2415 3291 2486 jam
3328 2414 3527 2467 lucifer
3569 2415 3665 2483 qui

2078 2523 2240 2563 mane
2270 2508 2555 2563 oriebatur
2583 2507 2911 2568 recidisset,
2945 2514 3000 2559 ct
3030 2504 3099 2559 ab
3131 2505 3414 2560 hominum
3449 2504 3667 2558 habita-

2078 2602 2230 2656 tione
2256 2601 2470 2672 pulsus,
2499 2598 2964 2669 habitarejnssus
2984 2599 3126 2668 apud
3150 2600 3413 2670 abyssum
3443 2599 3665 2656 fuisset:

2079 2695 2213 2765 quin
2242 2703 2296 2749 et
2326 2710 2449 2748 cum
2475 2694 2589 2762 jam
2617 2693 2997 2762 apostolorum
3034 2692 3352 2761 praedicatio
3391 2705 3666 2746 terrarum

2080 2787 2267 2840 orbem
2332 2786 2743 2849 illuminasset,
2807 2791 2863 2839 et
2921 2783 3262 2837 verriculum
3331 2783 3666 2851 piscatorum

2080 2877 2341 2930 mundum
2386 2884 2638 2929 venatum
2684 2884 2859 2937 esset,
2889 2883 2941 2929 et
2974 2879 3191 2930 sutorio
3235 2875 3453 2946 scalpro
3485 2875 3672 2929 insen-

2080 2980 2260 3027 satum
2293 2984 2533 3025 errorem
2566 2969 2884 3033 recidisset;
2910 2976 2963 3022 et
2990 2969 3191 3038 ubique
3213 2977 3467 3022 sanctum
3495 2966 3671 3020 Evan-

393 3062 699 3132 γέλλοντες,
728 3060 825 3111 καὶ
852 3058 1034 3127 πάσης
1064 3052 1269 3125 σαρκὸς
1302 3050 1514 3123 ὁρώσης
1543 3048 1679 3103 Θεοῦ
1708 3048 1771 3101 τὸ
1806 3047 1975 3118 σωτή-

2082 3062 2280 3130 gelium
2333 3061 2714 3131 praedicasset,
2767 3061 3063 3130 omnisque
3103 3076 3233 3114 caro
3280 3061 3522 3139 salutare
3573 3059 3669 3115 Det

400 3171 548 3226 ριον’
594 3153 696 3224 ἥδη
739 3151 797 3204 δὲ
830 3153 928 3219 τῆς
971 3146 1066 3202 τοῦ
1113 3144 1250 3198 Θεοῦ
1287 3143 1567 3222 βασιλείας
1609 3139 1669 3208 ἐξ
1707 3140 1975 3193 Ἰουδαίων

397 3245 660 3318 ἀρθείσης
685 3246 799 3306 τοῖς
829 3240 1041 3295 ἔθνεσιν
1062 3240 1172 3301 τοῖς
1199 3238 1408 3308 ὥριμον
1431 3235 1612 3298 αὐτοῖς
1642 3234 1735 3288 τὸν
1764 3232 1976 3302 καρπὸν

396 3337 518 3411 Θεῷ
548 3336 625 3408 τῷ
653 3335 913 3390 δεδωκότι
943 3331 1366 3403 προσφέρουσιν,
1400 3328 1495 3381 καὶ
1520 3325 1615 3379 τοῦ
1639 3323 1976 3380 Δεσποτικοῦ

398 3430 719 3501 ἀμπελῶνος
745 3427 873 3490 τοὺς
900 3425 1029 3493 περὶ
1071 3424 1172 3492 τὴν
1220 3419 1519 3487 ἑνδεκάτην
1551 3417 1700 3487 ὥραν
1737 3415 1978 3487 ἐργάτας

398 3519 866 3590 ἀμπελοφύλακας
895 3515 1112 3585 ἔχοντος
1133 3529 1147 3545 ο
1178 3512 1273 3565 καὶ
1321 3508 1417 3563 τοῦ
1465 3508 1727 3570 πεσόντος
1775 3508 1856 3568 εἰς
1886 3503 1978 3557 εῦ-

399 3631 555 3685 γαιον
579 3616 823 3687 ἄρουραν
847 3610 1164 3680 σπέρματος
1190 3603 1288 3673 τὴν
1317 3602 1490 3673 καλὴν
1520 3598 1777 3666 αὔξοντος
1807 3596 1979 3666 αὔξη-

403 3722 520 3762 σινθ
552 3706 652 3763 καὶ
679 3704 779 3775 τὴν
827 3696 1209 3772 καρποφορίαν
1250 3696 1309 3747 ὲν
1357 3693 1550 3747 ἑκατὸν
1582 3694 1677 3744 καὶ
1716 3689 1979 3758 ἑξήκοντα

401 3800 498 3854 καὶ
554 3797 872 3866 τριάκοντα,
919 3788 1057 3843 Θεοῦ
1108 3787 1342 3848 διδόντος
1390 3782 1470 3854 τῷ
1514 3783 1834 3853 σπείραντιο
1884 3778 1980 3833 καὶ

404 3892 619 3949 πάντων
646 3890 824 3941 πάντα
854 3880 1182 3937 πωλούντων
1206 3878 1274 3932 τὰ
1307 3878 1434 3941 ίδια,
1474 3877 1569 3930 καὶ
1586 3874 1980 3944 λαμϐανόντων

402 3982 522 4037 ἀντὶ
563 3980 780 4033 πάντων
838 3972 931 4028 τὸν
984 3971 1284 4042 πολύτιμον
1343 3968 1665 4040 μάργαρονο
1719 3966 1817 4019 καὶ
1873 3964 1980 4018 τῶν

402 4068 680 4142 ὁψιπετῶν
713 4065 918 4139 ὀρνέων
967 4064 1059 4116 ἐπὶ
1088 4060 1214 4124 τοὺς
1250 4059 1479 4122 κλάδους
1507 4053 1852 4128 σκηνούντων
1885 4050 1979 4108 τοῦ

406 4160 791 4236 βραχυσπόρου
831 4156 1138 4217 συνάπεως.

476 4257 572 4317 ις’.
606 4248 774 4302 Πάλιν
829 4247 861 4299 δ
896 4245 1113 4316 δράκων
1157 4244 1185 4297 ὁ
1227 4239 1437 4303 σκολιὸς
1472 4237 1570 4309 τὴν
1616 4237 1861 4308 κεφαλὴν
1904 4234 1981 4306 τῷ

405 4341 624 4414 σταυρῷ
655 4335 1006 4398 συνθλασθεὶς
1029 4336 1090 4388 τὸ
1117 4334 1335 4404 οὐραῖον
1363 4330 1617 4385 ἐσάλευεν
1639 4346 1655 4361 ·
1688 4332 1782 4381 καὶ
1808 4327 1982 4400 ταύτῃ

2085 3155 2350 3220 vidisset;
2384 3168 2486 3207 nec
2542 3168 2652 3207 non
2704 3167 2828 3207 cum
2880 3152 2991 3223 jam
3021 3161 3078 3206 et
3113 3168 3341 3222 regnum
3384 3151 3476 3207 Dei
3508 3168 3537 3206 a
3573 3151 3673 3206 Ju-

2085 3245 2220 3302 daeis
2253 3246 2492 3300 ablatum
2525 3254 2579 3300 et
2607 3246 2866 3317 gentibus
2897 3246 3083 3300 datum
3119 3245 3348 3309 fuisset,
3396 3263 3516 3316 qua:
3552 3247 3674 3301 fru-

2085 3346 2231 3392 ctum
2265 3338 2319 3392 in
2352 3347 2596 3408 tempore
2625 3353 2727 3392 suo
2755 3337 2863 3392 Deo
2909 3339 3004 3408 qui
3052 3338 3203 3392 dedit
3236 3339 3493 3407 ollerunl,
3521 3347 3577 3395 et
3620 3339 3674 3394 in

2086 3427 2368 3483 Dominica
2403 3429 2562 3482 vinea
2596 3443 2694 3482 eos
2752 3428 2846 3499 qni
2893 3429 3041 3481 circa
3096 3428 3440 3482 undecimam
3476 3429 3670 3480 horam

2084 3536 2288 3576 venere
2324 3520 2585 3575 custodes
2612 3529 2665 3575 et
2687 3520 2970 3589 operarios
3015 3520 3327 3583 habuisset,
3377 3527 3433 3572 et
3485 3533 3675 3572 semen

2086 3610 2232 3683 quod
2268 3611 2321 3664 in
2356 3611 2552 3664 bonam
2583 3620 2783 3678 terram
2822 3611 3122 3675 ceciderat,
3156 3609 3300 3664 bono
3331 3610 3676 3663 incremento

2091 3706 2381 3769 crevisset,
2418 3703 2745 3774 fructusque
2771 3704 3108 3757 oblationem
3147 3718 3246 3772 per
3271 3702 3515 3771 singula,
3545 3717 3679 3756 ceu-

2087 3805 2201 3851 tum
2232 3797 2313 3851 vel
2345 3796 2648 3866 sexaginta,
2714 3796 2830 3851 sive
2876 3796 3122 3866 triginta,
3165 3794 3271 3849 Deo
3310 3797 3402 3866 qui
3434 3796 3674 3851 setiuina-

2087 3888 2165 3942 vit
2201 3887 2464 3951 dedisset,
2495 3901 2800 3958 omnesque
2836 3890 3021 3941 omnia
3055 3904 3154 3942 sua
3182 3889 3585 3952 vendidissent,
3618 3896 3674 3944 et

2087 3982 2390 4052 pretiosum
2419 3981 2777 4049 margaritum
2814 3994 2910 4048 pro
2967 3980 3229 4036 omnibus
3295 3982 3669 4052 accepissent,
3764 4035 3770 4041 ,

2088 4072 2155 4126 ad
2190 4071 2453 4139 celsaque.
2485 4070 2734 4123 volantes
2763 4084 2892 4123 aves
2921 4085 3086 4138 supra
3118 4084 3302 4126 ramos
3357 4071 3512 4142 parvi
3582 4087 3676 4127 se-

2088 4161 2278 4221 minis.
2308 4161 2518 4229 sinapis
2540 4159 2779 4225 scilicet,
2814 4160 3182 4216 habitassent.

2162 4252 2252 4307 16.
2283 4251 2486 4309 lterum
2518 4259 2805 4305 tortuosus
2831 4251 2998 4305 draco
3050 4266 3148 4321 per
3188 4234 3422 4308 \crucem
3492 4253 3676 4322 capite

2090 4352 2496 4415 conquassatus
2538 4343 2773 4397 caudam
2802 4343 3078 4408 movebat,
3109 4354 3165 4397 et
3213 4343 3316 4399 hoc
3384 4343 3545 4399 modo
3587 4344 3677 4398 de-
3729 4328 3736 4340 “

404 4435 591 4507 φοϐεῖν
622 4431 749 4494 τοὺς
782 4427 1139 4490 εὐσεϐοῦντας
1169 4425 1446 4495 ἐνόμιζενο
1476 4422 1638 4476 πάλιν
1668 4424 1696 4475 ὁ
1726 4437 1975 4492 νυκτερι-

2090 4440 2298 4488 terrere
2327 4433 2413 4507 pie
2440 4440 2667 4502 agentes
2698 4432 3055 4486 existimabat
3093 4449 3106 4486 :
3135 4433 3333 4488 iterum
3364 4446 3675 4491 nocturnus

403 4524 494 4588 νδς
519 4522 754 4594 σπορεὺς
778 4521 969 4580 σκότος
998 4518 1058 4583 ἐξ
1083 4517 1363 4589 ἑωσφόρον
1384 4516 1696 4587 γενόμενος,
1729 4517 1786 4569 ἐν
1814 4515 1989 4586 σκότῳ

404 4614 653 4686 σπείρειν
680 4613 750 4667 τὰ
778 4614 885 4668 ἴδια
917 4610 1247 4684 προσεπόθει
1281 4609 1497 4674 ζιζάνια
1523 4624 1537 4638 ·
1580 4606 1744 4662 πάλιν
1794 4609 1862 4660 τά
1892 4624 1991 4659 πε-

401 4707 556 4761 τεινά
606 4704 676 4760 τά
728 4705 956 4776 οὐράνια
995 4703 1057 4757 τὸ
1100 4701 1252 4773 παρὰ
1290 4701 1388 4772 τὴν
1432 4701 1549 4755 ὁδὸν
1598 4702 1663 4756 ὲκ
1691 4699 1787 4753 τοῦ
1819 4697 1987 4753 καλοῦ

407 4799 653 4871 σπορέως
698 4799 861 4851 πεσὸν
894 4795 1200 4850 κατεσθίειν
1230 4792 1521 4863 ἠϐούλοντο
1544 4808 1558 4823 ⁸
1605 4791 1767 4846 πάλιν
1822 4793 1851 4845 ό
1889 4791 1988 4863 τὴν

405 4889 552 4944 Εῦαν
595 4890 874 4960 πλανήσας
920 4886 1241 4958 συρίγματι,
1280 4883 1378 4937 καὶ⁵
1407 4881 1498 4936 τὸν
1541 4882 1712 4953 Ἀδὰμ
1751 4885 1987 4954 ποιήσας

407 4978 671 5043 ἀντίθεον,
701 4982 730 5034 ό
768 4979 863 5033 τὸν
893 4977 1063 5031 ’Δϐελ
1104 4974 1373 5045 φονεύσας
1403 4974 1478 5038 ὡς
1506 4973 1735 5040 δίκαιον,
1769 4979 1864 5029 καὶ
1893 4975 1988 5030 τὸν

407 5071 550 5126 Κάῖν
601 5070 836 5140 ἀδελφοῦ
884 5071 1049 5139 φονέα
1098 5069 1445 5139 τευξάμενος,
1473 5068 1503 5120 ό
1537 5068 1628 5121 τὸν
1664 5058 1829 5123 πάλαι
1860 5069 1988 5123 λαὸν

408 5166 642 5234 ποιήσας
699 5162 1030 5234 φιλόσαρκον
1076 5161 1172 5215 καλ⁸
1214 5160 1510 5214 ἀπολέσθαι
1561 5162 1989 5233 παρασκευάσας

404 5254 474 5308 δι’
504 5254 724 5318 ὕδατος·
753 5255 782 5306 ὁ
804 5254 893 5307 τὸν
925 5253 1055 5324 Χάμ
1084 5252 1630 5333 τελέσαςχὲπάρατον,
1661 5254 1755 5306 καὶ
1784 5254 1896 5315 τοῖς
1927 5254 1986 5306 ἐν

405 5346 631 5418 Χανάνῃ
669 5345 768 5418 τὴν
811 5344 921 5399 τῶν
957 5344 1220 5413 γλωσσῶν
1259 5345 1579 5416 ὲπαρτήσας
1619 5343 1885 5415 διαίρεσιν
1910 5359 1923 5372 ·
1954 5344 1984 5397 ὁ

405 5438 517 5502 τοῖς
544 5436 850 5509 ἀνθρώποις
880 5436 1159 5508 πληθύνας
1181 5436 1251 5491 τὰ
1275 5435 1490 5503 εἴδωλα,
1528 5436 1623 5491 καὶ
1651 5435 1786 5490 Θεοῦ
1815 5435 1983 5508 χωρί-

2090 4528 2260 4586 sator,
2289 4520 2528 4575 tenebrae
2558 4534 2623 4574 ex
2658 4519 2889 4574 lucifero
2926 4518 3126 4584 factus,
3156 4521 3211 4575 in
3238 4521 3485 4578 tenebris
3508 4524 3674 4578 seini-

2088 4625 2221 4664 nare
2242 4624 2340 4663 sua
2359 4608 2709 4664 desiderabat
2752 4609 3001 4676 zizania;
3048 4610 3247 4666 iterum
3291 4615 3544 4669 caelestes
3579 4629 3677 4668 vo-

2089 4699 2272 4756 lucres
2322 4716 2508 4755 semen
2550 4701 2696 4771 quod
2746 4717 2909 4756 secus
2953 4703 3117 4767 viam,
3170 4718 3235 4758 ex
3290 4704 3436 4758 bono
3486 4714 3674 4759 satore

2088 4792 2383 4858 ceciderat,
2429 4792 2695 4848 devorare
2744 4793 3028 4859 volebant;
3057 4795 3280 4850 iiterum
3342 4795 3433 4864 qui
3491 4804 3668 4849 tentit

2085 4886 2317 4955 eos,qui
2352 4894 2483 4940 sunt
2508 4884 2757 4950 Christi,
2805 4887 2900 4951 qui
2955 4892 3194 4940 tentatus
3259 4895 3342 4941 est
3397 4893 3451 4940 et
3514 4886 3669 4951 vicit,

2087 4986 2300 5035 tentare
2340 4978 2643 5049 gestiebat;
2701 4977 2901 5032 iterum
2959 4982 3127 5033 draco
3178 4981 3272 5048 qui
3347 4978 3511 5033 sibilo
3564 4993 3666 5034 suo

2088 5068 2255 5125 Evam
2291 5071 2532 5135 seduxit,
2562 5080 2617 5126 et
2651 5070 2823 5124 Adam
2866 5068 2977 5123 Deo
3010 5068 3139 5123 fecit
3176 5071 3541 5135 contrarium,
3571 5070 3667 5140 qui

2085 5166 2220 5221 A-bcl
2246 5164 2784 5234 occiditntjustum,
2815 5175 2871 5219 et
2910 5164 3043 5217 Cain
3102 5162 3435 5219 fratricidam
3477 5177 3666 5234 opt-ra-

2092 5266 2183 5313 tus
2210 5267 2317 5325 est,
2339 5256 2431 5329 qui
2468 5259 2754 5328 antiquum
2785 5259 3046 5327 populum
3076 5256 3261 5313 carnis
3294 5256 3423 5310 fecit
3455 5264 3671 5311 amato-

2091 5364 2233 5415 rem,
2260 5361 2313 5404 et
2335 5351 2524 5420 egitut
2546 5365 2641 5419 per
2675 5364 2873 5419 aquam
2913 5349 3147 5418 periret;
3176 5349 3269 5419 qui
3303 5347 3474 5402 Cham
3502 5348 3671 5404 male-

2091 5440 2296 5498 dictum
2326 5442 2585 5514 patravit,
2615 5449 2671 5498 ct
2701 5441 2789 5499 his
2812 5439 2905 5513 qui
2940 5444 2995 5497 in
3025 5440 3670 5521 Cltalanne(7-8)reperu

1156 5588 1166 5621 ³
1931 5594 2166 5655 NOTAE.

439 5695 661 5778 (7.8)1η
695 5703 889 5759 codicis
926 5707 1163 5778 ntargine
1189 5706 1525 5766 Chanahari.
