4020 6204
363 258 500 324 3399

1232 268 1291 330 S.
1340 268 1755 331 SOPHRONII
1790 268 2297 331 ΡΑΤΒῙΑΒΟΗΑΞ
2338 272 2743 333 HIEROSOL.

3471 264 3615 329 3400

365 377 495 426 sum
516 369 819 441 linguarum
848 355 1249 432 consummavit
1278 378 1627 450 divisionem,
1663 382 1757 452 qui
1789 384 1933 447 mul-

2039 400 2133 444 σας
2171 382 2264 436 τοῦ
2301 385 2615 447 κτίσαντοςο
2650 386 2678 436 6
2710 385 2800 437 τὸν
2844 383 3058 455 Ἰσραὴλ
3094 381 3273 449 δείξας
3299 381 3635 454 ἀχάριστον,¹

364 462 632 531 tiplicavit
661 463 976 521 hominibus
999 467 1170 533 idola,
1209 476 1263 522 et
1298 484 1328 524 a
1378 470 1488 526 Deo
1531 475 1802 543 separavit
1842 475 1933 545 qui

363 566 676 621 creaverat;
736 558 829 626 qui
866 559 1120 614 lsraelem
1174 563 1444 633 ingratum
1500 578 1552 621 et
1598 568 1934 625 Pharaonem

364 642 560 696 durum
590 655 754 713 alque
788 646 1052 702 immitem
1078 651 1347 719 exhibuit,
1383 664 1435 709 et
1467 658 1935 729 alterumquidem

362 732 539 800 perire
565 733 690 786 fecit
719 734 770 787 in
803 752 1007 801 eremo,
1037 742 1268 796 alterum
1311 760 1441 800 vero
1478 748 1531 800 in
1562 749 1728 804 maris
1755 750 1936 802 immi-

364 822 824 891 tibustluctibus;
857 830 950 896 qui
977 829 1197 887 Judaeos
1263 836 1386 904 legi-
1418 844 1471 891 et
1540 840 1820 908 praplmtis
1857 843 1939 895 in-

362 913 679 971 oltcdieutes
711 918 859 981 fceil,
893 927 1245 994 gentiumque
1293 929 1527 997 subjecit
1575 932 1935 986 abominatio-

362 1004 566 1066 nihus;
605 1007 695 1073 qui
726 1008 968 1067 invidere
987 1011 1208 1068 Christo
1234 1016 1476 1072 Hebraeis
1506 1022 1702 1083 suasit,
1734 1033 1785 1075 et
1811 1037 1937 1075 cru-

361 1095 581 1161 ciligerc
612 1100 705 1167 qtti
761 1111 985 1157 venerat
1036 1113 1095 1158 ιιι
1127 1107 1367 1180 salvarct
1418 1110 1581 1175 illos;
1636 1112 1726 1181 qui
1763 1114 1936 1180 ipsius

363 1187 633 1249 persuasit
667 1203 927 1243 accusare
955 1196 1438 1263 resurrectionem,
1468 1206 1520 1252 et
1562 1200 1727 1269 hujus
1754 1216 1938 1270 perse-

308 1258 317 1263 ’
365 1272 450 1339 qui
484 1280 538 1324 et
565 1276 816 1329 occidere
850 1280 1256 1345 prmdicatorcs.

434 1379 520 1433 17.
553 1381 654 1447 Qui
697 1384 781 1438 his
810 1387 1069 1442 omnibus
1120 1390 1301 1445 minus
1352 1400 1666 1456 contentus,
1729 1394 1932 1466 Cyrum

362 1470 707 1538 postmddum
737 1484 788 1528 et
834 1474 1097 1532 Joannem
1143 1490 1412 1552 martyres
1450 1484 1775 1548 debellabat,
1814 1503 1935 1557 per-

361 1564 702 1616 secutionum
731 1574 974 1637 tempore
1004 1571 1437 1638 resplendentes,
1465 1584 1519 1627 et.
1542 1575 1751 1628 Christi
1787 1579 1932 1631 mili-

361 1660 442 1708 tes
477 1656 828 1713 exsistentes.
864 1658 973 1713 Sed
1026 1664 1413 1731 superabatur,
1446 1676 1638 1720 contra
1681 1669 1933 1725 stimulos

2038 473 2132 526 καὶ
2190 473 2280 526 τὸν
2344 473 2545 544 Φαραὼ
2591 474 2824 543 σκληρὸν
2874 473 2966 526 καὶ
3031 471 3342 535 ἀτίθασσον,
3386 473 3482 525 καὶ
3523 474 3615 528 τὸν

2040 565 2139 634 μὲν
2166 564 2460 618 ἀπολέσθαι
2491 565 2724 635 ποιήσας
2754 566 2835 627 είς
2860 564 3081 634 ἔρημον,
3115 564 3205 616 τὸν
3242 564 3300 616 δὲ
3331 564 3616 620 θαλάττιον

2037 660 2116 722 εἰς
2153 659 2440 727 ἀμείλικτα
2488 659 2741 727 κύματα⁸
2774 659 2801 711 6
2844 658 2971 721 τοὺς
3019 657 3303 721 Ἰουδαίους
3333 657 3486 728 νόμῳ
3519 658 3614 711 καὶ

2038 751 2345 819 προφήταις
2409 751 2654 812 ἀπειθεῖς
2718 750 3129 821 ἐργασάμενος,
3182 749 3276 801 καὶ
3338 753 3451 811 τοῖς
3504 749 3613 801 τῶν

2039 840 2210 893 ἐθνῶν
2264 841 2535 906 ὑποτάξας
2579 840 2977 910 βδελύγμασινο
3021 842 3049 894 6
3090 840 3351 909 φθονῆσαι
3390 841 3613 912 Χριστῷ

2034 933 2149 992 τοῖς
2185 929 2458 998 Ἑϐραίοις
2488 929 2792 999 ἐνθέμενος,
2835 931 2927 983 καὶ
2961 931 3269 998 σταυρῶσαι
3294 930 3385 982 τὸν
3417 928 3612 994 σώζειν

2036 1021 2234 1083 αὐτοὺς
2281 1022 2641 1090 ἀφικόμενον·
2679 1023 2707 1073 6
2748 1021 2847 1092 τὴν
2888 1021 3053 1074 αὑτοῦ
3091 1026 3445 1091 συκοφαντεῖν
3481 1025 3612 1077 ἀνα-

2038 1110 2232 1174 πείσας
2266 1112 2588 1177 ἀνάστασιν,
2621 1114 2713 1166 καὶ
2743 1114 2944 1184 ταύτης
2976 1113 3192 1167 διώκειν
3230 1116 3321 1169 καὶ
3365 1114 3611 1185 φονεύειν

2034 1204 2159 1267 τοὺς
2192 1206 2458 1276 κήρυκας.

2108 1385 2193 1450 ιζ’.
2236 1387 2294 1439 Ὀ
2344 1386 2553 1448 τούτοις
2609 1388 2813 1442 ἅπασιν
2867 1390 2965 1442 ούκ
3017 1390 3374 1462 ἀρκούμενος,
3428 1390 3609 1464 Κῦρον

2035 1476 2259 1546 ὕστερον
2305 1478 2561 1547 ἐπολέμει
2610 1480 2705 1532 καὶ
2752 1481 3002 1549 Ἰωάννην
3052 1484 3171 1546 τοὺς
3225 1486 3507 1553 μάρτυρας
3550 1486 3609 1539 ὲν

2034 1556 2213 1639 καιρῷ
2252 1569 2507 1638 διωγμῶν
2546 1568 2989 1640 ἀναλάμψαντας,
3040 1575 3135 1627 καὶ
3169 1570 3406 1645 Χριστοῦ
3441 1593 3608 1642 στραο

2033 1658 2233 1722 τιιῦτας
2263 1661 2636 1731 ὑπάρχονταςο
2668 1662 2784 1715 ἀλλ’
2811 1667 3012 1732 ἡττᾶτο
3040 1666 3173 1735 πρὸς
3194 1668 3395 1737 κέντρα
3421 1667 3609 1721 λακτί-

359 1745 701 1801 calcitrando
783 1751 1127 1808 miserrimus
1200 1770 1321 1809 cum
1397 1757 1615 1812 invictis
1662 1762 1932 1841 pne-fictos

2037 1749 2144 1812 ζων
2188 1753 2215 1802 6
2258 1751 2510 1817 δείλαιος,
2542 1755 2637 1806 καὶ
2667 1731 2942 1825 ἀνικήτοις
2977 1731 3302 1826 συμϐάλλων
3328 1731 3423 1820 vel;
3449 1759 3609 1812 πολε-

359 1832 516 1906 [Cod.
555 1838 671 1910 um]
703 1854 992 1909 aggressus
1054 1846 1105 1897 in
1138 1848 1341 1914 prmlio.
1396 1849 1607 1903 Etenim
1645 1832 1934 1909 exhibebat

358 1932 576 1999 quidem
606 1936 936 2004 romplueam
955 1939 1345 2008 fulgurantcm,
1373 1944 1467 1998 sed
1493 1944 1661 2000 fortes
1685 1948 1771 2001 isti
1796 1950 1935 2004 hanc

357 2024 478 2091 ejus
510 2026 979 2096 inﬁgebantcordi
1012 2049 1025 2085 :
1056 2041 1109 2086 et
1134 2050 1320 2088 arcum
1366 2037 1562 2091 animm
1585 2040 1808 2093 noxium
1851 2042 1933 2094 in-

356 2118 637 2180 tendebat,
672 2121 765 2174 sed
789 2121 935 2177 hunc
960 2125 1226 2179 maturius
1252 2141 1415 2196 quam
1448 2129 1766 2197 sagittarum
1792 2130 1934 2188 foret

357 2210 606 2272 emissio,
640 2227 746 2265 una
771 2227 897 2266 cum
927 2215 1166 2271 brachiis
1198 2234 1318 2287 qua:
1351 2223 1691 2274 tetenderant
1742 2232 1932 2278 conte-

356 2303 584 2369 rebant;
615 2314 667 2358 et
704 2304 880 2359 lacum
909 2308 1224 2371 eﬂ‘odiebat.
1254 2312 1348 2365 sed
1380 2312 1480 2366 sibi
1534 2313 1681 2366 hunc
1728 2324 1780 2370 et
1821 2331 1930 2370 non

357 2391 476 2445 suis
498 2395 817 2458 contrariis,
860 2397 913 2450 id
952 2406 1039 2453 est
1078 2402 1431 2472 martyribus,
1473 2402 1786 2459 eﬂodiebat.
1842 2407 1926 2461 Ad

354 2490 659 2537 curemum
687 2499 817 2538 vero
844 2485 1104 2557 fatigatus
1151 2495 1640 2560 congressionibus
1696 2495 1839 2562 istis,
1875 2506 1930 2552 et

356 2569 554 2624 iterum
589 2588 832 2644 pugnare
872 2593 979 2631 non
1021 2580 1228 2646 valens,
1282 2583 1368 2638 his
1400 2593 1530 2639 tunc
1559 2603 1653 2641 eos
1684 2589 1927 2657 tradidit,

355 2663 449 2729 qui
481 2662 602 2732 eius
626 2668 999 2721 cernebantur
1031 2669 1305 2726 honorare
1332 2683 1626 2745 priet-epla,
1658 2689 1930 2747 quatenus

355 2751 551 2807 ltorum
591 2758 912 2812 truculentis
933 2762 1184 2818 manibus
1207 2765 1497 2829 verberati,
1531 2783 1655 2822 cum
1688 2780 1931 2825 tormen~

354 2851 535 2896 torum
569 2845 675 2898 vim
704 2847 848 2902 ferre
877 2865 982 2904 non
1008 2861 1257 2919 possent,
1285 2854 1556 2908 sacriﬁcia
1591 2857 1639 2911 ei
1667 2858 1928 2913 oﬂ‘errcnt

357 2943 521 3004 atque
551 2936 830 3003 libamina,
864 2939 1145 3010 Deumque
1176 2943 1326 2995 illum
1357 2960 1478 2997 cum
1516 2947 1637 3000 aliis
1667 2950 1929 3017 prtedica-

355 3034 477 3077 rcnt
505 3026 891 3092 daemonibus;
953 3041 1045 3083 aut
1085 3031 1129 3086 si
1175 3032 1288 3085 lucc
1355 3031 1536 3088 facere
1596 3038 1995 3120 noluissent,C

355 3113 614 3171 instantis
635 3119 973 3172 sustinerent
1000 3121 1123 3176 vitae
1144 3121 1436 3190 jacturaut.
1472 3125 1585 3181 lloc
1615 3139 1795 3184 autem
1830 3148 1924 3201 ge-

356 3220 484 3261 rens
515 3207 726 3274 infelix,
765 3209 1053 3278 ignorabat
1079 3214 1220 3281 (μιοά
1249 3216 1454 3271 sanctis
1485 3219 1698 3286 quidem
1734 3223 1925 3276 melio-

353 3298 667 3370 rem,vitam
696 3309 749 3355 et
772 3315 1012 3357 coronas
1052 3320 1161 3359 non
1219 3307 1482 3364 habentes
1534 3311 1692 3366 linem
1739 3317 1925 3370 conci-

355 3390 548 3455 liaret;
581 3392 682 3446 sibi
745 3403 928 3447 autem
983 3408 1213 3451 mortem
1244 3404 1598 3469 superatione
1636 3406 1922 3477 majorem,

354 3489 408 3533 et
439 3481 649 3550 plagam
692 3483 1016 3540 confusione
1050 3490 1325 3543 refertam.

430 3567 516 3621 l8.
550 3567 794 3638 Denique
830 3575 1440 3642 comprehendebantur
1487 3580 1708 3650 quidem
1744 3584 1811 3640 ab
1840 3585 1926 3642 his

354 3660 445 3728 qui
488 3660 608 3713 sine
634 3660 746 3716 Deo
770 3671 949 3725 erant,
979 3665 1032 3718 hi
1081 3666 1172 3734 qui
1204 3685 1329 3722 cum
1368 3668 1479 3726 Deo
1512 3677 1925 3731 conversabau-

354 3762 462 3815 tur,
505 3752 837 3807 Diocletiano
872 3755 1124 3810 videlicet
1158 3760 1247 3826 qui
1293 3758 1520 3814 Romani
1582 3764 1928 3836 principatus

350 3843 585 3910 tenebat,
643 3845 954 3913 imperium,
1029 3854 1083 3899 et
1163 3848 1398 3919 Syriano
1446 3853 1539 3922 qui
1582 3852 1926 3914 Alexandria:

352 3937 843 4001 praeerat'ciritati,
886 3948 1049 4007 atque
1104 3939 1299 3997 Cassio
1330 3945 1444 4012 _qni
1490 3948 1707 4014 gentilis
1757 3964 1926 4018 penes

350 4025 637 4095 Canopum
698 4028 936 4082 vesania:
1002 4030 1309 4086 sacer-datio
1386 4035 1723 4105 fungeretur.
1792 4038 1925 4095 Post

350 4111 497 4168 Petri
532 4116 702 4170 divini
740 4127 792 4171 et
817 4119 1030 4189 piorum
1085 4124 1230 4188 apud
1256 4123 1642 4181 Alexandriam
1680 4134 1921 4198 pastoris

351 4207 565 4274 insigne
596 4202 896 4265 certamen
932 4211 1146 4281 (duplex
1169 4216 1239 4270 ab
1260 4218 1339 4270 eis
1376 4217 1577 4272 bellum
1628 4220 1925 4277 ebulliebat

352 4297 521 4368 [drest
547 4300 600 4350 in
647 4298 792 4371 Gn],
834 4301 1065 4356 alterum
1101 4307 1319 4374 quidem
1364 4308 1628 4364 adversus
1675 4312 1923 4369 Imminet

1997 1870 2014 1883 ο
2036 1858 2136 1909 μον
2164 1859 2175 1871 ·
2210 1844 2416 1896 ἐσπᾶτο
2449 1845 2546 1913 μὲν
2579 1846 2687 1915 γάρ
2721 1848 2996 1916 ῥομφαίαν
3027 1850 3460 1919 ἀστράπτουσαν,
3492 1851 3607 1903 ἀλλ’

2032 1932 2081 1982 oi
2114 1934 2349 1997 γενναῖοι
2396 1932 2600 2005 ταύτην
2630 1935 2795 1987 αὑτοῦ
2827 1939 2892 2007 τῇ
2924 1938 3121 2008 καρδῗᾳ
3157 1939 3478 2005 ὲνέπησσον,
3512 1941 3606 1993 καὶ

2034 2019 2187 2084 τόξον
2230 2021 2571 2092 ψυχοφθόρον
2603 2024 2844 2090 ἐτάνυον,
2892 2026 3027 2080 ἀλλά
3070 2028 3225 2081 τοῦτο
3263 2030 3458 2084 θᾶττον
3499 2034 3604 2107 πρὸ

2032 2110 2135 2178 τῆς
2168 2111 2278 2164 τῶν
2311 2111 2480 2180 βελῶν
2517 2113 2830 2177 ἀπολύσεως
2861 2114 2976 2185 ἅμα
3015 2118 3262 2188 βραχίοσι
3300 2124 3411 2183 τοῖς
3454 2139 3604 2176 τετα-

2034 2201 2185 2253 κόσιν
2232 2203 2543 2273 συνέτριϐεν
2566 2220 2578 2233 °
2615 2203 2707 2258 καί
2743 2205 2942 2260 λάκκον
2983 2208 3243 2279 ὤρυττεν,
3278 2212 3391 2264 ἀλλ’
3430 2214 3606 2282 ἑαυτῷ

2031 2291 2219 2345 τοῦτον
2249 2295 2343 2346 καὶ
2364 2295 2425 2348 ού
2455 2299 2567 2359 τοῖς
2597 2297 2910 2361 ἀντιπάλοις
2939 2299 3177 2371 ὤρυττεν
3210 2303 3445 2373 μάρτυσι
3471 2321 3486 2333 °
3513 2306 3604 2358 τέο

2034 2381 2124 2445 λος
2171 2383 2228 2436 δὲ
2276 2385 2487 2450 τούτοις
2532 2388 2833 2459 ἀποκαμών
2863 2393 2973 2455 τοῖς
3018 2394 3463 2465 συγκρούομασιν
3514 2398 3607 2450 καὶ

2037 2474 2199 2528 πάλιν
2229 2476 2484 2546 πολεμεῖν
2520 2479 2594 2548 μὴ
2626 2479 2941 2548 δυνάμενος,
2973 2485 3081 2546 τοῖς
3106 2486 3223 2537 τότε
3252 2487 3485 2556 τιμῶσιν
3510 2490 3604 2541 αύ-

2033 2565 2127 2617 τοῦ
2182 2568 2581 2637 προστάγματα
2632 2572 3019 2640 παραδίδωσιν,
3078 2576 3164 2628 ἵνα
3219 2581 3339 2640 ταῖς
3399 2580 3604 2634 τούτων

2035 2659 2341 2726 μιαιφόνοις
2376 2662 2564 2732 χερσὶν
2605 2664 2962 2734 αἰκιζόμενοι,
3012 2668 3103 2720 καὶ
3150 2668 3249 2739 τὴν
3281 2669 3392 2722 τῶν
3432 2670 3606 2741 βασά-

2031 2766 2136 2801 νων
2168 2749 2292 2819 βίαν
2346 2753 2406 2804 ού
2466 2755 2740 2825 φέροντες,
2796 2757 2986 2821 θυσίας
3039 2760 3187 2830 αύτῷ
3230 2763 3324 2815 καὶ
3372 2764 3604 2829 σπονδὰς

2031 2844 2489 2911 προσενέγκωσιν,
2514 2846 2606 2898 καὶ
2634 2846 2765 2899 Θεὸν
2790 2849 2951 2903 αὑτὸν
2978 2851 3074 2904 σὺν
3096 2855 3205 2915 τοῖς
3231 2854 3405 2919 ἄλλοις
3433 2856 3603 2929 κηρύ-

2032 2932 2164 2997 ξωσι
2210 2934 2459 3003 δαίμοσιν
2482 2954 2496 2967 ·
2528 2938 2560 3008 ἢ
2601 2939 2774 2992 ταῦτα
2817 2945 2988 2994 ποιεῖν
3034 2944 3106 3014 μὴ
3137 2944 3468 3016 βουλόμενοι,
3503 2951 3602 3019 τῆς

2033 3025 2311 3096 παρούσης
2341 3029 2486 3096 ζωῆς
2516 3030 2824 3101 ὑπομένωσι
2858 3035 3110 3105 στέρησιν
3135 3050 3148 3061 ’
3179 3038 3335 3092 τοῦτο
3381 3040 3437 3093 δὲ
3469 3042 3602 3113 δράη

2031 3134 2129 3180 σας
2159 3120 2186 3170 6
2216 3120 2380 3181 τάλας
2413 3122 2678 3193 ἠγνόησεν
2713 3124 2786 3187 ὡς
2814 3129 2926 3189 τοῖς
2965 3128 3062 3197 μὲν
3092 3130 3265 3198 ἁγίοις
3294 3133 3436 3204 ζωὴν
3467 3151 3602 3205 προσ

2030 3208 2304 3278 ξενήσειεν
2348 3214 2650 3281 κρείττονα,
2686 3217 2781 3268 καὶ
2816 3219 3108 3285 στεφάνους
3135 3222 3288 3285 τέλος
3324 3225 3421 3278 οὐκ
3454 3226 3601 3298 ἔλοψ

2028 3317 2147 3371 τας,
2180 3302 2354 3371 ἑαυτῷ
2376 3304 2431 3357 δὲ
2463 3305 2690 3361 θάνατον
2719 3305 2886 3383 ἦττάν
2914 3328 2970 3364 τε
3009 3314 3229 3383 μείζονα
3267 3318 3359 3370 καὶ
3387 3318 3599 3389 πληγὴν

2028 3392 2290 3466 αίσχύνης
2311 3397 2611 3453 ἀνάπλεων.

2104 3576 2190 3639 ιη’.
2218 3570 2690 3641 Συνελαμϐάνοντο
2716 3577 2815 3646 μὲν
2837 3577 2943 3650 γάρ
2972 3580 3072 3635 ὑπὸ
3097 3583 3203 3636 τῶν
3236 3585 3408 3641 ἀθέων
3437 3590 3485 3642 σί
3516 3590 3599 3642 ἔν-

2029 3659 2162 3721 θεοι,
2189 3661 2568 3732 Διοκλητιανοῦ
2611 3665 2711 3736 τῆς
2749 3668 3035 3737 Ῥωμαίων
3078 3673 3250 3744 ἀρχῆς
3284 3675 3598 3745 βασιλεύον-

2027 3765 2138 3811 τος,
2168 3750 2431 3822 Συριανοῦ
2456 3753 2512 3806 δὲ
2540 3755 2637 3824 τῆς
2678 3757 3067 3830 Ἀλεξανδρέων
3092 3764 3347 3833 ἄρχοντος
3369 3770 3595 3834 πόλεως,

2027 3840 2121 3891 καὶ
2174 3842 2414 3895 Κασσίου
2479 3845 2579 3914 τῆς
2634 3847 2947 3921 Ἑλληνικῆς
3008 3854 3066 3906 ὲν
3112 3857 3357 3928 Κανωϐῷ
3402 3865 3594 3929 μανίας

2029 3932 2432 4001 ἱερατεύοντοςο
2473 3940 2609 4006 μετά
2661 3941 2760 4012 τὴν
2815 3941 3031 4014 [supple
3074 3948 3322 4024 ἄθλησιν]
3391 3954 3596 4026 Πέτρου
3668 3968 3680 3977 “

2025 4023 2118 4075 τοῦ
2154 4024 2298 4077 θείου
2323 4026 2428 4079 τῶν
2459 4030 2697 4085 εὐσεϐεῖν
2720 4035 2777 4085 ἐν
2810 4035 3186 4111 Ἀλεξανδρείᾳ
3212 4045 3593 4113 ποιμάναντος,

2024 4110 2053 4162 6
2095 4112 2192 4181 μὲν
2222 4113 2355 4183 πρὸς
2390 4116 2708 4187 ἀνθρώπους
2746 4122 2930 4191 ὠμοὺς
2970 4128 3060 4179 καὶ
3101 4110 3281 4200 ὠμαῖς
3308 4110 3594 4206 *κεχρημέέ

2026 4218 2149 4265 νους
2179 4207 2298 4266 ταῖς
2330 4208 2599 4274 μάστιξιν,
2630 4212 2680 4264 οἱ
2705 4212 2759 4265 δὲ
2785 4216 2922 4286 πρὸς
2946 4218 3037 4271 τὸν
3065 4222 3289 4288 τούτους
3321 4230 3594 4300 παροτρύ-

2027 4309 2186 4346 νοντα
2229 4294 2496 4365 δράκοντα
2522 4316 2535 4328 ι
2589 4303 3054 4373 συνελαμϐάνοντο
3097 4312 3154 4364 δὲ
3196 4315 3254 4368 οὐ
3290 4317 3452 4385 μόνον
3486 4324 3597 4384 τοῖς

351 4390 626 4456 crudeles,
683 4403 737 4445 et
786 4393 1081 4449 crudeliter
1135 4394 1361 4467 ﬂagellis
1405 4411 1639 4473 utentes,
1691 4404 1919 4460 alterum

2029 4385 2325 4438 κτείνουσιν
2363 4384 2449 4458 (ἦν
2481 4390 2588 4460 γὰρ
2624 4393 2689 4446 ἂν
2722 4392 2874 4459 οὗτος
2903 4398 2932 4449 6
2957 4399 3108 4468 ἀγὼν
3142 4405 3324 4469 αὐτοῖς
3356 4408 3591 4481 ἐλαφρό-

352 4495 481 4531 τριι)
534 4480 798 4536 adversus
843 4481 944 4537 hos
988 4486 1357 4542 concitantem
1389 4489 1729 4548 draconem:
1764 4508 1918 4548 com-

353 4568 831 4636 prehendebantur
869 4580 1048 4626 autem
1083 4590 1190 4629 non
1217 4576 1316 4630 soli
1354 4580 1423 4632 ab
1452 4580 1917 4649 interfectoribus,

349 4670 461 4711 erat
503 4659 648 4713 enim
685 4662 862 4716 taliter
884 4662 964 4718 eis
1001 4674 1274 4722 certamen
1332 4669 1524 4733 levius,
1551 4683 1603 4726 et
1635 4688 1741 4727 non
1774 4676 1915 4729 mul-

350 4760 458 4805 tam
496 4751 701 4808 habens
725 4756 1144 4813 sollicitudinem
1170 4799 1184 4824 ,
1228 4760 1323 4815 sed
1383 4774 1437 4816 et
1470 4765 1740 4836 virginum
1784 4766 1919 4822 οίιο-

352 4859 446 4897 rus
470 4861 595 4898 cum
629 4846 739 4900 illis
777 4849 1150 4918 retinebatur;
1188 4861 1298 4908 tres
1331 4855 1476 4909 enim
1502 4870 1677 4921 erant,
1727 4868 1781 4911 et
1802 4873 1919 4911 ma-

350 4945 433 4988 ter
462 4952 583 5005 quze
617 4939 713 4992 has
746 4939 834 5009 pie
873 4950 926 4994 et
950 4942 1146 5010 pudice
1195 4945 1619 5013 germinavcrat,
1648 4947 1776 5001 dum
1803 4949 1918 5003 sci-

346 5028 473 5082 licet
530 5029 739 5084 animus
801 5040 855 5085 et
904 5047 1137 5103 corpora
1214 5043 1365 5090 caste
1417 5034 1639 5091 Christo
1706 5040 1917 5095 caelesti

349 5117 562 5189 Sponso
592 5132 836 5190 utraeque
860 5130 1109 5192 regerent
1130 5124 1492 5193 deSponsatre.
1529 5123 1768 5192 Quarum
1803 5128 1917 5184 haec

346 5217 523 5274 erant,
550 5219 606 5263 ut
637 5214 789 5266 aiunt
815 5214 1102 5287 vocabula,
1123 5212 1437 5272 Thcoctiste
1462 5218 1679 5287 quidem
1707 5220 1916 5289 primo-

345 5302 549 5369 genita,
575 5317 696 5370 qute
727 5317 930 5356 annum
982 5305 1230 5375 quintutn
1266 5305 1536 5362 decimum
1585 5311 1761 5365 aetatis
1799 5328 1919 5382 age-

349 5388 436 5442 bat
461 5406 475 5454 ;
504 5406 624 5459 quae
659 5408 786 5447 vero
834 5403 962 5462 post
992 5395 1135 5449 hanc
1180 5404 1320 5461 erat,
1353 5396 1633 5454 Theodoto
1678 5401 1911 5470 appella-

344 5477 529 5543 batur,
566 5483 788 5535 tertintn
821 5483 1093 5539 decimum
1134 5500 1342 5541 annum
1404 5489 1717 5561 transigens
1742 5529 1757 5554 ,
1793 5506 1915 5559 qua:

347 5577 529 5621 autem
570 5578 693 5640 post
748 5570 846 5625 has
878 5582 1140 5643 utrasque
1195 5584 1322 5630 nata
1354 5586 1458 5645 est,
1490 5577 1776 5633 dicebatur
1803 5579 1911 5635 Eu-

344 5657 528 5725 doxia,
567 5662 728 5716 unius
757 5662 901 5719 enim
931 5665 1042 5720 haec
1069 5674 1123 5721 et
1155 5666 1349 5723 decimi
1406 5677 1521 5726 erat
1555 5670 1702 5725 anni.
1740 5671 1911 5728 Atha-

2024 4491 2179 4543 τερος
2211 4478 2303 4529 καὶ
2331 4478 2391 4530 οὐ
2412 4480 2670 4550 πλείστην
2696 4484 2836 4554 ἔχων
2862 4489 2959 4559 τὴν
2984 4492 3298 4565 μέριμναν),
3321 4498 3457 4553 ἀλλά
3496 4478 3590 4555 καὶ

2027 4567 2306 4638 παρθένων
2327 4570 2509 4633 αὐτοῖς
2532 4573 2700 4639 ἁγίων
2721 4579 2877 4648 χορδς
2906 4584 3302 4655 συγκατείχετο.
3317 4593 3465 4660 τρεῖς
3486 4592 3592 4663 γὰρ

2023 4662 2337 4733 ἐτύγχανον,
2362 4670 2453 4720 καὶ
2472 4672 2652 4741 μήτηρ
2670 4674 2701 4742 ἡ
2721 4674 2921 4739 ταύτας
2940 4679 3178 4743 εὐσεϐῶς
3195 4684 3287 4735 καὶ
3306 4662 3593 4757 σωφρόνως

2002 4756 2391 4827 βλαστήσασα,
2435 4762 2613 4832 ψυχάς
2661 4766 3040 4840 ἀγνισαμένων
3083 4773 3177 4827 καὶ
3222 4756 3470 4848 σώματα,
3503 4784 3594 4834 καὶ

2022 4847 2242 4940 Χριστῷ
2269 4848 2345 4920 τῷ
2366 4853 2599 4924 οὐρανίῳ
2616 4857 2831 4930 νυμφίῳ
2852 4847 3343 4936 μνηστευσαμένων
3364 4874 3595 4940 ἀμφότε-

2023 4956 2111 5008 ρα·
2139 4933 2214 4993 ὧν
2238 4943 2408 4995 ταῦτα
2436 4946 2535 5014 μὲν
2556 4942 2643 5017 ἦν,
2666 4948 2739 5011 ὦς
2763 4968 2914 5018 φασι,
2934 4955 3000 5006 τά
3019 4955 3276 5029 ὀνόματα*
3297 4961 3594 5037 Θεοκτὶστη

2024 5032 2122 5101 μὲν
2165 5035 2198 5103 ὴ
2246 5036 2608 5103 πρωτόγονος,
2644 5039 2762 5102 ἔτος
2812 5042 3028 5109 ἡλικίας
3061 5048 3220 5103 πέντε
3247 5054 3339 5104 καὶ
3367 5032 3591 5109 δέκατον

2020 5122 2258 5189 ἄγουσαο
2303 5128 2335 5195 ἡ
2403 5126 2458 5180 δὲ
2496 5116 2614 5198 μετ’
2648 5131 2816 5202 αὐτὴν
2861 5134 3087 5209 Θεοδότη
3130 5145 3587 5215 προσηγορεύετο,

2019 5216 2097 5277 εἰς
2126 5215 2243 5279 ἔτος
2273 5218 2578 5293 ἀφικομένη
2610 5223 2791 5294 τρίτον
2816 5228 2911 5280 καὶ
2932 5228 3177 5287 δέκατον.
3214 5236 3438 5303 Εύδοξία
3468 5240 3524 5292 δὲ
3552 5240 3587 5305 ἡ

2016 5306 2273 5376 τεχθεῖσα
2303 5312 2443 5378 μετά
2468 5313 2567 5376 τὰς
2591 5316 2908 5388 ἀμφοτέρας
2937 5322 3170 5390 ἐλέγετο,
3209 5327 3329 5391 ἐνὸς
3366 5329 3424 5383 δὲ
3452 5332 3590 5400 αὑτὴ

2018 5398 2110 5450 καὶ
2155 5399 2381 5454 δεκάτου
2438 5402 2591 5468 ἔτους
2643 5408 2954 5479 ἐτύγχανεν,
3022 5414 3343 5471 Ἀθανασῐαν
3385 5421 3443 5475 δὲ
3496 5424 3591 5477 καὶ

2016 5489 2115 5559 τὴν
2166 5492 2322 5562 ῥίζαν
2372 5491 2654 5565 ὠνόμαζον
2697 5502 2796 5570 τὴν
2842 5504 2902 5556 τὸ
2933 5506 3259 5576 παρθενικδν
3305 5512 3462 5567 τοῦτο
3496 5516 3590 5568 καὶ

2015 5582 2294 5652 τρίκλονον
2316 5584 2527 5655 δένδρον
2552 5591 2960 5659 προενέγκασαν
2983 5599 3074 5650 καὶ
3107 5602 3231 5662 τοὺς
3282 5605 3590 5671 πανάγνους

2017 5676 2297 5746 ἀστάχυας
2322 5678 2684 5753 είσθρέψασαν
2718 5685 2951 5757 ἄρουραν
2974 5705 2986 5718 ’
3014 5684 3172 5747 αὗται
3212 5695 3457 5767 Κανωσῷ
3490 5701 3587 5768 μὲν
