4010 6208
353 279 491 384 3m

1347 318 1644 378 LAUDES
1679 317 1757 376 IN
1801 317 1905 377 SS.
1943 318 2202 378 CYRUM
2233 319 2326 377 ET
2355 317 2730 381 JOANNEM.

3483 320 3622 385 3402

360 432 538 502 ᾤκουν
568 429 632 484 τὺ
665 429 953 501 πρότερον,
987 428 1066 481 ἔτι
1097 428 1238 482 κατά
1271 431 1374 499 γῆν
1411 426 1804 497 διατρίϐουσαι,
1849 424 1942 476 καὶ

2061 427 2257 481 iasiam
2286 442 2504 497 quoque
2533 427 3142 483 nominahantrailicem
3162 427 3622 499 qurevirginalem

363 523 422 575 τὸ
450 525 550 591 τῆς
587 519 886 590 παρθενίας
926 519 1308 589 διατρέχουσαι
1344 519 1558 571 στάδιον
1582 533 1596 548 ο
1647 515 1742 569 νῦν
1766 515 1824 567 δὲ
1855 515 1949 566 τὸν

361 612 592 682 οὐρανὸν
644 611 810 666 αὑτὸν
863 610 961 663 σὺν
1007 613 1120 673 τοῖς
1166 611 1432 683 μάρτυσιν
1478 608 1617 678 ὑπὲρ
1666 607 1948 669 εὐσεϐείας

363 700 619 754 ἀθλοῦσιν
648 700 885 771 συνήθλη
894 718 1011 754 σαν.

2058 516 2200 570 hanc
2230 525 2283 570 ct
2308 519 2473 570 trium
2507 519 2855 572 surculorum
2883 518 3134 572 arborem
3169 517 3412 586 protulit,
3445 526 3500 572 et
3529 534 3624 572 rus

2059 607 2204 675 quod
2237 607 2419 676 spicas
2449 609 2792 662 castissimus
2823 609 2977 661 aluit.
3011 607 3103 662 Ha:
3156 608 3298 678 apud
3341 607 3624 675 Campum

2054 698 2208 765 prius
2233 697 2634 764 habitaverunt,
2665 699 2846 752 adhuc
2878 698 2932 752 iu
2959 707 3105 753 terra
3150 707 3550 754 conversantes
3575 708 3628 752 et

363 797 599 850 stadium
657 794 823 850 simul
852 794 1184 866 virginitatis
1217 802 1652 861 concurrentes;
1702 808 1851 848 nunc
1870 799 2051 846 autem
2086 791 2285 845 caelum
2342 791 2521 860 ipsum
2585 805 2712 845 cum
2782 791 3114 862 martyribus
3152 792 3422 854 habitant.
3483 805 3626 861 quo-

361 889 509 942 niam
537 897 593 942 et
624 903 749 941 cum
802 887 1142 958 martyribus
1185 900 1286 957 pro
1335 885 1541 956 pietate
1601 883 1946 940 certantibus
1979 887 2348 935 certaverunt.

433 981 522 1034 ιθ’.
556 981 793 1052 Προνοίᾳ
817 980 874 1034 δὲ
919 980 1016 1034 τοῦ
1045 979 1284 1052 Χριστοῦ
1324 980 1419 1034 τοῦ
1448 979 1684 1050 νυμφίου
1711 979 1942 1048 γεγένη-

360 1088 472 1136 ται,
513 1071 602 1123 ἵνα
647 1073 771 1132 ταῖς
813 1068 924 1122 τῶν
954 1069 1204 1141 ἀθλητῶν
1233 1070 1532 1140 καρτεραῖς
1564 1067 1945 1123 ἀντιστάσεσιν

365 1161 722 1233 στομωθῶσιν
751 1161 1126 1232 ἀσθενέστερα
1148 1159 1368 1230 γύναια,
1393 1161 1486 1214 καὶ
1514 1161 1624 1224 τοῖς
1651 1157 1949 1230 νυμφοστό-

367 1256 479 1318 λοις
509 1256 565 1307 ai
597 1254 807 1323 νύμφαι
842 1254 922 1317 εἰς
950 1253 1216 1323 νυμφῶνα
1257 1253 1348 1306 τὸν
1387 1251 1636 1322 οὐράνιον
1669 1249 1946 1304 συνεισέλ-

369 1346 534 1399 θωσιν
553 1361 570 1375 '
613 1343 918 1415 πληροῦται
947 1344 1005 1397 δὲ
1049 1343 1142 1397 τοὺ
1172 1345 1425 1415 Νυμφίου
1450 1343 1513 1396 τὸ
1545 1342 1816 1412 βούλημα,
1851 1341 1949 1395 καὶ

367 1438 484 1507 ἅμα
514 1436 642 1499 τούς
675 1453 736 1487 τε
762 1435 1168 1506 νυμφαγωγοὺς
1195 1435 1290 1488 καὶ
1319 1436 1416 1498 τὰς
1442 1445 1662 1505 νύμφας
1699 1435 1819 1496 ταῖς
1853 1432 1947 1485 οὑ-

371 1529 582 1598 ρανίαις
594 1528 874 1598 ἐκδέχεται
896 1529 1250 1582 παστάσεσιν.
1289 1526 1555 1581 Ἐνταῦθά
1580 1543 1671 1596 μοι
1700 1527 1802 1597 τὴν
1829 1527 1940 1579 τῶν

370 1622 666 1691 μαρτύρων
690 1620 913 1690 βλέπετε
945 1620 1237 1689 μέριμναν,
1274 1619 1370 1672 καὶ
1389 1617 1488 1689 τὴν
1513 1619 1654 1689 ὑπὲρ
1682 1617 1858 1672 ἄλλων
1884 1620 1942 1672 ὲν

2130 976 2215 1032 19.
2246 975 2599 1032 Providentia
2649 983 2910 1047 praeterea
2939 976 3042 1032 hoc
3097 978 3298 1034 Christi
3322 981 3507 1050 sponsi
3541 979 3624 1036 fa-

2055 1073 2206 1119 ctum
2253 1073 2360 1132 est,
2411 1073 2473 1120 ut
2519 1067 2850 1122 athletarum
2902 1069 3275 1138 perseveranti
3338 1070 3618 1126 resistenti

2053 1156 2386 1221 constantia,
2416 1154 2747 1213 infirmiores
2792 1165 3127 1213 acuereutur
3181 1159 3541 1226 mulierculae,
3570 1172 3626 1217 et

2053 1256 2179 1296 cum
2213 1247 2602 1316 paranympbis
2641 1262 2856 1316 sponsa:
2902 1248 2958 1302 in
3004 1249 3283 1304 cwlestem
3321 1252 3620 1305 thalamum

2055 1331 2260 1399 pariter
2286 1333 2610 1400 introirent;
2638 1334 2896 1404 impletur
2923 1342 3102 1389 autem
3133 1337 3320 1405 sponsi
3347 1339 3620 1402 voluntas,

2053 1427 2108 1474 et
2133 1435 2237 1474 una
2262 1436 2385 1476 cum
2407 1423 2831 1494 'paranymphis,
2861 1439 3095 1493 sponsas
3121 1441 3339 1496 quoque
3376 1430 3431 1481 in
3461 1430 3626 1482 ('(BIO-

2051 1507 2229 1562 stibus
2251 1509 2490 1564 admittit
2511 1511 2797 1566 cubiculis.
2815 1510 2915 1566 IIic
2941 1513 3070 1566 mihi
3090 1523 3388 1584 martyrum
3405 1517 3628 1584 aspicite

2049 1612 2261 1664 curam,
2295 1609 2348 1655 et
2372 1614 2474 1668 pro
2505 1601 2630 1656 aliis
2669 1600 2724 1655 in
2764 1601 2859 1656 tali
2904 1609 3148 1672 tempore
3197 1603 3625 1660 sollicitudinem

370 1685 598 1783 τοιούτω
636 1685 813 1783 καιρῷ
841 1685 1098 1781 φροντίδα
1127 1685 1485 1780 στοχάσασθε.
1526 1710 1601 1764 Οὑ
1622 1685 1795 1781 μόνον
1832 1712 1940 1782 γὰρ

2061 1697 2517 1767 :ontemplamini.
2564 1685 2686 1751 Non
2741 1697 2889 1752 enim
2937 1705 3152 1752 tantum
3193 1713 3291 1768 pro
3331 1713 3390 1755 se
3447 1702 3624 1754 sancti

369 1806 511 1875 ὑπὲρ
543 1804 752 1858 ἑαυτῶν
783 1805 1029 1873 ἠγωνίων
1060 1804 1111 1856 oi
1144 1805 1312 1871 ἅγιοι,
1353 1801 1489 1856 ἀλλά
1529 1801 1797 1856 κάκείνων
1827 1803 1946 1855 ’ἐνε-

2061 1787 2433 1856 igouizabant,
2465 1787 2560 1844 sed
2598 1795 2654 1842 et
2687 1798 2915 1858 prepter
2959 1789 3081 1844 illas
3121 1790 3200 1843 nil
3242 1792 3426 1845 minus
3462 1808 3625 1862 quam

374 1913 469 1950 κεν
507 1897 608 1967 οὑχ
631 1891 794 1966 ἦττον
824 1894 1035 1949 ἑαυτῶν
1067 1894 1423 1948 ἐδεδοίκεισαν
1442 1912 1456 1926 ’
1483 1895 1532 1947 εί
1569 1893 1642 1966 μὴ
1673 1893 1776 1964 τῆς
1803 1894 1952 1964 σφῶν

375 1988 555 2042 αὑτῶν
579 1987 873 2056 ὀλιγότητι,
896 1986 1168 2040 κάκείνων
1195 1987 1359 2040 αἴτιοι
1385 1986 1649 2054 γένωνται
1675 1985 1810 2056 πρὸς
1830 1985 1954 2038 ἀσέ-

371 2079 544 2134 ϐειαν.
565 2075 712 2150 Ἀρι
742 2078 850 2149 γὰρ
897 2078 1035 2148 πρὸς
1084 2079 1226 2131 πόσα
1253 2077 1344 2131 τὸν
1374 2079 1496 2132 τότε
1545 2077 1736 2147 καιρὸν
1774 2076 1953 2130 οἴεσθε

373 2168 618 2240 μερίζειν
644 2170 824 2222 αὐτῶν
849 2171 950 2242 τὴν
979 2169 1251 2236 διάνοιαν;
1287 2165 1395 2238 ἆρα
1419 2168 1555 2239 πρὸς
1584 2167 1784 2233 πόσους
1811 2169 1952 2238 ἀφα-

373 2264 481 2324 νεῖς
506 2262 805 2332 λογισμοὺς
837 2262 1092 2315 παλαίειν
1135 2263 1332 2325 αὑτοὺς
1372 2262 1493 2314 τότε
1522 2260 1801 2332 νομίζετε;
1846 2255 1956 2328 ἆρα

381 2353 508 2422 πρὸς
541 2353 737 2416 πόσαις
764 2353 887 2406 τότε
913 2352 1243 2423 προσϐολαῖς
1267 2349 1362 2404 τοῦ
1391 2349 1652 2421 φθονεροῦ
1681 2350 1776 2404 καὶ
1801 2366 1954 2420 tuco—

377 2444 539 2497 κάλου
573 2443 1014 2514 προσεπλέκοντο
1047 2443 1301 2513 δαίμονος
1326 2460 1341 2507 ;
1373 2443 1430 2495 '0
1455 2441 1554 2512 μὲν
1577 2441 1682 2513 γὰρ
1710 2440 1954 2505 διάϐολος

375 2537 473 2605 τὴν
511 2536 796 2606 παροῦσαν
842 2535 972 2598 ἴσως
1017 2536 1203 2598 αὑτοῖς
1247 2533 1393 2603 ζωὴν
1426 2532 1730 2596 ὑπετίθετο,
1759 2532 1854 2586 καὶ
1880 2531 1958 2596 ὡς

376 2627 510 2680 ῐδιον
555 2626 615 2678 τὸ
658 2625 751 2679 τοὺ
796 2626 1004 2694 κόσμου
1057 2625 1366 2678 θεόκτιστον
1413 2625 1596 2694 σχῆμα
1640 2624 1951 2694 διέγραφεν,

373 2716 528 2786 ἥλιον
555 2715 760 2784 γλυκὺν
791 2717 925 2786 όρᾷν
957 2714 1338 2778 ἀνατέλλοντα,
1369 2714 1598 2784 σελήνην
1634 2729 1697 2765 τε
1736 2713 1958 2786 βλέπειν

382 2810 477 2862 σὺν
512 2807 744 2879 ἀστρασι
788 2807 878 2860 τὸν
908 2807 1135 2877 οὐρανὸν
1178 2805 1643 2868 καλλωπίζουσαν,
1675 2805 1853 2876 ἀέρων
1895 2822 1956 2859 τε

380 2899 669 2970 προσηνῶν
690 2897 836 2968 ἔχειν
869 2897 1186 2962 ἀνάπνοιαν,
1219 2897 1314 2950 καὶ
1343 2896 1448 2964 γῆν
1475 2897 1663 2948 πατεῖν
1682 2894 1782 2964 τὴν
1808 2911 1882 2948 πα
1891 2913 1959 2965 μ·-

380 2991 646 3052 ποίκιλον,
680 2990 946 3043 θάλατταν
996 2988 1148 3041 πλεῖν
1179 2988 1278 3055 τὴν
1307 2987 1640 3058 εὐρύχωρον,
1678 2986 1775 3038 καὶ
1815 2987 1951 3058 κρήο

2055 1885 2280 1945 propter
2302 1890 2362 1931 se
2391 1876 2784 1944 formidabant,
2813 1893 2881 1933 ne
2915 1879 3370 1948 pusillanimitate
3411 1897 3532 1946 sua,
3575 1891 3630 1936 et

2057 1965 2279 2023 illarum
2318 1983 2540 2039 quoque
2570 1969 2636 2024 ad
2683 1969 3026 2040 impietatem
3058 1971 3407 2028 edicerentur
3438 1985 3626 2029 aucto-

2055 2073 2167 2115 res.
2202 2058 2506 2130 Siquidem,
2557 2076 2711 2132 rogo,
2760 2063 2829 2118 ad
2872 2073 3012 2134 quot
3072 2080 3170 2136 per
3225 2067 3366 2122 idem
3414 2076 3631 2138 tempus

2056 2149 2287 2206 divisam
2338 2166 2527 2206 eorum
2599 2151 2774 2209 fuisse
2847 2155 3150 2225 opinamini
3222 2159 3503 2213 mentem?
3548 2159 3630 2212 vel

2055 2240 2320 2297 adversus
2349 2250 2483 2312 quot
2514 2243 2722 2300 invisas
2751 2245 3111 2314 cegitationes
3155 2263 3250 2304 eos
3309 2258 3440 2303 tunc
3467 2251 3633 2304 exsti-

2058 2333 2192 2390 tisse
2213 2333 2448 2391 luctatos
2479 2336 2864 2391 arbitramini?
2893 2346 2989 2393 aut
3022 2347 3157 2408 quot
3191 2340 3396 2409 putatis
3457 2340 3631 2394 invidi

2057 2437 2112 2482 et
2136 2427 2376 2484 odieutis
2405 2428 2610 2484 bonum
2634 2429 2903 2486 daemonis
2938 2431 3379 2487 adnectebantur
3429 2435 3636 2486 immis-

2059 2518 2354 2574 siouibus?
2391 2520 2647 2577 diabolus
2674 2521 2820 2576 enim
2850 2531 3175 2594 praesentem
3207 2523 3373 2577 vitam
3391 2524 3472 2578 cis
3494 2523 3634 2578 forte

2060 2610 2447 2679 pollicebatur,
2480 2620 2534 2667 et
2591 2627 2622 2668 a
2690 2613 2801 2669 Deo
2857 2625 3099 2668 creatam
3161 2614 3350 2669 mundi
3407 2609 3632 2686 ﬁguram

2057 2701 2220 2770 quasi
2265 2703 2540 2774 propriam
2592 2704 2923 2771 ascribebat,
2952 2705 3006 2760 id
3061 2714 3147 2760 est
3183 2705 3398 2761 dulcem
3455 2708 3639 2760 videte

2060 2805 2232 2861 solem
2262 2805 2418 2873 oriri,
2455 2805 2749 2876 lunamque
2773 2821 2898 2860 cum
2958 2805 3133 2862 stellis
3185 2807 3433 2876 aspicere
3462 2823 3636 2860 venu-

2063 2903 2306 2952 stantem
2344 2907 2398 2952 et
2429 2897 2608 2952 noctis
2657 2895 2915 2952 tenebras
2969 2895 3360 2959 illustrantem,
3386 2898 3637 2964 aerisque

2063 2986 2452 3043 desiderabilis
2480 2988 2681 3042 habere
2716 2985 3158 3056 respirationem,
3189 2995 3242 3040 et
3266 2996 3469 3040 terram
3529 2989 3641 3039 cal-

378 3100 496 3146 ναις
526 3083 623 3136 καὶ
647 3084 914 3152 ποταμοῖς
942 3079 1355 3151 ὲπιτὲρπεσθαι,
1389 3079 1576 3133 ἄνθεσι
1606 3079 1701 3133 καὶ
1724 3079 1956 3148 λειμῶσι

2063 3093 2192 3134 care
2233 3078 2564 3148 pervariam.
2605 3092 2756 3134 mare
2801 3077 3059 3149 navigare
3102 3077 3426 3148 spatiosum,
3480 3078 3643 3130 fonti-

377 3174 480 3242 τῆς
517 3174 622 3243 γῆς
669 3170 1089 3238 ὲπαγάλλεσθαι,
1127 3171 1222 3222 καὶ
1253 3169 1363 3222 τῶν
1393 3171 1457 3222 ἐκ
1484 3168 1692 3222 τούτων
1730 3169 1956 3240 καρπῶν

2062 3171 2167 3227 bus
2198 3186 2263 3228 ac
2287 3170 2612 3226 horninibus
2644 3169 2930 3238 delectari,
2963 3185 3130 3239 super
3164 3169 3390 3225 ﬂoribus
3417 3181 3640 3224 teri-aeut

378 3265 480 3336 τὴν
510 3263 812 3317 ἀπόλαυσιν
836 3260 1132 3332 δρέπεσθαι
1160 3276 1176 3292 ·
1208 3259 1514 3321 θαλαττίοις
1555 3261 1741 3327 γοναῖς
1767 3261 1959 3331 ἐντρυ-

381 3356 508 3426 φᾷν,
541 3353 756 3416 καὶτὰς
781 3354 846 3405 ἐκ
872 3350 1136 3420 ποταμῶν
1164 3349 1544 3420 καρποφορίας
1567 3349 1923 3420 κορέννυσθαι
1942 3365 1958 3379 ·

380 3443 737 3515 ἀεροδρόμοις
767 3442 992 3512 πτηνοῖς
1019 3438 1428 3511 διατρέφεσθαι,
1460 3439 1554 3492 καὶ
1599 3439 1756 3504 ζώων
1781 3440 1964 3494 ἐδωδί-

384 3552 502 3604 μων
527 3533 750 3605 ἔχεσθαι
783 3531 1060 3603 βρώσεως.

451 3709 522 3765 κ’.
548 3711 660 3764 Καὶ
692 3709 868 3765 ταῦτα
898 3710 998 3779 μὲν
1023 3711 1052 3764 6
1075 3708 1319 3772 διάϐολος
1351 3708 1478 3772 ἴσως
1508 3709 1829 3776 ὑπέϐαλλεν,
1866 3710 1964 3765 καὶ

384 3805 642 3868 πολλάκις
681 3804 821 3858 αὑτά
852 3806 948 3858 κα.)⁸
973 3804 1083 3875 πρὸ
1109 3804 1220 3856 τῶν
1245 3803 1533 3874 παρόντων
1557 3801 1784 3871 ἀγώνων
1813 3803 1964 3874 ίσχύ-

384 3914 506 3950 νετο
523 3913 538 3927 ο
573 3896 674 3969 τὴν
698 3896 808 3966 γὰρ
842 3895 1022 3961 ἔξοδον
1045 3893 1140 3948 τοῦ
1173 3895 1290 3948 ϐίου
1315 3893 1497 3965 τηρῶν
1525 3895 1554 3946 6
1584 3894 1961 3965 ἀναίσχυντος,

382 3990 524 4059 τάχα
564 3989 675 4060 γὰρ
707 3987 911 4058 ταύτην
937 3987 1027 4040 διὰ
1055 3986 1156 4056 τῆς
1184 3985 1422 4057 πτέρνης
1462 3986 1525 4037 τὸ
1558 3984 1700 4038 θεῖον
1744 3985 1964 4055 ᾐνίξατο

384 4080 586 4149 λόγιον,
621 4082 700 4144 ώς
734 4078 922 4134 ἐνθάδε
963 4078 1262 4148 διάγωμεν,
1301 4075 1411 4130 τῶν
1460 4075 1604 4130 ίδίων
1647 4075 1964 4147 προσϐολῶν

385 4173 485 4226 οὐκ
503 4172 817 4240 ἀφίσταται,
848 4170 942 4223 καὶ
971 4171 1052 4232 είς
1081 4169 1169 4222 ἀεὶ
1194 4167 1630 4238 προσερχόμενος
1663 4166 1964 4237 καταισχὺ-

383 4281 555 4320 νεται.
598 4264 660 4317 Oi
699 4263 757 4316 δὲ
795 4261 987 4316 τούτου
1015 4260 1290 4332 πρόμαχοι
1318 4259 1532 4328 καὶτῆς
1562 4257 1727 4311 αὑτοῦ
1765 4259 1963 4321 κακίας

2061 3262 2272 3332 campis
2305 3260 2600 3316 odoriferis
2666 3260 2970 3326 exsultare,
3002 3271 3058 3315 et
3122 3276 3190 3315 ex
3237 3260 3322 3316 his
3365 3260 3638 3315 fructmim

2060 3351 2414 3407 refectionem
2450 3365 2700 3420 carpere,
2751 3350 2984 3406 marinis
3027 3349 3229 3406 fetibus
3268 3350 3442 3422 (frui).
3479 3361 3532 3406 et
3577 3367 3641 3404 ex

2059 3442 2384 3499 ﬂuminibus
2409 3442 2696 3514 productis
2724 3440 3245 3498 l‘ructilicationibus
3266 3443 3525 3505 saturari,
3549 3459 3643 3512 per

2063 3550 2193 3591 aera
2237 3535 2678 3591 discurrentibus
2712 3535 3028 3590 volatilibus
3061 3535 3192 3589 aleri
3248 3533 3344 3606 [ita
3375 3534 3523 3606 cod.]
3545 3575 3559 3597 ,
3591 3545 3645 3590 ct

1996 3629 1998 3632 ’
2068 3625 2335 3680 habilium
2367 3640 2550 3679 escam
2585 3625 2904 3679 animalium
2946 3625 3224 3694 persequi.

2142 3716 2235 3773 20.
2269 3715 2336 3772 Et
2368 3717 2484 3772 haec
2507 3716 2726 3787 quidem
2757 3717 3010 3773 diabolus
3039 3717 3269 3772 forsitan
3295 3718 3641 3788 suggerebat,

2064 3810 2194 3866 licet
2224 3809 2510 3865 multoties
2535 3826 2606 3874 ea,
2633 3820 2686 3864 et
2740 3820 2866 3864 ante
2902 3819 3199 3880 praesentes
3253 3824 3454 3879 agones
3508 3809 3643 3864 olfe-

2063 3905 2260 3968 rendo,
2293 3901 2746 3958 confunderetur.
2781 3901 3000 3958 Exitum
3032 3903 3236 3972 quippe
3267 3903 3390 3956 vitm
3447 3902 3643 3956 obser-

2063 3993 2229 4048 vabat
2271 3991 2805 4062 impudentissimas,
2845 4002 2900 4046 et
2950 3989 3091 4045 forte
3138 3990 3285 4045 hunc
3331 4004 3428 4059 per
3468 3990 3643 4043 calca-

2064 4098 2250 4150 neum,
2292 4082 2536 4138 divinum
2570 4081 2787 4138 videtur
2815 4083 3046 4137 innuere
3106 4081 3386 4152 eloquium
3420 4099 3434 4135 :
3467 4081 3642 4135 donec

2066 4172 2270 4242 quippe
2300 4171 2392 4225 hic
2427 4173 2627 4242 degere
2673 4172 2976 4236 noscimur,
3032 4185 3062 4224 a
3128 4171 3364 4242 prOpriis
3409 4171 3500 4226 ille
3535 4187 3641 4224 non

2065 4275 2248 4322 cessat
2289 4267 2534 4331 insidiis,
2583 4277 2638 4322 et
2682 4282 2900 4336 semper
2944 4267 3212 4321 accedens
3266 4265 3640 4322 confunditur.

383 4355 734 4426 θεράποντες,
759 4351 1024 4423 Συριανὸς
1053 4348 1120 4422 ἦν
1145 4353 1174 4403 6
1201 4349 1458 4419 θεήλατος
1486 4351 1583 4402 καὶ
1609 4350 1658 4401 oi
1687 4349 1785 4402 σὺν
1815 4348 1956 4418 αὐτῷ

2067 4356 2138 4411 At
2160 4369 2294 4411 vero
2320 4357 2486 4426 hujus
2513 4365 2956 4427 propugnatores
2988 4366 3042 4411 et
3067 4357 3243 4427 ipsius
3281 4357 3502 4411 malitia;
3563 4355 3644 4408 l'a-

386 4445 647 4517 μυσαρῶς
716 4443 1119 4514 Ἐλληνίξοντες
1193 4442 1491 4512 βασιλικοῖς
1569 4441 1956 4513 ὑπηρετοῦντες

2069 4446 2496 4519 muliSyrianus
2529 4457 2647 4503 erat
2676 4448 2944 4504 divinitus
2992 4449 3390 4515 fulminandus,
3455 4456 3509 4501 et
3550 4449 3646 4517 qui

384 4537 826 4607 προστάγμασιν,
853 4535 1102 4606 βασάνων
1131 4533 1230 4604 μὲν
1254 4533 1451 4603 ἀνοχὴν
1477 4534 1838 4603 ὑπηγόρευον,
1866 4535 1961 4588 καὶ

383 4628 496 4681 τῶν
556 4627 938 4698 ὴπειλημένων
996 4625 1246 4679 θανάτων
1287 4623 1617 4695 ψυχοκτόνον
1682 4623 1960 4692 ἀνάλυσιν,

385 4719 616 4773 πλοῦτόν
665 4736 724 4772 τε
768 4716 1186 4788 ἐπηγγέλλοντο,
1231 4715 1328 4769 καὶ
1364 4713 1518 4778 ἀξίας
1557 4714 1819 4786 παρέχειν
1865 4718 1962 4769 έπ-

384 4815 654 4882 ώμνυντο,
707 4811 800 4864 καὶ
852 4809 1208 4880 πολιτάρχαις
1259 4806 1562 4874 ἐγγράφειν
1597 4806 1960 4875 ἀπήγγελλον,

385 4905 480 4956 καὶ
521 4900 888 4973 Διοκλητιανῷ
924 4900 1165 4971 Καίσαρι
1205 4897 1518 4968 γνωρίμους
1556 4900 1730 4950 ποιεῖν
1758 4898 1964 4969 ίσχυρί-

383 4994 557 5060 ζοντο,
584 4994 634 5046 εί
661 4996 780 5057 ταῖς
806 4993 984 5046 αὑτῶν
1009 4990 1280 5044 πεισθεῖεν
1307 4987 1645 5052 κελεύσεσιν,
1669 4988 1762 5040 καὶ
1786 4988 1962 5042 σέϐειν

383 5087 482 5141 σὺν
510 5086 692 5148 αὑτοῖς
726 5083 928 5154 μᾶλλον
953 5083 1010 5135 δὲ
1048 5080 1331 5134 δυσσεϐεῖν
1361 5079 1736 5149 ἀναισχύντων
1763 5080 1964 5144 ξοάνων

382 5179 477 5230 καὶ
539 5176 810 5247 δαιμόνων
859 5173 1259 5246 μορφώμασιν,
1320 5172 1522 5242 μᾶλλον
1574 5172 1632 5225 δὲ
1690 5171 1964 5244 δυστήνων

380 5269 686 5340 ἀνθρώπων
733 5269 1031 5339 προσάγειν
1075 5264 1470 5336 προσκύνησιν,
1501 5266 1595 5317 καὶ⁸
1635 5264 1790 5328 θεοὺς
1827 5267 1965 5319 ἀπο-

381 5362 568 5418 καλεῖν
614 5357 747 5426 ξύλα
794 5359 954 5428 κωφά
1009 5359 1104 5411 καὶ
1155 5357 1478 5427 ἀναίσθητα,
1517 5357 1612 5410 καὶ
1659 5356 1795 5426 πρὸς
1837 5375 1963 5429 τρο-

383 5455 492 5526 φὴν
551 5455 712 5526 μόνον
757 5451 928 5524 πυρὸς
977 5449 1416 5522 χρησιμεύοντα·
1474 5451 1610 5521 πυρὶ
1659 5448 1771 5521 γὰρ
1825 5451 1965 5505 αὑτά

2069 4555 2193 4593 cum
2221 4554 2287 4593 eo
2303 4540 2716 4595 exsecrabiliter
2741 4555 3074 4611 paganorum
3092 4540 3291 4595 ritibus
3313 4540 3643 4609 serviebant,

2069 4629 2555 4700 imperialiumque
2589 4639 2988 4701 praeceptorum
3022 4629 3304 4695 ministri;
3345 4636 3649 4685 tormento-

2069 4738 2190 4777 rum
2239 4724 2461 4792 quidem
2511 4724 2762 4780 inducias
2811 4723 3178 4793 denegabant,
3226 4724 3649 4793 minitantesque

2071 4813 2266 4867 mortis
2298 4814 2692 4869 resolutionem
2724 4829 2846 4883 qua:
2877 4814 3090 4868 animas
3119 4815 3442 4884 perimeret,
3478 4823 3529 4868 et
3557 4813 3645 4867 di-

2073 4903 2240 4958 vitias
2269 4906 2686 4974 promittebant,
2714 4903 2789 4975 [et
2831 4905 3130 4974 dignitates
3163 4906 3464 4960 tradituros
3499 4906 3648 4974 jure-

2065 4993 2305 5064 jurando
2338 4993 2799 5067 aliirmahant],et
2826 4997 2970 5050 inter
3002 4997 3280 5068 principes
3310 4997 3529 5051 urbium
3561 4997 3649 5050 in.

2070 5088 2320 5142 scribere
2348 5088 2778 5157 pollicebantur,
2813 5097 2865 5144 et
2892 5087 3092 5142 Caesari
3119 5086 3460 5142 Diocletiano
3489 5095 3648 5140 notos

2070 5177 2256 5233 facere
2286 5179 2650 5243 allirmahant,
2689 5180 2734 5234 si
2820 5179 2940 5247 ejus
2992 5179 3262 5232 duntaxat
3305 5176 3649 5247 jussiouihus

2070 5271 2416 5335 obedissent,
2456 5281 2511 5326 et
2539 5272 2722 5326 colere
2778 5287 2901 5324 cum
2958 5271 3088 5336 illis,
3145 5270 3256 5323 imo
3314 5282 3446 5320 vero
3483 5267 3649 5334 impie

2075 5363 2288 5432 agendo
2321 5364 2503 5420 colere
2537 5364 2680 5418 idola
2713 5371 3051 5432 paterentur,
3087 5376 3152 5415 ac
3185 5364 3493 5415 daemonum
3533 5359 3647 5412 l'or—

2073 5451 2200 5518 mis,
2246 5453 2421 5523 magis
2455 5463 2636 5508 autem
2668 5452 3076 5510 detestabiliqu
3105 5450 3416 5518 hominum,
3447 5449 3649 5506 adora-

1890 5631 2114 5692 NOTAE.

370 5794 373 5796 Ι
459 5731 537 5803 I9)
581 5731 704 5786 [huc
736 5729 935 5784 desunt
961 5731 1014 5784 in
1047 5732 1234 5786 codice
1271 5730 1487 5785 Latino.

685 5824 957 5884 ΡΔτῐιοι..
992 5824 1104 5885 Gn.
1157 5821 1528 5885 LXXXVII.

3085 5811 3196 5870 107
