  <div class='ocr_page' id='page_1' title='image "/cluster/home/n/w/nwhite01/storage/ocr_20150623/87:3/hvd.32044069650125/316.png"; bbox 0 0 4020 6204; ppageno 0'>
   <div class='ocr_carea' id='block_1_1' title="bbox 431 340 571 407">
    <p class='ocr_par' dir='ltr' id='par_1_1' title="bbox 431 340 571 407">
     <span class='ocr_line' id='line_1_1' title="bbox 431 340 571 407; baseline 0.014 -3"><span class='ocrx_word' id='word_1_1' title='bbox 431 340 571 407; x_wconf 59' lang='grc'><strong>3405</strong></span> 
     </span>
    </p>
   </div>
   <div class='ocr_carea' id='block_1_2' title="bbox 1380 344 2769 409">
    <p class='ocr_par' dir='ltr' id='par_1_2' title="bbox 1380 344 2769 409">
     <span class='ocr_line' id='line_1_2' title="bbox 1380 344 2769 409; baseline 0.002 -4"><span class='ocrx_word' id='word_1_2' title='bbox 1380 345 1676 406; x_wconf 83' lang='lat' dir='ltr'><strong>LAUDES</strong></span> <span class='ocrx_word' id='word_1_3' title='bbox 1713 344 1795 405; x_wconf 83' lang='lat' dir='ltr'><strong>IN</strong></span> <span class='ocrx_word' id='word_1_4' title='bbox 1831 346 1932 406; x_wconf 91' lang='lat' dir='ltr'><strong>SS.</strong></span> <span class='ocrx_word' id='word_1_5' title='bbox 1966 346 2225 408; x_wconf 85' lang='lat' dir='ltr'><strong>CYRUM</strong></span> <span class='ocrx_word' id='word_1_6' title='bbox 2257 346 2351 408; x_wconf 85' lang='lat' dir='ltr'><strong>ET</strong></span> <span class='ocrx_word' id='word_1_7' title='bbox 2395 346 2769 409; x_wconf 78' lang='lat' dir='ltr'><strong>JOANNEM.</strong></span> 
     </span>
    </p>
   </div>
   <div class='ocr_carea' id='block_1_3' title="bbox 3548 344 3688 409">
    <p class='ocr_par' dir='ltr' id='par_1_3' title="bbox 3548 344 3688 409">
     <span class='ocr_line' id='line_1_3' title="bbox 3548 344 3688 409; baseline 0.007 -2"><span class='ocrx_word' id='word_1_8' title='bbox 3548 344 3688 409; x_wconf 78' lang='lat'><strong>3406</strong></span> 
     </span>
    </p>
   </div>
   <div class='ocr_carea' id='block_1_4' title="bbox 431 454 2000 529">
    <p class='ocr_par' dir='ltr' id='par_1_4' title="bbox 431 455 2000 529">
     <span class='ocr_line' id='line_1_4' title="bbox 431 455 2000 529; baseline 0.001 -17"><span class='ocrx_word' id='word_1_9' title='bbox 431 459 588 523; x_wconf 80' lang='grc' dir='ltr'><strong>ἀξίας</strong></span> <span class='ocrx_word' id='word_1_10' title='bbox 614 456 753 510; x_wconf 85' lang='grc' dir='ltr'><strong>κατά</strong></span> <span class='ocrx_word' id='word_1_11' title='bbox 773 455 836 510; x_wconf 82' lang='grc' dir='ltr'><strong>τδ</strong></span> <span class='ocrx_word' id='word_1_12' title='bbox 867 456 1065 528; x_wconf 80' lang='grc' dir='ltr'><strong>μέτρον</strong></span> <span class='ocrx_word' id='word_1_13' title='bbox 1087 456 1186 527; x_wconf 80' lang='grc' dir='ltr'><strong>τῆς</strong></span> <span class='ocrx_word' id='word_1_14' title='bbox 1216 456 1451 522; x_wconf 84' lang='grc' dir='ltr'><strong>πίστεως</strong></span> <span class='ocrx_word' id='word_1_15' title='bbox 1481 458 1715 529; x_wconf 75' lang='grc' dir='ltr'><strong>ἔχοντες.</strong></span> <span class='ocrx_word' id='word_1_16' title='bbox 1756 458 2000 528; x_wconf 86' lang='grc' dir='ltr'><strong>Πολιτάρ-</strong></span> 
     </span>
    </p>
   </div>
   <div class='ocr_carea' id='block_1_5' title="bbox 2105 454 3687 529">
    <p class='ocr_par' dir='ltr' id='par_1_5' title="bbox 2119 454 3687 529">
     <span class='ocr_line' id='line_1_5' title="bbox 2119 454 3687 529; baseline -0.003 -16"><span class='ocrx_word' id='word_1_17' title='bbox 2119 461 2410 523; x_wconf 90' lang='lat' dir='ltr'><strong>nolumus,</strong></span> <span class='ocrx_word' id='word_1_18' title='bbox 2465 475 2587 514; x_wconf 89' lang='lat' dir='ltr'><strong>cum</strong></span> <span class='ocrx_word' id='word_1_19' title='bbox 2667 471 2837 529; x_wconf 88' lang='lat' dir='ltr'><strong>genus</strong></span> <span class='ocrx_word' id='word_1_20' title='bbox 2913 454 3088 511; x_wconf 87' lang='lat' dir='ltr'><strong>simus</strong></span> <span class='ocrx_word' id='word_1_21' title='bbox 3159 458 3432 517; x_wconf 79' lang='lat' dir='ltr'><strong>sanctum,</strong></span> <span class='ocrx_word' id='word_1_22' title='bbox 3506 456 3687 524; x_wconf 80' lang='lat' dir='ltr'><strong>regale</strong></span> 
     </span>
    </p>
   </div>
   <div class='ocr_carea' id='block_1_6' title="bbox 433 547 2008 620">
    <p class='ocr_par' dir='ltr' id='par_1_6' title="bbox 433 547 2008 620">
     <span class='ocr_line' id='line_1_6' title="bbox 433 547 2008 620; baseline 0.003 -21"><span class='ocrx_word' id='word_1_23' title='bbox 433 565 555 617; x_wconf 86' lang='grc' dir='ltr'><strong>χαις</strong></span> <span class='ocrx_word' id='word_1_24' title='bbox 589 547 744 618; x_wconf 90' lang='grc' dir='ltr'><strong>ὑμῶν</strong></span> <span class='ocrx_word' id='word_1_25' title='bbox 763 549 863 601; x_wconf 86' lang='grc' dir='ltr'><strong>οὑκ</strong></span> <span class='ocrx_word' id='word_1_26' title='bbox 906 547 1250 620; x_wconf 76' lang='grc' dir='ltr'><strong>εὑψυχοῦμεν</strong></span> <span class='ocrx_word' id='word_1_27' title='bbox 1292 549 1690 619; x_wconf 80' lang='grc' dir='ltr'><strong>ἐγγράφεσθαι,</strong></span> <span class='ocrx_word' id='word_1_28' title='bbox 1712 550 2008 620; x_wconf 84' lang='grc' dir='ltr'><strong>οὐρανοπο-</strong></span> 
     </span>
    </p>
   </div>
   <div class='ocr_carea' id='block_1_7' title="bbox 430 636 2009 709">
    <p class='ocr_par' dir='ltr' id='par_1_7' title="bbox 430 636 2009 709">
     <span class='ocr_line' id='line_1_7' title="bbox 430 636 2009 709; baseline 0.003 -21"><span class='ocrx_word' id='word_1_29' title='bbox 430 636 578 689; x_wconf 85' lang='grc' dir='ltr'><strong>λῖται</strong></span> <span class='ocrx_word' id='word_1_30' title='bbox 607 636 988 706; x_wconf 78' lang='grc' dir='ltr'><strong>τυγχάνοντες,</strong></span> <span class='ocrx_word' id='word_1_31' title='bbox 1051 636 1219 707; x_wconf 81' lang='grc' dir='ltr'><strong>βίϐλῳ</strong></span> <span class='ocrx_word' id='word_1_32' title='bbox 1254 636 1399 709; x_wconf 75' lang='grc' dir='ltr'><strong>ζωῆς</strong></span> <span class='ocrx_word' id='word_1_33' title='bbox 1453 638 1866 708; x_wconf 76' lang='grc' dir='ltr'><strong>ἀναγεγράφθαι</strong></span> <span class='ocrx_word' id='word_1_34' title='bbox 1917 656 2009 692; x_wconf 82' lang='grc' dir='ltr'><strong>πι-</strong></span> 
     </span>
    </p>
   </div>
   <div class='ocr_carea' id='block_1_8' title="bbox 433 726 2009 800">
    <p class='ocr_par' dir='ltr' id='par_1_8' title="bbox 433 726 2009 800">
     <span class='ocr_line' id='line_1_8' title="bbox 433 726 2009 800; baseline 0.003 -22"><span class='ocrx_word' id='word_1_35' title='bbox 433 726 716 791; x_wconf 87' lang='grc' dir='ltr'><strong>στεύοντες</strong></span> <span class='ocrx_word' id='word_1_36' title='bbox 738 744 753 759; x_wconf 81' lang='grc' dir='ltr'><strong><em>ο</em></strong></span> <span class='ocrx_word' id='word_1_37' title='bbox 784 726 905 779; x_wconf 76' lang='grc' dir='ltr'><strong>ὅθεν</strong></span> <span class='ocrx_word' id='word_1_38' title='bbox 927 728 1021 780; x_wconf 71' lang='grc' dir='ltr'><strong>καὶ</strong></span> <span class='ocrx_word' id='word_1_39' title='bbox 1046 727 1359 800; x_wconf 75' lang='grc' dir='ltr'><strong>θαρροῦμεν</strong></span> <span class='ocrx_word' id='word_1_40' title='bbox 1409 730 1581 781; x_wconf 72' lang='grc' dir='ltr'><strong>εἰπεῖν</strong></span> <span class='ocrx_word' id='word_1_41' title='bbox 1606 746 1621 760; x_wconf 89' lang='grc'><strong>·</strong></span> <span class='ocrx_word' id='word_1_42' title='bbox 1674 748 1693 779; x_wconf 76' lang='grc' dir='ltr'><strong>ι</strong></span> <span class='ocrx_word' id='word_1_43' title='bbox 1735 729 1830 791; x_wconf 82' lang='grc' dir='ltr'><strong>Τίς</strong></span> <span class='ocrx_word' id='word_1_44' title='bbox 1860 731 2009 800; x_wconf 79' lang='grc' dir='ltr'><strong>ἡμᾶς</strong></span> 
     </span>
    </p>
   </div>
   <div class='ocr_carea' id='block_1_9' title="bbox 430 818 2009 890">
    <p class='ocr_par' dir='ltr' id='par_1_9' title="bbox 430 818 2009 890">
     <span class='ocr_line' id='line_1_9' title="bbox 430 818 2009 890; baseline 0.002 -20"><span class='ocrx_word' id='word_1_45' title='bbox 430 818 655 888; x_wconf 77' lang='grc' dir='ltr'><strong>χωρίσει</strong></span> <span class='ocrx_word' id='word_1_46' title='bbox 685 818 792 870; x_wconf 73' lang='grc' dir='ltr'><strong>ἀπὸ</strong></span> <span class='ocrx_word' id='word_1_47' title='bbox 815 818 913 887; x_wconf 77' lang='grc' dir='ltr'><strong>τῆς</strong></span> <span class='ocrx_word' id='word_1_48' title='bbox 941 819 1162 890; x_wconf 83' lang='grc' dir='ltr'><strong>ἀγάπης</strong></span> <span class='ocrx_word' id='word_1_49' title='bbox 1191 819 1284 871; x_wconf 91' lang='grc' dir='ltr'><strong>τοῦ</strong></span> <span class='ocrx_word' id='word_1_50' title='bbox 1314 818 1589 888; x_wconf 79' lang='grc' dir='ltr'><strong>Χριστοῦ;</strong></span> <span class='ocrx_word' id='word_1_51' title='bbox 1627 838 1645 871; x_wconf 81' lang='grc' dir='ltr'><strong>ι</strong></span> <span class='ocrx_word' id='word_1_52' title='bbox 1676 820 1770 872; x_wconf 84' lang='grc' dir='ltr'><strong>τοῦ</strong></span> <span class='ocrx_word' id='word_1_53' title='bbox 1800 820 1862 873; x_wconf 81' lang='grc' dir='ltr'><strong>ὲκ</strong></span> <span class='ocrx_word' id='word_1_54' title='bbox 1883 820 2009 873; x_wconf 78' lang='grc' dir='ltr'><strong>σκόο</strong></span> 
     </span>
    </p>
   </div>
   <div class='ocr_carea' id='block_1_10' title="bbox 427 908 2008 983">
    <p class='ocr_par' dir='ltr' id='par_1_10' title="bbox 427 908 2008 983">
     <span class='ocr_line' id='line_1_10' title="bbox 427 908 2008 983; baseline 0.003 -24"><span class='ocrx_word' id='word_1_55' title='bbox 427 923 553 970; x_wconf 89' lang='grc' dir='ltr'><strong>τους</strong></span> <span class='ocrx_word' id='word_1_56' title='bbox 579 908 728 978; x_wconf 78' lang='grc' dir='ltr'><strong>ἡμᾶς</strong></span> <span class='ocrx_word' id='word_1_57' title='bbox 758 910 837 972; x_wconf 84' lang='grc' dir='ltr'><strong>εἰς</strong></span> <span class='ocrx_word' id='word_1_58' title='bbox 860 910 920 962; x_wconf 78' lang='grc' dir='ltr'><strong>τὸ</strong></span> <span class='ocrx_word' id='word_1_59' title='bbox 948 910 1260 982; x_wconf 85' lang='grc' dir='ltr'><strong>θαυμαστὸν</strong></span> <span class='ocrx_word' id='word_1_60' title='bbox 1289 909 1456 963; x_wconf 87' lang='grc' dir='ltr'><strong>αὑτοῦ</strong></span> <span class='ocrx_word' id='word_1_61' title='bbox 1491 911 1606 978; x_wconf 82' lang='grc' dir='ltr'><strong>φῶς</strong></span> <span class='ocrx_word' id='word_1_62' title='bbox 1631 912 2008 983; x_wconf 86' lang='grc' dir='ltr'><strong>μεταστήσαν-</strong></span> 
     </span>
    </p>
   </div>
   <div class='ocr_carea' id='block_1_11' title="bbox 427 998 2009 1073">
    <p class='ocr_par' dir='ltr' id='par_1_11' title="bbox 427 998 2009 1073">
     <span class='ocr_line' id='line_1_11' title="bbox 427 998 2009 1073; baseline 0.004 -24"><span class='ocrx_word' id='word_1_63' title='bbox 427 1014 551 1061; x_wconf 85' lang='grc' dir='ltr'><strong>τος·</strong></span> <span class='ocrx_word' id='word_1_64' title='bbox 586 998 680 1052; x_wconf 88' lang='grc' dir='ltr'><strong>τοῦ</strong></span> <span class='ocrx_word' id='word_1_65' title='bbox 712 1000 780 1052; x_wconf 82' lang='grc' dir='ltr'><strong>δι’</strong></span> <span class='ocrx_word' id='word_1_66' title='bbox 824 1001 970 1070; x_wconf 83' lang='grc' dir='ltr'><strong>ἡμᾶς</strong></span> <span class='ocrx_word' id='word_1_67' title='bbox 1025 1003 1203 1073; x_wconf 81' lang='grc' dir='ltr'><strong>σάρκα</strong></span> <span class='ocrx_word' id='word_1_68' title='bbox 1265 1001 1701 1071; x_wconf 81' lang='grc' dir='ltr'><strong>πτωχεύσαντος,</strong></span> <span class='ocrx_word' id='word_1_69' title='bbox 1743 1003 1808 1055; x_wconf 78' lang='grc' dir='ltr'><strong>ἵν’</strong></span> <span class='ocrx_word' id='word_1_70' title='bbox 1848 1004 2009 1072; x_wconf 80' lang='grc' dir='ltr'>ἡμεῖς</span> 
     </span>
    </p>
   </div>
   <div class='ocr_carea' id='block_1_12' title="bbox 428 1088 2007 1165">
    <p class='ocr_par' dir='ltr' id='par_1_12' title="bbox 428 1088 2007 1165">
     <span class='ocr_line' id='line_1_12' title="bbox 428 1088 2007 1165; baseline 0.004 -27"><span class='ocrx_word' id='word_1_71' title='bbox 428 1088 823 1160; x_wconf 72' lang='grc' dir='ltr'><strong>πλουτήσωμεν</strong></span> <span class='ocrx_word' id='word_1_72' title='bbox 859 1091 955 1162; x_wconf 81' lang='grc' dir='ltr'><strong>τὴν</strong></span> <span class='ocrx_word' id='word_1_73' title='bbox 988 1092 1153 1145; x_wconf 86' lang='grc' dir='ltr'><strong>αὑτοῦ</strong></span> <span class='ocrx_word' id='word_1_74' title='bbox 1180 1091 1438 1163; x_wconf 79' lang='grc' dir='ltr'><strong>θεότητα·</strong></span> <span class='ocrx_word' id='word_1_75' title='bbox 1470 1093 1565 1146; x_wconf 89' lang='grc' dir='ltr'><strong>τοῦ</strong></span> <span class='ocrx_word' id='word_1_76' title='bbox 1595 1092 1846 1155; x_wconf 85' lang='grc' dir='ltr'><strong>θανέντος</strong></span> <span class='ocrx_word' id='word_1_77' title='bbox 1866 1093 2007 1165; x_wconf 79' lang='grc' dir='ltr'><strong>ὑπὲρ</strong></span> 
     </span>
    </p>
   </div>
   <div class='ocr_carea' id='block_1_13' title="bbox 429 1179 2005 1255">
    <p class='ocr_par' dir='ltr' id='par_1_13' title="bbox 429 1179 2005 1255">
     <span class='ocr_line' id='line_1_13' title="bbox 429 1179 2005 1255; baseline 0.004 -24"><span class='ocrx_word' id='word_1_78' title='bbox 429 1179 608 1249; x_wconf 74' lang='grc' dir='ltr'><strong>ἡμῶν,</strong></span> <span class='ocrx_word' id='word_1_79' title='bbox 641 1181 726 1234; x_wconf 84' lang='grc' dir='ltr'><strong>ῖνα</strong></span> <span class='ocrx_word' id='word_1_80' title='bbox 751 1181 978 1236; x_wconf 89' lang='grc' dir='ltr'><strong>θάνατον</strong></span> <span class='ocrx_word' id='word_1_81' title='bbox 1011 1184 1171 1254; x_wconf 76' lang='grc' dir='ltr'><strong>ἡμεῖς</strong></span> <span class='ocrx_word' id='word_1_82' title='bbox 1218 1184 1312 1237; x_wconf 77' lang='grc' dir='ltr'><strong>καὶ</strong></span> <span class='ocrx_word' id='word_1_83' title='bbox 1364 1182 1568 1255; x_wconf 80' lang='grc' dir='ltr'><strong>φθορὰν</strong></span> <span class='ocrx_word' id='word_1_84' title='bbox 1599 1183 2005 1255; x_wconf 76' lang='grc' dir='ltr'><strong>ἀποφύγωμενο</strong></span> 
     </span>
    </p>
   </div>
   <div class='ocr_carea' id='block_1_14' title="bbox 425 1268 2007 1346">
    <p class='ocr_par' dir='ltr' id='par_1_14' title="bbox 425 1268 2007 1346">
     <span class='ocr_line' id='line_1_14' title="bbox 425 1268 2007 1346; baseline 0.007 -27"><span class='ocrx_word' id='word_1_85' title='bbox 425 1268 605 1339; x_wconf 77' lang='grc' dir='ltr'>θλίψις</span> <span class='ocrx_word' id='word_1_86' title='bbox 648 1270 741 1323; x_wconf 90' lang='grc' dir='ltr'><strong>τοῦ</strong></span> <span class='ocrx_word' id='word_1_87' title='bbox 788 1273 887 1342; x_wconf 84' lang='grc' dir='ltr'><strong>τὴν</strong></span> <span class='ocrx_word' id='word_1_88' title='bbox 925 1272 1275 1343; x_wconf 78' lang='grc' dir='ltr'><strong>ἀνθρωπίνην</strong></span> <span class='ocrx_word' id='word_1_89' title='bbox 1324 1274 1486 1342; x_wconf 84' lang='grc' dir='ltr'><strong>φύσιν</strong></span> <span class='ocrx_word' id='word_1_90' title='bbox 1538 1276 1846 1346; x_wconf 75' lang='grc' dir='ltr'><strong>ῥυσαμένου</strong></span> <span class='ocrx_word' id='word_1_91' title='bbox 1898 1277 2007 1329; x_wconf 86' lang='grc' dir='ltr'><strong>τῶν</strong></span> 
     </span>
    </p>
   </div>
   <div class='ocr_carea' id='block_1_15' title="bbox 425 1358 2007 1437">
    <p class='ocr_par' dir='ltr' id='par_1_15' title="bbox 425 1358 2007 1437">
     <span class='ocr_line' id='line_1_15' title="bbox 425 1358 2007 1437; baseline 0.007 -28"><span class='ocrx_word' id='word_1_92' title='bbox 425 1358 700 1429; x_wconf 71' lang='grc' dir='ltr'><strong>θλίψεων;</strong></span> <span class='ocrx_word' id='word_1_93' title='bbox 736 1363 1071 1433; x_wconf 82' lang='grc' dir='ltr'><strong>στενοχωρία</strong></span> <span class='ocrx_word' id='word_1_94' title='bbox 1115 1362 1208 1416; x_wconf 90' lang='grc' dir='ltr'><strong>τοῦ</strong></span> <span class='ocrx_word' id='word_1_95' title='bbox 1234 1364 1321 1417; x_wconf 75' lang='grc' dir='ltr'><strong>διὰ</strong></span> <span class='ocrx_word' id='word_1_96' title='bbox 1354 1367 1705 1436; x_wconf 80' lang='grc' dir='ltr'><strong>στενοπορίας</strong></span> <span class='ocrx_word' id='word_1_97' title='bbox 1738 1368 1883 1437; x_wconf 78' lang='grc' dir='ltr'><strong>ἡμᾶς</strong></span> <span class='ocrx_word' id='word_1_98' title='bbox 1926 1369 2007 1430; x_wconf 82' lang='grc' dir='ltr'><strong>είς</strong></span> 
     </span>
    </p>
   </div>
   <div class='ocr_carea' id='block_1_16' title="bbox 424 1451 2007 1524">
    <p class='ocr_par' dir='ltr' id='par_1_16' title="bbox 424 1451 2007 1524">
     <span class='ocr_line' id='line_1_16' title="bbox 424 1451 2007 1524; baseline 0.006 -24"><span class='ocrx_word' id='word_1_99' title='bbox 424 1451 524 1520; x_wconf 75' lang='grc' dir='ltr'><strong>τὴν</strong></span> <span class='ocrx_word' id='word_1_100' title='bbox 554 1451 935 1523; x_wconf 85' lang='grc' dir='ltr'><strong>ἀπερίγραφον</strong></span> <span class='ocrx_word' id='word_1_101' title='bbox 987 1453 1151 1507; x_wconf 85' lang='grc' dir='ltr'><strong>αὑτοῦ</strong></span> <span class='ocrx_word' id='word_1_102' title='bbox 1212 1453 1489 1522; x_wconf 84' lang='grc' dir='ltr'><strong>βασιλείαν</strong></span> <span class='ocrx_word' id='word_1_103' title='bbox 1562 1457 1864 1524; x_wconf 83' lang='grc' dir='ltr'><strong>ίθύνοντος;</strong></span> <span class='ocrx_word' id='word_1_104' title='bbox 1927 1458 2007 1510; x_wconf 81' lang='grc' dir='ltr'><strong>δι-</strong></span> 
     </span>
    </p>
   </div>
   <div class='ocr_carea' id='block_1_17' title="bbox 427 1541 2006 1618">
    <p class='ocr_par' dir='ltr' id='par_1_17' title="bbox 427 1541 2006 1618">
     <span class='ocr_line' id='line_1_17' title="bbox 427 1541 2006 1618; baseline 0.006 -25"><span class='ocrx_word' id='word_1_105' title='bbox 427 1542 619 1611; x_wconf 86' lang='grc' dir='ltr'><strong>ωγμὸς</strong></span> <span class='ocrx_word' id='word_1_106' title='bbox 650 1541 745 1594; x_wconf 85' lang='grc' dir='ltr'><strong>τοῦ</strong></span> <span class='ocrx_word' id='word_1_107' title='bbox 790 1542 1111 1612; x_wconf 82' lang='grc' dir='ltr'><strong>διωχθέντος</strong></span> <span class='ocrx_word' id='word_1_108' title='bbox 1136 1544 1205 1598; x_wconf 83' lang='grc' dir='ltr'><strong>δι’</strong></span> <span class='ocrx_word' id='word_1_109' title='bbox 1224 1546 1370 1616; x_wconf 76' lang='grc' dir='ltr'><strong>ἡμᾶς</strong></span> <span class='ocrx_word' id='word_1_110' title='bbox 1402 1547 1495 1598; x_wconf 71' lang='grc' dir='ltr'><strong>καὶ</strong></span> <span class='ocrx_word' id='word_1_111' title='bbox 1532 1548 1855 1618; x_wconf 83' lang='grc' dir='ltr'><strong>νικήσαντος</strong></span> <span class='ocrx_word' id='word_1_112' title='bbox 1881 1547 2006 1612; x_wconf 71' lang='grc' dir='ltr'><strong>τοὺς</strong></span> 
     </span>
    </p>
   </div>
   <div class='ocr_carea' id='block_1_18' title="bbox 427 1630 2004 1709">
    <p class='ocr_par' dir='ltr' id='par_1_18' title="bbox 427 1630 2004 1709">
     <span class='ocr_line' id='line_1_18' title="bbox 427 1630 2004 1709; baseline 0.005 -24"><span class='ocrx_word' id='word_1_113' title='bbox 427 1630 748 1697; x_wconf 82' lang='grc' dir='ltr'><strong>διώκοντας,</strong></span> <span class='ocrx_word' id='word_1_114' title='bbox 778 1634 870 1686; x_wconf 79' lang='grc' dir='ltr'><strong>καὶ</strong></span> <span class='ocrx_word' id='word_1_115' title='bbox 906 1634 1097 1704; x_wconf 80' lang='grc' dir='ltr'><strong>μισθὸν</strong></span> <span class='ocrx_word' id='word_1_116' title='bbox 1123 1638 1258 1705; x_wconf 80' lang='grc' dir='ltr'><strong>ἡμῖν</strong></span> <span class='ocrx_word' id='word_1_117' title='bbox 1305 1640 1419 1699; x_wconf 88' lang='grc' dir='ltr'><strong>τοῖς</strong></span> <span class='ocrx_word' id='word_1_118' title='bbox 1450 1637 1517 1691; x_wconf 78' lang='grc' dir='ltr'><strong>δι’</strong></span> <span class='ocrx_word' id='word_1_119' title='bbox 1548 1638 1709 1691; x_wconf 77' lang='grc' dir='ltr'><strong>αὑτὸν</strong></span> <span class='ocrx_word' id='word_1_120' title='bbox 1735 1639 2004 1709; x_wconf 84' lang='grc' dir='ltr'><strong>διωκομέ-</strong></span> 
     </span>
    </p>
   </div>
   <div class='ocr_carea' id='block_1_19' title="bbox 425 1723 2006 1803">
    <p class='ocr_par' dir='ltr' id='par_1_19' title="bbox 425 1723 2006 1803">
     <span class='ocr_line' id='line_1_19' title="bbox 425 1723 2006 1803; baseline 0.006 -27"><span class='ocrx_word' id='word_1_121' title='bbox 425 1740 538 1787; x_wconf 85' lang='grc' dir='ltr'><strong>νοις</strong></span> <span class='ocrx_word' id='word_1_122' title='bbox 561 1724 806 1794; x_wconf 79' lang='grc' dir='ltr'><strong>οὐρανῶν</strong></span> <span class='ocrx_word' id='word_1_123' title='bbox 835 1723 1108 1795; x_wconf 83' lang='grc' dir='ltr'><strong>βασιλείαν</strong></span> <span class='ocrx_word' id='word_1_124' title='bbox 1134 1727 1515 1798; x_wconf 84' lang='grc' dir='ltr'><strong>δωρήσαντος;</strong></span> <span class='ocrx_word' id='word_1_125' title='bbox 1569 1729 1728 1801; x_wconf 84' lang='grc' dir='ltr'><strong>λιμὸς</strong></span> <span class='ocrx_word' id='word_1_126' title='bbox 1766 1731 1857 1785; x_wconf 84' lang='grc' dir='ltr'><strong>τοῦ</strong></span> <span class='ocrx_word' id='word_1_127' title='bbox 1908 1732 2006 1803; x_wconf 74' lang='grc' dir='ltr'><strong>τὴν</strong></span> 
     </span>
    </p>
   </div>
   <div class='ocr_carea' id='block_1_20' title="bbox 2117 545 3686 623">
    <p class='ocr_par' dir='ltr' id='par_1_20' title="bbox 2117 545 3686 623">
     <span class='ocr_line' id='line_1_20' title="bbox 2117 545 3686 623; baseline -0.005 -16"><span class='ocrx_word' id='word_1_128' title='bbox 2117 551 2539 615; x_wconf 91' lang='lat' dir='ltr'><strong>sacerdotium,</strong></span> <span class='ocrx_word' id='word_1_129' title='bbox 2589 567 2723 623; x_wconf 85' lang='lat' dir='ltr'><strong>gens</strong></span> <span class='ocrx_word' id='word_1_130' title='bbox 2780 559 2969 605; x_wconf 87' lang='lat' dir='ltr'><strong>sancta</strong></span> <span class='ocrx_word' id='word_1_131' title='bbox 3039 546 3269 612; x_wconf 89' lang='lat' dir='ltr'><strong>vocati,</strong></span> <span class='ocrx_word' id='word_1_132' title='bbox 3346 552 3402 599; x_wconf 92' lang='lat' dir='ltr'><strong>et</strong></span> <span class='ocrx_word' id='word_1_133' title='bbox 3452 545 3686 615; x_wconf 85' lang='lat' dir='ltr'><strong>p0puius</strong></span> 
     </span>
    </p>
   </div>
   <div class='ocr_carea' id='block_1_21' title="bbox 2118 634 3684 712">
    <p class='ocr_par' dir='ltr' id='par_1_21' title="bbox 2118 634 3684 712">
     <span class='ocr_line' id='line_1_21' title="bbox 2118 634 3684 712; baseline -0.006 -17"><span class='ocrx_word' id='word_1_134' title='bbox 2118 643 2171 695; x_wconf 89' lang='lat' dir='ltr'><strong>in</strong></span> <span class='ocrx_word' id='word_1_135' title='bbox 2259 642 2680 712; x_wconf 88' lang='lat' dir='ltr'><strong>acquisitionem</strong></span> <span class='ocrx_word' id='word_1_136' title='bbox 2720 640 2805 693; x_wconf 81' lang='lat'><strong>&#39;°.</strong></span> <span class='ocrx_word' id='word_1_137' title='bbox 2867 636 3285 709; x_wconf 85' lang='lat' dir='ltr'><strong>Dignitatibus,</strong></span> <span class='ocrx_word' id='word_1_138' title='bbox 3355 650 3476 705; x_wconf 71' lang='lat' dir='ltr'><strong>qua:</strong></span> <span class='ocrx_word' id='word_1_139' title='bbox 3542 634 3684 704; x_wconf 89' lang='lat' dir='ltr'><strong>apud</strong></span> 
     </span>
    </p>
   </div>
   <div class='ocr_carea' id='block_1_22' title="bbox 2116 727 3687 802">
    <p class='ocr_par' dir='ltr' id='par_1_22' title="bbox 2116 727 3687 802">
     <span class='ocr_line' id='line_1_22' title="bbox 2116 727 3687 802; baseline -0.005 -14"><span class='ocrx_word' id='word_1_140' title='bbox 2116 748 2216 788; x_wconf 87' lang='lat' dir='ltr'><strong>vos</strong></span> <span class='ocrx_word' id='word_1_141' title='bbox 2281 744 2455 797; x_wconf 87' lang='lat' dir='ltr'><strong>sunt,</strong></span> <span class='ocrx_word' id='word_1_142' title='bbox 2505 747 2613 787; x_wconf 90' lang='lat' dir='ltr'><strong>non</strong></span> <span class='ocrx_word' id='word_1_143' title='bbox 2679 732 2955 802; x_wconf 90' lang='lat' dir='ltr'><strong>poscimus</strong></span> <span class='ocrx_word' id='word_1_144' title='bbox 3030 729 3303 791; x_wconf 82' lang='lat' dir='ltr'><strong>decorari,</strong></span> <span class='ocrx_word' id='word_1_145' title='bbox 3365 727 3522 798; x_wconf 91' lang='lat' dir='ltr'><strong>pueri</strong></span> <span class='ocrx_word' id='word_1_146' title='bbox 3589 727 3687 781; x_wconf 88' lang='lat' dir='ltr'><strong>Dei</strong></span> 
     </span>
    </p>
   </div>
   <div class='ocr_carea' id='block_1_23' title="bbox 2115 819 3685 893">
    <p class='ocr_par' dir='ltr' id='par_1_23' title="bbox 2115 819 3685 893">
     <span class='ocr_line' id='line_1_23' title="bbox 2115 819 3685 893; baseline -0.008 -13"><span class='ocrx_word' id='word_1_147' title='bbox 2115 825 2445 880; x_wconf 80' lang='lat' dir='ltr'><strong>exsistentes</strong></span> <span class='ocrx_word' id='word_1_148' title='bbox 2472 832 2526 878; x_wconf 91' lang='lat' dir='ltr'><strong>et</strong></span> <span class='ocrx_word' id='word_1_149' title='bbox 2556 823 2853 893; x_wconf 74' lang='lat' dir='ltr'><strong>dignitates</strong></span> <span class='ocrx_word' id='word_1_150' title='bbox 2888 819 3187 877; x_wconf 90' lang='lat' dir='ltr'><strong>secundum</strong></span> <span class='ocrx_word' id='word_1_151' title='bbox 3218 819 3342 873; x_wconf 84' lang='lat' dir='ltr'><strong>fidei</strong></span> <span class='ocrx_word' id='word_1_152' title='bbox 3370 831 3685 873; x_wconf 80' lang='lat' dir='ltr'><strong>mensuram</strong></span> 
     </span>
    </p>
   </div>
   <div class='ocr_carea' id='block_1_24' title="bbox 2116 908 3685 984">
    <p class='ocr_par' dir='ltr' id='par_1_24' title="bbox 2116 908 3685 984">
     <span class='ocr_line' id='line_1_24' title="bbox 2116 908 3685 984; baseline -0.003 -17"><span class='ocrx_word' id='word_1_153' title='bbox 2116 915 2400 969; x_wconf 91' lang='lat' dir='ltr'><strong>habentes.</strong></span> <span class='ocrx_word' id='word_1_154' title='bbox 2435 914 2719 984; x_wconf 85' lang='lat' dir='ltr'><strong>Principes</strong></span> <span class='ocrx_word' id='word_1_155' title='bbox 2754 913 2969 968; x_wconf 81' lang='lat' dir='ltr'><strong>urbium</strong></span> <span class='ocrx_word' id='word_1_156' title='bbox 3015 919 3320 967; x_wconf 78' lang='lat' dir='ltr'><strong>vestrarum</strong></span> <span class='ocrx_word' id='word_1_157' title='bbox 3354 924 3465 965; x_wconf 89' lang='lat' dir='ltr'><strong>non</strong></span> <span class='ocrx_word' id='word_1_158' title='bbox 3513 908 3685 963; x_wconf 88' lang='lat' dir='ltr'><strong>anhe-</strong></span> 
     </span>
    </p>
   </div>
   <div class='ocr_carea' id='block_1_25' title="bbox 2114 1001 3684 1069">
    <p class='ocr_par' dir='ltr' id='par_1_25' title="bbox 2114 1001 3684 1069">
     <span class='ocr_line' id='line_1_25' title="bbox 2114 1001 3684 1069; baseline -0.003 -10"><span class='ocrx_word' id='word_1_159' title='bbox 2114 1005 2292 1059; x_wconf 87' lang='lat' dir='ltr'><strong>lamus</strong></span> <span class='ocrx_word' id='word_1_160' title='bbox 2320 1005 2566 1069; x_wconf 84' lang='lat' dir='ltr'><strong>inscribi,</strong></span> <span class='ocrx_word' id='word_1_161' title='bbox 2609 1020 2733 1058; x_wconf 92' lang='lat' dir='ltr'><strong>eum</strong></span> <span class='ocrx_word' id='word_1_162' title='bbox 2769 1004 2943 1058; x_wconf 90' lang='lat' dir='ltr'><strong>simus</strong></span> <span class='ocrx_word' id='word_1_163' title='bbox 2970 1002 3223 1057; x_wconf 77' lang='lat' dir='ltr'><strong>cteiestes</strong></span> <span class='ocrx_word' id='word_1_164' title='bbox 3257 1001 3429 1064; x_wconf 80' lang='lat' dir='ltr'><strong>cives,</strong></span> <span class='ocrx_word' id='word_1_165' title='bbox 3477 1008 3532 1054; x_wconf 89' lang='lat' dir='ltr'><strong>et</strong></span> <span class='ocrx_word' id='word_1_166' title='bbox 3581 1013 3684 1055; x_wconf 88' lang='lat' dir='ltr'><strong>nos</strong></span> 
     </span>
    </p>
   </div>
   <div class='ocr_carea' id='block_1_26' title="bbox 2116 1090 3686 1163">
    <p class='ocr_par' dir='ltr' id='par_1_26' title="bbox 2116 1090 3686 1163">
     <span class='ocr_line' id='line_1_26' title="bbox 2116 1090 3686 1163; baseline -0.003 -11"><span class='ocrx_word' id='word_1_167' title='bbox 2116 1098 2499 1153; x_wconf 89' lang='lat' dir='ltr'><strong>inscribendos</strong></span> <span class='ocrx_word' id='word_1_168' title='bbox 2529 1097 2584 1151; x_wconf 88' lang='lat' dir='ltr'><strong>in</strong></span> <span class='ocrx_word' id='word_1_169' title='bbox 2618 1097 2757 1151; x_wconf 92' lang='lat' dir='ltr'><strong>libro</strong></span> <span class='ocrx_word' id='word_1_170' title='bbox 2781 1095 2907 1150; x_wconf 73' lang='lat' dir='ltr'><strong>vita:</strong></span> <span class='ocrx_word' id='word_1_171' title='bbox 2931 1095 3260 1158; x_wconf 84' lang='lat' dir='ltr'><strong>credamus;</strong></span> <span class='ocrx_word' id='word_1_172' title='bbox 3296 1090 3440 1148; x_wconf 84' lang='lat' dir='ltr'><strong>unde</strong></span> <span class='ocrx_word' id='word_1_173' title='bbox 3462 1100 3517 1147; x_wconf 92' lang='lat' dir='ltr'><strong>et</strong></span> <span class='ocrx_word' id='word_1_174' title='bbox 3546 1106 3686 1163; x_wconf 70' lang='lat' dir='ltr'><strong>pra:-</strong></span> 
     </span>
    </p>
   </div>
   <div class='ocr_carea' id='block_1_27' title="bbox 2113 1182 3685 1254">
    <p class='ocr_par' dir='ltr' id='par_1_27' title="bbox 2113 1182 3685 1254">
     <span class='ocr_line' id='line_1_27' title="bbox 2113 1182 3685 1254; baseline -0.003 -10"><span class='ocrx_word' id='word_1_175' title='bbox 2113 1190 2382 1244; x_wconf 88' lang='lat' dir='ltr'><strong>sumimus</strong></span> <span class='ocrx_word' id='word_1_176' title='bbox 2410 1188 2628 1253; x_wconf 84' lang='lat' dir='ltr'><strong>dicere,</strong></span> <span class='ocrx_word' id='word_1_177' title='bbox 2665 1204 2684 1238; x_wconf 77' lang='grc' dir='ltr'><strong>ι</strong></span> <span class='ocrx_word' id='word_1_178' title='bbox 2723 1186 2856 1253; x_wconf 87' lang='lat' dir='ltr'><strong>Quis</strong></span> <span class='ocrx_word' id='word_1_179' title='bbox 2901 1199 3002 1240; x_wconf 89' lang='lat' dir='ltr'><strong>nos</strong></span> <span class='ocrx_word' id='word_1_180' title='bbox 3043 1184 3318 1254; x_wconf 80' lang='lat' dir='ltr'><strong>separabit</strong></span> <span class='ocrx_word' id='word_1_181' title='bbox 3358 1197 3389 1238; x_wconf 89' lang='lat' dir='ltr'><strong>a</strong></span> <span class='ocrx_word' id='word_1_182' title='bbox 3418 1182 3685 1239; x_wconf 85' lang='lat' dir='ltr'><strong>charitate</strong></span> 
     </span>
    </p>
   </div>
   <div class='ocr_carea' id='block_1_28' title="bbox 2112 1272 3685 1348">
    <p class='ocr_par' dir='ltr' id='par_1_28' title="bbox 2112 1272 3685 1348">
     <span class='ocr_line' id='line_1_28' title="bbox 2112 1272 3685 1348; baseline -0.004 -15"><span class='ocrx_word' id='word_1_183' title='bbox 2112 1279 2319 1334; x_wconf 89' lang='lat' dir='ltr'><strong>Christi</strong></span> <span class='ocrx_word' id='word_1_184' title='bbox 2349 1280 2415 1344; x_wconf 78' lang='lat'><strong>“,</strong></span> <span class='ocrx_word' id='word_1_185' title='bbox 2476 1297 2494 1330; x_wconf 81' lang='grc' dir='ltr'><strong>ι</strong></span> <span class='ocrx_word' id='word_1_186' title='bbox 2528 1277 2621 1348; x_wconf 88' lang='lat' dir='ltr'><strong>qui</strong></span> <span class='ocrx_word' id='word_1_187' title='bbox 2652 1276 2721 1333; x_wconf 92' lang='lat' dir='ltr'><strong>de</strong></span> <span class='ocrx_word' id='word_1_188' title='bbox 2757 1276 2994 1331; x_wconf 85' lang='lat' dir='ltr'><strong>tenebris</strong></span> <span class='ocrx_word' id='word_1_189' title='bbox 3040 1288 3140 1329; x_wconf 91' lang='lat' dir='ltr'><strong>nos</strong></span> <span class='ocrx_word' id='word_1_190' title='bbox 3181 1273 3463 1328; x_wconf 86' lang='lat' dir='ltr'><strong>transtulit</strong></span> <span class='ocrx_word' id='word_1_191' title='bbox 3496 1272 3552 1327; x_wconf 94' lang='lat' dir='ltr'><strong>in</strong></span> <span class='ocrx_word' id='word_1_192' title='bbox 3583 1274 3685 1327; x_wconf 83' lang='lat' dir='ltr'><strong>ad-</strong></span> 
     </span>
    </p>
   </div>
   <div class='ocr_carea' id='block_1_29' title="bbox 2114 1363 3683 1433">
    <p class='ocr_par' dir='ltr' id='par_1_29' title="bbox 2114 1363 3683 1433">
     <span class='ocr_line' id='line_1_29' title="bbox 2114 1363 3683 1433; baseline -0.004 -12"><span class='ocrx_word' id='word_1_193' title='bbox 2114 1368 2366 1423; x_wconf 85' lang='lat' dir='ltr'><strong>mirabile</strong></span> <span class='ocrx_word' id='word_1_194' title='bbox 2395 1368 2577 1422; x_wconf 91' lang='lat' dir='ltr'><strong>lumen</strong></span> <span class='ocrx_word' id='word_1_195' title='bbox 2607 1381 2766 1421; x_wconf 92' lang='lat' dir='ltr'><strong>suum</strong></span> <span class='ocrx_word' id='word_1_196' title='bbox 2800 1366 2846 1396; x_wconf 81' lang='lat'><strong>&quot;</strong></span> <span class='ocrx_word' id='word_1_197' title='bbox 2877 1382 2891 1430; x_wconf 89' lang='lat'><strong>;</strong></span> <span class='ocrx_word' id='word_1_198' title='bbox 2926 1363 3016 1433; x_wconf 89' lang='lat' dir='ltr'><strong>qui</strong></span> <span class='ocrx_word' id='word_1_199' title='bbox 3059 1372 3279 1433; x_wconf 87' lang='lat' dir='ltr'><strong>propter</strong></span> <span class='ocrx_word' id='word_1_200' title='bbox 3319 1376 3417 1416; x_wconf 91' lang='lat' dir='ltr'><strong>nos</strong></span> <span class='ocrx_word' id='word_1_201' title='bbox 3473 1374 3683 1430; x_wconf 87' lang='lat' dir='ltr'><strong>pauper</strong></span> 
     </span>
    </p>
   </div>
   <div class='ocr_carea' id='block_1_30' title="bbox 2114 1453 3683 1528">
    <p class='ocr_par' dir='ltr' id='par_1_30' title="bbox 2114 1453 3683 1528">
     <span class='ocr_line' id='line_1_30' title="bbox 2114 1453 3683 1528; baseline -0.004 -16"><span class='ocrx_word' id='word_1_202' title='bbox 2114 1461 2292 1515; x_wconf 89' lang='lat' dir='ltr'><strong>factus</strong></span> <span class='ocrx_word' id='word_1_203' title='bbox 2315 1468 2418 1525; x_wconf 89' lang='lat' dir='ltr'><strong>est,</strong></span> <span class='ocrx_word' id='word_1_204' title='bbox 2451 1469 2509 1513; x_wconf 91' lang='lat' dir='ltr'><strong>ut</strong></span> <span class='ocrx_word' id='word_1_205' title='bbox 2547 1459 2664 1528; x_wconf 83' lang='lat' dir='ltr'><strong>ejus</strong></span> <span class='ocrx_word' id='word_1_206' title='bbox 2688 1457 2971 1511; x_wconf 83' lang='lat' dir='ltr'><strong>divinitate</strong></span> <span class='ocrx_word' id='word_1_207' title='bbox 2995 1453 3389 1520; x_wconf 81' lang='lat' dir='ltr'><strong>ditarcmur&quot;;</strong></span> <span class='ocrx_word' id='word_1_208' title='bbox 3411 1453 3504 1522; x_wconf 90' lang='lat' dir='ltr'><strong>qui</strong></span> <span class='ocrx_word' id='word_1_209' title='bbox 3532 1466 3683 1506; x_wconf 82' lang='lat' dir='ltr'><strong>mor-</strong></span> 
     </span>
    </p>
   </div>
   <div class='ocr_carea' id='block_1_31' title="bbox 2118 1544 3684 1619">
    <p class='ocr_par' dir='ltr' id='par_1_31' title="bbox 2118 1544 3684 1619">
     <span class='ocr_line' id='line_1_31' title="bbox 2118 1544 3684 1619; baseline -0.004 -17"><span class='ocrx_word' id='word_1_210' title='bbox 2118 1560 2243 1604; x_wconf 89' lang='lat' dir='ltr'><strong>tuus</strong></span> <span class='ocrx_word' id='word_1_211' title='bbox 2277 1559 2361 1604; x_wconf 87' lang='lat' dir='ltr'><strong>est</strong></span> <span class='ocrx_word' id='word_1_212' title='bbox 2403 1564 2501 1619; x_wconf 88' lang='lat' dir='ltr'><strong>pro</strong></span> <span class='ocrx_word' id='word_1_213' title='bbox 2544 1547 2727 1610; x_wconf 89' lang='lat' dir='ltr'><strong>nobis,</strong></span> <span class='ocrx_word' id='word_1_214' title='bbox 2761 1554 2821 1600; x_wconf 89' lang='lat' dir='ltr'><strong>ut</strong></span> <span class='ocrx_word' id='word_1_215' title='bbox 2856 1553 3087 1601; x_wconf 89' lang='lat' dir='ltr'><strong>mortem</strong></span> <span class='ocrx_word' id='word_1_216' title='bbox 3146 1559 3246 1598; x_wconf 86' lang='lat' dir='ltr'><strong>nos</strong></span> <span class='ocrx_word' id='word_1_217' title='bbox 3282 1553 3336 1597; x_wconf 90' lang='lat' dir='ltr'><strong>et</strong></span> <span class='ocrx_word' id='word_1_218' title='bbox 3374 1544 3684 1613; x_wconf 82' lang='lat' dir='ltr'><strong>corruptio-</strong></span> 
     </span>
    </p>
   </div>
   <div class='ocr_carea' id='block_1_32' title="bbox 2114 1635 3682 1712">
    <p class='ocr_par' dir='ltr' id='par_1_32' title="bbox 2114 1635 3682 1712">
     <span class='ocr_line' id='line_1_32' title="bbox 2114 1635 3682 1712; baseline -0.004 -18"><span class='ocrx_word' id='word_1_219' title='bbox 2114 1655 2236 1695; x_wconf 91' lang='lat' dir='ltr'><strong>nem</strong></span> <span class='ocrx_word' id='word_1_220' title='bbox 2283 1640 2657 1712; x_wconf 79' lang='lat' dir='ltr'><strong>eilugiamus?</strong></span> <span class='ocrx_word' id='word_1_221' title='bbox 2695 1638 3001 1694; x_wconf 86' lang='lat' dir='ltr'><strong>Tribuiatio</strong></span> <span class='ocrx_word' id='word_1_222' title='bbox 3049 1636 3200 1706; x_wconf 84' lang='lat' dir='ltr'><strong>ejus,</strong></span> <span class='ocrx_word' id='word_1_223' title='bbox 3240 1635 3335 1705; x_wconf 91' lang='lat' dir='ltr'><strong>qui</strong></span> <span class='ocrx_word' id='word_1_224' title='bbox 3385 1635 3682 1689; x_wconf 90' lang='lat' dir='ltr'><strong>humanam</strong></span> 
     </span>
    </p>
   </div>
   <div class='ocr_carea' id='block_1_33' title="bbox 2114 1723 3683 1793">
    <p class='ocr_par' dir='ltr' id='par_1_33' title="bbox 2114 1723 3683 1793">
     <span class='ocr_line' id='line_1_33' title="bbox 2114 1723 3683 1793; baseline -0.004 -10"><span class='ocrx_word' id='word_1_225' title='bbox 2114 1737 2367 1784; x_wconf 89' lang='lat' dir='ltr'><strong>naturam</strong></span> <span class='ocrx_word' id='word_1_226' title='bbox 2408 1744 2438 1782; x_wconf 91' lang='lat' dir='ltr'><strong>a</strong></span> <span class='ocrx_word' id='word_1_227' title='bbox 2471 1728 2823 1784; x_wconf 87' lang='lat' dir='ltr'><strong>tribulatione</strong></span> <span class='ocrx_word' id='word_1_228' title='bbox 2849 1726 3106 1782; x_wconf 80' lang='lat' dir='ltr'><strong>liberavit</strong></span> <span class='ocrx_word' id='word_1_229' title='bbox 3128 1725 3152 1779; x_wconf 84' lang='lat'><strong>?</strong></span> <span class='ocrx_word' id='word_1_230' title='bbox 3173 1740 3243 1778; x_wconf 90' lang='lat' dir='ltr'><strong>an</strong></span> <span class='ocrx_word' id='word_1_231' title='bbox 3266 1723 3518 1793; x_wconf 79' lang='lat' dir='ltr'><strong>angustia</strong></span> <span class='ocrx_word' id='word_1_232' title='bbox 3540 1723 3683 1792; x_wconf 87' lang='lat' dir='ltr'><strong>ejus,</strong></span> 
     </span>
    </p>
   </div>
   <div class='ocr_carea' id='block_1_34' title="bbox 423 1814 2000 1895">
    <p class='ocr_par' dir='ltr' id='par_1_34' title="bbox 423 1814 2000 1890">
     <span class='ocr_line' id='line_1_34' title="bbox 423 1814 2000 1890; baseline 0.008 -26"><span class='ocrx_word' id='word_1_233' title='bbox 423 1814 703 1884; x_wconf 73' lang='grc' dir='ltr'><strong>ἡμετέραν</strong></span> <span class='ocrx_word' id='word_1_234' title='bbox 746 1815 1023 1887; x_wconf 73' lang='grc' dir='ltr'><strong>σωτηρίαν</strong></span> <span class='ocrx_word' id='word_1_235' title='bbox 1063 1820 1442 1882; x_wconf 83' lang='grc' dir='ltr'><strong>πεινάσαντος,</strong></span> <span class='ocrx_word' id='word_1_236' title='bbox 1491 1820 1587 1873; x_wconf 75' lang='grc' dir='ltr'><strong>καὶ</strong></span> <span class='ocrx_word' id='word_1_237' title='bbox 1636 1820 2000 1890; x_wconf 82' lang='grc' dir='ltr'><strong>λιμώσσοντας</strong></span> 
     </span>
    </p>
   </div>
   <div class='ocr_carea' id='block_1_35' title="bbox 2105 1814 3684 1895">
    <p class='ocr_par' dir='ltr' id='par_1_35' title="bbox 2113 1814 3684 1892">
     <span class='ocr_line' id='line_1_35' title="bbox 2113 1814 3684 1892; baseline -0.005 -17"><span class='ocrx_word' id='word_1_238' title='bbox 2113 1823 2206 1892; x_wconf 91' lang='lat' dir='ltr'><strong>qui</strong></span> <span class='ocrx_word' id='word_1_239' title='bbox 2246 1837 2347 1876; x_wconf 90' lang='lat' dir='ltr'><strong>nos</strong></span> <span class='ocrx_word' id='word_1_240' title='bbox 2398 1836 2498 1892; x_wconf 89' lang='lat' dir='ltr'><strong>per</strong></span> <span class='ocrx_word' id='word_1_241' title='bbox 2554 1828 2847 1892; x_wconf 87' lang='lat' dir='ltr'><strong>angustum</strong></span> <span class='ocrx_word' id='word_1_242' title='bbox 2878 1819 2983 1873; x_wconf 91' lang='lat' dir='ltr'><strong>iter</strong></span> <span class='ocrx_word' id='word_1_243' title='bbox 3040 1819 3094 1872; x_wconf 92' lang='lat' dir='ltr'><strong>in</strong></span> <span class='ocrx_word' id='word_1_244' title='bbox 3145 1814 3684 1885; x_wconf 89' lang='lat' dir='ltr'><strong>incircumscriptum</strong></span> 
     </span>
    </p>
   </div>
   <div class='ocr_carea' id='block_1_36' title="bbox 426 1906 2001 1988">
    <p class='ocr_par' dir='ltr' id='par_1_36' title="bbox 426 1906 2001 1988">
     <span class='ocr_line' id='line_1_36' title="bbox 426 1906 2001 1988; baseline 0.008 -30"><span class='ocrx_word' id='word_1_245' title='bbox 426 1906 575 1975; x_wconf 77' lang='grc' dir='ltr'><strong>ἡμᾶς</strong></span> <span class='ocrx_word' id='word_1_246' title='bbox 600 1906 696 1960; x_wconf 74' lang='grc' dir='ltr'><strong>καὶ</strong></span> <span class='ocrx_word' id='word_1_247' title='bbox 732 1907 864 1978; x_wconf 77' lang='grc' dir='ltr'><strong>μηδὲ</strong></span> <span class='ocrx_word' id='word_1_248' title='bbox 898 1907 1099 1979; x_wconf 88' lang='grc' dir='ltr'><strong>χοίρων</strong></span> <span class='ocrx_word' id='word_1_249' title='bbox 1129 1913 1355 1980; x_wconf 78' lang='grc' dir='ltr'><strong>τροφαῖς</strong></span> <span class='ocrx_word' id='word_1_250' title='bbox 1407 1911 1775 1982; x_wconf 80' lang='grc' dir='ltr'><strong>εὐποροῦντας</strong></span> <span class='ocrx_word' id='word_1_251' title='bbox 1802 1917 2001 1988; x_wconf 84' lang='grc' dir='ltr'><strong>χορτά-</strong></span> 
     </span>
    </p>
   </div>
   <div class='ocr_carea' id='block_1_37' title="bbox 428 1996 2002 2075">
    <p class='ocr_par' dir='ltr' id='par_1_37' title="bbox 428 1996 2002 2075">
     <span class='ocr_line' id='line_1_37' title="bbox 428 1996 2002 2075; baseline 0.009 -26"><span class='ocrx_word' id='word_1_252' title='bbox 428 1996 636 2063; x_wconf 81' lang='grc' dir='ltr'><strong>ζεσθαι,</strong></span> <span class='ocrx_word' id='word_1_253' title='bbox 687 1999 906 2068; x_wconf 85' lang='grc' dir='ltr'><strong>τροφῶν</strong></span> <span class='ocrx_word' id='word_1_254' title='bbox 956 2000 1242 2055; x_wconf 84' lang='grc' dir='ltr'><strong>ἀθανάτων</strong></span> <span class='ocrx_word' id='word_1_255' title='bbox 1291 2004 1712 2075; x_wconf 81' lang='grc' dir='ltr'><strong>ὲμπλήσαντος;</strong></span> <span class='ocrx_word' id='word_1_256' title='bbox 1757 2008 2002 2074; x_wconf 88' lang='grc' dir='ltr'><strong>κίνδυνος</strong></span> 
     </span>
    </p>
   </div>
   <div class='ocr_carea' id='block_1_38' title="bbox 424 2087 2000 2168">
    <p class='ocr_par' dir='ltr' id='par_1_38' title="bbox 424 2087 2000 2168">
     <span class='ocr_line' id='line_1_38' title="bbox 424 2087 2000 2168; baseline 0.01 -29"><span class='ocrx_word' id='word_1_257' title='bbox 424 2087 518 2139; x_wconf 88' lang='grc' dir='ltr'><strong>τοῦ</strong></span> <span class='ocrx_word' id='word_1_258' title='bbox 537 2088 794 2143; x_wconf 81' lang='grc' dir='ltr'><strong>κινδύνων</strong></span> <span class='ocrx_word' id='word_1_259' title='bbox 820 2092 968 2161; x_wconf 76' lang='grc' dir='ltr'><strong>ἡμᾶς</strong></span> <span class='ocrx_word' id='word_1_260' title='bbox 990 2093 1436 2163; x_wconf 72' lang='grc' dir='ltr'><strong>ἐξαρπάσαντος;</strong></span> <span class='ocrx_word' id='word_1_261' title='bbox 1478 2096 1724 2168; x_wconf 84' lang='grc' dir='ltr'><strong>μάχαιρα</strong></span> <span class='ocrx_word' id='word_1_262' title='bbox 1772 2099 1869 2153; x_wconf 89' lang='grc' dir='ltr'><strong>τοῦ</strong></span> <span class='ocrx_word' id='word_1_263' title='bbox 1906 2118 2000 2154; x_wconf 73' lang='lat' dir='ltr'><strong>1o-</strong></span> 
     </span>
    </p>
   </div>
   <div class='ocr_carea' id='block_1_39' title="bbox 422 2178 2002 2261">
    <p class='ocr_par' dir='ltr' id='par_1_39' title="bbox 422 2178 2002 2261">
     <span class='ocr_line' id='line_1_39' title="bbox 422 2178 2002 2261; baseline 0.009 -31"><span class='ocrx_word' id='word_1_264' title='bbox 422 2178 610 2243; x_wconf 80' lang='grc' dir='ltr'><strong>θέντος</strong></span> <span class='ocrx_word' id='word_1_265' title='bbox 641 2181 779 2252; x_wconf 79' lang='grc' dir='ltr'><strong>ὑπὲρ</strong></span> <span class='ocrx_word' id='word_1_266' title='bbox 809 2182 967 2253; x_wconf 78' lang='grc' dir='ltr'><strong>ἡμῶν</strong></span> <span class='ocrx_word' id='word_1_267' title='bbox 1019 2185 1114 2238; x_wconf 81' lang='grc' dir='ltr'><strong>καὶ</strong></span> <span class='ocrx_word' id='word_1_268' title='bbox 1142 2187 1489 2258; x_wconf 80' lang='grc' dir='ltr'><strong>ψυχοφθόρου</strong></span> <span class='ocrx_word' id='word_1_269' title='bbox 1528 2189 1801 2260; x_wconf 86' lang='grc' dir='ltr'><strong>μαχαίρας</strong></span> <span class='ocrx_word' id='word_1_270' title='bbox 1850 2192 2002 2261; x_wconf 80' lang='grc' dir='ltr'><strong>ἡμᾶς</strong></span> 
     </span>
    </p>
   </div>
   <div class='ocr_carea' id='block_1_40' title="bbox 422 2271 1997 2349">
    <p class='ocr_par' dir='ltr' id='par_1_40' title="bbox 422 2271 1997 2349">
     <span class='ocr_line' id='line_1_40' title="bbox 422 2271 1997 2349; baseline 0.007 -25"><span class='ocrx_word' id='word_1_271' title='bbox 422 2272 820 2341; x_wconf 82' lang='grc' dir='ltr'><strong>διασώσαντος;</strong></span> <span class='ocrx_word' id='word_1_272' title='bbox 881 2293 900 2328; x_wconf 77' lang='grc' dir='ltr'><strong>ι</strong></span> <span class='ocrx_word' id='word_1_273' title='bbox 932 2277 1285 2349; x_wconf 81' lang='grc' dir='ltr'><strong>Πεπείσμεθα</strong></span> <span class='ocrx_word' id='word_1_274' title='bbox 1314 2271 1430 2344; x_wconf 76' lang='grc' dir='ltr'><strong>οὖν,</strong></span> <span class='ocrx_word' id='word_1_275' title='bbox 1484 2280 1560 2344; x_wconf 85' lang='grc' dir='ltr'><strong>ὡς</strong></span> <span class='ocrx_word' id='word_1_276' title='bbox 1590 2281 1711 2334; x_wconf 78' lang='grc' dir='ltr'><strong>οὑδὲ</strong></span> <span class='ocrx_word' id='word_1_277' title='bbox 1751 2281 1997 2345; x_wconf 86' lang='grc' dir='ltr'><strong>θάνατος,</strong></span> 
     </span>
    </p>
   </div>
   <div class='ocr_carea' id='block_1_41' title="bbox 424 2361 2000 2444">
    <p class='ocr_par' dir='ltr' id='par_1_41' title="bbox 424 2361 2000 2444">
     <span class='ocr_line' id='line_1_41' title="bbox 424 2361 2000 2444; baseline 0.008 -29"><span class='ocrx_word' id='word_1_278' title='bbox 424 2361 545 2416; x_wconf 80' lang='grc' dir='ltr'><strong>οὑτε</strong></span> <span class='ocrx_word' id='word_1_279' title='bbox 570 2364 704 2435; x_wconf 76' lang='grc' dir='ltr'><strong>ζωὴ,</strong></span> <span class='ocrx_word' id='word_1_280' title='bbox 740 2365 864 2419; x_wconf 79' lang='grc' dir='ltr'><strong>οὕτε</strong></span> <span class='ocrx_word' id='word_1_281' title='bbox 892 2367 1134 2437; x_wconf 85' lang='grc' dir='ltr'><strong>ἄγγελοι,</strong></span> <span class='ocrx_word' id='word_1_282' title='bbox 1162 2369 1285 2423; x_wconf 74' lang='grc' dir='ltr'><strong>οὗτε</strong></span> <span class='ocrx_word' id='word_1_283' title='bbox 1306 2371 1471 2444; x_wconf 69' lang='grc' dir='ltr'><strong>ἀρχαὶ</strong></span> <span class='ocrx_word' id='word_1_284' title='bbox 1494 2412 1508 2434; x_wconf 88' lang='grc'><strong>,</strong></span> <span class='ocrx_word' id='word_1_285' title='bbox 1543 2371 1666 2425; x_wconf 72' lang='grc' dir='ltr'><strong>οὔτε</strong></span> <span class='ocrx_word' id='word_1_286' title='bbox 1706 2372 2000 2436; x_wconf 74' lang='grc' dir='ltr'><strong>ἐνεστῶτα,</strong></span> 
     </span>
    </p>
   </div>
   <div class='ocr_carea' id='block_1_42' title="bbox 421 2452 2001 2533">
    <p class='ocr_par' dir='ltr' id='par_1_42' title="bbox 421 2452 2001 2533">
     <span class='ocr_line' id='line_1_42' title="bbox 421 2452 2001 2533; baseline 0.007 -28"><span class='ocrx_word' id='word_1_287' title='bbox 421 2452 544 2506; x_wconf 71' lang='grc' dir='ltr'><strong>οὔτε</strong></span> <span class='ocrx_word' id='word_1_288' title='bbox 578 2456 859 2524; x_wconf 83' lang='grc' dir='ltr'><strong>μέλλοντα,</strong></span> <span class='ocrx_word' id='word_1_289' title='bbox 900 2457 1023 2519; x_wconf 76' lang='grc' dir='ltr'><strong>οὔτε</strong></span> <span class='ocrx_word' id='word_1_290' title='bbox 1055 2459 1314 2530; x_wconf 87' lang='grc' dir='ltr'><strong>δυνάμεις</strong></span> <span class='ocrx_word' id='word_1_291' title='bbox 1341 2504 1357 2525; x_wconf 93' lang='grc'><strong>,</strong></span> <span class='ocrx_word' id='word_1_292' title='bbox 1420 2461 1546 2516; x_wconf 82' lang='lat' dir='ltr'><strong>061s</strong></span> <span class='ocrx_word' id='word_1_293' title='bbox 1605 2462 1831 2533; x_wconf 76' lang='grc' dir='ltr'><strong>ὕψωμα,</strong></span> <span class='ocrx_word' id='word_1_294' title='bbox 1877 2462 2001 2516; x_wconf 77' lang='grc' dir='ltr'><strong>οὔτε</strong></span> 
     </span>
    </p>
   </div>
   <div class='ocr_carea' id='block_1_43' title="bbox 424 2545 2003 2625">
    <p class='ocr_par' dir='ltr' id='par_1_43' title="bbox 424 2545 2003 2625">
     <span class='ocr_line' id='line_1_43' title="bbox 424 2545 2003 2625; baseline 0.003 -25"><span class='ocrx_word' id='word_1_295' title='bbox 424 2545 611 2615; x_wconf 81' lang='grc' dir='ltr'><strong>βάθος,</strong></span> <span class='ocrx_word' id='word_1_296' title='bbox 640 2545 765 2601; x_wconf 77' lang='grc' dir='ltr'><strong>οὔτε</strong></span> <span class='ocrx_word' id='word_1_297' title='bbox 786 2565 873 2612; x_wconf 89' lang='grc' dir='ltr'><strong>τις</strong></span> <span class='ocrx_word' id='word_1_298' title='bbox 895 2549 1070 2614; x_wconf 86' lang='grc' dir='ltr'><strong>κτίσις</strong></span> <span class='ocrx_word' id='word_1_299' title='bbox 1101 2551 1285 2624; x_wconf 80' lang='grc' dir='ltr'><strong>ἑτέρα,</strong></span> <span class='ocrx_word' id='word_1_300' title='bbox 1317 2552 1607 2625; x_wconf 82' lang='grc' dir='ltr'><strong>δυνήσεται</strong></span> <span class='ocrx_word' id='word_1_301' title='bbox 1658 2554 1806 2624; x_wconf 76' lang='grc' dir='ltr'><strong>ἡμᾶς</strong></span> <span class='ocrx_word' id='word_1_302' title='bbox 1836 2553 2003 2624; x_wconf 84' lang='grc' dir='ltr'><strong>χωρί-</strong></span> 
     </span>
    </p>
   </div>
   <div class='ocr_carea' id='block_1_44' title="bbox 423 2637 2000 2716">
    <p class='ocr_par' dir='ltr' id='par_1_44' title="bbox 423 2637 2000 2716">
     <span class='ocr_line' id='line_1_44' title="bbox 423 2637 2000 2716; baseline 0.006 -28"><span class='ocrx_word' id='word_1_303' title='bbox 423 2651 514 2689; x_wconf 85' lang='grc' dir='ltr'><strong>σαι</strong></span> <span class='ocrx_word' id='word_1_304' title='bbox 545 2637 654 2691; x_wconf 82' lang='grc' dir='ltr'><strong>ἀπὸ</strong></span> <span class='ocrx_word' id='word_1_305' title='bbox 684 2639 783 2709; x_wconf 78' lang='grc' dir='ltr'><strong>τῆς</strong></span> <span class='ocrx_word' id='word_1_306' title='bbox 808 2641 1028 2714; x_wconf 81' lang='grc' dir='ltr'><strong>ἀγάπης</strong></span> <span class='ocrx_word' id='word_1_307' title='bbox 1049 2641 1144 2696; x_wconf 89' lang='grc' dir='ltr'><strong>τοῦ</strong></span> <span class='ocrx_word' id='word_1_308' title='bbox 1194 2643 1329 2697; x_wconf 89' lang='grc' dir='ltr'><strong>Θεοῦ</strong></span> <span class='ocrx_word' id='word_1_309' title='bbox 1353 2645 1454 2716; x_wconf 82' lang='grc' dir='ltr'><strong>τῆς</strong></span> <span class='ocrx_word' id='word_1_310' title='bbox 1477 2643 1534 2697; x_wconf 77' lang='grc' dir='ltr'><strong>ἐν</strong></span> <span class='ocrx_word' id='word_1_311' title='bbox 1555 2643 1779 2716; x_wconf 82' lang='grc' dir='ltr'><strong>Χριστῷ</strong></span> <span class='ocrx_word' id='word_1_312' title='bbox 1825 2645 2000 2714; x_wconf 84' lang='grc' dir='ltr'><strong>Ἰησοῦ</strong></span> 
     </span>
    </p>
   </div>
   <div class='ocr_carea' id='block_1_45' title="bbox 420 2726 2003 2807">
    <p class='ocr_par' dir='ltr' id='par_1_45' title="bbox 420 2726 2003 2807">
     <span class='ocr_line' id='line_1_45' title="bbox 420 2726 2003 2807; baseline 0.004 -27"><span class='ocrx_word' id='word_1_313' title='bbox 420 2726 499 2796; x_wconf 81' lang='grc' dir='ltr'><strong>τῷ</strong></span> <span class='ocrx_word' id='word_1_314' title='bbox 528 2726 717 2798; x_wconf 79' lang='grc' dir='ltr'><strong>Κυρίῳ</strong></span> <span class='ocrx_word' id='word_1_315' title='bbox 751 2730 932 2799; x_wconf 77' lang='grc' dir='ltr'><strong>ἡμῶν,</strong></span> <span class='ocrx_word' id='word_1_316' title='bbox 970 2750 989 2783; x_wconf 76' lang='grc' dir='ltr'><strong>ι</strong></span> <span class='ocrx_word' id='word_1_317' title='bbox 1029 2731 1119 2786; x_wconf 87' lang='grc' dir='ltr'><strong>διὰ</strong></span> <span class='ocrx_word' id='word_1_318' title='bbox 1168 2733 1230 2787; x_wconf 75' lang='lat' dir='ltr'><strong>1b</strong></span> <span class='ocrx_word' id='word_1_319' title='bbox 1274 2734 1542 2807; x_wconf 82' lang='grc' dir='ltr'><strong>ὑπερέχον</strong></span> <span class='ocrx_word' id='word_1_320' title='bbox 1600 2734 1699 2804; x_wconf 85' lang='grc' dir='ltr'><strong>τῆς</strong></span> <span class='ocrx_word' id='word_1_321' title='bbox 1748 2733 2003 2801; x_wconf 82' lang='grc' dir='ltr'><strong>γνώσεως</strong></span> 
     </span>
    </p>
   </div>
   <div class='ocr_carea' id='block_1_46' title="bbox 422 2821 2003 2899">
    <p class='ocr_par' dir='ltr' id='par_1_46' title="bbox 422 2821 2003 2899">
     <span class='ocr_line' id='line_1_46' title="bbox 422 2821 2003 2899; baseline 0.004 -27"><span class='ocrx_word' id='word_1_322' title='bbox 422 2821 521 2873; x_wconf 76' lang='grc' dir='ltr'><strong>καὶ</strong></span> <span class='ocrx_word' id='word_1_323' title='bbox 550 2822 641 2875; x_wconf 80' lang='grc' dir='ltr'><strong>τὸν</strong></span> <span class='ocrx_word' id='word_1_324' title='bbox 662 2823 1072 2895; x_wconf 87' lang='grc' dir='ltr'><strong>ὑπερϐάλλοντα</strong></span> <span class='ocrx_word' id='word_1_325' title='bbox 1098 2824 1327 2881; x_wconf 87' lang='grc' dir='ltr'><strong>πλοῦτον</strong></span> <span class='ocrx_word' id='word_1_326' title='bbox 1358 2826 1459 2898; x_wconf 83' lang='grc' dir='ltr'><strong>τῆς</strong></span> <span class='ocrx_word' id='word_1_327' title='bbox 1486 2826 1653 2880; x_wconf 88' lang='grc' dir='ltr'><strong>αὑτοῦ</strong></span> <span class='ocrx_word' id='word_1_328' title='bbox 1694 2825 2003 2899; x_wconf 87' lang='grc' dir='ltr'><strong>φιλανθρώ-</strong></span> 
     </span>
    </p>
   </div>
   <div class='ocr_carea' id='block_1_47' title="bbox 423 2915 2001 2989">
    <p class='ocr_par' dir='ltr' id='par_1_47' title="bbox 423 2915 2001 2989">
     <span class='ocr_line' id='line_1_47' title="bbox 423 2915 2001 2989; baseline 0.005 -23"><span class='ocrx_word' id='word_1_329' title='bbox 423 2929 528 2966; x_wconf 85' lang='grc' dir='ltr'><strong>που</strong></span> <span class='ocrx_word' id='word_1_330' title='bbox 566 2916 968 2987; x_wconf 68' lang='grc' dir='ltr'><strong>χρηστότητοςε</strong></span> <span class='ocrx_word' id='word_1_331' title='bbox 997 2917 1115 2983; x_wconf 72' lang='grc' dir='ltr'><strong>καὶ,</strong></span> <span class='ocrx_word' id='word_1_332' title='bbox 1155 2917 1237 2970; x_wconf 87' lang='grc' dir='ltr'><strong>ὅτι</strong></span> <span class='ocrx_word' id='word_1_333' title='bbox 1294 2935 1314 2969; x_wconf 81' lang='grc' dir='ltr'><strong>ι</strong></span> <span class='ocrx_word' id='word_1_334' title='bbox 1345 2917 1438 2989; x_wconf 78' lang='grc' dir='ltr'><strong>Μὴ</strong></span> <span class='ocrx_word' id='word_1_335' title='bbox 1466 2915 1590 2983; x_wconf 82' lang='grc' dir='ltr'><strong>ἀξια</strong></span> <span class='ocrx_word' id='word_1_336' title='bbox 1620 2916 1714 2971; x_wconf 88' lang='grc' dir='ltr'><strong>τοῦ</strong></span> <span class='ocrx_word' id='word_1_337' title='bbox 1748 2917 1848 2972; x_wconf 88' lang='grc' dir='ltr'><strong>νῦν</strong></span> <span class='ocrx_word' id='word_1_338' title='bbox 1876 2935 2001 2974; x_wconf 75' lang='grc' dir='ltr'><strong>και-</strong></span> 
     </span>
    </p>
   </div>
   <div class='ocr_carea' id='block_1_48' title="bbox 425 3003 2004 3081">
    <p class='ocr_par' dir='ltr' id='par_1_48' title="bbox 425 3003 2004 3081">
     <span class='ocr_line' id='line_1_48' title="bbox 425 3003 2004 3081; baseline 0.004 -26"><span class='ocrx_word' id='word_1_339' title='bbox 425 3003 523 3074; x_wconf 90' lang='grc' dir='ltr'><strong>ροῦ</strong></span> <span class='ocrx_word' id='word_1_340' title='bbox 553 3004 623 3057; x_wconf 80' lang='grc' dir='ltr'><strong>τὰ</strong></span> <span class='ocrx_word' id='word_1_341' title='bbox 662 3006 980 3078; x_wconf 87' lang='grc' dir='ltr'><strong>παθήματα,</strong></span> <span class='ocrx_word' id='word_1_342' title='bbox 1007 3027 1026 3060; x_wconf 86' lang='grc'><strong>›</strong></span> <span class='ocrx_word' id='word_1_343' title='bbox 1080 3009 1175 3063; x_wconf 73' lang='grc' dir='ltr'><strong>καὶ</strong></span> <span class='ocrx_word' id='word_1_344' title='bbox 1213 3009 1247 3075; x_wconf 83' lang='grc' dir='ltr'>ἠ</span> <span class='ocrx_word' id='word_1_345' title='bbox 1303 3008 1413 3063; x_wconf 86' lang='grc' dir='ltr'><strong>τῶν</strong></span> <span class='ocrx_word' id='word_1_346' title='bbox 1462 3008 1745 3080; x_wconf 77' lang='grc' dir='ltr'><strong>παρόντων</strong></span> <span class='ocrx_word' id='word_1_347' title='bbox 1796 3008 2004 3081; x_wconf 78' lang='grc' dir='ltr'><strong>ῥοώδης</strong></span> 
     </span>
    </p>
   </div>
   <div class='ocr_carea' id='block_1_49' title="bbox 421 3094 2004 3172">
    <p class='ocr_par' dir='ltr' id='par_1_49' title="bbox 421 3094 2004 3172">
     <span class='ocr_line' id='line_1_49' title="bbox 421 3094 2004 3172; baseline 0.005 -25"><span class='ocrx_word' id='word_1_348' title='bbox 421 3094 703 3162; x_wconf 72' lang='grc' dir='ltr'><strong>ἀπόλυσις,</strong></span> <span class='ocrx_word' id='word_1_349' title='bbox 744 3115 763 3150; x_wconf 86' lang='grc' dir='ltr'><strong>ι</strong></span> <span class='ocrx_word' id='word_1_350' title='bbox 804 3098 945 3168; x_wconf 81' lang='grc' dir='ltr'><strong>Πρὸς</strong></span> <span class='ocrx_word' id='word_1_351' title='bbox 979 3099 1078 3171; x_wconf 82' lang='grc' dir='ltr'><strong>τὴν</strong></span> <span class='ocrx_word' id='word_1_352' title='bbox 1123 3098 1283 3166; x_wconf 79' lang='grc' dir='ltr'><strong>δόξαν</strong></span> <span class='ocrx_word' id='word_1_353' title='bbox 1328 3101 1430 3172; x_wconf 74' lang='grc' dir='ltr'><strong>τὴν</strong></span> <span class='ocrx_word' id='word_1_354' title='bbox 1477 3101 1555 3165; x_wconf 86' lang='grc' dir='ltr'><strong>είς</strong></span> <span class='ocrx_word' id='word_1_355' title='bbox 1598 3101 1744 3172; x_wconf 75' lang='grc' dir='ltr'><strong>ἡμᾶς</strong></span> <span class='ocrx_word' id='word_1_356' title='bbox 1794 3102 2004 3155; x_wconf 80' lang='grc' dir='ltr'><strong>ἀποκα-</strong></span> 
     </span>
    </p>
   </div>
   <div class='ocr_carea' id='block_1_50' title="bbox 420 3182 1131 3257">
    <p class='ocr_par' dir='ltr' id='par_1_50' title="bbox 420 3182 1131 3257">
     <span class='ocr_line' id='line_1_50' title="bbox 420 3182 1131 3257; baseline 0.007 -21"><span class='ocrx_word' id='word_1_357' title='bbox 420 3182 721 3240; x_wconf 87' lang='grc' dir='ltr'><strong>λύπτεσθαι</strong></span> <span class='ocrx_word' id='word_1_358' title='bbox 749 3185 1070 3257; x_wconf 87' lang='grc' dir='ltr'><strong>μέλλουσαν.</strong></span> <span class='ocrx_word' id='word_1_359' title='bbox 1111 3207 1131 3241; x_wconf 78' lang='grc' dir='ltr'><strong>ι</strong></span> 
     </span>
    </p>
   </div>
   <div class='ocr_carea' id='block_1_51' title="bbox 2110 1904 3683 1983">
    <p class='ocr_par' dir='ltr' id='par_1_51' title="bbox 2110 1904 3683 1983">
     <span class='ocr_line' id='line_1_51' title="bbox 2110 1904 3683 1983; baseline -0.007 -16"><span class='ocrx_word' id='word_1_360' title='bbox 2110 1929 2335 1983; x_wconf 83' lang='lat' dir='ltr'><strong>regnum</strong></span> <span class='ocrx_word' id='word_1_361' title='bbox 2386 1928 2548 1968; x_wconf 91' lang='lat' dir='ltr'><strong>suum</strong></span> <span class='ocrx_word' id='word_1_362' title='bbox 2585 1910 2928 1966; x_wconf 78' lang='lat' dir='ltr'><strong>introducit?</strong></span> <span class='ocrx_word' id='word_1_363' title='bbox 2963 1924 3030 1963; x_wconf 90' lang='lat' dir='ltr'><strong>an</strong></span> <span class='ocrx_word' id='word_1_364' title='bbox 3072 1907 3386 1980; x_wconf 87' lang='lat' dir='ltr'><strong>persecutio</strong></span> <span class='ocrx_word' id='word_1_365' title='bbox 3414 1904 3555 1976; x_wconf 89' lang='lat' dir='ltr'><strong>ejus,</strong></span> <span class='ocrx_word' id='word_1_366' title='bbox 3588 1904 3683 1974; x_wconf 90' lang='lat' dir='ltr'><strong>qui</strong></span> 
     </span>
    </p>
   </div>
   <div class='ocr_carea' id='block_1_52' title="bbox 2112 1999 3685 2075">
    <p class='ocr_par' dir='ltr' id='par_1_52' title="bbox 2112 1999 3685 2075">
     <span class='ocr_line' id='line_1_52' title="bbox 2112 1999 3685 2075; baseline -0.006 -16"><span class='ocrx_word' id='word_1_367' title='bbox 2112 2004 2552 2075; x_wconf 72' lang='lat' dir='ltr'><strong>persecutionem</strong></span> <span class='ocrx_word' id='word_1_368' title='bbox 2614 2018 2815 2074; x_wconf 87' lang='lat' dir='ltr'><strong>passus</strong></span> <span class='ocrx_word' id='word_1_369' title='bbox 2876 2013 2963 2058; x_wconf 91' lang='lat' dir='ltr'><strong>est</strong></span> <span class='ocrx_word' id='word_1_370' title='bbox 3020 2011 3245 2072; x_wconf 86' lang='lat' dir='ltr'><strong>propter</strong></span> <span class='ocrx_word' id='word_1_371' title='bbox 3282 2015 3405 2065; x_wconf 92' lang='lat' dir='ltr'><strong>nos,</strong></span> <span class='ocrx_word' id='word_1_372' title='bbox 3439 2006 3494 2053; x_wconf 92' lang='lat' dir='ltr'><strong>et</strong></span> <span class='ocrx_word' id='word_1_373' title='bbox 3552 1999 3685 2052; x_wconf 91' lang='lat' dir='ltr'><strong>vicit</strong></span> 
     </span>
    </p>
   </div>
   <div class='ocr_carea' id='block_1_53' title="bbox 2104 2087 3683 2166">
    <p class='ocr_par' dir='ltr' id='par_1_53' title="bbox 2104 2087 3683 2166">
     <span class='ocr_line' id='line_1_53' title="bbox 2104 2087 3683 2166; baseline -0.008 -14"><span class='ocrx_word' id='word_1_374' title='bbox 2104 2103 2515 2166; x_wconf 81' lang='lat' dir='ltr'><strong>persequentes,</strong></span> <span class='ocrx_word' id='word_1_375' title='bbox 2538 2103 2594 2149; x_wconf 89' lang='lat' dir='ltr'><strong>et</strong></span> <span class='ocrx_word' id='word_1_376' title='bbox 2615 2094 2917 2150; x_wconf 88' lang='lat' dir='ltr'><strong>mercedem</strong></span> <span class='ocrx_word' id='word_1_377' title='bbox 2942 2094 3120 2157; x_wconf 85' lang='lat' dir='ltr'><strong>nobis,</strong></span> <span class='ocrx_word' id='word_1_378' title='bbox 3144 2093 3237 2163; x_wconf 89' lang='lat' dir='ltr'><strong>qui</strong></span> <span class='ocrx_word' id='word_1_379' title='bbox 3255 2098 3477 2162; x_wconf 89' lang='lat' dir='ltr'><strong>propter</strong></span> <span class='ocrx_word' id='word_1_380' title='bbox 3506 2087 3683 2158; x_wconf 80' lang='lat' dir='ltr'><strong>ipsum</strong></span> 
     </span>
    </p>
   </div>
   <div class='ocr_carea' id='block_1_54' title="bbox 2104 2180 3680 2258">
    <p class='ocr_par' dir='ltr' id='par_1_54' title="bbox 2104 2180 3680 2258">
     <span class='ocr_line' id='line_1_54' title="bbox 2104 2180 3680 2258; baseline -0.008 -17"><span class='ocrx_word' id='word_1_381' title='bbox 2104 2187 2542 2258; x_wconf 88' lang='lat' dir='ltr'><strong>persecutionem</strong></span> <span class='ocrx_word' id='word_1_382' title='bbox 2576 2187 2834 2256; x_wconf 88' lang='lat' dir='ltr'><strong>patimur,</strong></span> <span class='ocrx_word' id='word_1_383' title='bbox 2868 2185 3133 2239; x_wconf 76' lang='lat' dir='ltr'><strong>cmlorum</strong></span> <span class='ocrx_word' id='word_1_384' title='bbox 3168 2197 3401 2252; x_wconf 82' lang='lat' dir='ltr'><strong>regnum</strong></span> <span class='ocrx_word' id='word_1_385' title='bbox 3428 2180 3633 2234; x_wconf 85' lang='lat' dir='ltr'><strong>deliniit</strong></span> <span class='ocrx_word' id='word_1_386' title='bbox 3656 2180 3680 2229; x_wconf 69' lang='grc' dir='ltr'><strong>’ὲ</strong></span> 
     </span>
    </p>
   </div>
   <div class='ocr_carea' id='block_1_55' title="bbox 2103 2270 3679 2348">
    <p class='ocr_par' dir='ltr' id='par_1_55' title="bbox 2103 2270 3679 2348">
     <span class='ocr_line' id='line_1_55' title="bbox 2103 2270 3679 2348; baseline -0.007 -17"><span class='ocrx_word' id='word_1_387' title='bbox 2103 2292 2171 2331; x_wconf 89' lang='lat' dir='ltr'><strong>an</strong></span> <span class='ocrx_word' id='word_1_388' title='bbox 2213 2277 2385 2332; x_wconf 85' lang='lat' dir='ltr'><strong>fames</strong></span> <span class='ocrx_word' id='word_1_389' title='bbox 2418 2278 2560 2348; x_wconf 82' lang='lat' dir='ltr'><strong>ejus,</strong></span> <span class='ocrx_word' id='word_1_390' title='bbox 2608 2278 2701 2348; x_wconf 90' lang='lat' dir='ltr'><strong>qui</strong></span> <span class='ocrx_word' id='word_1_391' title='bbox 2744 2278 2975 2330; x_wconf 85' lang='lat' dir='ltr'><strong>salutem</strong></span> <span class='ocrx_word' id='word_1_392' title='bbox 3033 2282 3279 2330; x_wconf 90' lang='lat' dir='ltr'><strong>nostram</strong></span> <span class='ocrx_word' id='word_1_393' title='bbox 3333 2270 3584 2333; x_wconf 88' lang='lat' dir='ltr'><strong>esurivit,</strong></span> <span class='ocrx_word' id='word_1_394' title='bbox 3624 2276 3679 2320; x_wconf 87' lang='lat' dir='ltr'><strong>et</strong></span> 
     </span>
    </p>
   </div>
   <div class='ocr_carea' id='block_1_56' title="bbox 2106 2360 3683 2440">
    <p class='ocr_par' dir='ltr' id='par_1_56' title="bbox 2106 2360 3683 2440">
     <span class='ocr_line' id='line_1_56' title="bbox 2106 2360 3683 2440; baseline -0.006 -18"><span class='ocrx_word' id='word_1_395' title='bbox 2106 2369 2303 2423; x_wconf 80' lang='lat' dir='ltr'><strong>famem</strong></span> <span class='ocrx_word' id='word_1_396' title='bbox 2338 2370 2608 2440; x_wconf 88' lang='lat' dir='ltr'><strong>patientes</strong></span> <span class='ocrx_word' id='word_1_397' title='bbox 2634 2384 2753 2433; x_wconf 87' lang='lat' dir='ltr'><strong>nos,</strong></span> <span class='ocrx_word' id='word_1_398' title='bbox 2786 2377 2840 2423; x_wconf 91' lang='lat' dir='ltr'><strong>et</strong></span> <span class='ocrx_word' id='word_1_399' title='bbox 2871 2381 2973 2422; x_wconf 90' lang='lat' dir='ltr'><strong>nec</strong></span> <span class='ocrx_word' id='word_1_400' title='bbox 3017 2379 3308 2437; x_wconf 88' lang='lat' dir='ltr'><strong>porcorum</strong></span> <span class='ocrx_word' id='word_1_401' title='bbox 3338 2376 3519 2424; x_wconf 85' lang='lat' dir='ltr'><strong>escas,</strong></span> <span class='ocrx_word' id='word_1_402' title='bbox 3554 2360 3683 2430; x_wconf 89' lang='lat' dir='ltr'><strong>qui-</strong></span> 
     </span>
    </p>
   </div>
   <div class='ocr_carea' id='block_1_57' title="bbox 2105 2453 3679 2527">
    <p class='ocr_par' dir='ltr' id='par_1_57' title="bbox 2105 2453 3679 2527">
     <span class='ocr_line' id='line_1_57' title="bbox 2105 2453 3679 2527; baseline -0.007 -12"><span class='ocrx_word' id='word_1_403' title='bbox 2105 2461 2207 2515; x_wconf 89' lang='lat' dir='ltr'><strong>bus</strong></span> <span class='ocrx_word' id='word_1_404' title='bbox 2262 2461 2594 2516; x_wconf 84' lang='lat' dir='ltr'><strong>satiaremur</strong></span> <span class='ocrx_word' id='word_1_405' title='bbox 2640 2460 2923 2527; x_wconf 90' lang='lat' dir='ltr'><strong>habentes,</strong></span> <span class='ocrx_word' id='word_1_406' title='bbox 2962 2456 3369 2513; x_wconf 86' lang='lat' dir='ltr'><strong>immortalibus</strong></span> <span class='ocrx_word' id='word_1_407' title='bbox 3404 2453 3550 2510; x_wconf 81' lang='lat' dir='ltr'><strong>escis</strong></span> <span class='ocrx_word' id='word_1_408' title='bbox 3588 2466 3679 2505; x_wconf 91' lang='lat' dir='ltr'><strong>re-</strong></span> 
     </span>
    </p>
   </div>
   <div class='ocr_carea' id='block_1_58' title="bbox 2105 2545 3679 2621">
    <p class='ocr_par' dir='ltr' id='par_1_58' title="bbox 2105 2545 3679 2621">
     <span class='ocr_line' id='line_1_58' title="bbox 2105 2545 3679 2621; baseline -0.004 -18"><span class='ocrx_word' id='word_1_409' title='bbox 2105 2550 2269 2621; x_wconf 87' lang='lat' dir='ltr'><strong>plevit</strong></span> <span class='ocrx_word' id='word_1_410' title='bbox 2296 2551 2320 2605; x_wconf 82' lang='lat'><strong>?</strong></span> <span class='ocrx_word' id='word_1_411' title='bbox 2362 2567 2430 2605; x_wconf 92' lang='lat' dir='ltr'><strong>an</strong></span> <span class='ocrx_word' id='word_1_412' title='bbox 2460 2551 2682 2608; x_wconf 89' lang='lat' dir='ltr'><strong>uuditas</strong></span> <span class='ocrx_word' id='word_1_413' title='bbox 2713 2551 2854 2621; x_wconf 89' lang='lat' dir='ltr'><strong>ejus,</strong></span> <span class='ocrx_word' id='word_1_414' title='bbox 2899 2550 2993 2620; x_wconf 91' lang='lat' dir='ltr'><strong>qui</strong></span> <span class='ocrx_word' id='word_1_415' title='bbox 3019 2549 3072 2603; x_wconf 93' lang='lat' dir='ltr'><strong>in</strong></span> <span class='ocrx_word' id='word_1_416' title='bbox 3103 2547 3275 2602; x_wconf 87' lang='lat' dir='ltr'><strong>Adam</strong></span> <span class='ocrx_word' id='word_1_417' title='bbox 3315 2545 3576 2602; x_wconf 85' lang='lat' dir='ltr'><strong>misertus</strong></span> <span class='ocrx_word' id='word_1_418' title='bbox 3596 2551 3679 2598; x_wconf 89' lang='lat' dir='ltr'><strong>est</strong></span> 
     </span>
    </p>
   </div>
   <div class='ocr_carea' id='block_1_59' title="bbox 2105 2636 3677 2711">
    <p class='ocr_par' dir='ltr' id='par_1_59' title="bbox 2105 2636 3677 2711">
     <span class='ocr_line' id='line_1_59' title="bbox 2105 2636 3677 2711; baseline -0.004 -18"><span class='ocrx_word' id='word_1_419' title='bbox 2105 2638 2393 2707; x_wconf 88' lang='lat' dir='ltr'><strong>uuditatis,</strong></span> <span class='ocrx_word' id='word_1_420' title='bbox 2424 2648 2478 2695; x_wconf 89' lang='lat' dir='ltr'><strong>et</strong></span> <span class='ocrx_word' id='word_1_421' title='bbox 2509 2642 2646 2696; x_wconf 90' lang='lat' dir='ltr'><strong>stola</strong></span> <span class='ocrx_word' id='word_1_422' title='bbox 2668 2641 2844 2711; x_wconf 90' lang='lat' dir='ltr'><strong>prima</strong></span> <span class='ocrx_word' id='word_1_423' title='bbox 2896 2655 2996 2694; x_wconf 86' lang='lat' dir='ltr'><strong>nos</strong></span> <span class='ocrx_word' id='word_1_424' title='bbox 3022 2639 3198 2693; x_wconf 90' lang='lat' dir='ltr'><strong>induit</strong></span> <span class='ocrx_word' id='word_1_425' title='bbox 3223 2639 3248 2692; x_wconf 82' lang='lat' dir='ltr'><strong>‘l</strong></span> <span class='ocrx_word' id='word_1_426' title='bbox 3275 2653 3342 2691; x_wconf 93' lang='lat' dir='ltr'><strong>an</strong></span> <span class='ocrx_word' id='word_1_427' title='bbox 3372 2636 3677 2707; x_wconf 89' lang='lat' dir='ltr'><strong>periculum</strong></span> 
     </span>
    </p>
   </div>
   <div class='ocr_carea' id='block_1_60' title="bbox 2108 2725 3683 2804">
    <p class='ocr_par' dir='ltr' id='par_1_60' title="bbox 2108 2725 3683 2804">
     <span class='ocr_line' id='line_1_60' title="bbox 2108 2725 3683 2804; baseline -0.001 -21"><span class='ocrx_word' id='word_1_428' title='bbox 2108 2732 2249 2800; x_wconf 89' lang='lat' dir='ltr'><strong>ejus,</strong></span> <span class='ocrx_word' id='word_1_429' title='bbox 2289 2733 2377 2799; x_wconf 91' lang='lat' dir='ltr'><strong>qui</strong></span> <span class='ocrx_word' id='word_1_430' title='bbox 2410 2734 2686 2804; x_wconf 89' lang='lat' dir='ltr'><strong>perituros</strong></span> <span class='ocrx_word' id='word_1_431' title='bbox 2717 2748 2746 2786; x_wconf 91' lang='lat' dir='ltr'><strong>a</strong></span> <span class='ocrx_word' id='word_1_432' title='bbox 2771 2732 3038 2802; x_wconf 89' lang='lat' dir='ltr'><strong>periculis</strong></span> <span class='ocrx_word' id='word_1_433' title='bbox 3060 2746 3162 2786; x_wconf 88' lang='lat' dir='ltr'><strong>nos</strong></span> <span class='ocrx_word' id='word_1_434' title='bbox 3200 2729 3449 2799; x_wconf 85' lang='lat' dir='ltr'><strong>eripuit?</strong></span> <span class='ocrx_word' id='word_1_435' title='bbox 3479 2742 3546 2781; x_wconf 93' lang='lat' dir='ltr'><strong>an</strong></span> <span class='ocrx_word' id='word_1_436' title='bbox 3567 2725 3683 2796; x_wconf 86' lang='lat' dir='ltr'><strong>gia-</strong></span> 
     </span>
    </p>
   </div>
   <div class='ocr_carea' id='block_1_61' title="bbox 2107 2822 3682 2895">
    <p class='ocr_par' dir='ltr' id='par_1_61' title="bbox 2107 2822 3682 2895">
     <span class='ocr_line' id='line_1_61' title="bbox 2107 2822 3682 2895; baseline -0.005 -19"><span class='ocrx_word' id='word_1_437' title='bbox 2107 2822 2234 2878; x_wconf 88' lang='lat' dir='ltr'><strong>dius</strong></span> <span class='ocrx_word' id='word_1_438' title='bbox 2264 2824 2408 2894; x_wconf 88' lang='lat' dir='ltr'><strong>ejus,</strong></span> <span class='ocrx_word' id='word_1_439' title='bbox 2436 2825 2529 2895; x_wconf 92' lang='lat' dir='ltr'><strong>qui</strong></span> <span class='ocrx_word' id='word_1_440' title='bbox 2578 2838 2678 2894; x_wconf 91' lang='lat' dir='ltr'><strong>pro</strong></span> <span class='ocrx_word' id='word_1_441' title='bbox 2729 2824 2888 2877; x_wconf 91' lang='lat' dir='ltr'><strong>nobis</strong></span> <span class='ocrx_word' id='word_1_442' title='bbox 2920 2822 3235 2876; x_wconf 88' lang='lat' dir='ltr'><strong>immolatus</strong></span> <span class='ocrx_word' id='word_1_443' title='bbox 3261 2828 3365 2887; x_wconf 90' lang='lat' dir='ltr'><strong>est,</strong></span> <span class='ocrx_word' id='word_1_444' title='bbox 3400 2826 3455 2873; x_wconf 89' lang='lat' dir='ltr'><strong>et</strong></span> <span class='ocrx_word' id='word_1_445' title='bbox 3492 2831 3522 2870; x_wconf 89' lang='lat' dir='ltr'><strong>a</strong></span> <span class='ocrx_word' id='word_1_446' title='bbox 3553 2830 3682 2870; x_wconf 88' lang='lat' dir='ltr'><strong>cor-</strong></span> 
     </span>
    </p>
   </div>
   <div class='ocr_carea' id='block_1_62' title="bbox 2105 2903 3683 2985">
    <p class='ocr_par' dir='ltr' id='par_1_62' title="bbox 2105 2903 3683 2985">
     <span class='ocr_line' id='line_1_62' title="bbox 2105 2903 3683 2985; baseline -0.005 -18"><span class='ocrx_word' id='word_1_447' title='bbox 2105 2921 2400 2985; x_wconf 87' lang='lat' dir='ltr'><strong>rumpeute</strong></span> <span class='ocrx_word' id='word_1_448' title='bbox 2455 2914 2693 2969; x_wconf 87' lang='lat' dir='ltr'><strong>animam</strong></span> <span class='ocrx_word' id='word_1_449' title='bbox 2742 2912 2921 2985; x_wconf 86' lang='lat' dir='ltr'><strong>gladio</strong></span> <span class='ocrx_word' id='word_1_450' title='bbox 2983 2926 3086 2969; x_wconf 83' lang='lat' dir='ltr'><strong>nos</strong></span> <span class='ocrx_word' id='word_1_451' title='bbox 3151 2903 3436 2967; x_wconf 19' lang='lat' dir='ltr'><strong>salvavi‘t?</strong></span> <span class='ocrx_word' id='word_1_452' title='bbox 3533 2905 3683 2961; x_wconf 87' lang='lat' dir='ltr'><strong>Certi</strong></span> 
     </span>
    </p>
   </div>
   <div class='ocr_carea' id='block_1_63' title="bbox 2104 3001 3684 3076">
    <p class='ocr_par' dir='ltr' id='par_1_63' title="bbox 2104 3001 3684 3076">
     <span class='ocr_line' id='line_1_63' title="bbox 2104 3001 3684 3076; baseline -0.006 -17"><span class='ocrx_word' id='word_1_453' title='bbox 2104 3019 2237 3075; x_wconf 86' lang='lat' dir='ltr'><strong>ergo</strong></span> <span class='ocrx_word' id='word_1_454' title='bbox 2266 3020 2459 3061; x_wconf 88' lang='lat' dir='ltr'><strong>sumus</strong></span> <span class='ocrx_word' id='word_1_455' title='bbox 2499 3005 2646 3076; x_wconf 88' lang='lat' dir='ltr'><strong>quod</strong></span> <span class='ocrx_word' id='word_1_456' title='bbox 2678 3020 2853 3075; x_wconf 86' lang='lat' dir='ltr'><strong>neque</strong></span> <span class='ocrx_word' id='word_1_457' title='bbox 2884 3018 3056 3068; x_wconf 84' lang='lat' dir='ltr'><strong>mors,</strong></span> <span class='ocrx_word' id='word_1_458' title='bbox 3114 3017 3287 3072; x_wconf 87' lang='lat' dir='ltr'><strong>neque</strong></span> <span class='ocrx_word' id='word_1_459' title='bbox 3337 3001 3472 3065; x_wconf 86' lang='lat' dir='ltr'><strong>vita,</strong></span> <span class='ocrx_word' id='word_1_460' title='bbox 3504 3013 3684 3068; x_wconf 84' lang='lat' dir='ltr'><strong>neque</strong></span> 
     </span>
    </p>
   </div>
   <div class='ocr_carea' id='block_1_64' title="bbox 2105 3093 3685 3170">
    <p class='ocr_par' dir='ltr' id='par_1_64' title="bbox 2105 3093 3685 3170">
     <span class='ocr_line' id='line_1_64' title="bbox 2105 3093 3685 3170; baseline -0.004 -20"><span class='ocrx_word' id='word_1_461' title='bbox 2105 3098 2304 3170; x_wconf 79' lang='lat' dir='ltr'><strong>angeli,</strong></span> <span class='ocrx_word' id='word_1_462' title='bbox 2347 3113 2523 3168; x_wconf 87' lang='lat' dir='ltr'><strong>neque</strong></span> <span class='ocrx_word' id='word_1_463' title='bbox 2569 3098 2932 3169; x_wconf 88' lang='lat' dir='ltr'><strong>principatus,</strong></span> <span class='ocrx_word' id='word_1_464' title='bbox 2961 3106 3138 3168; x_wconf 81' lang='lat' dir='ltr'><strong>neque</strong></span> <span class='ocrx_word' id='word_1_465' title='bbox 3185 3093 3470 3157; x_wconf 87' lang='lat' dir='ltr'><strong>instantia,</strong></span> <span class='ocrx_word' id='word_1_466' title='bbox 3507 3106 3685 3159; x_wconf 88' lang='lat' dir='ltr'><strong>nequo</strong></span> 
     </span>
    </p>
   </div>
   <div class='ocr_carea' id='block_1_65' title="bbox 2027 3186 3687 3260">
    <p class='ocr_par' dir='ltr' id='par_1_65' title="bbox 2027 3186 3687 3260">
     <span class='ocr_line' id='line_1_65' title="bbox 2027 3186 3687 3260; baseline -0.001 -17"><span class='ocrx_word' id='word_1_467' title='bbox 2027 3186 2070 3243; x_wconf 90' lang='lat' dir='ltr'><strong>C</strong></span> <span class='ocrx_word' id='word_1_468' title='bbox 2104 3190 2311 3254; x_wconf 81' lang='lat' dir='ltr'><strong>futura,</strong></span> <span class='ocrx_word' id='word_1_469' title='bbox 2346 3206 2521 3259; x_wconf 87' lang='lat' dir='ltr'><strong>neque</strong></span> <span class='ocrx_word' id='word_1_470' title='bbox 2555 3192 2806 3256; x_wconf 87' lang='lat' dir='ltr'><strong>virtutes,</strong></span> <span class='ocrx_word' id='word_1_471' title='bbox 2842 3204 3021 3260; x_wconf 92' lang='lat' dir='ltr'><strong>neque</strong></span> <span class='ocrx_word' id='word_1_472' title='bbox 3043 3187 3294 3251; x_wconf 86' lang='lat' dir='ltr'><strong>altitudo,</strong></span> <span class='ocrx_word' id='word_1_473' title='bbox 3332 3197 3511 3255; x_wconf 84' lang='lat' dir='ltr'><strong>neque</strong></span> <span class='ocrx_word' id='word_1_474' title='bbox 3562 3195 3687 3251; x_wconf 80' lang='lat' dir='ltr'><strong>pro-</strong></span> 
     </span>
    </p>
   </div>
   <div class='ocr_carea' id='block_1_66' title="bbox 421 3270 3679 3352">
    <p class='ocr_par' dir='ltr' id='par_1_66' title="bbox 421 3270 3679 3352">
     <span class='ocr_line' id='line_1_66' title="bbox 421 3270 3679 3352; baseline 0 -26"><span class='ocrx_word' id='word_1_475' title='bbox 421 3270 654 3332; x_wconf 81' lang='lat' dir='ltr'><strong>fundum</strong></span> <span class='ocrx_word' id='word_1_476' title='bbox 682 3318 698 3342; x_wconf 94' lang='lat'><strong>,</strong></span> <span class='ocrx_word' id='word_1_477' title='bbox 738 3293 917 3352; x_wconf 87' lang='lat' dir='ltr'><strong>neque</strong></span> <span class='ocrx_word' id='word_1_478' title='bbox 974 3278 1081 3333; x_wconf 87' lang='lat' dir='ltr'><strong>alia</strong></span> <span class='ocrx_word' id='word_1_479' title='bbox 1129 3278 1309 3349; x_wconf 90' lang='lat' dir='ltr'><strong>aliqua</strong></span> <span class='ocrx_word' id='word_1_480' title='bbox 1363 3287 1618 3336; x_wconf 87' lang='lat' dir='ltr'><strong>creatura</strong></span> <span class='ocrx_word' id='word_1_481' title='bbox 1672 3280 1875 3351; x_wconf 89' lang='lat' dir='ltr'><strong>poterit</strong></span> <span class='ocrx_word' id='word_1_482' title='bbox 1914 3295 2018 3336; x_wconf 87' lang='lat' dir='ltr'><strong>nos</strong></span> <span class='ocrx_word' id='word_1_483' title='bbox 2058 3296 2319 3351; x_wconf 86' lang='lat' dir='ltr'><strong>separare</strong></span> <span class='ocrx_word' id='word_1_484' title='bbox 2347 3295 2377 3335; x_wconf 86' lang='lat' dir='ltr'><strong>a</strong></span> <span class='ocrx_word' id='word_1_485' title='bbox 2406 3280 2679 3336; x_wconf 82' lang='lat' dir='ltr'><strong>charitate</strong></span> <span class='ocrx_word' id='word_1_486' title='bbox 2726 3278 2843 3347; x_wconf 87' lang='lat' dir='ltr'><strong>Dei,</strong></span> <span class='ocrx_word' id='word_1_487' title='bbox 2882 3295 3002 3350; x_wconf 65' lang='lat' dir='ltr'><strong>qua:</strong></span> <span class='ocrx_word' id='word_1_488' title='bbox 3032 3288 3118 3334; x_wconf 92' lang='lat' dir='ltr'><strong>est</strong></span> <span class='ocrx_word' id='word_1_489' title='bbox 3146 3278 3201 3333; x_wconf 90' lang='lat' dir='ltr'><strong>in</strong></span> <span class='ocrx_word' id='word_1_490' title='bbox 3253 3276 3475 3331; x_wconf 91' lang='lat' dir='ltr'><strong>Christo</strong></span> <span class='ocrx_word' id='word_1_491' title='bbox 3548 3272 3679 3329; x_wconf 80' lang='lat' dir='ltr'><strong>Jesu</strong></span> 
     </span>
    </p>
   </div>
   <div class='ocr_carea' id='block_1_67' title="bbox 422 3367 986 3440">
    <p class='ocr_par' dir='ltr' id='par_1_67' title="bbox 422 3367 986 3440">
     <span class='ocr_line' id='line_1_67' title="bbox 422 3367 986 3440; baseline 0.011 -18"><span class='ocrx_word' id='word_1_492' title='bbox 422 3367 656 3427; x_wconf 88' lang='lat' dir='ltr'><strong>Domino</strong></span> <span class='ocrx_word' id='word_1_493' title='bbox 685 3383 871 3428; x_wconf 87' lang='lat' dir='ltr'><strong>nostro</strong></span> <span class='ocrx_word' id='word_1_494' title='bbox 899 3371 986 3440; x_wconf 75' lang='lat'><strong>“;</strong></span> 
     </span>
    </p>
   </div>
   <div class='ocr_carea' id='block_1_68' title="bbox 1079 3367 3683 3443">
    <p class='ocr_par' dir='ltr' id='par_1_68' title="bbox 1079 3367 3683 3443">
     <span class='ocr_line' id='line_1_68' title="bbox 1079 3367 3683 3443; baseline -0.004 -16"><span class='ocrx_word' id='word_1_495' title='bbox 1079 3381 1306 3443; x_wconf 90' lang='lat' dir='ltr'><strong>propter</strong></span> <span class='ocrx_word' id='word_1_496' title='bbox 1334 3374 1683 3430; x_wconf 90' lang='lat' dir='ltr'><strong>eminentiam</strong></span> <span class='ocrx_word' id='word_1_497' title='bbox 1728 3375 2011 3439; x_wconf 65' lang='lat' dir='ltr'><strong>scientias,</strong></span> <span class='ocrx_word' id='word_1_498' title='bbox 2049 3382 2104 3429; x_wconf 86' lang='lat' dir='ltr'><strong>et</strong></span> <span class='ocrx_word' id='word_1_499' title='bbox 2159 3374 2501 3429; x_wconf 87' lang='lat' dir='ltr'><strong>abundantes</strong></span> <span class='ocrx_word' id='word_1_500' title='bbox 2562 3373 2784 3429; x_wconf 80' lang='lat' dir='ltr'><strong>divitias</strong></span> <span class='ocrx_word' id='word_1_501' title='bbox 2837 3370 3368 3429; x_wconf 67' lang='lat' dir='ltr'><strong>misericordissitua‘</strong></span> <span class='ocrx_word' id='word_1_502' title='bbox 3421 3367 3683 3421; x_wconf 80' lang='lat' dir='ltr'><strong>bonitatis</strong></span> 
     </span>
    </p>
   </div>
   <div class='ocr_carea' id='block_1_69' title="bbox 423 3462 3684 3542">
    <p class='ocr_par' dir='ltr' id='par_1_69' title="bbox 423 3462 3684 3542">
     <span class='ocr_line' id='line_1_69' title="bbox 423 3462 3684 3542; baseline -0.002 -21"><span class='ocrx_word' id='word_1_503' title='bbox 423 3482 559 3530; x_wconf 66' lang='lat' dir='ltr'><strong>suae,</strong></span> <span class='ocrx_word' id='word_1_504' title='bbox 591 3474 644 3521; x_wconf 92' lang='lat' dir='ltr'><strong>et</strong></span> <span class='ocrx_word' id='word_1_505' title='bbox 667 3468 798 3538; x_wconf 90' lang='lat' dir='ltr'><strong>quia</strong></span> <span class='ocrx_word' id='word_1_506' title='bbox 832 3487 852 3521; x_wconf 80' lang='grc' dir='ltr'><strong>ι</strong></span> <span class='ocrx_word' id='word_1_507' title='bbox 888 3466 1005 3523; x_wconf 84' lang='lat' dir='ltr'><strong>Non</strong></span> <span class='ocrx_word' id='word_1_508' title='bbox 1037 3477 1166 3524; x_wconf 89' lang='lat' dir='ltr'><strong>sunt</strong></span> <span class='ocrx_word' id='word_1_509' title='bbox 1203 3470 1488 3540; x_wconf 79' lang='lat' dir='ltr'><strong>condigna:</strong></span> <span class='ocrx_word' id='word_1_510' title='bbox 1530 3470 1694 3541; x_wconf 89' lang='lat' dir='ltr'><strong>hujus</strong></span> <span class='ocrx_word' id='word_1_511' title='bbox 1735 3468 2002 3540; x_wconf 78' lang='lat' dir='ltr'><strong>temporis</strong></span> <span class='ocrx_word' id='word_1_512' title='bbox 2040 3471 2364 3540; x_wconf 65' lang='lat' dir='ltr'><strong>passiones:</strong></span> <span class='ocrx_word' id='word_1_513' title='bbox 2389 3483 2452 3525; x_wconf 87' lang='lat' dir='ltr'><strong>ac</strong></span> <span class='ocrx_word' id='word_1_514' title='bbox 2479 3470 2827 3542; x_wconf 66' lang='lat' dir='ltr'><strong>praasentium</strong></span> <span class='ocrx_word' id='word_1_515' title='bbox 2844 3468 2990 3524; x_wconf 85' lang='lat' dir='ltr'><strong>ﬂuxa</strong></span> <span class='ocrx_word' id='word_1_516' title='bbox 3007 3466 3234 3525; x_wconf 84' lang='lat' dir='ltr'><strong>refectio</strong></span> <span class='ocrx_word' id='word_1_517' title='bbox 3285 3465 3372 3536; x_wconf 75' lang='lat' dir='ltr'><strong>[ex</strong></span> <span class='ocrx_word' id='word_1_518' title='bbox 3391 3479 3512 3518; x_wconf 85' lang='lat' dir='ltr'><strong>voc.</strong></span> <span class='ocrx_word' id='word_1_519' title='bbox 3546 3462 3684 3517; x_wconf 82' lang='grc' dir='ltr'><strong>ἀπό-</strong></span> 
     </span>
    </p>
   </div>
   <div class='ocr_carea' id='block_1_70' title="bbox 421 3558 2357 3634">
    <p class='ocr_par' dir='ltr' id='par_1_70' title="bbox 421 3558 2357 3634">
     <span class='ocr_line' id='line_1_70' title="bbox 421 3558 2357 3634; baseline -0.001 -20"><span class='ocrx_word' id='word_1_520' title='bbox 421 3558 635 3634; x_wconf 76' lang='grc' dir='ltr'><strong>λαυσις]</strong></span> <span class='ocrx_word' id='word_1_521' title='bbox 665 3579 684 3612; x_wconf 80' lang='grc' dir='ltr'><strong>ι</strong></span> <span class='ocrx_word' id='word_1_522' title='bbox 722 3560 792 3616; x_wconf 87' lang='lat' dir='ltr'><strong>ad</strong></span> <span class='ocrx_word' id='word_1_523' title='bbox 839 3558 1081 3617; x_wconf 81' lang='lat' dir='ltr'><strong>futuram</strong></span> <span class='ocrx_word' id='word_1_524' title='bbox 1139 3561 1369 3634; x_wconf 81' lang='lat' dir='ltr'><strong>gloriam</strong></span> <span class='ocrx_word' id='word_1_525' title='bbox 1419 3578 1541 3632; x_wconf 71' lang='lat' dir='ltr'><strong>qua:</strong></span> <span class='ocrx_word' id='word_1_526' title='bbox 1571 3559 1907 3618; x_wconf 84' lang='lat' dir='ltr'><strong>revelabitur</strong></span> <span class='ocrx_word' id='word_1_527' title='bbox 1937 3561 1992 3615; x_wconf 91' lang='lat' dir='ltr'><strong>in</strong></span> <span class='ocrx_word' id='word_1_528' title='bbox 2033 3562 2193 3617; x_wconf 87' lang='lat' dir='ltr'><strong>nobis</strong></span> <span class='ocrx_word' id='word_1_529' title='bbox 2229 3563 2296 3615; x_wconf 81' lang='lat'><strong>&quot;.</strong></span> <span class='ocrx_word' id='word_1_530' title='bbox 2339 3581 2357 3613; x_wconf 81' lang='grc' dir='ltr'><strong>ι</strong></span> 
     </span>
    </p>
   </div>
   <div class='ocr_carea' id='block_1_71' title="bbox 492 3648 2000 3725">
    <p class='ocr_par' dir='ltr' id='par_1_71' title="bbox 492 3648 2000 3725">
     <span class='ocr_line' id='line_1_71' title="bbox 492 3648 2000 3725; baseline -0.003 -16"><span class='ocrx_word' id='word_1_531' title='bbox 492 3654 599 3725; x_wconf 83' lang='grc' dir='ltr'><strong>κβ’.</strong></span> <span class='ocrx_word' id='word_1_532' title='bbox 634 3652 852 3724; x_wconf 81' lang='grc' dir='ltr'><strong>Ταύτην</strong></span> <span class='ocrx_word' id='word_1_533' title='bbox 898 3651 1199 3723; x_wconf 74' lang='grc' dir='ltr'><strong>ἐγνωκότες</strong></span> <span class='ocrx_word' id='word_1_534' title='bbox 1255 3653 1364 3707; x_wconf 90' lang='grc' dir='ltr'><strong>τῶν</strong></span> <span class='ocrx_word' id='word_1_535' title='bbox 1396 3652 1566 3721; x_wconf 82' lang='grc' dir='ltr'><strong>ἁγίων</strong></span> <span class='ocrx_word' id='word_1_536' title='bbox 1600 3652 1697 3723; x_wconf 80' lang='grc' dir='ltr'><strong>τὴν</strong></span> <span class='ocrx_word' id='word_1_537' title='bbox 1729 3648 1923 3722; x_wconf 82' lang='grc' dir='ltr'><strong>βουλὴν</strong></span> <span class='ocrx_word' id='word_1_538' title='bbox 1952 3653 2000 3705; x_wconf 81' lang='grc' dir='ltr'><strong>οἱ</strong></span> 
     </span>
    </p>
   </div>
   <div class='ocr_carea' id='block_1_72' title="bbox 419 3741 1999 3816">
    <p class='ocr_par' dir='ltr' id='par_1_72' title="bbox 419 3741 1999 3816">
     <span class='ocr_line' id='line_1_72' title="bbox 419 3741 1999 3816; baseline -0.004 -15"><span class='ocrx_word' id='word_1_539' title='bbox 419 3746 756 3811; x_wconf 76' lang='grc' dir='ltr'><strong>δικάζοντες,</strong></span> <span class='ocrx_word' id='word_1_540' title='bbox 787 3744 882 3800; x_wconf 76' lang='grc' dir='ltr'><strong>καὶ</strong></span> <span class='ocrx_word' id='word_1_541' title='bbox 909 3742 1003 3799; x_wconf 89' lang='grc' dir='ltr'><strong>τοῦ</strong></span> <span class='ocrx_word' id='word_1_542' title='bbox 1048 3742 1393 3816; x_wconf 80' lang='grc' dir='ltr'><strong>φρονήματος</strong></span> <span class='ocrx_word' id='word_1_543' title='bbox 1421 3741 1601 3796; x_wconf 82' lang='grc' dir='ltr'><strong>αὑτῶν</strong></span> <span class='ocrx_word' id='word_1_544' title='bbox 1641 3742 1999 3814; x_wconf 88' lang='grc' dir='ltr'><strong>ἀγασάμενοι,</strong></span> 
     </span>
    </p>
   </div>
   <div class='ocr_carea' id='block_1_73' title="bbox 422 3834 1999 3909">
    <p class='ocr_par' dir='ltr' id='par_1_73' title="bbox 422 3834 1999 3909">
     <span class='ocr_line' id='line_1_73' title="bbox 422 3834 1999 3909; baseline -0.003 -19"><span class='ocrx_word' id='word_1_545' title='bbox 422 3837 699 3909; x_wconf 80' lang='grc' dir='ltr'><strong>οἰηθέντες</strong></span> <span class='ocrx_word' id='word_1_546' title='bbox 732 3837 789 3892; x_wconf 83' lang='grc' dir='ltr'><strong>δὲ</strong></span> <span class='ocrx_word' id='word_1_547' title='bbox 810 3837 884 3901; x_wconf 86' lang='grc' dir='ltr'><strong>ὡς</strong></span> <span class='ocrx_word' id='word_1_548' title='bbox 909 3834 1092 3906; x_wconf 84' lang='grc' dir='ltr'><strong>λόγοις</strong></span> <span class='ocrx_word' id='word_1_549' title='bbox 1124 3837 1319 3899; x_wconf 78' lang='grc' dir='ltr'><strong>αὐτοὺς</strong></span> <span class='ocrx_word' id='word_1_550' title='bbox 1354 3834 1699 3908; x_wconf 84' lang='grc' dir='ltr'><strong>μεταπείθειν</strong></span> <span class='ocrx_word' id='word_1_551' title='bbox 1718 3834 1999 3899; x_wconf 88' lang='grc' dir='ltr'><strong>ἀδύνατον,</strong></span> 
     </span>
    </p>
   </div>
   <div class='ocr_carea' id='block_1_74' title="bbox 422 3925 2001 4003">
    <p class='ocr_par' dir='ltr' id='par_1_74' title="bbox 422 3925 2001 4003">
     <span class='ocr_line' id='line_1_74' title="bbox 422 3925 2001 4003; baseline -0.003 -20"><span class='ocrx_word' id='word_1_552' title='bbox 422 3933 472 3984; x_wconf 88' lang='grc' dir='ltr'><strong>εἰ</strong></span> <span class='ocrx_word' id='word_1_553' title='bbox 508 3929 587 3998; x_wconf 85' lang='grc' dir='ltr'><strong>μὴ</strong></span> <span class='ocrx_word' id='word_1_554' title='bbox 617 3929 711 3982; x_wconf 69' lang='grc' dir='ltr'><strong>καὶ</strong></span> <span class='ocrx_word' id='word_1_555' title='bbox 737 3927 941 3993; x_wconf 87' lang='grc' dir='ltr'><strong>δισσοῖς</strong></span> <span class='ocrx_word' id='word_1_556' title='bbox 995 3926 1310 3999; x_wconf 83' lang='grc' dir='ltr'><strong>πειραθεῖεν</strong></span> <span class='ocrx_word' id='word_1_557' title='bbox 1364 3925 1669 4003; x_wconf 83' lang='grc' dir='ltr'><strong>κολάσεσιν,</strong></span> <span class='ocrx_word' id='word_1_558' title='bbox 1723 3926 1781 3980; x_wconf 77' lang='grc' dir='ltr'><strong>ὲν</strong></span> <span class='ocrx_word' id='word_1_559' title='bbox 1822 3925 2001 3994; x_wconf 77' lang='grc' dir='ltr'><strong>λόγοις</strong></span> 
     </span>
    </p>
   </div>
   <div class='ocr_carea' id='block_1_75' title="bbox 420 4018 2002 4093">
    <p class='ocr_par' dir='ltr' id='par_1_75' title="bbox 420 4018 2002 4093">
     <span class='ocr_line' id='line_1_75' title="bbox 420 4018 2002 4093; baseline -0.004 -16"><span class='ocrx_word' id='word_1_560' title='bbox 420 4022 646 4093; x_wconf 83' lang='grc' dir='ltr'><strong>ἀρετὴν,</strong></span> <span class='ocrx_word' id='word_1_561' title='bbox 694 4020 810 4074; x_wconf 88' lang='grc' dir='ltr'><strong>ἀλλ’</strong></span> <span class='ocrx_word' id='word_1_562' title='bbox 848 4022 949 4074; x_wconf 89' lang='grc' dir='ltr'><strong>οὑκ</strong></span> <span class='ocrx_word' id='word_1_563' title='bbox 978 4022 1035 4073; x_wconf 87' lang='grc' dir='ltr'><strong>ὲν</strong></span> <span class='ocrx_word' id='word_1_564' title='bbox 1092 4021 1276 4092; x_wconf 74' lang='grc' dir='ltr'><strong>ἔργοις</strong></span> <span class='ocrx_word' id='word_1_565' title='bbox 1325 4018 1575 4091; x_wconf 84' lang='grc' dir='ltr'><strong>ἀνδρείαν</strong></span> <span class='ocrx_word' id='word_1_566' title='bbox 1598 4019 1745 4092; x_wconf 78' lang='grc' dir='ltr'><strong>ἔχειν</strong></span> <span class='ocrx_word' id='word_1_567' title='bbox 1805 4019 2002 4082; x_wconf 75' lang='grc' dir='ltr'><strong>αὑτοῦς</strong></span> 
     </span>
    </p>
   </div>
   <div class='ocr_carea' id='block_1_76' title="bbox 419 4110 1998 4185">
    <p class='ocr_par' dir='ltr' id='par_1_76' title="bbox 419 4110 1998 4185">
     <span class='ocr_line' id='line_1_76' title="bbox 419 4110 1998 4185; baseline -0.003 -18"><span class='ocrx_word' id='word_1_568' title='bbox 419 4114 790 4185; x_wconf 77' lang='grc' dir='ltr'><strong>λογισάμενοι,</strong></span> <span class='ocrx_word' id='word_1_569' title='bbox 853 4114 1141 4184; x_wconf 84' lang='grc' dir='ltr'><strong>ὠμοτέρας</strong></span> <span class='ocrx_word' id='word_1_570' title='bbox 1168 4110 1350 4175; x_wconf 84' lang='grc' dir='ltr'><strong>αὑτοῖς</strong></span> <span class='ocrx_word' id='word_1_571' title='bbox 1376 4111 1476 4177; x_wconf 89' lang='grc' dir='ltr'><strong>τάς</strong></span> <span class='ocrx_word' id='word_1_572' title='bbox 1512 4111 1777 4182; x_wconf 83' lang='grc' dir='ltr'><strong>βασάνους</strong></span> <span class='ocrx_word' id='word_1_573' title='bbox 1802 4127 1998 4181; x_wconf 58' lang='grc' dir='ltr'><strong>,προσ-</strong></span> 
     </span>
    </p>
   </div>
   <div class='ocr_carea' id='block_1_77' title="bbox 420 4202 1999 4283">
    <p class='ocr_par' dir='ltr' id='par_1_77' title="bbox 420 4202 1999 4283">
     <span class='ocr_line' id='line_1_77' title="bbox 420 4202 1999 4283; baseline -0.003 -21"><span class='ocrx_word' id='word_1_574' title='bbox 420 4208 635 4283; x_wconf 77' lang='grc' dir='ltr'><strong>έφερον,</strong></span> <span class='ocrx_word' id='word_1_575' title='bbox 681 4205 776 4261; x_wconf 85' lang='grc' dir='ltr'><strong>δύο</strong></span> <span class='ocrx_word' id='word_1_576' title='bbox 810 4205 982 4260; x_wconf 88' lang='grc' dir='ltr'><strong>ταῦτα</strong></span> <span class='ocrx_word' id='word_1_577' title='bbox 1034 4202 1579 4276; x_wconf 77' lang='grc' dir='ltr'><strong>πραγματευόμενοιο</strong></span> <span class='ocrx_word' id='word_1_578' title='bbox 1622 4205 1748 4267; x_wconf 86' lang='grc' dir='ltr'><strong>τούς</strong></span> <span class='ocrx_word' id='word_1_579' title='bbox 1789 4220 1849 4257; x_wconf 83' lang='grc' dir='ltr'><strong>τε</strong></span> <span class='ocrx_word' id='word_1_580' title='bbox 1890 4203 1999 4274; x_wconf 72' lang='grc' dir='ltr'><strong>γὰρ</strong></span> 
     </span>
    </p>
   </div>
   <div class='ocr_carea' id='block_1_78' title="bbox 2166 3649 3675 3720">
    <p class='ocr_par' dir='ltr' id='par_1_78' title="bbox 2166 3649 3675 3720">
     <span class='ocr_line' id='line_1_78' title="bbox 2166 3649 3675 3720; baseline -0.006 -14"><span class='ocrx_word' id='word_1_581' title='bbox 2166 3650 2258 3707; x_wconf 73' lang='grc'><strong>22.</strong></span> <span class='ocrx_word' id='word_1_582' title='bbox 2282 3650 2395 3706; x_wconf 82' lang='lat' dir='ltr'><strong>Hoc</strong></span> <span class='ocrx_word' id='word_1_583' title='bbox 2407 3651 2620 3720; x_wconf 87' lang='lat' dir='ltr'><strong>judices</strong></span> <span class='ocrx_word' id='word_1_584' title='bbox 2639 3659 2957 3707; x_wconf 86' lang='lat' dir='ltr'><strong>sanctorum</strong></span> <span class='ocrx_word' id='word_1_585' title='bbox 2978 3649 3269 3704; x_wconf 90' lang='lat' dir='ltr'><strong>consilium</strong></span> <span class='ocrx_word' id='word_1_586' title='bbox 3293 3653 3675 3716; x_wconf 86' lang='lat' dir='ltr'><strong>agnoscentes,</strong></span> 
     </span>
    </p>
   </div>
   <div class='ocr_carea' id='block_1_79' title="bbox 2103 3733 3676 3811">
    <p class='ocr_par' dir='ltr' id='par_1_79' title="bbox 2103 3733 3676 3811">
     <span class='ocr_line' id='line_1_79' title="bbox 2103 3733 3676 3811; baseline -0.006 -14"><span class='ocrx_word' id='word_1_587' title='bbox 2103 3750 2158 3797; x_wconf 91' lang='lat' dir='ltr'><strong>et</strong></span> <span class='ocrx_word' id='word_1_588' title='bbox 2184 3756 2279 3797; x_wconf 90' lang='lat' dir='ltr'><strong>eos</strong></span> <span class='ocrx_word' id='word_1_589' title='bbox 2308 3742 2614 3811; x_wconf 84' lang='lat' dir='ltr'><strong>prudentiae</strong></span> <span class='ocrx_word' id='word_1_590' title='bbox 2672 3741 3031 3806; x_wconf 87' lang='lat' dir='ltr'><strong>admirantes,</strong></span> <span class='ocrx_word' id='word_1_591' title='bbox 3055 3738 3499 3806; x_wconf 89' lang='lat' dir='ltr'><strong>arbitrantesque</strong></span> <span class='ocrx_word' id='word_1_592' title='bbox 3530 3733 3676 3805; x_wconf 87' lang='lat' dir='ltr'><strong>quod</strong></span> 
     </span>
    </p>
   </div>
   <div class='ocr_carea' id='block_1_80' title="bbox 2103 3816 3674 3898">
    <p class='ocr_par' dir='ltr' id='par_1_80' title="bbox 2103 3816 3674 3898">
     <span class='ocr_line' id='line_1_80' title="bbox 2103 3816 3674 3898; baseline -0.004 -13"><span class='ocrx_word' id='word_1_593' title='bbox 2103 3831 2292 3887; x_wconf 85' lang='lat' dir='ltr'><strong>verbis</strong></span> <span class='ocrx_word' id='word_1_594' title='bbox 2336 3846 2433 3887; x_wconf 88' lang='lat' dir='ltr'><strong>eos</strong></span> <span class='ocrx_word' id='word_1_595' title='bbox 2461 3830 2737 3887; x_wconf 81' lang='lat' dir='ltr'><strong>innectere</strong></span> <span class='ocrx_word' id='word_1_596' title='bbox 2760 3830 2899 3886; x_wconf 90' lang='lat' dir='ltr'><strong>foret</strong></span> <span class='ocrx_word' id='word_1_597' title='bbox 2930 3816 3151 3897; x_wconf 72' lang='lat' dir='ltr'><strong>penitus</strong></span> <span class='ocrx_word' id='word_1_598' title='bbox 3173 3826 3536 3898; x_wconf 87' lang='lat' dir='ltr'><strong>impossibile,</strong></span> <span class='ocrx_word' id='word_1_599' title='bbox 3566 3825 3674 3881; x_wconf 88' lang='lat' dir='ltr'><strong>nisi</strong></span> 
     </span>
    </p>
   </div>
   <div class='ocr_carea' id='block_1_81' title="bbox 2103 3912 3674 3989">
    <p class='ocr_par' dir='ltr' id='par_1_81' title="bbox 2103 3912 3674 3989">
     <span class='ocr_line' id='line_1_81' title="bbox 2103 3912 3674 3989; baseline -0.004 -13"><span class='ocrx_word' id='word_1_600' title='bbox 2103 3929 2159 3976; x_wconf 88' lang='lat' dir='ltr'><strong>et</strong></span> <span class='ocrx_word' id='word_1_601' title='bbox 2213 3921 2656 3976; x_wconf 81' lang='lat' dir='ltr'><strong>intolerabilibus</strong></span> <span class='ocrx_word' id='word_1_602' title='bbox 2690 3922 3060 3976; x_wconf 86' lang='lat' dir='ltr'><strong>tentavissent</strong></span> <span class='ocrx_word' id='word_1_603' title='bbox 3097 3918 3401 3989; x_wconf 86' lang='lat' dir='ltr'><strong>suppliciis,</strong></span> <span class='ocrx_word' id='word_1_604' title='bbox 3435 3912 3514 3972; x_wconf 61' lang='lat' dir='ltr'><strong>in&#39;</strong></span> <span class='ocrx_word' id='word_1_605' title='bbox 3553 3932 3674 3972; x_wconf 84' lang='lat' dir='ltr'><strong>ser-</strong></span> 
     </span>
    </p>
   </div>
   <div class='ocr_carea' id='block_1_82' title="bbox 2104 4008 3677 4080">
    <p class='ocr_par' dir='ltr' id='par_1_82' title="bbox 2104 4008 3677 4080">
     <span class='ocr_line' id='line_1_82' title="bbox 2104 4008 3677 4080; baseline -0.003 -15"><span class='ocrx_word' id='word_1_606' title='bbox 2104 4012 2359 4067; x_wconf 90' lang='lat' dir='ltr'><strong>monibus</strong></span> <span class='ocrx_word' id='word_1_607' title='bbox 2417 4011 2675 4067; x_wconf 86' lang='lat' dir='ltr'><strong>virtutem</strong></span> <span class='ocrx_word' id='word_1_608' title='bbox 2696 4027 2792 4068; x_wconf 90' lang='lat' dir='ltr'><strong>eos</strong></span> <span class='ocrx_word' id='word_1_609' title='bbox 2820 4020 2875 4067; x_wconf 89' lang='lat' dir='ltr'><strong>et</strong></span> <span class='ocrx_word' id='word_1_610' title='bbox 2917 4027 3027 4066; x_wconf 91' lang='lat' dir='ltr'><strong>non</strong></span> <span class='ocrx_word' id='word_1_611' title='bbox 3071 4011 3126 4065; x_wconf 94' lang='lat' dir='ltr'><strong>in</strong></span> <span class='ocrx_word' id='word_1_612' title='bbox 3168 4008 3426 4080; x_wconf 82' lang='lat' dir='ltr'><strong>operibus</strong></span> <span class='ocrx_word' id='word_1_613' title='bbox 3472 4008 3677 4064; x_wconf 78' lang='lat' dir='ltr'><strong>habere</strong></span> 
     </span>
    </p>
   </div>
   <div class='ocr_carea' id='block_1_83' title="bbox 2104 4100 3674 4166">
    <p class='ocr_par' dir='ltr' id='par_1_83' title="bbox 2104 4100 3674 4166">
     <span class='ocr_line' id='line_1_83' title="bbox 2104 4100 3674 4166; baseline -0.003 -11"><span class='ocrx_word' id='word_1_614' title='bbox 2104 4101 2480 4158; x_wconf 79' lang='lat' dir='ltr'><strong>fortitudinem</strong></span> <span class='ocrx_word' id='word_1_615' title='bbox 2531 4103 2888 4166; x_wconf 87' lang='lat' dir='ltr'><strong>arbitrantes,</strong></span> <span class='ocrx_word' id='word_1_616' title='bbox 2926 4102 3237 4158; x_wconf 87' lang='lat' dir='ltr'><strong>crudeliora</strong></span> <span class='ocrx_word' id='word_1_617' title='bbox 3266 4100 3374 4155; x_wconf 89' lang='lat' dir='ltr'><strong>illis</strong></span> <span class='ocrx_word' id='word_1_618' title='bbox 3402 4107 3674 4154; x_wconf 84' lang='lat' dir='ltr'><strong>tormenta</strong></span> 
     </span>
    </p>
   </div>
   <div class='ocr_carea' id='block_1_84' title="bbox 2103 4191 3678 4265">
    <p class='ocr_par' dir='ltr' id='par_1_84' title="bbox 2103 4191 3678 4265">
     <span class='ocr_line' id='line_1_84' title="bbox 2103 4191 3678 4265; baseline -0.003 -17"><span class='ocrx_word' id='word_1_619' title='bbox 2103 4193 2432 4262; x_wconf 87' lang='lat' dir='ltr'><strong>inferebant,</strong></span> <span class='ocrx_word' id='word_1_620' title='bbox 2463 4195 2575 4251; x_wconf 90' lang='lat' dir='ltr'><strong>duo</strong></span> <span class='ocrx_word' id='word_1_621' title='bbox 2610 4196 2725 4251; x_wconf 60' lang='lat' dir='ltr'><strong>haec</strong></span> <span class='ocrx_word' id='word_1_622' title='bbox 2774 4204 3111 4265; x_wconf 89' lang='lat' dir='ltr'><strong>operantes;</strong></span> <span class='ocrx_word' id='word_1_623' title='bbox 3157 4193 3396 4264; x_wconf 87' lang='lat' dir='ltr'><strong>denique</strong></span> <span class='ocrx_word' id='word_1_624' title='bbox 3448 4191 3563 4263; x_wconf 76' lang='grc'><strong>(10)</strong></span> <span class='ocrx_word' id='word_1_625' title='bbox 3597 4199 3678 4243; x_wconf 81' lang='grc' dir='ltr'><strong>ιιι-</strong></span> 
     </span>
    </p>
   </div>
   <div class='ocr_carea' id='block_1_85' title="bbox 420 4285 2000 4390">
    <p class='ocr_par' dir='ltr' id='par_1_85' title="bbox 420 4292 1994 4368">
     <span class='ocr_line' id='line_1_85' title="bbox 420 4292 1994 4368; baseline -0.005 -17"><span class='ocrx_word' id='word_1_626' title='bbox 420 4296 608 4365; x_wconf 89' lang='grc' dir='ltr'><strong>ἀγίους</strong></span> <span class='ocrx_word' id='word_1_627' title='bbox 638 4297 779 4351; x_wconf 77' lang='grc' dir='ltr'><strong>οὕτω</strong></span> <span class='ocrx_word' id='word_1_628' title='bbox 813 4296 950 4368; x_wconf 80' lang='grc' dir='ltr'><strong>πρὸς</strong></span> <span class='ocrx_word' id='word_1_629' title='bbox 984 4296 1045 4349; x_wconf 81' lang='grc' dir='ltr'><strong>τὺ</strong></span> <span class='ocrx_word' id='word_1_630' title='bbox 1070 4294 1260 4349; x_wconf 79' lang='grc' dir='ltr'><strong>δοκοῦν</strong></span> <span class='ocrx_word' id='word_1_631' title='bbox 1294 4296 1479 4360; x_wconf 78' lang='grc' dir='ltr'><strong>αὐτοῖς</strong></span> <span class='ocrx_word' id='word_1_632' title='bbox 1505 4294 1604 4365; x_wconf 76' lang='grc' dir='ltr'><strong>τὴν</strong></span> <span class='ocrx_word' id='word_1_633' title='bbox 1627 4294 1735 4350; x_wconf 87' lang='grc' dir='ltr'><strong>τῶν</strong></span> <span class='ocrx_word' id='word_1_634' title='bbox 1760 4292 1994 4347; x_wconf 73' lang='grc' dir='ltr'><strong>εἰδώλων</strong></span> 
     </span>
    </p>
   </div>
   <div class='ocr_carea' id='block_1_86' title="bbox 2105 4285 3675 4390">
    <p class='ocr_par' dir='ltr' id='par_1_86' title="bbox 2105 4285 3675 4361">
     <span class='ocr_line' id='line_1_86' title="bbox 2105 4285 3675 4361; baseline -0.003 -18"><span class='ocrx_word' id='word_1_635' title='bbox 2105 4289 2225 4344; x_wconf 90' lang='lat' dir='ltr'><strong>liter</strong></span> <span class='ocrx_word' id='word_1_636' title='bbox 2244 4297 2300 4345; x_wconf 91' lang='lat' dir='ltr'><strong>et</strong></span> <span class='ocrx_word' id='word_1_637' title='bbox 2328 4299 2572 4355; x_wconf 87' lang='lat' dir='ltr'><strong>sanctos,</strong></span> <span class='ocrx_word' id='word_1_638' title='bbox 2600 4292 2901 4347; x_wconf 84' lang='lat' dir='ltr'><strong>secundum</strong></span> <span class='ocrx_word' id='word_1_639' title='bbox 2926 4292 3074 4361; x_wconf 90' lang='lat' dir='ltr'><strong>quod</strong></span> <span class='ocrx_word' id='word_1_640' title='bbox 3096 4289 3201 4346; x_wconf 89' lang='lat' dir='ltr'><strong>sibi</strong></span> <span class='ocrx_word' id='word_1_641' title='bbox 3229 4288 3538 4349; x_wconf 83' lang='lat' dir='ltr'><strong>videbatur,</strong></span> <span class='ocrx_word' id='word_1_642' title='bbox 3577 4285 3675 4339; x_wconf 87' lang='lat' dir='ltr'><strong>ad-</strong></span> 
     </span>
    </p>
   </div>
   <div class='ocr_carea' id='block_1_87' title="bbox 421 4379 2000 4461">
    <p class='ocr_par' dir='ltr' id='par_1_87' title="bbox 421 4384 1993 4461">
     <span class='ocr_line' id='line_1_87' title="bbox 421 4384 1993 4461; baseline -0.004 -17"><span class='ocrx_word' id='word_1_643' title='bbox 421 4390 795 4461; x_wconf 80' lang='grc' dir='ltr'><strong>προσκύνησιν</strong></span> <span class='ocrx_word' id='word_1_644' title='bbox 819 4388 973 4457; x_wconf 86' lang='grc' dir='ltr'><strong>ἀγειν</strong></span> <span class='ocrx_word' id='word_1_645' title='bbox 995 4385 1265 4458; x_wconf 73' lang='grc' dir='ltr'><strong>ἐνόμιζον,</strong></span> <span class='ocrx_word' id='word_1_646' title='bbox 1298 4386 1367 4440; x_wconf 86' lang='grc' dir='ltr'><strong>τά</strong></span> <span class='ocrx_word' id='word_1_647' title='bbox 1402 4403 1461 4439; x_wconf 88' lang='grc' dir='ltr'><strong>τε</strong></span> <span class='ocrx_word' id='word_1_648' title='bbox 1496 4384 1861 4440; x_wconf 83' lang='grc' dir='ltr'><strong>συναθλοῦντα</strong></span> <span class='ocrx_word' id='word_1_649' title='bbox 1896 4390 1993 4437; x_wconf 74' lang='grc' dir='ltr'><strong>καὶ</strong></span> 
     </span>
    </p>
   </div>
   <div class='ocr_carea' id='block_1_88' title="bbox 2105 4379 3675 4461">
    <p class='ocr_par' dir='ltr' id='par_1_88' title="bbox 2105 4379 3675 4441">
     <span class='ocr_line' id='line_1_88' title="bbox 2105 4379 3675 4441; baseline -0.001 -9"><span class='ocrx_word' id='word_1_650' title='bbox 2105 4381 2298 4436; x_wconf 77' lang='lat' dir='ltr'><strong>rlucere</strong></span> <span class='ocrx_word' id='word_1_651' title='bbox 2326 4382 2395 4437; x_wconf 91' lang='lat' dir='ltr'><strong>ad</strong></span> <span class='ocrx_word' id='word_1_652' title='bbox 2449 4380 2677 4438; x_wconf 90' lang='lat' dir='ltr'><strong>deorum</strong></span> <span class='ocrx_word' id='word_1_653' title='bbox 2728 4381 3106 4437; x_wconf 85' lang='lat' dir='ltr'><strong>adorationem</strong></span> <span class='ocrx_word' id='word_1_654' title='bbox 3158 4379 3569 4441; x_wconf 83' lang='lat' dir='ltr'><strong>existimabant,</strong></span> <span class='ocrx_word' id='word_1_655' title='bbox 3619 4387 3675 4432; x_wconf 91' lang='lat' dir='ltr'><strong>et</strong></span> 
     </span>
    </p>
   </div>
   <div class='ocr_carea' id='block_1_89' title="bbox 419 4476 1991 4553">
    <p class='ocr_par' dir='ltr' id='par_1_89' title="bbox 419 4476 1991 4553">
     <span class='ocr_line' id='line_1_89' title="bbox 419 4476 1991 4553; baseline -0.004 -17"><span class='ocrx_word' id='word_1_656' title='bbox 419 4482 897 4553; x_wconf 79' lang='grc' dir='ltr'><strong>συναγωνιζόμενα</strong></span> <span class='ocrx_word' id='word_1_657' title='bbox 928 4480 1144 4547; x_wconf 89' lang='grc' dir='ltr'><strong>γύναια,</strong></span> <span class='ocrx_word' id='word_1_658' title='bbox 1165 4482 1276 4542; x_wconf 89' lang='grc' dir='ltr'><strong>τοῖς</strong></span> <span class='ocrx_word' id='word_1_659' title='bbox 1308 4478 1416 4533; x_wconf 90' lang='grc' dir='ltr'><strong>τῶν</strong></span> <span class='ocrx_word' id='word_1_660' title='bbox 1441 4477 1717 4549; x_wconf 89' lang='grc' dir='ltr'><strong>δρομαίων</strong></span> <span class='ocrx_word' id='word_1_661' title='bbox 1738 4476 1991 4546; x_wconf 81' lang='grc' dir='ltr'><strong>συνεφέλ-</strong></span> 
     </span>
    </p>
   </div>
   <div class='ocr_carea' id='block_1_90' title="bbox 418 4566 1988 4641">
    <p class='ocr_par' dir='ltr' id='par_1_90' title="bbox 418 4566 1988 4641">
     <span class='ocr_line' id='line_1_90' title="bbox 418 4566 1988 4641; baseline -0.003 -15"><span class='ocrx_word' id='word_1_662' title='bbox 418 4571 610 4626; x_wconf 88' lang='grc' dir='ltr'><strong>κεσθαι</strong></span> <span class='ocrx_word' id='word_1_663' title='bbox 642 4571 890 4641; x_wconf 83' lang='grc' dir='ltr'><strong>αῖμασιν.</strong></span> <span class='ocrx_word' id='word_1_664' title='bbox 921 4569 1060 4626; x_wconf 79' lang='grc' dir='ltr'><strong>Ἀλλ’</strong></span> <span class='ocrx_word' id='word_1_665' title='bbox 1089 4570 1189 4623; x_wconf 85' lang='grc' dir='ltr'><strong>οὑκ</strong></span> <span class='ocrx_word' id='word_1_666' title='bbox 1216 4567 1562 4639; x_wconf 80' lang='grc' dir='ltr'><strong>ὲπιτεύξηται</strong></span> <span class='ocrx_word' id='word_1_667' title='bbox 1599 4566 1772 4630; x_wconf 85' lang='grc' dir='ltr'><strong>δόλιος</strong></span> <span class='ocrx_word' id='word_1_668' title='bbox 1816 4566 1988 4637; x_wconf 81' lang='grc' dir='ltr'><strong>θήρας</strong></span> 
     </span>
    </p>
   </div>
   <div class='ocr_carea' id='block_1_91' title="bbox 418 4656 1988 4730">
    <p class='ocr_par' dir='ltr' id='par_1_91' title="bbox 418 4656 1988 4730">
     <span class='ocr_line' id='line_1_91' title="bbox 418 4656 1988 4730; baseline -0.006 -12"><span class='ocrx_word' id='word_1_669' title='bbox 418 4662 560 4718; x_wconf 83' lang='grc' dir='ltr'><strong>κατά</strong></span> <span class='ocrx_word' id='word_1_670' title='bbox 596 4662 657 4716; x_wconf 84' lang='grc' dir='ltr'><strong>τδ</strong></span> <span class='ocrx_word' id='word_1_671' title='bbox 705 4662 917 4729; x_wconf 80' lang='grc' dir='ltr'><strong>λόγιον·</strong></span> <span class='ocrx_word' id='word_1_672' title='bbox 962 4657 1198 4730; x_wconf 86' lang='grc' dir='ltr'><strong>Χριστοῦ</strong></span> <span class='ocrx_word' id='word_1_673' title='bbox 1226 4659 1335 4730; x_wconf 79' lang='grc' dir='ltr'><strong>γὰρ</strong></span> <span class='ocrx_word' id='word_1_674' title='bbox 1373 4656 1716 4730; x_wconf 81' lang='grc' dir='ltr'><strong>ἀμφοτέρους</strong></span> <span class='ocrx_word' id='word_1_675' title='bbox 1759 4656 1988 4727; x_wconf 85' lang='grc' dir='ltr'><strong>δύναμιν</strong></span> 
     </span>
    </p>
   </div>
   <div class='ocr_carea' id='block_1_92' title="bbox 415 4748 1989 4824">
    <p class='ocr_par' dir='ltr' id='par_1_92' title="bbox 415 4748 1989 4824">
     <span class='ocr_line' id='line_1_92' title="bbox 415 4748 1989 4824; baseline -0.004 -16"><span class='ocrx_word' id='word_1_676' title='bbox 415 4752 477 4820; x_wconf 76' lang='grc' dir='ltr'>ἐξ</span> <span class='ocrx_word' id='word_1_677' title='bbox 511 4753 676 4824; x_wconf 75' lang='grc' dir='ltr'><strong>’ύψους</strong></span> <span class='ocrx_word' id='word_1_678' title='bbox 711 4752 1008 4815; x_wconf 76' lang='grc' dir='ltr'><strong>ὲνδύοντος,</strong></span> <span class='ocrx_word' id='word_1_679' title='bbox 1037 4752 1106 4804; x_wconf 86' lang='grc' dir='ltr'><strong>τά</strong></span> <span class='ocrx_word' id='word_1_680' title='bbox 1152 4749 1372 4804; x_wconf 84' lang='grc' dir='ltr'><strong>ποικίλα</strong></span> <span class='ocrx_word' id='word_1_681' title='bbox 1392 4748 1501 4804; x_wconf 83' lang='grc' dir='ltr'><strong>τῶν</strong></span> <span class='ocrx_word' id='word_1_682' title='bbox 1531 4748 1802 4803; x_wconf 90' lang='grc' dir='ltr'><strong>δικαστῶν</strong></span> <span class='ocrx_word' id='word_1_683' title='bbox 1842 4748 1989 4820; x_wconf 77' lang='grc' dir='ltr'><strong>διερο</strong></span> 
     </span>
    </p>
   </div>
   <div class='ocr_carea' id='block_1_93' title="bbox 418 4838 1988 4917">
    <p class='ocr_par' dir='ltr' id='par_1_93' title="bbox 418 4838 1988 4917">
     <span class='ocr_line' id='line_1_93' title="bbox 418 4838 1988 4917; baseline -0.014 -15"><span class='ocrx_word' id='word_1_684' title='bbox 418 4847 686 4917; x_wconf 76' lang='grc' dir='ltr'><strong>ῥήγνυντο</strong></span> <span class='ocrx_word' id='word_1_685' title='bbox 705 4845 919 4908; x_wconf 82' lang='grc' dir='ltr'><strong>δίκτυα,</strong></span> <span class='ocrx_word' id='word_1_686' title='bbox 943 4845 1040 4898; x_wconf 67' lang='grc' dir='ltr'><strong>καὶ</strong></span> <span class='ocrx_word' id='word_1_687' title='bbox 1065 4842 1174 4896; x_wconf 86' lang='grc' dir='ltr'><strong>τῶν</strong></span> <span class='ocrx_word' id='word_1_688' title='bbox 1194 4841 1365 4909; x_wconf 84' lang='grc' dir='ltr'><strong>ἁγίων</strong></span> <span class='ocrx_word' id='word_1_689' title='bbox 1388 4840 1445 4893; x_wconf 84' lang='grc' dir='ltr'><strong>αῖ</strong></span> <span class='ocrx_word' id='word_1_690' title='bbox 1488 4839 1657 4911; x_wconf 72' lang='grc' dir='ltr'><strong>ψυχαὶ</strong></span> <span class='ocrx_word' id='word_1_691' title='bbox 1683 4839 1783 4910; x_wconf 79' lang='grc' dir='ltr'><strong>τῆς</strong></span> <span class='ocrx_word' id='word_1_692' title='bbox 1808 4838 1988 4909; x_wconf 82' lang='grc' dir='ltr'><strong>παγε-</strong></span> 
     </span>
    </p>
   </div>
   <div class='ocr_carea' id='block_1_94' title="bbox 415 4927 1990 5006">
    <p class='ocr_par' dir='ltr' id='par_1_94' title="bbox 415 4927 1990 5006">
     <span class='ocr_line' id='line_1_94' title="bbox 415 4927 1990 5006; baseline -0.006 -17"><span class='ocrx_word' id='word_1_693' title='bbox 415 4937 503 4999; x_wconf 88' lang='grc' dir='ltr'><strong>δος</strong></span> <span class='ocrx_word' id='word_1_694' title='bbox 531 4936 605 4999; x_wconf 87' lang='grc' dir='ltr'><strong>ὼς</strong></span> <span class='ocrx_word' id='word_1_695' title='bbox 630 4933 910 5006; x_wconf 78' lang='grc' dir='ltr'><strong>στρουθίον</strong></span> <span class='ocrx_word' id='word_1_696' title='bbox 966 4930 1333 5006; x_wconf 75' lang='grc' dir='ltr'><strong>ὲρρύσθησαν.</strong></span> <span class='ocrx_word' id='word_1_697' title='bbox 1382 4930 1592 5002; x_wconf 80' lang='grc' dir='ltr'><strong>’Ὠσπερ</strong></span> <span class='ocrx_word' id='word_1_698' title='bbox 1621 4928 1731 4997; x_wconf 82' lang='grc' dir='ltr'><strong>γὰρ</strong></span> <span class='ocrx_word' id='word_1_699' title='bbox 1788 4927 1858 4982; x_wconf 88' lang='grc' dir='ltr'><strong>τά</strong></span> <span class='ocrx_word' id='word_1_700' title='bbox 1894 4945 1990 4980; x_wconf 88' lang='grc' dir='ltr'><strong>πε-</strong></span> 
     </span>
    </p>
   </div>
   <div class='ocr_carea' id='block_1_95' title="bbox 414 5018 1985 5099">
    <p class='ocr_par' dir='ltr' id='par_1_95' title="bbox 414 5018 1985 5099">
     <span class='ocr_line' id='line_1_95' title="bbox 414 5018 1985 5099; baseline -0.006 -16"><span class='ocrx_word' id='word_1_701' title='bbox 414 5028 578 5097; x_wconf 79' lang='grc' dir='ltr'><strong>λάγια</strong></span> <span class='ocrx_word' id='word_1_702' title='bbox 594 5026 813 5099; x_wconf 86' lang='grc' dir='ltr'><strong>κύματα</strong></span> <span class='ocrx_word' id='word_1_703' title='bbox 846 5029 964 5091; x_wconf 91' lang='grc' dir='ltr'><strong>ταῖς</strong></span> <span class='ocrx_word' id='word_1_704' title='bbox 988 5024 1211 5096; x_wconf 83' lang='grc' dir='ltr'><strong>πέτραις</strong></span> <span class='ocrx_word' id='word_1_705' title='bbox 1249 5024 1662 5094; x_wconf 82' lang='grc' dir='ltr'><strong>προσρήσσοντα</strong></span> <span class='ocrx_word' id='word_1_706' title='bbox 1688 5018 1985 5087; x_wconf 81' lang='grc' dir='ltr'><strong>διαλύεται,</strong></span> 
     </span>
    </p>
   </div>
   <div class='ocr_carea' id='block_1_96' title="bbox 414 5113 1986 5188">
    <p class='ocr_par' dir='ltr' id='par_1_96' title="bbox 414 5113 1986 5188">
     <span class='ocr_line' id='line_1_96' title="bbox 414 5113 1986 5188; baseline -0.004 -15"><span class='ocrx_word' id='word_1_707' title='bbox 414 5120 510 5173; x_wconf 77' lang='grc' dir='ltr'><strong>καὶ</strong></span> <span class='ocrx_word' id='word_1_708' title='bbox 541 5120 722 5174; x_wconf 82' lang='grc' dir='ltr'><strong>πλεῖον</strong></span> <span class='ocrx_word' id='word_1_709' title='bbox 752 5119 906 5175; x_wconf 79' lang='grc' dir='ltr'><strong>οὐδὲν</strong></span> <span class='ocrx_word' id='word_1_710' title='bbox 932 5119 964 5187; x_wconf 80' lang='grc' dir='ltr'>ἢ</span> <span class='ocrx_word' id='word_1_711' title='bbox 997 5115 1196 5188; x_wconf 84' lang='grc' dir='ltr'><strong>κοῦφος</strong></span> <span class='ocrx_word' id='word_1_712' title='bbox 1231 5115 1403 5185; x_wconf 78' lang='grc' dir='ltr'><strong>ἁφρδς</strong></span> <span class='ocrx_word' id='word_1_713' title='bbox 1436 5113 1817 5168; x_wconf 81' lang='grc' dir='ltr'><strong>ἀποδείκνυται</strong></span> <span class='ocrx_word' id='word_1_714' title='bbox 1847 5130 1864 5146; x_wconf 80' lang='grc' dir='ltr'><strong><em>ο</em></strong></span> <span class='ocrx_word' id='word_1_715' title='bbox 1894 5113 1986 5166; x_wconf 86' lang='grc' dir='ltr'><strong>οῦ-</strong></span> 
     </span>
    </p>
   </div>
   <div class='ocr_carea' id='block_1_97' title="bbox 410 5204 1986 5285">
    <p class='ocr_par' dir='ltr' id='par_1_97' title="bbox 410 5204 1986 5285">
     <span class='ocr_line' id='line_1_97' title="bbox 410 5204 1986 5285; baseline -0.006 -18"><span class='ocrx_word' id='word_1_716' title='bbox 410 5229 521 5276; x_wconf 86' lang='grc' dir='ltr'><strong>τως</strong></span> <span class='ocrx_word' id='word_1_717' title='bbox 545 5213 712 5285; x_wconf 79' lang='grc' dir='ltr'><strong>Κύρῳ</strong></span> <span class='ocrx_word' id='word_1_718' title='bbox 733 5229 790 5264; x_wconf 84' lang='grc' dir='ltr'><strong>τε</strong></span> <span class='ocrx_word' id='word_1_719' title='bbox 817 5212 912 5265; x_wconf 73' lang='grc' dir='ltr'><strong>καὶ</strong></span> <span class='ocrx_word' id='word_1_720' title='bbox 941 5211 1160 5280; x_wconf 77' lang='grc' dir='ltr'><strong>Ἰωάννῃ</strong></span> <span class='ocrx_word' id='word_1_721' title='bbox 1192 5208 1398 5275; x_wconf 84' lang='grc' dir='ltr'><strong>ἀγρίως</strong></span> <span class='ocrx_word' id='word_1_722' title='bbox 1427 5224 1487 5258; x_wconf 90' lang='grc' dir='ltr'><strong>τε</strong></span> <span class='ocrx_word' id='word_1_723' title='bbox 1519 5206 1613 5259; x_wconf 71' lang='grc' dir='ltr'><strong>καὶ</strong></span> <span class='ocrx_word' id='word_1_724' title='bbox 1634 5204 1801 5276; x_wconf 86' lang='grc' dir='ltr'><strong>ὠμῶς</strong></span> <span class='ocrx_word' id='word_1_725' title='bbox 1818 5222 1986 5276; x_wconf 86' lang='grc' dir='ltr'><strong>προσ-</strong></span> 
     </span>
    </p>
   </div>
   <div class='ocr_carea' id='block_1_98' title="bbox 412 5297 1986 5370">
    <p class='ocr_par' dir='ltr' id='par_1_98' title="bbox 412 5297 1986 5370">
     <span class='ocr_line' id='line_1_98' title="bbox 412 5297 1986 5370; baseline -0.004 -13"><span class='ocrx_word' id='word_1_726' title='bbox 412 5306 696 5369; x_wconf 77' lang='grc' dir='ltr'><strong>ϐάλλοντες</strong></span> <span class='ocrx_word' id='word_1_727' title='bbox 740 5305 789 5359; x_wconf 79' lang='grc' dir='ltr'><strong>οἱ</strong></span> <span class='ocrx_word' id='word_1_728' title='bbox 825 5303 1139 5369; x_wconf 76' lang='grc' dir='ltr'><strong>κολάζοντες</strong></span> <span class='ocrx_word' id='word_1_729' title='bbox 1164 5342 1179 5367; x_wconf 93' lang='grc'><strong>,</strong></span> <span class='ocrx_word' id='word_1_730' title='bbox 1234 5302 1329 5355; x_wconf 72' lang='grc' dir='ltr'><strong>καὶ</strong></span> <span class='ocrx_word' id='word_1_731' title='bbox 1380 5301 1558 5364; x_wconf 84' lang='grc' dir='ltr'><strong>πάσας</strong></span> <span class='ocrx_word' id='word_1_732' title='bbox 1609 5297 1986 5370; x_wconf 85' lang='grc' dir='ltr'><strong>ὑπερϐολικῶς</strong></span> 
     </span>
    </p>
   </div>
   <div class='ocr_carea' id='block_1_99' title="bbox 409 5388 1987 5465">
    <p class='ocr_par' dir='ltr' id='par_1_99' title="bbox 409 5388 1987 5465">
     <span class='ocr_line' id='line_1_99' title="bbox 409 5388 1987 5465; baseline -0.008 -13"><span class='ocrx_word' id='word_1_733' title='bbox 409 5398 593 5461; x_wconf 67' lang='grc' dir='ltr'><strong>αὑτοῖς</strong></span> <span class='ocrx_word' id='word_1_734' title='bbox 623 5396 765 5449; x_wconf 78' lang='grc' dir='ltr'><strong>ἰδέαν</strong></span> <span class='ocrx_word' id='word_1_735' title='bbox 789 5395 1034 5465; x_wconf 80' lang='grc' dir='ltr'><strong>βασάνων</strong></span> <span class='ocrx_word' id='word_1_736' title='bbox 1064 5391 1485 5463; x_wconf 78' lang='grc' dir='ltr'><strong>προσφέροντες,</strong></span> <span class='ocrx_word' id='word_1_737' title='bbox 1510 5389 1585 5453; x_wconf 82' lang='grc' dir='ltr'><strong>ὡς</strong></span> <span class='ocrx_word' id='word_1_738' title='bbox 1617 5389 1677 5442; x_wconf 84' lang='grc' dir='ltr'><strong>οὑ</strong></span> <span class='ocrx_word' id='word_1_739' title='bbox 1712 5388 1987 5460; x_wconf 75' lang='grc' dir='ltr'><strong>προσϐάλο</strong></span> 
     </span>
    </p>
   </div>
   <div class='ocr_carea' id='block_1_100' title="bbox 480 5547 2023 5615">
    <p class='ocr_par' dir='ltr' id='par_1_100' title="bbox 480 5547 2023 5615">
     <span class='ocr_line' id='line_1_100' title="bbox 480 5547 2023 5615; baseline 0.001 -10"><span class='ocrx_word' id='word_1_740' title='bbox 480 5551 574 5605; x_wconf 79' lang='grc'><strong>³⁸1</strong></span> <span class='ocrx_word' id='word_1_741' title='bbox 607 5551 754 5605; x_wconf 80' lang='lat' dir='ltr'><strong>Pctr.</strong></span> <span class='ocrx_word' id='word_1_742' title='bbox 788 5568 847 5615; x_wconf 86' lang='grc' dir='ltr'><strong>ιι,</strong></span> <span class='ocrx_word' id='word_1_743' title='bbox 881 5554 934 5607; x_wconf 72' lang='grc' dir='ltr'><strong>ι).</strong></span> <span class='ocrx_word' id='word_1_744' title='bbox 1010 5554 1053 5585; x_wconf 81' lang='grc'><strong>¹¹</strong></span> <span class='ocrx_word' id='word_1_745' title='bbox 1084 5551 1239 5605; x_wconf 69' lang='lat' dir='ltr'><strong>Itoni.</strong></span> <span class='ocrx_word' id='word_1_746' title='bbox 1272 5566 1387 5611; x_wconf 80' lang='lat' dir='ltr'><strong>vni,</strong></span> <span class='ocrx_word' id='word_1_747' title='bbox 1585 5551 1631 5582; x_wconf 84' lang='grc'><strong>²¹</strong></span> <span class='ocrx_word' id='word_1_748' title='bbox 1652 5549 1673 5604; x_wconf 88' lang='lat' dir='ltr'><strong>l</strong></span> <span class='ocrx_word' id='word_1_749' title='bbox 1696 5547 1843 5605; x_wconf 80' lang='lat' dir='ltr'><strong>Petr.</strong></span> <span class='ocrx_word' id='word_1_750' title='bbox 1878 5563 1938 5614; x_wconf 85' lang='lat' dir='ltr'><strong>tt,</strong></span> <span class='ocrx_word' id='word_1_751' title='bbox 1968 5550 2023 5606; x_wconf 89' lang='lat'><strong>9.</strong></span> 
     </span>
    </p>
   </div>
   <div class='ocr_carea' id='block_1_101' title="bbox 2098 4470 3676 4545">
    <p class='ocr_par' dir='ltr' id='par_1_101' title="bbox 2098 4470 3676 4545">
     <span class='ocr_line' id='line_1_101' title="bbox 2098 4470 3676 4545; baseline -0.001 -20"><span class='ocrx_word' id='word_1_752' title='bbox 2098 4474 2355 4529; x_wconf 86' lang='lat' dir='ltr'><strong>mulieres</strong></span> <span class='ocrx_word' id='word_1_753' title='bbox 2379 4490 2502 4545; x_wconf 68' lang='lat' dir='ltr'><strong>quae</strong></span> <span class='ocrx_word' id='word_1_754' title='bbox 2519 4489 2645 4529; x_wconf 92' lang='lat' dir='ltr'><strong>cum</strong></span> <span class='ocrx_word' id='word_1_755' title='bbox 2694 4475 2807 4531; x_wconf 88' lang='lat' dir='ltr'><strong>illis</strong></span> <span class='ocrx_word' id='word_1_756' title='bbox 2855 4483 3203 4530; x_wconf 85' lang='lat' dir='ltr'><strong>certaverant</strong></span> <span class='ocrx_word' id='word_1_757' title='bbox 3237 4482 3292 4528; x_wconf 90' lang='lat' dir='ltr'><strong>et</strong></span> <span class='ocrx_word' id='word_1_758' title='bbox 3332 4486 3508 4542; x_wconf 66' lang='lat' dir='ltr'><strong>passa</strong></span> <span class='ocrx_word' id='word_1_759' title='bbox 3554 4470 3676 4525; x_wconf 86' lang='lat' dir='ltr'><strong>fue-</strong></span> 
     </span>
    </p>
   </div>
   <div class='ocr_carea' id='block_1_102' title="bbox 2092 4564 3672 4638">
    <p class='ocr_par' dir='ltr' id='par_1_102' title="bbox 2092 4564 3672 4638">
     <span class='ocr_line' id='line_1_102' title="bbox 2092 4564 3672 4638; baseline 0 -20"><span class='ocrx_word' id='word_1_760' title='bbox 2092 4573 2237 4630; x_wconf 90' lang='lat' dir='ltr'><strong>rant,</strong></span> <span class='ocrx_word' id='word_1_761' title='bbox 2297 4581 2393 4636; x_wconf 87' lang='lat' dir='ltr'><strong>per</strong></span> <span class='ocrx_word' id='word_1_762' title='bbox 2463 4567 2686 4623; x_wconf 90' lang='lat' dir='ltr'><strong>timores</strong></span> <span class='ocrx_word' id='word_1_763' title='bbox 2745 4582 2936 4623; x_wconf 88' lang='lat' dir='ltr'><strong>eorum</strong></span> <span class='ocrx_word' id='word_1_764' title='bbox 3008 4582 3129 4638; x_wconf 64' lang='lat' dir='ltr'><strong>quae</strong></span> <span class='ocrx_word' id='word_1_765' title='bbox 3209 4575 3360 4638; x_wconf 86' lang='lat' dir='ltr'><strong>gesta</strong></span> <span class='ocrx_word' id='word_1_766' title='bbox 3436 4564 3672 4627; x_wconf 85' lang='lat' dir='ltr'><strong>fuerant,</strong></span> 
     </span>
    </p>
   </div>
   <div class='ocr_carea' id='block_1_103' title="bbox 2093 4657 3675 4717">
    <p class='ocr_par' dir='ltr' id='par_1_103' title="bbox 2093 4657 3675 4717">
     <span class='ocr_line' id='line_1_103' title="bbox 2093 4657 3675 4717; baseline -0.003 -5"><span class='ocrx_word' id='word_1_767' title='bbox 2093 4657 2257 4712; x_wconf 86' lang='lat' dir='ltr'><strong>simul</strong></span> <span class='ocrx_word' id='word_1_768' title='bbox 2297 4658 2572 4714; x_wconf 87' lang='lat' dir='ltr'><strong>attrahere</strong></span> <span class='ocrx_word' id='word_1_769' title='bbox 2595 4658 3059 4717; x_wconf 84' lang='lat' dir='ltr'><strong>nitebantur.Sed</strong></span> <span class='ocrx_word' id='word_1_770' title='bbox 3090 4673 3197 4715; x_wconf 92' lang='lat' dir='ltr'><strong>non</strong></span> <span class='ocrx_word' id='word_1_771' title='bbox 3229 4664 3562 4713; x_wconf 82' lang='lat' dir='ltr'><strong>consecutus</strong></span> <span class='ocrx_word' id='word_1_772' title='bbox 3592 4664 3675 4711; x_wconf 89' lang='lat' dir='ltr'><strong>est</strong></span> 
     </span>
    </p>
   </div>
   <div class='ocr_carea' id='block_1_104' title="bbox 2095 4747 3667 4823">
    <p class='ocr_par' dir='ltr' id='par_1_104' title="bbox 2095 4747 3667 4823">
     <span class='ocr_line' id='line_1_104' title="bbox 2095 4747 3667 4823; baseline -0.003 -20"><span class='ocrx_word' id='word_1_773' title='bbox 2095 4750 2321 4807; x_wconf 88' lang='lat' dir='ltr'><strong>dolosus</strong></span> <span class='ocrx_word' id='word_1_774' title='bbox 2343 4760 2650 4823; x_wconf 88' lang='lat' dir='ltr'><strong>capturam,</strong></span> <span class='ocrx_word' id='word_1_775' title='bbox 2675 4753 2833 4823; x_wconf 80' lang='lat' dir='ltr'><strong>juxta</strong></span> <span class='ocrx_word' id='word_1_776' title='bbox 2864 4753 3008 4823; x_wconf 90' lang='lat' dir='ltr'><strong>quod</strong></span> <span class='ocrx_word' id='word_1_777' title='bbox 3042 4752 3309 4823; x_wconf 87' lang='lat' dir='ltr'><strong>scriptum</strong></span> <span class='ocrx_word' id='word_1_778' title='bbox 3336 4758 3421 4805; x_wconf 87' lang='lat' dir='ltr'><strong>est</strong></span> <span class='ocrx_word' id='word_1_779' title='bbox 3454 4768 3470 4816; x_wconf 90' lang='lat'><strong>;</strong></span> <span class='ocrx_word' id='word_1_780' title='bbox 3501 4747 3667 4803; x_wconf 85' lang='lat' dir='ltr'><strong>Chri-</strong></span> 
     </span>
    </p>
   </div>
   <div class='ocr_carea' id='block_1_105' title="bbox 2097 4838 3668 4915">
    <p class='ocr_par' dir='ltr' id='par_1_105' title="bbox 2097 4838 3668 4915">
     <span class='ocr_line' id='line_1_105' title="bbox 2097 4838 3668 4915; baseline -0.004 -19"><span class='ocrx_word' id='word_1_781' title='bbox 2097 4849 2184 4897; x_wconf 91' lang='lat' dir='ltr'><strong>sto</strong></span> <span class='ocrx_word' id='word_1_782' title='bbox 2217 4844 2363 4897; x_wconf 86' lang='lat' dir='ltr'><strong>enim</strong></span> <span class='ocrx_word' id='word_1_783' title='bbox 2396 4854 2661 4915; x_wconf 86' lang='lat' dir='ltr'><strong>utrosque</strong></span> <span class='ocrx_word' id='word_1_784' title='bbox 2691 4846 2895 4899; x_wconf 88' lang='lat' dir='ltr'><strong>virtute</strong></span> <span class='ocrx_word' id='word_1_785' title='bbox 2943 4860 3010 4899; x_wconf 78' lang='lat' dir='ltr'><strong>ex</strong></span> <span class='ocrx_word' id='word_1_786' title='bbox 3054 4843 3164 4898; x_wconf 87' lang='lat' dir='ltr'><strong>alto</strong></span> <span class='ocrx_word' id='word_1_787' title='bbox 3196 4841 3479 4906; x_wconf 88' lang='lat' dir='ltr'><strong>induente,</strong></span> <span class='ocrx_word' id='word_1_788' title='bbox 3516 4838 3668 4891; x_wconf 83' lang='lat' dir='ltr'><strong>varia</strong></span> 
     </span>
    </p>
   </div>
   <div class='ocr_carea' id='block_1_106' title="bbox 2091 4930 3668 5005">
    <p class='ocr_par' dir='ltr' id='par_1_106' title="bbox 2091 4930 3668 5005">
     <span class='ocr_line' id='line_1_106' title="bbox 2091 4930 3668 5005; baseline -0.005 -16"><span class='ocrx_word' id='word_1_789' title='bbox 2091 4935 2340 5005; x_wconf 84' lang='lat' dir='ltr'><strong>judicum</strong></span> <span class='ocrx_word' id='word_1_790' title='bbox 2389 4936 2526 4993; x_wconf 87' lang='lat' dir='ltr'><strong>retia</strong></span> <span class='ocrx_word' id='word_1_791' title='bbox 2562 4938 2737 4993; x_wconf 89' lang='lat' dir='ltr'><strong>scissa</strong></span> <span class='ocrx_word' id='word_1_792' title='bbox 2793 4944 2943 5003; x_wconf 88' lang='lat' dir='ltr'><strong>sunt,</strong></span> <span class='ocrx_word' id='word_1_793' title='bbox 2991 4945 3047 4993; x_wconf 90' lang='lat' dir='ltr'><strong>et</strong></span> <span class='ocrx_word' id='word_1_794' title='bbox 3098 4942 3413 4991; x_wconf 91' lang='lat' dir='ltr'><strong>sanctorum</strong></span> <span class='ocrx_word' id='word_1_795' title='bbox 3471 4930 3668 4984; x_wconf 82' lang='lat' dir='ltr'><strong>animae</strong></span> 
     </span>
    </p>
   </div>
   <div class='ocr_carea' id='block_1_107' title="bbox 2097 5022 3665 5098">
    <p class='ocr_par' dir='ltr' id='par_1_107' title="bbox 2097 5022 3665 5098">
     <span class='ocr_line' id='line_1_107' title="bbox 2097 5022 3665 5098; baseline -0.004 -19"><span class='ocrx_word' id='word_1_796' title='bbox 2097 5024 2375 5096; x_wconf 87' lang='lat' dir='ltr'><strong>delaqueo</strong></span> <span class='ocrx_word' id='word_1_797' title='bbox 2407 5028 2554 5082; x_wconf 89' lang='lat' dir='ltr'><strong>sicut</strong></span> <span class='ocrx_word' id='word_1_798' title='bbox 2580 5042 2775 5098; x_wconf 89' lang='lat' dir='ltr'><strong>passer</strong></span> <span class='ocrx_word' id='word_1_799' title='bbox 2788 5033 2995 5098; x_wconf 71' lang='lat' dir='ltr'><strong>erepta:</strong></span> <span class='ocrx_word' id='word_1_800' title='bbox 3021 5033 3152 5082; x_wconf 90' lang='lat' dir='ltr'><strong>sunt</strong></span> <span class='ocrx_word' id='word_1_801' title='bbox 3182 5042 3198 5093; x_wconf 90' lang='lat'><strong>;</strong></span> <span class='ocrx_word' id='word_1_802' title='bbox 3226 5025 3374 5080; x_wconf 91' lang='lat' dir='ltr'><strong>sicut</strong></span> <span class='ocrx_word' id='word_1_803' title='bbox 3405 5022 3665 5089; x_wconf 76' lang='lat' dir='ltr'><strong>enimpo-</strong></span> 
     </span>
    </p>
   </div>
   <div class='ocr_carea' id='block_1_108' title="bbox 2096 5111 3665 5185">
    <p class='ocr_par' dir='ltr' id='par_1_108' title="bbox 2096 5111 3665 5185">
     <span class='ocr_line' id='line_1_108' title="bbox 2096 5111 3665 5185; baseline -0.002 -18"><span class='ocrx_word' id='word_1_804' title='bbox 2096 5115 2202 5185; x_wconf 84' lang='lat' dir='ltr'><strong>lagi</strong></span> <span class='ocrx_word' id='word_1_805' title='bbox 2244 5114 2445 5172; x_wconf 83' lang='lat' dir='ltr'><strong>ﬂuctus</strong></span> <span class='ocrx_word' id='word_1_806' title='bbox 2480 5117 2628 5173; x_wconf 80' lang='lat' dir='ltr'><strong>saxis</strong></span> <span class='ocrx_word' id='word_1_807' title='bbox 2660 5118 2789 5174; x_wconf 90' lang='lat' dir='ltr'><strong>illisi</strong></span> <span class='ocrx_word' id='word_1_808' title='bbox 2821 5117 3138 5182; x_wconf 88' lang='lat' dir='ltr'><strong>volvuntur,</strong></span> <span class='ocrx_word' id='word_1_809' title='bbox 3163 5124 3213 5172; x_wconf 90' lang='lat' dir='ltr'><strong>et</strong></span> <span class='ocrx_word' id='word_1_810' title='bbox 3246 5115 3381 5169; x_wconf 88' lang='lat' dir='ltr'><strong>nihil</strong></span> <span class='ocrx_word' id='word_1_811' title='bbox 3429 5111 3665 5180; x_wconf 88' lang='lat' dir='ltr'><strong>amplius</strong></span> 
     </span>
    </p>
   </div>
   <div class='ocr_carea' id='block_1_109' title="bbox 2093 5201 3667 5279">
    <p class='ocr_par' dir='ltr' id='par_1_109' title="bbox 2093 5201 3667 5279">
     <span class='ocr_line' id='line_1_109' title="bbox 2093 5201 3667 5279; baseline -0.003 -19"><span class='ocrx_word' id='word_1_812' title='bbox 2093 5221 2258 5275; x_wconf 86' lang='lat' dir='ltr'><strong>quam</strong></span> <span class='ocrx_word' id='word_1_813' title='bbox 2294 5207 2445 5264; x_wconf 86' lang='lat' dir='ltr'><strong>leves</strong></span> <span class='ocrx_word' id='word_1_814' title='bbox 2482 5224 2691 5279; x_wconf 65' lang='lat' dir='ltr'><strong>spuma:</strong></span> <span class='ocrx_word' id='word_1_815' title='bbox 2737 5218 3137 5275; x_wconf 90' lang='lat' dir='ltr'><strong>monstrantur,</strong></span> <span class='ocrx_word' id='word_1_816' title='bbox 3165 5208 3240 5263; x_wconf 86' lang='lat' dir='ltr'><strong>ita</strong></span> <span class='ocrx_word' id='word_1_817' title='bbox 3278 5216 3333 5263; x_wconf 93' lang='lat' dir='ltr'><strong>et</strong></span> <span class='ocrx_word' id='word_1_818' title='bbox 3378 5201 3667 5261; x_wconf 79' lang='lat' dir='ltr'><strong>carnifices</strong></span> 
     </span>
    </p>
   </div>
   <div class='ocr_carea' id='block_1_110' title="bbox 2092 5298 3665 5370">
    <p class='ocr_par' dir='ltr' id='par_1_110' title="bbox 2092 5298 3665 5370">
     <span class='ocr_line' id='line_1_110' title="bbox 2092 5298 3665 5370; baseline 0.001 -18"><span class='ocrx_word' id='word_1_819' title='bbox 2092 5312 2217 5352; x_wconf 91' lang='lat' dir='ltr'><strong>cum</strong></span> <span class='ocrx_word' id='word_1_820' title='bbox 2234 5298 2377 5370; x_wconf 88' lang='lat' dir='ltr'><strong>Cyro</strong></span> <span class='ocrx_word' id='word_1_821' title='bbox 2407 5309 2462 5357; x_wconf 91' lang='lat' dir='ltr'><strong>et</strong></span> <span class='ocrx_word' id='word_1_822' title='bbox 2488 5300 2700 5358; x_wconf 79' lang='lat' dir='ltr'><strong>Joanne</strong></span> <span class='ocrx_word' id='word_1_823' title='bbox 2736 5302 2993 5359; x_wconf 89' lang='lat' dir='ltr'><strong>ferociter</strong></span> <span class='ocrx_word' id='word_1_824' title='bbox 3012 5310 3067 5359; x_wconf 90' lang='lat' dir='ltr'><strong>et</strong></span> <span class='ocrx_word' id='word_1_825' title='bbox 3094 5300 3393 5357; x_wconf 88' lang='lat' dir='ltr'><strong>crudeliter</strong></span> <span class='ocrx_word' id='word_1_826' title='bbox 3430 5310 3665 5367; x_wconf 73' lang='lat' dir='ltr'><strong>congre-</strong></span> 
     </span>
    </p>
   </div>
   <div class='ocr_carea' id='block_1_111' title="bbox 2092 5390 3666 5467">
    <p class='ocr_par' dir='ltr' id='par_1_111' title="bbox 2092 5390 3666 5467">
     <span class='ocr_line' id='line_1_111' title="bbox 2092 5390 3666 5467; baseline 0 -23"><span class='ocrx_word' id='word_1_827' title='bbox 2092 5390 2329 5457; x_wconf 86' lang='lat' dir='ltr'><strong>dientes,</strong></span> <span class='ocrx_word' id='word_1_828' title='bbox 2361 5402 2415 5447; x_wconf 89' lang='lat' dir='ltr'><strong>et</strong></span> <span class='ocrx_word' id='word_1_829' title='bbox 2441 5407 2659 5451; x_wconf 87' lang='lat' dir='ltr'><strong>omnem</strong></span> <span class='ocrx_word' id='word_1_830' title='bbox 2702 5395 3097 5467; x_wconf 88' lang='lat' dir='ltr'><strong>suppliciorum</strong></span> <span class='ocrx_word' id='word_1_831' title='bbox 3130 5396 3368 5466; x_wconf 88' lang='lat' dir='ltr'><strong>speciem</strong></span> <span class='ocrx_word' id='word_1_832' title='bbox 3419 5390 3528 5447; x_wconf 87' lang='lat' dir='ltr'><strong>illis</strong></span> <span class='ocrx_word' id='word_1_833' title='bbox 3584 5390 3666 5444; x_wconf 86' lang='lat' dir='ltr'><strong>ni-</strong></span> 
     </span>
    </p>
   </div>
   <div class='ocr_carea' id='block_1_112' title="bbox 2102 5551 3668 5630">
    <p class='ocr_par' dir='ltr' id='par_1_112' title="bbox 2102 5551 3668 5630">
     <span class='ocr_line' id='line_1_112' title="bbox 2102 5551 3668 5630; baseline 0.006 -26"><span class='ocrx_word' id='word_1_834' title='bbox 2102 5553 2147 5584; x_wconf 79' lang='lat'><strong>&quot;</strong></span> <span class='ocrx_word' id='word_1_835' title='bbox 2169 5551 2565 5622; x_wconf 87' lang='lat' dir='ltr'><strong>llCor.vm,9.</strong></span> <span class='ocrx_word' id='word_1_836' title='bbox 2643 5559 2691 5593; x_wconf 73' lang='lat'><em>“</em></span> <span class='ocrx_word' id='word_1_837' title='bbox 2728 5559 2884 5616; x_wconf 79' lang='lat' dir='ltr'><strong>Rom.</strong></span> <span class='ocrx_word' id='word_1_838' title='bbox 2912 5575 3029 5630; x_wconf 79' lang='lat' dir='ltr'><strong>vui,</strong></span> <span class='ocrx_word' id='word_1_839' title='bbox 3056 5558 3265 5617; x_wconf 77' lang='lat'><strong>35-39.</strong></span> <span class='ocrx_word' id='word_1_840' title='bbox 3330 5561 3375 5593; x_wconf 82' lang='lat'>&quot;</span> <span class='ocrx_word' id='word_1_841' title='bbox 3405 5557 3540 5615; x_wconf 86' lang='lat' dir='ltr'><strong>ibid.</strong></span> <span class='ocrx_word' id='word_1_842' title='bbox 3576 5558 3668 5618; x_wconf 69' lang='grc'><strong>18.</strong></span> 
     </span>
    </p>
   </div>
   <div class='ocr_carea' id='block_1_113' title="bbox 1910 5683 2134 5745">
    <p class='ocr_par' dir='ltr' id='par_1_113' title="bbox 1910 5683 2134 5745">
     <span class='ocr_line' id='line_1_113' title="bbox 1910 5683 2134 5745; baseline 0.018 -5"><span class='ocrx_word' id='word_1_843' title='bbox 1910 5683 2134 5745; x_wconf 65' lang='lat' dir='ltr'><strong>NOTAE.</strong></span> 
     </span>
    </p>
   </div>
   <div class='ocr_carea' id='block_1_114' title="bbox 483 5757 1006 5824">
    <p class='ocr_par' dir='ltr' id='par_1_114' title="bbox 483 5757 1006 5824">
     <span class='ocr_line' id='line_1_114' title="bbox 483 5757 1006 5824; baseline -0.008 -7"><span class='ocrx_word' id='word_1_844' title='bbox 483 5758 596 5824; x_wconf 68' lang='lat' dir='ltr'><strong>(te)</strong></span> <span class='ocrx_word' id='word_1_845' title='bbox 628 5757 719 5813; x_wconf 80' lang='lat' dir='ltr'><strong>Dic</strong></span> <span class='ocrx_word' id='word_1_846' title='bbox 753 5759 1006 5813; x_wconf 71' lang='lat' dir='ltr'><strong>videlicet.</strong></span> 
     </span>
    </p>
   </div>
  </div>
