4020 6204
310 276 449 340 3407

1232 289 1291 347 8.
1318 285 1734 347 SOI’IIRONII
1770 285 2275 349 PATRIARCHZE
2304 290 2710 355 HIEROSOL.

3430 288 3575 352 3408

304 396 475 444 ttttttttt
525 388 841 463 inferentes,
867 396 1023 466 quasi
1076 413 1351 467 nunquam
1381 416 1504 455 cum
1548 400 1629 455 eis
1665 399 1885 454 habuis-

2004 418 2168 465 LOVts;
2204 403 2397 472 ἔμενον
2434 405 2727 475 ἄπρακτοι,
2774 402 2879 457 ὑπὸ
2920 402 3022 468 τῆς
3073 401 3251 455 αὐτῶν
3283 403 3575 473 στερρότη-

309 492 431 536 sent
460 485 800 549 conﬂictum,
833 489 1127 543 manebant
1159 490 1492 557 ineliicaces,
1524 506 1554 544 a
1584 492 1885 546 stabilitate

307 577 577 644 ipsorum,
608 593 730 647 quae
768 588 885 633 erat
922 583 973 633 in
1007 582 1258 648 Christo,
1301 586 1504 651 repulsi
1541 600 1556 649 ;
1597 585 1681 639 vel
1726 584 1883 654 quasi

214 660 223 683 '
309 685 438 721 cum
463 670 711 725 turribus
744 687 869 739 qua:
905 672 1179 729 devastari
1217 685 1495 745 nequeunt
1542 677 1728 731 hostes
1770 691 1887 729 ma-

306 761 499 814 chinas
550 759 1019 824 inl‘erunt.semet
1072 766 1333 822 edomant
1385 784 1450 821 ac
1500 767 1810 829 devastant,
1834 776 1887 821 et

305 861 533 905 conatus
561 854 644 905 sui
676 853 890 907 lucrum
916 856 1128 912 nullum
1160 859 1428 914 habentes
1458 859 1680 913 rcveriti
1707 875 1888 913 rever-

305 948 541 1006 tuntur;
573 940 653 996 sic
685 951 739 997 et
766 945 1057 1001 carnifices
1104 951 1331 1004 verbera
1372 954 1731 1021 apponetms.
1764 964 1888 1004 ενεθ

305 1030 491 1087 labore
517 1030 839 1105 fatigabant,
860 1046 914 1092 et
947 1053 1043 1095 eos
1070 1039 1162 1111 qui
1180 1051 1527 1111 acceperant,
1548 1042 1889 1095 rohnsriores

304 1123 628 1191 ciliciebant,
652 1137 704 1180 et
726 1142 917 1183 eorum
940 1147 1061 1201 qua!
1079 1132 1461 1187 desiderabant
1482 1133 1890 1187 frustrabantur

306 1215 819 1275 intentione.IJmle
860 1232 917 1277 et
952 1224 1057 1278 illa:
1115 1223 1421 1279 Salvatoris
1477 1239 1693 1294 sponsa:
1732 1226 1889 1278 insu-

305 1308 534 1374 perabili
567 1311 773 1367 induta:
796 1318 1128 1383 constantia,
1163 1326 1217 1370 et
1237 1317 1516 1371 adversus
1541 1330 1757 1370 omnem
1783 1315 1888 1369 im-

305 1407 490 1467 petum
551 1402 757 1460 inimici
805 1418 1052 1474 armatm,
1106 1408 1434 1478 fortiterque
1467 1410 1521 1464 in
1579 1407 1889 1475 spectaculo

306 1491 579 1547 tidcicum
626 1497 1602 1565 hostibuscolluctatar,inﬂexibiles
1658 1509 1712 1554 et
1753 1514 1890 1569 pene

307 1582 691 1640 intractabiles
767 1604 959 1658 poenas
1015 1589 1384 1646 inferentibus
1455 1590 1888 1661 permanebant;

306 1689 415 1727 non
450 1683 663 1730 tantum
696 1679 765 1734 de
791 1679 1019 1752 ﬂagellis
1055 1684 1187 1754 ipsa:
1217 1684 1487 1745 sollicitae,
1534 1691 1798 1753 quantum
1835 1681 1887 1735 hi

305 1764 398 1830 qui
461 1763 809 1833 ﬂagellabant
863 1773 1240 1842 patiebantur,
1308 1774 1591 1829 laboribus
1656 1774 1887 1845 fatigati.

308 1854 446 1926 Spes
478 1859 619 1913 enim
662 1863 993 1927 cmlestium,
1028 1874 1086 1920 et
1137 1881 1351 1928 eorum,
1387 1868 1484 1936 qui
1527 1875 1688 1920 antea
1744 1866 1891 1935 passi

308 1951 545 2010 t‘uerant,
564 1948 859 2006 immobilis
873 1960 928 2006 et
958 1952 1117 2009 fortis
1148 1955 1427 2020 instantia,
1445 1956 1782 2010 robustiores
1797 1969 1892 2009 eas

307 2038 653 2092 rnnnstrahat
678 2041 809 2107 (imo
833 2041 1183 2111 etplagarum
1220 2042 1439 2097 dolores
1466 2041 1888 2113 exstinguebat).

376 2127 469 2181 25.
502 2126 715 2183 Diutius
759 2137 940 2184 autem
977 2147 1104 2186 cum
1141 2133 1409 2187 adversus
1453 2140 1728 2203 martyres
1756 2144 1893 2184 con-

309 2219 641 2285 tendissent,
666 2221 927 2287 superati
962 2230 1115 2285 sunt,
1142 2230 1197 2277 et
1235 2237 1267 2276 a
1311 2222 1602 2278 tormentis
1643 2233 1895 2278 cessare-

311 2320 459 2376 runt,
478 2319 531 2363 et
562 2309 772 2381 ﬂagella
796 2312 1148 2379 dimiserunt,
1173 2323 1230 2368 ct
1259 2313 1503 2383 strigiles
1518 2310 1890 2383 projecerunt,

311 2410 478 2470 atque
500 2400 792 2455 victricum
823 2402 906 2456 eis
937 2400 1067 2456 facti
1098 2415 1227 2458 sunt
1254 2416 1586 2458 coronarum
1613 2412 1890 2464 auctores,

312 2502 543 2549 mortem
578 2494 687 2550 illis
714 2509 810 2565 per
854 2494 1095 2565 gladium
1145 2494 1467 2560 inferentes,
1504 2510 1628 2550 cum
1676 2499 1893 2549 sextum

310 2588 455 2641 diem
488 2586 719 2641 haberet
752 2587 986 2641 'mensis
1046 2588 1137 2656 qui
1187 2587 1331 2658 apud
1360 2585 1647 2657 [Egyptios
1680 2599 1894 2640 nuncu-

310 2687 477 2747 patur
518 2678 757 2743 Mechir,
807 2687 862 2732 et
896 2679 1140 2749 primum
1193 2694 1259 2734 ac
1314 2679 1653 2734 tricesimum
1714 2678 1762 2732 is
1800 2677 1895 2747 qui

312 2768 460 2840 apud
522 2766 804 2825 Romanos
844 2767 1156 2825 Januarius
1201 2770 1507 2841 appellatur
1538 2786 1552 2823 :
1584 2766 1805 2839 quando
1841 2774 1897 2821 et

314 2863 479 2917 auiici
544 2862 748 2917 Christi
818 2872 1091 2934 martyres
1146 2877 1296 2925 cum,
1327 2870 1556 2934 propter
1615 2860 1895 2917 Christum

315 2955 793 3024 martyrizassent,
845 2953 1385 3009 animadversionem
1431 2953 1672 3023 capitum
1702 2957 1893 3022 pertu-

312 3047 515 3101 lerunt.
546 3047 751 3101 Taliter
784 3057 1007 3103 sanctos
1036 3055 1306 3118 martyres
1336 3060 1550 3117 passos,
1583 3054 1639 3101 et
1668 3045 1864 3099 trium-

1987 509 2076 556 τος
2097 493 2391 566 ένΧριστῷ
2423 496 2821 567 ἀντωθούμενοι
2840 511 2854 526 ·
2882 495 2915 565 ἢ
2949 493 3137 564 ὥσπερ
3158 491 3385 564 πύργοις
3414 494 3578 563 ἀπορ-

1989 584 2174 655 θήτοις
2196 590 2565 656 προσάγοντες
2587 589 2684 651 τὰς
2712 587 2957 657 μηχανάς
2989 587 3039 639 οί
3077 585 3325 655 πολέμιοι
3349 584 3577 648 ἑαυτοὺς

1989 675 2292 748 δαμάζουσι
2322 680 2421 732 καὶ
2465 679 2838 749 λυμαίνονται,
2875 678 3065 750 κέρδος
3088 677 3243 731 οὐδὲν
3268 678 3367 747 τῆς
3397 679 3577 746 ἐγχει-

1993 770 2201 838 ρήσεως
2243 769 2457 839 ἔχοντες
2499 770 2930 841 ὑποστρέφουσιν
2976 784 2989 798 ·
3019 767 3192 831 οὕτως
3243 766 3577 828 ἐπιτιθέντες

1989 858 2100 917 τοῖς
2126 855 2394 925 μάρτυσιν
2420 856 2519 920 τ’ἀς
2558 856 2744 919 αίκίας
2789 859 2838 909 οἱ
2867 856 3075 927 δήμιοι,
3106 857 3333 918 ἑαυτοὺς
3364 854 3442 925 τῷ
3473 872 3575 908 καο

1993 948 2151 1017 μάτῳ
2177 948 2532 1014 κατέκοπτον,
2569 951 2663 1002 καὶ
2703 947 3171 1019 ρωμαλαιοτέρους
3198 948 3323 1011 τοὺς
3354 946 3578 1018 δεχομέο

1990 1055 2113 1101 νους
2143 1037 2478 1109 είργάζοντο,
2511 1040 2605 1092 καὶ
2634 1042 2733 1110 τῆς
2762 1040 2870 1092 τῶν
2898 1039 3249 1108 ποθουμένων
3300 1038 3578 1108 εὑρήσεως

1992 1129 2396 1199 ἀπετύγχανον.
2422 1131 2583 1185 Ὅθεν
2608 1133 2703 1186 καὶ
2733 1130 2829 1184 τοῦ
2862 1130 3113 1203 Σωτῆρος
3138 1133 3195 1183 αἱ
3216 1128 3424 1200 νύμφαι
3445 1128 3577 1195 θάρ-

1993 1237 2085 1284 σος
2141 1221 2410 1291 ἀήττητον
2470 1222 2848 1292 ἐνδυσάμεναι,
2911 1221 3005 1275 καὶ
3058 1221 3195 1290 πρὸς
3243 1221 3425 1283 πάσας
3478 1218 3575 1272 τοῦ

1994 1310 2190 1382 ἐχθροῦ
2223 1314 2324 1369 τὰς
2352 1312 2529 1384 ὁρμάς
2553 1312 2938 1382 ὁπλισάμεναι,
2970 1312 3066 1365 καὶ
3105 1311 3370 1379 γενναίως
3403 1311 3462 1363 ἐν
3497 1310 3576 1380 τῷ

1992 1403 2206 1475 θεάτρῳ
2249 1404 2351 1473 τῆς
2406 1405 2642 1467 πίστεως
2701 1406 2817 1467 τοῖς
2857 1402 3171 1466 ἀντιπάλοις
3215 1400 3575 1464 παλαίσασαι,

1992 1494 2231 1558 ἀκλινεῖς
2280 1495 2374 1547 καὶ
2405 1494 2696 1565 ἀχείρωτοι
2742 1496 2853 1558 τοῖς
2905 1493 3226 1559 κολάζουσιν
3267 1492 3481 1561 έμενον,
3512 1493 3576 1547 αὖ

1991 1584 2245 1637 τοσοῦτον
2293 1585 2401 1638 τῶν
2454 1584 2736 1655 μαστίγων
2773 1586 3179 1655 φροντίζουσαι,
3231 1584 3353 1638 ὅσον
3376 1584 3425 1637 οί
3475 1600 3579 1654 μα-

1996 1677 2269 1742 στίζοντες
2311 1677 2576 1748 ἔπασχον·
2620 1679 2655 1748 ή
2688 1678 2798 1749 γάρ
2821 1676 2931 1729 τῶν
2979 1676 3249 1748 οὐρανίων
3274 1675 3447 1739 ἐλπὶς,
3484 1676 3579 1729 καὶ

1995 1769 2104 1822 τῶν
2131 1769 2560 1841 προπασχόντων
2578 1772 2813 1839 κραταιά
2831 1769 2925 1822 καὶ
2939 1768 3279 1840 ἀκράδαντος
3306 1768 3575 1833 ἔνστασις,

1994 1860 2377 1931 ἀνδρειοτέρας
2404 1859 2575 1923 αὐτὰς
2620 1860 3007 1914 ἀπεδείκνυεν·
3052 1860 3147 1915 καὶ
3196 1862 3252 1914 αί
3284 1859 3578 1931 ἀλγηδόνες

1996 1956 2185 2021 αὐταῖς
2224 1953 2333 2009 τῶν
2367 1953 2593 2029 πληγῶν
2624 1954 3013 2026 ὑπετέμνοντο.

2068 2143 2176 2206 κγ’.
2220 2136 2345 2189 Ἐπὶ
2377 2136 2512 2191 πολὺ
2545 2135 2601 2189 δὲ
2626 2137 2737 2198 τοῖς
2768 2135 3003 2207 μάρτυσι
3034 2134 3508 2206 φιλονεικήσαντες
3529 2132 3579 2185 oi

1994 2229 2330 2293 δικάζοντες,
2360 2226 2514 2291 τέλος
2532 2227 2846 2299 ἡττήθησαν
2873 2228 2966 2279 καὶ
2991 2227 3100 2280 τῶν
3146 2225 3395 2298 βασάνων
3411 2226 3582 2280 ἐπαύο

1999 2339 2181 2388 σαντο,
2215 2321 2311 2375 καὶ
2342 2320 2441 2385 τάς
2471 2319 2745 2392 μάστιγας
2769 2321 2978 2385 εἴασαν,
3024 2321 3119 2374 καὶ
3144 2321 3271 2384 τοὺς
3310 2318 3583 2391 ξυστῆρας

1997 2409 2336 2484 ἀπέρριψαν,
2364 2409 2458 2463 καὶ
2496 2407 2794 2479 νικητικῶν
2834 2408 3017 2471 αὐτοῖς
3043 2408 3323 2477 στεφάνων
3354 2409 3584 2477 γεγόνα-

1999 2519 2084 2556 σιν
2109 2500 2297 2566 αῐτιοι,
2328 2500 2421 2554 τδν
2456 2498 2545 2552 διὰ
2571 2497 2665 2552 τοῦ
2725 2497 2912 2566 ξίφους
2953 2499 3139 2561 αὐτοῖς
3189 2499 3582 2566 ἐπενέγκαντες

2000 2593 2249 2647 θάνατον.
2321 2578 2565 2661 Ἥμέραν
2616 2585 2763 2660 εἶχεν
2806 2588 2973 2661 ἕκτην
3038 2590 3215 2660 ὀπαρ⁹
3262 2589 3582 2659 Αἰγυπτίοις

1998 2686 2203 2757 Μεχὶρ,
2233 2682 2365 2754 μίαν
2391 2682 2448 2736 δὲ
2479 2681 2572 2735 καὶ
2592 2682 2886 2753 τριάκοντα
2906 2684 2934 2736 ὁ
2957 2681 3109 2753 παρὰ
3141 2681 3434 2751 Ῥωμαίοις
3472 2681 3582 2737 Ἰα-

1996 2776 2270 2848 νουάριος,
2323 2774 2413 2827 ὅτε
2435 2772 2713 2844 μάρτυρες
2754 2773 2803 2826 οί
2853 2772 3188 2845 φιλόχριστοι
3231 2772 3319 2826 διά
3347 2773 3583 2843 Χριστὸν

2002 2873 2454 2942 μαρτυρήσαντες
2500 2865 2744 2937 κεφαλάς
2804 2864 3223 2937 ἀπετμήθησαν.
3250 2863 3409 2919 Οὕτω
3454 2866 3584 2928 τοὺς

1999 2961 2191 3031 ἀγίους
2239 2959 2585 3030 ἀθλήσαντας
2642 2956 2924 3029 μάρτυρας
2961 2956 3056 3009 καὶ
3108 2957 3235 3019 τοὺς
3273 2955 3586 3024 νικητικοῦς

2005 3054 2306 3125 στεφάνους
2329 3050 2706 3123 ἁρπάσαντας,
2735 3049 2830 3103 καὶ
2856 3047 2926 3103 τὰ
2964 3046 3192 3119 βραϐεῖα
3224 3046 3322 3117 τῆς
3355 3046 3469 3099 ἂνω
3493 3047 3589 3098 καὶ

313 3140 501 3211 phalia
525 3140 831 3210 diademata
860 3149 1208 3206 consecutos,
1256 3149 1310 3195 et
1330 3138 1517 3194 bravia
1549 3152 1801 3209 superna:
1830 3150 1898 3190 ac

2006 3146 2159 3210 Θείας
2190 3145 2496 3206 ἀνύσαντας
2525 3143 2791 3215 κλήσεως,
2821 3142 2851 3194 ὁ
2883 3144 3074 3202 πιστὸς
3125 3139 3254 3203 λαὸς
3276 3138 3589 3208 ἀνελόμενοι

313 3230 516 3286 ιιίιίηω
544 3230 847 3285 vocationis
870 3231 1119 3301 adeptos,
1144 3230 1330 3286 tideles
1352 3229 1541 3302 populi
1587 3228 1895 3293 cﬂ‘erentes,

318 3323 596 3377 canticum
644 3322 981 3393 triumphale
1011 3323 1281 3391 canendo,
1308 3324 1375 3377 ad
1408 3322 1580 3377 Marci
1606 3321 1895 3377 basilicam

319 3415 659 3480 detulerunt,
683 3414 779 3485 qui
824 3414 905 3469 eis
948 3423 1002 3469 et
1037 3415 1196 3470 tidem
1234 3414 1527 3478 radicavit,
1559 3422 1614 3468 et
1628 3428 1730 3485 per
1756 3412 1900 3467 hanc

321 3506 687 3562 certaminum
724 3505 940 3576 aperuit
984 3504 1250 3574 stadium,
1284 3521 1347 3560 ac
1397 3515 1780 3576 perceptarum
1818 3502 1902 3559 eis

318 3597 862 3654 immarcescibilium
899 3611 1231 3653 coronarum
1259 3596 1544 3654 exordium
1567 3596 1746 3653 factus
1769 3603 1855 3652 est
1883 3609 1898 3648 :

321 3696 461 3750 bene
487 3693 791 3765 discipulos
826 3693 1093 3763 magistro
1118 3693 1465 3765 capulantes,
1489 3700 1545 3747 et
1572 3690 1903 3763 agonitheta:

324 3802 421 3843 eos
441 3787 532 3858 qui
564 3795 909 3843 certaverant
936 3793 1353 3856 praesentantes.
1379 3793 1436 3841 et
1464 3799 1594 3840 oves
1618 3782 1687 3839 ad
1714 3789 1902 3854 pasto-

327 3894 444 3935 rem
461 3878 743 3943 ducentes,
768 3888 824 3933 et
853 3878 1108 3949 agricola:
1127 3878 1342 3949 plenam
1370 3877 1643 3933 fructibus
1671 3874 1899 3946 spicam,

328 3981 492 4041 atque
522 3971 743 4041 praetori
760 3968 1184 4039 insuperabilem
1214 3968 1546 4025 certantium
1575 3966 1902 4039 phalangem

323 4061 589 4119 ferentes.
616 4060 697 4116 At
734 4062 829 4117 ille
865 4060 1314 4133 gratulabundus
1344 4069 1603 4131 tanquam
1651 4056 1904 4129 proprios

324 4152 471 4209 ﬁlios
517 4162 744 4209 sanctos
771 4153 1040 4223 suscepit,
1075 4160 1131 4207 et
1162 4152 1388 4223 gavisus
1424 4150 1590 4206 veluti
1614 4148 1904 4222 diligentes

325 4246 637 4300 imitatores
666 4284 681 4310 ,
713 4244 768 4299 in
819 4245 963 4300 ulnis
1015 4246 1319 4316 assumpsit
1362 4243 1441 4314 (et
1476 4242 1764 4299 exsultans
1794 4240 1905 4296 Deo

325 4334 572 4406 ohtnlit),
608 4337 757 4390 clare
792 4336 960 4390 missa
1004 4350 1137 4391 voce
1173 4335 1423 4406 profatus
1445 4351 1461 4391 :
1483 4353 1504 4388 ι
1550 4334 1693 4390 Ecce
1721 4346 1821 4404 ego
1852 4339 1908 4387 ct

326 4428 509 4498 pueri,
531 4443 673 4498 quos
706 4427 836 4481 mihi
865 4425 1089 4490 dedisti,
1120 4426 1270 4483 Deus
1300 4428 1368 4481 ³⁸.
1405 4445 1427 4479 ι
1456 4425 1613 4498 Apud
1643 4438 1805 4497 quem
1838 4421 1905 4477 ti-

327 4520 532 4575 delium
560 4528 782 4573 caterva
816 4528 1117 4588 nrartyrum
1164 4518 1476 4573 recondidit
1513 4530 1765 4586 corpora,
1793 4529 1904 4571 non
1936 4490 1991 4551 Ῑ)

329 4612 701 4666 communiter
732 4625 902 4680 agnos
943 4618 997 4663 et
1029 4622 1200 4681 agnas
1230 4605 1690 4678 consepelientes,
1737 4618 1915 4675 neque

329 4702 499 4758 simul
529 4717 762 4773 sponsas
808 4701 1013 4757 Christi
1048 4709 1102 4756 et
1154 4698 1561 4773 paranymphos
1589 4698 1754 4752 humo
1780 4696 1914 4751 abs-

330 4795 657 4858 condentes,
683 4795 776 4850 sed
823 4793 1050 4865 privatis
1082 4789 1584 4862 utrosquetumulis
1616 4787 1916 4844 reconden-

329 4898 457 4956 tes;
484 4903 608 4942 nam
641 4889 847 4942 tribum
890 4889 1091 4943 tribum
1126 4901 1399 4950 seorsum,
1429 4892 1484 4940 et
1531 4882 1787 4936 mulieres
1819 4893 1913 4934 eo-

329 4995 453 5035 rum
489 4995 740 5037 seorsum
766 4980 1012 5036 dividere
1049 4983 1277 5035 fuerant
1304 4976 1506 5033 eruditi
1539 4992 1553 5042 ;
1580 4980 1916 5044 quapropter

330 5083 387 5130 et
419 5074 510 5131 hic
546 5088 771 5146 quoque
820 5073 1223 5129 festinaverunt
1281 5081 1507 5127 servare
1555 5073 1909 5138 praeceptum.

335 5165 400 5220 Et
435 5174 755 5222 sanctorum
788 5164 1008 5235 quidem
1045 5161 1372 5226 certamina,
1406 5167 1462 5216 et
1483 5174 1705 5220 cursus,
1731 5164 1786 5211 et
1826 5156 1912 5210 lu-

332 5258 595 5325 rtamina,
619 5265 676 5313 et
702 5255 967 5321 victorias,
1003 5254 1138 5325 quin
1188 5262 1242 5309 et
1268 5265 1487 5308 coronae
1529 5247 1911 5306 immarcesci-

333 5349 491 5412 biles,
523 5357 579 5405 et
618 5351 672 5404 in
727 5348 931 5419 templo
985 5347 1151 5403 Marci
1212 5343 1578 5403 sacratissimi
1639 5342 1912 5413 deposito,

331 5442 516 5496 taliter
557 5449 617 5495 ut
645 5457 741 5511 per
769 5456 943 5511 pauca
975 5441 1228 5497 dicamus
1277 5445 1660 5496 consummata
1679 5443 1828 5503 sunt,
1855 5442 1911 5489 et

332 5534 494 5589 tinem
531 5534 838 5588 habuerunt
860 5533 1149 5603 insignem.

405 5710 453 5744 “
482 5705 586 5763 lsa.
618 5722 733 5769 vrtl,
774 5707 861 5762 18.

2005 3235 2150 3306 ᾠδὴν
2179 3234 2445 3288 ἐπινίκιον
2466 3232 2703 3305 ᾄδοντες,
2735 3232 2815 3294 είς
2836 3229 2899 3284 τὸ
2924 3231 3150 3299 Μάρκου
3196 3228 3423 3300 τέμενος
3448 3228 3587 3300 ἤγα-

2005 3344 2123 3396 γον,
2156 3326 2216 3390 ὃς
2246 3326 2346 3397 τήν
2372 3341 2431 3379 τε
2467 3322 2648 3377 πίστιν
2702 3322 2887 3386 αὐτοῖς
2932 3321 3275 3392 ἐνερίζωσεν,
3332 3320 3429 3375 καὶ
3477 3318 3589 3375 τῶν

2008 3420 2148 3492 ὑπὲρ
2203 3418 2409 3490 ταύτης
2460 3415 2688 3486 ἀγώνων
2714 3416 2778 3469 τὸ
2806 3414 3018 3468 στάδιον
3059 3413 3301 3485 ἤνοιξεν,
3346 3412 3442 3467 καί⁸
3478 3412 3589 3467 τῶν

2006 3509 2340 3583 ἀμαράντων
2356 3508 2637 3577 στεφάνων
2673 3504 2991 3577 ἀπήρξαιτο⁹
3038 3503 3221 3568 καλῶς
3242 3504 3367 3565 τοὺς
3397 3520 3589 3572 φοιτη-

2006 3602 2106 3666 τάς
2149 3600 2228 3673 τῷ
2285 3599 2589 3673 διδασκάλῳ
2624 3596 3034 3670 συνάπτοντες,
3062 3595 3156 3650 καὶ
3206 3594 3283 3666 τῷ
3313 3593 3588 3666 βραϐευτῇ

2008 3668 2413 3768 προσνέμοντῖς
2457 3668 2584 3753 τοὺς
2606 3668 2971 3758 ἀθλήσαντας,
3006 3684 3207 3757 καὶτῷ
3258 3684 3476 3755 ποιμένι
3521 3682 3592 3740 τὰ

2008 3784 2257 3860 πρόϐατα
2278 3783 2555 3855 φέροντες,
2582 3779 2678 3834 καὶ
2695 3778 2773 3850 τῷ
2794 3776 3026 3849 γεωργῷ
3054 3776 3125 3831 τά
3155 3775 3340 3846 πλήρη
3362 3773 3590 3845 καρπῶν

2008 3877 2118 3931 τῶν
2164 3874 2415 3947 σταχύων
2466 3872 2858 3946 προσάγοντες,
2920 3869 3016 3922 καὶ
3044 3865 3124 3938 τῷ
3157 3864 3447 3938 στρατηγῷ
3492 3862 3591 3934 τὴν

2009 3968 2121 4023 τῶν
2145 3964 2593 4038 στρατευομένων
2625 3964 2899 4035 ἀήττητον
2924 3960 3202 4030 φάλαγγα.
3252 3957 3313 4012 '0
3340 3957 3399 4010 δὲ
3424 3971 3593 4026 γεγηφ

2011 4059 2121 4124 θῶς
2161 4057 2236 4123 ὡς
2260 4055 2429 4112 τέκνα
2470 4056 2672 4127 γνήσια
2706 4054 2833 4118 τοὺς
2863 4052 3053 4121 ἁγίους
3076 4050 3316 4116 ἐδέξατο,
3345 4046 3441 4101 καὶ
3468 4046 3592 4118 χαίο

2012 4165 2124 4221 ρων
2144 4149 2220 4212 ὠς
2249 4145 2495 4218 μιμητὰς
2526 4143 2774 4218 ἀκριϐεῖς
2820 4145 2880 4198 ἐν
2917 4140 3186 4211 ἀγκάλαις
3233 4136 3591 4211 προσέλαϐεν,

2013 4240 2109 4295 καὶ
2137 4235 2377 4309 σκιρτῶν
2406 4236 2485 4307 τῷ
2508 4234 2628 4306 Θεῷ
2651 4233 3022 4307 προσήγαγεν,
3058 4230 3243 4303 φωνὴν
3269 4230 3451 4300 ἀφιεὶς
3484 4228 3596 4281 διας

2014 4330 2279 4402 πρύσιον’
2318 4348 2338 4380 ι
2385 4327 2519 4382 Ἰδοὺ
2549 4326 2659 4396 ἐγὼ
2694 4326 2787 4379 καὶ
2811 4323 2881 4379 τά
2909 4323 3098 4378 παιδία
3125 4322 3162 4378 ἆ
3197 4340 3290 4394 μοι
3326 4321 3527 4375 ἔδωκεν
3568 4321 3598 4372 ὀ

2014 4423 2176 4487 Θεὸςο
2213 4440 2232 4474 ι
2264 4422 2359 4475 καὶ
2383 4419 2669 4491 παρόντων
2719 4417 2829 4471 τῶν
2887 4415 3096 4470 πιστῶν
3124 4414 3472 4487 ὀμηγύρεων,
3527 4414 3598 4464 τά

2015 4515 2126 4569 τῶν
2173 4512 2467 4584 μαρτύρων
2530 4509 2805 4578 κατέθηκε
2862 4507 3121 4576 λείψαναο
3151 4505 3211 4559 οὐ
3262 4498 3415 4574 κοινῇ
3470 4503 3598 4565 τοὺς

2017 4605 2224 4677 ἀμνοὺς
2245 4602 2457 4665 καὶτὰς
2487 4601 2734 4671 ἀμνάδας
2770 4597 3161 4667 συνθάψαντες,
3214 4595 3324 4648 οὐδ’
3361 4595 3391 4647 ἃ
3402 4610 3478 4663 μα
3499 4593 3599 4655 τὰς

2017 4697 2237 4767 νύμφας
2267 4691 2506 4767 Χριστοῦ
2529 4690 2625 4745 καὶ
2654 4691 2779 4752 τοὺς
2811 4687 3215 4758 νυμφαγωγοὺς
3242 4688 3309 4757 τῇ
3339 4688 3409 4755 γῇ
3432 4700 3601 4738 κατα-

2017 4788 2350 4862 κρύψαντες,
2414 4783 2533 4840 ἀλλ’
2586 4782 2745 4846 ιδίαις
2789 4780 3138 4852 ἀμφοτέρους
3176 4780 3356 4850 σοροϊς
3396 4775 3601 4845 θησαυ-

2020 4883 2291 4953 ρίσαντες,
2319 4876 2441 4931 ἐπεὶ
2477 4873 2652 4945 φυλὴν
2681 4871 2856 4944 φυλὴν
2888 4870 3011 4925 καθ’
3043 4866 3244 4938 ἑαυτὴν
3278 4866 3373 4921 καὶ
3398 4863 3600 4925 ταύτας

2016 4975 2246 5045 διαιρεῖν
2281 4967 2703 5038 ἐπαιδεύθησαν,
2734 4962 3016 5019 κάνταῦθα
3045 4962 3233 5032 τηρεῖν
3261 4956 3600 5012 ἐσπούδασαν

2015 5063 2077 5117 τδ
2098 5061 2487 5135 παράγγελμα.
2522 5058 2634 5114 Καὶ
2656 5056 2766 5110 τῶν
2791 5054 2893 5126 μὲν
2928 5052 3100 5122 ἀγίων
3139 5051 3191 5104 oi
3224 5045 3377 5103 ἇθλοι
3404 5046 3502 5100 καὶ
3550 5046 3596 5097 ο³

2018 5157 2207 5228 δρόμοι
2241 5152 2338 5208 καὶ
2364 5154 2420 5206 αἱ
2447 5150 2615 5206 πάλαι
2644 5149 2739 5203 καὶ
2775 5147 2834 5201 αί
2869 5146 3042 5209 νίκαι,
3080 5143 3176 5198 καὶ
3218 5142 3356 5213 πρὸς
3387 5138 3599 5203 τούτοις
3664 5176 3673 5188 λ

2018 5251 2068 5303 οἱ
2097 5245 2406 5318 ἀμάραντοι
2440 5241 2718 5318 στέφανοι,
2747 5239 2842 5293 καὶ
2873 5239 2909 5308 ή
2929 5238 2987 5291 ἐν
3008 5234 3088 5307 τῷ
3111 5232 3225 5306 ναῷ
3252 5233 3481 5303 Μάρκου
3505 5229 3600 5283 τοῦ

2020 5342 2166 5397 θείου
2191 5339 2504 5404 κατάθεσις,
2527 5335 2671 5391 οὕτω
2699 5350 2840 5399 πως,
2857 5331 3014 5396 ὠςδι’
3033 5329 3229 5400 ὀλίγων
3252 5328 3449 5393 είπεῐν,
3482 5326 3600 5379 ἑτε-

2022 5435 2310 5505 λέσθησαν,
2346 5432 2443 5489 καὶ
2463 5430 2640 5501 πέρας
2667 5427 2826 5498 ἔσχον
2850 5424 3149 5497 ἐπίσημον.
