4010 6208
493 268 636 343 κίον

1378 272 1674 342 LAUDES
1710 276 1793 340 IN
1830 279 1936 340 SS.
1976 276 2235 340 CYRUM
2270 277 2365 342 ET
2402 277 2774 343 JOANNEM.

3615 273 3755 337 3410

565 384 663 443 κδ¹.
704 387 960 459 Ετπωμεν
992 382 1048 444 δὲ
1073 387 1167 443 καὶ
1188 388 1286 461 τὴν
1316 392 1527 447 ἐκεῖθεν
1560 392 1794 447 ἐνταῦθα
1830 391 2062 463 μετάθε-

2234 394 2325 449 24.
2350 393 2615 451 Dicamus
2643 404 2824 448 autem
2857 391 3021 448 etiam
3052 386 3176 445 inde
3198 387 3305 442 huc
3336 384 3533 442 iactam
3570 399 3757 443 trans-

497 492 602 547 σιν,
634 480 730 536 καὶ
753 480 850 552 τὴν
870 480 1048 537 αίτίαν
1075 480 1145 535 δι’
1174 482 1242 555 ἢν
1269 484 1297 555 η
1328 484 1618 553 μετάθεσις
1649 485 1895 553 γέγονεν.
1929 483 2086 538 Μετά

497 574 598 637 τὰς
628 572 828 636 πολλὰς
857 571 1068 626 ἐκεῖθεν
1085 571 1318 643 ἡμέρας,
1353 573 1441 627 ἵνα
1469 575 1522 629 τί
1552 576 1648 629 καὶ
1676 572 2078 645 Μωσαῒσωμεν,

496 662 589 716 καὶ
614 660 775 715 τοῦτο
798 661 912 725 τοῖς
939 659 1174 734 μάρτυσι
1196 663 1548 735 χαρισώμεθα
1564 681 1579 696 ο
1608 662 1958 730 ἀποδέξονται
1974 666 2084 735 γὰρ

495 751 642 820 ἡμᾶς
666 752 724 804 ὲν
743 751 854 814 τοῖς
874 748 1054 804 αὐτῶν
1069 748 1367 821 ἐγκωμίοις
1388 749 1795 819 Μωσαῖζοντας·
1828 754 2029 825 μᾶλλον
2046 754 2079 825 ἢ

496 838 957 908 Πλατωνίζονταςσ
977 841 1116 915 μετὰ
1134 840 1234 916 τὴν
1252 844 1474 901 ἐκείνων
1494 845 1602 900 τῶν
1619 848 1896 918 τυράννων
1914 847 2081 900 κατά-

496 930 669 999 λυσιν,
686 930 781 989 καὶ
808 935 916 990 τῶν
941 930 1065 1001 τοὺς
1079 934 1270 1006 ἁγίους
1293 936 1637 993 χαλασάντων
1666 937 1962 1004 ἀπώλεσιν,
1987 939 2082 993 καὶ

497 1031 596 1099 τῆς
621 1028 732 1083 τῶν
772 1024 1006 1084 εἰδώλων
1038 1029 1288 1101 μυσαρᾶς
1333 1026 1591 1098 λατρείας
1614 1027 1953 1098 καθαίρεσιν,
1986 1027 2081 1082 καὶ

502 1120 802 1193 ἱδρυμένων
828 1116 1013 1186 αὐτοῖς
1038 1122 1184 1175 ναῶν
1214 1123 1311 1177 καὶ
1344 1122 1542 1194 βωμῶν
1565 1122 1664 1193 τὴν
1690 1121 2042 1176 κατάπτωσιν
2061 1128 2106 1181 ’ἕ

503 1215 642 1284 μετά
690 1215 791 1286 τὴν
838 1213 1254 1270 Κωνσταντίνου
1307 1211 1404 1269 τοῦ
1466 1212 1804 1285 μακαριστοῦ
1858 1211 2076 1285 πρώτου

500 1300 842 1380 Χριστιανῶν
876 1308 970 1361 καὶ
1008 1304 1299 1378 Ῥωμαίων
1318 1305 1390 1361 τὰ
1414 1305 1673 1379 σκῆπτρα
1692 1304 2075 1376 κρατύναντος,

501 1399 594 1451 καὶ
624 1399 735 1451 τῶν
776 1396 909 1451 υἱῶν
943 1397 1276 1468 μεταδίωσιν
1304 1412 1322 1429 σ
1371 1395 1511 1468 μετά
1540 1396 1642 1467 τὴν
1687 1395 1946 1450 Ἰοϐιανοῦ
1982 1395 2078 1449 καὶ

500 1488 891 1543 Οὐαλεντιανοῦ
907 1505 964 1540 τε
987 1488 1081 1542 καὶ
1104 1485 1402 1558 Γρατιανοῦ
1434 1485 1571 1557 πρὸς
1592 1484 1739 1555 ζωὴν
1769 1487 1868 1557 τὴν
1895 1486 2077 1558 κρείτ-

501 1587 579 1631 τω
619 1579 1046 1649 μετανάστασιν,
1106 1578 1246 1649 μετά
1270 1575 1551 1632 Θεοδοσίου
1579 1577 1674 1632 τοῦ
1710 1576 1946 1648 μεγάλου
1981 1577 2077 1631 καὶ

501 1669 607 1720 τῶν
655 1664 893 1737 ἐγγόνων
938 1668 1076 1739 πρὸς
1103 1668 1202 1741 τὴν
1224 1668 1337 1723 ἀνω
1371 1667 1526 1738 λῆξιν
1563 1668 1844 1736 ἀνάλυσιν,
1885 1668 2075 1724 Θεοδο-

505 1749 619 1812 σίου
673 1759 770 1812 τοῦ
821 1737 1017 1829 μικροῦ
1071 1737 1174 1827 τὴν
1206 1737 1485 1829 βασιλείαν
1510 1758 1806 1823 διέποντος,
1835 1760 1931 1813 καὶ
1960 1760 2077 1814 Κυ-
2102 1737 2151 1797 Β

506 1849 684 1921 ρίλλου
720 1849 814 1904 τοῦ
838 1850 982 1903 θείου
1024 1848 1092 1904 τὰ
1119 1849 1307 1903 ἐνθάδε
1337 1849 1533 1919 λογικά
1562 1849 1657 1904 τοῦ
1683 1847 1922 1920 Χριστοῦ
1956 1865 2074 1902 ποις-

505 1941 788 2013 μαίνοντος
830 1939 1098 2012 πρόϐατα,
1145 1943 1240 1995 καὶ
1273 1939 1643 2012 μεγαλοφώνῳ
1673 1940 1933 2011 σάλπιγγι
1979 1939 2084 2019 τὴν.

501 2033 602 2103 τῆς
639 2031 921 2096 εὐσεϐείας
945 2032 1137 2101 σοφίαν
1167 2032 1547 2104 κηρύττοντος,
1575 2033 1785 2104 δαίμων
1814 2049 1899 2097 τις
1928 2032 2079 2102 ζοφε-

505 2123 595 2194 ρὸς
637 2123 734 2175 καὶ
780 2121 1077 2190 Αἰγύπτιος
1127 2122 1448 2192 ἀνεφαίνετο
1495 2122 1780 2194 Μενουθὴς
1815 2122 2074 2194 τοῦνομα,

502 2214 695 2283 κώμην
726 2211 891 2266 οίκῶν
923 2211 1021 2283 τὴν
1046 2210 1353 2284 ἐπώνυμον,
1405 2212 1612 2283 θήλεως
1649 2213 1866 2284 μορφὴν
1905 2231 2077 2283 προσ-

504 2305 847 2374 ποιούμενος,
871 2304 965 2357 καὶ
988 2301 1163 2375 ταύτῃ
1181 2303 1392 2367 δεικνὺς
1413 2303 1510 2373 τὴν
1536 2305 1743 2358 οἰκείαν
1762 2304 2073 2373 ἀσθένειαν,

502 2396 593 2449 καὶ
629 2395 766 2465 πρὸς
786 2393 912 2458 τοὺς
945 2390 1179 2467 ἄρρενας
1208 2396 1274 2465 τῇ
1317 2394 1460 2466 ψυχῇ
1496 2396 1595 2465 τὴν
1626 2395 1909 2449 ἀσθένειαν
1944 2396 2079 2467 μᾶλ-

500 2486 593 2539 λον
621 2486 930 2555 ἀδράνειαν,
959 2486 1020 2540 ού
1048 2485 1222 2540 σθένει
1245 2488 1438 2555 φυγὼν
1464 2486 1563 2556 τὴν
1589 2486 1844 2543 ἀϐύσσιον
1863 2489 2076 2553 ἅλυσιν,

506 2574 640 2627 ἀλλὰ
666 2573 800 2627 Θεοῦ
842 2575 1187 2645 συγχωρήσει
1220 2575 1361 2638 τέως
1400 2575 1580 2638 ὲαθεὶς
1614 2575 1753 2644 πρὸς
1799 2576 2077 2650 ἡμετέραν

505 2666 821 2733 ἀσφάλειαν,
858 2664 943 2719 ἵνα
979 2666 1066 2718 ἀεὶ
1121 2664 1572 2736 μνημονεύωμεν,
1620 2666 1812 2720 τούτου
1840 2667 1939 2732 τὰς
1978 2684 2079 2724 κα-

504 2757 764 2826 κουργίας
793 2755 1081 2828 θεώμενοι,
1114 2757 1314 2811 ὁποίων
1353 2758 1501 2829 ἡμᾶς
1531 2758 1807 2830 δυσχερῶν
1841 2760 2076 2832 Χριστὸς

502 2853 531 2902 6
563 2849 696 2914 Θεὸς
720 2849 1117 2919 ἠλευθέρωσεν.
1163 2841 1333 2912 Οὗτος
1363 2852 1391 2903 6
1418 2849 1630 2920 δαίμων
1653 2851 1682 2900 6
1705 2853 1980 2912 σκοτεινὸς
2000 2852 2076 2916 ὡς

503 2941 822 3008 Αἰγύπτιος,
854 2942 881 2993 6
921 2939 1213 3012 θηλύφρων
1253 2941 1388 3011 δμοῦ
1422 2943 1516 2995 καὶ
1550 2940 1899 3012 θηλύμορφος
1937 2943 2076 3014 μετά

502 3030 694 3095 Λοξίου
721 3048 781 3083 τε
829 3032 923 3084 καὶ
949 3030 1206 3102 τρίποδος
1233 3029 1332 3102 τὴν
1379 3031 1705 3103 κουφότητα,
1744 3030 1839 3085 καὶ
1869 3032 1971 3101 τῆς
2017 3034 2074 3087 ὲν
2103 3068 2151 3129 c

504 3120 716 3193 Δοδώνῃ
734 3122 894 3193 δρυὸς
917 3123 1077 3194 σιγὴν
1099 3120 1479 3193 ἀνεκλάλητον,
1498 3123 1591 3177 καὶ
1609 3123 1711 3193 τὴν
1730 3122 1826 3176 τοῦ
1854 3124 2076 3178 Καστα-

503 3213 658 3268 λικοῦ
688 3215 925 3284 νάματος
967 3214 1177 3284 σιωπὴν
1218 3213 1596 3285 ἀτελεύτητον,
1621 3212 1831 3267 καὶτοῦ
1873 3213 2077 3268 Ῥοδίου

504 3304 705 3377 ταύρου
749 3305 848 3375 τὴν
887 3295 1324 3374 συγργνωσθέἴσαν
1350 3304 1500 3376 αὐτῷ
1531 3304 1741 3358 πτῶσιν
1773 3304 2074 3376 ἀμύκητον,

507 3399 602 3451 καὶ
632 3400 731 3468 τὴν
759 3397 997 3462 πάντων,
1024 3396 1099 3461 ὡς
1119 3398 1317 3462 εἰπεῖν,
1339 3396 1446 3450 τῶν
1464 3396 1790 3469 Ἑλληνικῶν
1809 3396 2079 3468 μαντείων

506 3489 855 3543 κατάσϐεσιν.
919 3487 1249 3560 ’Δσκληπιοῦ
1290 3504 1348 3541 τε
1378 3486 1477 3560 τὴν
1508 3487 1582 3558 μὴ
1611 3487 1948 3542 τελευτῶσαν
1989 3489 2080 3542 ὲκ·-

508 3582 774 3651 πύρωσιν,
821 3580 915 3634 καὶ
958 3580 1069 3633 τῶν
1113 3578 1232 3633 κατ’
1285 3577 1448 3633 αύτδν
1478 3578 1677 3650 ἰατρῶν
1707 3577 1807 3650 τὴν
1838 3578 2079 3650 παντελῆ

503 3674 600 3725 καὶ
648 3671 868 3724 ἀνίατον
922 3671 1170 3734 λόόωσιν,
1227 3668 1592 3740 προφητεύειν
1630 3672 1725 3722 καὶ
1760 3670 1950 3733 νόσους
1997 3670 2080 3724 ία-

503 3762 737 3832 spatiata,
782 3761 979 3831 μᾶλλον
1017 3761 1075 3815 δὲ
1122 3760 1441 3831 ψευδοεπείν
1481 3760 1579 3814 καὶ
1626 3762 1933 3815 νοσοποιεῖν
1964 3763 2081 3816 ἑτε-

507 3854 767 3924 ρατεύετο
820 3855 1098 3924 φάσμασιν
1125 3869 1139 3884 ο
1181 3853 1305 3917 liti);
1352 3852 1461 3925 γὰρ
1497 3854 1526 3906 6
1571 3852 1813 3925 ψεύστης
1862 3851 1940 3907 ὢν
1984 3852 2080 3907 ἀπ’

504 3947 704 4017 ἀρχῆς,
754 3948 850 3999 καὶ
885 3946 1077 4015 ψεῦδος
1106 3948 1169 4000 ὲκ
1199 3947 1308 4001 τῶν
1346 3947 1493 4001 ίδίων
1521 3947 1718 4015 λαλῶν,
1751 3949 1810 4002 ἐν
1853 3946 2081 4020 ἀληθείᾳ

505 4055 562 4089 τε
612 4036 891 4100 παντελῶς
921 4036 1020 4107 οὐχ
1054 4038 1372 4109 ίστάμενος;
1429 4038 1462 4109 ἢ
1498 4037 1616 4103 πῶς
1643 4039 1672 4092 6
1718 4041 1818 4109 τὴν
1850 4038 1986 4093 ίδίαν
2013 4039 2081 4110 ἢν

504 4122 650 4194 εἶχέν
691 4143 822 4180 ποτε
880 4127 956 4198 μὴ
990 4127 1231 4197 φυλάξας
1281 4129 1476 4199 ἀρχὴν,
1526 4131 1642 4185 ἀλλ’
1700 4130 1836 4185 ὡσεὶ
1891 4130 2081 4203 νεκρὸς

506 4218 895 4290 ἐϐδελυγμένος
926 4222 1126 4291 ριφεὶς.
1154 4223 1246 4277 καὶ
1276 4223 1516 4296 σκώληξι
1550 4225 1752 4298 βρύων,
1782 4226 1882 4281 καὶ
1913 4224 2080 4297 σῆψιν

506 4311 644 4379 ἔχων
695 4310 1054 4383 ὑπόστρωμα,
1091 4313 1121 4365 6
1150 4316 1331 4369 πᾶσαν
1377 4316 1585 4370 πτῶσιν
1618 4317 1822 4383 πεσὼν,
1854 4319 1951 4372 καὶ
1979 4335 2077 4388 με·

2186 484 2477 549 iationem,
2502 492 2557 538 et
2609 497 2832 540 causam
2878 486 3099 551 propter
3131 492 3295 549 quam
3360 478 3647 532 translatio
3679 478 3757 533 l‘a-

2185 586 2272 632 cta
2307 585 2411 634 est.
2440 576 2572 632 Post
2600 576 2798 632 multos
2829 575 3011 644 itaque
3059 575 3199 638 dies,
3226 580 3285 628 ot
3341 570 3549 642 aliquid
3591 574 3759 628 etiam

2184 667 2424 724 Mosaice
2450 667 2736 731 fateamur,
2752 676 2806 721 et
2829 666 2933 720 hoc
2966 665 3298 737 martyribus
3329 665 3701 720 condonamus
3737 678 3753 729 ;

2184 760 2445 831 recipient
2483 758 2627 814 enim
2674 772 2775 815 nos
2807 758 2863 814 in
2898 758 3186 829 praeconiis
3223 759 3339 813 suis
3385 756 3752 812 Mosaizautes

2181 853 2365 919 potius
2392 865 2556 921 quam
2596 849 3029 913 Platonizantes,
3079 857 3204 920 post
3236 849 3455 905 illorum
3492 857 3757 921 tyranno-

2182 955 2301 995 rum
2335 940 2790 1003 destructionem,
2810 947 2865 995 et
2885 955 3075 996 eorum
3101 940 3430 1011 quisanctos
3457 940 3759 1010 punieruut

2182 1031 2485 1095 interitum,
2519 1038 2575 1085 et
2612 1030 3035 1086 simulacrorum
3085 1031 3429 1088 detestabilis
3472 1030 3756 1088 servitutis

2181 1120 2602 1191 depositionem,
2649 1128 2705 1177 et
2742 1136 2962 1176 ararum
2993 1136 3058 1177 ac
3097 1123 3423 1193 templorum
3486 1138 3606 1193 qua:
3652 1123 3756 1192 ipsi

2178 1220 2421 1270 statuere
2438 1212 2688 1280 ruinam;
2711 1222 2834 1281 post
2854 1214 2998 1269 beati
3015 1212 3384 1281 Constantini,
3411 1216 3505 1286 qui
3539 1216 3754 1286 primus

2177 1303 2523 1360 Christianus
2571 1302 2945 1360 Romanorum
2995 1313 3219 1375 sceptra
3250 1307 3569 1372 roboravit,
3587 1322 3653 1362 ac
3689 1308 3755 1360 li-

2178 1396 2378 1452 liorum
2438 1396 2648 1452 obitum
2683 1414 2697 1464 ;
2730 1405 2856 1466 post
2883 1394 3163 1453 Joriniaui
3213 1414 3435 1469 quoque
3465 1408 3521 1455 et
3558 1398 3756 1454 Valen-

2178 1490 2393 1556 tiniani,
2445 1496 2501 1546 et
2548 1489 2794 1545 Gratiani
2845 1489 2914 1545 ad
2950 1490 3232 1546 meliorem
3263 1490 3435 1545 vitam
3472 1489 3756 1559 migratio-

2177 1597 2300 1637 nem
2332 1598 2349 1649 ;
2376 1591 2499 1652 post
2527 1580 2825 1636 Theodosii
2853 1581 3035 1650 Magni
3058 1596 3121 1636 ac
3145 1581 3380 1636 ﬁliorum
3413 1580 3480 1635 ad
3506 1581 3752 1651 requiem

2178 1687 2472 1743 supernam
2523 1670 2911 1728 resolutionem
2939 1689 2953 1740 ;
2988 1670 3299 1728 Theodosio
3333 1670 3542 1727 Minore
3579 1672 3753 1741 impe-

2179 1764 2319 1819 rium
2364 1762 2707 1829 moderante,
2763 1770 2818 1818 et
2884 1763 3074 1818 divino
3135 1763 3344 1836 Cyrillo
3403 1764 3757 1818 rationabiles

2179 1853 2269 1908 hic
2320 1852 2526 1910 Christi
2581 1867 2717 1909 oves
2775 1862 3055 1924 pascente,
3115 1863 3171 1909 et
3220 1854 3576 1925 magniloqua
3626 1854 3759 1917 tuba

2179 1945 2400 2015 pietatis
2444 1945 2771 2016 sapientiam
2856 1944 3209 2016 praedicante,
3255 1945 3468 2000 daemon
3529 1944 3756 2015 quidam

2180 2036 2498 2093 teterrimus
2521 2046 2577 2091 et
2591 2036 2883 2108 Egyptins
2906 2037 3206 2107 apparebat
3221 2034 3496 2091 Menuthis
3513 2035 3754 2097 nomine,

2178 2127 2466 2183 castellum
2498 2141 2530 2181 a
2570 2141 2632 2182 se
2683 2126 3131 2196 cognominatum
3171 2126 3507 2189 inhabitans,
3541 2132 3596 2178 et
3646 2125 3758 2178 l'or-

2180 2231 2323 2271 mam
2360 2215 2575 2271 femina:
2609 2216 2838 2286 ﬁngens,
2886 2225 2943 2270 et
2997 2216 3099 2270 hac
3140 2216 3414 2286 propriam
3464 2216 3757 2270 infirmita-

2178 2316 2287 2363 tem
2322 2313 2379 2362 et
2414 2306 2845 2362 imbecillitatem
2915 2307 3303 2362 demonstrans
3356 2308 3620 2362 adversus
3660 2321 3757 2362 eos

2179 2400 2273 2471 qui
2317 2414 2500 2455 mares
2546 2406 2675 2454 sunt
2699 2398 2905 2464 animo,
2936 2412 3045 2452 non
3097 2399 3304 2453 virtute
3329 2396 3543 2468 fugiens
3572 2400 3756 2471 abyssi

2180 2497 2451 2553 catenam,
2484 2490 2578 2545 sed
2606 2488 2699 2545 Dei
2739 2489 3103 2560 permissione
3131 2490 3352 2546 interim
3388 2490 3454 2544 ad
3487 2493 3756 2545 cautelam

2178 2588 2426 2638 nostram
2468 2580 2757 2647 dimissus,
2792 2588 2853 2634 ut
2905 2594 3123 2650 semper
3153 2596 3424 2637 memores
3453 2582 3627 2636 sinms
3659 2582 3759 2634 bu-

2173 2674 2267 2745 jus
2290 2673 2432 2727 mala
2465 2686 2630 2742 opera
2660 2672 3091 2740 conspicientes,
3126 2673 3384 2742 qualibus
3437 2689 3536 2728 nos
3594 2674 3757 2727 Chri-

2178 2772 2300 2822 stus
2328 2763 2470 2820 Deus
2522 2762 2935 2819 dillicultatibus
2998 2763 3333 2819 liberaverit.
3390 2765 3490 2819 llic
3540 2764 3755 2819 daemon

2180 2856 2504 2912 tenebrosus
2553 2855 2698 2911 sicut
2753 2853 3045 2926 [Egyptius
3108 2855 3330 2910 feminei
3398 2872 3596 2911 sensus
3640 2864 3759 2910 erat

2179 2947 2383 3018 pariter
2415 2953 2470 3003 et
2501 2945 2708 3008 formae,
2744 2952 2867 3021 post
2885 2944 3037 3000 Loxii
3072 2954 3127 3000 et
3161 2945 3394 3015 tripodis
3410 2947 3756 3007 surditatem,

2179 3049 2235 3097 et
2259 3038 2586 3097 inell'abilem
2641 3037 2916 3094 Dodoneac
2945 3053 3183 3108 quercus
3214 3038 3668 3101 taciturnitatem,
3706 3046 3761 3092 et

2179 3133 2583 3190 interminabile
2626 3131 2885 3188 Castalici
2923 3130 3111 3187 ﬂuenti
3169 3131 3473 3195 silentium,
3525 3138 3760 3202 postque

2179 3224 2378 3280 Rhodii
2416 3223 2556 3278 tauri
2585 3223 2705 3279 sine
2727 3222 2945 3291 mugitu
2970 3220 3073 3274 sibi
3103 3236 3211 3276 non
3246 3222 3488 3290 agnitum
3546 3234 3758 3280 casum,

2180 3324 2236 3371 et
2275 3315 2543 3378 omnium,
2577 3321 2637 3368 ut
2660 3314 2735 3368 ita
2793 3313 3030 3376 dicatur,
3076 3327 3415 3382 paganarum
3468 3311 3761 3366 divinatio-

2180 3421 2311 3462 num
2354 3405 2788 3466 exstinctionem,
2836 3403 3188 3473 Asclepiiquo
3258 3418 3367 3457 non
3416 3403 3621 3457 ﬁnitam
3674 3403 3760 3457 in-

2180 3496 2630 3570 ﬂammationem,
2668 3501 2722 3550 et
2758 3494 3018 3550 similium
3055 3493 3429 3549 omnimodam
3458 3501 3512 3547 ct
3536 3493 3756 3547 insana~

2180 3589 2343 3644 bilem
2379 3586 2719 3641 medicorum
2750 3586 3056 3649 laesiouem,
3092 3588 3423 3656 prophetare
3456 3599 3519 3637 ac
3553 3584 3754 3638 mederi

2182 3675 2566 3748 languoribus,
2598 3675 2709 3730 imo
2746 3674 2885 3730 falsa
2944 3673 3131 3729 dicere
3185 3690 3251 3728 ac
3305 3674 3514 3728 morbis
3541 3673 3759 3728 inlicere

2180 3783 2279 3839 per
2326 3769 2715 3839 phantasmata
2763 3765 3140 3839 protendebat.
3201 3765 3336 3820 Nam
3374 3766 3653 3836 quomodo
3712 3766 3761 3819 is

2182 3860 2276 3931 qui
2297 3858 2529 3914 mendax
2552 3866 2639 3914 est
2664 3859 2733 3913 ab
2766 3858 2946 3923 initio,
2979 3866 3034 3914 et
3067 3857 3414 3913 mendacium
3437 3860 3500 3911 ile
3534 3859 3760 3926 proprio

2182 3953 2446 4023 loquitur,
2499 3954 2556 4007 in
2597 3953 2936 4023 veritateque
2969 3966 3200 4022 prorsus
3236 3966 3346 4005 non
3393 3959 3526 4015 stat,
3560 3950 3761 4004 verita-

2184 4053 2292 4102 tem
2326 4045 2758 4101 asseveret?Aut
2786 4042 3060 4115 quomodo
3085 4044 3132 4100 is
3160 4044 3253 4113 qui
3277 4045 3558 4114 proprium
3595 4056 3758 4110 quem

2183 4138 2374 4196 habuit
2406 4135 2706 4208 aliquando
2763 4134 3129 4207 principatum
3162 4150 3270 4188 non
3321 4133 3636 4196 custodivit,
3663 4133 3759 4186 sed

2182 4229 2349 4286 veluti
2387 4236 2638 4286 mortuus
2670 4225 3021 4282 abominatus
3081 4226 3360 4295 proiectus
3402 4232 3510 4288 est,
3537 4234 3589 4279 et
3618 4239 3762 4295 rver-

2182 4322 2367 4378 mibus
2419 4326 2621 4386 scatet,
2657 4326 2713 4375 et
2761 4317 3108 4390 putredinem
3142 4317 3308 4372 habet
3359 4323 3614 4378 stratum,
3665 4316 3763 4384 qui

504 4401 675 4472 γάλην
709 4404 880 4456 νοσῶν
905 4402 1004 4474 τὴν
1032 4404 1356 4471 ἀσθένειαν;
1403 4428 1421 4460 ι
1457 4409 1623 4463 Αὐτοὶ
1647 4410 1755 4481 γάρ
1803 4428 2077 4483 προφητι-

2181 4410 2332 4467 omni
2374 4424 2504 4466 casu
2557 4409 2720 4473 cadit,
2756 4415 2813 4463 et
2861 4406 3070 4477 ingenti
3129 4406 3349 4476 languet
3400 4406 3759 4465 inlirmitate:

506 4494 616 4573 κῶς
643 4497 838 4561 εἰπεῖν,
879 4495 1188 4565 ὴσθένησάν
1224 4515 1287 4551 τε
1324 4499 1420 4553 καὶ
1442 4500 1657 4566 ἔπεσον,
1688 4520 1708 4554 ι
1748 4504 1846 4556 ml.
1878 4504 2077 4569 παντὸς

504 4584 713 4651 ἀγαθοῦ
754 4586 854 4656 τὴν
898 4585 1118 4641 ἀνίατον
1156 4589 1526 4660 περικείμενοι
1570 4590 1837 4663 νέκρωσιν
1867 4593 2077 4664 ἑτέροις

505 4674 672 4742 βῶσιν
702 4676 939 4747 ὀρέξειεν
964 4694 980 4744 ;
1024 4678 1069 4748 ἢ,
1095 4677 1343 4732 νοσοῦσιν
1374 4681 1514 4734 τισὶν
1537 4681 1868 4752 ἀλεξήσειεν,
1890 4685 1919 4738 6
1944 4684 2077 4756 βοη-

504 4768 615 4819 θεῖν
642 4768 819 4837 ἑαυτῷ
851 4769 926 4838 μὴ
954 4768 1280 4836 δυνάμενος
1314 4771 1381 4825 '0
1406 4770 1513 4841 γάρ
1541 4788 1625 4835 τις
1648 4771 1844 4842 έχειὲκ
1862 4774 2077 4844 φύσεως

504 4855 661 4909 τοῦτο
699 4854 896 4925 λαχὼν,
937 4857 968 4927 ἢ
1025 4858 1162 4928 πρὸς
1215 4857 1645 4929 έτέρουιλαδὼν
1691 4862 1786 4915 καὶ
1832 4862 2077 4931 φυλάξας

504 4948 788 5015 ἁμείωτον,
815 4947 951 5017 τάχα
978 4947 1044 5002 ἂν
1063 4947 1300 5017 ἠδύνατο
1325 4948 1422 5003 καὶ
1450 4949 1586 5019 πρὸς
1610 4950 1785 5006 ἄλλων
1811 4953 2076 5010 ἐκτείνειν

509 5037 822 5105 μετάδοσιν·
862 5037 892 5091 ὃ
918 5039 975 5092 δὲ
1012 5039 1087 5111 μὴ
1118 5038 1253 5110 ἔχει,
1281 5039 1400 5104 πῶς
1431 5040 1639 5113 ἑτέροις
1674 5042 1872 5099 διδόναι
1917 5046 2080 5120 δυνή-

505 5149 656 5187 σεται
683 5152 698 5199 ;

575 5314 671 5360 κε’.
708 5307 818 5361 Καὶ
849 5304 1051 5362 τούτων
1081 5309 1222 5362 οὕτω
1251 5308 1542 5378 κειμένων,
1601 5309 1830 5374 πολλοὺς
1885 5312 1945 5365 τὸ
1994 5316 2073 5367 εί-

502 5398 684 5466 aqua;
713 5399 869 5452 τοῦτο
896 5400 1170 5471 δαιμόνιον
1197 5402 1318 5464 ταῖς
1335 5400 1571 5467 ἀπάταις
1605 5404 1938 5475 παρέσυρεν,
1981 5405 2074 5459 καὶ

505 5493 922 5561 πρπκαλείσθαι
970 5494 1131 5547 αὐτοῦ
1190 5493 1267 5564 τῷ
1322 5494 1489 5566 βωμῷ
1540 5496 1710 5552 ἑλπίδι
1764 5498 1991 5571 ῥώσεως
2034 5500 2068 5571 ἢ

566 5674 608 5704 ⁵⁷
653 5674 783 5727 1³ε31,
839 5692 978 5728 nu.
1016 5676 1067 5730 ‘2.

2189 4500 2362 4572 «1ρεί
2413 4500 2583 4567 enim,
2656 4508 2718 4554 ut
2788 4497 3107 4570 prophetico
3165 4496 3438 4558 dicamus,
3504 4496 3763 4550 infirmati

2184 4600 2314 4649 sunt
2336 4603 2391 4649 et
2414 4591 2736 4648 ceciderunt
2753 4591 2831 4657 '7;
2867 4609 2887 4643 ι
2914 4590 3202 4659 totiusque
3225 4587 3354 4643 boni
3405 4596 3490 4644 est
3525 4586 3761 4642 mortiﬁ-

2181 4684 2399 4741 catione
2451 4682 2844 4747 circumdatus,
2887 4682 3013 4738 aliis
3070 4682 3360 4738 sanitatem
3405 4678 3762 4751 porrigeret?

2184 4784 2279 4830 aut
2325 4775 2712 4847 languentibus
2765 4773 3092 4840 quibusdam
3167 4780 3451 4843 praestaret
3500 4771 3760 4833 remedia,

2181 4866 2274 4935 qui
2305 4866 2408 4921 sibi
2442 4864 2692 4919 auxiliari
2724 4879 2832 4917 non
2864 4863 3011 4918 valet
3037 4863 3062 4916 ?
3090 4860 3247 4928 Quod
3275 4861 3400 4931 quis
3438 4860 3621 4922 habet,
3648 4858 3757 4912 hoc

2181 4957 2267 5013 vel
2316 4973 2383 5012 ex
2438 4964 2635 5011 natura
2664 4955 2916 5018 sortitus,
2955 4946 3049 5009 vel
3072 4953 3143 5008 ab
3179 4953 3354 5008 altero
3384 4958 3665 5020 acceptum
3710 4948 3759 5004 si

2182 5046 2508 5103 custodierit
2536 5038 2951 5112 indiminutum,
2984 5044 3235 5100 fortassis
3258 5043 3457 5113 poterit
3514 5041 3580 5095 ad
3618 5040 3757 5095 alios

2185 5141 2385 5211 quibus
2414 5139 2730 5209 impertitur
2784 5135 3080 5192 extendere
3113 5152 3126 5189 :
3158 5143 3211 5188 at
3239 5149 3374 5188 vero
3400 5134 3491 5201 qui
3528 5148 3633 5185 non
3662 5132 3759 5185 ha-

2187 5233 2300 5295 bet,
2332 5229 2611 5299 quomodo
2642 5228 2767 5284 aliis
2795 5229 3038 5284 tribuere
3084 5227 3366 5297 potuerit?

2249 5323 2339 5377 25.
2376 5319 2443 5375 Et
2483 5320 2570 5375 his
2610 5320 2684 5374 ita
2733 5320 2947 5391 positis,
2994 5321 3198 5374 multos
3248 5317 3610 5373 foedissimum
3655 5314 3758 5370 hoc

2179 5413 2508 5470 daemonium
2552 5411 2971 5467 seductionibus
3010 5411 3127 5466 suis
3173 5410 3466 5469 abstraxit,
3501 5416 3554 5461 et
3605 5422 3756 5461 aram

2179 5518 2336 5561 suam
2379 5502 2643 5569 residere,
2678 5518 2774 5575 spe
2811 5501 3142 5572 recipienda:
3187 5486 3460 5565 sanitatis,
3510 5498 3590 5555 vel
3631 5513 3755 5569 per-

2757 5778 2787 5798 ι,
