4020 6204
328 229 464 295 3411

1200 235 1260 294 S.
1302 233 1650 295 SOPHRON
1657 233 1716 295 II
1750 233 2251 298 PATRIARCH:E
2287 235 2684 298 HIEROSOL.

3436 189 3576 298 3m

330 347 594 418 cipiendaa
641 345 960 416 prophetiae,
1015 346 1210 408 suasit,
1260 360 1369 399 non
1431 349 1608 401 solum
1661 347 1894 402 infideli-

2006 353 2336 422 προφητείας
2357 352 2660 415 ἀνέπειθεν,
2682 351 2742 404 οὐ
2765 352 2922 420 μόνον
2941 349 3256 404 ἀπιστοῦσιν
3287 350 3380 404 καὶ
3394 351 3570 421 πάντη

328 437 458 502 bus,
486 444 540 491 et
573 436 788 492 cunctis
821 435 906 489 his
939 435 1030 504 qui
1073 434 1419 504 jussionibus
1445 436 1565 504 ejus
1608 439 1892 507 parebant,

330 528 430 583 sed
475 537 527 583 et
578 527 828 582 fidelibus
877 536 931 580 et
971 525 1283 580 hominibus
1323 526 1416 595 qui
1457 527 1659 582 Christi
1711 538 1896 598 porta-

331 618 462 672 bant
527 615 746 669 indicia.
797 612 954 667 Novit
1004 614 1147 667 enim
1207 614 1412 668 malitia
1457 617 1522 668 ad
1571 630 1631 670 se
1679 617 1896 672 trahere

333 707 660 774 simplicem,
697 703 950 758 fortassis
983 712 1162 758 autem
1197 713 1251 759 et
1293 721 1416 760 eum
1453 708 1547 777 qui
1591 707 1658 760 ad
1703 708 1894 763 melio-

327 811 390 850 ra
421 810 661 866 congrue
679 801 910 864 spectat,
934 794 1039 847 nisi
1071 791 1238 848 Deum
1268 795 1350 848 sui
1378 797 1662 850 custodem
1695 795 1895 851 haheat

327 892 514 939 nutus.
541 883 690 936 Alias
721 890 776 936 et
810 881 974 951 hujus
1000 883 1149 938 urbis
1184 884 1400 938 soboles
1429 885 1658 938 multam
1691 885 1898 953 simpli-

329 973 550 1028 citatem
582 973 865 1035 habentes,
899 980 952 1026 et
993 972 1047 1026 in
1083 972 1436 1042 simplicitate
1467 973 1650 1042 potius
1675 973 1893 1040 agnitae,

331 1063 552 1129 facile_a
575 1064 894 1118 melioribus
923 1064 988 1118 ad
1023 1063 1210 1133 pejora
1239 1071 1544 1128 mutantur,
1572 1072 1627 1118 et
1650 1064 1843 1118 leviter
1865 1079 1896 1118 a

330 1155 514 1210 noxiis
548 1162 1000 1223 corrmnpuntur,
1046 1167 1109 1208 ac
1147 1152 1431 1226 (diﬂicilius
1477 1169 1544 1208 cx
1587 1153 1894 1208 minoribus

328 1243 634 1312 eriguntur,
667 1246 965 1296 multorum
999 1243 1283 1297 oculorum
1324 1249 1562 1297 mentem
1605 1258 1716 1297 non
1762 1244 1900 1298 bene

327 1332 604 1385 oculatam
634 1330 933 1395 habentes;
960 1330 1105 1386 unde
1130 1341 1184 1385 et
1214 1330 1418 1385 Paulus
1452 1346 1576 1386 cum
1617 1331 1754 1388 tales
1784 1330 1899 1387 Ga-

328 1423 470 1478 latas
515 1420 792 1477 vidisset:
837 1440 855 1474 ι
903 1420 1090 1485 Miror,
1140 1421 1237 1486 ait,
1285 1421 1432 1491 quod
1490 1421 1572 1477 sic
1624 1429 1737 1476 tam
1785 1423 1898 1477 cito

330 1510 727 1565 transferimini
781 1510 850 1564 ab
897 1524 963 1565 eo
999 1510 1090 1580 qui
1148 1524 1246 1564 vos
1298 1511 1512 1564 vocavit
1561 1513 1614 1566 in
1663 1512 1896 1582 gratiam

321 1601 534 1655 Christi
556 1601 632 1665 ";
667 1619 686 1652 ι
735 1610 787 1654 et
828 1608 952 1669 post
979 1601 1206 1653 multam
1247 1601 1575 1666 doctrinam,
1607 1601 1902 1671 sapientis-

1995 439 2122 501 τούς
2168 439 2331 493 αὐτοῦ
2385 439 2784 510 προκειμένους
2828 438 3195 509 κελεύσμασιν
3223 477 3239 504 ,
3285 440 3422 494 ἀλλὰ
3476 439 3574 494 καὶ

1997 528 2217 590 πιστοὺς
2267 529 2360 581 καὶ
2391 528 2627 599 Χριστοῦ
2658 528 2727 581 τὰ
2765 527 3007 597 σύμϐολα
3049 528 3332 598 φέροντας.
3388 531 3571 583 Δεινδν

1997 618 2105 688 γὰρ
2135 621 2167 687 ἡ
2205 619 2369 672 κακία
2399 619 2532 688 πρὸς
2561 619 2757 689 ἑαυτὴν
2784 619 3018 673 ἕλκουσα
3043 619 3134 672 τὸν
3162 621 3391 685 ἄκακον,
3423 622 3566 691 τάχα

1995 709 2052 762 δὲ
2082 710 2175 763 καὶ
2199 711 2290 762 τὸν
2339 711 2619 781 ἀραρότως
2647 710 2784 781 πρὸς
2807 711 2876 764 τὰ
2903 709 3194 782 κρείσσονα
3219 711 3469 777 νεύοντα,
3516 714 3567 765 εί

2001 798 2074 869 μὴ
2090 799 2220 851 Θεὸν
2236 797 2452 866 φύλακα
2479 817 2578 870 της
2600 799 2760 856 αὐτοῦ
2788 801 3050 870 κτήσαιτο
3067 804 3321 865 νεύσεως.
3353 802 3570 866 Ἀλλως

1995 888 2052 941 δὲ
2081 889 2174 941 καὶ
2207 889 2256 941 οἱ
2297 887 2486 942 τούτου
2517 888 2610 942 τοῦ
2641 890 2849 952 ἄστεως
2905 888 3117 957 ἔκγονοι
3170 889 3304 942 πολύ
3345 891 3406 944 τδ
3436 891 3568 945 ἀκέ-

1999 997 2150 1050 ραιον
2201 979 2442 1050 ἔχοντες,
2500 980 2596 1034 καὶ
2653 981 2849 1050 μᾶλλον
2903 982 2961 1034 ἐν
2995 982 3264 1052 ἁπλότητι
3303 981 3572 1052 γνωριζόο

2002 1085 2180 1137 μενοι,
2234 1069 2472 1138 εὐχερῶς
2513 1069 2621 1121 τῶν
2659 1069 2896 1139 ἀρίστων
2951 1069 3042 1122 ἐπὶ
3079 1071 3149 1123 τά
3211 1069 3379 1140 χείρω
3434 1069 3567 1141 μεθ-

2003 1160 2262 1238 ίστανται,
2314 1160 2406 1212 καὶ
2444 1160 2640 1229 ῥαδίως
2701 1159 2984 1230 βλαϐεροῖς
3044 1160 3513 1229 παραφθείρονται
3552 1199 3570 1225 ,

1999 1253 2094 1304 καὶ
2144 1251 2420 1321 δυσχερῶς
2475 1253 2542 1303 ὲκ
2584 1252 2690 1302 τῶν
2733 1253 3060 1321 ἡττωμένων
3107 1252 3401 1319 ἀνάγονται
3431 1291 3446 1313 ,
3478 1251 3570 1304 τὸν

2000 1341 2380 1409 πολυόμματον
2433 1341 2557 1395 νοῦν
2609 1343 2708 1394 οὐκ
2770 1341 3080 1411 εὐόμματον
3137 1340 3372 1411 ἔχοντες.
3407 1341 3576 1395 Ὀθεν

2001 1431 2096 1484 καὶ
2155 1430 2366 1494 Παῦλος
2441 1431 2718 1494 τοιούτους
2772 1431 2898 1495 τούς
2962 1431 3208 1494 Γαλάτας
3280 1431 3574 1500 θεώμενος,

2010 1537 2028 1569 ι
2066 1515 2364 1588 Θαυμάζω,
2399 1520 2585 1588 φησιν,
2622 1519 2739 1584 πῶς
2771 1519 2942 1581 οὕτως
2968 1519 3176 1588 ταχέως
3223 1516 3575 1588 μετατίθεσθε

2001 1609 2108 1662 ἀπὸ
2135 1609 2227 1663 τοῦ
2261 1610 2587 1674 καλέσαντος
2616 1611 2755 1680 ὑμᾶς
2800 1613 2859 1663 ὲν
2891 1611 3072 1680 χάριτι
3109 1609 3344 1679 Χριστοῦ
3374 1625 3390 1640 ·
3423 1629 3442 1660 ι
3480 1610 3576 1662 καὶ

329 1694 638 1762 simamque
687 1691 1133 1755 admonitionem,
1164 1700 1562 1760 consequenter
1589 1707 1686 1747 eos
1720 1693 1903 1748 insen—

2010 1699 2147 1771 μετὰ
2169 1700 2369 1771 πολλὴν
2399 1701 2748 1754 διδασκαλίαν
2775 1703 2867 1754 καὶ
2899 1700 3218 1769 σοφωτάτην
3249 1698 3576 1769 παραίνεσιν

328 1791 476 1838 satus
523 1798 645 1838 esse
701 1780 1029 1836 testificatus
1074 1791 1179 1836 est.
1242 1782 1415 1837 Porro
1472 1798 1594 1837 cum
1646 1782 1904 1840 Hebraeos

326 1875 468 1930 lacte
501 1875 680 1929 adhuc
726 1889 908 1944 egero,
941 1883 995 1928 et
1035 1875 1424 1930 inexercitatos
1464 1876 1666 1931 habere
1710 1878 1904 1932 animae

329 1981 528 2021 sensus
601 1965 670 2019 ad
719 1966 1110 2021 discretionem
1169 1965 1299 2020 mali
1356 1976 1410 2021 et
1468 1968 1596 2022 boni
1653 1968 1944 2034 vidisset,

327 2054 630 2110 imbecilles
659 2055 856 2108 merito
885 2064 938 2108 et
968 2054 1228 2124 parvulos
1263 2055 1566 2111 nominavit
1599 2059 1666 2111 ”.
1706 2058 1906 2113 Corin-

329 2145 463 2199 thiis
489 2153 694 2210 autem,
718 2147 809 2214 qui
833 2146 1160 2213 deprehensi
1183 2145 1404 2201 fuerant
1431 2161 1555 2202 cum
1582 2150 1907 2218 periclitan-

331 2237 478 2291 tibus
511 2252 701 2306 sapere
738 2254 752 2290 :
790 2255 808 2287 ι
849 2235 1062 2302 Timeo,
1098 2237 1298 2307 inquit,
1329 2252 1396 2293 ne
1425 2238 1590 2304 forte,
1618 2239 1762 2294 sicut
1790 2255 1907 2295 ser-
1953 2254 1958 2257 '

329 2343 468 2398 pens
509 2328 728 2383 seduxit
755 2327 922 2382 Evam
972 2329 1037 2382 in-
1077 2330 1281 2384 astutia
1330 2344 1453 2395 sua,
1483 2342 1906 2402 corrumpantur

331 2437 526 2478 sensus
554 2424 723 2478 vestri
754 2438 784 2477 a
821 2423 1173 2492 simplicitate
1199 2431 1252 2477 et
1275 2424 1549 2488 castitate,
1577 2441 1699 2496 quae
1723 2433 1808 2481 est.
1851 2427 1903 2479 in

329 2515 550 2570 Christo
597 2516 661 2570 ³⁸.
719 2534 738 2566 ι
778 2515 1055 2585 Sapientia
1099 2530 1317 2585 quoque
1350 2517 1590 2570 animum
1648 2517 1741 2586 qui
1789 2519 1906 2572 sine

331 2605 540 2658 malitia
575 2613 660 2659 est
687 2603 842 2660 facile
867 2607 1227 2660 transmutari
1269 2605 1424 2669 dicit,
1451 2613 1507 2660 et
1548 2606 1755 2661 idcirco
1790 2607 1905 2661 dari

331 2697 588 2749 astutiam
630 2696 1032 2758 innocentibus,
1078 2698 1262 2766 pueris
1298 2708 1478 2751 autem
1512 2707 1566 2752 et
1608 2698 1905 2767 juvenibus

331 2785 698 2856 prudentiam,
728 2800 1060 2856 sensumque
1083 2801 1145 2840 ac
1177 2787 1532 2841 intellectum.

401 2877 491 2930 26.
534 2877 641 2932 Sed
676 2878 766 2932 ille
806 2878 1046 2948 Cyrillus
1079 2879 1353 2948 egregius,
1394 2888 1584 2948 pastor
1611 2879 1808 2944 bonus,
1845 2887 1899 2934 ct

331 2967 536 3023 Christi
590 2969 720 3024 boni
777 2971 1015 3040 pastoris
1060 2969 1366 3038 discipulus
1409 2976 1463 3023 et
1501 2978 1763 3036 sectator,
1805 2973 1902 3040 qui

2007 1790 2232 1854 εἰκότως
2273 1792 2456 1856 αὐτοῖς
2487 1793 2867 1863 ἐμαρτύρησεν
2898 1793 2958 1846 τδ
2990 1792 3215 1861 ἀνόητον
3237 1808 3252 1823 ο
3293 1791 3577 1870 Ἐϐραίους

2007 1882 2064 1934 δὲ
2105 1882 2320 1951 βλέπων
2371 1883 2449 1935 ἔτι
2483 1881 2783 1954 χρῄζοντας
2827 1883 3116 1951 γάλακτος,
3157 1884 3250 1936 καὶ
3283 1882 3466 1951 γυμνά
3506 1883 3577 1936 τὰ

2004 1974 2101 2041 τῆς
2132 1971 2309 2042 ψυχῆς
2337 1972 2666 2043 αἰσθητήρια
2692 1974 2828 2043 πρὸς
2853 1973 3123 2044 διάκρισιν
3160 1974 3327 2028 καλοῦ
3359 1975 3454 2028 καὶ
3480 1973 3574 2026 τοῦ

2006 2065 2248 2135 χείρονος
2277 2065 2520 2135 ἔχοντας,
2560 2064 2786 2133 νοθρούς
2836 2063 3001 2128 ἀξίως
3036 2064 3128 2117 καὶ
3166 2064 3391 2132 νηπίους
3444 2064 3574 2116 ὠνό-

2011 2171 2182 2224 μασεν
2201 2170 2216 2186 ο
2248 2155 2558 2226 Κορινθίοις
2595 2158 2707 2217 τοῖς
2734 2154 3095 2225 προλαϐοῦσιν
3138 2159 3433 2224 σωφρονεῖν
3459 2172 3573 2206 κιν-

2005 2245 2338 2310 δυνεύουσιν,
2372 2266 2390 2296 ι
2429 2245 2519 2316 Μή
2571 2259 2686 2308 πως
2731 2245 2806 2308 ὡς
2833 2247 2861 2298 6
2891 2246 3034 2314 δφις.
3068 2245 3194 2316 ἔφη,
3234 2245 3576 2314 ἐξηπάτησεν

2010 2335 2150 2389 Εὕαν
2180 2338 2238 2388 ὲν
2280 2337 2346 2405 τῇ
2389 2335 2692 2406 πανουργίᾳ
2749 2335 2911 2388 αὐτοῦ
2937 2374 2953 2398 ,
2991 2333 3186 2404 φθείρῃ
3223 2334 3290 2386 τὰ
3332 2334 3576 2401 νοήματα

2009 2425 2160 2498 ᾰμῶν
2189 2427 2296 2480 ἀπὸ
2327 2427 2428 2496 τῆς
2465 2426 2767 2494 ἁπλότητος
2807 2427 2901 2479 καὶ
2930 2424 3030 2494 τῆς
3055 2423 3350 2493 άγνότητος
3379 2423 3476 2492 τῆς
3498 2424 3577 2485 εἰς

2006 2525 2095 2571 τὸν
2124 2514 2375 2586 Χριστόν.
2411 2534 2428 2567 ι
2465 2516 2530 2568 Ἦ
2563 2515 2618 2568 δὲ
2639 2516 2806 2584 Σοφία
2828 2515 2922 2568 τὸν
2943 2517 3111 2568 κακὸν
3141 2512 3264 2566 νοῦν
3295 2512 3576 2581 εὐμαρῶς,

2009 2611 2191 2679 φησιν,
2219 2605 2661 2679 μεταλλεύεσθαι,
2687 2605 2782 2657 καὶ
2808 2603 2898 2656 διὰ
2914 2603 3070 2656 τοῦτο
3105 2603 3306 2656 διδόναι
3337 2618 3576 2672 πανουρ⁸

2007 2699 2132 2765 γίαν
2177 2697 2425 2758 ἁκάκοις,
2495 2695 2682 2748 παισὶν
2735 2692 2793 2746 δὲ
2833 2694 2929 2745 καὶ
2981 2692 3123 2755 νέοις
3176 2691 3235 2744 τὸ
3292 2691 3574 2762 φρόνημα,

2008 2786 2258 2855 αἴσθησίν
2283 2804 2343 2839 τε
2375 2786 2468 2838 καὶ
2505 2785 2712 2838 ἔννοιαν
2735 2782 3154 2852 ἐπαγγέλλεται.

2078 2883 2186 2941 κςδ.
2222 2875 2360 2928 Ἀλλ’
2395 2876 2421 2927 6
2451 2874 2740 2936 θεσπέσιος
2775 2871 3039 2944 Κύριλλος
3063 2872 3091 2922 6
3126 2871 3330 2941 ποιμὴν
3361 2872 3389 2923 6
3420 2869 3578 2933 καλὸς

2009 2968 2103 3019 καὶ
2133 2964 2364 3036 Χριστοῦ
2404 2963 2496 3016 τού
2535 2963 2701 3015 καλοῦ
2734 2961 2992 3030 ποιμένος
3026 2959 3272 3031 μαθητὴς
3319 2960 3412 3034 καὶ
3450 2959 3576 3012 ἀκόα

333 3072 546 3126 semper
604 3066 660 3112 et
727 3059 834 3113 diei
884 3069 1138 3113 caumate
1190 3058 1560 3121 cremabatur,
1615 3070 1670 3114 et
1718 3063 1898 3118 noctis

2006 3058 2210 3120 λουθος,
2241 3058 2325 3111 ἀεὶ
2370 3055 2447 3126 τῷ
2485 3056 2581 3125 τῆς
2621 3054 2833 3125 ἡμέρας
2866 3053 3110 3123 καύματι
3158 3052 3575 3120 συγκαιόμενος,

331 3151 506 3220 glacie
539 3151 930 3220 stringebatur,
969 3152 1172 3221 quique
1219 3153 1287 3206 ab
1319 3153 1495 3206 oculis
1529 3169 1779 3208 somnum
1816 3171 1901 3208 rc-

334 3241 569 3309 pcllebat
609 3249 663 3296 et
711 3241 1008 3304 avertebat,
1044 3249 1103 3296 ut
1132 3242 1558 3299 lucubranttbus
1593 3245 1808 3300 visibus
1843 3255 1898 3300 et

332 3333 481 3402 vigili
515 3343 696 3388 mente
729 3332 1032 3386 custodiret
1059 3347 1215 3398 oves,
1257 3350 1329 3389 ne
1366 3334 1512 3389 furto
1545 3337 1738 3391 ablata:
1779 3336 1900 3391 fue-

333 3427 444 3478 rint
481 3433 536 3479 et
569 3433 961 3486 mactarentur,
993 3432 1047 3478 et
1081 3427 1461 3492 perderentnr,
1509 3429 1593 3480 vel
1642 3441 1671 3480 a
1710 3428 1899 3482 bestiis

333 3527 693 3583 caperentur;
727 3515 807 3569 sic
836 3515 977 3569 enim
1010 3523 1064 3570 et
1089 3515 1262 3571 furem
1288 3524 1340 3570 et
1370 3517 1542 3572 feram
1573 3517 1899 3584 Nestorium,

333 3605 599 3658 latronem
631 3604 792 3659 simul
842 3615 896 3658 et
933 3605 1119 3674 lupum
1170 3608 1470 3676 perspexit,
1507 3615 1561 3662 et
1604 3623 1633 3662 a
1675 3609 1901 3663 mandra

334 3697 612 3750 insecutus
659 3705 760 3761 est,
794 3707 955 3766 atque
1003 3696 1331 3753 inefﬁcacem
1375 3701 1581 3768 pepulit
1628 3701 1698 3754 ab
1747 3699 1899 3764 ovili,

332 3786 532 3841 illaesas
585 3801 712 3839 oves
764 3787 1122 3853 custodiens;
1177 3787 1437 3857 Cyrillus,
1516 3789 1762 3857 inquam,
1807 3789 1898 3858 qui

332 3893 458 3930 cum
498 3877 783 3946 Theophili
805 3879 1059 3934 avunculi
1092 3879 1178 3933 sui
1221 3888 1276 3932 et
1301 3879 1632 3945 przesulatus
1675 3889 1905 3934 essetet

333 3969 436 4023 zeli
483 3984 792 4033 successor,
842 3969 1217 4024 seductionem
1264 3967 1532 4021 daemonis
1578 3968 1817 4034 intuens,
1849 3978 1904 4024 et

333 4059 576 4114 fidelium
632 4061 908 4115 laesionem
960 4058 1328 4125 conspiciens,
1360 4056 1665 4112 Salvatoris
1711 4073 1904 4115 servus
1947 4111 1954 4118 .

332 4147 581 4213 edectus,
624 4155 684 4200 ut
712 4152 956 4201 cessaret
983 4145 1210 4207 malum,
1243 4143 1624 4212 daemonisque
1661 4145 1906 4201 destrue-

332 4248 525 4294 rentur
549 4239 950 4308 phantasmata,
970 4245 1026 4290 et
1057 4236 1298 4305 perfecta
1329 4236 1534 4306 populo
1564 4236 1902 4306 pmbcretur

331 4327 582 4381 veritatis
608 4327 838 4396 agnitio,
858 4339 923 4378 ac
945 4324 1144 4379 divinat
1165 4325 1336 4394 ipsius
1362 4326 1695 4394 cognitionis
1720 4343 1899 4392 atnor,

333 4428 588 4488 precatus
625 4428 740 4480 est;
767 4416 909 4470 Deus
939 4422 1119 4469 autem
1150 4415 1418 4472 maturius
1443 4415 1632 4470 famuli
1665 4419 1748 4471 sui
1778 4433 1902 4488 pre-

334 4509 491 4561 cibus
524 4508 781 4562 admissis
806 4518 860 4561 et
880 4506 1062 4562 cordis
1084 4507 1412 4562 voluntatem
1436 4508 1606 4573 dedit,
1623 4517 1679 4564 ct
1701 4509 1904 4566 effusas

333 4614 434 4667 pro
456 4598 702 4653 fidelibus
733 4598 852 4652 suis
875 4597 1170 4666 petitiones
1201 4598 1479 4667 implevit;
1505 4601 1649 4654 oculi
1686 4601 1903 4657 Domini

336 4705 500 4758 super
523 4689 720 4758 justos,
743 4698 797 4744 et
825 4703 987 4742 aures
1010 4687 1129 4756 ejus
1147 4688 1216 4742 ad
1242 4703 1432 4758 preces
1451 4705 1641 4745 eorum
1671 4693 1738 4726 ⁸ο·
1761 4709 1778 4758 ;
1811 4708 1908 4748 νο-

334 4781 599 4834 luntatem
639 4780 782 4833 enim
822 4792 1014 4833 revera
1043 4779 1348 4834 timentium
1382 4795 1442 4836 se
1466 4781 1653 4848 faciet,
1675 4791 1733 4838 et
1781 4799 1905 4838 ora-

333 4871 517 4926 tiones
535 4885 722 4924 eorum
745 4869 1027 4934 exaudiet;
1051 4869 1309 4938 quoniam
1333 4885 1499 4941 prope
1514 4880 1599 4926 est
1623 4874 1904 4938 omnibus,

336 4963 430 5028 qui
453 4960 706 5014 invocant
725 4975 849 5014 eum
880 4961 934 5014 in
955 4960 1186 5015 veritate
1199 4959 1306 5016 ³⁰””.
1325 4963 1387 5015 Et
1405 4961 1902 5034 daemonisquidem

335 5053 502 5122 fregit
539 5053 933 5120 operationem,
965 5053 1138 5122 plebis
1174 5060 1354 5107 autem
1399 5053 1771 5110 infirmitatem
1805 5072 1906 5112 cu-

336 5146 508 5211 ravit;
539 5145 632 5198 uni
667 5148 812 5200 enim
839 5144 992 5214 justo
1019 5145 1162 5200 Deus
1189 5145 1340 5199 mille
1369 5154 1684 5215 peccatores
1714 5147 1898 5212 donat,

337 5243 392 5290 et
459 5236 716 5304 populum
766 5251 875 5289 non
940 5251 1221 5305 nunquam
1275 5237 1363 5305 pie
1431 5237 1902 5306 supplicanti;sic

337 5327 481 5380 enim
530 5337 584 5381 et
649 5325 751 5380 Lot
795 5327 1069 5382 civitatem
1134 5327 1403 5394 integram
1445 5326 1693 5393 donavit,
1737 5342 1904 5399 super

339 5416 602 5484 petitione
631 5416 934 5474 admiratus
962 5432 1087 5473 eum
1135 5425 1191 5473 et
1238 5416 1407 5483 facie;
1445 5424 1502 5473 et
1528 5415 1701 5488 Moysi
1739 5417 1903 5474 Israel

410 5591 453 5621 "
482 5591 656 5648 Galat.
691 5611 727 5660 ι,
763 5595 813 5650 6.
891 5598 933 5629 ³⁸
968 5593 1132 5650 liebr.
1165 5611 1216 5660 v,
1254 5594 1340 5650 12.
1416 5594 1460 5628 ³⁸
1496 5592 1541 5648 II
1569 5593 1695 5648 Cor.
1731 5609 1799 5660 τι,
1832 5594 1884 5648 5.

2010 5593 2040 5626 "
2073 5594 2215 5650 Psal.
2251 5607 2441 5659 xum,
2475 5593 2558 5646 16.

2009 3152 2104 3205 καὶ
2134 3151 2208 3220 τῷ
2240 3149 2459 3218 παγετῷ
2507 3149 2604 3216 τῆς
2644 3147 2835 3209 νυκτὸς
2862 3163 2924 3198 συ
2937 3145 3305 3215 μπηγόμενος,
3355 3143 3580 3196 καὶτῶν

2007 3243 2270 3312 ὀμμάτων
2317 3241 2408 3294 τὸν
2451 3239 2616 3292 ὐπνον
2641 3237 2884 3306 ἀφιστῶν
2927 3238 3022 3289 καὶ
3051 3235 3442 3304 τροπούμενος,
3493 3233 3580 3284 ἵνα

2007 3333 2302 3403 άγρύπνοις
2350 3333 2590 3401 δμμασιν
2634 3329 2728 3381 καλ.
2783 3328 3068 3398 ἐγρηγόρῳ
3109 3327 3186 3395 τῷ
3223 3325 3297 3394 νῷ
3341 3324 3582 3394 φυλάττῃ

2007 3429 2075 3481 τὰ
2097 3425 2363 3497 πρόϐατα,
2391 3426 2482 3476 καὶ
2509 3423 2581 3493 μὴ
2611 3422 2926 3474 κλέπτοιντο
2959 3421 3051 3472 καὶ
3076 3418 3286 3470 θύοιντο
3303 3418 3393 3469 καὶ
3418 3415 3582 3468 ἀπόλ-

2007 3519 2182 3572 λοιντο
2238 3515 2374 3586 μηδὲ
2435 3514 2746 3584 θηριάλωτα
2777 3510 3049 3580 γίγνοιντο
3085 3526 3100 3540 ο
3155 3509 3298 3561 οὐτω
3339 3508 3446 3576 γὰρ
3490 3507 3582 3558 καὶ

2007 3606 2099 3660 τὸν
2151 3603 2354 3675 φθορέα
2396 3604 2491 3656 κού⁹
2533 3601 2675 3671 θῆρα
2708 3599 3018 3669 Νεστόριον,
3053 3596 3253 3668 λῃστὴν
3301 3595 3434 3665 ὁμοῦ
3490 3595 3584 3647 καὶ

2008 3697 2170 3750 λύκον
2197 3697 2500 3764 ἐφώρασεν,
2545 3692 2640 3744 καὶ
2675 3690 2772 3760 τῆς
2814 3689 3052 3760 μάνδραις
3079 3688 3315 3751 ἐδίωξεν,
3354 3687 3447 3738 καὶ
3482 3684 3582 3748 τῆς

2011 3788 2248 3856 ποίμνης
2291 3783 2571 3854 ἀπήλασεν
2621 3782 2922 3851 ἄπρακτον,
2958 3783 3026 3832 τὰ
3057 3779 3304 3849 πρόϐατα
3342 3775 3582 3841 φυλάξας

2010 3877 2284 3946 άλώϐητα.
2325 3876 2590 3946 Κύριλλος
2638 3874 2667 3925 ὁ
2719 3872 2979 3938 Θεοφίλου
3012 3871 3107 3924 τοῦ
3157 3870 3302 3922 θείου
3341 3869 3435 3921 καὶ
3486 3867 3583 3934 τῆς

2009 3967 2184 4036 ἀρχῆς
2206 3968 2300 4017 καὶ
2333 3963 2424 4016 τοῦ
2443 3963 2605 4033 ζήλου
2643 3962 2925 4030 τυγχάνων
2949 3960 3210 4029 διάδοχος,
3249 3959 3345 4027 τὴν
3369 3959 3583 4023 ἀπάτην

2012 4054 2230 4124 βλέπων
2273 4051 2363 4105 τοῦ
2401 4051 2673 4122 δαίμονος,
2719 4054 2812 4104 καὶ
2855 4051 2963 4103 τῶν
2999 4049 3208 4102 πιστῶν
3239 4048 3336 4119 τὴν
3380 4047 3586 4116 βλάϐην

2011 4145 2300 4216 θεώμενος,
2321 4143 2415 4196 τοῦ
2436 4145 2684 4213 Σωτῆρος
2724 4143 2910 4212 ίκέτης
2959 4142 3196 4207 ἐγένετο,
3251 4142 3345 4192 καὶ
3376 4138 3580 4191 παῦσαι

2010 4239 2071 4293 τὸ
2100 4238 2266 4292 κακὸν
2289 4236 2618 4297 ἑλιτάνευεν,
2651 4234 2746 4287 τοῦ
2773 4251 2830 4286 τε
2857 4236 3112 4303 δαίμονος
3139 4232 3485 4302 καταργῆσαι
3514 4231 3583 4282 τὰ

2013 4331 2270 4399 φάσματα
2289 4369 2303 4392 ,
2355 4329 2447 4380 καὶ
2479 4326 2690 4379 τελείαν
2717 4325 2796 4395 τῷ
2826 4325 2939 4394 λαῷ
2982 4325 3284 4392 παρασχεῖν
3312 4322 3410 4391 τῆς
3451 4321 3581 4386 άλη-

2007 4421 2156 4485 θείας
2213 4420 2531 4487 ἐπίγνωσιν,
2577 4422 2674 4470 καὶ
2725 4417 2822 4484 τῆς
2877 4415 3041 4468 αὐτοῦ
3099 4414 3426 4482 θεογνωσίας
3494 4411 3586 4464 τὸν

2008 4512 2186 4583 ἔρωτα
2210 4527 2224 4541 ’
2253 4510 2427 4573 ὁΘεδς
2454 4511 2512 4562 δὲ
2539 4508 2731 4561 θᾶττον
2760 4509 2858 4569 τὰς
2883 4507 2976 4560 τοῦ
3013 4507 3341 4576 θεράποντος
3375 4504 3585 4574 δεήσεις

2007 4603 2318 4673 δεξάμενος,
2359 4602 2451 4654 καὶ
2483 4601 2544 4653 τὸ
2571 4603 2669 4669 τῆς
2699 4600 2922 4670 καρδίας
2953 4598 3166 4665 θέλημα
3195 4596 3445 4658 δέδωκεν,
3484 4594 3582 4647 καὶ

2010 4695 2109 4756 τὰς
2155 4694 2296 4764 ὑπὲρ
2325 4692 2434 4745 τῶν
2461 4692 2668 4744 πιστῶν
2695 4692 2938 4760 αίτήσεις
2970 4688 3107 4758 ὲπλή
3120 4703 3312 4756 ρωσεν.
3355 4685 3584 4753 Ὀφθαλ-

2018 4785 2110 4855 μοὶ
2141 4785 2250 4854 γὰρ
2287 4783 2493 4853 Κυρίου
2548 4783 2641 4834 ἐπὶ
2678 4780 2940 4844 δικαίους,
2991 4780 3083 4832 καὶ
3120 4771 3235 4830 ὦτα
3287 4775 3452 4829 αὐτού
3503 4777 3583 4836 εἰς

2007 4873 2190 4945 δέησιν
2229 4873 2440 4926 αὐτῶν·
2487 4871 2698 4942 θέλημα
2741 4871 2851 4940 γὰρ
2888 4871 3056 4931 ὅντως
3095 4868 3203 4920 τῶν
3232 4867 3586 4936 φοϐουμένων

2008 4966 2189 5020 αὐτῶν
2217 4965 2454 5034 ποιήσει,
2493 4964 2588 5018 καλ
2615 4964 2712 5032 τῆς
2743 4961 2980 5030 δεήσεως
3032 4958 3209 5011 αὐτῶν
3264 4953 3579 5009 εἱσακούσε-

2007 5072 2100 5111 ται
2126 5072 2140 5087 ·
2183 5047 2491 5124 ὶπειδήπερ
2547 5053 2715 5120 ἐγγὺς
2766 5053 2932 5104 πᾶσιν
2973 5052 3087 5112 τοῖς
3137 5047 3585 5115 ἐπικαλουμένοις

2007 5145 2171 5198 αὐτὸν
2209 5146 2267 5196 ἐν
2333 5143 2558 5212 ἀληθείᾳ
2608 5141 2943 5210 καθέστηκεν
2979 5155 2993 5168 ·
3043 5139 3134 5192 καὶ
3184 5137 3274 5190 τοῦ
3329 5137 3428 5204 μὲν
3473 5136 3586 5187 δαί-

2012 5251 2170 5305 μονος
2227 5233 2490 5302 ἔθραυσεν
2533 5233 2643 5303 τεὴν
2685 5231 3004 5300 ἐνέργειαν,
3037 5227 3134 5280 τοῦ
3193 5227 3249 5279 δε·
3303 5225 3431 5277 λαού
3488 5227 3584 5292 τὴν

2009 5324 2296 5380 ἀσθένειαν
2345 5323 2729 5394 ἐθεράπευσεν.
2762 5321 2876 5374 Ἑνὶ
2909 5321 3018 5391 γὰρ
3056 5320 3249 5388 δικαίῳ
3285 5321 3314 5372 ὁ
3341 5317 3470 5378 Θεὸς
3501 5332 3586 5382 χι-

2011 5414 2158 5476 λίους
2227 5413 2539 5484 χαρίζεται·
2593 5413 2686 5466 καὶ
2731 5412 2847 5482 λαῷ
2881 5411 3136 5472 πολλάκις
3201 5407 3436 5468 εὐσεϐῶς
3476 5407 3586 5458 ίκε-

2639 5589 2750 5624 ³⁸η*
2781 5588 2924 5645 Psal.
2951 5603 3143 5654 chtv,
3169 5587 3253 5652 19,
3276 5586 3365 5641 20.
