4020 6204
440 361 580 431 3513
1388 373 1681 438 LAUDES
1706 377 1787 438 IN
1818 377 1919 438 SS.
1952 376 2014 435 Cl

2117 374 2208 434 ΠΜ
2230 373 2325 433 ΕΤ
2351 372 2724 434 ΙῸΑΝΝΕΜ.
3554 371 3715 437 341ιίι

440 474 672 529 τεύοντι.
706 474 860 528 Οὕτω
892 474 998 548 γὰρ
1028 476 1122 530 καὶ
1145 477 1222 547 τῷ
1252 478 1375 533 Λὼτ
1405 479 1503 551 τὴν
1540 481 1696 535 πόλιν
1719 483 2012 553 ὁλόκληρον

2118 490 2427 551 peccantem
2468 495 2610 550 saepe
2640 478 2885 535 denavit.
2919 478 2993 532 lta
3044 486 3099 533 et
3140 477 3343 546 Cyrillo
3388 476 3534 532 Deus
3564 493 3689 533 cum

440 566 734 638 ἐχαρίσατο
763 568 854 621 ἐπὶ
898 571 964 639 τῇ
1002 568 1218 640 αἰτήσει
1270 572 1558 642 θαυμάσας
1606 573 1772 627 αὐτοῦ
1818 573 1917 627 καὶ
1953 574 2014 626 τὸ

2119 581 2265 630 esset
2292 573 2494 643 justus,
2524 582 2577 625 et
2618 586 2751 627 suus
2784 571 2958 625 instar
2986 567 3088 623 Lot
3133 577 3189 624 et
3236 568 3405 641 Moysi
3433 567 3692 634 famulus,

440 657 734 728 πρόσωπον
757 673 770 688 ⁸
798 656 892 712 καὶ
921 656 998 729 τῷ
1020 658 1244 714 Μωῢσεῖ
1266 660 1357 714 τὸν
1386 661 1601 733 Ἰσραὴλ
1626 664 2010 733 ἁμαρτάνοντα

2123 673 2289 716 totam
2317 661 2592 716 civitatem
2618 668 2673 714 et
2712 659 2966 730 populum
2998 664 3171 711 totum
3200 657 3445 714 donavit.
3597 646 3613 660 ’

441 748 701 813 πολλάκις
760 748 1055 819 δεδώρηται
1087 766 1103 781 ο
1157 748 1297 804 οὕτω
1354 751 1447 804 καὶ
1501 752 1753 823 Κυρίλλῳ
1802 751 1935 814 Θεὸς
1983 750 2176 822 δικαίῳ
2222 749 2564 820 τυγχάνοντι,
2620 750 2715 800 καὶ
2773 746 2911 801 κατά
2941 745 3065 799 Λὼτ
3115 744 3283 799 αὑτοῦ
3320 746 3413 798 καὶ
3457 746 3694 803 Μωῦσία

441 838 733 909 θεράποντι
752 878 766 901 ,
800 838 952 892 πόλιν
1009 839 1139 912 ὅλην
1186 842 1283 895 καὶ
1332 841 1451 896 ὅλον
1494 841 1620 897 λαὸν
1672 843 2001 916 ἐδωρήσατο.

512 929 614 997 κζ’.
653 932 765 986 Καὶ
809 930 875 1003 δὴ
898 922 1116 1003 νύκτωρ
1163 932 1309 1005 αὐτῷ
1342 936 1463 1006 μεθ’
1520 936 1756 1001 ἱκετείας
1810 937 2009 992 καθεύο

2189 934 2279 989 27.
2322 933 2389 989 Et
2434 948 2563 989 ecce
2598 938 2763 987 noctu
2815 939 2871 987 et
2919 937 3043 1001 post
3089 931 3524 1003 supplicationes
3566 932 3697 987 dor-

438 1022 604 1087 δοντι,
664 1023 731 1076 δι’
790 1023 1023 1092 ἀγγέλου
1071 1024 1133 1078 τὸ
1185 1025 1457 1095 πρακτέον
1506 1028 1800 1098 ἐμήνυσεν,
1834 1029 2014 1099 Κῦρον

2122 1024 2313 1080 mienti
2344 1040 2421 1092 pe.
2473 1022 2725 1093 angelum
2771 1022 2903 1090 quid
2950 1029 3098 1076 esset
3149 1020 3423 1092 agendum
3486 1020 3700 1092 signiti—

443 1112 706 1178 κελεύσας
728 1114 820 1168 τὸν
842 1114 1085 1185 ἀοίδιμον
1116 1115 1369 1188 μάρτυρα
1416 1117 1524 1171 ἀπὸ
1552 1118 1645 1173 τοῦ
1666 1120 1896 1192 Μάρκου
1917 1119 2013 1173 τοῦ

2120 1118 2286 1181 cavit,
2330 1117 2532 1186 Cyrum
2569 1115 2768 1183 iubens
2820 1114 3231 1179 memorabilem
3281 1124 3578 1185 martyrem
3625 1114 3720 1168 ah,-

440 1204 735 1259 Θεσπεσίου
782 1205 886 1261 νεὼ
921 1207 1054 1274 πρὸς
1103 1207 1194 1261 τὸν
1222 1207 1331 1261 τῶν
1368 1208 1563 1277 ’Δγίων
1599 1209 2017 1280 Εὑαγγελιστῶν

441 1298 608 1368 σηκὸν
633 1298 1100 1368 μεταστήσασθαι,
1131 1300 1299 1370 ὅνπερ
1320 1302 1348 1354 ό
1392 1301 1763 1373 προεδρεύσας
1818 1302 2014 1373 Θεόφι-

439 1389 533 1451 λος
564 1389 622 1441 ὲν
645 1389 781 1459 αὐτῇ
811 1390 875 1460 τῇ
909 1389 1071 1462 κώμῃ
1097 1389 1348 1463 Μενουθῇ
1387 1387 1458 1463 ἦν
1507 1392 1907 1465 ὃομησάμενος,
1956 1394 2029 1448 ἐν

439 1472 475 1553 ᾖ
507 1479 601 1532 καὶ
621 1479 680 1532 τὸ
707 1479 924 1533 είόωλον
945 1478 1147 1550 ἵδρυτο,
1174 1482 1268 1534 καὶ
1311 1482 1373 1538 τὸ
1426 1484 1705 1554 δαιμόνιον
1739 1483 2018 1538 ἐπεπόλα-

438 1568 554 1636 ζεν.
584 1570 786 1624 Τοῦτον
808 1568 1074 1641 Κύριλλος
1122 1574 1151 1624 ὁ
1185 1573 1488 1644 θαυμάσιος
1525 1572 1617 1628 τὸν
1647 1576 1898 1647 χρησμὸν
1946 1577 2014 1630 δι’

438 1661 672 1729 ἀγγέλου
699 1660 1013 1730 δεξάμενος,
1047 1662 1140 1716 ἐπὶ
1164 1663 1394 1735 Μάρκον
1419 1663 1513 1719 τὸν
1566 1663 1722 1734 ἀγιον
1752 1665 2013 1736 ἔδραμεν,

438 1752 533 1805 καὶ
576 1750 638 1804 τὸ
677 1751 873 1804 σεπτὸν
920 1750 1235 1821 ἐκκαλύψας
1293 1752 1481 1822 Κύρου
1532 1752 1823 1825 σπιρίδιον,
1860 1755 2009 1809 ἔνδον

439 1843 538 1898 σὺν
566 1841 717 1909 αὐτῷ
744 1840 836 1894 καὶ
868 1841 1123 1911 Ἰωάννην
1144 1840 1236 1895 τὸν
1268 1840 1573 1912 τρισόλϐιον
1600 1841 1855 1913 εὕρισκεν
1876 1858 1891 1871 ·
1915 1842 2017 1896 καὶ

2120 1206 2323 1277 egregii
2354 1206 2517 1260 Marci
2549 1205 2748 1274 templo
2788 1205 2854 1258 ad
2881 1211 3196 1258 sanctorum
3231 1203 3695 1274 evangelistarum

2124 1296 2422 1354 transferre
2467 1297 2773 1360 basilicam,
2818 1310 2983 1366 quam
3035 1293 3395 1365 Theophilus,
3428 1295 3522 1365 qui
3569 1305 3713 1350 ante

2113 1390 2225 1445 illic
2242 1388 2591 1461 prtesulatum
2611 1397 2880 1454 tenuerat,
2902 1389 2957 1442 in
2983 1386 3174 1443 eodem
3200 1387 3426 1443 castello
3451 1388 3694 1443 Menuthi

2112 1480 2457 1537 dedicaverat
2485 1497 2500 1548 ;
2534 1482 2588 1534 iu
2620 1494 2730 1550 quo
2759 1487 2813 1548 et
2833 1478 3194 1535 simulacrum
3225 1479 3460 1533 locatum
3494 1477 3696 1541 fuerat,

2113 1580 2167 1628 et
2195 1570 2524 1627 daemonium
2573 1569 2993 1640 frequentabant
3015 1572 3051 1633 ;'
3087 1567 3192 1623 hoc
3243 1569 3432 1639 itaque
3462 1568 3701 1640 Cyrillus

2114 1664 2385 1720 mirabilis
2449 1663 2675 1717 oraculo
2726 1671 2975 1734 accepto,
3028 1663 3094 1718 ad
3146 1673 3399 1718 sanctum
3455 1663 3699 1719 Marcum

2113 1756 2380 1820 cucurrit,
2405 1763 2460 1809 et
2482 1750 2778 1809 venerabili
2812 1754 3053 1809 revelato
3077 1753 3207 1824 Cyri
3248 1753 3713 1824 sepulcrmintus

2113 1861 2239 1901 cum
2254 1860 2320 1900 eo
2341 1853 2395 1901 et
2408 1842 2673 1901 Joannem
2700 1844 3077 1899 beatissimum
3104 1844 3327 1915 reperit,
3347 1854 3401 1900 et
3424 1845 3699 1915 sapienter

441 1934 620 2004 σοφῶς
680 1933 1034 2002 λογισάμενος
1086 1934 1161 1996 ὠς
1214 1934 1561 2004 ἀμφοτέρους
1619 1934 1683 1988 τδ
1725 1934 2007 1989 θεόλεκτον

2117 1939 2416 1996 arbitratus
2436 1940 2582 2007 quod
2614 1948 2878 2009 utrosque
2902 1955 2933 1994 a
2961 1938 3083 1995 Deo
3103 1939 3306 1995 dictum
3342 1949 3698 2010 praeceptum,

439 2027 768 2099 πρόσταγμα
794 2027 859 2095 τῇ
896 2024 991 2078 τοῦ
1023 2024 1139 2088 ἐνὸς
1162 2024 1529 2095 προσηγορίᾳ,
1582 2023 1673 2078 διὰ
1702 2024 1802 2096 τὴν
1824 2025 2006 2095 ἀμφο-

434 2117 611 2187 τέρων
628 2115 914 2187 ὁμολογίαν
933 2132 990 2167 τε
1017 2114 1111 2168 καὶ
1138 2114 1519 2185 ὁμοφροσύνην
1554 2114 1848 2184 ἐμήνυσεν,
1910 2112 2010 2168 καὶ.

434 2209 513 2274 ὡς
538 2210 599 2262 ού
628 2207 745 2261 δέον
775 2207 969 2260 διελεῖν
1004 2207 1143 2276 μετά
1179 2205 1410 2260 θάνατον
1453 2204 1547 2267 οὓς
1588 2205 1649 2258 οὐ
1682 2205 1903 2274 τρόπος,
1944 2204 2007 2257 ού

438 2300 621 2363 τόπος,
644 2298 705 2350 ού
739 2297 929 2365 τάφος,
956 2296 1017 2348 ού
1049 2294 1264 2366 χρόνος,
1291 2295 1355 2348 οὐ
1381 2293 1550 2358 πάθος
1604 2293 1865 2355 διέλυσεν,
1890 2292 2013 2346 τού-

434 2406 563 2454 τους
588 2389 754 2459 ἀμφω
778 2386 957 2441 λαῦὼν
975 2387 1051 2449 εἰς
1073 2386 1132 2439 τὸ
1151 2386 1340 2456 λεχθὲν
1405 2384 1583 2439 αὐτῶν
1602 2384 1711 2439 τῶν
1758 2385 2014 2453 Εὑαγγε-

2112 2047 2209 2102 per
2241 2032 2405 2087 unius
2432 2030 2853 2101 appellationem
2892 2038 3116 2100 propter
3145 2030 3438 2100 utriusque
3469 2044 3696 2086 concor-

2109 2119 2254 2177 diam
2304 2129 2359 2177 et
2412 2120 2829 2175 unanimitatem
2885 2119 3234 2190 indicaverit,
3284 2128 3340 2176 et
3385 2119 3531 2190 quod
3584 2134 3693 2174 non

2109 2221 2257 2270 esset
2288 2212 2547 2268 decorum
2599 2219 2724 2282 post
2780 2220 3011 2264 mortem
3072 2224 3330 2279 separare
3379 2225 3523 2279 quos
3581 2225 3690 2264 non

2109 2318 2252 2367 mos,
2282 2318 2391 2357 non
2421 2303 2597 2369 locus,
2631 2316 2740 2357 non
2783 2301 3123 2371 sepulcrum,
3167 2316 3278 2356 non
3320 2312 3557 2371 tempus,
3584 2318 3691 2355 non

2112 2392 2295 2465 passio
2331 2392 2715 2456 dissolvisset;
2768 2391 2870 2445 bos
2917 2392 3113 2446 ambos
3161 2398 3416 2462 acceptos
3456 2390 3514 2444 in
3550 2391 3705 2445 idem

433 2478 798 2551 λιστῶνίερδν
843 2479 1150 2549 μετήγαγεν
1178 2478 1423 2548 τέμενος,
1451 2474 1686 2547 σκιρτῶν
1734 2474 1868 2546 ὁμοῦ
1915 2474 2011 2529 καὶ

2117 2486 2220 2556 iam
2251 2484 2458 2541 dictum
2498 2485 2955 2556 evangelistarum
2996 2498 3213 2539 sacrum
3247 2486 3541 2540 transtulit
3562 2494 3695 2538 tein-

439 2572 811 2643 ἀγαλλόμενος
839 2569 984 2624 κατά
1005 2568 1171 2622 Δαδὶδ
1186 2570 1277 2621 τὸν
1297 2567 1564 2638 μακάριον
1592 2565 1701 2637 πρὸ
1728 2565 1829 2637 τῆς
1845 2564 2013 2620 κισωο

436 2665 534 2719 τοῦ
593 2662 797 2733 Κυρίου
852 2660 1146 2732 χορεύοντα
1208 2659 1606 2731 παραπλησίως
1656 2655 2010 2728 μιμούμενος.

441 2754 604 2809 Ὀθεν
626 2754 721 2807 καὶ⁵
747 2751 867 2805 κατ’
899 2752 1062 2804 αὑτὸν
1094 2750 1184 2803 τὸν
1214 2749 1469 2820 Μἐλῳδὸν
1511 2750 1612 2819 τὴν
1634 2747 2014 2819 πνευματικὴν

439 2842 607 2899 αὐτοῦ
670 2843 840 2914 λύραν
881 2843 975 2897 καὶ⁵
1042 2841 1400 2894 θεόπνευστον
1442 2840 1822 2912 ἁρμοσάμενος
1876 2836 2023 2910 μελ-

439 2936 628 3008 ῳδξαις
652 2934 746 2988 δύο
766 2936 892 2998 τοὺς
924 2934 1206 3006 μάρτυρας
1224 2933 1437 3005 ᾗνεσεν,
1468 2934 1567 3003 τὴν
1598 2931 1824 2986 ἐνοῦσαν
1857 2929 2011 3001 αὐτῷ

439 3028 782 3098 δημοσιεύων
838 3026 1199 3095 τερπνότητα,
1260 3024 1355 3077 καὶ
1376 3026 1488 3087 τοῖς
1507 3024 1787 3077 εὐσεϐέσιν
1839 3024 2008 3079 εικων

442 3122 539 3176 καὶ
562 3120 867 3189 ὑπόδειγμα
890 3117 989 3187 τῆς
1035 3116 1132 3169 ἐπὶ
1154 3117 1264 3179 τοῖς
1298 3116 1472 3185 ἁγίοις
1497 3114 1837 3186 εὐφροσύνης
1865 3115 2014 3185 γινόο

445 3226 607 3283 μενος
629 3226 644 3241 ’
668 3209 744 3273 ὡς
764 3208 858 3262 καὶ
881 3208 931 3261 οἱ
960 3207 1056 3260 νῦν
1079 3206 1517 3277 ἐντυγχάνοντες,
1559 3206 1652 3258 καὶ
1674 3205 1764 3258 τὸν
1794 3205 2008 3258 ἐκείνου

2110 2575 2284 2646 plum,
2301 2574 2609 2646 tripudians
2621 2573 2826 2645 pariter
2856 2583 2911 2629 et
2939 2574 3509 2646 essultans,beatique
3530 2575 3709 2628 David.-

2112 2681 2321 2723 ntorem
2352 2666 2599 2733 imitans,
2638 2676 2764 2721 ante
2811 2680 2996 2721 arcam
3044 2662 3261 2720 Domini
3313 2666 3545 2721 chorum
3592 2666 3695 2719 du-

2110 2757 2288 2814 centis
2318 2775 2332 2811 :
2358 2756 2504 2812 unde
2547 2765 2604 2812 et
2641 2756 2951 2813 secundum
2988 2754 3241 2811 eumdem
3274 2756 3694 2817 modulatorem.

2113 2863 2238 2905 cum
2270 2846 2570 2919 spiritalem
2596 2846 2774 2918 lyram
2806 2862 2961 2902 suam
3001 2856 3056 2903 et
3085 2846 3352 2902 divinitus
3372 2848 3707 2918 inspiratam

2114 2942 2441 3011 coaptasset,
2497 2936 2727 2994 duobus.
2756 2948 3031 3010 martyres
3078 2938 3329 2993 laudavit
3371 2938 3697 2994 modulami-

2111 3030 2300 3096 ntbus,
2345 3029 2750 3107 iucunditatem
2788 3044 2911 3098 quae
2940 3028 3047 3085 sibi
3083 3030 3264 3085 iuerat
3304 3029 3611 3099 publicans,
3642 3037 3698 3083 et

2112 3122 2222 3192 piis
2240 3120 2420 3193 imago
2435 3128 2488 3177 et
2510 3120 2896 3192 exemplumin
2921 3128 3235 3177 sanctorum
3261 3120 3445 3176 laetitia
3484 3119 3693 3183 factus;

2116 3230 2251 3287 qua
2297 3224 2361 3272 et:
2408 3213 2465 3269 bi
2516 3214 2611 3285 qui
2671 3227 2818 3267 nunc
2880 3219 3010 3268 sunt
3062 3213 3383 3282 relegentes,
3438 3211 3699 3287 etrillius

443 3302 609 3358 πόθον
656 3297 1168 3369 γινώσκουσιν,καὶ
1211 3295 1345 3367 πρὸς
1395 3298 1498 3364 τὴν
1546 3294 1712 3349 αὐτοῦ
1766 3294 2010 3350 διάθεσιν

2117 3286 2358 3361 amorem
2388 3306 2745 3375 coguosCunt,
2774 3310 2828 3358 et
2853 3302 2919 3357 ad
2944 3302 3118 3372 ipsius
3139 3302 3387 3357 allectum
3414 3286 3695 3374 pertrans-

446 3390 877 3463 μεταϐάλλουσιν
908 3403 925 3419 ο
961 3385 1240 3457 χαίρουσιν
1262 3385 1370 3456 γάρ
1394 3386 1558 3449 εὐθὺς
1618 3386 1715 3439 καὶ
1773 3386 2012 3455 σκιρτῶ-

445 3500 531 3537 σιν
567 3482 643 3545 ὡς
676 3479 960 3551 Κύριλλος,
989 3477 1084 3530 καὶ
1111 3476 1203 3530 τὸν
1234 3476 1466 3548 Χριστὸν
1516 3480 1630 3539 τοῖς
1675 3474 1866 3546 ὕμνοις
1919 3493 2014 3545 γε·
2064 3527 2071 3534 _

446 3579 748 3649 ραίρουσιν,
795 3575 891 3629 καὶ
944 3573 1067 3636 ταῖς
1113 3571 1409 3642 εὐφημίαις
1472 3571 1828 3640 στεφανοῦσιν
1882 3573 2011 3634 τοὺς

447 3671 623 3742 μάρτυ
632 3683 749 3739 ρας.

517 3766 623 3830 κη’.
653 3756 941 3825 Θαυμάσαι
963 3755 1072 3825 γάρ
1100 3753 1267 3817 ὅντως
1296 3753 1444 3806 ἐστὶν
1500 3751 1595 3805 τοῦ
1643 3752 1895 3823 Σωτῆρος
1953 3753 2015 3806 τὸ

444 3848 719 3910 πάναλκες
777 3846 873 3899 καὶ
916 3845 974 3897 τδ
1002 3844 1099 3915 τῆς
1148 3842 1312 3896 αὑτοῦ
1358 3843 1610 3912 προνοίας
1650 3842 2012 3914 πανεύπορον,

446 3938 564 4002 πῶς
587 3938 648 3991 οὐ
677 3937 822 3990 θεῖον
853 3932 913 4000 ἐξ
950 3934 1181 4007 οὐρανοῦ
1215 3934 1407 4006 βρέξας
1436 3936 1680 4008 καὶπῦρ,
1710 3936 1805 3990 τὸν
1836 3936 2021 4008 ἀλιτή-

448 4047 565 4101 ριον
595 4031 802 4083 ἐκεῖνον
822 4027 1165 4099 ἐκεραύνωσε
1193 4027 1442 4098 δαίμονα,
1485 4029 1560 4092 ὡς
1606 4029 1774 4082 πάλαι
1800 4028 2013 4099 Σόδομά

445 4136 507 4175 τε
533 4120 630 4174 καὶ
663 4119 915 4189 Γόμορρα
936 4119 1002 4188 τῇ
1032 4116 1189 4186 φύσει
1236 4120 1581 4188 μεμφόμενα,
1605 4118 1702 4173 καὶ
1736 4119 1829 4173 τὸν
1856 4121 2021 4190 Ποιη-

445 4213 547 4281 τὴν
605 4211 681 4274 ὼς
741 4210 842 4262 οὐκ
881 4204 939 4262 εὖ
967 4207 1036 4261 τά
1084 4208 1207 4261 καθ’
1255 4210 1403 4280 ἡμᾶς
1455 4208 1768 4281 διαθέμενον
1797 4210 2019 4281 ὲνυσρί-

450 4301 611 4368 ζοντα
634 4318 649 4332 ο
674 4300 798 4355 οὔτε
830 4300 936 4371 γῆν
960 4300 1275 4370 ἀνοιχθῆναι
1314 4302 1409 4354 καὶ
1433 4305 1725 4355 καταπιεῖν
1750 4302 1840 4356 τὸν
1873 4301 2016 4356 ἀκάοο

452 4396 652 4464 θαρτον
686 4394 919 4463 ἔκρινεν,
957 4390 1033 4456 ῶς
1062 4407 1193 4445 ποτε
1243 4391 1424 4446 Δαοάν
1465 4393 1560 4447 καὶ
1601 4391 1834 4464 Ἀϐιρὼν
1889 4409 2018 4447 συν-

445 4486 670 4556 αγωγήν
696 4485 1043 4556 ὑπερήφανον
1072 4500 1089 4516 ο
1119 4481 1242 4537 οὔτε
1295 4482 1475 4547 λίθους
1500 4484 1781 4558 ὀμϐρήσας
1798 4487 1891 4540 τὸν
1920 4487 2021 4539 ἁν-

442 4577 592 4632 όσιον
645 4577 1008 4647 ὲχαλάζωσεν,
1056 4572 1132 4638 ὥς
1156 4573 1309 4638 ἔθνος
1356 4574 1485 4630 ποτὲ
1506 4575 1587 4646 τῷ
1642 4576 1860 4647 Ἰσραὴλ
1889 4577 2019 4630 ἀνθ-

444 4667 736 4737 ιστάμενον
767 4685 783 4701 ο
805 4665 929 4720 οὔτε
962 4666 1150 4720 πεσεῖν
1185 4665 1248 4719 τὸ
1286 4665 1384 4720 τοῦ
1422 4665 1623 4738 μιαροῦ
1680 4665 2016 4739 βδελυρώταο

441 4777 534 4815 τον
558 4759 804 4830 ἀγαλμα,
836 4757 932 4812 καὶ
970 4758 1050 4821 εἰς
1064 4756 1240 4811 λεπτά
1269 4759 1619 4830 συντριϐῆναι
1648 4760 2006 4831 προσέταξεν,

438 4852 515 4915 ὡς
546 4853 711 4906 πάλαι
742 4851 835 4904 τὸν
867 4848 974 4921 Βὴλ
992 4849 1085 4903 καὶ
1113 4849 1204 4904 τὸν
1237 4849 1425 4919 Δαγὼν
1449 4851 2014 4919 κατελέπτυνεν,ἀλλά

442 4941 657 5011 σώμασι
678 4944 892 5013 νεκροῖς
915 4943 1009 4995 καὶ
1027 4959 1258 5013 κεκοιμη
1268 4944 1448 5014 μένοις
1471 4946 1529 4998 ὲν
1551 4948 1792 5016 μνήματι
1809 4947 1871 5000 τὸ
1888 4946 2014 5001 τού-

437 5050 535 5087 του
576 5034 775 5105 θράσος
822 5035 1181 5100 κατεύνασεν,
1211 5037 1306 5091 καὶ
1357 5036 1466 5091 τῶν
1494 5038 1582 5093 ἐπ’
1605 5040 1751 5110 αὐτῷ
1785 5057 2006 5111 καυχω-

445 5123 619 5195 μένων
666 5126 764 5198 τὴν
798 5126 1118 5190 ἀλαζονείαν
1169 5128 1511 5199 κατῄσχυνεν
1547 5147 1564 5163 ο
1597 5130 1766 5195 δεῖξαι
1814 5131 2008 5198 θέλων,

2115 3404 2245 3450 eunt
2277 3411 2291 3448 :
2327 3393 2566 3464 gaudent
2629 3393 2775 3448 enim
2827 3393 3089 3447 continuo
3132 3400 3186 3448 et
3232 3393 3509 3449 exsultant
3547 3409 3697 3449 more

2115 3484 2325 3556 Cyrilli,
2349 3483 2740 3551 Christumque
2768 3482 2986 3553 hymnis
3008 3482 3417 3550 concelebrant,
3447 3494 3502 3538 et
3539 3498 3696 3538 coro-

2117 3587 2249 3635 nant
2280 3577 2533 3633 laudibus
2562 3584 2850 3647 martyres.

2184 3750 2277 3807 ‘28.
2314 3747 2560 3804 Miranda
2583 3746 2728 3803 enim
2755 3759 2944 3802 revera
2964 3757 3047 3803 est
3082 3747 3382 3802 Salvatons
3425 3752 3692 3818 potentia.

2119 3847 2174 3899 et
2204 3840 2325 3911 eius
2353 3835 2708 3909 providentia:
2760 3835 2981 3902 divitiae,
3014 3836 3285 3904 quomodo
3315 3852 3420 3891 non
3465 3838 3698 3908 sulphur

2120 3935 2188 3991 de
2236 3932 2375 3989 cutio
2405 3929 2598 4001 pluens
2634 3934 2693 3984 et
2722 3927 2885 4000 ignis.
2921 3930 3142 3983 noxium
3195 3929 3344 3983 illum
3396 3930 3696 3987 daemonem

2123 4018 2968 4096 fulguraverit,quemadmodum
2989 4018 3224 4074 Sodoma
3244 4021 3517 4089 quondam
3537 4031 3700 4092 atque
3806 4026 3809 4027 ⁷

2122 4115 2446 4178 Gomorrha,
2477 4124 2690 4167 natura:
2731 4108 3096 4178 detrahentis,
3130 4120 3184 4167 et
3215 4109 3501 4168 Factorem
3542 4114 3699 4183 quasi

2124 4219 2232 4262 non
2264 4204 2403 4260 bene
2447 4218 2571 4274 quae
2614 4200 2763 4258 circa
2794 4216 2893 4258 nos
2926 4207 3055 4259 sunt
3085 4202 3440 4274 disposuerit,
3479 4204 3699 4276 injuriis

2123 4292 2475 4363 lmpetentia;
2538 4304 2716 4361 neque
2765 4298 2971 4345 terram
3020 4289 3221 4360 aperiri
3283 4300 3339 4347 et
3406 4291 3700 4348 absorbere

2123 4384 2465 4440 immundum
2506 4383 2855 4453 iudicaverit,
2891 4390 2951 4437 ut
3001 4383 3297 4452 aliquando
3323 4385 3557 4454 superba
3588 4382 3697 4439 Da-

2121 4477 2254 4531 tban
2273 4484 2326 4531 et
2344 4475 2548 4528 Abiron
2571 4474 2949 4530 conventicula
2972 4486 3195 4544 meque
3222 4474 3497 4545 lapidibus
3527 4477 3702 4532 instar
3815 4497 3830 4509 ι

2124 4567 2379 4622 imbrium
2401 4565 2645 4620 dimissis
2667 4564 3080 4635 grandinaverit
3104 4580 3212 4619 norn
3237 4577 3513 4631 sanctum,
3538 4569 3698 4623 sicuti

2119 4663 2335 4726 gentem
2365 4653 2639 4724 quondam
2669 4660 2792 4723 quae
2813 4655 3016 4709 restitit
3034 4654 3224 4711 lsraeli
3253 4673 3266 4710 :
3296 4672 3477 4726 neque
3505 4659 3701 4714 cadere

2119 4744 2268 4800 illius
2318 4744 2506 4814 polluti
2560 4743 2925 4800 aboniinabile
2972 4746 3328 4801 simulacrum
3382 4756 3437 4802 et
3486 4746 3541 4802 in
3576 4749 3700 4818 pul-

2115 4850 2298 4891 verem
2318 4835 2524 4889 conteri
2544 4835 2790 4904 jusserit,
2821 4837 2959 4890 sicut
2982 4838 3111 4890 olim
3138 4836 3230 4891 Bel
3252 4846 3305 4890 et
3333 4837 3515 4908 Dagon
3547 4855 3699 4894 com-

2119 4927 2421 4992 tninuerat;
2457 4927 2550 4979 sed
2586 4940 2682 4995 per
2733 4940 2963 4994 corpora
3012 4935 3230 4981 mortua
3277 4938 3332 4984 et
3370 4929 3608 4997 iacentia
3640 4932 3697 4987 in

2121 5025 2503 5077 monumento,
2539 5017 2704 5086 hujus
2739 5019 3104 5073 temeritatem
3132 5021 3403 5087 deposuit,
3448 5033 3501 5075 et
3540 5037 3693 5075 com-

2117 5111 2331 5179 pescuit
2382 5108 2677 5170 insaniam,
2729 5115 2784 5162 et
2830 5107 2889 5161 in
2933 5122 2993 5162 se
3029 5109 3384 5178 gloriantiutn
3450 5112 3695 5168 confusit

436 5216 514 5281 ῶς
546 5213 721 5287 οἶμαι,
744 5220 857 5281 τοῖς
889 5222 1129 5285 συνετοῖς
1160 5221 1254 5275 καὶ
1282 5222 1622 5292 ἀρτίφροσιν,
1656 5224 1795 5295 πόση
1848 5225 1948 5295 μὲν
1976 5227 2009 5296 ή

2117 5200 2462 5270 iactantiam;
2483 5199 2772 5253 ostendere
2803 5199 3087 5264 volens,ut
3116 5215 3260 5267 reor,
3280 5203 3617 5271 sapientibus
3639 5214 3694 5261 et

438 5306 552 5361 τῶν
572 5306 736 5360 αὐτοῦ
764 5309 1057 5381 μαρτύρων
1081 5312 1175 5365 καὶ
1198 5312 1335 5381 μετά
1367 5310 1596 5366 θάνατον
1622 5313 1876 5385 δύναμις,
1907 5315 2011 5368 πό-

443 5414 511 5471 ση
540 5397 596 5451 δὲ
626 5396 736 5452 τῶν
763 5401 894 5472 παρ’
917 5400 1142 5472 Ἕλλησι
1167 5402 1304 5457 θεῶν
1336 5404 1368 5474 ή
1402 5403 1678 5466 ἀσθένεια.
1736 5407 1832 5459 καὶ
1883 5406 2009 5459 ὅσον

433 5498 707 5568 ἡττῶνται
737 5500 786 5552 οῖ
815 5499 926 5554 θεοὶ
963 5498 1321 5572 χρηματίζειν
1340 5500 1698 5570 αύχήσαντες,
1731 5496 2011 5568 ἀκινήτοις

445 5588 615 5658 ἀγίων
642 5588 738 5644 καὶ
768 5594 979 5664 νεκροῖς
1005 5592 1098 5646 καὶ
1136 5593 1213 5663 μὴ
1238 5589 1566 5661 πορεύουσιν
1591 5586 1857 5657 σώμασιν.

2115 5303 2311 5346 sensus
2329 5303 2492 5344 sanos
2517 5289 2866 5352 habentibus,
2880 5297 3083 5359 quanta
3105 5292 3421 5346 eorumdem
3449 5293 3691 5361 ipsorum

2119 5388 2420 5450 martyrum
2456 5378 2620 5431 etiam
2646 5384 2772 5447 post
2804 5387 3032 5433 mortem
3061 5377 3227 5434 fuerit
3251 5380 3450 5443 virtus,
3483 5390 3693 5449 quanta

2113 5485 2247 5527 vero
2275 5471 2554 5540 gentilium
2582 5468 2812 5525 deorum
2837 5469 3148 5534 inﬁrmitas,
3169 5480 3225 5527 ct
3246 5481 3453 5541 quanto
3474 5472 3693 5529 facilius

2116 5565 2169 5619 lii
2195 5564 2290 5634 qui
2322 5562 2460 5618 deos
2506 5572 2727 5617 vocatos
2744 5576 2822 5621 se
2858 5561 3187 5633 gloriantur,
3241 5578 3336 5633 per
3390 5565 3694 5620 immobilia

2115 5665 2432 5714 sanctorum
2498 5664 2553 5710 et
2614 5660 2830 5710 mortua
2880 5660 2937 5709 et
2985 5667 3095 5710 non
3151 5654 3415 5725 spirantia
3461 5669 3694 5727 corpora

2116 5755 2463 5818 superentur.
