4020 6204
393 217 535 286 3415

1308 241 1370 303 S.
1401 240 1820 309 SOPHRONII
1849 249 1964 310 ΡΑἾ

2069 249 2357 313 'ARCILE
2380 252 2778 317 IIIEROSOL;
3257 281 3284 296 τ

3535 253 3678 324 3416

459 337 550 393 29.
597 337 709 395 Huc
741 357 869 398 cum
899 347 1075 403 sancti
1115 351 1398 410 venissent
1424 367 1478 413 et
1508 366 1964 435 evangelistarum

2149 368 2253 424 κθ’.
2326 369 2592 424 Ἐνταῦθα
2638 371 2749 442 γάρ
2791 367 3042 433 ἐλθόντες
3097 371 3146 425 ιζ
3206 370 3376 441 ἅγιοι,
3409 375 3506 428 καὶ
3563 380 3676 440 τοῖς

390 433 795 493 cohabitatores
816 438 1015 509 effecti,
1034 442 1270 513 primum
1289 448 1510 517 quidem
1535 433 1978 522 ipsa—locatione,

389 541 512 592 quae
556 525 610 581 in
664 527 766 583 hoc
815 546 973 587 sacro
1023 536 1226 606 templo
1266 538 1457 596 eﬂ‘ecta
1505 555 1611 607 est,
1645 546 1894 614 protinus
1923 549 1977 602 in

389 614 571 687 fugam
615 619 944 676 daemonium
997 635 1409 697 converterunt,
1441 642 1494 687 et
1525 644 1702 690 atrum
1734 636 1887 692 ilium
1923 639 1976 692 in

385 717 594 762 tartara
634 715 1074 784 persequentes,
1140 727 1194 774 ct
1253 729 1458 792 ιτορςιιο
1525 724 1583 781 in
1637 727 1803 798 hujus
1850 728 1978 800 fuga

385 799 811 870 triumphantes,
880 804 1152 862 desertam
1213 811 1580 870 exhibuerqu
1645 799 1974 876 habitatoris

382 890 627 945 dmmlm.
655 890 967 949 Secundum
994 913 1125 954 vero
1153 899 1222 953 ab
1248 900 1335 955 Itis
1363 918 1502 972 opus
1529 906 1790 975 agebatur
1808 908 1978 977 patri-

381 982 712 1049 moniorum,
749 1001 870 1055 quae
925 987 1140 1046 inerant
1173 993 1790 1067 dmmoni,exspoliatio,
1811 1000 1862 1054 id
1891 1013 1976 1056 est

379 1074 688 1130 devastatio
733 1094 747 1130 :
781 1077 882 1132 viri
917 1080 1061 1135 enim
1093 1091 1252 1137 erant
1290 1087 1621 1154 patrimonia
1666 1089 1809 1159 ejus,
1845 1105 1971 1145 cum

380 1165 738 1232 mulierculis,
797 1169 888 1238 qui
939 1171 1007 1224 ad
1056 1186 1207 1227 aram
1255 1174 1546 1242 sedebant,
1591 1185 1648 1234 et
1697 1194 1795 1250 spe
1832 1197 1972 1236 vana

378 1255 613 1327 decepti,
651 1266 704 1314 et
737 1261 935 1317 acriori
961 1262 1252 1333 phantasia
1283 1267 1492 1338 delusi;
1534 1285 1673 1341 quos
1701 1282 1972 1346 martyres

380 1350 669 1406 animabus
726 1360 780 1408 et
826 1356 1154 1425 corporibus
1211 1368 1459 1417 mortuos
1505 1360 1673 1419 velati
1721 1367 1968 1436 qumdam

380 1440 554 1509 spolia
590 1441 887 1513 depraedati
919 1455 1048 1501 sunt
1079 1467 1093 1503 :
1130 1449 1285 1517 prius
1316 1450 1462 1508 forte
1492 1452 1621 1526 fuga
1667 1459 1968 1515 secundum

376 1532 616 1587 divinam
641 1547 828 1590 vocem
860 1537 1030 1592 veluti
1079 1549 1296 1596 mortuo
1325 1543 1582 1615 alligato;
1620 1550 1968 1618 postmodum

375 1622 456 1675 eis
484 1633 539 1678 et
567 1624 736 1680 vitam
776 1626 1215 1688 misericorditer
1239 1633 1469 1697 donant.
1507 1637 1576 1693 ad
1603 1638 1809 1696 fontem
1843 1641 1967 1699 illos

2081 459 2497 528 εὑαγγελισταῖς
2549 462 2834 534 γενόμενοι
2888 458 3169 534 σύσκηνοι,
3203 465 3421 536 πρῶτον
3457 469 3558 537 μὲν
3613 471 3676 535 ἐξ

2081 550 2251 620 αὐτῆς
2277 551 2438 610 εὐθὺς
2473 554 2574 622 τῆς
2602 555 2682 616 εἰς
2717 553 2806 606 τὸν
2832 554 2976 624 ἱερὸν
3009 553 3202 608 τοῦτον
3259 557 3430 625 σηκὸν
3465 558 3667 610 ἐπιδά-

2084 657 2220 706 σεως
2251 645 2329 706 εἰς
2351 643 2531 715 φυγὴν
2581 643 2641 697 τὸ
2675 645 2953 717 δαιμόνιον
3010 645 3248 718 ἔτρεψαν
3281 650 3364 711 είς
3396 652 3670 720 τάρταρον

2079 733 2144 786 ἐκ
2200 734 2305 803 γῆς
2358 734 2735 801 ἐκδιώξαντες,
2785 737 2880 789 καὶ
2907 737 3170 809 τρόπαιον
3214 741 3310 792 ἐπὶ
3345 743 3409 810 τῇ
3469 742 3664 795 τούτου

2078 830 2224 898 φυγῇ
2252 826 2746 899 θριαμϐεύσαντες,
2770 829 2979 901 ἔρημον
3006 829 3104 901 τὴν
3133 830 3313 884 οἰκίαν
3371 832 3468 884 τοῦ
3493 834 3656 903 οἰκή-

2075 933 2233 988 τορος
2260 915 2488 985 ἔδειξαν.
2550 920 2816 991 Δεύτερον
2861 920 2921 973 δέ
2977 920 3192 984 τούτοις
3240 921 3406 992 ἔργον
3462 919 3668 994 ἐπράτ-

2075 1013 2247 1082 τετοή
2268 1009 2376 1065 τῶν
2408 1011 2767 1082 ὑπαρχόντων
2804 1011 2880 1083 τῷ
2907 1013 3124 1082 δαίμονι
3155 1012 3471 1078 σκύλευσις,
3498 1017 3670 1087 ἤγουν

2075 1100 2416 1172 ήπόρθησις.
2450 1101 2758 1174 Ἄνθρωποι
2781 1098 2923 1172 ἦσαν
2978 1105 3143 1156 αὑτοῦ
3207 1107 3278 1157 τά
3347 1106 3672 1179 ὑπάρχοντα

2074 1191 2169 1244 καὶ
2193 1191 2390 1259 γύναια
2420 1191 2500 1262 τῷ
2527 1192 2696 1263 βωμῷ
2747 1193 3203 1265 προσ-καθήμενα,
3233 1195 3416 1249 ἐλπίσι
3483 1201 3671 1262 κεναῖς

2071 1281 2424 1354 ἀπατώμενοι
2455 1283 2550 1337 καὶ
2577 1284 2846 1356 φαντασίᾳ
2874 1284 3022 1355 δεινῇ
3047 1284 3442 1357 χλευαζόμενοι
3480 1297 3498 1318 ί
3531 1283 3668 1342 οὑσ-

2072 1392 2180 1446 περ
2209 1375 2258 1426 οί
2294 1372 2573 1446 μάρτυρες
2631 1375 2822 1446 ψυχὰς
2845 1377 3225 1447 νεκρωθέντας
3279 1379 3374 1433 καὶ
3408 1379 3664 1452 σώματα,

2071 1466 2160 1518 τὸν
2187 1465 2408 1538 ἰσχυρὸν
2437 1463 2502 1538 τῇ
2536 1465 2684 1538 φυγῇ
2718 1467 2862 1521 κατὰ
2911 1468 3009 1538 τὴν
3049 1469 3201 1523 θείαν
3229 1472 3414 1543 φωνὴν
3462 1467 3664 1544 πρότε-

2075 1574 2164 1626 ρον
2193 1556 2485 1628 δήσαντες,
2507 1553 2583 1621 ὡς
2612 1559 2804 1629 νεκρὸν
2860 1558 3198 1614 ἐσκύλευσαν
3227 1577 3242 1592 ·
3271 1561 3523 1634 δεύτερον
3573 1565 3668 1618 καὶ

2071 1643 2218 1719 ζωὴν
2241 1649 2426 1713 αὑτοῖς
2458 1647 2860 1721 φιλανθρώπως
2900 1649 3248 1721 χαρίζονται,
3279 1656 3345 1724 τῇ
3379 1657 3530 1725 πηγῇ
3569 1657 3669 1726 τῆς

372 1715 500 1766 νὶιςο
535 1714 895 1783 adducentes,
928 1728 982 1775 et
1011 1736 1349 1791 cognoscere
1375 1723 1542 1782 Deum
1567 1728 1787 1796 dantes,
1809 1750 1964 1804 quem

2074 1714 2220 1808 ζωῆς
2273 1714 2482 1804 αὐτοὺς*
2528 1714 2998 1812 προσενέγκαντες
3032 1759 3048 1774 ο
3125 1714 3241 1798 καὶ.
3283 1714 3668 1813 γνῶνάίηθεόν

374 1805 693 1873 ignorantes
716 1811 918 1864 mortui
941 1821 1120 1872 erant.
1138 1814 1434 1888 lumenque
1462 1835 1650 1876 verum
1681 1823 1972 1896 donantes,

371 1897 518 1962 quod
551 1911 660 1952 non
697 1899 951 1957 videntes
994 1902 1524 1966 obtenebrabantur.
1555 1911 1650 1968 Sic
1686 1918 1834 1972 enim
1862 1919 1968 1973 sal-

371 2003 500 2043 vnnt
528 1999 582 2046 et
605 2000 829 2060 captant
855 2009 916 2050 ea
939 2009 1060 2065 qua:
1081 1997 1185 2052 sibi
1222 1999 1292 2054 ab
1315 2001 1555 2058 inimicis
1595 2005 1968 2078 diripiuntur;

373 2083 518 2134 Sicut
551 2079 817 2138 Dominus
851 2091 906 2139 et
936 2086 1198 2156 magister
1227 2102 1418 2143 eorum
1443 2107 1569 2146 cum
1591 2095 1782 2152 orbem
1810 2106 1973 2155 terrae

378 2174 653 2241 rapuisset
685 2175 951 2245 captavit.
979 2175 1226 2232 Tertium
1261 2190 1529 2252 martyres
1556 2184 1664 2251 his,
1696 2201 1819 2256 quae
1851 2189 1965 2258 jam

371 2269 638 2332 diximus,
695 2270 771 2323 nil
819 2272 1004 2327 minus
1037 2272 1330 2344 gerebant;
1363 2276 1734 2334 abominabile
1770 2281 1970 2353 quippe

374 2360 509 2414 illud
559 2362 824 2420 damonis
874 2365 1165 2434 templum,
1208 2365 1263 2420 in
1304 2383 1414 2437 quo
1447 2370 1771 2440 phantasias
1822 2390 1968 2432 men-

369 2454 535 2508 daces
567 2456 963 2525 tergiversator
1001 2459 1358 2528 operabatur,
1386 2471 1437 2517 et
1475 2462 1532 2517 in
1570 2481 1680 2535 quo
1714 2476 1836 2521 erat
1868 2484 1965 2524 ara

370 2559 588 2616 semper
611 2549 974 2618 sanguinihus
1006 2551 1335 2616 madefacta,
1378 2561 1432 2608 ct
1472 2555 1564 2611 ille
1601 2557 1780 2613 stabat
1809 2558 1953 2615 femi-

368 2653 486 2692 neae
538 2638 730 2694 forma:
777 2643 1150 2707 statunculus,
1191 2645 1470 2702 maritimo
1517 2649 1713 2704 sabulo
1761 2651 1957 2707 obrue-

366 2735 531 2791 runt;
569 2739 624 2784 et
663 2732 964 2787 secundum
997 2736 1367 2805 patriarcham
1417 2735 1588 2794 Jacob
1619 2738 1816 2796 subtus
1850 2725 1962 2798 ter-

365 2838 484 2877 ram
544 2827 990 2892 occultaverunt,
1045 2829 1123 2884 ita
1173 2837 1234 2883 ut
1283 2829 1620 2887 oblivionem
1667 2841 1725 2889 et
1771 2834 1958 2890 utilem

2076 1825 2477 1900 δωρησάμενοι,
2541 1827 2601 1887 ὃν
2634 1831 2960 1900 ἀγνοοῦντες
3015 1836 3350 1906 νενέκρωντο
3379 1856 3393 1872 ο
3429 1841 3525 1892 καὶ
3552 1840 3667 1910 φῶς

2077 1917 2333 1994 ἀληθινὸν
2361 1925 2745 1997 χαρισάμενοι,
2777 1928 2919 1998 ὅπερ
2972 1929 3297 1984 ἐσκοτοῦντο
3330 1932 3406 2003 μὴ
3431 1932 3664 2003 βλέπεν-

2074 2033 2188 2080 τες.
2239 2015 2401 2071 Οὑτω
2463 2019 2573 2090 γάρ
2631 2014 2898 2082 σώζουσίν
2923 2037 2982 2074 τε
3036 2024 3130 2076 καὶ
3167 2022 3540 2094 ζωγρεύουσιν
3595 2025 3668 2082 τὰ

2073 2107 2212 2177 πρὸς
2240 2107 2452 2179 ἐχθρῶν
2481 2111 2664 2174 αὐτοῖς
2699 2112 3079 2183 ἀρπαζόμενα,
3101 2115 3178 2178 ὡς
3205 2116 3236 2168 ό
3253 2118 3534 2189 Δεσπότης
3559 2121 3662 2174 αὑ·

2069 2197 2180 2250 τῶν
2237 2200 2331 2252 καὶ
2377 2200 2695 2266 διδάσκαλος
2722 2204 2823 2272 τὴν
2844 2205 3177 2277 οἰκουμένην
3228 2207 3485 2278 ἁρπάσας
3508 2209 3651 2274 ἐζώ-

2071 2305 2297 2360 γρησεν.
2348 2291 2549 2362 Τρίτον
2571 2292 2621 2344 οἱ
2657 2293 2938 2364 μάρτυρες
2967 2295 3079 2348 τῶν
3130 2296 3454 2364 φθασάντων
3490 2299 3663 2371 ἔδρων

2068 2381 2188 2433 τότε
2221 2382 2320 2434 οὑκ
2339 2381 2565 2436 ἔλασσον
2601 2397 2615 2410 ·
2649 2383 2829 2437 καὶτὸ
2894 2384 3155 2458 βδελυρὸν
3178 2388 3353 2442 ἐκεῖνο
3381 2388 3477 2443 τοῦ
3538 2391 3661 2443 δαί-

2070 2487 2231 2542 μονος
2247 2474 2493 2541 τέμενος,
2529 2474 2586 2526 ἐν
2615 2467 2660 2543 ᾧ
2686 2475 2786 2540 τὰς
2811 2473 3026 2546 ψευδεῖς
3078 2479 3378 2547 φαντασίας
3406 2483 3434 2534 ό
3459 2481 3665 2553 δραπέ-

2065 2579 2165 2633 της
2190 2563 2498 2632 εἰργάςετο,
2550 2565 2608 2616 ἐν
2640 2558 2684 2631 ᾧ
2716 2565 2897 2635 βωμὸς
2923 2557 2992 2638 ἦν
3044 2567 3132 2620 ἀεὶ
3157 2571 3270 2631 τοῖς
3295 2569 3492 2639 αἵμασι
3518 2571 3662 2624 Statu

2066 2653 2316 2722 νόμενος·
2352 2653 2448 2708 καὶ
2491 2657 2552 2708 τὸ
2583 2657 3022 2729 γυναικόμορφον
3069 2659 3254 2713 ἵστατο
3305 2660 3489 2724 ξόανον
3521 2681 3663 2734 παρ⁶

2061 2743 2190 2816 αλίᾳ
2235 2743 2450 2816 ψάμμῳ
2480 2747 2820 2817 κατέχωσαν.
2871 2751 3137 2806 καὶκατὰ
3191 2752 3662 2826 τὸνπατριάρχην

2074 2834 2270 2890 Ἰακὼϐ
2318 2839 2423 2892 ὑπὸ
2455 2838 2626 2909 χθόνα
2675 2841 3030 2913 κατέκρυψαν
3060 2858 3075 2874 ο
3126 2843 3202 2908 ὡς
3229 2845 3325 2898 καὶ
3357 2846 3526 2918 λήθην
3555 2849 3659 2917 ἐμ-

367 2916 742 2985 ignorantiam
780 2911 1142 2974 exsecrabilis
1185 2930 1238 2976 et
1286 2923 1499 2978 animas
1549 2925 1958 2994 corrumpentis

2069 2929 2284 2998 ποιῆσαι
2307 2932 2418 2993 τοῖς
2453 2923 2788 2994 ἔπειτα,’κα“ι
2861 2933 3140 3006 ὠφέλιμον
3177 2937 3400 3005 ἄγνοιαν
3429 2941 3530 3010 τῆς
3561 2958 3658 3010 μυο

368 3006 733 3064 dedicationis
767 3009 916 3066 illius
967 3011 1203 3081 posteris
1251 3013 1474 3068 faceret.
1511 3010 1778 3081 Quartum
1819 3031 1958 3086 pra:-

366 3099 687 3156 cedentibus
701 3101 1054 3172 jungcbalur,
1074 3104 1319 3174 profante
1334 3106 1760 3162 constructionis
1789 3107 1966 3177 ipsius

366 3190 622 3255 exitium,
645 3207 766 3261 quae
799 3192 1066 3250 daemonis
1092 3204 1210 3250 erat
1238 3196 1520 3266 :equivoca
1554 3212 1618 3252 ac
1667 3197 1972 3254 detestabi-

368 3284 499 3337 lium
522 3284 641 3353 ejus
670 3285 1103 3340 immolationum
1128 3287 1486 3344 exsecrabilis
1509 3288 1772 3344 habitatio
1797 3309 1809 3345 :
1831 3292 1973 3346 hanc

365 3374 513 3428 cnim
566 3393 730 3432 arena
779 3390 834 3434 et
884 3395 1038 3435 mare
1070 3386 1377 3452 martyrum
1413 3383 1602 3452 partiti
1638 3396 1766 3439 sunt
1809 3393 1968 3453 nutu,

367 3477 420 3522 et
450 3469 706 3538 quiddam
739 3472 858 3541 ejus
888 3487 1054 3528 arena
1101 3479 1186 3528 est
1226 3473 1508 3538 obrutum,
1546 3475 1807 3546 quiddam
1843 3465 1970 3533 vero

367 3563 513 3613 inter
533 3563 743 3616 marina
763 3573 1008 3619 reumata
1026 3564 1273 3620 lluct—uat.
1289 3565 1552 3633 Quintum
1578 3584 1608 3622 a
1633 3567 1968 3641 martyribus

365 3654 693 3722 gerebatur,
751 3657 897 3725 quod
953 3666 1010 3712 et
1063 3672 1212 3714 nunc
1289 3659 1692 3729 gloriosissime
1756 3661 1967 3732 geritur

368 3745 573 3816 Deique
629 3747 803 3816 gratia
858 3748 1175 3818 perenniter
1225 3757 1312 3805 est
1361 3751 1690 3821 gerendum,
1740 3761 1796 3808 et
1839 3762 1966 3814 ante

367 3838 749 3893 universitatis
803 3840 1341 3897 consummationem
1410 3844 1640 3900 minime
1698 3860 1965 3902 consum-

366 3929 626 3985 mandunt
646 3947 660 3994 ;
681 3928 828 3999 quod
858 3938 914 3985 et
940 3944 1136 3987 omnes
1159 3940 1365 3987 norunt
1391 3943 1663 4006 quotquot
1693 3946 1964 4010 martyres

365 4027 593 4083 norunt,
633 4020 990 4091 ipsorumque
1022 4022 1199 4094 gratia
1251 4025 1647 4094 perfruuntur;
1691 4037 1964 4100 quotquot

365 4112 532 4166 etiam
562 4110 824 4179 templum
860 4111 1141 4180 viderunt,
1165 4120 1222 4169 et
1257 4115 1529 4171 tumulum
1573 4133 1764 4174 eorum
1791 4119 1962 4175 hono-

365 4204 596 4260 rabilem
647 4204 1064 4274 salutaverunt;
1107 4216 1196 4262 est
1244 4217 1424 4264 autem
1465 4211 1798 4283 prodigium,
1827 4229 1959 4269 san-

364 4307 578 4352 ctorum
625 4298 884 4368 templum
933 4297 1258 4354 mirabiliter
1301 4311 1479 4367 stans,
1529 4312 1585 4360 et
1618 4319 1811 4361 omnes
1846 4321 1958 4376 prae

2064 3019 2238 3089 σειρᾶς
2289 3018 2454 3072 αὑτοῦ
2515 3021 2608 3073 καὶ
2628 3019 2973 3094 ψυχοφθόρου
3031 3025 3335 3098 δομήσεως.
3385 3031 3660 3102 Τέταρτον

2077 3112 2192 3173 τοῖς
2216 3109 2583 3181 προλαϐοῦσιν
2616 3116 2921 3183 συνήπτετο
2953 3116 2982 3168 ό
3045 3117 3136 3170 τοῦ
3172 3118 3442 3188 δυσαγοὺς
3490 3123 3657 3176 αὑτοῦ

2077 3204 2353 3272 κτήματος
2375 3202 2616 3275 ὄλεθρος,
2641 3204 2669 3256 ὃ
2698 3205 2798 3275 τῆς
2821 3207 3078 3278 δαίμονος
3131 3211 3378 3283 ὑπῆρχεν
3443 3215 3658 3268 ἐπώνυ-

2079 3310 2196 3362 μον,
2229 3293 2452 3347 καὶτῶν
2483 3296 2744 3366 μυσαρῶν
2775 3299 2946 3369 αὑτῆς
2965 3300 3200 3354 τελετῶν
3226 3306 3421 3375 μιαρδν
3456 3307 3657 3359 ἐνδιαί-

2071 3400 2261 3455 τημα·
2319 3383 2477 3438 τοῦτο
2525 3387 2634 3462 γάρ
2690 3387 2918 3459 ψάμμος
2945 3392 3039 3444 καὶ
3092 3391 3326 3446 θάλαττα
3359 3397 3657 3467 μαρτύρων

2073 3473 2396 3544 ἐμερίσαντο
2425 3477 2652 3547 νεύματι
2689 3495 2702 3509 ·
2765 3481 2861 3534 καὶ
2891 3481 2952 3534 τὸ
2991 3482 3091 3551 μὲν
3148 3484 3315 3537 αὑτοῦ
3348 3486 3658 3557 ψαμμαίοις

2072 3568 2219 3619 ἐστὶν
2287 3567 2640 3640 ὑποϐρύχιον,
2697 3570 2761 3622 τὸ
2819 3571 2873 3624 δὲ
2927 3571 3237 3638 θαλαττίοις
3265 3579 3656 3646 περικλύζεται

2071 3656 2358 3728 ῥεύμασιν.
2395 3659 2654 3731 Πέμπτον
2690 3661 2930 3715 ἐτελεῖτο
2957 3666 3072 3727 τοῖς
3125 3665 3416 3735 μάρτυσιν,
3443 3669 3507 3721 τὸ
3558 3673 3655 3723 καὶ

2069 3747 2162 3800 νῦν
2203 3749 2524 3820 παραδόξως
2545 3751 2893 3822 τελούμενον,
2917 3753 3012 3808 καὶ
3035 3755 3142 3826 πρὸ
3179 3757 3279 3826 τῆς
3308 3756 3402 3810 τοῦ
3452 3761 3653 3824 παντὸς

2070 3841 2378 3905 συντελείας
2407 3841 2468 3896 οὑ
2501 3845 2952 3915 συντελούμενον,
2989 3846 3018 3900 ὃ
3043 3848 3140 3900 καὶ
3167 3849 3372 3913 πάντες
3407 3851 3586 3904 ἴσασιν
3601 3853 3653 3905 οἱ

2067 3933 2329 3996 καὶτοὺς
2389 3934 2679 4006 μάρτυρας
2731 3936 3114 4007 ἐπιστάμενοι,
3169 3940 3266 3992 καὶ⁹
3329 3940 3430 4010 τῆς
3473 3943 3654 3996 αὑτῶν

2065 4023 2430 4089 ἀπολαύοντες
2447 4027 2690 4098 χάριτος,
2725 4027 2841 4080 ὅσοι
2867 4028 2961 4082 καὶ
2990 4030 3052 4082 τὸ
3070 4029 3299 4100 τέμενος
3332 4031 3650 4098 ἐθεάσαντο,

2064 4117 2157 4170 καὶ
2182 4116 2283 4188 τήν
2313 4119 2473 4188 σορὸν
2525 4118 2709 4172 αὑτῶν
2739 4119 3062 4190 ἠσπάσαντο
3110 4123 3212 4190 τὴν
3261 4123 3598 4178 πολύευκτον
3631 4139 3648 4155 ο

2062 4208 2210 4262 ἔστιν
2239 4209 2297 4261 δέ
2329 4209 2504 4263 καὶτὸ
2526 4210 2838 4282 τεράστιον,
2873 4212 2982 4265 τῶν
2999 4213 3174 4282 ἁγίων
3194 4215 3256 4268 τὸ
3281 4216 3508 4286 τέμενος
3535 4233 3648 4270 πα-

2066 4299 2304 4371 ραδόξως
2346 4301 2631 4372 ἱστάμενον
2686 4302 2783 4356 καὶ
2834 4303 3043 4368 πάντας
3073 4306 3379 4378 ἐκπλῆττον
3408 4308 3486 4378 τῷ
3514 4308 3650 4363 θαύ-

365 4389 730 4446 admiratione
761 4390 1066 4459 percellens
1095 4407 1110 4444 :
1144 4406 1310 4461 supra
1335 4394 1452 4464 ripa
1473 4396 1620 4450 enim
1649 4413 1759 4452 non
1789 4400 1957 4454 altam

2069 4410 2217 4463 ματι.
2255 4392 2374 4446 Ἐπ’
2395 4393 2574 4463 ἠϊόνος
2586 4394 2698 4464 γάρ
2711 4395 2810 4464 οὑχ
2840 4395 3050 4466 ὑψηλῆς
3071 4397 3192 4450 οὐδὲ
3217 4398 3486 4469 σταθερᾶς
3503 4399 3649 4470 ᾠκο-

365 4491 468 4531 nec
510 4477 719 4531 firmam
768 4477 1099 4533 aediﬁcatum
1151 4487 1257 4546 est,
1288 4490 1343 4537 et
1389 4483 1628 4538 medium
1679 4494 1764 4541 est
1815 4486 1960 4543 inter

365 4582 592 4622 arenam
625 4576 680 4624 et
710 4568 932 4634 ﬂuctus,
978 4570 1242 4640 impetum
1285 4573 1575 4644 utriusque
1600 4577 1913 4645 suscipiens
1940 4595 1954 4632 :

366 4658 434 4712 ad
451 4659 717 4714 orientem
746 4660 966 4730 quidem
989 4659 1150 4717 habet
1171 4663 1404 4718 sarvicns
1441 4679 1612 4730 mare,
1636 4673 1691 4720 et
1732 4681 1957 4722 arenam

366 4758 654 4804 vexantem
687 4757 742 4806 et
791 4753 1307 4822 supervenientem;
1347 4755 1414 4809 ad
1450 4756 1796 4811 occidentem
1830 4774 1958 4814 vero

367 4843 561 4906 solem,
614 4859 796 4901 arente
847 4847 1138 4914 scopulum
1187 4848 1463 4902 hostiliter
1521 4859 1716 4903 contra
1757 4849 1957 4906 ﬂuetus

365 4933 722 4997 insilientem,
751 4942 807 4989 et
839 4945 1041 4991 terram
1077 4935 1357 4990 humidam
1396 4947 1809 5006 perurgentem.
1848 4939 1954 4996 Sed

367 5044 548 5098 neque
599 5045 802 5100 aquam
850 5029 1078 5084 dimittit
1114 5045 1241 5084 cum
1277 5045 1444 5084 arena
1475 5033 1745 5100 copulari,
1779 5051 1958 5104 neque

367 5134 598 5174 arenam
650 5136 774 5175 cum
805 5121 963 5189 aquis
1014 5119 1256 5183 misceri,
1300 5119 1658 5188 interpositus
1687 5123 1956 5191 quodam-

369 5211 536 5264 modo
569 5213 838 5267 terminus
873 5212 1165 5282 utriusque
1195 5226 1490 5281 apparens,
1528 5223 1581 5266 et
1624 5212 1838 5268 (renum
1873 5217 1956 5272 eis

371 5302 660 5369 proprium
695 5301 1114 5357 inludamentum
1149 5301 1579 5371 protendenan
1609 5306 1952 5362 altitudinem

369 5404 551 5450 autem
578 5395 808 5449 multam
830 5396 1082 5465 erigitur,
1114 5406 1168 5451 et
1193 5397 1384 5450 a:theri
1408 5405 1612 5451 tectum
1638 5399 1952 5466 connectit;

369 5484 516 5538 unde
531 5492 586 5539 et
606 5484 970 5541 desiderabile
997 5495 1078 5541 est
1107 5487 1528 5564 navigantibus;
1550 5504 1578 5541 a
1603 5490 1791 5544 multis
1810 5491 1953 5546 enim

371 5575 570 5629 stadiis
598 5591 896 5646 apparens,
921 5593 1018 5634 eos
1049 5578 1140 5647 qui
1173 5577 1241 5631 ad
1258 5579 1647 5633 Alexandriam
1670 5581 1951 5651 navigant,

374 5680 496 5721 cum
521 5667 587 5721 de
610 5668 800 5738 pelago
817 5669 917 5724 visi
948 5667 1174 5738 fuerint,
1190 5670 1442 5739 suscipit,
1458 5679 1508 5724 et
1535 5671 1951 5729 delectationem

2065 4483 2313 4555 δόμηται,
2340 4486 2436 4538 καὶ⁴
2460 4486 2736 4554 μεσιτεύει
2756 4487 2971 4559 ψάμμῳ
2999 4489 3092 4542 καί⁵
3118 4488 3350 4560 κύμασι,
3383 4491 3482 4555 τάς
3515 4493 3650 4545 ιέκα⁹

2063 4576 2236 4647 τέρων
2265 4577 2442 4647 ὁρμὰς
2474 4578 2928 4650 προσδεχόμενον,
2967 4580 3064 4634 καὶ
3092 4583 3424 4648 κατευνάζον
3445 4585 3523 4649 ὡς
3551 4603 3650 4656 με·

2064 4666 2219 4736 σίτης
2259 4665 2350 4719 τὸν
2399 4665 2638 4736 πόλεμον
2669 4683 2683 4696 ·
2719 4668 2855 4739 πρὸς
2892 4669 2968 4722 ἕω
3033 4670 3260 4742 μὲνγὰρ
3292 4671 3408 4744 ἔχει
3434 4673 3653 4745 βρυχω-

2065 4757 2234 4827 μένην
2288 4757 2389 4828 τὴν
2446 4757 2744 4825 θάλασσαν,
2827 4761 2920 4814 καὶ
2973 4761 3073 4834 τὴν
3132 4763 3362 4834 ψάμμον
3419 4766 3646 4836 πορθεῖν

2062 4849 2360 4902 ἐπαῖουσαν
2392 4866 2407 4881 ο
2453 4851 2588 4921 πρὸς
2618 4851 2674 4904 δὲ
2695 4853 2954 4922 δυόμενον
2973 4855 3149 4925 ἥλιον,
3174 4857 3277 4927 τῆς
3303 4858 3536 4930 ψάμμου
3551 4860 3648 4914 τὸν

2062 4939 2345 5006 σκόπελον,
2366 4941 2640 5012 πολεμίως
2657 4944 2981 5014 ἐφορμῶντα
2997 4949 3107 5010 τοῖς
3123 4947 3384 5019 κύμασιν,
3407 4953 3502 5004 καὶ
3517 4969 3647 5022 χερ-

2061 5026 2190 5084 σοῢν
2218 5033 2318 5102 τὴν
2339 5032 2514 5104 ὑγράν
2531 5035 2942 5105 ἐπεισέρχοντα.
2989 5037 3131 5091 Ἀλλ’
3167 5038 3292 5094 οὔτε
3319 5041 3381 5094 τὸ
3410 5040 3556 5113 ὕδωρ
3580 5044 3649 5114 ἐᾷ

2060 5125 2127 5192 τῇ
2157 5122 2370 5194 ψάμμῳ
2392 5125 2824 5195 συμπλέκεσθαι,
2853 5127 2979 5182 οὑτε
3035 5130 3134 5201 τὴν
3161 5131 3349 5202 ἅμμον
3370 5135 3482 5196 τοῖς
3509 5133 3652 5186 ὑδα-.

2062 5231 2147 5267 σιν
2179 5213 2473 5285 μίσγεσθαι
2499 5217 2597 5286 τὴν
2631 5217 2903 5288 μεθόριον,
2931 5219 3007 5283 ὡς
3033 5220 3162 5291 παρ’
3222 5223 3504 5293 ἑκατέρων
3536 5240 3644 5292 φα-

2060 5305 2171 5364 νὲν,
2197 5306 2290 5358 καὶ
2317 5306 2514 5376 χαῦνον
2546 5309 2730 5370 αὐτοῖς
2755 5310 2847 5362 τὸν
2899 5312 3098 5364 οἰκεῖον
3144 5315 3430 5383 προτεῖνον
3483 5313 3648 5382 θεμέ-

2060 5399 2190 5453 λιον.
2251 5399 2344 5462 Εἰς
2383 5399 2517 5469 ὕψος
2567 5399 2623 5452 δὲ
2664 5400 2799 5453 πολὺ
2839 5401 3210 5473 ἐπαιρόμενον
3237 5403 3433 5472 καὶτῷ
3462 5404 3643 5473 αἰθέρι

2060 5491 2332 5544 συνάπτον
2363 5491 2452 5545 τὸν
2474 5491 2955 5562 ὑροφον,ποθεινὶν
2971 5493 3204 5564 ὑπάρχει
3226 5497 3338 5558 τοῖς
3366 5496 3641 5548 πλέουσινο

2058 5585 2121 5636 ἐκ
2149 5585 2358 5636 πολλῶν
2389 5584 2496 5654 γάρ
2517 5585 2748 5647 σταδίων
2769 5586 3117 5654 φαινόμενον,
3136 5588 3262 5649 τοὺς
3283 5586 3383 5657 μὲν
3400 5589 3480 5649 εἰς
3501 5587 3645 5638 Ἀλε-

2061 5675 2343 5746 Εάνδρειαν
2370 5675 2627 5738 πλέοντας
2649 5675 2742 5730 τοῦ
2781 5676 3055 5744 πελάγους
3104 5677 3373 5746 φανέντας
3410 5677 3638 5750 προσδέ-
