4010 6208
378 282 520 355 3617

1260 292 1265 297 ’
1327 275 1857 375 LAUDESIN‘SS.
1892 308 2152 379 CYRUM
2176 312 2273 382 ET
2321 314 2695 387 JOANNEM.

3519 336 3662 404 34:3

382 421 557 477 λεῖαι,
593 406 685 461 καὶ
710 408 904 481 τέρψιν
934 412 1120 478 αὐτοῖς
1139 416 1201 469 οὐ
1228 417 1329 491 τὴν
1350 423 1625 493 τυχοῦσαν
1646 426 1955 498 χαρίζεται,

388 498 700 520 _-A_----,J._,A
749 501 763 520 ο
829 505 845 520 ι
933 506 946 520 ι
1061 507 1074 520 ι
1186 508 1210 520 Α
1261 509 1273 520 ι
1575 517 1583 520 .
1675 518 1711 520 __
1841 518 1852 520 _

2071 431 2173 487 illis
2204 449 2312 490 non
2350 438 2621 493 modicam
2655 439 2847 508 donat,
2881 436 3264 511 prmnuntians
3310 445 3456 515 quod
3485 464 3657 520 prope

384 498 702 569 προμηνῦον
733 501 810 567 ὡς
824 505 994 572 ἐγγὺς
1025 507 1087 560 τὸ
1109 508 1450 580 ποθούμενον
1470 532 1483 547 ·
1506 517 1635 581 τοὺς
1668 518 1727 572 δὲ
1751 518 1961 591 ταύτην

383 591 715 657 ἐκπλέοντας
773 596 934 666 μέχρι
977 600 1175 654 πολλοῦ
1227 605 1552 676 προπέμπει
1596 608 1957 682 βλεπόμενον,

382 682 479 735 καὶ
505 685 791 755 σωτηρίοις
832 688 1107 757 ἐφοδιάζει
1132 692 1472 765 δωρήμασιν.

452 774 516 828 λ’.
547 772 629 828 Τά
654 775 711 830 δὲ
736 781 851 835 τοῖς
910 778 1088 849 ἁγίοις
1144 785 1396 841 ἐντεῦθεν
1445 792 1965 865 τερατουργούμενα

381 866 466 930 τίς
502 867 686 959 ίκανὸς
713 870 1145 944 ἀριθμήσασθαι,
1179 870 1213 948 ἦ
1241 877 1458 953 γλώττῃ
1486 882 1739 957 τολμηρᾷ
1767 887 1964 959 διηγή-

385 958 605 1023 σασθαι,
628 961 1020 1035 ῆπολυρήμονι
1038 966 1378 1036 φθέγξασθαι
1411 973 1681 1044 στόματις
1726 958 1966 1051 Ἃνθρῶ-

384 1070 501 1106 πων
526 1054 626 1124 μὲν
656 1054 853 1119 οὐδεὶς,
885 1056 1007 1111 οὐδὲ
1039 1061 1087 1113 ει
1117 1054 1253 1115 δέκα
1283 1055 1384 1132 μὲν
1411 1060 1523 1119 εἶεν
1564 1066 1805 1135 γλῶτται
1833 1088 1965 1137 τινι,

379 1144 514 1198 δέκα
540 1144 597 1199 δὲ
647 1146 913 1218 στόματα,
960 1149 1140 1223 ψυχήν
1162 1169 1223 1207 τε
1254 1153 1514 1226 χαλκείαν
1567 1159 1664 1213 καὶ
1715 1163 1904 1231 φωνὴν
1937 1165 1967 1218 6

380 1235 623 1301 τοιοῦτος
677 1238 957 1310 ἄρρηκτον
1011 1243 1276 1315 κτήσαιτο
1301 1259 1319 1279 ο
1368 1246 1528 1316 μόνος
1565 1248 1623 1303 δέ
1652 1250 1785 1316 Θεὸς
1814 1252 1843 1305 6
1873 1254 1967 1307 καὶ

379 1328 651 1398 τοσαύτην
705 1331 892 1395 αὐτοῖς
948 1333 1104 1405 ἰσχὺν
1162 1330 1570 1412 δωρησάμενος,
1609 1336 1679 1398 δι’
1716 1336 1778 1399 οὗ
1833 1363 1969 1418 προ-

381 1418 675 1475 εθέσπισαν
708 1423 777 1476 τὰ
808 1422 875 1478 δι’
911 1425 1094 1480 αὐτῶν
1139 1429 1221 1492 είς
1248 1430 1408 1500 δόξαν
1437 1428 1604 1489 αὐτού
1639 1437 1964 1509 πραχθησό-

384 1530 542 1583 μενα·
570 1515 875 1587 όάριθμῶν
924 1518 1104 1592 πλήθη
1161 1521 1379 1594 ἄστρων
1428 1526 1524 1580 καὶ
1583 1531 1749 1583 πᾶσιν
1780 1526 1969 1595 αύτοῖς

380 1606 624 1677 ὀνόματα
656 1608 859 1675 καλῶν,
884 1611 914 1665 ό
937 1613 1083 1683 χειρὶ
1115 1613 1214 1685 μὲν
1241 1615 1304 1669 τὸ
1332 1612 1479 1688 ὕδωρ
1512 1621 1747 1692 μετρῶν,
1782 1620 1878 1678 καί
1898 1626 1963 1696 τῇ

383 1702 630 1773 σπιθαμῇ
666 1704 757 1756 τὴν
802 1702 1052 1776 οὐρανὸν,
1118 1702 1366 1777 δρακὶδὲ
1397 1710 1581 1765 πᾶσαν
1636 1712 1735 1783 τὴν
1763 1714 1891 1785 γῆν,

382 1790 479 1844 καὶ
534 1791 693 1845 ὑετοῦ
735 1792 997 1862 σταγόνες
1049 1795 1409 1869 ἠρίθμηνται,
1460 1802 1556 1855 καὶ
1588 1802 1733 1870 βάλοι
1764 1802 1961 1877 δρόσου

386 1883 782 1954 μεμέτρηνται,
822 1886 916 1940 καὶ
942 1885 1175 1958 ψάμμου
1223 1891 1604 1959 προέγνωσται
1653 1894 1959 1968 ψήγματα*

383 1974 450 2028 δι’
480 1969 541 2030 οὗ
581 1974 814 2047 λεπροὺς
837 1976 1248 2050 καθαρίζουσιν,
1287 1982 1498 2052 χωλοὺς
1531 1980 1782 2040 ποιοῦσιν
1808 1988 1966 2060 ἀρτίο

383 2067 572 2132 ττοδας,
622 2067 873 2132 ἀσθενεῖς
922 2068 1340 2142 θεραπεύουσιν,
1387 2075 1612 2144 τυφλοῖς
1643 2077 1705 2132 τὸ
1736 2077 1964 2149 βλέπειν

380 2161 718 2232 χαρίζωνται,
775 2158 1030 2234 δαιμόνιά
1053 2179 1117 2216 τε
1151 2163 1528 2233 ἐκϐάλλουσιν,
1581 2169 1678 2223 καὶ
1731 2173 1963 2243 νεκροὺς

387 2251 676 2322 ἐγείρουσι,
704 2253 802 2307 καὶ
833 2252 1069 2324 μάλιστα
1096 2254 1225 2319 τοὺς
1260 2254 1442 2328 ψυχῆς
1472 2259 1812 2326 πεπονθότας
1864 2265 1964 2335 τὴν

390 2346 651 2415 νέκρωσιν
680 2361 697 2378 ο
753 2347 849 2401 καὶ
916 2345 1127 2420 δωρεὰν
1192 2349 1357 2403 πᾶσιν
1429 2350 1740 2423 ἀνθρώποις
1819 2371 1963 2429 παρ-

386 2437 643 2507 έχουσιν,
697 2438 769 2492 τὰ
820 2438 1029 2511 δωρεάν
1077 2440 1264 2506 αὐτοῖς
1325 2440 1551 2498 δοθέντα
1608 2446 1958 2519 χαρίσματα·

383 2527 592 2582 ἇπλετά
622 2537 681 2582 τε
727 2527 863 2583 ὄντα
927 2528 1022 2585 καὶ
1059 2531 1288 2604 ἄπειρα,
1329 2533 1425 2588 καὶ
1477 2537 1695 2609 ἡμέρας
1725 2540 1965 2612 ἑκάστης

383 2621 478 2673 καὶ
515 2620 666 2693 ὥρας
725 2621 1057 2693 αύξούμενα,
1085 2621 1184 2679 καὶ
1225 2625 1389 2696 ζυγὸν
1432 2627 1670 2700 ἀριθμοῦ
1708 2633 1784 2703 μὴ
1808 2633 1961 2704 δεχό-

385 2726 546 2781 μενα,
588 2711 768 2783 λέγειν
825 2713 1121 2769 ἀδύνατον⁹
1152 2716 1242 2771 ἀεὶ
1279 2717 1389 2790 γάρ
1420 2720 1537 2784 τοῖς
1586 2720 1866 2794 δευτέροις
1896 2726 1965 2781 τά

382 2802 669 2870 φθάσαντα
701 2803 984 2871 σκέπεται,
1021 2808 1116 2860 καὶ
1148 2806 1323 2863 ταῦτα
1354 2810 1468 2875 τοῖς
1501 2808 1750 2868 ἐπιοῦσιν
1793 2832 1964 2871 κατα-

383 2893 739 2960 καλύπτεται,
774 2896 914 2970 λήθῃ
948 2895 1410 2972 καταχωννύμενα
1442 2903 1538 2958 καὶ
1579 2906 1705 2979 σιγῇ
1735 2909 1963 2975 σκιαζό-

385 3006 543 3061 μενα,
572 2988 857 3045 θαλάττιόν
878 3003 929 3046 τι
946 2992 1044 3046 καὶ
1068 2992 1328 3066 φθονερὸν
1355 2991 1719 3069 ὑπομένοντα.
1754 3001 1967 3075 ’Ὥσπερ

2067 522 2139 577 sit
2171 525 2316 594 quod
2332 526 2721 587 desideratur:
2745 547 2840 587 eos
2854 548 2983 587 vero
3006 533 3099 601 qui
3130 536 3198 589 ab
3231 534 3336 592 hac
3364 539 3646 608 navigant.

2066 629 2243 685 usque
2292 617 2361 673 ad
2413 619 2580 675 multa
2632 621 2810 692 spatia
2866 624 3149 693 praemittit
3196 623 3326 679 dum
3377 627 3645 693 cernitur.

2065 716 2119 763 et
2148 709 2487 767 salutaribus
2530 707 2741 768 farsum
2777 715 3099 771 muneribus
3143 716 3400 771 viaticum
3430 718 3655 788 praebet.

2137 799 2230 856 30.
2272 800 2443 856 Porro
2474 803 2720 875 prodigia
2770 821 2892 877 qua:
2950 806 3079 862 hinc
3129 823 3160 864 a
3188 809 3414 876 fsanctis
3458 809 3653 867 ellecta

2066 903 2215 962 sunt,
2248 896 2370 967 quis
2421 911 2766 960 enumerare,
2822 898 2906 953 vel
2934 899 3130 954 audaci
3166 900 3352 971 lingua
3385 915 3641 973 narrare,

2068 995 2161 1039 aut
2188 1000 2284 1041 ore
2340 986 2671 1055 multiloquo
2707 979 2859 1042 effari
2891 982 3160 1044 sufﬁciat?
3195 989 3481 1045 hominum
3529 993 3657 1063 qui.

2068 1077 2189 1132 dem
2216 1077 2425 1142 nullus.
2469 1094 2568 1134 nec
2597 1079 2645 1135 si
2671 1079 2933 1150 cuiquam
2978 1081 3170 1138 decem
3212 1083 3324 1138 sint
3350 1076 3568 1154 lingua,
3602 1094 3659 1140 et

2070 1170 2297 1227 totidem
2323 1186 2442 1239 ora,
2474 1187 2794 1244 mneamque
2823 1174 3061 1229 animam
3086 1183 3141 1231 et
3186 1190 3377 1231 vocem
3409 1178 3502 1248 qui
3532 1178 3657 1233 talis

2068 1271 2152 1319 est
2178 1262 2537 1319 fortissimam
2591 1264 2827 1334 habeat;
2889 1262 2985 1322 sed
3044 1268 3197 1324 solus
3262 1268 3426 1330 Deus,
3465 1269 3557 1338 qui
3605 1278 3660 1323 et

2067 1365 2273 1411 tantam
2305 1356 2386 1413 eis
2425 1355 2804 1413 fortitudinem
2852 1360 3088 1413 contulit
3127 1370 3183 1414 et
3237 1375 3304 1414 ex
3353 1363 3660 1415 aeternitate
3737 1405 3743 1413 .

2070 1446 2496 1516 praedestinavit,
2521 1462 2643 1517 qum
2678 1462 2773 1517 per
2800 1462 2896 1503 eos
2936 1446 3003 1500 ad
3045 1448 3274 1516 gloriam
3311 1464 3469 1503 suam
3495 1458 3655 1503 erant

2069 1539 2309 1611 agenda;
2361 1538 2456 1610 qui
2500 1547 2755 1595 numerat
2810 1540 3225 1596 multitudinem
3276 1543 3560 1597 stellarum
3604 1553 3659 1598 et

2067 1632 2325 1687 omnibus
2380 1630 2463 1687 eis
2523 1633 2749 1686 nomina
2805 1640 3010 1696 vocat;
3063 1633 3158 1702 qui
3210 1648 3377 1687 manu
3432 1635 3658 1705 quidem

1990 1738 2265 1830 Baquam
2324 1720 2568 1793 metitur,
2627 1733 2682 1779 et
2729 1725 2912 1795 palmo
2968 1725 3195 1788 caelum,
3230 1726 3437 1796 pugillo
3471 1738 3659 1783 autem

2066 1830 2281 1871 omnem
2319 1816 2550 1880 terram,
2580 1815 2784 1888 cuique
2835 1815 3034 1885 pluvia:
3088 1823 3257 1886 guttae
3296 1817 3661 1874 dinumeratze

2067 1912 2199 1960 sunt
2224 1912 2280 1960 et
2301 1905 2445 1963 roris
2474 1904 2663 1975 jacula
2691 1914 3034 1971 mensurata,
3062 1912 3119 1960 et
3155 1909 3311 1961 mica:
3359 1909 3661 1977 praescion-

2066 2000 2158 2051 tur
2183 2007 2367 2052 arente.l
2406 2015 2420 2051 :
2481 2006 2580 2067 per
2607 2005 2769 2066 quem
2802 1994 3050 2066 leprosos
3077 1996 3402 2063 emundant,
3431 1997 3662 2055 claudos

2067 2082 2278 2142 faciunt
2310 2083 2544 2157 pedibus
2597 2084 2777 2151 sanis,
2812 2084 3065 2140 inlirmos
3095 2093 3295 2141 curant
3322 2126 3339 2152 ,
3386 2087 3548 2143 caecis
3579 2089 3663 2142 vi-

2067 2192 2188 2235 sum
2218 2177 2448 2239 donant,
2480 2183 2536 2231 et
2602 2174 2874 2230 daemonia
2903 2175 3154 2247 ejiciunt,
3203 2186 3253 2231 et
3291 2187 3540 2235 mortuos
3566 2195 3662 2238 sur

2066 2270 2291 2331 scitant,
2324 2266 2673 2337 maximeque
2702 2266 2825 2321 illos
2841 2267 2934 2337 qui
2966 2268 3445 2324 mortificationem
3466 2270 3662 2325 animae

2065 2356 2388 2427 patiuntur;
2445 2361 2500 2409 et
2538 2353 2711 2426 gratis
2740 2353 3058 2411 hominibus
3107 2354 3362 2410 tribuunt
3394 2368 3517 2427 qua!
3541 2356 3650 2412 sibi

2065 2449 2189 2501 data
2220 2450 2352 2500 sunt
2381 2443 2557 2515 gratis
2583 2443 2922 2499 charismata
2960 2453 2977 2498 έ
3028 2460 3152 2524 quae
3183 2462 3306 2500 cum
3340 2446 3452 2504 sint
3487 2446 3661 2516 pluri«

2068 2553 2151 2591 ma
2184 2546 2239 2593 et
2259 2536 2497 2598 infinita.
2531 2542 2586 2592 et
2611 2550 2708 2607 per
2751 2535 3001 2606 singulos
3064 2534 3185 2593 dies
3228 2547 3282 2592 et
3337 2538 3505 2595 horas
3537 2550 3660 2594 ore"

2067 2629 2301 2693 scentia,
2353 2626 2682 2697 numerique
2719 2630 2981 2681 trutinam
3004 2642 3116 2682 non
3169 2628 3511 2698 recipientia,
3545 2629 3653 2685 dici

2068 2735 2174 2773 non
2225 2727 2486 2790 possunt;
2530 2732 2751 2789 semper
2798 2719 2945 2773 enim
2977 2720 3412 2776 succedentibus
3444 2736 3656 2792 praeces

2067 2813 2250 2869 (lentia
2298 2819 2687 2882 conteguntur,
2734 2815 2790 2867 et
2819 2810 3293 2882 subsequentibus
3329 2813 3436 2867 ista
3471 2813 3664 2867 velan-

2067 2912 2177 2971 tur,
2200 2902 2608 2958 oblitteratione
2630 2902 2849 2967 obruta,
2881 2900 3102 2957 silentio
3122 2902 3471 2966 obumbrata.
3497 2911 3663 2973 atque

2069 2994 2347 3049 marinum
2412 2999 2469 3049 et
2520 2992 2856 3049 invidiosum
2917 2986 3046 3063 quid
3102 2984 3453 3063 perferentia.
3508 2992 3705 3049 Sicut-

380 3084 492 3151 γὰρ
525 3081 760 3138 ἐνταῦθα
785 3082 1010 3155 κύματα
1047 3083 1436 3158 κορυφούμενά
1465 3102 1525 3144 τε
1552 3093 1645 3145 καὶ⁵
1661 3087 1963 3168 αὐξούμενα

2071 3085 2336 3141 οιιίιηηιιίο
2366 3084 2568 3140 ﬂuctus
2592 3098 2716 3139 cum
2749 3083 3036 3138 elevantur
3068 3086 3121 3138 et
3161 3092 3443 3149 crescunt,
3474 3084 3665 3138 viden«

381 3177 574 3244 ὁρᾶται
620 3177 716 3231 καὶ
763 3176 1044 3247 βλέπεται,
1079 3179 1175 3233 καὶ
1208 3182 1403 3252 τέρπει
1431 3184 1561 3249 τοὺς
1585 3183 1832 3258 ὁρῶντας
1866 3189 1963 3246 καὶ

2071 3187 2157 3234 tur
2187 3185 2242 3234 et
2274 3177 2648 3248 aspiciuntur,
2678 3176 3058 3246 delectarique
3085 3176 3293 3231 faciunt
3330 3174 3581 3233 videntes
3607 3185 3665 3231 et.

385 3266 703 3339 βλέποντας,
761 3265 882 3323 εἶτα
906 3273 1344 3343 προχωρήσαντα
1381 3275 1476 3328 καὶ
1501 3270 1777 3349 δευτέροις
1807 3281 1963 3335 ὑπεί-

2071 3271 2397 3343 aspieientes
2428 3286 2443 3323 :
2472 3267 2781 3337 deindeque
2823 3267 3202 3339 prtecedentes
3234 3260 3663 3323 succedentibus

384 3361 549 3425 ξαντα
582 3361 745 3424 εὐθὺς
768 3360 849 3433 τῷ
879 3362 981 3432 τῆς
1005 3362 1174 3435 λήθης
1220 3365 1488 3421 ἐκδίδοται
1546 3369 1802 3442 ῥεύματι,
1866 3373 1963 3428 καὶ

385 3455 471 3524 ῥεῖ
489 3455 556 3526 τῇ
589 3448 729 3526 λήθῃ
774 3454 906 3526 πρὶν
952 3455 1193 3530 ἢρεύσῃ
1248 3460 1363 3521 τοῖς
1429 3456 1639 3527 ὕδασιν,
1697 3464 1793 3518 καὶ
1835 3462 1963 3538 σιγῇ

383 3543 828 3614 κατακρύπτεται
874 3545 1005 3618 πρὶν
1054 3546 1087 3619 ἢ
1120 3547 1299 3621 κρυϐῇ
1326 3551 1437 3613 τοῖς
1466 3550 1659 3607 ἔπειτα
1693 3547 1961 3625 κύμασινο

382 3633 526 3690 οὕτω
555 3636 650 3690 καὶ
676 3632 786 3691 τῶν
823 3637 995 3707 ἁγίων
1023 3636 1207 3712 Κύρου
1238 3656 1299 3692 τε
1330 3641 1426 3695 καὶ
1461 3641 1708 3697 Ἰωάννου
1746 3645 1817 3699 τὰ
1838 3641 1966 3699 θαύ-

387 3738 552 3793 ματα,
582 3719 903 3795 ἐπαλλήλως
931 3728 1272 3798 πηγάζοντα,
1321 3728 1419 3784 καὶ
1453 3730 1725 3797 πλουσίως
1761 3732 1962 3787 ἐκϐλύ-

384 3820 567 3885 ζοντα,
621 3823 748 3893 σιγῇ
780 3821 1043 3876 καλύπτει
1071 3823 1143 3877 τὰ
1176 3824 1422 3897 παρόντα
1450 3824 1523 3879 τά
1553 3827 1818 3899 πρότερα,
1871 3830 1967 3881 καὶ⁸

383 3911 612 3982 ἀληθεία
644 3913 739 3966 καὶ
765 3913 907 3967 αὐτὰ
941 3914 1010 3986 τῇ
1044 3915 1154 3971 τῶν
1192 3915 1456 3970 ἐπιόντων
1486 3918 1660 3989 ἐφόδῳ
1690 3917 1966 3972 καλύπτε-

385 4014 496 4057 ται.

459 4183 561 4239 λα’.
597 4185 741 4239 Ἀλλ’
759 4186 809 4241 εί
835 4186 929 4242 καὶ
949 4179 1093 4241 οὕτω
1115 4183 1290 4242 ταῦτα
1309 4189 1406 4242 καὶ
1436 4188 1677 4259 τοσαῦτα
1702 4188 1971 4263 καθέστη-

388 4291 503 4342 κεν,
560 4277 717 4348 ὀλίγα
761 4277 886 4333 λίαν
954 4278 1137 4353 αύτῷν
1170 4276 1347 4334 είπεῖν
1376 4279 1810 4352 πειρασώμεθα*
1844 4299 1969 4337 συν-

383 4369 591 4423 τελέσει
649 4370 759 4441 γᾲρ
812 4370 906 4424 καὶ
953 4370 1097 4425 αύτά
1143 4372 1256 4435 τοῖς
1291 4372 1587 4442 ἐγκωμίοις
1612 4372 1704 4427 τὸν
1754 4373 1966 4445 ἔρανον,

2065 3362 2359 3425 subillatis,
2417 3375 2543 3416 mox
2592 3361 2825 3416 reumati
2884 3358 3177 3415 oblivionis
3236 3361 3559 3428 traduntur,
3598 3365 3656 3416 et

2063 3452 2325 3510 decidunt
2354 3450 2654 3515 oblivione,
2704 3453 3025 3522 priusquam
3091 3451 3335 3507 deﬂuant
3370 3454 3571 3524 aquis;
3609 3459 3666 3508 et

2065 3544 2505 3608 abscondantur,
2547 3542 2872 3613 priusquam
2937 3542 3348 3598 abscondantur
3395 3544 3667 3613 posterio-

2065 3638 2225 3692 ribus
2286 3634 2586 3701 ﬂuctibus;
2620 3634 2696 3688 ita
2729 3641 2940 3689 etcum
2990 3641 3308 3691 sanctorum
3361 3641 3664 3703 martyrum

2067 3726 2194 3799 Cyri
2216 3732 2270 3780 et
2299 3722 2532 3779 Joannis
2570 3723 2836 3779 miracula
2862 3722 3105 3780 vicissim
3137 3733 3195 3779 et
3226 3722 3667 3794 inseparabiliter

2068 3817 2311 3882 ellluant,
2352 3825 2407 3872 et
2465 3815 2694 3872 divitius
2730 3822 3007 3880 emanent,
3034 3814 3254 3872 silentio
3279 3822 3334 3870 et
3373 3814 3664 3869 oblittera-

2069 3911 2217 3966 tione
2239 3909 2530 3980 praesentia
2561 3921 2684 3979 quae
2728 3907 2882 3979 prius
2920 3915 3041 3962 acta
3077 3914 3206 3962 sunt
3254 3915 3577 3976 contegunt,
3609 3916 3666 3960 et

2070 4004 2188 4076 ipsa
2256 4017 2477 4075 quoque
2534 4001 2937 4058 imminentium
2979 4000 3391 4071 supervenienti
3440 3999 3656 4055 visione

2070 4098 2352 4154 velantur.

2142 4187 2231 4245 5|.
2265 4184 2372 4243 Sed
2398 4183 2652 4256 quamvis
2679 4183 2796 4239 haec
2825 4189 2881 4239 et
2911 4190 2993 4237 tot.
3022 4181 3098 4237 ita
3139 4182 3473 4245 consistant,
3526 4195 3665 4252 pau-

2071 4295 2134 4335 ca
2171 4288 2352 4333 tamen
2401 4276 2651 4347 ipsorum
2710 4272 2866 4331 effari
2929 4281 3207 4328 tentemus
3243 4287 3257 4325 :
3291 4284 3651 4327 consumma-

2073 4372 2208 4429 buut
2239 4371 2386 4426 enim
2421 4376 2477 4424 et
2528 4366 2646 4438 ipsa
2682 4365 2942 4422 laudibus
2997 4378 3251 4428 censum,
3286 4361 3663 4434 praefulgidam

384 4460 817 4531 προλάμπουσαν
829 4459 1021 4531 ἔχοντα
1044 4459 1142 4533 τὴν
1162 4460 1441 4532 ἀλήθειαν.
1458 4457 1647 4530 Ὀλίγα
1670 4462 1780 4535 γὰρ
1795 4463 1963 4527 ὅντως

2071 4462 2325 4519 habentia
2350 4458 2664 4516 veritatem.
2699 4456 2885 4513 Pauca
2939 4455 3086 4512 enim
3140 4470 3333 4511 revera
3385 4462 3667 4523 suntquae

384 4552 494 4607 εἰσὶ
530 4553 601 4606 τὰ
622 4551 881 4622 λέγεσθαι
905 4552 1166 4624 μέλλοντα
1189 4552 1280 4607 τὸν
1302 4553 1536 4625 ἀριθμὸν
1560 4554 1958 4627 ἐϐδομήκοντα,

384 4640 526 4718 πρὸς
559 4644 767 4718 πληθύν
792 4645 1104 4719 ἀμέτρητον
1126 4644 1607 4718 παραϐαλλόμενα,
1641 4645 1832 4716 ὥσπερ
1868 4646 1963 4701 καὶ

384 4736 596 4808 ῥανίδες
628 4735 806 4804 ὀλίγαι
844 4735 941 4790 καὶ
972 4728 1230 4808 εύμετροι
1281 4736 1417 4807 πρὸς
1464 4737 1701 4806 πέλαγος
1751 4738 1961 4792 ἀκατά-

380 4826 587 4896 ληπτον
633 4822 1098 4897 συμϐαλλόμεναι.
1129 4824 1206 4879 Ού
1235 4819 1448 4889 τούτοις
1476 4824 1587 4879 τῶν
1652 4822 1824 4893 ἁγίων
1858 4824 1961 4895 χά-

386 4930 491 4983 ριν,
520 4915 596 4987 μὴ
633 4916 866 4984 γένοιτο,
927 4913 1384 4986 περιγράφοντες,
1418 4910 1542 4967 οὔτε
1569 4912 1667 4977 τὰς
1703 4912 1782 4977 είς
1812 4914 1964 4984 ἡμᾶς

382 5007 566 5060 αὐτῶν
624 5005 946 5080 εὐεργεσίας
982 5003 1366 5068 συστέλλοντες
1398 5003 1500 5075 (μὴ
1532 5000 1676 5057 οὕτω
1706 5002 1801 5056 τοῦ
1827 5004 1962 5074 πρέ-

382 5115 576 5162 ποντος
598 5095 1018 5170 ἐκμανείημεν),
1047 5096 1164 5151 ἀλλ’
1191 5094 1468 5160 ἀπόδειξιν
1498 5094 1639 5149 αὐτὰ
1658 5094 1766 5148 τῶν
1787 5097 1965 5164 ἐγκω-

385 5190 524 5262 μίων
578 5191 914 5262 ποιούμενοι,
935 5191 1030 5245 καὶ
1056 5188 1156 5261 τῆς
1182 5187 1362 5243 αὐτῶν
1390 5187 1619 5257 εὐφυΐας
1664 5186 1963 5241 ἀσάλευτον

386 5282 665 5338 σύστασιν.
699 5282 791 5336 Διὸ
849 5281 946 5336 καὶ
974 5283 1159 5353 μέρος
1205 5279 1349 5335 αύτὰ
1383 5279 1494 5333 τῶν
1538 5280 1779 5335 ἐπαίνων
1820 5281 1965 5335 τιθέ-

387 5373 550 5444 μεθα,
581 5374 778 5444 δροφον
800 5372 990 5445 ὥσπερ
1011 5373 1089 5444 τῷ
1110 5371 1253 5443 λόγῳ
1278 5372 1541 5441 στεγανὸν
1563 5372 1959 5445 προμηθούμεο

384 5484 486 5533 νοι,
519 5468 596 5532 ὼς
623 5465 690 5521 ἂν
723 5466 799 5538 μὴ
831 5469 952 5531 ταῖς
1005 5466 1115 5519 τῶν
1145 5465 1388 5521 ἀπίστων
1435 5465 1834 5538 άθυροστόμοις
1872 5466 1962 5537 βο-

383 5558 499 5623 λαῖς
533 5559 944 5622 καταστάζοιτο,
976 5559 1070 5611 καὶ
1103 5557 1171 5611 δι’
1203 5554 1382 5611 αὐτῶν
1417 5559 1827 5630 ἐμφράττοντες
1853 5559 1962 5612 τῶν

387 5652 494 5713 τοῖς
524 5648 765 5713 εἰδώλοις
807 5649 1261 5722 προστετηκότων
1287 5650 1356 5705 τά
1379 5650 1646 5723 στόματα.
1680 5652 1777 5705 Διὰ
1802 5648 1961 5705 τοῦτο

388 5742 489 5812 γάρ
534 5740 657 5796 οὔτε
720 5742 1018 5813 θαυμάτων
1050 5741 1295 5796 παλαιῶν
1322 5743 1806 5814 μνημονεύσωμεν,
1836 5740 1961 5797 οὔτε

2072 4552 2306 4610 dicenda
2328 4558 2476 4613 sunt.
2507 4549 2563 4605 id
2593 4556 2680 4606 est
2710 4562 2942 4604 numero
2973 4547 3350 4618 septuaginta,
3378 4545 3447 4601 ad
3483 4547 3668 4601 multi-

2072 4645 2318 4703 tudinem
2393 4644 2717 4700 immensam
2779 4641 3020 4706 collata;
3086 4639 3552 4710 quemadmodum
3613 4646 3668 4691 (ιι

2073 4744 2240 4810 gutta:
2267 4750 2456 4808 pauca:
2480 4750 2548 4790 ac
2577 4733 2952 4791 numerabiles
2991 4732 3059 4788 ad
3105 4731 3668 4803 incomprehensibile

2072 4832 2320 4902 pelagus.
2352 4829 2472 4885 Non
2512 4828 2604 4883 hic
2645 4828 2987 4898 [sanctorum
3033 4825 3266 4895 gratiam
3320 4821 3670 4878 circumscrio

2072 4925 2285 4987 bentes,
2309 4922 2488 4987 absit;
2525 4934 2704 4990 neque
2738 4919 2830 4973 illa
2865 4933 2987 4989 qua:
3019 4918 3073 4971 in
3106 4916 3265 4971 nobis
3286 4915 3422 4986 ipsis
3450 4921 3666 4984 patrata

2072 5021 2201 5069 sunt.
2231 5011 2497 5068 beneﬁcia
2531 5010 2870 5073 breviantes,
2915 5024 2982 5064 ne
3022 5008 3103 5063 sic
3131 5009 3201 5063 ah
3226 5023 3293 5063 eo
3327 5006 3472 5077 quod
3498 5006 3666 5059 deco-

2074 5120 2196 5160 rum
2226 5113 2312 5160 est
2333 5105 2388 5159 in
2417 5102 2693 5158 insaniam
2722 5108 3137 5163 convertamur,
3172 5101 3266 5156 sed
3324 5098 3414 5152 illa
3456 5111 3667 5168 praeco-

2072 5196 2289 5251 niorum
2317 5193 2719 5264 probationem,
2745 5201 2802 5247 et
2848 5191 3109 5246 laudibus
3135 5205 3325 5245 eormn
3377 5202 3663 5242 commcn-

2072 5286 2373 5347 dationem.
2424 5284 2761 5339 immobilem
2814 5282 3109 5347 facientes;
3159 5264 3382 5352 propter
3419 5278 3562 5350 quod
3607 5289 3662 5336 et

2074 5390 2284 5450 partem
2343 5393 2409 5433 ea
2456 5376 2831 5432 laudationum
2901 5375 3184 5446 ponimus,
3238 5372 3396 5443 quasi
3460 5381 3661 5427 tectum

2074 5487 2326 5528 sermone
2348 5471 2545 5528 stabile
2571 5468 2947 5541 providentes,
2991 5482 3099 5539 quo
3124 5466 3425 5521 infidelium
3463 5465 3664 5535 jaculis

2076 5578 2198 5633 qua!
2226 5561 2393 5618 veluti
2426 5574 2520 5616 ora
2551 5559 2671 5614 sine
2698 5559 2843 5615 ostio
2878 5567 3031 5621 sunt,
3062 5558 3286 5612 minime
3328 5557 3540 5612 stillare
3571 5569 3663 5609 co-

2078 5665 2301 5725 gantur,
2329 5668 2394 5708 ac
2422 5667 2519 5723 per
2552 5651 2668 5720 ipsa
2702 5650 2865 5707 idolis
2888 5651 3186 5704 faventium
3217 5664 3311 5703 ora
3335 5647 3659 5718 oppilantes.

2077 5749 2204 5808 ideo
2239 5764 2367 5820 ergo
2393 5762 2490 5804 nec
2528 5751 2779 5802 veterum
2807 5743 3197 5802 miraculorum
3234 5741 3549 5797 memoriam
3585 5734 3666 5788 la-
