4010 6208
392 262 532 329 3519

1283 270 1344 332 S.
1390 267 1810 333 SOPIIRONII
1842 265 2354 349 PATRIARCIL’E
2391 264 2794 331 I-IIEROSOL.

3520 264 3660 331 3420

390 382 628 443 ciaums,
668 395 769 435 nec
797 394 987 436 eorum
1012 382 1352 448 relationem,
1391 400 1513 456 quae
1553 394 1681 442 ante
1737 387 1966 440 multum

2072 382 2182 437 τῶν
2212 384 2320 455 πρὸ
2362 382 2557 438 πολλοῦ
2590 380 2893 451 γεγονότων
2937 378 3131 447 καιροῦ
3169 378 3526 449 ποιησώμεθα
3554 383 3659 453 τὴν

392 483 608 545 tempus
647 483 795 543 gesta
818 483 944 527 sunt
968 490 1389 551 prosequamur,
1423 497 1489 536 ne
1519 482 1714 547 prolixi
1755 491 1969 552 tempo-

388 566 468 621 ris
499 566 702 618 auxilio
735 565 1062 633 praemuniti,
1096 567 1310 634 possint
1360 566 1470 624 Deo
1523 571 1683 628 invisi
1734 588 1797 628 ea
1850 589 1971 629 res-

387 671 554 723 puere
579 673 592 720 ;
628 655 720 709 sed
756 670 877 724 qua:
906 658 1245 725 temporibus
1274 661 1482 717 nostris
1514 661 1656 718 facta
1679 672 1809 720 sunt
1836 680 1970 720 con-

387 744 736 800 scribamus:
788 760 1022 814 quorum
1078 748 1185 801 alia
1252 751 1474 819 quidem
1540 768 1640 808 nos
1694 755 1965 817 vidimus.

385 834 635 902 quaedam
660 849 789 889 vero
820 835 889 890 ab
918 835 1042 890 aliis
1070 837 1162 906 qui
1198 838 1453 895 viderunt
1482 842 1795 899 audivimus
1822 859 1839 898 :
1870 846 1967 901 sed

382 934 440 982 et
470 926 687 996 plurimi
717 941 908 981 eorum
936 927 1028 996 qui
1065 931 1213 998 passi
1238 940 1391 994 sunt,
1420 933 1529 988 imo
1554 943 1610 990 et
1640 936 1706 991 dc
1733 936 1969 993 inﬁrmi-

382 1017 592 1070 tatibus
626 1017 742 1072 suis
769 1020 1189 1085 convaluerunt,
1248 1030 1303 1077 et
1334 1024 1458 1079 vita;
1511 1025 1641 1082 huic
1694 1028 1966 1087 hactenus

382 1118 705 1177 supersunt,
732 1110 1019 1180 solemque
1049 1111 1218 1167 istum
1249 1114 1554 1181 intuentur,
1577 1124 1631 1171 et
1676 1123 1966 1191 praesenti-

368 1198 486 1253 ‘hus
522 1200 685 1252 rebus
743 1208 995 1265 utuntur,
1022 1218 1236 1259 necnon
1296 1214 1351 1259 et
1387 1210 1763 1265 testimonium
1810 1214 1965 1269 nobis

382 1291 675 1361 perhibent
704 1295 980 1358 veritatis,
1017 1295 1135 1350 haec
1166 1296 1233 1350 ad
1267 1299 1500 1367 gloriam
1549 1302 1669 1365 Dei,
1694 1309 1752 1358 et
1789 1303 1965 1360 hono-

381 1399 568 1437 norem
601 1394 919 1439 sanctorum
948 1401 1044 1443 ore
1072 1390 1299 1461 proprio
1357 1393 1703 1462 retulerunt;
1738 1397 1960 1466 quidam

381 1483 565 1527 autem
607 1484 663 1529 et
705 1474 773 1530 ad
810 1475 1101 1531 Dominum
1135 1489 1265 1534 sunt
1294 1482 1554 1552 profecti,
1583 1491 1639 1537 et
1672 1488 1964 1555 praesenti-
2006 1474 2015 1477 ’

380 1563 486 1618 bus
515 1565 680 1619 rebus
732 1566 994 1636 exempti,
1028 1583 1152 1624 cum
1190 1571 1380 1626 multis
1424 1580 1480 1627 et
1520 1574 1630 1644 ipsi
1659 1590 1780 1646 quae
1811 1578 1961 1633 circa

381 1665 442 1703 se
473 1659 621 1720 gesta
661 1651 880 1707 fuerant
925 1660 1368 1725 annuntiassent,
1402 1671 1456 1716 et
1486 1672 1651 1720 testes
1699 1667 1859 1722 nobis
1882 1669 1964 1722 di-

380 1750 598 1797 ctorum
626 1760 872 1810 veraces,
900 1762 996 1802 eos
1027 1750 1241 1807 scilicet
1264 1753 1357 1825 qui
1385 1755 1639 1811 viderant
1666 1766 1721 1815 et
1774 1756 1963 1817 audis;

378 1845 522 1895 rant,
551 1835 997 1905 dereliquissent.

448 1926 537 1979 32.
568 1926 765 1981 Verum
805 1933 908 1986 etsi
961 1933 1015 1987 in
1068 1944 1313 1992 veterum
1357 1939 1688 1997 scrutinium
1746 1951 1960 2000 nosmet

378 2016 696 2082 immittere,
751 2028 806 2075 et
837 2022 1057 2077 illorum
1100 2027 1263 2082 etiam
1292 2031 1541 2099 quaedam
1578 2032 1772 2089 litteris
1800 2049 1963 2088 enar-

378 2123 501 2164 rare
530 2112 917 2181 voluissemus,
950 2131 1061 2171 non
1096 2119 1287 2189 utique
1318 2124 1518 2192 pagani
1571 2139 1671 2179 nos
1699 2123 1821 2179 falsi
1846 2124 1961 2179 cri-

376 2202 545 2257 minis
569 2216 801 2273 arguere
832 2208 1167 2276 potuissent,
1214 2211 1303 2268 his
1355 2213 1492 2284 ipsis
1527 2223 1581 2268 et
1612 2233 1733 2286 quae
1762 2217 1961 2288 jugiter

378 2308 407 2343 a
444 2296 652 2351 sanctis
681 2296 818 2352 ﬁunt
851 2301 1143 2358 manifeste
1187 2303 1502 2377 redargnti;
1528 2324 1720 2363 eorum
1756 2311 1959 2381 quippe

378 2401 503 2455 qua:
528 2399 788 2458 perpetuo
812 2401 1082 2461 geruntur
1108 2395 1271 2460 visio,
1296 2406 1351 2452 et
1405 2414 1595 2454 eorum
1624 2418 1746 2471 qua:
1778 2419 1952 2473 nuper

378 2488 496 2533 acta
552 2491 683 2536 sunt
747 2487 1048 2551 enarratio,
1094 2497 1150 2542 et
1189 2491 1470 2548 veteribus
1544 2494 1732 2563 utique
1798 2496 1957 2549 tidem

378 2576 732 2640 prtestabant,
770 2585 825 2630 et
855 2577 908 2631 in
936 2580 1097 2634 nobis
1138 2582 1396 2638 muniunt
1440 2585 1752 2643 veritatem.
1786 2595 1957 2655 atque

375 2665 757 2723 abominandis
826 2670 1093 2724 idolorum
1125 2673 1456 2740 cultoribus,
1479 2690 1667 2730 eorum
1704 2676 1955 2732 dilIidcn-

376 2755 507 2808 tiam
530 2759 849 2812 excludunt.
886 2758 1182 2815 Veteribus
1241 2778 1373 2832 ergo
1402 2771 1586 2820 vetera
1612 2776 1831 2836 compte
1863 2769 1954 2824 lc-

377 2850 470 2916 qui
496 2848 841 2914 deserentes,
870 2860 1060 2922 utpote
1088 2856 1432 2925 temporibus
1457 2871 1649 2911 eorum
1680 2858 1960 2930 refulgen-

375 2942 475 3007 tia,
509 2952 561 2996 et
593 2958 688 2997 eos
716 2944 807 3015 qui
833 2952 963 3000 tunc
998 2953 1296 3015 praesentes
1326 2956 1486 3003 erant
1515 2949 1851 3006 laetilieantia
1904 2962 1961 3008 et

377 3034 653 3098 ornantia,
706 3035 810 3105 ipsi
842 3051 963 3106 quae
997 3038 1215 3094 noviter
1260 3037 1405 3094 facta
1438 3050 1588 3107 sunt,
1645 3044 1961 3114 nostrisque
1986 3066 2034 3132 ρ

378 3127 719 3197 temporibus
768 3127 1004 3198 desuper
1038 3129 1232 3196 ell'usa,
1273 3132 1531 3188 imbrium
1575 3148 1728 3191 more
1769 3138 1958 3193 consi-

377 3226 552 3281 stunt,
583 3219 857 3286 dicamus,
880 3230 934 3275 et
954 3221 1136 3277 verbis
1162 3223 1403 3294 propriis
1425 3238 1793 3283 venustcmus.
1824 3226 1960 3283 Pro-

379 3312 497 3381 pria
530 3312 731 3381 quippe
764 3320 896 3366 sunt
948 3323 1003 3368 et
1031 3330 1154 3385 qua:
1176 3316 1487 3386 antiquiora
1515 3327 1643 3375 sunt
1676 3328 1948 3390 tempore,

380 3401 506 3468 quia
528 3402 784 3457 Christus
816 3418 925 3457 non
959 3412 1044 3458 est
1064 3404 1296 3472 divisus,
1325 3408 1419 3476 qui
1469 3408 1583 3464 haec
1619 3418 1674 3464 et
1732 3412 1823 3466 illa
1863 3427 1961 3481 per

380 3497 609 3543 sanctos
647 3488 945 3560 fabricatis,
976 3501 1031 3547 et
1066 3493 1248 3549 futura
1280 3512 1501 3567 quoque
1528 3500 1690 3556 nobis
1734 3509 1822 3558 est
1862 3503 1962 3558 ite-

374 3578 502 3631 rum
536 3590 900 3651 praestaturus
943 3601 957 3638 :
1005 3588 1213 3659 proprii
1248 3605 1376 3644 vero
1422 3607 1618 3647 rursus
1675 3600 1730 3647 et
1778 3596 1958 3649 nostri

381 3678 510 3722 sum
544 3670 637 3741 qui
678 3675 887 3742 operati
918 3683 1049 3731 sunt
1075 3693 1140 3732 ea
1188 3680 1389 3751 egregii
1435 3682 1648 3737 scilicet
1689 3692 1961 3755 martyres

384 3769 549 3829 atque
580 3762 767 3819 ﬁdeles
842 3767 935 3837 qui
989 3779 1294 3840 martyrum
1333 3772 1615 3831 miraculis
1674 3790 1772 3846 per
1824 3776 1955 3830 illud

381 3862 597 3925 tempus
648 3859 1125 3931 nobilitabantur;
1170 3881 1238 3920 ne
1297 3881 1397 3922 nos
1442 3866 1642 3923 iterum
1703 3870 1957 3926 maledici

382 3961 650 4002 novorum
694 3949 878 4021 inopia
919 3955 1314 4010 miraculorum
1351 3968 1537 4013 vetera
1573 3962 1833 4031 prosequi
1872 3962 1959 4017 di-

379 4048 506 4094 cant
530 4058 546 4108 ;
574 4056 730 4098 acres
752 4044 896 4099 enim
929 4055 983 4101 ct
1012 4047 1367 4105 inverecundi
1391 4060 1556 4121 atque
1590 4053 1801 4110 cmlesti
1828 4068 1961 4108 con-

376 4135 583 4189 sistunt
624 4136 694 4191 ad
748 4140 1109 4197 nmbrandam
1144 4143 1456 4207 veritatem.
1510 4153 1565 4201 et
1600 4145 1730 4201 huic
1762 4144 1961 4217 praefe-

378 4227 608 4282 rendum
659 4231 1026 4298 mendacium,
1062 4234 1349 4290 veritatem
1407 4237 1666 4308 prosequi
1697 4238 1840 4309 apud
1875 4239 1960 4294 in-

373 4327 628 4374 scnsatos
658 4319 853 4385 videri,
878 4332 932 4377 et
978 4338 1008 4378 e
1056 4326 1344 4382 contrario
1389 4329 1611 4385 mentiri
1664 4332 1952 4386 veritatem

2074 478 2348 549 διήγησιν.
2382 476 2469 530 ἵνα
2506 474 2582 545 μὴ
2615 474 2711 544 τὴν
2741 473 3057 543 συμμαχίαν
3085 472 3179 525 τὀῦ
3212 474 3405 544 χρόνον
3433 477 3653 544 ἐμφρά-

2076 566 2276 636 ξωμεν,
2317 565 2411 618 καὶ
2461 562 2743 635 δυνηθεῖεν
2765 563 2816 617 οἱ
2854 562 3171 629 θεοστυγεῖς
3201 560 3343 615 αὐτὰ
3366 566 3658 635 παραγρά-

2072 655 2298 727 ψασθαι*
2327 654 2465 710 ἀλλὰ
2486 659 2554 708 τὰ
2582 654 2641 709 ὲν
2677 655 2787 718 τοῖς
2816 653 3110 724 ἡμετέροις
3144 654 3360 722 καιροῖς
3383 654 3654 724 γενόμενα

2073 746 2398 817 γράψωμεν,
2426 740 2502 800 ὧν
2530 744 2649 801 τινὰ
2704 745 2803 814 μὲν
2859 744 3022 815 ἡμεῖς
3079 742 3411 813 τεθεάμεθα.
3445 745 3568 797 τινὰ
3597 745 3657 796 δὲ

2071 840 2200 910 παρ’
2242 837 2446 909 ἑτέρων
2498 835 2850 907 θεασαμένων
2902 835 3248 906 ἠκούσαμεν·
3274 836 3337 889 ού
3369 836 3478 908 μὴν
3521 836 3657 890 ἀλλὰ

2070 932 2167 986 καὶ
2192 932 2241 985 οἱ
2262 930 2481 993 πλείους
2507 929 2616 983 τῶν
2647 928 3022 993 πεπονθότων,
3061 928 3262 998 μᾶλλον
3299 926 3357 981 δὲ
3392 928 3659 996 θεραπευ-

2070 1021 2271 1077 θέντων
2291 1022 2371 1077 ἔτι
2405 1021 2485 1092 τῷ
2513 1021 2613 1094 βίῳ
2632 1020 2807 1090 τούτῳ
2821 1020 2899 1092 τῷ
2921 1019 3039 1074 καθ’
3057 1018 3202 1091 ἡμᾶς
3231 1019 3655 1086 περιλείπονται.

2068 1117 2165 1170 κα)⁵
2205 1114 2395 1168 τοῦτον
2420 1115 2513 1167 τὸν
2543 1114 2698 1186 ἣλιον
2734 1113 3052 1183 βλέπουσιν,
3105 1112 3200 1164 καὶ
3229 1110 3345 1175 τοῖς
3373 1111 3648 1182 παροῦσιν

2068 1210 2366 1280 κέχρηνται
2408 1208 2758 1278 πράγμασιν,
2825 1207 2919 1259 καί.
2974 1203 3351 1276 μαρτυροῦσιν
3384 1206 3517 1274 ἡμῖν
3550 1206 3652 1275 τὴν

2066 1303 2346 1375 ἀλήθειαν.
2381 1302 2537 1357 αὐτοὶ
2584 1302 2760 1355 ταῦτα
2810 1300 2946 1369 πρὸς
2974 1299 3136 1364 δόξαν
3163 1298 3264 1368 μὲν
3291 1296 3451 1362 Θεοῦ,
3486 1299 3657 1370 τιμὴν

2067 1394 2125 1449 δὲ
2155 1394 2264 1448 τῶν
2286 1395 2460 1463 ἁγίων
2487 1391 2713 1455 οἰκείοις
2728 1391 3078 1463 διηγούμενοι
3109 1390 3402 1461 στόμασιν
3425 1392 3569 1457 τινὲς
3594 1392 3652 1446 δὲ

2064 1486 2161 1538 καὶ
2195 1484 2332 1554 πρὸς
2357 1484 2562 1556 Κύριον
2587 1484 2955 1554 ὲξεδήμησαν,
2980 1483 3078 1537 καὶ
3099 1481 3210 1537 τῶν
3230 1479 3357 1553 τῇδε
3387 1485 3650 1554 πραγμά-

2063 1591 2173 1629 των
2227 1574 2518 1645 ἐλύθησαν,
2579 1574 2794 1639 πολλοῖς
2851 1572 2948 1630 καὶ
2998 1573 3154 1628 αὐτοὶ
3183 1573 3254 1627 τὰ
3283 1573 3407 1627 καθ’
3451 1574 3653 1639 αὐτοὺς

2064 1667 2519 1735 ἀπαγγείλαντες,
2554 1667 2651 1721 καὶ
2683 1666 2969 1736 μάρτυρας
3002 1666 3134 1736 ἡμῖν
3169 1665 3277 1719 τῶν
3301 1665 3644 1736 λεχθησομέ-

2068 1777 2177 1814 νων
2209 1758 2463 1830 ἀψευδεῖς
2502 1759 2629 1822 τοὺς
2662 1757 2867 1822 ἰδόντας
2902 1774 2961 1811 τε
2986 1757 3082 1812 καὶ
3107 1755 3450 1823 ἀκούσαντας
3480 1775 3647 1812 κατα-

2069 1848 2377 1920 λείψαντες.

2138 1941 2239 2012 λβ⁹.
2288 1936 2430 1996 Ἀλλ’
2462 1941 2510 1995 εἰ
2535 1942 2631 1997 καὶ
2654 1938 2764 1993 τῶν
2789 1936 3038 1994 παλαιῶν
3066 1940 3148 2005 είς
3170 1937 3396 2011 ἔρευναν
3422 1939 3649 2006 ἑαυτοὺς

2068 2031 2328 2104 ἐμϐαλεῖν
2359 2031 2723 2101 ὴϐουλόμεθα,
2775 2035 2867 2085 καὶ
2897 2030 3169 2084 κάκείνων
3203 2031 3328 2085 τινὰ
3358 2032 3437 2104 τῷ
3466 2034 3649 2103 γράμ-

2069 2142 2201 2195 ματι
2223 2122 2607 2196 διηγήσασθαι,
2635 2124 2736 2177 οὐκ
2759 2122 2824 2177 ἂν
2856 2123 3003 2192 ἡμᾶς
3022 2122 3280 2193 Ἕλληνες
3293 2122 3649 2197 ψευδοεποῦν-

2065 2232 2166 2281 τας
2198 2213 2441 2287 ἐλέγχειν
2489 2214 2752 2285 ἠδύναντο
2775 2231 2790 2246 ο
2840 2211 3051 2279 τούτοις
3084 2214 3239 2268 αὐτοί¹
3297 2215 3393 2269 καὶ
3430 2218 3543 2280 τοῖς
3566 2219 3647 2281 εἰς

2066 2307 2157 2360 ἀεὶ
2198 2305 2310 2377 πρὸ
2336 2305 2445 2360 τῶν
2476 2306 2649 2374 ἁγίων
2678 2304 3025 2374 γιγνομένοις
3057 2304 3245 2374 σαφῶς
3273 2304 3644 2377 ἐλεγχόμενοι.

2077 2399 2137 2454 Ἥ
2160 2397 2268 2469 γὰρ
2292 2397 2401 2451 τῶν
2425 2398 2505 2463 εἰς
2538 2399 2628 2452 ἀεὶ
2658 2398 3049 2467 πραττομένων
3081 2397 3202 2462 θέα,
3226 2399 3323 2453 καὶ
3346 2398 3455 2452 τῶν
3483 2398 3648 2468 ἐναγ-

2067 2507 2159 2560 χος
2190 2490 2495 2559 γεγονότων
2547 2489 2820 2561 διήγησις,
2872 2491 2963 2543 καί
2994 2492 3109 2555 τοῖς
3146 2489 3393 2556 παλαιοῖς
3420 2490 3521 2561 τὴν
3550 2492 3644 2543 πί-

2067 2600 2184 2637 στιν
2217 2584 2477 2655 παρεῖχον
2522 2583 2831 2653 ἅνάτρωτον
2850 2600 2865 2616 ο
2890 2583 2985 2637 καὶ
3014 2583 3149 2654 ἡμῖν
3181 2582 3520 2654 ἐπετείχιζον
3543 2583 3646 2657 τὴν

2064 2674 2343 2745 ἀλήθειαν.
2373 2676 2468 2728 καὶ
2494 2676 2605 2737 τοῖς
2637 2673 2913 2744 βδελυροῖς
2943 2673 3363 2745 εἰδωλολάτραις
3387 2676 3450 2728 τὸ
3510 2676 3646 2730 ἀπι-

2067 2767 2213 2819 στεῖν
2243 2767 2356 2829 τοῖς
2407 2764 2726 2835 λεγομένοις
2755 2764 3066 2819 ἀπέκλειον.
3116 2765 3243 2830 Τοῖς
3267 2766 3520 2831 παλαιοῖς
3551 2766 3648 2823 οὖν

2066 2856 2271 2910 παλαιὰ
2326 2854 2674 2925 σεμνολογεῖν
2722 2854 3175 2925 καταλείψαντες.
3215 2856 3252 2911 ἃ
3293 2861 3407 2921 τοῖς
3465 2860 3647 2915 αὐτῶν

2067 2950 2275 3019 καιροῖς
2333 2946 2750 3018 ἀναλάμψαντα,
2811 2949 2907 3002 καὶ
2934 2949 3063 3011 τοὺς
3097 2948 3219 3003 τότε
3249 2951 3524 3022 παρόντας
3556 2952 3649 3005 εύ-

2068 3038 2364 3112 φραίνοντά
2385 3055 2443 3092 τε
2476 3039 2570 3093 καὶ
2606 3039 2967 3110 σεμνύνοντα,
2996 3039 3151 3094 αὐτοὶ
3175 3041 3244 3095 τὰ
3261 3043 3459 3095 νεωστὶ
3488 3058 3649 3111 γεγο-

2067 3135 2196 3189 νότα
2254 3134 2351 3188 καὶ
2384 3135 2442 3186 ὲν
2468 3135 2581 3191 τοῖς
2611 3133 2907 3204 ἡμετέροις
2957 3135 3172 3203 καιροῖς
3220 3134 3649 3206 ὲπομϐρήσαντα

2064 3225 2329 3296 λέξωμεν,
2354 3224 2573 3288 καὶτοῖς
2600 3223 2750 3287 ἰδίοις
2767 3223 2923 3295 ἡμῶν
2950 3223 3390 3295 καλλωπίσωμεν
3409 3226 3476 3280 τὰ
3501 3226 3648 3280 ἀΐδια

2065 3317 2160 3370 καὶ
2186 3315 2258 3368 τὰ
2278 3314 2455 3385 χρόνῳ
2515 3314 2901 3386 πρεσϐύτερα·
2935 3315 3020 3368 ὅτι
3071 3314 3309 3386 Χριστὸς
3368 3317 3430 3370 οὐ
3484 3319 3646 3387 μεμέο

2070 3421 2271 3478 ρισται,
2295 3403 2325 3458 δ
2351 3404 2525 3459 ταῦτά
2544 3422 2604 3458 τε
2636 3405 2869 3458 κάκεῖνα
2893 3404 2981 3458 διὰ
3013 3404 3122 3457 τῶν
3171 3405 3347 3473 ἁγίων
3374 3406 3641 3478 τευξάμεο

2065 3512 2155 3558 νος
2173 3535 2189 3559 ,
2214 3496 2309 3549 καὶ
2345 3494 2414 3548 τὰ
2453 3493 2715 3566 μέλλοντα
2736 3494 2904 3549 πάλιν
2953 3495 3085 3563 ἡμῖν
3105 3494 3173 3547 δι’
3197 3494 3380 3551 αὐτῶν
3407 3499 3644 3569 παρεχό-

2068 3600 2252 3657 μενος.
2278 3582 2429 3638 ’ῐδιοι
2469 3581 2514 3638 δ’
2556 3579 2622 3638 αὖ
2655 3585 2751 3637 καὶ
2807 3583 3071 3656 ἡμέτεροι
3123 3584 3216 3637 καὶ
3256 3586 3304 3638 οἰ
3350 3584 3644 3656 δράσαντες

2064 3678 2204 3733 αὐτὰ
2236 3677 2512 3731 θεσπέσιοι
2550 3676 2851 3747 μάρτυρες,
2889 3676 2984 3729 καὶ
3004 3677 3053 3729 oi
3082 3679 3196 3740 τοῖς
3219 3676 3329 3729 τῶν
3357 3676 3647 3749 μαρτύρων

2066 3769 2339 3839 θαύμασιν
2372 3766 2492 3823 κατ’
2523 3769 2699 3820 ἐκεῖνο
2747 3766 2942 3838 καιροῦ
2973 3771 3186 3830 πιστοῖς
3234 3771 3646 3840 σεμνυνόμενοι,

2066 3862 2155 3916 ἴνα
2181 3862 2255 3932 μὴ
2279 3861 2441 3915 πάλιν
2476 3861 2624 3932 ἡμᾶς
2654 3859 2703 3913 οί
2734 3859 3001 3931 ὲπάρατοι
3033 3861 3239 3933 ἀπορίᾳ
3264 3863 3399 3917 νέων
3435 3862 3648 3934 θαυμά-

2062 3971 2171 4008 των
2193 3954 2262 4007 τὰ
2296 3953 2501 4007 παλαιὰ
2552 3950 2924 4023 διεξέρχεσθαι
2965 3952 3221 4022 λέγωσιν.
3257 3956 3432 4009 Δεινοί
3461 3955 3569 4026 γὰρ
3598 3958 3645 4010 οἰ

2063 4046 2269 4100 ἀνόσιοι
2317 4046 2413 4098 καὶ
2468 4044 2822 4116 ἀναίσχυντοι
2873 4045 3299 4117 καθεστήκασιν,
3334 4049 3648 4113 συσκιάξειν

2067 4137 2167 4205 μὲν
2194 4138 2293 4209 τὴν
2340 4136 2622 4209 ἀλήθειαν,
2655 4138 2772 4191 ἀντ’
2801 4138 2976 4207 αὐτῆς
3004 4139 3061 4192 δὲ
3085 4140 3145 4193 τὸ
3174 4140 3370 4212 ψεῦδος
3401 4142 3645 4213 προϐάλ-

2062 4230 2269 4293 λεσθαι,
2303 4231 2395 4284 καὶ
2421 4230 2482 4282 τὸ
2518 4229 2715 4301 ψεῦδος
2742 4229 3031 4302 ἀληθεύειν
3080 4232 3235 4302 παρὰ
3257 4235 3372 4297 τοῖς
3399 4233 3649 4305 ἀνοήτοις

2062 4323 2413 4396 ἐργάξεσθαι,
2443 4324 2540 4377 καὶ
2559 4324 2619 4377 τὸ
2644 4322 2716 4394 μὴ
2736 4323 2897 4379 πάλιν
2916 4322 3208 4393 ψεύδεσθαι
3231 4323 3329 4396 τὴν
3363 4325 3646 4396 ἀλήθειαν,

376 4411 581 4481 putari,
625 4415 878 4482 quamvis
924 4416 1316 4472 miraculorum
1375 4436 1499 4491 quae
1557 4437 1777 4492 semper
1822 4422 1961 4477 ﬁunt

2072 4417 2120 4469 εἰ
2153 4416 2248 4469 καὶ
2266 4414 2335 4467 τὰ
2355 4413 2591 4485 μάλιστα
2639 4416 2762 4478 ταῖς
2783 4415 2894 4469 τῶν
2923 4417 3009 4470 ἀεὶ
3041 4417 3386 4486 γιγνομένων
3431 4415 3646 4486 θαυμά-

376 4503 580 4559 nimbis
631 4504 906 4577 lalsiloqui
960 4509 1247 4580 capiantur
1273 4512 1353 4568 vel
1386 4522 1806 4571 consumantur.
1841 4513 1954 4569 llo-

375 4595 583 4649 minnm
616 4599 777 4667 plane
807 4597 1028 4653 nescius
1060 4601 1261 4669 nullus,
1290 4610 1348 4656 ut
1376 4605 1595 4673 opinor,
1615 4620 1786 4659 sacra:
1832 4604 1961 4676 Cyri

374 4694 540 4756 atque
581 4684 811 4744 Joannis
863 4691 1082 4746 virtutis
1124 4694 1361 4761 exsistit,
1392 4711 1555 4765 quam
1605 4696 1685 4751 eis
1715 4697 1958 4751 omnium

376 4777 521 4834 Deus
540 4789 595 4834 et
628 4780 885 4837 Salvator
907 4784 1067 4840 Jesus
1103 4783 1358 4841 Christus
1388 4788 1681 4855 (adversus
1728 4798 1959 4844 cunctos

373 4872 605 4927 omnino
638 4876 882 4939 morbos)
915 4877 1164 4942 donavit,
1216 4878 1283 4932 ad
1341 4880 1572 4950 gloriam
1609 4878 1854 4934 ﬁdelium
1885 4888 1962 4933 at-

374 4980 484 5031 que
532 4964 822 5021 catholicae
862 4965 1125 5023 Ecclesia:
1187 4969 1608 5025 :editicationem
1665 4980 1721 5026 et
1784 4970 1959 5026 stabi-

373 5056 607 5112 litalem.

446 5150 535 5202 53.
567 5150 672 5206 Sed
704 5166 898 5208 omnes
931 5153 1023 5223 qui
1075 5169 1187 5209 non
1248 5169 1481 5226 corpore
1534 5154 1687 5212 furere
1718 5170 1959 5226 praesen-

373 5252 482 5304 tes,
519 5250 779 5312 tanquam
806 5254 1109 5314 prresentes
1158 5255 1326 5315 atque
1382 5248 1634 5304 videntes
1687 5258 1960 5303 noverunt

374 5340 647 5403 quotquot
695 5334 835 5387 hanc
881 5342 1156 5390 terrenam
1221 5336 1476 5393 habitant
1522 5338 1846 5407 regionem;
1906 5341 1961 5402 in

375 5439 594 5480 omnem
619 5426 823 5498 quippe
874 5442 1063 5483 revera
1088 5437 1293 5485 terram
1327 5444 1501 5486 sonus
1524 5445 1715 5486 eorum
1747 5432 1814 5486 de
1841 5432 1952 5487 illis

376 5516 565 5581 exivit,
597 5528 651 5574 et
695 5521 748 5572 in
783 5520 932 5590 ipsos
964 5521 1115 5577 orbis
1164 5529 1328 5578 terrae
1363 5523 1519 5587 lines,
1569 5524 1638 5578 de
1671 5524 1755 5580 his
1794 5525 1960 5580 verba

377 5618 647 5662 venerunt
679 5627 692 5663 :
727 5625 833 5664 non
864 5612 1010 5666 enim
1041 5611 1110 5668 dc
1149 5614 1284 5670 solis
1320 5614 1586 5683 apostolis
1641 5615 1744 5671 hoc
1804 5615 1958 5669 Psal-

385 5697 545 5752 mista
570 5700 806 5754 clamare
839 5701 1191 5771 accipiendus
1235 5711 1340 5768 est,
1402 5704 1494 5759 sed
1524 5705 1589 5759 d2
1633 5706 1951 5762 hominibus

2064 4526 2172 4563 των
2214 4507 2401 4577 νιφάσι
2427 4506 2892 4578 ψευδηγοροῦντες
2944 4506 3275 4563 ἁλίσκοιντο.
3318 4506 3646 4578 Ἀνθρὼπων

2068 4602 2166 4672 μὲν
2194 4601 2304 4671 γὰρ
2331 4600 2608 4668 ἄγνωστος
2625 4599 2823 4663 οὐδεὶς,
2857 4598 2933 4662 ὡς
2957 4594 3137 4668 οἶμαι.
3173 4597 3517 4666 καθέστηκεν
3548 4598 3647 4665 τῆς

2066 4695 2217 4764 ἱερᾶς
2244 4692 2432 4763 Κύρου
2461 4693 2556 4747 καί
2570 4692 2823 4746 Ἰωάννου
2852 4691 3157 4762 δυνάμεως,
3181 4691 3251 4762 ἢν
3282 4691 3465 4754 αὐτοῖς
3487 4691 3518 4744 ὁ
3536 4688 3649 4743 τῶν

2062 4784 2199 4838 ὅλων
2247 4784 2379 4847 Θεδς
2411 4784 2507 4839 καὶ
2535 4784 2727 4854 Σωτὴρ
2770 4781 2979 4853 Ἰησοῦς
2997 4782 3233 4854 Χριστὸς
3262 4783 3403 4837 κατὰ
3425 4781 3644 4835 πάντων

2063 4876 2251 4940 ἁπλῶς
2279 4876 2387 4930 τῶν
2408 4876 2597 4930 παθῶν
2624 4876 2939 4948 ἐχαρίσατο.
2973 4875 3110 4944 πρὸς
3132 4875 3400 4947 καύχημα
3434 4873 3643 4928 πιστῶν

2062 4974 2158 5026 καὶ
2186 4969 2511 5040 ἀσφάλειαν,
2529 4969 2856 5041 Ἐκκλησίας
2883 4967 3228 5042 [καθολικῆς]
3247 4966 3536 5039 οἰκοδομὴν
3552 4966 3647 5021 καὶ

2064 5061 2378 5132 βεϐαίωσιν.

2131 5152 2235 5220 λγθ.
2273 5151 2435 5206 una:
2465 5152 2671 5217 πάντες
2701 5153 2750 5206 οἰ
2778 5152 2856 5223 μὴ
2888 5150 3158 5223 παρόντες
3185 5148 3262 5220 τῷ
3292 5149 3531 5221 σώματι,
3566 5146 3642 5211 ὡς

2064 5245 2329 5316 παρόντες
2362 5245 2457 5298 καὶ
2488 5245 2776 5312 βλέποντες
2811 5245 3015 5305 ἴσασιν,
3056 5243 3237 5313 χῶρον
3266 5243 3380 5295 ὅσοι
3431 5241 3649 5295 τουτονὶ

2060 5333 2153 5386 τὸν
2187 5334 2428 5401 ἐπίγειον
2454 5333 2698 5403 ναίουσιν
2722 5349 2736 5363 ο
2763 5333 2843 5396 εἰς
2870 5334 3055 5385 πᾶσαν
3089 5331 3199 5402 γὰρ
3224 5329 3392 5391 ὅντως
3418 5327 3517 5398 τὴν
3544 5329 3647 5395 γῆν

2063 5428 2092 5480 ό
2128 5425 2364 5495 φθόγγος
2385 5429 2413 5481 ὁ
2434 5427 2562 5499 περὶ
2586 5425 2766 5481 αὐτῶν
2796 5423 3139 5495 ἐξελήλυθεν,
3166 5422 3259 5476 καὶ
3281 5423 3360 5483 είς
3387 5420 3526 5474 αὐτὰ
3547 5418 3647 5487 τῆς

2063 5522 2389 5592 οἰκουμένης
2418 5520 2487 5574 τὰ
2517 5519 2751 5592 πέρατα,
2780 5518 2851 5572 τὰ
2881 5517 3010 5586 περὶ
3029 5514 3237 5608 τούτων
3267 5512 3498 5608 ἀφίκετο
3544 5510 3669 5608 μή.⁴

2068 5630 2232 5683 ματα.
2283 5612 2358 5664 Ού
2404 5610 2513 5680 γὰρ
2559 5610 2691 5682 περὶ
2749 5608 2929 5677 μόνων
2968 5605 3079 5660 τῶν
3126 5602 3446 5659 ἀποστόλων
3485 5602 3645 5653 τοῦτο

2067 5705 2195 5776 βοᾷν
2221 5703 2310 5757 τὸν
2351 5702 2654 5772 Ψαλμῳὸδν
2684 5698 3036 5766 ὲκδεξόαεθα,
3058 5697 3192 5752 ἀλλὰ
3222 5694 3319 5749 καὶ
3341 5694 3474 5763 περὶ
3507 5689 3644 5744 πάν-
