4010 6208
331 293 464 360 3521

1198 298 1494 361 LAUDES
1531 297 1610 361 IN
1650 302 1755 366 SS.
1779 298 2040 363 CYBUM
2085 302 2181 364 ET
2212 300 2585 364 JOANNEM.

3443 303 3587 366 3422

332 423 441 463 των
467 406 578 462 τῶν
608 405 968 479 ζηλωσάντων
993 409 1171 462 αὐτῶν
1204 410 1298 480 τὴν
1336 410 1608 465 ἀθάνατον
1644 412 1902 483 μίμησιν.

2010 414 2100 481 qui
2144 414 2385 467 aemulati
2419 422 2551 467 sunt
2600 410 2970 465 immortalem
3017 408 3380 464 imitationem
3431 412 3583 481 ipso-

336 501 501 554 Ὅθεν
537 502 630 555 καὶ
658 501 819 571 ἡμεῖς
849 502 1112 571 ἀκροαταὶ
1142 502 1304 572 μόνον
1327 502 1434 574 πρὸ
1452 503 1642 558 τούτου
1676 504 1777 573 τῆς
1799 504 1902 556 αύ-

331 591 441 644 τῶν
469 592 844 661 ἐτυγχάνομεν
901 592 1141 662 χάριτος,
1180 592 1256 656 ὡς
1290 596 1387 648 καὶ
1439 596 1642 658 πάντες
1687 597 1736 647 οἱ
1807 612 1910 663 μα-

333 685 485 753 κροῖς
517 681 835 751 ἀφεστῶτες
860 682 954 736 τοῦ
986 684 1249 753 τεμένους
1278 685 1461 739 αὐτῶν
1501 685 1867 755 διαστήμασιν
1893 702 1906 716 ·

332 775 428 829 νῦν
465 776 521 828 δὲ
552 775 647 828 καὶ
683 774 871 829 θεαταὶ
892 775 992 845 τῆς
1012 777 1123 829 τῶν
1149 778 1511 847 ἀκουσμάτων
1529 776 1787 847 ἀληθείας
1814 795 1908 846 γε-

334 867 598 936 γόναμεν,
636 866 980 938 ὀφθαλμικοῦ
1011 870 1319 939 νοσήματος
1372 869 1538 924 ἕνεκα
1573 870 1909 941 προσελθόν-

333 977 425 1022 τες
457 961 662 1026 αὐτοῖς,
678 960 755 1023 ὡς
782 960 1107 1033 προείρηται
1131 978 1145 995 ο
1165 961 1260 1016 καὶ
1295 963 1451 1016 αὐτοὶ⁵
1470 963 1569 1032 μὲν
1594 963 1696 1033 τὴν
1718 960 1910 1030 ὑγείαν

334 1047 638 1117 δεξάμενοι,
667 1049 762 1103 καὶ
788 1049 1104 1119 τρυγῶντας
1140 1049 1336 1112 ἄλλους
1359 1049 1462 1113 τὰς
1492 1050 1663 1113 ἰάσεις
1693 1050 1909 1119 θεώμες

333 1157 435 1195 νοι.
482 1140 668 1195 mm
702 1142 800 1211 μὲν
829 1142 1118 1211 προφήτης
1145 1141 1244 1211 τὴν
1275 1140 1448 1214 λύραν
1488 1142 1587 1213 τὴν
1623 1142 1776 1213 ἱερὰν
1807 1144 1910 1215 ἀρα

336 1233 662 1304 μοσάμενος,
695 1233 947 1303 καθάπερ
976 1231 1314 1303 ἠκούσαμεν,
1351 1233 1523 1297 οὕτως
1559 1236 1650 1286 καὶ
1701 1235 1904 1305 ῐδομεν,

332 1322 472 1393 πρὸς
503 1323 602 1393 τὴν
634 1323 873 1377 παλαιὰν
916 1323 1279 1394 Ἰερουσαλὴμ
1305 1323 1483 1394 βοάτω
1506 1326 1619 1389 τοῖς
1642 1323 1905 1396 ᾅσμασιν·

330 1416 494 1485 ἡμεῖς
520 1414 578 1468 δὲ
617 1414 755 1484 πρὸς
783 1414 907 1478 τοὺς
942 1415 1227 1486 μάρτυρας
1250 1415 1515 1487 φήσωμεν
1542 1430 1557 1446 ο
1589 1414 1910 1487 Βραχύτερα

332 1504 473 1558 πάνυ
512 1504 644 1575 περὶ
666 1503 820 1574 ὑμῶν
852 1506 965 1568 τοῖς
991 1503 1124 1557 ὠσὶν
1157 1504 1494 1575 ἐπυθόμεθα,
1531 1497 1606 1558 ὧν
1641 1508 1757 1568 τοῖς
1810 1506 1912 1575 δμ-

334 1609 500 1663 μασιν
540 1593 741 1662 ἴδομεν,
791 1593 889 1646 καὶ
946 1592 1172 1661 σταγόσι
1236 1595 1464 1664 μικραῖς
1516 1593 1940 1665 ὲδροσιζόμεθα·

2011 522 2152 560 rum.
2189 504 2345 560 Unde
2374 516 2427 561 et
2457 522 2559 560 nos
2587 512 2714 560 ante
2733 504 2859 567 hoc,
2890 503 3035 558 sicut
3076 503 3241 555 etiam
3266 517 3462 557 omnes
3490 505 3584 573 qui

2012 598 2352 667 longioribus
2387 613 2416 651 a
2457 599 2656 666 templo
2686 610 2877 651 eorum
2902 594 3094 664 spatiis
3121 594 3355 655 distant.
3392 598 3584 665 gratiae

2012 689 2258 759 ipsorum
2318 690 2599 743 auditores
2653 696 2865 741 tantum
2909 700 3166 745 eramus.
3209 700 3355 739 nunc
3405 694 3583 741 autem

2014 782 2351 850 inspectores
2382 779 2722 834 auditionum
2750 778 2999 832 veritatis
3020 777 3197 832 eil‘ecti
3253 792 3468 843 sumus,
3513 779 3586 831 oh

2011 874 2298 928 oculorum
2328 872 2647 941 languorem
2678 868 3005 924 accedentes
3046 870 3111 923 ad
3146 882 3264 929 eos,
3329 877 3391 921 ut
3440 882 3586 937 pne-

2010 963 2219 1019 dictum
2254 969 2377 1028 est;
2428 961 2610 1032 quiet
2666 961 2767 1029 ipsi
2798 959 3089 1016 sanitatem
3147 960 3476 1028 carpsimus.
3530 966 3587 1013 et

2012 1054 2152 1109 alios
2174 1054 2441 1109 sanitates
2483 1052 2826 1107 viudemiare
2874 1051 3281 1120 conspeximus.
3340 1047 3581 1104 Sanctus

2014 1147 2276 1216 propheta
2298 1148 2519 1216 quidem
2552 1159 2767 1201 sacram
2788 1145 2957 1216 lyram
2989 1152 3274 1212 coaptans,
3320 1142 3464 1195 simt
3486 1157 3588 1195 au-

2012 1236 2249 1291 divimus
2272 1236 2345 1290 ita
2369 1246 2422 1291 et
2459 1236 2719 1296 vidimus,
2757 1236 2822 1288 ad
2854 1243 3091 1288 veterem
3123 1230 3432 1287 Jerusalem
3454 1248 3588 1286 can-

2012 1326 2161 1381 tibus
2186 1327 2422 1391 clamet;
2473 1340 2574 1379 uos
2607 1331 2789 1378 autem
2822 1321 2890 1376 ad
2926 1330 3193 1392 martyres
3223 1335 3537 1376 asseramus
3571 1337 3586 1373 :

2014 1432 2187 1487 pauca
2234 1415 2303 1471 de
2346 1416 2500 1471 vobis
2534 1414 2762 1469 auribus
2811 1413 3189 1477 audiebamus,
3233 1426 3373 1480 quos
3415 1410 3590 1467 oculis

2012 1508 2251 1563 vidimus
2284 1516 2376 1561 :et
2404 1505 2632 1561 modicis
2657 1508 2810 1575 prius
2846 1505 2988 1560 roris
3012 1504 3181 1574 guttis
3215 1502 3588 1573 perfundeba-

2013 1616 2156 1666 mur,
2185 1600 2386 1671 quibus
2412 1599 2610 1668 linguae
2639 1598 2816 1653 nubes
2844 1596 3146 1660 imitantes,
3168 1596 3470 1665 martyrico
3501 1609 3590 1650 sae

330 1685 617 1757 πρότερον,
660 1679 748 1748 αἷς
777 1685 835 1738 αἱ
871 1683 1109 1751 γλῶτται
1161 1683 1391 1753 νεφέλας
1437 1683 1775 1756 μιμούμεναι
1813 1686 1905 1740 τοῦ

2015 1690 2247 1743 uitatum
2273 1698 2580 1744 vestrarum
2620 1693 2921 1756 assumpta:
2949 1686 3142 1756 pelago
3170 1683 3587 1753 compluebant.

336 1752 676 1849 μαρτυρικοῦ
707 1775 816 1830 τῶν
853 1775 1053 1830 ἰάσεων
1085 1774 1340 1831 άνιοῦσαι
1371 1752 1643 1847 πελάγους
1675 1777 1905 1844 ὑέτιζον.

2015 1780 2194 1854 Hujus
2218 1788 2400 1835 autem
2433 1787 2487 1834 et
2519 1793 2619 1833 nos
2650 1752 2993 1849 inspectores
3020 1752 3195 1847 pelagi
3227 1752 3380 1839 facti,
3431 1782 3487 1830 et
3533 1776 3591 1831 in

330 1868 535 1922 Τούτου
571 1867 628 1921 δὲ
663 1869 827 1938 ήμείς
861 1867 1128 1921 αὐτόπται
1156 1867 1254 1921 τοῦ
1292 1868 1565 1936 πελάγους
1605 1867 1907 1938 γενόμενοι,

330 1962 435 2015 κάν
466 1962 578 2023 τοῖς
603 1959 774 2013 αὑτοῦ
805 1959 1099 2029 νηξάμενοι
1129 1959 1391 2029 νάμασιν,
1459 1960 1601 2022 μετὰ
1625 1959 1725 2016 τοῦ
1788 1959 1910 2015 ’1ὼὸ

331 2053 472 2121 πρὸς
506 2052 649 2121 ὑμᾶς
681 2051 782 2114 τὰς
816 2050 1010 2104 τούτου
1047 2050 1232 2121 πηγάς
1267 2049 1674 2121 άνακράξομεν.
1716 2049 1912 2121 Ἀκοὴν

330 2141 432 2211 μιν
455 2141 595 2204 ὠτὸς
620 2139 893 2212 ἠκούομεν
920 2140 1075 2211 ὑμῶν
1117 2141 1285 2212 μόνον
1342 2140 1409 2193 τὸ
1458 2142 1753 2212 πρότερον,
1791 2142 1910 2194 νυνὶ

329 2235 385 2287 δὲ
418 2236 530 2296 τοῖς
559 2233 859 2303 ὀφθαλμοῖς
885 2233 1028 2302 ὑμᾶς
1051 2233 1400 2305 ἑωράκαμεν.
1430 2233 1610 2303 Ἀπερ
1638 2231 1731 2286 οὖν
1765 2249 1909 2303 παρ-

336 2324 480 2387 όντες
504 2327 617 2387 τοῖς
640 2324 882 2395 ὄμμασιν
906 2324 1119 2395 ἴδομεν,
1166 2325 1261 2378 καὶ
1303 2327 1418 2390 τοῖς
1471 2324 1608 2383 ὠσὶν
1661 2324 1908 2395 ἀκηκόα-

335 2429 452 2480 μεν,
479 2413 652 2466 ταῦτα
680 2413 775 2466 καὶ
806 2412 1091 2483 γράψομεν
1120 2429 1135 2445 ·
1167 2413 1263 2466 καὶ
1292 2414 1401 2476 τοῖς
1439 2411 1660 2483 μακρὰν
1681 2410 1906 2464 διεστῶ-

329 2517 412 2555 σιν
439 2504 553 2565 τοῐς
577 2499 847 2571 σώμασιν,
880 2502 1111 2565 καὶτοῖς
1150 2502 1273 2570 μεθ’
1296 2503 1447 2572 ήμᾶς
1483 2500 1735 2570 γίνεσθαι
1777 2500 1907 2570 μέλ-

325 2591 511 2644 λουσιν
546 2590 991 2662 παραπέμψομεν
1011 2606 1025 2620 ·
1056 2590 1234 2658 δεῦτε,
1267 2593 1361 2645 καὶ
1390 2592 1530 2646 ῐδετε
1551 2591 1623 2645 τὰ
1656 2590 1795 2661 ἔργα
1811 2589 1905 2644 τοῦ

324 2682 484 2746 Θεοῦ,
528 2681 565 2736 a
602 2682 753 2736 ἔθετο
801 2682 1009 2753 τέρατα
1055 2682 1147 2736 ἐπὶ
1184 2683 1283 2753 τῆς
1337 2682 1464 2753 γῆς,
1514 2681 1593 2752 τῷ
1648 2681 1905 2754 προφήτῃ

325 2773 491 2827 Δασὶδ
523 2772 1126 2843 συμφθεγγόμενονκαὶ
1156 2773 1348 2826 πιστδν
1376 2771 1514 2826 λεὼν
1546 2773 1906 2843 διεγείροντες

326 2864 774 2936 συναθροίσωμεν
815 2864 951 2937 πρὸς
982 2863 1082 2936 τὴν
1112 2862 1222 2917 τῶν
1252 2863 1441 2919 θεόθεν
1457 2864 1547 2918 διὰ
1575 2863 1761 2936 Κύρου
1813 2863 1907 2916 καὶ

336 2958 588 3010 Ἰωάννου
642 2957 979 3027 γιγνομὲνων
1021 2956 1269 3028 τεράτων
1325 2956 1609 3027 ἀκρόασιν.
1650 2957 1789 3028 Φέρε
1836 2955 1901 3027 δή

323 3042 443 3113 οὖν,
475 3046 628 3115 φέρε.
664 3031 950 3109 πάλιν’τὰς
965 3045 1074 3100 τῶν
1108 3046 1277 3115 ἁγίων
1307 3046 1473 3116 εὐχάς
1501 3045 1725 3116 ἀρωγὴν
1751 3046 1905 3097 ἐνδυ-

327 3138 580 3209 σάμενοι,
617 3139 726 3193 τῶν
750 3138 1044 3210 θαυμάτων
1066 3137 1463 3208 ὲγχειρίσωμεν
1490 3136 1590 3206 τὴν
1621 3135 1900 3207 διήγησιν,

328 3228 387 3277 ὲν
419 3225 621 3279 ἅπασιν
665 3225 954 3296 σύμμαχον
1015 3224 1116 3295 τὴν
1169 3223 1428 3295 ἀλήθειαν
1491 3225 1587 3278 καὶ
1647 3225 1925 3297 μάρτυραο

323 3315 434 3370 τῶν
458 3315 767 3387 λεγομένων
789 3316 1122 3388 ποιούμενοι.

2014 1872 2187 1942 ipsius
2217 1879 2471 1926 natantes
2510 1869 2753 1932 ﬂuentis,
2782 1884 2905 1923 cum
2934 1866 3038 1922 Job
3064 1867 3131 1921 ad
3159 1882 3275 1929 vos,
3304 1868 3397 1938 qui
3424 1866 3593 1937 hujus

2012 1962 2149 2020 estis
2179 1962 2357 2034 pelagi
2384 1960 2589 2024 fontes,
2620 1959 3056 2015 exclamabimus
3091 1974 3105 2011 :
3137 1958 3330 2013 auditu
3369 1957 3591 2028 quidem

2012 2055 2164 2109 auris
2191 2052 2554 2108 audiebamus
2576 2066 2674 2105 vos
2699 2051 2978 2120 primitus,
3011 2064 3163 2103 nunc
3199 2058 3386 2104 autem
3416 2049 3594 2104 oculis

2010 2158 2109 2199 vos
2142 2144 2402 2197 vidimus.
2435 2141 2566 2210 Quae
2626 2142 2813 2210 itaque
2847 2142 3025 2195 oculis
3050 2141 3315 2203 vidimus,
3345 2148 3400 2193 et
3429 2141 3590 2193 auri-

2009 2232 2115 2288 bus
2143 2232 2522 2296 audiebamus,
2557 2230 2673 2284 hzec
2702 2238 2759 2284 et
2793 2231 3123 2296 scribemus,
3156 2238 3209 2283 et
3232 2229 3318 2284 his
3350 2229 3443 2298 qui
3467 2243 3593 2282 cor-

2012 2323 2236 2394 poribus
2263 2322 2491 2394 degunt,
2534 2326 2589 2376 et
2643 2321 2729 2376 his
2761 2322 2856 2391 qui
2911 2331 3036 2391 post
3092 2336 3193 2376 nos
3257 2319 3428 2374 futuri
3462 2328 3594 2376 sunt

2008 2415 2448 2471 transmittemus
2477 2429 2491 2466 :
2527 2412 2706 2467 venite
2731 2423 2784 2466 et
2807 2411 2988 2467 videte
3010 2427 3175 2482 opera
3202 2412 3442 2473 Domini.
3466 2429 3596 2482 quae

2009 2507 2191 2579 posuit
2224 2506 2470 2577 prodigia
2511 2520 2678 2575 super
2704 2513 2925 2569 terram,
2962 2518 3085 2558 cum
3113 2504 3377 2574 propheta
3415 2501 3587 2559 David
3668 2504 3671 2505 ⁷

2009 2597 2197 2663 aﬂ‘ati;
2226 2597 2548 2667 ﬁdelemque
2591 2597 2854 2669 populum
2896 2596 3164 2667 erigentes
3201 2610 3594 2665 congregemus

2010 2690 2076 2745 ad
2108 2688 2446 2744 auditionem
2475 2688 2850 2760 prodigiorum
2884 2702 2980 2757 per
3013 2687 3214 2757 Cyrum
3247 2695 3300 2741 et
3318 2684 3588 2741 Joannem

2008 2781 2277 2837 divinitus
2328 2787 2688 2852 patratorum.
2727 2779 2820 2834 Eia
2864 2795 2996 2850 ergo
3042 2795 3212 2844 nunc,
3267 2779 3349 2834 eia
3388 2780 3587 2834 iterum

2010 2880 2328 2927 sanctorum
2361 2871 2642 2927 orationes
2692 2872 2747 2926 in
2775 2871 3039 2926 auxilium
3077 2871 3392 2936 induentes,
3439 2872 3588 2925 rela-

2016 2962 2221 3019 tionem
2263 2962 2652 3018 miraculorum
2706 2965 2948 3036 ipsorum
3002 2963 3405 3033 aggrediamur,
3439 2962 3595 3016 auxi-

2008 3053 2271 3110 liatricem
2298 3065 2350 3109 et
2398 3062 2590 3111 testem
2626 3069 2814 3111 eorum
2850 3070 2969 3126 quae
3012 3054 3268 3111 dicuntur
3300 3056 3588 3110 veritatem

2011 3142 2070 3198 in
2092 3143 2349 3199 omnibus
2385 3142 2672 3200 facientes.

443 3435 734 3517 Explicit
786 3434 925 3499 laus
983 3443 1344 3499 sanctorum
1387 3402 2062 3573 martyrum-pyrae:
2108 3426 2412 3498 Joannis;
2469 3433 2526 3487 et
2576 3434 2719 3505 post
2771 3425 3044 3487 Laudem
3079 3423 3476 3505 principium
3574 3432 3581 3439 '

1780 3528 1955 3573 tracu
1983 3526 2181 3570 orum.

1780 3526 2181 3574 tracutorum.

1907 3668 1982 3682 —

789 3765 899 3833 Τοῦ
930 3763 1408 3835 συγγράφοντας.

324 3859 423 3923 Τίς
438 3858 552 3912 τάδ’
588 3856 865 3929 ἐγραψεν;
897 3855 1466 3927 Σωφρὸνιος.’ῐΙόθεν;
1501 3856 1568 3908 ὲκ
1611 3852 1888 3924 Φοινίκης.

395 3950 650 4020 Φοινίκης
683 3950 881 4019 ποίης;
911 3948 1013 4019 τῆς
1037 3947 1531 4016 Λιϐανοστεφάνου.

326 4044 497 4095 "Astu
549 4041 608 4094 δὲ
638 4041 831 4109 stoica;
875 4039 964 4093 Ἐν
994 4034 1083 4103 αἷς
1128 4038 1436 4109 Δαμασκός.
1482 4034 1626 4091 Ζῶσι
1667 4033 1897 4105 τοκῆεςς

394 4217 469 4273 Οὔ
490 4232 504 4248 °
535 4217 696 4272 θάνον
734 4216 1054 4287 ἀμφότεροι.
1085 4212 1306 4284 Ούνομα
1338 4212 1385 4267 δ’
1411 4212 1539 4267 εἰπὲ
1569 4210 1690 4265 δύο.

321 4311 524 4381 Μήτηρ
548 4309 647 4380 μέν
672 4324 731 4362 τε
760 4307 957 4377 Μυρῶ,
997 4306 1224 4376 γενὲτης
1254 4305 1575 4359 κικλέσκετο
1617 4301 1895 4364 Πλύνθας.

396 4396 523 4471 Εἶχε
560 4401 740 4470 γάμον
765 4400 1049 4471 γλυκερὸν,
1080 4398 1180 4451 καὶ
1205 4398 1416 4451 τοκέων
1446 4396 1683 4465 άγέλην;

319 4493 398 4547 οὐ
426 4492 606 4560 γάμον
642 4493 703 4544 ού
732 4490 926 4553 παῖδας
955 4489 1113 4559 σχέθε
1142 4486 1384 4553 πώποτε,
1414 4488 1616 4555 ἄζυγος
1638 4481 1756 4558 ἦεν.

396 4586 477 4654 ιιῆ
507 4583 611 4653 γῆς
647 4582 908 4654 μονάσας,
938 4582 1034 4635 καὶ
1064 4580 1209 4642 τινος
1238 4583 1297 4633 ὲν
1329 4580 1619 4652 μελάθρῳς

333 4675 424 4728 Ἐν
450 4674 600 4744 χθονὶ
622 4672 899 4741 θειοδόχῳ,
932 4672 1028 4724 καὶ
1049 4673 1107 4724 ιν
1139 4667 1327 4739 οΰρεσι
1365 4666 1779 4738 Ἰεροσολύμων,

404 4766 494 4817 Ἑν
530 4762 746 4834 μάνδρῃ
785 4760 998 4832 μεγάλῃ
1024 4758 1313 4813 Θευδοσίου
1341 4758 1601 4829 μεγάλου.

322 4856 435 4910 Καὶ
466 4856 579 4910 τισι
606 4853 747 4909 τόνδ’
778 4853 1023 4907 ἐτέλεσεν
1048 4851 1143 4905 καὶ
1169 4850 1353 4904 ἔνθετο
1391 4849 1647 4905 θέσκελον
1689 4848 1894 4921 ὖμνον;

393 5027 564 5099 Κύρῳ
597 5027 819 5099 Ἰωάννῃ
854 5025 1094 5097 μάρτυσι
1124 5026 1406 5090 θειονόοις.

2668 3748 2935 3801 Auctoris.

2003 3840 2260 3900 Condidit
2292 3839 2407 3894 haec
2432 3839 2556 3910 quis
2577 3837 2601 3891 ‘l
2628 3836 2996 3907 Sophronias.
3021 3834 3119 3888 Dic
3143 3832 3290 3888 unde
3321 3842 3550 3888 creatus
3572 3832 3597 3887 ἲ

1970 3941 1976 3947 ’
2003 3975 2019 3990 .
2078 3932 2354 3988 Ριιωιιίοο.
2378 3930 2447 3983 At
2470 3929 2748 3999 quanam?
2777 3926 2851 3983 De
2873 3924 3378 3994 Libanostephanu.

2009 4025 2155 4083 Urbs
2200 4021 2494 4095 quaenam?
2540 4019 2866 4076 Damascus.
2920 4017 3114 4073 Adhuc
3180 4015 3449 4099 vivuntne
3490 4030 3585 4082 pa-

3131 4129 3134 4131 λ
3244 4106 3492 4179 [reutes‘l

2071 4207 2219 4263 Mors
2245 4208 2444 4277 rapuit.
2469 4207 2679 4262 Nomen
2719 4203 2807 4258 fac.
2837 4209 2897 4256 ut
2920 4208 3222 4268 utrumque
3251 4199 3450 4256 sciam.

2010 4297 2167 4352 Dicta
2199 4296 2349 4369 Myro
2381 4308 2574 4362 mater,
2608 4295 2868 4366 Plynthas
2895 4300 3052 4361 pater
3074 4290 3266 4345 audiit.
3298 4290 3455 4344 Auno

2065 4390 2305 4446 Sortitus
2332 4390 2561 4444 charum
2588 4386 2905 4455 coniugium
2934 4398 2998 4439 ac
3029 4383 3275 4438 sobolem
3301 4382 3328 4435 ἲ

2010 4482 2077 4541 Et
2116 4482 2359 4536 thalamo
2384 4490 2439 4537 et
2476 4482 2617 4536 natis
2636 4494 2835 4550 expers
2869 4493 2993 4533 eum
3029 4476 3222 4532 caelibe
3253 4474 3387 4528 vita.

1924 4546 1980 4606 D
2078 4575 2178 4629 Ast
2211 4574 2324 4640 ubi,
2355 4588 2534 4643 quove
2558 4572 2660 4626 fuit
2686 4546 2944 4626 cinnobio
2978 4567 3290 4623 monachus
3320 4565 3345 4619 ?

2000 4662 2059 4720 In
2089 4665 2305 4720 nutrice
2330 4664 2420 4718 Dei
2439 4658 2620 4728 "terra,
2653 4662 2886 4733 Solymze
2909 4659 3275 4728 tumulisque,

2072 4755 2357 4823 Amplitico
2384 4753 2440 4807 in
2472 4761 2626 4823 septo
2647 4750 2951 4806 Theudosii
2970 4748 3191 4803 eximii.

2004 4845 2125 4900 Jam
2168 4845 2372 4917 quibus
2435 4846 2582 4900 hunc
2626 4844 2776 4898 dium
2825 4854 3162 4911 componens
3198 4838 3396 4894 obtulit
3431 4838 3589 4905 hym-

3313 4945 3438 4983 num
3464 4930 3488 4981 ?

2072 5029 2218 5102 Cyro
2248 5046 2319 5086 ac
2338 5028 2536 5085 Joanui
2571 5025 2902 5098 martyribus
2931 5022 3143 5078 nimiis.
3282 4929 3305 5002 ἱ

322 5120 496 5174 Τίπτε
516 5120 574 5173 δὲ
600 5119 795 5173 τόσσον
819 5118 1006 5183 ἔτευξε
1029 5118 1152 5172 νόου
1187 5119 1382 5185 πόνον;
1434 5116 1650 5172 Οὖνικα
1707 5119 1899 5172 καύτοὶ

2010 5124 2113 5179 Cur
2141 5140 2272 5180 vero
2310 5133 2524 5178 tantum
2549 5120 2794 5189 suscepi:
2815 5124 3000 5173 mente
3034 5116 3277 5170 laborem
3301 5115 3324 5168 ?

399 5210 656 5281 Ὄμμασι
687 5209 1000 5272 νουσαλέοις
1020 5207 1205 5263 δῶκαν
1231 5208 1584 5279 άκεστορίην·

729 5301 959 5356 Σενέκα
989 5299 1479 5370 ιατροσοφιστοῦ.

323 5393 492 5467 Κύρῳ
517 5394 845 5465 άκεστοριης
876 5394 1267 5464 πανυπέρτατα
1297 5392 1472 5464 μέτρα
1502 5391 1720 5462 λαχόντι

2074 5213 2141 5269 Hi
2173 5213 2388 5269 fuerant
2409 5212 2569 5282 aegris
2598 5209 2801 5281 quippe
2831 5206 3043 5261 medela
3071 5203 3271 5258 oculis.

2394 5304 2604 5358 Seneca:
2638 5301 2736 5355 ian
2749 5297 3032 5362 amphist
3066 5294 3110 5366 (l
3128 5292 3203 5362 l).

2000 5397 2145 5468 Cyro
2164 5395 2256 5468 qui
2283 5394 2494 5450 medica
2532 5406 2643 5462 prae
2673 5388 2889 5446 cunctis
2916 5384 3086 5459 pollet
3114 5381 3183 5438 ab
3233 5387 3375 5445 arte,

1872 5490 2101 5550 NOTAS.

393 5583 505 5653 (ll)
541 5583 625 5637 Ab
666 5581 939 5637 Anastasii
989 5581 1304 5653 interpretis
1340 5582 1536 5638 Latino
1569 5583 1758 5639 codice
1794 5586 1888 5639 ah-

327 5651 453 5708 sunt
481 5654 598 5708 iure
637 5652 1030 5722 epigrammata
1066 5651 1356 5720 Sophronii
1382 5668 1444 5709 ac
1471 5654 1694 5709 Senecae
1719 5656 1888 5710 iatro-

329 5727 584 5793 snphistae
609 5741 623 5790 ;
654 5738 774 5792 quae
804 5733 984 5776 tamen
1034 5724 1086 5777 in
1118 5723 1309 5779 Grmco
1329 5725 1633 5799 exemplari
1655 5740 1887 5793 censer-

1990 5593 2111 5669 vata
2161 5594 2319 5655 sunt;
2370 5600 2544 5657 eaque
2582 5598 2683 5642 nos
2714 5581 2942 5640 totidem
2971 5577 3228 5637 versibus
3257 5573 3459 5633 Latina
3505 5571 3584 5628 te-

1991 5674 2134 5714 CllllU
2146 5675 2187 5715 ἰ.
