4010 6208
410 273 451 337 -3
466 272 557 337 ἶ23

483 391 704 447 Necnon
748 387 967 450 Joanni,
1004 386 1337 456 martyribus
1363 384 1604 455 superis,

417 481 763 553 Sophronius
793 481 1004 542 ltetans,
1029 480 1314 533 oculorum
1341 478 1464 533 luce
1492 486 1736 549 recepta,

488 573 610 627 llaec
637 577 825 640 gratus
853 567 977 622 libri
1002 582 1230 622 munera
1262 582 1429 638 parva
1460 567 1648 621 dabat.

1228 273 1290 332 S.
1328 266 1747 331 SOPHRONII
1779 264 2284 330 PATRIARCH/E
2307 263 2719 331 HIEBOSOL.

3529 266 3672 336 3424

2013 391 2061 446 Α
2157 385 2356 456 Καύτῷ
2391 386 2613 457 Ἰωάννῃ
2648 387 2883 457 μάρτυσι
2911 383 3243 446 θεσπεσίοις.

2096 477 2400 546 Σωφρόνιος
2431 476 2720 548 βλεφάρων
2751 475 3040 546 ψυχαλγέα
3064 474 3255 527 νοῦσον
3286 475 3512 540 ἀλύξας,

2164 569 2325 622 Βαιδν
2373 567 2737 639 ἀμειδόμενος
2760 567 2907 639 τήνδ’
2933 566 3177 636 ἀνέθηκε
3210 565 3414 636 βίϐλον.

910 951 1549 1043 ΣΩΦΡΟΝΙΟΥ
1606 947 2168 1044 ΜΟΝΑΧΟΥ
2265 946 2493 1039 ΤΟΥ
2605 946 3162 1038 ΣΟΦΙΣΤΟΥ

1044 1137 1362 1191 ΔΙΗΓΗΣΙΣ
1417 1136 1800 1193 ΘΑΥΜΑΤΩΝ
1830 1133 1966 1191 ΤΩΝ
2023 1135 2230 1190 APION
2274 1133 2513 1189 ΚΥΡΟΥ
2552 1133 2673 1188 ΚΑΙ
2722 1130 3035 1228 ΙίξΔΝΝΟΥ
3128 1186 3151 1205 ρ

1598 1290 1737 1347 ΤΩΝ
1775 1290 1999 1347 ΣΟΦΩΝ
2045 1287 2488 1346 ΔΝΑΡΓΥΡΩΝ.

1991 1470 2061 1491 -ὖ

1205 1610 1767 1696 SOPHRONII
1846 1604 2308 1692 MONACHI
2390 1600 2915 1689 SOPHIST/E

1004 1788 1424 1859 NARRATIO
1476 1788 2228 1857 MIRACULOBUMSS.
2293 1784 2481 1854 CYRI
2534 1793 2639 1854 ET
2712 1782 3044 1853 JOANNIS

1534 1954 1960 2015 SAPIENTIUM
2012 1952 2251 2011 ANARG
2264 1953 2577 2012 YRORUM.

419 2297 461 2321 ι.
489 2294 557 2306 -—
594 2254 667 2318 De
729 2256 1008 2318 Ammont‘o
1064 2250 1333 2315 oetavario
1385 2258 1593 2330 πτοίας
1648 2252 1870 2316 habente
1935 2248 1990 2313 in

2105 2256 2174 2313 θ’.
2198 2288 2266 2300 --
2297 2251 2438 2330 Περὶ
2480 2250 2810 2330 Ἀμμωνίου
2853 2255 2969 2330 τοῦΔ
2992 2254 3344 2330 ὁκταβαρίου
3382 2259 3675 2329 ιχοιράδας

1096 2340 1330 2403 gutture.

489 2446 705 2504 iustum
747 2447 1006 2512 arbitror,
1044 2445 1435 2501 miraculorum
1483 2442 1858 2499 narrationem
1897 2448 1994 2513 ag-

419 2554 664 2609 gressus,
716 2538 890 2608 prima
923 2552 1045 2608 qua:
1081 2533 1382 2591 domestica
1441 2542 1574 2590 sunt
1602 2534 1843 2591 civitatis
1885 2547 1990 2588 exs

420 2647 655 2702 ponere,
703 2630 758 2683 in
800 2644 906 2700 qua
970 2635 1274 2699 martyrum
1319 2625 1646 2682 admirabile
1705 2632 1989 2679 certamen

418 2731 673 2778 exactum
721 2726 825 2786 est,
866 2730 920 2776 et
969 2719 1302 2777 venerabilis
1347 2719 1573 2775 basilica
1621 2733 1814 2773 eorum
1845 2732 1984 2771 con-

420 2820 626 2869 structa
677 2824 810 2880 est;
853 2822 1126 2885 quatenus
1183 2826 1284 2868 nec
1329 2811 1733 2867 Alexandrinos
1787 2806 1995 2865 contri-

419 2912 644 2971 stemus,
690 2908 830 2962 alios
868 2906 949 2962 eis
994 2915 1378 2976 praeponentes
1412 2904 1467 2958 in
1502 2903 1765 2974 propriis,
1815 2917 1994 2971 neque

421 3002 542 3053 urbi
569 2998 746 3056 eidem
777 2994 1034 3069 iujuriam
1065 2988 1397 3053 inferamus.
1418 3010 1539 3064 qua
1585 2994 1820 3047 maxima
1847 2993 1993 3062 optio

420 3108 618 3161 tuaque
652 3099 762 3156 cst,
790 3104 855 3145 ac
888 3087 1255 3152 delectabilis,
1286 3093 1343 3142 et
1373 3083 1447 3140 ob
1480 3085 1583 3139 hoc
1615 3080 1992 3153 praeferenda;

422 3190 475 3235 nt
517 3183 805 3247 miracula,
854 3195 978 3251 quae
1032 3175 1372 3235 narrationis
1427 3181 1612 3229 tenent
1663 3174 1991 3239 exordium,

420 3281 569 3327 tanta
602 3274 778 3344 plebe,
812 3274 1019 3341 talique
1046 3270 1293 3343 civitate,
1327 3281 1459 3321 vera
1488 3266 1604 3319 hinc
1634 3265 1805 3320 fuisse
1842 3264 1997 3320 testi-

420 3365 637 3428 ﬁcante,
684 3365 847 3418 etiam
885 3364 970 3418 his
1015 3360 1290 3431 praebcant
1323 3356 1508 3421 ﬁdem,
1541 3370 1665 3426 quae
1717 3356 1771 3410 in
1801 3355 1996 3412 subseo

419 3456 606 3523 quenti
634 3453 862 3509 dicenda
890 3461 1038 3509 Sunt.
1073 3448 1399 3504 Ammonius
1443 3457 1574 3516 ergo
1598 3446 1861 3502 miracula
1896 3459 1997 3500 no-

420 3545 504 3600 bis
535 3546 732 3610 initiet,
763 3546 973 3600 idcirco
1014 3541 1159 3611 quod
1204 3540 1296 3594 hic
1334 3539 1402 3595 de
1434 3538 1759 3609 proceribus
1783 3538 1996 3593 exstitit

2389 2326 2726 2396 ἐσχηκότος
2756 2326 2889 2394 περὶ
2910 2327 3017 2381 τὸν
3043 2326 3370 2398 τράχηλον.

2166 2440 2387 2494 Δίκαιον
2414 2426 2567 2509 οἴμαι
2618 2437 2721 2508 τῆς
2748 2436 2857 2491 τῶν
2891 2436 3188 2508 θαυμάτων
3240 2440 3542 2512 ἀρχόμενος
3595 2442 3675 2495 διε

2094 2531 2365 2603 ηγήσεως,
2397 2527 2590 2600 πρῶτα
2617 2527 2686 2580 τὰ
2715 2526 2891 2581 οἰκεῖα
2917 2529 3123 2599 φράσαι
3150 2529 3251 2599 τῆς
3279 2528 3508 2595 πόλεως,
3554 2530 3613 2582 έν
3639 2523 3674 2605 ᾖ

2096 2622 2323 2678 καὶτῶν
2355 2619 2651 2693 μαρτύρων
2712 2618 2746 2690 ἡ
2792 2618 3085 2690 θαυμαστὴ
3147 2620 3377 2688 γέγονεν
3422 2620 3670 2691 ἄθλησις,

2097 2714 2194 2769 καὶ
2225 2702 2460 2785 τερπνὸν
2484 2706 2827 2783 ᾠκοδόμηται
2881 2711 3107 2783 τέμενος
3134 2728 3148 2743 ⁶
3209 2713 3298 2768 ἵνα
3357 2715 3496 2785 μήτε
3550 2717 3676 2778 τοὺς

2096 2798 2481 2876 Ἃλεξανδρέας
2492 2804 2846 2874 λυπήσωμεν,
2865 2806 2953 2859 έτέ
2964 2823 3088 2877 ρους
3113 2806 3293 2860 αὐτῶν
3311 2808 3368 2860 ὲν
3392 2811 3505 2871 τοῖς
3527 2808 3678 2872 ἰδίοις

2097 2898 2549 2970 προστάττοντες·
2586 2897 2723 2967 μήτε
2758 2897 2856 2968 τὴν
2886 2898 3043 2952 πόλιν
3083 2899 3252 2969 αὐτὴν
3293 2900 3672 2970 ἁτιμάσωμεν,

2101 2988 2364 3060 μεγίστην
2387 2986 2552 3040 οὖσαν
2575 2986 2669 3040 καὶ
2703 2987 2879 3058 καλὴν
2901 2990 2995 3043 καὶ
3042 2990 3333 3061 ἐράσμιον,
3366 2990 3462 3044 καὶ
3522 2990 3676 3054 ἀξίαν

2097 3080 2183 3133 διὰ
2210 3077 2369 3133 τοῦτο
2390 3074 2812 3148 προτάττεσθαι,
2846 3080 2935 3132 ἵνα
2964 3080 3066 3151 τὴν
3092 3080 3272 3152 ἀρχὴν
3329 3083 3431 3151 τῆς
3482 3080 3677 3152 διηγή-

2084 3187 2239 3237 ,σεως
2270 3168 2670 3239 κληρωσάμενα
2703 3168 2986 3241 θαύματα,
3018 3170 3114 3224 καὶ
3134 3173 3395 3240 τοιαύτης
3428 3172 3534 3224 ύπδ
3576 3172 3675 3224 πό-

2097 3262 2235 3325 λεως
2261 3260 2437 3331 ἀληθῆ
2488 3261 2936 3333 μαρτυρούμενα,
2965 3262 3062 3317 καὶ
3107 3265 3220 3327 τοῖς
3275 3262 3469 3317 ἔπειτα
3522 3263 3677 3331 λέγε-

2099 3352 2225 3406 σθαι
2253 3352 2504 3422 μέλλουσι
2532 3352 2893 3425 παραπέμψοι
2920 3353 2982 3407 τὸ
3007 3346 3291 3410 εὖπιστον.
3321 3353 3533 3409 Οὐκοῦν
3569 3356 3676 3425 ἀρ·-

2099 3444 2239 3515 χέτω
2268 3444 2376 3497 τῶν
2406 3443 2704 3514 θαυμάτων
2762 3438 2897 3515 ἡμῖν
2925 3436 2954 3498 ὁ
3022 3442 3358 3515 Ἀμμώνιος,
3412 3445 3534 3499 ἐπεὶ
3581 3446 3676 3500 καὶ

2100 3533 2263 3597 αὐτὸς
2290 3532 2397 3587 τῶν
2444 3531 2676 3603 πρώτων
2714 3532 2930 3604 ὑπῆρχε
2957 3532 3058 3603 τῆς
3083 3532 3314 3598 πόλεως,
3352 3533 3569 3604 πλούτῳ
3614 3550 3675 3587 τε
3722 3586 3737 3593 ε

421 3635 659 3690 civitatis
681 3602 1047 3702 ,vopulcntia.
1080 3629 1403 3700 praeclarus,
1437 3602 1509 3681 'et
1554 3627 1787 3699 benigno
1843 3639 1996 3697 patre

2105 3622 2420 3693 διαπρέπων
2446 3602 2541 3675 καὶ
2565 3620 2758 3691 ἀγαθῷ
2806 3602 2977 3692 πατρὶ
3015 3602 3444 3692 σεμνυνόμενος.
3486 3602 3550 3676 Ὅ
3579 3623 3677 3693 μὲν

422 3725 722 3793 gloriosus.
757 3724 849 3778 Ille
878 3722 1085 3792 quippe
1115 3734 1224 3773 non
1266 3732 1444 3788 pauco
1483 3724 1730 3787 tempore
1761 3717 1999 3772 Alexan-

421 3816 706 3871 drinorum
733 3811 1076 3884 dispensavit
1101 3808 1430 3875 Ecclesiam,
1466 3818 1619 3879 pater
1638 3808 1878 3879 Eulogii,
1905 3807 1998 3876 qui

424 3910 605 3961 sedem
629 3907 802 3976 ipsam
836 3904 1047 3974 optime
1090 3901 1468 3972 dispensavit;
1505 3900 1596 3956 bic
1636 3915 1767 3955 vero
1794 3901 2008 3969 princi;

423 4009 610 4069 patum
642 3996 821 4053 tenuit
851 4003 1172 4052 octavarum
1197 4012 1213 4061 ;
1243 4003 1297 4047 et
1325 4001 1412 4049 est
1448 3992 1678 4062 vectigal
1710 4008 1807 4061 per
1838 4000 1999 4047 oeta-

422 4102 570 4153 vam,
602 4104 724 4158 quae
763 4087 967 4158 injuste
995 4087 1220 4157 quidem
1257 4083 1559 4153 colligitur,
1596 4082 1685 4151 pie
1717 4096 1849 4137 vero
1879 4081 1998 4138 dis-

423 4180 668 4249 ponitur,
694 4194 815 4244 qua:
839 4188 968 4232 ante
999 4177 1209 4231 exitum
1235 4173 1506 4244 exigebat.

500 4268 598 4323 llic
630 4284 762 4339 ergo
812 4268 1138 4321 Ammonius
1185 4265 1314 4321 dum
1357 4263 1538 4321 adhuc
1572 4265 1793 4334 juvenis
1827 4275 1997 4332 esset,

425 4371 477 4412 et
510 4359 915 4429 pulchritudine
953 4357 1207 4426 corporis
1264 4355 1645 4412 adolescentiae
1672 4366 1886 4414 atatem
1911 4373 2002 4412 or-

430 4457 648 4515 luisset,
688 4449 742 4502 in
784 4455 1009 4517 gutture
1075 4445 1385 4516 passionem
1429 4447 1722 4518 pessimam
1772 4449 1998 4516 habuit,

427 4539 572 4607 quod
598 4538 798 4592 medici
835 4536 1032 4591 merito
1057 4535 1269 4592 scrofas
1294 4539 1594 4608 appellant,
1624 4554 1690 4595 eo
1715 4540 1861 4609 quod
1895 4540 2000 4595 hu-

425 4625 667 4697 jnsmodi
718 4626 832 4681 sint
864 4626 1191 4681 animalibus
1234 4628 1466 4689 similes,
1499 4644 1619 4699 qua:
1668 4630 1811 4686 hanc
1840 4632 1999 4697 ωεξνί-

430 4721 675 4774 tmliuem
707 4726 1019 4789 procreant,
1044 4734 1245 4774 novum
1281 4721 1658 4789 porcinarium
1681 4722 1737 4777 in
1768 4723 1999 4778 cervici-

429 4811 533 4864 bus
565 4808 846 4864 hominum
861 4806 1139 4863 facientia.
1171 4807 1264 4863 Ιῐιε
1287 4824 1417 4880 ergo
1438 4810 1807 4866 adolescentis
1832 4812 1998 4882 hujus

2104 3713 2213 3783 γάρ
2242 3714 2470 3784 χρόνους
2505 3712 2566 3765 οὐ
2604 3714 2838 3784 μικροὺς
2868 3712 2967 3783 τὴν
3018 3711 3417 3783 Ἀλεξανδρέων
3449 3714 3679 3783 Ἐκκλη-

2105 3805 2228 3858 σίαν
2256 3804 2548 3875 διῴκησεν,
2586 3803 2773 3875 πατὴρ
2802 3800 3064 3873 Εὐλογίου
3103 3803 3197 3857 τοῦ
3223 3805 3368 3858 πάνυ
3408 3805 3500 3857 τὸν
3549 3804 3677 3876 θρόο

2103 3913 2191 3949 νον
2224 3895 2503 3959 ίθύναντος
2526 3912 2541 3927 ’
2578 3897 2608 3948 ὁ
2635 3895 2693 3948 δέ
2720 3894 2820 3967 τὴν
2843 3897 2944 3967 τῆς
2985 3896 3228 3967 ὀκτάϐης
3279 3897 3453 3969 ἀρχὴν
3504 3897 3675 3968 (τέλος

2101 3988 2262 4042 τοῦτο
2290 3990 2413 4043 κατ’
2440 3988 2715 4058 ὀγδοάδα),
2748 3988 3089 4059 καθέστηκεν
3143 3988 3280 4061 (ιε),
3330 3989 3533 4053 ἀδίκως
3576 3990 3676 4061 μὲν

2105 4080 2494 4149 συναγόμενον,
2526 4079 2768 4145 εὐσεϐῶς
2807 4080 2863 4135 δὲ
2885 4080 3262 4152 διοικούμενον
3291 4098 3307 4115 ·
3340 4080 3436 4147 οὓς
3458 4082 3565 4153 πρὸ
3589 4083 3675 4137 τέ-

2102 4169 2226 4235 λους
2257 4170 2367 4241 (l5)
2395 4170 2667 4242 διήνυσεν.

2173 4259 2341 4326 Οὗτος
2382 4263 2516 4331 γοῦν
2547 4266 2577 4318 ὁ
2630 4262 2939 4335 Ἀμμώνιος
2960 4263 3081 4327 νέος
3112 4263 3194 4317 ἔτι
3222 4264 3530 4333 τυγχάνων.
3583 4267 3677 4317 καὶ
3745 4275 3754 4287 ·

2103 4356 2288 4412 κάλλει
2325 4355 2574 4426 σώματος
2601 4355 2712 4410 τῶν
2745 4338 2967 4426 έφήδών
2996 4357 3219 4427 κοσμῶν
3254 4355 3325 4410 τὰ
3361 4356 3680 4426 συστήματα

2105 4447 2274 4510 πάθος
2309 4447 2469 4518 ἔσχεν
2496 4447 2738 4517 χαλεπὸν
2771 4448 2852 4511 είς
2878 4446 2971 4501 τὸν
2999 4447 3294 4517 τράχηλον,
3323 4448 3467 4516 ὅπερ
3501 4446 3677 4517 ἰατροὶ

2104 4538 2360 4612 χοιράδας
2387 4538 2569 4603 καλῶς
2599 4538 2982 4609 ὀνομάζουσιν,
3018 4538 3106 4592 διὰ
3145 4538 3207 4592 τδ
3236 4537 3399 4602 ζώοις
3432 4538 3671 4592 ἑοικέναι

2102 4631 2387 4695 τοιούτοις,
2418 4630 2489 4685 τὰ
2512 4631 2671 4686 τοῦτο
2697 4630 3141 4702 δημιουργοῦντα
3178 4630 3240 4684 τὸ
3286 4630 3524 4701 νόσημα,
3586 4629 3679 4682 καὶ

2104 4725 2294 4787 κενοὺς
2343 4722 2627 4793 συφεῶνας
2672 4722 2784 4777 τῶν
2833 4722 3033 4776 ἀθλίων
3080 4722 3386 4789 ἀνθρώπων
3405 4722 3532 4785 τοὺς
3553 4738 3679 4791 τρα-

2102 4815 2300 4886 χήλους
2329 4814 2648 4884 ποιούμενα.
2679 4812 2870 4866 Ταῦτα
2892 4811 2984 4866 τὸν
3006 4811 3101 4865 τοῦ
3142 4811 3264 4865 νέου
3327 4812 3679 4884 περιστοιχή-

431 4905 773 4956 vallaverant
814 4902 1043 4967 collum,
1071 4913 1123 4957 et
1175 4911 1431 4972 tanquam
1478 4904 1669 4958 matris
1703 4904 1996 4959 alebantur

2108 4924 2275 4961 σαντα
2305 4905 2594 4978 τράχηλον,
2632 4904 2726 4958 καὶ
2745 4905 2933 4974 ὥσπερ
2961 4903 3019 4956 ὲν
3043 4903 3221 4975 κοιλίᾳ
3246 4904 3456 4975 μητρὸς
3490 4905 3680 4971 ἐκτρε-

430 4997 484 5051 ἱιι
528 5004 708 5060 utero,
736 4993 1109 5065 paulatimque
1139 4994 1467 5060 crescentia,
1498 5002 1691 5065 guttur
1715 4995 1837 5064 cjus
1867 5011 2002 5051 con-

431 5090 811 5152 strinxerant,
851 5095 1017 5156 atque
1052 5088 1118 5141 ad
1158 5101 1408 5157 magnam
1456 5088 1999 5158 miseriam-puerum

429 5178 682 5233 eumdem
707 5177 1050 5233 adduxerant
1087 5178 1502 5248 abstringendo,
1533 5186 1588 5233 et
1629 5180 1773 5234 cutis
1810 5189 2001 5235 exten-

429 5272 584 5325 sione
605 5268 946 5327 suﬂ'ocando.

2109 4998 2340 5069 φόμενα,
2366 4998 2461 5051 καὶ
2492 4999 2616 5060 ταῖς
2673 4996 2791 5051 κατ’
2821 4995 3003 5064 ὀλίγον
3033 4994 3298 5064 αύξήσεσι
3348 4994 3443 5049 τὸν
3479 4992 3679 5063 αὐχένα

2112 5088 2470 5151 συντείνοντα,
2497 5087 2593 5141 καὶ
2649 5085 2931 5152 συναύξειν
2966 5087 3152 5151 αὐτοῖς
3197 5085 3595 5153 ἀναγκάζοντα,
3624 5085 3683 5138 ὲν

2114 5182 2336 5252 μεγάλῳ
2362 5180 2517 5251 κακῷ
2542 5179 2633 5234 τὸν
2666 5178 2887 5233 νεανίαν
2940 5179 3218 5251 διέθηκαν,
3274 5178 3570 5248 συνέχοντά
3620 5193 3678 5230 τε

2110 5271 2203 5324 καὶ
2232 5269 2602 5340 συμπνίγοντα
2632 5271 2698 5339 τῇ
2743 5269 3029 5339 περιτάσει
3052 5267 3147 5322 τοῦ
3181 5268 3470 5339 δέρματος.

1931 5388 2167 5446 NOTAE.

509 5479 621 5548 (ίὲ)
652 5478 1028 5545 Octavarium,
1052 5478 1227 5547 inquit
1249 5477 1488 5550 Gangius
1510 5478 1687 5550 "gloss.
1714 5479 1859 5541 Lat.,
1900 5494 1995 5533 ve-

431 5552 594 5615 ctigal
627 5549 769 5618 quod
801 5567 866 5605 ex
910 5550 1078 5619 rebus
1106 5549 1390 5619 venalibus
1431 5549 1560 5604 fisco
1608 5549 1995 5619 praestabatur,

432 5614 657 5689 ρεπιιᾶ
680 5629 763 5670 est
786 5620 866 5673 lex
902 5614 932 5671 7
970 5627 1024 5671 ιιι
1049 5620 1101 5680 8,
1147 5617 1281 5673 Cod.
1308 5621 1374 5689 de
1422 5614 1674 5689 vectigal.
1719 5629 1773 5674 ct
1808 5621 1841 5673 I.
1877 5636 1995 5683 γη..

432 5687 566 5742 (ἕσις.
603 5690 667 5743 de
700 5689 896 5743 locato.
946 5689 1196 5758 Citatque
1230 5704 1298 5745 ex
1332 5687 1593 5744 Bollando
1640 5692 1784 5745 hunc
1818 5692 1993 5760 ipsum

2101 5478 2396 5549 Sophronii
2468 5476 2604 5545 (sed
2683 5474 2948 5530 Bollando
3017 5473 3334 5546 Cangioque
3387 5474 3675 5547 anonymi)

2100 5550 2304 5687 10?;
2321 5615 2566 5670 Bolland.
2588 5616 2625 5687 ίό
2641 5615 2671 5669 ὁ
2690 5614 2800 5687 uie;
2822 5612 3141 5687 “poteloug,
3158 5612 3474 5671 Bonifacius
3494 5622 3674 5670 tamen

2106 5684 2343 5758 legebat,
2385 5695 2443 5741 ut
2476 5696 2557 5742 est
2585 5686 2638 5740 in
2671 5685 2860 5741 codice
2884 5692 3074 5740 nostro
3101 5684 3197 5739 Gr.
