  <div class='ocr_page' id='page_1' title='image "/cluster/home/n/w/nwhite01/storage/ocr_20150623/87:3/hvd.32044069650125/326.png"; bbox 0 0 4020 6204; ppageno 0'>
   <div class='ocr_carea' id='block_1_1' title="bbox 401 282 3657 361">
    <p class='ocr_par' dir='ltr' id='par_1_1' title="bbox 401 282 3657 361">
     <span class='ocr_line' id='line_1_1' title="bbox 401 282 3657 361; baseline -0.007 0"><span class='ocrx_word' id='word_1_1' title='bbox 401 294 545 361; x_wconf 67' lang='grc' dir='ltr'><strong>3ίὲ5</strong></span> <span class='ocrx_word' id='word_1_2' title='bbox 1357 287 1654 349; x_wconf 77' lang='lat' dir='ltr'><strong>LAUDES</strong></span> <span class='ocrx_word' id='word_1_3' title='bbox 1678 286 1761 348; x_wconf 84' lang='lat' dir='ltr'><strong>IN</strong></span> <span class='ocrx_word' id='word_1_4' title='bbox 1796 286 1898 346; x_wconf 90' lang='lat' dir='ltr'><strong>SS.</strong></span> <span class='ocrx_word' id='word_1_5' title='bbox 1939 285 2199 346; x_wconf 78' lang='lat' dir='ltr'><strong>CYRUM</strong></span> <span class='ocrx_word' id='word_1_6' title='bbox 2231 286 2325 345; x_wconf 82' lang='lat' dir='ltr'><strong>ET</strong></span> <span class='ocrx_word' id='word_1_7' title='bbox 2361 282 2732 345; x_wconf 79' lang='lat' dir='ltr'><strong>JOANNEM.</strong></span> <span class='ocrx_word' id='word_1_8' title='bbox 3516 290 3657 354; x_wconf 69' lang='lat'><strong>3426</strong></span> 
     </span>
    </p>
   </div>
   <div class='ocr_carea' id='block_1_2' title="bbox 485 388 2072 471">
    <p class='ocr_par' dir='ltr' id='par_1_2' title="bbox 485 388 2059 471">
     <span class='ocr_line' id='line_1_2' title="bbox 485 388 2059 471; baseline -0.01 -19"><span class='ocrx_word' id='word_1_9' title='bbox 485 398 625 471; x_wconf 54' lang='lat'><strong>&#39;05:</strong></span> <span class='ocrx_word' id='word_1_10' title='bbox 659 396 842 467; x_wconf 83' lang='grc' dir='ltr'>πατὴρ</span> <span class='ocrx_word' id='word_1_11' title='bbox 887 396 1011 457; x_wconf 86' lang='grc' dir='ltr'><strong>τούς</strong></span> <span class='ocrx_word' id='word_1_12' title='bbox 1060 393 1328 461; x_wconf 66' lang='grc' dir='ltr'>σοϐαρὸς</span> <span class='ocrx_word' id='word_1_13' title='bbox 1375 393 1483 443; x_wconf 84' lang='grc' dir='ltr'><strong>τῶν</strong></span> <span class='ocrx_word' id='word_1_14' title='bbox 1550 391 1751 462; x_wconf 87' lang='grc' dir='ltr'>ἰατρῶν</span> <span class='ocrx_word' id='word_1_15' title='bbox 1807 405 1978 460; x_wconf 81' lang='grc' dir='ltr'>προσ·</span> <span class='ocrx_word' id='word_1_16' title='bbox 2007 388 2059 448; x_wconf 85' lang='grc' dir='ltr'><strong>Α</strong></span> 
     </span>
    </p>
   </div>
   <div class='ocr_carea' id='block_1_3' title="bbox 2072 388 3659 471">
    <p class='ocr_par' dir='ltr' id='par_1_3' title="bbox 2159 389 3659 461">
     <span class='ocr_line' id='line_1_3' title="bbox 2159 389 3659 461; baseline 0.005 -19"><span class='ocrx_word' id='word_1_17' title='bbox 2159 391 2275 452; x_wconf 87' lang='lat' dir='ltr'><strong>Qua</strong></span> <span class='ocrx_word' id='word_1_18' title='bbox 2313 389 2380 444; x_wconf 88' lang='lat' dir='ltr'><strong>de</strong></span> <span class='ocrx_word' id='word_1_19' title='bbox 2416 406 2474 445; x_wconf 88' lang='lat' dir='ltr'><strong>re</strong></span> <span class='ocrx_word' id='word_1_20' title='bbox 2507 401 2664 461; x_wconf 83' lang='lat' dir='ltr'><strong>paler</strong></span> <span class='ocrx_word' id='word_1_21' title='bbox 2687 390 2811 461; x_wconf 85' lang='lat' dir='ltr'><strong>ejus</strong></span> <span class='ocrx_word' id='word_1_22' title='bbox 2853 389 3004 459; x_wconf 85' lang='lat' dir='ltr'><strong>elega</strong></span> <span class='ocrx_word' id='word_1_23' title='bbox 3022 391 3221 447; x_wconf 64' lang='lat' dir='ltr'><strong>aliorcs</strong></span> <span class='ocrx_word' id='word_1_24' title='bbox 3248 392 3522 449; x_wconf 69' lang='lat' dir='ltr'><strong>advocatis</strong></span> <span class='ocrx_word' id='word_1_25' title='bbox 3549 410 3659 450; x_wconf 86' lang='lat' dir='ltr'><strong>me—</strong></span> 
     </span>
    </p>
   </div>
   <div class='ocr_carea' id='block_1_4' title="bbox 400 478 1987 560">
    <p class='ocr_par' dir='ltr' id='par_1_4' title="bbox 400 482 1983 560">
     <span class='ocr_line' id='line_1_4' title="bbox 400 482 1983 560; baseline -0.009 -12"><span class='ocrx_word' id='word_1_26' title='bbox 400 493 757 560; x_wconf 79' lang='grc' dir='ltr'>καλούμενος,</span> <span class='ocrx_word' id='word_1_27' title='bbox 789 488 882 541; x_wconf 84' lang='grc' dir='ltr'><strong>τοῦ</strong></span> <span class='ocrx_word' id='word_1_28' title='bbox 907 490 1032 541; x_wconf 83' lang='grc' dir='ltr'><strong>νέου</strong></span> <span class='ocrx_word' id='word_1_29' title='bbox 1066 488 1127 540; x_wconf 83' lang='grc' dir='ltr'>τὸ</span> <span class='ocrx_word' id='word_1_30' title='bbox 1155 487 1326 549; x_wconf 80' lang='grc' dir='ltr'>πάθος</span> <span class='ocrx_word' id='word_1_31' title='bbox 1357 487 1646 549; x_wconf 81' lang='grc' dir='ltr'>ἐδείκνυεν,</span> <span class='ocrx_word' id='word_1_32' title='bbox 1708 483 1801 537; x_wconf 75' lang='grc' dir='ltr'>καὶ</span> <span class='ocrx_word' id='word_1_33' title='bbox 1858 482 1983 552; x_wconf 84' lang='grc' dir='ltr'>βοη-</span> 
     </span>
    </p>
   </div>
   <div class='ocr_carea' id='block_1_5' title="bbox 2071 478 3658 560">
    <p class='ocr_par' dir='ltr' id='par_1_5' title="bbox 2091 478 3658 551">
     <span class='ocr_line' id='line_1_5' title="bbox 2091 478 3658 551; baseline 0.004 -20"><span class='ocrx_word' id='word_1_34' title='bbox 2091 478 2366 538; x_wconf 80' lang='lat' dir='ltr'><strong>tlicorum.</strong></span> <span class='ocrx_word' id='word_1_35' title='bbox 2393 481 2764 535; x_wconf 74' lang='lat' dir='ltr'><strong>adolescentis</strong></span> <span class='ocrx_word' id='word_1_36' title='bbox 2808 482 3184 549; x_wconf 70' lang='lat' dir='ltr'><strong>aegritudinem</strong></span> <span class='ocrx_word' id='word_1_37' title='bbox 3208 482 3617 539; x_wconf 88' lang='lat' dir='ltr'><strong>demonstrabat</strong></span> <span class='ocrx_word' id='word_1_38' title='bbox 3642 502 3658 551; x_wconf 86' lang='lat'><strong>;</strong></span> 
     </span>
    </p>
   </div>
   <div class='ocr_carea' id='block_1_6' title="bbox 400 569 1987 649">
    <p class='ocr_par' dir='ltr' id='par_1_6' title="bbox 400 572 1984 649">
     <span class='ocr_line' id='line_1_6' title="bbox 400 572 1984 649; baseline -0.008 -16"><span class='ocrx_word' id='word_1_39' title='bbox 400 580 514 633; x_wconf 84' lang='grc' dir='ltr'>θεῖν</span> <span class='ocrx_word' id='word_1_40' title='bbox 535 578 806 649; x_wconf 70' lang='grc' dir='ltr'>ἠντιϐόλει</span> <span class='ocrx_word' id='word_1_41' title='bbox 831 576 908 646; x_wconf 79' lang='grc' dir='ltr'>τῷ</span> <span class='ocrx_word' id='word_1_42' title='bbox 929 578 1080 630; x_wconf 76' lang='grc' dir='ltr'>παιδὶ</span> <span class='ocrx_word' id='word_1_43' title='bbox 1102 576 1483 633; x_wconf 82' lang='grc' dir='ltr'>κινδυνεύοντι,</span> <span class='ocrx_word' id='word_1_44' title='bbox 1510 575 1603 627; x_wconf 76' lang='grc' dir='ltr'><strong>καὶ</strong></span> <span class='ocrx_word' id='word_1_45' title='bbox 1634 572 1855 644; x_wconf 76' lang='grc' dir='ltr'>μισθοὺς</span> <span class='ocrx_word' id='word_1_46' title='bbox 1884 572 1984 639; x_wconf 81' lang='grc' dir='ltr'>τῆς</span> 
     </span>
    </p>
   </div>
   <div class='ocr_carea' id='block_1_7' title="bbox 2069 569 3656 649">
    <p class='ocr_par' dir='ltr' id='par_1_7' title="bbox 2091 569 3656 645">
     <span class='ocr_line' id='line_1_7' title="bbox 2091 569 3656 645; baseline 0.004 -24"><span class='ocrx_word' id='word_1_47' title='bbox 2091 577 2146 621; x_wconf 90' lang='lat' dir='ltr'><strong>et</strong></span> <span class='ocrx_word' id='word_1_48' title='bbox 2178 579 2229 622; x_wconf 85' lang='grc' dir='ltr'><strong>ιιι</strong></span> <span class='ocrx_word' id='word_1_49' title='bbox 2268 569 2604 638; x_wconf 84' lang='lat' dir='ltr'><strong>adjuturinm</strong></span> <span class='ocrx_word' id='word_1_50' title='bbox 2632 570 2839 626; x_wconf 84' lang='lat' dir='ltr'><strong>ferrent</strong></span> <span class='ocrx_word' id='word_1_51' title='bbox 2872 572 3202 641; x_wconf 78' lang='lat' dir='ltr'><strong>periclitanti</strong></span> <span class='ocrx_word' id='word_1_52' title='bbox 3233 588 3406 643; x_wconf 87' lang='lat' dir='ltr'><strong>puero</strong></span> <span class='ocrx_word' id='word_1_53' title='bbox 3451 573 3656 645; x_wconf 82' lang='lat' dir='ltr'><strong>suppli-</strong></span> 
     </span>
    </p>
   </div>
   <div class='ocr_carea' id='block_1_8' title="bbox 403 657 1990 739">
    <p class='ocr_par' dir='ltr' id='par_1_8' title="bbox 403 660 1983 739">
     <span class='ocr_line' id='line_1_8' title="bbox 403 660 1983 739; baseline -0.006 -17"><span class='ocrx_word' id='word_1_54' title='bbox 403 670 701 739; x_wconf 80' lang='grc' dir='ltr'>θεραπείας</span> <span class='ocrx_word' id='word_1_55' title='bbox 747 668 1124 736; x_wconf 71' lang='grc' dir='ltr'>προσέφερενί</span> <span class='ocrx_word' id='word_1_56' title='bbox 1165 666 1227 717; x_wconf 76' lang='lat' dir='ltr'><strong>Oi</strong></span> <span class='ocrx_word' id='word_1_57' title='bbox 1258 666 1313 718; x_wconf 77' lang='grc' dir='ltr'>δὲ</span> <span class='ocrx_word' id='word_1_58' title='bbox 1342 666 1433 717; x_wconf 78' lang='grc' dir='ltr'><strong>τὸν</strong></span> <span class='ocrx_word' id='word_1_59' title='bbox 1478 664 1763 717; x_wconf 73' lang='grc' dir='ltr'>Ἰουλιανύν</span> <span class='ocrx_word' id='word_1_60' title='bbox 1804 660 1983 731; x_wconf 71' lang='grc' dir='ltr'>(τοῦτο</span> 
     </span>
    </p>
   </div>
   <div class='ocr_carea' id='block_1_9' title="bbox 2072 657 3659 739">
    <p class='ocr_par' dir='ltr' id='par_1_9' title="bbox 2090 657 3659 733">
     <span class='ocr_line' id='line_1_9' title="bbox 2090 657 3659 733; baseline 0.005 -23"><span class='ocrx_word' id='word_1_61' title='bbox 2090 657 2272 720; x_wconf 87' lang='lat' dir='ltr'><strong>cabat,</strong></span> <span class='ocrx_word' id='word_1_62' title='bbox 2326 659 2719 729; x_wconf 84' lang='lat' dir='ltr'><strong>mercedesque</strong></span> <span class='ocrx_word' id='word_1_63' title='bbox 2761 675 2910 715; x_wconf 66' lang='lat' dir='ltr'><strong>rurae</strong></span> <span class='ocrx_word' id='word_1_64' title='bbox 2954 661 3295 733; x_wconf 81' lang='lat' dir='ltr'><strong>condignas,</strong></span> <span class='ocrx_word' id='word_1_65' title='bbox 3338 664 3659 733; x_wconf 79' lang='lat' dir='ltr'><strong>priusquam</strong></span> 
     </span>
    </p>
   </div>
   <div class='ocr_carea' id='block_1_10' title="bbox 402 750 1989 831">
    <p class='ocr_par' dir='ltr' id='par_1_10' title="bbox 402 752 1982 829">
     <span class='ocr_line' id='line_1_10' title="bbox 402 752 1982 829; baseline -0.005 -18"><span class='ocrx_word' id='word_1_66' title='bbox 402 760 514 829; x_wconf 71' lang='grc' dir='ltr'><strong>γὰρ</strong></span> <span class='ocrx_word' id='word_1_67' title='bbox 540 754 609 828; x_wconf 82' lang='grc' dir='ltr'>ἦν</span> <span class='ocrx_word' id='word_1_68' title='bbox 641 758 815 826; x_wconf 77' lang='grc' dir='ltr'>ὄνομα</span> <span class='ocrx_word' id='word_1_69' title='bbox 848 756 926 827; x_wconf 79' lang='grc' dir='ltr'>τῷ</span> <span class='ocrx_word' id='word_1_70' title='bbox 954 755 1155 824; x_wconf 77' lang='grc' dir='ltr'>πατρὶ)</span> <span class='ocrx_word' id='word_1_71' title='bbox 1186 755 1275 809; x_wconf 81' lang='grc' dir='ltr'>διὰ</span> <span class='ocrx_word' id='word_1_72' title='bbox 1304 754 1473 825; x_wconf 79' lang='grc' dir='ltr'>τιμῆς</span> <span class='ocrx_word' id='word_1_73' title='bbox 1519 753 1764 814; x_wconf 88' lang='grc' dir='ltr'>πλείονος</span> <span class='ocrx_word' id='word_1_74' title='bbox 1818 752 1982 819; x_wconf 82' lang='grc' dir='ltr'>ἀγον-</span> 
     </span>
    </p>
   </div>
   <div class='ocr_carea' id='block_1_11' title="bbox 2072 750 3659 831">
    <p class='ocr_par' dir='ltr' id='par_1_11' title="bbox 2095 750 3659 831">
     <span class='ocr_line' id='line_1_11' title="bbox 2095 750 3659 831; baseline 0.005 -30"><span class='ocrx_word' id='word_1_75' title='bbox 2095 764 2286 804; x_wconf 89' lang='lat' dir='ltr'><strong>curam</strong></span> <span class='ocrx_word' id='word_1_76' title='bbox 2348 750 2613 817; x_wconf 87' lang='lat' dir='ltr'><strong>facerent,</strong></span> <span class='ocrx_word' id='word_1_77' title='bbox 2655 753 3020 821; x_wconf 88' lang='lat' dir='ltr'><strong>pr0ponebat.</strong></span> <span class='ocrx_word' id='word_1_78' title='bbox 3065 753 3144 807; x_wconf 83' lang='lat' dir='ltr'><strong>Illi</strong></span> <span class='ocrx_word' id='word_1_79' title='bbox 3184 769 3315 831; x_wconf 80' lang='lat' dir='ltr'><strong>vero</strong></span> <span class='ocrx_word' id='word_1_80' title='bbox 3353 754 3659 820; x_wconf 85' lang='lat' dir='ltr'><strong>Julianum,</strong></span> 
     </span>
    </p>
   </div>
   <div class='ocr_carea' id='block_1_12' title="bbox 400 837 1987 917">
    <p class='ocr_par' dir='ltr' id='par_1_12' title="bbox 400 841 1986 917">
     <span class='ocr_line' id='line_1_12' title="bbox 400 841 1986 917; baseline -0.007 -14"><span class='ocrx_word' id='word_1_81' title='bbox 400 868 515 913; x_wconf 86' lang='grc' dir='ltr'>τες,</span> <span class='ocrx_word' id='word_1_82' title='bbox 546 852 640 903; x_wconf 73' lang='grc' dir='ltr'>καὶ</span> <span class='ocrx_word' id='word_1_83' title='bbox 670 848 760 901; x_wconf 82' lang='grc' dir='ltr'>τὸν</span> <span class='ocrx_word' id='word_1_84' title='bbox 795 847 960 900; x_wconf 84' lang='grc' dir='ltr'>παῖδα</span> <span class='ocrx_word' id='word_1_85' title='bbox 988 848 1240 917; x_wconf 82' lang='grc' dir='ltr'><strong>στέργειν</strong></span> <span class='ocrx_word' id='word_1_86' title='bbox 1269 845 1412 916; x_wconf 82' lang='grc' dir='ltr'>ὑπὲρ</span> <span class='ocrx_word' id='word_1_87' title='bbox 1460 846 1625 897; x_wconf 89' lang='grc' dir='ltr'>αὐτὸν</span> <span class='ocrx_word' id='word_1_88' title='bbox 1678 841 1986 912; x_wconf 84' lang='grc' dir='ltr'>ἐπομνύμε-</span> 
     </span>
    </p>
   </div>
   <div class='ocr_carea' id='block_1_13' title="bbox 2074 837 3661 917">
    <p class='ocr_par' dir='ltr' id='par_1_13' title="bbox 2088 837 3661 908">
     <span class='ocr_line' id='line_1_13' title="bbox 2088 837 3661 908; baseline 0.003 -16"><span class='ocrx_word' id='word_1_89' title='bbox 2088 837 2237 908; x_wconf 85' lang='lat' dir='ltr'><strong>quod</strong></span> <span class='ocrx_word' id='word_1_90' title='bbox 2272 848 2390 893; x_wconf 89' lang='lat' dir='ltr'><strong>erat</strong></span> <span class='ocrx_word' id='word_1_91' title='bbox 2419 854 2617 893; x_wconf 90' lang='lat' dir='ltr'><strong>nomen</strong></span> <span class='ocrx_word' id='word_1_92' title='bbox 2657 841 2828 907; x_wconf 82' lang='lat' dir='ltr'><strong>patris</strong></span> <span class='ocrx_word' id='word_1_93' title='bbox 2857 840 2999 908; x_wconf 86' lang='lat' dir='ltr'><strong>ejus,</strong></span> <span class='ocrx_word' id='word_1_94' title='bbox 3040 840 3094 893; x_wconf 92' lang='lat' dir='ltr'><strong>in</strong></span> <span class='ocrx_word' id='word_1_95' title='bbox 3145 841 3321 894; x_wconf 91' lang='lat' dir='ltr'><strong>multo</strong></span> <span class='ocrx_word' id='word_1_96' title='bbox 3358 842 3566 897; x_wconf 82' lang='lat' dir='ltr'><strong>honore</strong></span> <span class='ocrx_word' id='word_1_97' title='bbox 3602 858 3661 897; x_wconf 88' lang='lat' dir='ltr'><strong>se</strong></span> 
     </span>
    </p>
   </div>
   <div class='ocr_carea' id='block_1_14' title="bbox 402 930 1989 1007">
    <p class='ocr_par' dir='ltr' id='par_1_14' title="bbox 402 932 1982 1007">
     <span class='ocr_line' id='line_1_14' title="bbox 402 932 1982 1007; baseline -0.006 -14"><span class='ocrx_word' id='word_1_98' title='bbox 402 958 502 1004; x_wconf 86' lang='grc' dir='ltr'>νοι,</span> <span class='ocrx_word' id='word_1_99' title='bbox 535 941 629 993; x_wconf 87' lang='grc' dir='ltr'><strong>καί</strong></span> <span class='ocrx_word' id='word_1_100' title='bbox 653 939 832 1002; x_wconf 78' lang='grc' dir='ltr'>ἄλλως</span> <span class='ocrx_word' id='word_1_101' title='bbox 880 955 996 1001; x_wconf 90' lang='grc' dir='ltr'><strong>πως</strong></span> <span class='ocrx_word' id='word_1_102' title='bbox 1022 937 1121 1007; x_wconf 81' lang='grc' dir='ltr'><strong>τὴν</strong></span> <span class='ocrx_word' id='word_1_103' title='bbox 1151 937 1321 1007; x_wconf 83' lang='grc' dir='ltr'>ὁλκὴν</span> <span class='ocrx_word' id='word_1_104' title='bbox 1367 935 1477 988; x_wconf 86' lang='grc' dir='ltr'><strong>τῶν</strong></span> <span class='ocrx_word' id='word_1_105' title='bbox 1533 933 1742 1005; x_wconf 83' lang='grc' dir='ltr'>μισθῶν</span> <span class='ocrx_word' id='word_1_106' title='bbox 1782 932 1982 1002; x_wconf 73' lang='grc' dir='ltr'>ἐφηδό-</span> 
     </span>
    </p>
   </div>
   <div class='ocr_carea' id='block_1_15' title="bbox 2072 930 3659 1007">
    <p class='ocr_par' dir='ltr' id='par_1_15' title="bbox 2088 930 3659 1001">
     <span class='ocr_line' id='line_1_15' title="bbox 2088 930 3659 1001; baseline 0.002 -17"><span class='ocrx_word' id='word_1_107' title='bbox 2088 944 2301 1000; x_wconf 83' lang='lat' dir='ltr'><strong>gerere.</strong></span> <span class='ocrx_word' id='word_1_108' title='bbox 2353 944 2697 999; x_wconf 84' lang='lat' dir='ltr'><strong>puerumque</strong></span> <span class='ocrx_word' id='word_1_109' title='bbox 2729 930 2955 999; x_wconf 75' lang='lat' dir='ltr'><strong>diligere</strong></span> <span class='ocrx_word' id='word_1_110' title='bbox 2985 945 3151 1000; x_wconf 88' lang='lat' dir='ltr'><strong>super</strong></span> <span class='ocrx_word' id='word_1_111' title='bbox 3200 947 3324 986; x_wconf 88' lang='lat' dir='ltr'><strong>eum</strong></span> <span class='ocrx_word' id='word_1_112' title='bbox 3357 932 3659 1001; x_wconf 90' lang='lat' dir='ltr'><strong>jurabant;</strong></span> 
     </span>
    </p>
   </div>
   <div class='ocr_carea' id='block_1_16' title="bbox 406 1020 1993 1100">
    <p class='ocr_par' dir='ltr' id='par_1_16' title="bbox 406 1022 1980 1100">
     <span class='ocr_line' id='line_1_16' title="bbox 406 1022 1980 1100; baseline -0.005 -18"><span class='ocrx_word' id='word_1_113' title='bbox 406 1047 577 1100; x_wconf 82' lang='grc' dir='ltr'>μενοι,</span> <span class='ocrx_word' id='word_1_114' title='bbox 592 1030 688 1099; x_wconf 79' lang='grc' dir='ltr'>τῆς</span> <span class='ocrx_word' id='word_1_115' title='bbox 711 1046 771 1081; x_wconf 86' lang='grc' dir='ltr'><strong>τε</strong></span> <span class='ocrx_word' id='word_1_116' title='bbox 794 1028 952 1081; x_wconf 84' lang='grc' dir='ltr'>νόσου</span> <span class='ocrx_word' id='word_1_117' title='bbox 972 1027 1071 1099; x_wconf 85' lang='grc' dir='ltr'>τὴν</span> <span class='ocrx_word' id='word_1_118' title='bbox 1098 1027 1287 1081; x_wconf 78' lang='grc' dir='ltr'>ἄκεσιν</span> <span class='ocrx_word' id='word_1_119' title='bbox 1315 1025 1474 1097; x_wconf 82' lang='grc' dir='ltr'>χρέος</span> <span class='ocrx_word' id='word_1_120' title='bbox 1496 1022 1637 1077; x_wconf 79' lang='grc' dir='ltr'>εἶναι</span> <span class='ocrx_word' id='word_1_121' title='bbox 1656 1022 1980 1097; x_wconf 66' lang='grc' dir='ltr'>διώμνυντρ,</span> 
     </span>
    </p>
   </div>
   <div class='ocr_carea' id='block_1_17' title="bbox 2073 1020 3660 1100">
    <p class='ocr_par' dir='ltr' id='par_1_17' title="bbox 2086 1020 3660 1093">
     <span class='ocr_line' id='line_1_17' title="bbox 2086 1020 3660 1093; baseline 0.003 -22"><span class='ocrx_word' id='word_1_122' title='bbox 2086 1020 2334 1090; x_wconf 82' lang='lat' dir='ltr'><strong>alioquin</strong></span> <span class='ocrx_word' id='word_1_123' title='bbox 2362 1030 2413 1074; x_wconf 91' lang='lat' dir='ltr'><strong>et</strong></span> <span class='ocrx_word' id='word_1_124' title='bbox 2439 1036 2607 1076; x_wconf 90' lang='lat' dir='ltr'><strong>onere</strong></span> <span class='ocrx_word' id='word_1_125' title='bbox 2633 1021 2947 1075; x_wconf 85' lang='lat' dir='ltr'><strong>mercedum</strong></span> <span class='ocrx_word' id='word_1_126' title='bbox 2989 1021 3181 1086; x_wconf 89' lang='lat' dir='ltr'><strong>illecti,</strong></span> <span class='ocrx_word' id='word_1_127' title='bbox 3204 1023 3544 1093; x_wconf 66' lang='lat' dir='ltr'><strong>aagritudinis</strong></span> <span class='ocrx_word' id='word_1_128' title='bbox 3561 1039 3660 1079; x_wconf 82' lang='lat' dir='ltr'><strong>cu-</strong></span> 
     </span>
    </p>
   </div>
   <div class='ocr_carea' id='block_1_18' title="bbox 406 1112 1993 1190">
    <p class='ocr_par' dir='ltr' id='par_1_18' title="bbox 406 1116 1986 1190">
     <span class='ocr_line' id='line_1_18' title="bbox 406 1116 1986 1190; baseline -0.003 -17"><span class='ocrx_word' id='word_1_129' title='bbox 406 1120 498 1173; x_wconf 71' lang='grc' dir='ltr'>ιιαὶ</span> <span class='ocrx_word' id='word_1_130' title='bbox 522 1119 726 1190; x_wconf 86' lang='grc' dir='ltr'>ταύτην</span> <span class='ocrx_word' id='word_1_131' title='bbox 752 1120 893 1173; x_wconf 86' lang='grc' dir='ltr'>αἰδοῖ</span> <span class='ocrx_word' id='word_1_132' title='bbox 919 1120 1015 1174; x_wconf 76' lang='grc' dir='ltr'><strong>καὶ</strong></span> <span class='ocrx_word' id='word_1_133' title='bbox 1044 1122 1179 1190; x_wconf 81' lang='grc' dir='ltr'>τιμῇ</span> <span class='ocrx_word' id='word_1_134' title='bbox 1203 1118 1298 1173; x_wconf 90' lang='grc' dir='ltr'><strong>τοῦ</strong></span> <span class='ocrx_word' id='word_1_135' title='bbox 1332 1119 1559 1190; x_wconf 77' lang='grc' dir='ltr'>πατρὸς,</span> <span class='ocrx_word' id='word_1_136' title='bbox 1600 1118 1692 1171; x_wconf 77' lang='grc' dir='ltr'>καὶ</span> <span class='ocrx_word' id='word_1_137' title='bbox 1719 1116 1869 1188; x_wconf 84' lang='grc' dir='ltr'>πόθῳ</span> <span class='ocrx_word' id='word_1_138' title='bbox 1889 1116 1986 1170; x_wconf 74' lang='grc' dir='ltr'>καὶ</span> 
     </span>
    </p>
   </div>
   <div class='ocr_carea' id='block_1_19' title="bbox 2072 1112 3659 1190">
    <p class='ocr_par' dir='ltr' id='par_1_19' title="bbox 2087 1112 3659 1182">
     <span class='ocr_line' id='line_1_19' title="bbox 2087 1112 3659 1182; baseline 0.003 -19"><span class='ocrx_word' id='word_1_139' title='bbox 2087 1126 2204 1164; x_wconf 85' lang='lat' dir='ltr'><strong>ram</strong></span> <span class='ocrx_word' id='word_1_140' title='bbox 2253 1119 2314 1165; x_wconf 88' lang='lat' dir='ltr'><strong>ut</strong></span> <span class='ocrx_word' id='word_1_141' title='bbox 2347 1112 2588 1166; x_wconf 75' lang='lat' dir='ltr'><strong>debitam</strong></span> <span class='ocrx_word' id='word_1_142' title='bbox 2622 1122 2845 1182; x_wconf 80' lang='lat' dir='ltr'><strong>prepter</strong></span> <span class='ocrx_word' id='word_1_143' title='bbox 2882 1113 3244 1167; x_wconf 87' lang='lat' dir='ltr'><strong>reverentiam</strong></span> <span class='ocrx_word' id='word_1_144' title='bbox 3289 1121 3344 1167; x_wconf 90' lang='lat' dir='ltr'><strong>et</strong></span> <span class='ocrx_word' id='word_1_145' title='bbox 3397 1114 3659 1170; x_wconf 88' lang='lat' dir='ltr'><strong>honorem</strong></span> 
     </span>
    </p>
   </div>
   <div class='ocr_carea' id='block_1_20' title="bbox 407 1203 1994 1283">
    <p class='ocr_par' dir='ltr' id='par_1_20' title="bbox 407 1207 1985 1283">
     <span class='ocr_line' id='line_1_20' title="bbox 407 1207 1985 1283; baseline -0.001 -20"><span class='ocrx_word' id='word_1_146' title='bbox 407 1214 609 1282; x_wconf 78' lang='grc' dir='ltr'><strong>στοργῇ</strong></span> <span class='ocrx_word' id='word_1_147' title='bbox 649 1211 745 1264; x_wconf 86' lang='grc' dir='ltr'><strong>τοῦ</strong></span> <span class='ocrx_word' id='word_1_148' title='bbox 769 1212 960 1275; x_wconf 79' lang='grc' dir='ltr'>παιδὸς</span> <span class='ocrx_word' id='word_1_149' title='bbox 990 1213 1297 1283; x_wconf 73' lang='grc' dir='ltr'><strong>παρασχεῖν</strong></span> <span class='ocrx_word' id='word_1_150' title='bbox 1327 1211 1753 1281; x_wconf 77' lang='grc' dir='ltr'><strong>ἐπηγγέλλοντο.</strong></span> <span class='ocrx_word' id='word_1_151' title='bbox 1788 1209 1899 1262; x_wconf 74' lang='grc' dir='ltr'><strong>Καὶ</strong></span> <span class='ocrx_word' id='word_1_152' title='bbox 1920 1207 1985 1278; x_wconf 83' lang='grc' dir='ltr'>δὴ</span> 
     </span>
    </p>
   </div>
   <div class='ocr_carea' id='block_1_21' title="bbox 2073 1203 3660 1283">
    <p class='ocr_par' dir='ltr' id='par_1_21' title="bbox 2089 1203 3660 1273">
     <span class='ocr_line' id='line_1_21' title="bbox 2089 1203 3660 1273; baseline 0.002 -17"><span class='ocrx_word' id='word_1_153' title='bbox 2089 1203 2287 1271; x_wconf 76' lang='lat' dir='ltr'><strong>patris,</strong></span> <span class='ocrx_word' id='word_1_154' title='bbox 2324 1218 2679 1273; x_wconf 86' lang='lat' dir='ltr'><strong>amoremque</strong></span> <span class='ocrx_word' id='word_1_155' title='bbox 2707 1203 3081 1258; x_wconf 86' lang='lat' dir='ltr'><strong>adolescentis</strong></span> <span class='ocrx_word' id='word_1_156' title='bbox 3109 1212 3164 1259; x_wconf 89' lang='lat' dir='ltr'><strong>et</strong></span> <span class='ocrx_word' id='word_1_157' title='bbox 3196 1204 3471 1271; x_wconf 78' lang='lat' dir='ltr'><strong>affectum,</strong></span> <span class='ocrx_word' id='word_1_158' title='bbox 3502 1205 3660 1260; x_wconf 74' lang='lat' dir='ltr'><strong>exhi-</strong></span> 
     </span>
    </p>
   </div>
   <div class='ocr_carea' id='block_1_22' title="bbox 402 1293 1989 1375">
    <p class='ocr_par' dir='ltr' id='par_1_22' title="bbox 402 1300 1986 1375">
     <span class='ocr_line' id='line_1_22' title="bbox 402 1300 1986 1375; baseline -0.001 -20"><span class='ocrx_word' id='word_1_159' title='bbox 402 1304 585 1357; x_wconf 83' lang='grc' dir='ltr'>πάντα</span> <span class='ocrx_word' id='word_1_160' title='bbox 611 1304 679 1356; x_wconf 71' lang='grc' dir='ltr'><strong>τὰ</strong></span> <span class='ocrx_word' id='word_1_161' title='bbox 711 1306 811 1374; x_wconf 81' lang='grc' dir='ltr'>τῆς</span> <span class='ocrx_word' id='word_1_162' title='bbox 839 1304 1033 1375; x_wconf 83' lang='grc' dir='ltr'>τέχνης</span> <span class='ocrx_word' id='word_1_163' title='bbox 1059 1306 1405 1373; x_wconf 79' lang='grc' dir='ltr'><strong>κινήσαντες,</strong></span> <span class='ocrx_word' id='word_1_164' title='bbox 1442 1304 1539 1356; x_wconf 77' lang='grc' dir='ltr'><strong>καὶ</strong></span> <span class='ocrx_word' id='word_1_165' title='bbox 1571 1304 1683 1365; x_wconf 86' lang='grc' dir='ltr'>τοῖς</span> <span class='ocrx_word' id='word_1_166' title='bbox 1711 1301 1851 1371; x_wconf 83' lang='grc' dir='ltr'>ὑπὲρ</span> <span class='ocrx_word' id='word_1_167' title='bbox 1887 1300 1986 1369; x_wconf 84' lang='grc' dir='ltr'>τῆς</span> 
     </span>
    </p>
   </div>
   <div class='ocr_carea' id='block_1_23' title="bbox 2076 1293 3663 1375">
    <p class='ocr_par' dir='ltr' id='par_1_23' title="bbox 2088 1293 3663 1369">
     <span class='ocr_line' id='line_1_23' title="bbox 2088 1293 3663 1369; baseline 0.004 -23"><span class='ocrx_word' id='word_1_168' title='bbox 2088 1293 2219 1349; x_wconf 87' lang='lat' dir='ltr'><strong>bere</strong></span> <span class='ocrx_word' id='word_1_169' title='bbox 2270 1296 2682 1363; x_wconf 82' lang='lat' dir='ltr'><strong>promittebant.</strong></span> <span class='ocrx_word' id='word_1_170' title='bbox 2736 1295 2936 1350; x_wconf 83' lang='lat' dir='ltr'><strong>Verum</strong></span> <span class='ocrx_word' id='word_1_171' title='bbox 2994 1296 3086 1349; x_wconf 86' lang='lat' dir='ltr'><strong>ubi</strong></span> <span class='ocrx_word' id='word_1_172' title='bbox 3130 1298 3315 1351; x_wconf 88' lang='lat' dir='ltr'><strong>omnia</strong></span> <span class='ocrx_word' id='word_1_173' title='bbox 3360 1314 3483 1369; x_wconf 79' lang='lat' dir='ltr'><strong>quae</strong></span> <span class='ocrx_word' id='word_1_174' title='bbox 3527 1300 3663 1353; x_wconf 81' lang='lat' dir='ltr'><strong>artis</strong></span> 
     </span>
    </p>
   </div>
   <div class='ocr_carea' id='block_1_24' title="bbox 403 1384 1990 1466">
    <p class='ocr_par' dir='ltr' id='par_1_24' title="bbox 403 1392 1986 1466">
     <span class='ocr_line' id='line_1_24' title="bbox 403 1392 1986 1466; baseline -0.003 -18"><span class='ocrx_word' id='word_1_175' title='bbox 403 1396 619 1466; x_wconf 85' lang='grc' dir='ltr'>τέχνης,</span> <span class='ocrx_word' id='word_1_176' title='bbox 658 1398 706 1448; x_wconf 82' lang='grc' dir='ltr'><strong>εἰ</strong></span> <span class='ocrx_word' id='word_1_177' title='bbox 745 1395 892 1448; x_wconf 74' lang='grc' dir='ltr'>ἐστιν</span> <span class='ocrx_word' id='word_1_178' title='bbox 921 1396 1119 1462; x_wconf 71' lang='grc' dir='ltr'>εἰπεῖν,</span> <span class='ocrx_word' id='word_1_179' title='bbox 1152 1395 1598 1465; x_wconf 87' lang='grc' dir='ltr'>ἐγχωρήσαντες,</span> <span class='ocrx_word' id='word_1_180' title='bbox 1648 1392 1863 1462; x_wconf 78' lang='grc' dir='ltr'>ὤνησαν</span> <span class='ocrx_word' id='word_1_181' title='bbox 1894 1392 1986 1444; x_wconf 83' lang='grc' dir='ltr'>οὐ-</span> 
     </span>
    </p>
   </div>
   <div class='ocr_carea' id='block_1_25' title="bbox 2074 1384 3661 1466">
    <p class='ocr_par' dir='ltr' id='par_1_25' title="bbox 2090 1384 3661 1456">
     <span class='ocr_line' id='line_1_25' title="bbox 2090 1384 3661 1456; baseline 0.003 -19"><span class='ocrx_word' id='word_1_182' title='bbox 2090 1384 2310 1438; x_wconf 81' lang='lat' dir='ltr'><strong>fuerant</strong></span> <span class='ocrx_word' id='word_1_183' title='bbox 2354 1393 2707 1456; x_wconf 75' lang='lat' dir='ltr'><strong>peregerunt,</strong></span> <span class='ocrx_word' id='word_1_184' title='bbox 2755 1393 2809 1440; x_wconf 92' lang='lat' dir='ltr'><strong>et</strong></span> <span class='ocrx_word' id='word_1_185' title='bbox 2832 1400 2953 1455; x_wconf 57' lang='lat' dir='ltr'><strong>quae</strong></span> <span class='ocrx_word' id='word_1_186' title='bbox 2987 1401 3154 1455; x_wconf 89' lang='lat' dir='ltr'><strong>super</strong></span> <span class='ocrx_word' id='word_1_187' title='bbox 3200 1398 3373 1441; x_wconf 87' lang='lat' dir='ltr'><strong>artem</strong></span> <span class='ocrx_word' id='word_1_188' title='bbox 3412 1398 3564 1453; x_wconf 86' lang='lat' dir='ltr'><strong>sunt,</strong></span> <span class='ocrx_word' id='word_1_189' title='bbox 3615 1387 3661 1442; x_wconf 91' lang='lat' dir='ltr'><strong>si</strong></span> 
     </span>
    </p>
   </div>
   <div class='ocr_carea' id='block_1_26' title="bbox 404 1476 1991 1556">
    <p class='ocr_par' dir='ltr' id='par_1_26' title="bbox 404 1484 1985 1556">
     <span class='ocr_line' id='line_1_26' title="bbox 404 1484 1985 1556; baseline -0.003 -17"><span class='ocrx_word' id='word_1_190' title='bbox 404 1486 496 1539; x_wconf 82' lang='grc' dir='ltr'><strong>δέν</strong></span> <span class='ocrx_word' id='word_1_191' title='bbox 522 1502 537 1515; x_wconf 83' lang='lat'><strong><em>°</em></strong></span> <span class='ocrx_word' id='word_1_192' title='bbox 571 1487 693 1538; x_wconf 66' lang='grc' dir='ltr'><strong>ἐπεί⁹</strong></span> <span class='ocrx_word' id='word_1_193' title='bbox 715 1488 829 1549; x_wconf 86' lang='grc' dir='ltr'>τοῖς</span> <span class='ocrx_word' id='word_1_194' title='bbox 862 1485 1133 1556; x_wconf 77' lang='grc' dir='ltr'>μάρτυσιν</span> <span class='ocrx_word' id='word_1_195' title='bbox 1167 1484 1237 1538; x_wconf 81' lang='grc' dir='ltr'>τὰ</span> <span class='ocrx_word' id='word_1_196' title='bbox 1262 1485 1354 1538; x_wconf 89' lang='grc' dir='ltr'><strong>τοῦ</strong></span> <span class='ocrx_word' id='word_1_197' title='bbox 1392 1484 1578 1548; x_wconf 83' lang='grc' dir='ltr'>παιδὸς</span> <span class='ocrx_word' id='word_1_198' title='bbox 1609 1486 1856 1555; x_wconf 74' lang='grc' dir='ltr'><strong>ἐτηρεῖτο</strong></span> <span class='ocrx_word' id='word_1_199' title='bbox 1878 1499 1985 1536; x_wconf 89' lang='grc' dir='ltr'>σω-</span> 
     </span>
    </p>
   </div>
   <div class='ocr_carea' id='block_1_27' title="bbox 2074 1476 3661 1556">
    <p class='ocr_par' dir='ltr' id='par_1_27' title="bbox 2089 1476 3661 1549">
     <span class='ocr_line' id='line_1_27' title="bbox 2089 1476 3661 1549; baseline 0.002 -19"><span class='ocrx_word' id='word_1_200' title='bbox 2089 1476 2383 1531; x_wconf 87' lang='lat' dir='ltr'><strong>dicendum</strong></span> <span class='ocrx_word' id='word_1_201' title='bbox 2415 1489 2523 1543; x_wconf 82' lang='lat' dir='ltr'><strong>est,</strong></span> <span class='ocrx_word' id='word_1_202' title='bbox 2563 1478 2700 1532; x_wconf 80' lang='lat' dir='ltr'><strong>nihil</strong></span> <span class='ocrx_word' id='word_1_203' title='bbox 2728 1476 3076 1547; x_wconf 84' lang='lat' dir='ltr'><strong>profuerunt,</strong></span> <span class='ocrx_word' id='word_1_204' title='bbox 3105 1476 3315 1533; x_wconf 90' lang='lat' dir='ltr'><strong>idcirco</strong></span> <span class='ocrx_word' id='word_1_205' title='bbox 3339 1479 3485 1549; x_wconf 85' lang='lat' dir='ltr'><strong>quod</strong></span> <span class='ocrx_word' id='word_1_206' title='bbox 3515 1494 3661 1534; x_wconf 89' lang='lat' dir='ltr'><strong>mar-</strong></span> 
     </span>
    </p>
   </div>
   <div class='ocr_carea' id='block_1_28' title="bbox 405 1567 1992 1648">
    <p class='ocr_par' dir='ltr' id='par_1_28' title="bbox 405 1574 1987 1648">
     <span class='ocr_line' id='line_1_28' title="bbox 405 1574 1987 1648; baseline -0.003 -18"><span class='ocrx_word' id='word_1_207' title='bbox 405 1578 588 1648; x_wconf 81' lang='grc' dir='ltr'>τηρία.</span> <span class='ocrx_word' id='word_1_208' title='bbox 625 1577 828 1631; x_wconf 81' lang='grc' dir='ltr'>Τοῦτον</span> <span class='ocrx_word' id='word_1_209' title='bbox 856 1578 974 1648; x_wconf 79' lang='grc' dir='ltr'>γὰρ</span> <span class='ocrx_word' id='word_1_210' title='bbox 1010 1578 1039 1629; x_wconf 81' lang='grc' dir='ltr'>ὁ</span> <span class='ocrx_word' id='word_1_211' title='bbox 1064 1578 1270 1648; x_wconf 84' lang='grc' dir='ltr'>πατὴρ,</span> <span class='ocrx_word' id='word_1_212' title='bbox 1311 1575 1424 1628; x_wconf 89' lang='grc' dir='ltr'><strong>τῶν</strong></span> <span class='ocrx_word' id='word_1_213' title='bbox 1461 1574 1662 1646; x_wconf 77' lang='grc' dir='ltr'>ἰατρῶν</span> <span class='ocrx_word' id='word_1_214' title='bbox 1716 1574 1987 1645; x_wconf 82' lang='grc' dir='ltr'>ἀφελόμε-</span> 
     </span>
    </p>
   </div>
   <div class='ocr_carea' id='block_1_29' title="bbox 2078 1567 3665 1648">
    <p class='ocr_par' dir='ltr' id='par_1_29' title="bbox 2090 1567 3665 1639">
     <span class='ocr_line' id='line_1_29' title="bbox 2090 1567 3665 1639; baseline 0.002 -18"><span class='ocrx_word' id='word_1_215' title='bbox 2090 1567 2306 1639; x_wconf 89' lang='lat' dir='ltr'><strong>tyribus</strong></span> <span class='ocrx_word' id='word_1_216' title='bbox 2334 1568 2489 1637; x_wconf 85' lang='lat' dir='ltr'><strong>pueri</strong></span> <span class='ocrx_word' id='word_1_217' title='bbox 2514 1568 2678 1636; x_wconf 76' lang='lat' dir='ltr'><strong>hujus</strong></span> <span class='ocrx_word' id='word_1_218' title='bbox 2702 1567 3029 1622; x_wconf 85' lang='lat' dir='ltr'><strong>servabatur</strong></span> <span class='ocrx_word' id='word_1_219' title='bbox 3053 1568 3306 1636; x_wconf 86' lang='lat' dir='ltr'><strong>salvatio,</strong></span> <span class='ocrx_word' id='word_1_220' title='bbox 3337 1570 3481 1627; x_wconf 87' lang='lat' dir='ltr'><strong>hunc</strong></span> <span class='ocrx_word' id='word_1_221' title='bbox 3512 1582 3665 1638; x_wconf 84' lang='lat' dir='ltr'><strong>pater</strong></span> 
     </span>
    </p>
   </div>
   <div class='ocr_carea' id='block_1_30' title="bbox 406 1657 1993 1739">
    <p class='ocr_par' dir='ltr' id='par_1_30' title="bbox 406 1667 1987 1739">
     <span class='ocr_line' id='line_1_30' title="bbox 406 1667 1987 1739; baseline -0.001 -19"><span class='ocrx_word' id='word_1_222' title='bbox 406 1686 518 1733; x_wconf 88' lang='grc' dir='ltr'>νος,</span> <span class='ocrx_word' id='word_1_223' title='bbox 548 1671 660 1732; x_wconf 82' lang='grc' dir='ltr'>τοῖς</span> <span class='ocrx_word' id='word_1_224' title='bbox 717 1669 886 1731; x_wconf 80' lang='grc' dir='ltr'>ὅντως</span> <span class='ocrx_word' id='word_1_225' title='bbox 924 1670 1125 1738; x_wconf 76' lang='grc' dir='ltr'>ἰατροῖς</span> <span class='ocrx_word' id='word_1_226' title='bbox 1191 1667 1358 1739; x_wconf 79' lang='grc' dir='ltr'>Κύρῳ</span> <span class='ocrx_word' id='word_1_227' title='bbox 1392 1667 1488 1720; x_wconf 78' lang='grc' dir='ltr'>καὶ</span> <span class='ocrx_word' id='word_1_228' title='bbox 1548 1667 1766 1736; x_wconf 81' lang='grc' dir='ltr'>Ἰωάννῃ</span> <span class='ocrx_word' id='word_1_229' title='bbox 1822 1681 1987 1735; x_wconf 86' lang='grc' dir='ltr'>προσ-</span> 
     </span>
    </p>
   </div>
   <div class='ocr_carea' id='block_1_31' title="bbox 2078 1657 3665 1739">
    <p class='ocr_par' dir='ltr' id='par_1_31' title="bbox 2092 1657 3665 1732">
     <span class='ocr_line' id='line_1_31' title="bbox 2092 1657 3665 1732; baseline 0.002 -20"><span class='ocrx_word' id='word_1_230' title='bbox 2092 1673 2121 1712; x_wconf 89' lang='lat' dir='ltr'><strong>a</strong></span> <span class='ocrx_word' id='word_1_231' title='bbox 2147 1658 2378 1714; x_wconf 88' lang='lat' dir='ltr'><strong>medicis</strong></span> <span class='ocrx_word' id='word_1_232' title='bbox 2419 1658 2701 1721; x_wconf 80' lang='lat' dir='ltr'><strong>auferens,</strong></span> <span class='ocrx_word' id='word_1_233' title='bbox 2752 1657 2818 1712; x_wconf 89' lang='lat' dir='ltr'><strong>ad</strong></span> <span class='ocrx_word' id='word_1_234' title='bbox 2871 1673 3036 1712; x_wconf 85' lang='lat' dir='ltr'><strong>veros</strong></span> <span class='ocrx_word' id='word_1_235' title='bbox 3081 1660 3328 1715; x_wconf 88' lang='lat' dir='ltr'><strong>medicos</strong></span> <span class='ocrx_word' id='word_1_236' title='bbox 3371 1660 3574 1732; x_wconf 83' lang='lat' dir='ltr'><strong>Cyrum</strong></span> <span class='ocrx_word' id='word_1_237' title='bbox 3610 1669 3665 1715; x_wconf 89' lang='lat' dir='ltr'><strong>et</strong></span> 
     </span>
    </p>
   </div>
   <div class='ocr_carea' id='block_1_32' title="bbox 406 1746 1993 1831">
    <p class='ocr_par' dir='ltr' id='par_1_32' title="bbox 406 1756 1993 1831">
     <span class='ocr_line' id='line_1_32' title="bbox 406 1756 1993 1831; baseline -0.003 -19"><span class='ocrx_word' id='word_1_238' title='bbox 406 1761 628 1831; x_wconf 80' lang='grc' dir='ltr'>ἠνεγκε,</span> <span class='ocrx_word' id='word_1_239' title='bbox 646 1756 722 1812; x_wconf 86' lang='grc' dir='ltr'><strong>ῶν</strong></span> <span class='ocrx_word' id='word_1_240' title='bbox 745 1758 843 1827; x_wconf 80' lang='grc' dir='ltr'><strong>τὴν</strong></span> <span class='ocrx_word' id='word_1_241' title='bbox 865 1758 1053 1828; x_wconf 79' lang='grc' dir='ltr'>τιμίαν</span> <span class='ocrx_word' id='word_1_242' title='bbox 1078 1759 1234 1828; x_wconf 86' lang='grc' dir='ltr'>σορδν</span> <span class='ocrx_word' id='word_1_243' title='bbox 1266 1757 1625 1828; x_wconf 75' lang='grc' dir='ltr'>καταϐρέχων</span> <span class='ocrx_word' id='word_1_244' title='bbox 1652 1757 1766 1819; x_wconf 86' lang='grc' dir='ltr'>τοῖς</span> <span class='ocrx_word' id='word_1_245' title='bbox 1795 1756 1993 1827; x_wconf 86' lang='grc' dir='ltr'>δάκρυ-</span> 
     </span>
    </p>
   </div>
   <div class='ocr_carea' id='block_1_33' title="bbox 2079 1746 3666 1831">
    <p class='ocr_par' dir='ltr' id='par_1_33' title="bbox 2095 1748 3666 1819">
     <span class='ocr_line' id='line_1_33' title="bbox 2095 1748 3666 1819; baseline 0.001 -14"><span class='ocrx_word' id='word_1_246' title='bbox 2095 1748 2364 1805; x_wconf 82' lang='lat' dir='ltr'><strong>Joannem</strong></span> <span class='ocrx_word' id='word_1_247' title='bbox 2397 1750 2664 1815; x_wconf 78' lang='lat' dir='ltr'><strong>adduxit;</strong></span> <span class='ocrx_word' id='word_1_248' title='bbox 2693 1764 2931 1819; x_wconf 89' lang='lat' dir='ltr'><strong>quorum</strong></span> <span class='ocrx_word' id='word_1_249' title='bbox 2967 1752 3334 1807; x_wconf 83' lang='lat' dir='ltr'><strong>venerabilem</strong></span> <span class='ocrx_word' id='word_1_250' title='bbox 3355 1752 3666 1809; x_wconf 85' lang='lat' dir='ltr'><strong>confessio-</strong></span> 
     </span>
    </p>
   </div>
   <div class='ocr_carea' id='block_1_34' title="bbox 404 1840 1991 1922">
    <p class='ocr_par' dir='ltr' id='par_1_34' title="bbox 404 1846 1985 1922">
     <span class='ocr_line' id='line_1_34' title="bbox 404 1846 1985 1922; baseline -0.003 -19"><span class='ocrx_word' id='word_1_251' title='bbox 404 1867 516 1914; x_wconf 89' lang='grc' dir='ltr'>σιν,</span> <span class='ocrx_word' id='word_1_252' title='bbox 552 1851 800 1922; x_wconf 77' lang='grc' dir='ltr'>ἀρωγοὺς</span> <span class='ocrx_word' id='word_1_253' title='bbox 829 1849 1082 1918; x_wconf 84' lang='grc' dir='ltr'>γενέσθαι</span> <span class='ocrx_word' id='word_1_254' title='bbox 1118 1848 1211 1903; x_wconf 84' lang='grc' dir='ltr'><strong>τοῦ</strong></span> <span class='ocrx_word' id='word_1_255' title='bbox 1262 1848 1452 1913; x_wconf 86' lang='grc' dir='ltr'>παιδὸς</span> <span class='ocrx_word' id='word_1_256' title='bbox 1508 1847 1837 1909; x_wconf 85' lang='grc' dir='ltr'>ἐλιτάνευεν,</span> <span class='ocrx_word' id='word_1_257' title='bbox 1891 1846 1985 1899; x_wconf 79' lang='grc' dir='ltr'>καὶ</span> 
     </span>
    </p>
   </div>
   <div class='ocr_carea' id='block_1_35' title="bbox 2076 1840 3663 1922">
    <p class='ocr_par' dir='ltr' id='par_1_35' title="bbox 2089 1840 3663 1912">
     <span class='ocr_line' id='line_1_35' title="bbox 2089 1840 3663 1912; baseline 0.003 -17"><span class='ocrx_word' id='word_1_258' title='bbox 2089 1857 2211 1895; x_wconf 91' lang='lat' dir='ltr'><strong>nem</strong></span> <span class='ocrx_word' id='word_1_259' title='bbox 2255 1841 2517 1912; x_wconf 86' lang='lat' dir='ltr'><strong>lacrymis</strong></span> <span class='ocrx_word' id='word_1_260' title='bbox 2552 1841 2814 1910; x_wconf 80' lang='lat' dir='ltr'><strong>irrigans,</strong></span> <span class='ocrx_word' id='word_1_261' title='bbox 2843 1840 3107 1894; x_wconf 82' lang='lat' dir='ltr'><strong>auxilium</strong></span> <span class='ocrx_word' id='word_1_262' title='bbox 3143 1842 3286 1896; x_wconf 88' lang='lat' dir='ltr'><strong>ferre</strong></span> <span class='ocrx_word' id='word_1_263' title='bbox 3330 1842 3663 1900; x_wconf 83' lang='lat' dir='ltr'><strong>adolescenti</strong></span> 
     </span>
    </p>
   </div>
   <div class='ocr_carea' id='block_1_36' title="bbox 412 1923 1999 2012">
    <p class='ocr_par' dir='ltr' id='par_1_36' title="bbox 412 1938 1989 2012">
     <span class='ocr_line' id='line_1_36' title="bbox 412 1938 1989 2012; baseline -0.005 -15"><span class='ocrx_word' id='word_1_264' title='bbox 412 1943 491 2012; x_wconf 82' lang='grc' dir='ltr'>μὴ</span> <span class='ocrx_word' id='word_1_265' title='bbox 521 1941 767 2012; x_wconf 81' lang='grc' dir='ltr'>παριδεῖν</span> <span class='ocrx_word' id='word_1_266' title='bbox 802 1940 968 1995; x_wconf 88' lang='grc' dir='ltr'>αὐτοῦ</span> <span class='ocrx_word' id='word_1_267' title='bbox 1000 1942 1090 1995; x_wconf 72' lang='grc' dir='ltr'><strong>τὸν</strong></span> <span class='ocrx_word' id='word_1_268' title='bbox 1123 1941 1238 1994; x_wconf 85' lang='grc' dir='ltr'>υἱὸν</span> <span class='ocrx_word' id='word_1_269' title='bbox 1285 1939 1589 2011; x_wconf 81' lang='grc' dir='ltr'>τηλικούτῳ</span> <span class='ocrx_word' id='word_1_270' title='bbox 1615 1938 1845 1992; x_wconf 85' lang='grc' dir='ltr'>κλύδωνι</span> <span class='ocrx_word' id='word_1_271' title='bbox 1871 1954 1989 1990; x_wconf 85' lang='grc' dir='ltr'>συν-</span> 
     </span>
    </p>
   </div>
   <div class='ocr_carea' id='block_1_37' title="bbox 2075 1923 3662 2012">
    <p class='ocr_par' dir='ltr' id='par_1_37' title="bbox 2089 1923 3662 2002">
     <span class='ocr_line' id='line_1_37' title="bbox 2089 1923 3662 2002; baseline 0 -16"><span class='ocrx_word' id='word_1_272' title='bbox 2089 1932 2380 2001; x_wconf 87' lang='lat' dir='ltr'><strong>poscehat;</strong></span> <span class='ocrx_word' id='word_1_273' title='bbox 2404 1946 2504 1985; x_wconf 93' lang='lat' dir='ltr'><strong>nec</strong></span> <span class='ocrx_word' id='word_1_274' title='bbox 2524 1939 2942 1985; x_wconf 84' lang='lat' dir='ltr'><strong>contemnerent</strong></span> <span class='ocrx_word' id='word_1_275' title='bbox 2975 1930 3144 1985; x_wconf 85' lang='lat' dir='ltr'><strong>lilium</strong></span> <span class='ocrx_word' id='word_1_276' title='bbox 3172 1933 3293 2002; x_wconf 90' lang='lat' dir='ltr'><strong>ejus</strong></span> <span class='ocrx_word' id='word_1_277' title='bbox 3332 1923 3480 1990; x_wconf 70' lang='lat' dir='ltr'><strong>tanta</strong></span> <span class='ocrx_word' id='word_1_278' title='bbox 3515 1949 3662 1988; x_wconf 90' lang='lat' dir='ltr'><strong>com-</strong></span> 
     </span>
    </p>
   </div>
   <div class='ocr_carea' id='block_1_38' title="bbox 409 2020 1996 2104">
    <p class='ocr_par' dir='ltr' id='par_1_38' title="bbox 409 2027 1988 2104">
     <span class='ocr_line' id='line_1_38' title="bbox 409 2027 1988 2104; baseline -0.002 -20"><span class='ocrx_word' id='word_1_279' title='bbox 409 2033 689 2103; x_wconf 83' lang='grc' dir='ltr'>εχόμενον.</span> <span class='ocrx_word' id='word_1_280' title='bbox 710 2034 783 2086; x_wconf 83' lang='grc' dir='ltr'><strong>-Οἰ</strong></span> <span class='ocrx_word' id='word_1_281' title='bbox 808 2032 863 2086; x_wconf 75' lang='grc' dir='ltr'>δὲ</span> <span class='ocrx_word' id='word_1_282' title='bbox 897 2031 994 2085; x_wconf 85' lang='grc' dir='ltr'><strong>τοῦ</strong></span> <span class='ocrx_word' id='word_1_283' title='bbox 1023 2033 1281 2104; x_wconf 86' lang='grc' dir='ltr'>γέροντος</span> <span class='ocrx_word' id='word_1_284' title='bbox 1305 2032 1732 2095; x_wconf 82' lang='grc' dir='ltr'>ἐπακούσαντες,</span> <span class='ocrx_word' id='word_1_285' title='bbox 1780 2030 1876 2083; x_wconf 73' lang='grc' dir='ltr'>καὶ</span> <span class='ocrx_word' id='word_1_286' title='bbox 1918 2027 1988 2081; x_wconf 81' lang='grc' dir='ltr'>τὰ</span> 
     </span>
    </p>
   </div>
   <div class='ocr_carea' id='block_1_39' title="bbox 2075 2020 3662 2104">
    <p class='ocr_par' dir='ltr' id='par_1_39' title="bbox 2090 2020 3662 2093">
     <span class='ocr_line' id='line_1_39' title="bbox 2090 2020 3662 2093; baseline 0.002 -17"><span class='ocrx_word' id='word_1_287' title='bbox 2090 2037 2339 2093; x_wconf 85' lang='lat' dir='ltr'><strong>pressum</strong></span> <span class='ocrx_word' id='word_1_288' title='bbox 2390 2022 2775 2081; x_wconf 82' lang='lat' dir='ltr'><strong>ﬂuctuatione.</strong></span> <span class='ocrx_word' id='word_1_289' title='bbox 2836 2020 2903 2075; x_wconf 87' lang='lat' dir='ltr'><strong>lli</strong></span> <span class='ocrx_word' id='word_1_290' title='bbox 2991 2038 3122 2078; x_wconf 86' lang='lat' dir='ltr'><strong>vero</strong></span> <span class='ocrx_word' id='word_1_291' title='bbox 3168 2025 3318 2079; x_wconf 88' lang='lat' dir='ltr'><strong>senis</strong></span> <span class='ocrx_word' id='word_1_292' title='bbox 3359 2027 3662 2082; x_wconf 87' lang='lat' dir='ltr'><strong>orationem</strong></span> 
     </span>
    </p>
   </div>
   <div class='ocr_carea' id='block_1_40' title="bbox 406 2112 1993 2195">
    <p class='ocr_par' dir='ltr' id='par_1_40' title="bbox 406 2121 1988 2195">
     <span class='ocr_line' id='line_1_40' title="bbox 406 2121 1988 2195; baseline -0.001 -20"><span class='ocrx_word' id='word_1_293' title='bbox 406 2124 509 2193; x_wconf 84' lang='grc' dir='ltr'>τῆς</span> <span class='ocrx_word' id='word_1_294' title='bbox 541 2125 706 2194; x_wconf 83' lang='grc' dir='ltr'>εὐχῆς</span> <span class='ocrx_word' id='word_1_295' title='bbox 732 2125 837 2177; x_wconf 85' lang='grc' dir='ltr'><strong>οὐκ</strong></span> <span class='ocrx_word' id='word_1_296' title='bbox 864 2122 1235 2194; x_wconf 76' lang='grc' dir='ltr'>ἀτιμάσαντες</span> <span class='ocrx_word' id='word_1_297' title='bbox 1265 2123 1497 2195; x_wconf 84' lang='grc' dir='ltr'>δάκρυα,</span> <span class='ocrx_word' id='word_1_298' title='bbox 1531 2123 1625 2175; x_wconf 64' lang='grc' dir='ltr'><strong>καί⁸</strong></span> <span class='ocrx_word' id='word_1_299' title='bbox 1648 2122 1736 2175; x_wconf 73' lang='grc' dir='ltr'>τὸν</span> <span class='ocrx_word' id='word_1_300' title='bbox 1760 2121 1879 2175; x_wconf 86' lang='grc' dir='ltr'>νέον</span> <span class='ocrx_word' id='word_1_301' title='bbox 1906 2121 1988 2175; x_wconf 81' lang='grc' dir='ltr'>ἰά-</span> 
     </span>
    </p>
   </div>
   <div class='ocr_carea' id='block_1_41' title="bbox 2075 2112 3662 2195">
    <p class='ocr_par' dir='ltr' id='par_1_41' title="bbox 2085 2112 3662 2186">
     <span class='ocr_line' id='line_1_41' title="bbox 2085 2112 3662 2186; baseline 0.001 -16"><span class='ocrx_word' id='word_1_302' title='bbox 2085 2114 2409 2178; x_wconf 82' lang='lat' dir='ltr'><strong>exaudiunt,</strong></span> <span class='ocrx_word' id='word_1_303' title='bbox 2448 2114 2569 2182; x_wconf 83' lang='lat' dir='ltr'><strong>ejus</strong></span> <span class='ocrx_word' id='word_1_304' title='bbox 2606 2112 2767 2169; x_wconf 84' lang='lat' dir='ltr'><strong>ﬂetus</strong></span> <span class='ocrx_word' id='word_1_305' title='bbox 2807 2128 2918 2168; x_wconf 91' lang='lat' dir='ltr'><strong>non</strong></span> <span class='ocrx_word' id='word_1_306' title='bbox 2965 2115 3268 2184; x_wconf 83' lang='lat' dir='ltr'><strong>aspernati,</strong></span> <span class='ocrx_word' id='word_1_307' title='bbox 3327 2125 3381 2170; x_wconf 92' lang='lat' dir='ltr'><strong>et</strong></span> <span class='ocrx_word' id='word_1_308' title='bbox 3433 2132 3662 2186; x_wconf 83' lang='lat' dir='ltr'><strong>puerqu</strong></span> 
     </span>
    </p>
   </div>
   <div class='ocr_carea' id='block_1_42' title="bbox 413 2204 2000 2287">
    <p class='ocr_par' dir='ltr' id='par_1_42' title="bbox 413 2213 1986 2287">
     <span class='ocr_line' id='line_1_42' title="bbox 413 2213 1986 2287; baseline -0.001 -20"><span class='ocrx_word' id='word_1_309' title='bbox 413 2232 594 2277; x_wconf 86' lang='grc' dir='ltr'>σαντο,</span> <span class='ocrx_word' id='word_1_310' title='bbox 629 2216 885 2269; x_wconf 81' lang='grc' dir='ltr'>κάκείνου</span> <span class='ocrx_word' id='word_1_311' title='bbox 929 2214 1021 2269; x_wconf 88' lang='grc' dir='ltr'><strong>τοῦ</strong></span> <span class='ocrx_word' id='word_1_312' title='bbox 1074 2213 1251 2269; x_wconf 81' lang='grc' dir='ltr'>δεινοῦ</span> <span class='ocrx_word' id='word_1_313' title='bbox 1308 2214 1662 2287; x_wconf 82' lang='grc' dir='ltr'>περιδερρέου</span> <span class='ocrx_word' id='word_1_314' title='bbox 1716 2213 1986 2285; x_wconf 84' lang='grc' dir='ltr'>λαμπρῶς</span> 
     </span>
    </p>
   </div>
   <div class='ocr_carea' id='block_1_43' title="bbox 2079 2204 3666 2287">
    <p class='ocr_par' dir='ltr' id='par_1_43' title="bbox 2087 2204 3666 2278">
     <span class='ocr_line' id='line_1_43' title="bbox 2087 2204 3666 2278; baseline 0.003 -17"><span class='ocrx_word' id='word_1_315' title='bbox 2087 2214 2447 2270; x_wconf 90' lang='lat' dir='ltr'><strong>curaverunt,</strong></span> <span class='ocrx_word' id='word_1_316' title='bbox 2473 2212 2526 2261; x_wconf 91' lang='lat' dir='ltr'><strong>et</strong></span> <span class='ocrx_word' id='word_1_317' title='bbox 2557 2221 2623 2262; x_wconf 82' lang='lat' dir='ltr'><strong>ex</strong></span> <span class='ocrx_word' id='word_1_318' title='bbox 2652 2206 2749 2259; x_wconf 85' lang='lat' dir='ltr'><strong>illa</strong></span> <span class='ocrx_word' id='word_1_319' title='bbox 2772 2204 2999 2261; x_wconf 82' lang='lat' dir='ltr'><strong>collaris</strong></span> <span class='ocrx_word' id='word_1_320' title='bbox 3016 2208 3159 2263; x_wconf 86' lang='lat' dir='ltr'><strong>cutis</strong></span> <span class='ocrx_word' id='word_1_321' title='bbox 3187 2209 3430 2278; x_wconf 87' lang='lat' dir='ltr'><strong>pernicie</strong></span> <span class='ocrx_word' id='word_1_322' title='bbox 3458 2211 3666 2266; x_wconf 88' lang='lat' dir='ltr'><strong>clarius</strong></span> 
     </span>
    </p>
   </div>
   <div class='ocr_carea' id='block_1_44' title="bbox 417 2304 2004 2378">
    <p class='ocr_par' dir='ltr' id='par_1_44' title="bbox 417 2307 813 2378">
     <span class='ocr_line' id='line_1_44' title="bbox 417 2307 813 2378; baseline 0.005 -19"><span class='ocrx_word' id='word_1_323' title='bbox 417 2307 813 2378; x_wconf 74' lang='grc' dir='ltr'>ἠλευθέρωσαν.</span> 
     </span>
    </p>
   </div>
   <div class='ocr_carea' id='block_1_45' title="bbox 783 2304 2370 2378">
    <p class='ocr_par' dir='ltr' id='par_1_45' title="bbox 783 2304 2370 2361">
     <span class='ocr_line' id='line_1_45' title="bbox 783 2304 2370 2361; baseline -0.003 -6"><span class='ocrx_word' id='word_1_324' title='bbox 783 2325 813 2361; x_wconf 72' lang='grc' dir='ltr'><strong>ρ.</strong></span> <span class='ocrx_word' id='word_1_325' title='bbox 2086 2304 2370 2352; x_wconf 77' lang='lat' dir='ltr'><strong>eriterunt.</strong></span> 
     </span>
    </p>
   </div>
   <div class='ocr_carea' id='block_1_46' title="bbox 495 2387 2082 2468">
    <p class='ocr_par' dir='ltr' id='par_1_46' title="bbox 495 2394 1988 2468">
     <span class='ocr_line' id='line_1_46' title="bbox 495 2394 1988 2468; baseline -0.001 -19"><span class='ocrx_word' id='word_1_326' title='bbox 495 2397 729 2450; x_wconf 81' lang='grc' dir='ltr'>’Δδικεῖν</span> <span class='ocrx_word' id='word_1_327' title='bbox 783 2395 844 2449; x_wconf 84' lang='grc' dir='ltr'><strong>δέ</strong></span> <span class='ocrx_word' id='word_1_328' title='bbox 894 2396 1120 2467; x_wconf 81' lang='grc' dir='ltr'>νομίζω,</span> <span class='ocrx_word' id='word_1_329' title='bbox 1174 2399 1223 2451; x_wconf 76' lang='grc' dir='ltr'><strong>εί</strong></span> <span class='ocrx_word' id='word_1_330' title='bbox 1279 2397 1352 2468; x_wconf 81' lang='grc' dir='ltr'>μὴ</span> <span class='ocrx_word' id='word_1_331' title='bbox 1396 2398 1491 2452; x_wconf 75' lang='grc' dir='ltr'>καὶ</span> <span class='ocrx_word' id='word_1_332' title='bbox 1539 2396 1638 2467; x_wconf 80' lang='grc' dir='ltr'>τῆς</span> <span class='ocrx_word' id='word_1_333' title='bbox 1692 2394 1988 2467; x_wconf 81' lang='grc' dir='ltr'>θεραπείας</span> 
     </span>
    </p>
   </div>
   <div class='ocr_carea' id='block_1_47' title="bbox 2078 2387 3665 2468">
    <p class='ocr_par' dir='ltr' id='par_1_47' title="bbox 2155 2387 3665 2456">
     <span class='ocr_line' id='line_1_47' title="bbox 2155 2387 3665 2456; baseline 0.004 -15"><span class='ocrx_word' id='word_1_334' title='bbox 2155 2387 2428 2455; x_wconf 87' lang='lat' dir='ltr'><strong>lnjustum</strong></span> <span class='ocrx_word' id='word_1_335' title='bbox 2460 2397 2645 2444; x_wconf 88' lang='lat' dir='ltr'><strong>autem</strong></span> <span class='ocrx_word' id='word_1_336' title='bbox 2667 2391 2947 2456; x_wconf 83' lang='lat' dir='ltr'><strong>existimo,</strong></span> <span class='ocrx_word' id='word_1_337' title='bbox 2976 2391 3084 2447; x_wconf 87' lang='lat' dir='ltr'><strong>nisi</strong></span> <span class='ocrx_word' id='word_1_338' title='bbox 3111 2398 3167 2446; x_wconf 89' lang='lat' dir='ltr'><strong>et</strong></span> <span class='ocrx_word' id='word_1_339' title='bbox 3196 2391 3502 2448; x_wconf 83' lang='lat' dir='ltr'><strong>curationis</strong></span> <span class='ocrx_word' id='word_1_340' title='bbox 3549 2407 3665 2447; x_wconf 90' lang='lat' dir='ltr'><strong>me-</strong></span> 
     </span>
    </p>
   </div>
   <div class='ocr_carea' id='block_1_48' title="bbox 414 2480 2001 2560">
    <p class='ocr_par' dir='ltr' id='par_1_48' title="bbox 414 2487 1988 2560">
     <span class='ocr_line' id='line_1_48' title="bbox 414 2487 1988 2560; baseline -0.001 -20"><span class='ocrx_word' id='word_1_341' title='bbox 414 2489 639 2558; x_wconf 85' lang='grc' dir='ltr'>μνήμην</span> <span class='ocrx_word' id='word_1_342' title='bbox 686 2487 1025 2559; x_wconf 85' lang='grc' dir='ltr'>ποιήσωμαι.</span> <span class='ocrx_word' id='word_1_343' title='bbox 1063 2489 1216 2540; x_wconf 76' lang='grc' dir='ltr'>Ἐπεὶ</span> <span class='ocrx_word' id='word_1_344' title='bbox 1240 2488 1348 2560; x_wconf 79' lang='grc' dir='ltr'><strong>γάρ</strong></span> <span class='ocrx_word' id='word_1_345' title='bbox 1375 2489 1467 2541; x_wconf 75' lang='grc' dir='ltr'>τὸν</span> <span class='ocrx_word' id='word_1_346' title='bbox 1490 2487 1704 2542; x_wconf 85' lang='grc' dir='ltr'>νεανίαν</span> <span class='ocrx_word' id='word_1_347' title='bbox 1732 2487 1988 2556; x_wconf 85' lang='grc' dir='ltr'>ἀνεώρων</span> 
     </span>
    </p>
   </div>
   <div class='ocr_carea' id='block_1_49' title="bbox 2077 2480 3664 2560">
    <p class='ocr_par' dir='ltr' id='par_1_49' title="bbox 2090 2480 3664 2540">
     <span class='ocr_line' id='line_1_49' title="bbox 2090 2480 3664 2540; baseline 0.004 -8"><span class='ocrx_word' id='word_1_348' title='bbox 2090 2480 2319 2533; x_wconf 85' lang='lat' dir='ltr'><strong>muriam</strong></span> <span class='ocrx_word' id='word_1_349' title='bbox 2360 2480 2648 2539; x_wconf 81' lang='lat' dir='ltr'><strong>faciamus.</strong></span> <span class='ocrx_word' id='word_1_350' title='bbox 2686 2481 2900 2539; x_wconf 89' lang='lat' dir='ltr'><strong>Etenim</strong></span> <span class='ocrx_word' id='word_1_351' title='bbox 2944 2485 3189 2540; x_wconf 88' lang='lat' dir='ltr'><strong>videntes</strong></span> <span class='ocrx_word' id='word_1_352' title='bbox 3234 2485 3486 2540; x_wconf 88' lang='lat' dir='ltr'><strong>eumdem</strong></span> <span class='ocrx_word' id='word_1_353' title='bbox 3528 2484 3664 2539; x_wconf 87' lang='lat' dir='ltr'><strong>ado-</strong></span> 
     </span>
    </p>
   </div>
   <div class='ocr_carea' id='block_1_50' title="bbox 412 2569 1999 2650">
    <p class='ocr_par' dir='ltr' id='par_1_50' title="bbox 412 2577 1988 2650">
     <span class='ocr_line' id='line_1_50' title="bbox 412 2577 1988 2650; baseline -0.002 -17"><span class='ocrx_word' id='word_1_354' title='bbox 412 2579 753 2650; x_wconf 82' lang='grc' dir='ltr'>ὐπέροφρυν,</span> <span class='ocrx_word' id='word_1_355' title='bbox 802 2580 899 2631; x_wconf 75' lang='grc' dir='ltr'>καὶ</span> <span class='ocrx_word' id='word_1_356' title='bbox 942 2578 1021 2649; x_wconf 83' lang='grc' dir='ltr'>τῷ</span> <span class='ocrx_word' id='word_1_357' title='bbox 1091 2578 1184 2632; x_wconf 87' lang='grc' dir='ltr'><strong>τοῦ</strong></span> <span class='ocrx_word' id='word_1_358' title='bbox 1232 2579 1465 2632; x_wconf 85' lang='grc' dir='ltr'>πλούτου</span> <span class='ocrx_word' id='word_1_359' title='bbox 1516 2580 1801 2649; x_wconf 76' lang='grc' dir='ltr'>φυσήματι</span> <span class='ocrx_word' id='word_1_360' title='bbox 1852 2577 1988 2648; x_wconf 83' lang='grc' dir='ltr'>πρὸς</span> 
     </span>
    </p>
   </div>
   <div class='ocr_carea' id='block_1_51' title="bbox 2075 2569 3662 2650">
    <p class='ocr_par' dir='ltr' id='par_1_51' title="bbox 2088 2569 3662 2646">
     <span class='ocr_line' id='line_1_51' title="bbox 2088 2569 3662 2646; baseline 0.003 -22"><span class='ocrx_word' id='word_1_361' title='bbox 2088 2569 2388 2627; x_wconf 88' lang='lat' dir='ltr'><strong>lesecntem</strong></span> <span class='ocrx_word' id='word_1_362' title='bbox 2419 2575 2716 2643; x_wconf 88' lang='lat' dir='ltr'><strong>supercilio</strong></span> <span class='ocrx_word' id='word_1_363' title='bbox 2743 2576 3040 2641; x_wconf 87' lang='lat' dir='ltr'><strong>elcvari,et</strong></span> <span class='ocrx_word' id='word_1_364' title='bbox 3070 2576 3371 2646; x_wconf 73' lang='lat' dir='ltr'><strong>opulentiae</strong></span> <span class='ocrx_word' id='word_1_365' title='bbox 3412 2575 3551 2630; x_wconf 82' lang='lat' dir='ltr'><strong>fastu</strong></span> <span class='ocrx_word' id='word_1_366' title='bbox 3594 2575 3662 2629; x_wconf 88' lang='lat' dir='ltr'><strong>ad</strong></span> 
     </span>
    </p>
   </div>
   <div class='ocr_carea' id='block_1_52' title="bbox 411 2662 1998 2741">
    <p class='ocr_par' dir='ltr' id='par_1_52' title="bbox 411 2668 1986 2741">
     <span class='ocr_line' id='line_1_52' title="bbox 411 2668 1986 2741; baseline -0.001 -18"><span class='ocrx_word' id='word_1_367' title='bbox 411 2668 735 2734; x_wconf 75' lang='grc' dir='ltr'>ἀλαζονείαν</span> <span class='ocrx_word' id='word_1_368' title='bbox 760 2672 1068 2741; x_wconf 85' lang='grc' dir='ltr'>αἰρόμενον,</span> <span class='ocrx_word' id='word_1_369' title='bbox 1120 2672 1180 2724; x_wconf 88' lang='grc' dir='ltr'><strong>οὐ</strong></span> <span class='ocrx_word' id='word_1_370' title='bbox 1236 2670 1502 2741; x_wconf 87' lang='grc' dir='ltr'>πρότερον</span> <span class='ocrx_word' id='word_1_371' title='bbox 1546 2670 1640 2724; x_wconf 89' lang='grc' dir='ltr'><strong>τοῦ</strong></span> <span class='ocrx_word' id='word_1_372' title='bbox 1673 2669 1986 2740; x_wconf 83' lang='grc' dir='ltr'>σωματικοῦ</span> 
     </span>
    </p>
   </div>
   <div class='ocr_carea' id='block_1_53' title="bbox 2076 2662 3663 2741">
    <p class='ocr_par' dir='ltr' id='par_1_53' title="bbox 2086 2662 3663 2737">
     <span class='ocr_line' id='line_1_53' title="bbox 2086 2662 3663 2737; baseline 0.004 -22"><span class='ocrx_word' id='word_1_373' title='bbox 2086 2662 2449 2718; x_wconf 84' lang='lat' dir='ltr'><strong>elevationem</strong></span> <span class='ocrx_word' id='word_1_374' title='bbox 2480 2664 2695 2727; x_wconf 83' lang='lat' dir='ltr'><strong>extolli,</strong></span> <span class='ocrx_word' id='word_1_375' title='bbox 2748 2681 2860 2721; x_wconf 91' lang='lat' dir='ltr'><strong>non</strong></span> <span class='ocrx_word' id='word_1_376' title='bbox 2897 2667 3052 2736; x_wconf 82' lang='lat' dir='ltr'><strong>prius</strong></span> <span class='ocrx_word' id='word_1_377' title='bbox 3086 2667 3393 2737; x_wconf 81' lang='lat' dir='ltr'><strong>corporalis</strong></span> <span class='ocrx_word' id='word_1_378' title='bbox 3432 2666 3663 2721; x_wconf 86' lang='lat' dir='ltr'><strong>cervicis</strong></span> 
     </span>
    </p>
   </div>
   <div class='ocr_carea' id='block_1_54' title="bbox 408 2752 1995 2832">
    <p class='ocr_par' dir='ltr' id='par_1_54' title="bbox 408 2760 1988 2832">
     <span class='ocr_line' id='line_1_54' title="bbox 408 2760 1988 2832; baseline 0.001 -18"><span class='ocrx_word' id='word_1_379' title='bbox 408 2760 654 2824; x_wconf 78' lang='grc' dir='ltr'>τένοντος</span> <span class='ocrx_word' id='word_1_380' title='bbox 678 2762 777 2825; x_wconf 82' lang='grc' dir='ltr'>τὰς</span> <span class='ocrx_word' id='word_1_381' title='bbox 808 2761 1043 2832; x_wconf 84' lang='grc' dir='ltr'>οἰδήσεις</span> <span class='ocrx_word' id='word_1_382' title='bbox 1075 2761 1452 2827; x_wconf 83' lang='grc' dir='ltr'>κατέπαυσαν,</span> <span class='ocrx_word' id='word_1_383' title='bbox 1484 2763 1533 2814; x_wconf 89' lang='grc' dir='ltr'><strong>εί</strong></span> <span class='ocrx_word' id='word_1_384' title='bbox 1563 2762 1638 2831; x_wconf 82' lang='grc' dir='ltr'>μὴ</span> <span class='ocrx_word' id='word_1_385' title='bbox 1684 2765 1782 2831; x_wconf 84' lang='grc' dir='ltr'>τῆς</span> <span class='ocrx_word' id='word_1_386' title='bbox 1806 2761 1988 2831; x_wconf 79' lang='grc' dir='ltr'>ψυχῆς</span> 
     </span>
    </p>
   </div>
   <div class='ocr_carea' id='block_1_55' title="bbox 2076 2752 3663 2832">
    <p class='ocr_par' dir='ltr' id='par_1_55' title="bbox 2093 2752 3663 2826">
     <span class='ocr_line' id='line_1_55' title="bbox 2093 2752 3663 2826; baseline 0.003 -22"><span class='ocrx_word' id='word_1_387' title='bbox 2093 2760 2341 2807; x_wconf 85' lang='lat' dir='ltr'><strong>tumores</strong></span> <span class='ocrx_word' id='word_1_388' title='bbox 2365 2752 2719 2819; x_wconf 87' lang='lat' dir='ltr'><strong>sedaverunt,</strong></span> <span class='ocrx_word' id='word_1_389' title='bbox 2753 2771 2918 2825; x_wconf 87' lang='lat' dir='ltr'><strong>quam</strong></span> <span class='ocrx_word' id='word_1_390' title='bbox 2946 2758 3142 2812; x_wconf 70' lang='lat' dir='ltr'><strong>animae</strong></span> <span class='ocrx_word' id='word_1_391' title='bbox 3161 2757 3482 2826; x_wconf 75' lang='lat' dir='ltr'><strong>jnctantiam</strong></span> <span class='ocrx_word' id='word_1_392' title='bbox 3500 2771 3663 2810; x_wconf 86' lang='lat' dir='ltr'><strong>cura-</strong></span> 
     </span>
    </p>
   </div>
   <div class='ocr_carea' id='block_1_56' title="bbox 411 2842 1998 2925">
    <p class='ocr_par' dir='ltr' id='par_1_56' title="bbox 411 2852 1989 2925">
     <span class='ocr_line' id='line_1_56' title="bbox 411 2852 1989 2925; baseline -0.001 -20"><span class='ocrx_word' id='word_1_393' title='bbox 411 2853 512 2923; x_wconf 85' lang='grc' dir='ltr'>τὴν</span> <span class='ocrx_word' id='word_1_394' title='bbox 543 2854 857 2924; x_wconf 84' lang='grc' dir='ltr'>φλεγμονὴν</span> <span class='ocrx_word' id='word_1_395' title='bbox 909 2855 1321 2924; x_wconf 72' lang='grc' dir='ltr'>ἐθεράπευσαψ</span> <span class='ocrx_word' id='word_1_396' title='bbox 1367 2853 1539 2906; x_wconf 82' lang='grc' dir='ltr'>πλείω</span> <span class='ocrx_word' id='word_1_397' title='bbox 1568 2853 1678 2925; x_wconf 84' lang='grc' dir='ltr'><strong>γάρ</strong></span> <span class='ocrx_word' id='word_1_398' title='bbox 1729 2853 1832 2922; x_wconf 80' lang='grc' dir='ltr'>τῆς</span> <span class='ocrx_word' id='word_1_399' title='bbox 1879 2852 1989 2905; x_wconf 89' lang='grc' dir='ltr'><strong>τῶν</strong></span> 
     </span>
    </p>
   </div>
   <div class='ocr_carea' id='block_1_57' title="bbox 2079 2842 3666 2925">
    <p class='ocr_par' dir='ltr' id='par_1_57' title="bbox 2089 2842 3666 2917">
     <span class='ocr_line' id='line_1_57' title="bbox 2089 2842 3666 2917; baseline 0.004 -22"><span class='ocrx_word' id='word_1_400' title='bbox 2089 2843 2326 2897; x_wconf 88' lang='lat' dir='ltr'><strong>vissent.</strong></span> <span class='ocrx_word' id='word_1_401' title='bbox 2357 2842 2493 2900; x_wconf 86' lang='lat' dir='ltr'><strong>Plus</strong></span> <span class='ocrx_word' id='word_1_402' title='bbox 2529 2846 2672 2900; x_wconf 80' lang='lat' dir='ltr'><strong>enim</strong></span> <span class='ocrx_word' id='word_1_403' title='bbox 2700 2848 2880 2902; x_wconf 85' lang='lat' dir='ltr'><strong>salute</strong></span> <span class='ocrx_word' id='word_1_404' title='bbox 2903 2850 3154 2917; x_wconf 87' lang='lat' dir='ltr'><strong>corporis</strong></span> <span class='ocrx_word' id='word_1_405' title='bbox 3177 2849 3483 2902; x_wconf 85' lang='lat' dir='ltr'><strong>animarum</strong></span> <span class='ocrx_word' id='word_1_406' title='bbox 3527 2847 3666 2901; x_wconf 89' lang='lat' dir='ltr'><strong>inte-</strong></span> 
     </span>
    </p>
   </div>
   <div class='ocr_carea' id='block_1_58' title="bbox 411 2934 1998 3015">
    <p class='ocr_par' dir='ltr' id='par_1_58' title="bbox 411 2942 1987 3015">
     <span class='ocr_line' id='line_1_58' title="bbox 411 2942 1987 3015; baseline 0 -20"><span class='ocrx_word' id='word_1_407' title='bbox 411 2944 599 3015; x_wconf 75' lang='grc' dir='ltr'>ψυχῶν</span> <span class='ocrx_word' id='word_1_408' title='bbox 636 2944 833 3008; x_wconf 88' lang='grc' dir='ltr'>ἰάσεως</span> <span class='ocrx_word' id='word_1_409' title='bbox 865 2946 958 2999; x_wconf 69' lang='grc' dir='ltr'>καὶ</span> <span class='ocrx_word' id='word_1_410' title='bbox 986 2945 1257 3008; x_wconf 77' lang='grc' dir='ltr'>ἀπαθείας</span> <span class='ocrx_word' id='word_1_411' title='bbox 1285 2945 1690 3015; x_wconf 74' lang='grc' dir='ltr'>φροντίζουσιν.</span> <span class='ocrx_word' id='word_1_412' title='bbox 1740 2944 1845 2997; x_wconf 82' lang='grc' dir='ltr'><strong>Τὸν</strong></span> <span class='ocrx_word' id='word_1_413' title='bbox 1894 2942 1987 2996; x_wconf 86' lang='grc' dir='ltr'><strong>οὐν</strong></span> 
     </span>
    </p>
   </div>
   <div class='ocr_carea' id='block_1_59' title="bbox 2078 2934 3665 3015">
    <p class='ocr_par' dir='ltr' id='par_1_59' title="bbox 2091 2934 3665 3011">
     <span class='ocr_line' id='line_1_59' title="bbox 2091 2934 3665 3011; baseline 0.004 -25"><span class='ocrx_word' id='word_1_414' title='bbox 2091 2934 2347 3003; x_wconf 80' lang='lat' dir='ltr'><strong>gritatem</strong></span> <span class='ocrx_word' id='word_1_415' title='bbox 2400 2936 2734 2994; x_wconf 85' lang='lat' dir='ltr'><strong>desiderant.</strong></span> <span class='ocrx_word' id='word_1_416' title='bbox 2794 2939 3150 2996; x_wconf 86' lang='lat' dir='ltr'><strong>Ammonium</strong></span> <span class='ocrx_word' id='word_1_417' title='bbox 3216 2956 3350 3011; x_wconf 84' lang='lat' dir='ltr'><strong>ergo</strong></span> <span class='ocrx_word' id='word_1_418' title='bbox 3392 2951 3447 2995; x_wconf 88' lang='lat' dir='ltr'><strong>et</strong></span> <span class='ocrx_word' id='word_1_419' title='bbox 3482 2941 3665 2993; x_wconf 83' lang='lat' dir='ltr'><strong>anima</strong></span> 
     </span>
    </p>
   </div>
   <div class='ocr_carea' id='block_1_60' title="bbox 408 3032 1995 3107">
    <p class='ocr_par' dir='ltr' id='par_1_60' title="bbox 408 3032 1987 3107">
     <span class='ocr_line' id='line_1_60' title="bbox 408 3032 1987 3107; baseline -0.004 -17"><span class='ocrx_word' id='word_1_420' title='bbox 408 3036 731 3107; x_wconf 74' lang='grc' dir='ltr'>Ἀμμώνιον</span> <span class='ocrx_word' id='word_1_421' title='bbox 751 3036 897 3106; x_wconf 69' lang='grc' dir='ltr'>ψυχῇ</span> <span class='ocrx_word' id='word_1_422' title='bbox 919 3036 1176 3089; x_wconf 86' lang='grc' dir='ltr'>νοσοῦντα</span> <span class='ocrx_word' id='word_1_423' title='bbox 1206 3036 1302 3089; x_wconf 75' lang='grc' dir='ltr'>καὶ</span> <span class='ocrx_word' id='word_1_424' title='bbox 1332 3035 1543 3106; x_wconf 87' lang='grc' dir='ltr'>σώματι</span> <span class='ocrx_word' id='word_1_425' title='bbox 1566 3033 1872 3104; x_wconf 85' lang='grc' dir='ltr'>βλέποντες,</span> <span class='ocrx_word' id='word_1_426' title='bbox 1892 3032 1987 3084; x_wconf 80' lang='grc' dir='ltr'>καὶ</span> 
     </span>
    </p>
   </div>
   <div class='ocr_carea' id='block_1_61' title="bbox 2080 3032 3667 3107">
    <p class='ocr_par' dir='ltr' id='par_1_61' title="bbox 2089 3032 3667 3104">
     <span class='ocr_line' id='line_1_61' title="bbox 2089 3032 3667 3104; baseline 0.003 -20"><span class='ocrx_word' id='word_1_427' title='bbox 2089 3039 2444 3100; x_wconf 68' lang='lat' dir='ltr'><strong>aegrotantem</strong></span> <span class='ocrx_word' id='word_1_428' title='bbox 2474 3032 2722 3089; x_wconf 82' lang='lat' dir='ltr'><strong>videntes</strong></span> <span class='ocrx_word' id='word_1_429' title='bbox 2754 3041 2810 3088; x_wconf 90' lang='lat' dir='ltr'><strong>et</strong></span> <span class='ocrx_word' id='word_1_430' title='bbox 2839 3049 3093 3103; x_wconf 87' lang='lat' dir='ltr'><strong>corpore,</strong></span> <span class='ocrx_word' id='word_1_431' title='bbox 3119 3045 3175 3090; x_wconf 91' lang='lat' dir='ltr'><strong>et</strong></span> <span class='ocrx_word' id='word_1_432' title='bbox 3198 3042 3432 3104; x_wconf 85' lang='lat' dir='ltr'><strong>utraque</strong></span> <span class='ocrx_word' id='word_1_433' title='bbox 3451 3033 3667 3088; x_wconf 85' lang='lat' dir='ltr'><strong>cervice</strong></span> 
     </span>
    </p>
   </div>
   <div class='ocr_carea' id='block_1_62' title="bbox 412 3089 1999 3197">
    <p class='ocr_par' dir='ltr' id='par_1_62' title="bbox 412 3089 1985 3197">
     <span class='ocr_line' id='line_1_62' title="bbox 436 3089 1871 3107; baseline -0.01 3"><span class='ocrx_word' id='word_1_434' title='bbox 436 3089 444 3090; x_wconf 43' lang='grc' dir='ltr'><strong>ί</strong></span> <span class='ocrx_word' id='word_1_435' title='bbox 486 3089 498 3107; x_wconf 86' lang='grc' dir='ltr'><strong>ι</strong></span> <span class='ocrx_word' id='word_1_436' title='bbox 531 3089 544 3107; x_wconf 78' lang='grc' dir='ltr'><strong>ι</strong></span> <span class='ocrx_word' id='word_1_437' title='bbox 658 3089 663 3090; x_wconf 48' lang='grc' dir='ltr'><em>ν</em></span> <span class='ocrx_word' id='word_1_438' title='bbox 765 3089 777 3106; x_wconf 78' lang='grc' dir='ltr'><strong>ο</strong></span> <span class='ocrx_word' id='word_1_439' title='bbox 830 3089 897 3106; x_wconf 76' lang='lat' dir='ltr'><strong>nu</strong></span> <span class='ocrx_word' id='word_1_440' title='bbox 1414 3089 1426 3106; x_wconf 76' lang='grc' dir='ltr'>ι</span> <span class='ocrx_word' id='word_1_441' title='bbox 1566 3089 1577 3104; x_wconf 78' lang='grc' dir='ltr'><strong>ι</strong></span> <span class='ocrx_word' id='word_1_442' title='bbox 1834 3089 1871 3096; x_wconf 87' lang='grc'><strong>-,</strong></span> 
     </span>
     <span class='ocr_line' id='line_1_63' title="bbox 412 3122 1985 3197; baseline -0.003 -18"><span class='ocrx_word' id='word_1_443' title='bbox 412 3129 539 3188; x_wconf 83' lang='grc' dir='ltr'><strong>τούς</strong></span> <span class='ocrx_word' id='word_1_444' title='bbox 562 3126 837 3197; x_wconf 74' lang='grc' dir='ltr'>ἑκατέρων</span> <span class='ocrx_word' id='word_1_445' title='bbox 855 3126 1089 3196; x_wconf 81' lang='grc' dir='ltr'>αὐχένας</span> <span class='ocrx_word' id='word_1_446' title='bbox 1130 3126 1316 3189; x_wconf 86' lang='grc' dir='ltr'>κακῶς</span> <span class='ocrx_word' id='word_1_447' title='bbox 1338 3125 1697 3195; x_wconf 84' lang='grc' dir='ltr'>διακείμενον,</span> <span class='ocrx_word' id='word_1_448' title='bbox 1719 3122 1862 3177; x_wconf 80' lang='grc' dir='ltr'>οὕτω</span> <span class='ocrx_word' id='word_1_449' title='bbox 1889 3122 1985 3193; x_wconf 81' lang='grc' dir='ltr'>τῆς</span> 
     </span>
    </p>
   </div>
   <div class='ocr_carea' id='block_1_63' title="bbox 2081 3089 3668 3197">
    <p class='ocr_par' dir='ltr' id='par_1_63' title="bbox 2092 3123 3668 3196">
     <span class='ocr_line' id='line_1_64' title="bbox 2092 3123 3668 3196; baseline 0.002 -21"><span class='ocrx_word' id='word_1_450' title='bbox 2092 3123 2329 3192; x_wconf 87' lang='lat' dir='ltr'><strong>pessime</strong></span> <span class='ocrx_word' id='word_1_451' title='bbox 2358 3124 2741 3191; x_wconf 89' lang='lat' dir='ltr'><strong>constitutum,</strong></span> <span class='ocrx_word' id='word_1_452' title='bbox 2770 3123 2876 3180; x_wconf 89' lang='lat' dir='ltr'><strong>hoc</strong></span> <span class='ocrx_word' id='word_1_453' title='bbox 2913 3125 3076 3180; x_wconf 87' lang='lat' dir='ltr'><strong>modo</strong></span> <span class='ocrx_word' id='word_1_454' title='bbox 3105 3141 3230 3180; x_wconf 87' lang='lat' dir='ltr'><strong>eum</strong></span> <span class='ocrx_word' id='word_1_455' title='bbox 3262 3140 3461 3180; x_wconf 88' lang='lat' dir='ltr'><strong>curare</strong></span> <span class='ocrx_word' id='word_1_456' title='bbox 3483 3125 3668 3196; x_wconf 85' lang='lat' dir='ltr'><strong>digna-</strong></span> 
     </span>
    </p>
   </div>
   <div class='ocr_carea' id='block_1_64' title="bbox 407 3214 1994 3288">
    <p class='ocr_par' dir='ltr' id='par_1_64' title="bbox 407 3214 1986 3288">
     <span class='ocr_line' id='line_1_65' title="bbox 407 3214 1986 3288; baseline -0.003 -17"><span class='ocrx_word' id='word_1_457' title='bbox 407 3217 713 3287; x_wconf 83' lang='grc' dir='ltr'>θεραπείας</span> <span class='ocrx_word' id='word_1_458' title='bbox 734 3216 971 3288; x_wconf 78' lang='grc' dir='ltr'>ἠξίωσαν</span> <span class='ocrx_word' id='word_1_459' title='bbox 985 3231 1000 3248; x_wconf 81' lang='grc'><strong><em>⁸</em></strong></span> <span class='ocrx_word' id='word_1_460' title='bbox 1022 3218 1236 3287; x_wconf 84' lang='grc' dir='ltr'>πρῶτον</span> <span class='ocrx_word' id='word_1_461' title='bbox 1255 3218 1353 3287; x_wconf 85' lang='grc' dir='ltr'>μὲν</span> <span class='ocrx_word' id='word_1_462' title='bbox 1367 3218 1435 3270; x_wconf 88' lang='grc' dir='ltr'><strong>τά</strong></span> <span class='ocrx_word' id='word_1_463' title='bbox 1450 3218 1557 3288; x_wconf 79' lang='grc' dir='ltr'>πρὸ</span> <span class='ocrx_word' id='word_1_464' title='bbox 1570 3219 1669 3287; x_wconf 83' lang='grc' dir='ltr'>τῆς</span> <span class='ocrx_word' id='word_1_465' title='bbox 1688 3214 1986 3286; x_wconf 79' lang='grc' dir='ltr'>σεϐασμίου</span> 
     </span>
    </p>
   </div>
   <div class='ocr_carea' id='block_1_65' title="bbox 2076 3214 3663 3288">
    <p class='ocr_par' dir='ltr' id='par_1_65' title="bbox 2092 3215 3663 3286">
     <span class='ocr_line' id='line_1_66' title="bbox 2092 3215 3663 3286; baseline 0.003 -19"><span class='ocrx_word' id='word_1_466' title='bbox 2092 3215 2131 3267; x_wconf 89' lang='lat' dir='ltr'><strong>ti</strong></span> <span class='ocrx_word' id='word_1_467' title='bbox 2168 3223 2337 3270; x_wconf 88' lang='lat' dir='ltr'><strong>sunt:</strong></span> <span class='ocrx_word' id='word_1_468' title='bbox 2362 3216 2604 3285; x_wconf 89' lang='lat' dir='ltr'><strong>primum</strong></span> <span class='ocrx_word' id='word_1_469' title='bbox 2644 3218 2865 3286; x_wconf 88' lang='lat' dir='ltr'><strong>quidem</strong></span> <span class='ocrx_word' id='word_1_470' title='bbox 2896 3219 3263 3274; x_wconf 87' lang='lat' dir='ltr'><strong>venerabilem</strong></span> <span class='ocrx_word' id='word_1_471' title='bbox 3303 3234 3497 3273; x_wconf 90' lang='lat' dir='ltr'><strong>eorum</strong></span> <span class='ocrx_word' id='word_1_472' title='bbox 3528 3234 3663 3273; x_wconf 88' lang='lat' dir='ltr'><strong>con-</strong></span> 
     </span>
    </p>
   </div>
   <div class='ocr_carea' id='block_1_66' title="bbox 411 3303 1998 3380">
    <p class='ocr_par' dir='ltr' id='par_1_66' title="bbox 411 3304 1989 3377">
     <span class='ocr_line' id='line_1_67' title="bbox 411 3304 1989 3377; baseline 0 -20"><span class='ocrx_word' id='word_1_473' title='bbox 411 3304 595 3358; x_wconf 90' lang='grc' dir='ltr'>αὐτῶν</span> <span class='ocrx_word' id='word_1_474' title='bbox 630 3305 790 3375; x_wconf 82' lang='grc' dir='ltr'>σοροῦ</span> <span class='ocrx_word' id='word_1_475' title='bbox 852 3305 1054 3377; x_wconf 85' lang='grc' dir='ltr'>σαροῦν</span> <span class='ocrx_word' id='word_1_476' title='bbox 1094 3308 1494 3369; x_wconf 81' lang='grc' dir='ltr'>ἐπιτάττουσιν,</span> <span class='ocrx_word' id='word_1_477' title='bbox 1522 3306 1671 3367; x_wconf 82' lang='grc' dir='ltr'>ὅπως</span> <span class='ocrx_word' id='word_1_478' title='bbox 1714 3304 1860 3375; x_wconf 81' lang='grc' dir='ltr'>μάθῃ</span> <span class='ocrx_word' id='word_1_479' title='bbox 1913 3304 1989 3374; x_wconf 85' lang='grc' dir='ltr'>μὴ</span> 
     </span>
    </p>
   </div>
   <div class='ocr_carea' id='block_1_67' title="bbox 2078 3303 3665 3380">
    <p class='ocr_par' dir='ltr' id='par_1_67' title="bbox 2092 3303 3665 3380">
     <span class='ocr_line' id='line_1_68' title="bbox 2092 3303 3665 3380; baseline 0.004 -22"><span class='ocrx_word' id='word_1_480' title='bbox 2092 3303 2389 3362; x_wconf 83' lang='lat' dir='ltr'><strong>fessionem</strong></span> <span class='ocrx_word' id='word_1_481' title='bbox 2413 3307 2776 3363; x_wconf 79' lang='lat' dir='ltr'><strong>mundilicare</strong></span> <span class='ocrx_word' id='word_1_482' title='bbox 2811 3312 2970 3367; x_wconf 89' lang='lat' dir='ltr'><strong>mand</strong></span> <span class='ocrx_word' id='word_1_483' title='bbox 2984 3320 3164 3374; x_wconf 89' lang='lat' dir='ltr'><strong>antes,</strong></span> <span class='ocrx_word' id='word_1_484' title='bbox 3187 3320 3459 3380; x_wconf 85' lang='lat' dir='ltr'><strong>quatenus</strong></span> <span class='ocrx_word' id='word_1_485' title='bbox 3484 3310 3665 3364; x_wconf 87' lang='lat' dir='ltr'><strong>disce-</strong></span> 
     </span>
    </p>
   </div>
   <div class='ocr_carea' id='block_1_68' title="bbox 415 3396 2002 3474">
    <p class='ocr_par' dir='ltr' id='par_1_68' title="bbox 415 3396 1987 3468">
     <span class='ocr_line' id='line_1_69' title="bbox 415 3396 1987 3468; baseline -0.001 -20"><span class='ocrx_word' id='word_1_486' title='bbox 415 3396 799 3468; x_wconf 87' lang='grc' dir='ltr'>ὐπερφρονεῖν,</span> <span class='ocrx_word' id='word_1_487' title='bbox 839 3397 926 3450; x_wconf 80' lang='grc' dir='ltr'>ἵνα</span> <span class='ocrx_word' id='word_1_488' title='bbox 955 3396 1043 3451; x_wconf 82' lang='grc' dir='ltr'><strong>διὰ</strong></span> <span class='ocrx_word' id='word_1_489' title='bbox 1062 3398 1164 3466; x_wconf 84' lang='grc' dir='ltr'>τῆς</span> <span class='ocrx_word' id='word_1_490' title='bbox 1212 3398 1293 3460; x_wconf 84' lang='grc' dir='ltr'><strong>είς</strong></span> <span class='ocrx_word' id='word_1_491' title='bbox 1341 3396 1410 3450; x_wconf 81' lang='grc' dir='ltr'><strong>τὰ</strong></span> <span class='ocrx_word' id='word_1_492' title='bbox 1444 3398 1594 3450; x_wconf 84' lang='grc' dir='ltr'>κάτω</span> <span class='ocrx_word' id='word_1_493' title='bbox 1641 3398 1736 3449; x_wconf 74' lang='grc' dir='ltr'>καὶ</span> <span class='ocrx_word' id='word_1_494' title='bbox 1778 3398 1857 3460; x_wconf 86' lang='grc' dir='ltr'><strong>εἰς</strong></span> <span class='ocrx_word' id='word_1_495' title='bbox 1883 3397 1987 3466; x_wconf 82' lang='grc' dir='ltr'>γῆν</span> 
     </span>
    </p>
   </div>
   <div class='ocr_carea' id='block_1_69' title="bbox 2078 3396 3665 3474">
    <p class='ocr_par' dir='ltr' id='par_1_69' title="bbox 2092 3401 3665 3474">
     <span class='ocr_line' id='line_1_70' title="bbox 2092 3401 3665 3474; baseline 0.003 -23"><span class='ocrx_word' id='word_1_496' title='bbox 2092 3407 2175 3453; x_wconf 92' lang='lat' dir='ltr'><strong>ret</strong></span> <span class='ocrx_word' id='word_1_497' title='bbox 2207 3414 2317 3454; x_wconf 89' lang='lat' dir='ltr'><strong>non</strong></span> <span class='ocrx_word' id='word_1_498' title='bbox 2369 3416 2533 3470; x_wconf 86' lang='lat' dir='ltr'><strong>super</strong></span> <span class='ocrx_word' id='word_1_499' title='bbox 2584 3417 2777 3470; x_wconf 86' lang='lat' dir='ltr'><strong>sapere</strong></span> <span class='ocrx_word' id='word_1_500' title='bbox 2832 3419 2999 3472; x_wconf 85' lang='lat' dir='ltr'><strong>quam</strong></span> <span class='ocrx_word' id='word_1_501' title='bbox 3034 3412 3251 3474; x_wconf 89' lang='lat' dir='ltr'><strong>oportet</strong></span> <span class='ocrx_word' id='word_1_502' title='bbox 3305 3417 3517 3472; x_wconf 87' lang='lat' dir='ltr'><strong>sapere,</strong></span> <span class='ocrx_word' id='word_1_503' title='bbox 3570 3401 3665 3456; x_wconf 88' lang='lat' dir='ltr'><strong>sed</strong></span> 
     </span>
    </p>
   </div>
   <div class='ocr_carea' id='block_1_70' title="bbox 411 3485 1998 3565">
    <p class='ocr_par' dir='ltr' id='par_1_70' title="bbox 411 3485 1985 3558">
     <span class='ocr_line' id='line_1_71' title="bbox 411 3485 1985 3558; baseline -0.002 -18"><span class='ocrx_word' id='word_1_504' title='bbox 411 3485 816 3552; x_wconf 81' lang='grc' dir='ltr'>κατανεύσεως,</span> <span class='ocrx_word' id='word_1_505' title='bbox 854 3487 976 3540; x_wconf 84' lang='grc' dir='ltr'>ὃθεν</span> <span class='ocrx_word' id='word_1_506' title='bbox 1016 3503 1075 3540; x_wconf 90' lang='grc' dir='ltr'><strong>τε</strong></span> <span class='ocrx_word' id='word_1_507' title='bbox 1114 3485 1323 3558; x_wconf 78' lang='grc' dir='ltr'>ἐλήφθη</span> <span class='ocrx_word' id='word_1_508' title='bbox 1349 3486 1652 3540; x_wconf 84' lang='grc' dir='ltr'>διδάσκοιτο</span> <span class='ocrx_word' id='word_1_509' title='bbox 1676 3526 1691 3551; x_wconf 88' lang='grc'><strong>,</strong></span> <span class='ocrx_word' id='word_1_510' title='bbox 1729 3486 1824 3539; x_wconf 79' lang='grc' dir='ltr'>καὶ</span> <span class='ocrx_word' id='word_1_511' title='bbox 1850 3486 1985 3538; x_wconf 84' lang='grc' dir='ltr'>ὅπου</span> 
     </span>
    </p>
   </div>
   <div class='ocr_carea' id='block_1_71' title="bbox 2080 3485 3667 3565">
    <p class='ocr_par' dir='ltr' id='par_1_71' title="bbox 2092 3490 3667 3565">
     <span class='ocr_line' id='line_1_72' title="bbox 2092 3490 3667 3565; baseline 0.001 -21"><span class='ocrx_word' id='word_1_512' title='bbox 2092 3490 2351 3548; x_wconf 75' lang='lat' dir='ltr'><strong>deorsum</strong></span> <span class='ocrx_word' id='word_1_513' title='bbox 2381 3492 2675 3548; x_wconf 84' lang='lat' dir='ltr'><strong>inclinatus</strong></span> <span class='ocrx_word' id='word_1_514' title='bbox 2701 3494 2754 3547; x_wconf 89' lang='lat' dir='ltr'><strong>in</strong></span> <span class='ocrx_word' id='word_1_515' title='bbox 2775 3502 3004 3561; x_wconf 89' lang='lat' dir='ltr'><strong>terram,</strong></span> <span class='ocrx_word' id='word_1_516' title='bbox 3030 3498 3173 3551; x_wconf 83' lang='lat' dir='ltr'><strong>unde</strong></span> <span class='ocrx_word' id='word_1_517' title='bbox 3193 3504 3447 3565; x_wconf 89' lang='lat' dir='ltr'><strong>sumptus</strong></span> <span class='ocrx_word' id='word_1_518' title='bbox 3473 3503 3579 3556; x_wconf 79' lang='lat' dir='ltr'><strong>est,</strong></span> <span class='ocrx_word' id='word_1_519' title='bbox 3611 3500 3667 3549; x_wconf 85' lang='lat' dir='ltr'><strong>et</strong></span> 
     </span>
    </p>
   </div>
   <div class='ocr_carea' id='block_1_72' title="bbox 410 3572 1997 3648">
    <p class='ocr_par' dir='ltr' id='par_1_72' title="bbox 410 3572 1987 3647">
     <span class='ocr_line' id='line_1_73' title="bbox 410 3572 1987 3647; baseline 0.001 -21"><span class='ocrx_word' id='word_1_520' title='bbox 410 3574 585 3644; x_wconf 80' lang='grc' dir='ltr'>φησὶν</span> <span class='ocrx_word' id='word_1_521' title='bbox 606 3575 636 3628; x_wconf 85' lang='grc' dir='ltr'><strong>ὁ</strong></span> <span class='ocrx_word' id='word_1_522' title='bbox 650 3574 784 3638; x_wconf 83' lang='grc' dir='ltr'>Θεὸς</span> <span class='ocrx_word' id='word_1_523' title='bbox 795 3573 874 3646; x_wconf 83' lang='grc' dir='ltr'><strong>τῷ</strong></span> <span class='ocrx_word' id='word_1_524' title='bbox 890 3576 1301 3647; x_wconf 85' lang='grc' dir='ltr'>πρωτοπλάστῳ</span> <span class='ocrx_word' id='word_1_525' title='bbox 1315 3577 1506 3647; x_wconf 71' lang='grc' dir='ltr'><strong>⁹Δδάμ·</strong></span> <span class='ocrx_word' id='word_1_526' title='bbox 1526 3593 1544 3627; x_wconf 80' lang='grc' dir='ltr'><strong>ι</strong></span> <span class='ocrx_word' id='word_1_527' title='bbox 1568 3577 1654 3629; x_wconf 82' lang='grc' dir='ltr'>Ἑν</span> <span class='ocrx_word' id='word_1_528' title='bbox 1683 3575 1867 3646; x_wconf 75' lang='grc' dir='ltr'>ἱδρῶτι</span> <span class='ocrx_word' id='word_1_529' title='bbox 1891 3572 1987 3628; x_wconf 87' lang='grc' dir='ltr'><strong>τοῦ</strong></span> 
     </span>
    </p>
   </div>
   <div class='ocr_carea' id='block_1_73' title="bbox 2080 3572 3667 3648">
    <p class='ocr_par' dir='ltr' id='par_1_73' title="bbox 2092 3580 3667 3648">
     <span class='ocr_line' id='line_1_74' title="bbox 2092 3580 3667 3648; baseline 0 -14"><span class='ocrx_word' id='word_1_530' title='bbox 2092 3580 2183 3635; x_wconf 90' lang='lat' dir='ltr'><strong>ubi</strong></span> <span class='ocrx_word' id='word_1_531' title='bbox 2210 3589 2334 3647; x_wconf 87' lang='lat' dir='ltr'><strong>post</strong></span> <span class='ocrx_word' id='word_1_532' title='bbox 2361 3582 2637 3637; x_wconf 90' lang='lat' dir='ltr'><strong>modicum</strong></span> <span class='ocrx_word' id='word_1_533' title='bbox 2661 3599 2987 3640; x_wconf 79' lang='lat' dir='ltr'><strong>reversurus</strong></span> <span class='ocrx_word' id='word_1_534' title='bbox 3035 3595 3139 3648; x_wconf 87' lang='lat' dir='ltr'><strong>est,</strong></span> <span class='ocrx_word' id='word_1_535' title='bbox 3181 3587 3491 3640; x_wconf 85' lang='lat' dir='ltr'><strong>addisceret</strong></span> <span class='ocrx_word' id='word_1_536' title='bbox 3521 3584 3667 3638; x_wconf 81' lang='lat' dir='ltr'><strong>sicut</strong></span> 
     </span>
    </p>
   </div>
   <div class='ocr_carea' id='block_1_74' title="bbox 417 3661 2004 3743">
    <p class='ocr_par' dir='ltr' id='par_1_74' title="bbox 417 3661 1989 3737">
     <span class='ocr_line' id='line_1_75' title="bbox 417 3661 1989 3737; baseline 0.004 -22"><span class='ocrx_word' id='word_1_537' title='bbox 417 3664 711 3733; x_wconf 83' lang='grc' dir='ltr'>προσώπου</span> <span class='ocrx_word' id='word_1_538' title='bbox 763 3680 857 3719; x_wconf 90' lang='grc' dir='ltr'><strong>σου</strong></span> <span class='ocrx_word' id='word_1_539' title='bbox 913 3670 1060 3737; x_wconf 79' lang='grc' dir='ltr'><strong>φαγῇ</strong></span> <span class='ocrx_word' id='word_1_540' title='bbox 1099 3667 1190 3720; x_wconf 80' lang='grc' dir='ltr'>τὸν</span> <span class='ocrx_word' id='word_1_541' title='bbox 1244 3669 1409 3731; x_wconf 78' lang='grc' dir='ltr'>ἄρτον</span> <span class='ocrx_word' id='word_1_542' title='bbox 1455 3684 1569 3732; x_wconf 90' lang='grc' dir='ltr'>σου,</span> <span class='ocrx_word' id='word_1_543' title='bbox 1615 3667 1721 3731; x_wconf 74' lang='grc' dir='ltr'>ἕως</span> <span class='ocrx_word' id='word_1_544' title='bbox 1746 3661 1811 3721; x_wconf 73' lang='grc' dir='ltr'>οὗ</span> <span class='ocrx_word' id='word_1_545' title='bbox 1848 3668 1989 3721; x_wconf 85' lang='grc' dir='ltr'>ἀπο-</span> 
     </span>
    </p>
   </div>
   <div class='ocr_carea' id='block_1_75' title="bbox 2079 3661 3666 3743">
    <p class='ocr_par' dir='ltr' id='par_1_75' title="bbox 2090 3671 3666 3743">
     <span class='ocr_line' id='line_1_76' title="bbox 2090 3671 3666 3743; baseline 0.001 -18"><span class='ocrx_word' id='word_1_546' title='bbox 2090 3674 2167 3726; x_wconf 88' lang='lat' dir='ltr'><strong>ait</strong></span> <span class='ocrx_word' id='word_1_547' title='bbox 2203 3671 2465 3728; x_wconf 84' lang='lat' dir='ltr'><strong>Dominus</strong></span> <span class='ocrx_word' id='word_1_548' title='bbox 2502 3674 2570 3728; x_wconf 86' lang='lat' dir='ltr'><strong>ad</strong></span> <span class='ocrx_word' id='word_1_549' title='bbox 2600 3674 2771 3729; x_wconf 77' lang='lat' dir='ltr'><strong>Adam</strong></span> <span class='ocrx_word' id='word_1_550' title='bbox 2805 3693 2820 3729; x_wconf 90' lang='lat'><strong>:</strong></span> <span class='ocrx_word' id='word_1_551' title='bbox 2856 3695 2874 3727; x_wconf 82' lang='grc' dir='ltr'><strong>ι</strong></span> <span class='ocrx_word' id='word_1_552' title='bbox 2905 3676 3044 3743; x_wconf 82' lang='lat' dir='ltr'><strong>Quia</strong></span> <span class='ocrx_word' id='word_1_553' title='bbox 3072 3688 3214 3730; x_wconf 84' lang='lat' dir='ltr'><strong>terra</strong></span> <span class='ocrx_word' id='word_1_554' title='bbox 3251 3693 3331 3741; x_wconf 85' lang='lat' dir='ltr'><strong>es,</strong></span> <span class='ocrx_word' id='word_1_555' title='bbox 3356 3685 3412 3728; x_wconf 87' lang='lat' dir='ltr'><strong>et</strong></span> <span class='ocrx_word' id='word_1_556' title='bbox 3461 3677 3513 3728; x_wconf 92' lang='lat' dir='ltr'><strong>in</strong></span> <span class='ocrx_word' id='word_1_557' title='bbox 3555 3682 3666 3728; x_wconf 87' lang='lat' dir='ltr'><strong>ter-</strong></span> 
     </span>
    </p>
   </div>
   <div class='ocr_carea' id='block_1_76' title="bbox 418 3753 2005 3833">
    <p class='ocr_par' dir='ltr' id='par_1_76' title="bbox 418 3753 1989 3831">
     <span class='ocr_line' id='line_1_77' title="bbox 418 3753 1989 3831; baseline 0.003 -26"><span class='ocrx_word' id='word_1_558' title='bbox 418 3754 638 3825; x_wconf 81' lang='grc' dir='ltr'>στρέψω</span> <span class='ocrx_word' id='word_1_559' title='bbox 683 3772 744 3808; x_wconf 90' lang='grc' dir='ltr'><strong>σε</strong></span> <span class='ocrx_word' id='word_1_560' title='bbox 783 3758 863 3818; x_wconf 87' lang='grc' dir='ltr'><strong>εἰς</strong></span> <span class='ocrx_word' id='word_1_561' title='bbox 900 3756 1004 3827; x_wconf 85' lang='grc' dir='ltr'><strong>γῆν</strong></span> <span class='ocrx_word' id='word_1_562' title='bbox 1039 3757 1099 3824; x_wconf 77' lang='grc' dir='ltr'>ἐξ</span> <span class='ocrx_word' id='word_1_563' title='bbox 1150 3753 1218 3831; x_wconf 86' lang='grc' dir='ltr'>ἦς</span> <span class='ocrx_word' id='word_1_564' title='bbox 1256 3758 1515 3829; x_wconf 85' lang='grc' dir='ltr'>ἐλήφθης,</span> <span class='ocrx_word' id='word_1_565' title='bbox 1544 3759 1628 3812; x_wconf 84' lang='grc' dir='ltr'>ὅτι</span> <span class='ocrx_word' id='word_1_566' title='bbox 1678 3757 1752 3828; x_wconf 80' lang='grc' dir='ltr'>γῆ</span> <span class='ocrx_word' id='word_1_567' title='bbox 1787 3753 1841 3811; x_wconf 76' lang='grc' dir='ltr'><strong>εί</strong></span> <span class='ocrx_word' id='word_1_568' title='bbox 1894 3756 1989 3811; x_wconf 77' lang='grc' dir='ltr'>καὶ</span> 
     </span>
    </p>
   </div>
   <div class='ocr_carea' id='block_1_77' title="bbox 2079 3753 3666 3833">
    <p class='ocr_par' dir='ltr' id='par_1_77' title="bbox 2087 3761 3666 3833">
     <span class='ocr_line' id='line_1_78' title="bbox 2087 3761 3666 3833; baseline 0.001 -18"><span class='ocrx_word' id='word_1_569' title='bbox 2087 3776 2206 3816; x_wconf 87' lang='lat' dir='ltr'><strong>ram</strong></span> <span class='ocrx_word' id='word_1_570' title='bbox 2240 3761 2387 3828; x_wconf 85' lang='lat' dir='ltr'><strong>ibis,</strong></span> <span class='ocrx_word' id='word_1_571' title='bbox 2437 3763 2613 3819; x_wconf 87' lang='lat' dir='ltr'><strong>donec</strong></span> <span class='ocrx_word' id='word_1_572' title='bbox 2653 3768 2994 3823; x_wconf 86' lang='lat' dir='ltr'><strong>convertaris</strong></span> <span class='ocrx_word' id='word_1_573' title='bbox 3059 3768 3114 3822; x_wconf 92' lang='lat' dir='ltr'><strong>in</strong></span> <span class='ocrx_word' id='word_1_574' title='bbox 3175 3779 3375 3821; x_wconf 85' lang='lat' dir='ltr'><strong>terram</strong></span> <span class='ocrx_word' id='word_1_575' title='bbox 3428 3766 3499 3821; x_wconf 84' lang='lat' dir='ltr'><strong>de</strong></span> <span class='ocrx_word' id='word_1_576' title='bbox 3557 3777 3666 3833; x_wconf 87' lang='lat' dir='ltr'><strong>qua</strong></span> 
     </span>
    </p>
   </div>
   <div class='ocr_carea' id='block_1_78' title="bbox 415 3845 2002 3922">
    <p class='ocr_par' dir='ltr' id='par_1_78' title="bbox 415 3845 1991 3920">
     <span class='ocr_line' id='line_1_79' title="bbox 415 3845 1991 3920; baseline 0.004 -25"><span class='ocrx_word' id='word_1_577' title='bbox 415 3845 496 3907; x_wconf 77' lang='grc' dir='ltr'><strong>είς</strong></span> <span class='ocrx_word' id='word_1_578' title='bbox 519 3845 624 3915; x_wconf 81' lang='grc' dir='ltr'>γῆν</span> <span class='ocrx_word' id='word_1_579' title='bbox 656 3845 950 3920; x_wconf 83' lang='grc' dir='ltr'>ἀπελεύσῃ.</span> <span class='ocrx_word' id='word_1_580' title='bbox 1007 3866 1027 3899; x_wconf 75' lang='grc' dir='ltr'><strong>ι</strong></span> <span class='ocrx_word' id='word_1_581' title='bbox 1070 3848 1181 3901; x_wconf 81' lang='grc' dir='ltr'><strong>Καὶ</strong></span> <span class='ocrx_word' id='word_1_582' title='bbox 1219 3850 1355 3920; x_wconf 81' lang='grc' dir='ltr'>πρὸς</span> <span class='ocrx_word' id='word_1_583' title='bbox 1381 3849 1516 3904; x_wconf 78' lang='grc' dir='ltr'>Θεὸν</span> <span class='ocrx_word' id='word_1_584' title='bbox 1544 3850 1710 3904; x_wconf 73' lang='grc' dir='ltr'>Δαὸἰδ</span> <span class='ocrx_word' id='word_1_585' title='bbox 1737 3851 1768 3903; x_wconf 86' lang='grc' dir='ltr'><strong>ό</strong></span> <span class='ocrx_word' id='word_1_586' title='bbox 1796 3850 1991 3904; x_wconf 77' lang='grc' dir='ltr'>θεσπέ-</span> 
     </span>
    </p>
   </div>
   <div class='ocr_carea' id='block_1_79' title="bbox 2077 3845 3664 3922">
    <p class='ocr_par' dir='ltr' id='par_1_79' title="bbox 2090 3855 3664 3922">
     <span class='ocr_line' id='line_1_80' title="bbox 2090 3855 3664 3922; baseline 0 -13"><span class='ocrx_word' id='word_1_587' title='bbox 2090 3862 2341 3922; x_wconf 84' lang='lat' dir='ltr'><strong>sumptus</strong></span> <span class='ocrx_word' id='word_1_588' title='bbox 2369 3868 2434 3909; x_wconf 85' lang='lat' dir='ltr'><strong>es</strong></span> <span class='ocrx_word' id='word_1_589' title='bbox 2453 3855 2518 3907; x_wconf 79' lang='grc'><strong>³³.</strong></span> <span class='ocrx_word' id='word_1_590' title='bbox 2550 3872 2569 3904; x_wconf 72' lang='grc' dir='ltr'><strong>ι</strong></span> <span class='ocrx_word' id='word_1_591' title='bbox 2616 3855 2677 3910; x_wconf 78' lang='lat' dir='ltr'><strong>Et</strong></span> <span class='ocrx_word' id='word_1_592' title='bbox 2699 3855 2767 3910; x_wconf 89' lang='lat' dir='ltr'><strong>ad</strong></span> <span class='ocrx_word' id='word_1_593' title='bbox 2800 3856 2968 3911; x_wconf 82' lang='lat' dir='ltr'><strong>Deum</strong></span> <span class='ocrx_word' id='word_1_594' title='bbox 3005 3856 3172 3910; x_wconf 84' lang='lat' dir='ltr'><strong>David</strong></span> <span class='ocrx_word' id='word_1_595' title='bbox 3200 3857 3463 3912; x_wconf 85' lang='lat' dir='ltr'><strong>divinitus</strong></span> <span class='ocrx_word' id='word_1_596' title='bbox 3495 3856 3664 3911; x_wconf 87' lang='lat' dir='ltr'><strong>dicit:</strong></span> 
     </span>
    </p>
   </div>
   <div class='ocr_carea' id='block_1_80' title="bbox 413 3937 2000 4014">
    <p class='ocr_par' dir='ltr' id='par_1_80' title="bbox 413 3937 1987 4012">
     <span class='ocr_line' id='line_1_81' title="bbox 413 3937 1987 4012; baseline 0.006 -24"><span class='ocrx_word' id='word_1_597' title='bbox 413 3950 531 3998; x_wconf 85' lang='grc' dir='ltr'>σιος</span> <span class='ocrx_word' id='word_1_598' title='bbox 557 3951 571 3965; x_wconf 74' lang='grc'><strong><em>⁸</em></strong></span> <span class='ocrx_word' id='word_1_599' title='bbox 603 3954 622 3987; x_wconf 77' lang='grc' dir='ltr'><strong>ι</strong></span> <span class='ocrx_word' id='word_1_600' title='bbox 674 3937 983 3992; x_wconf 85' lang='grc' dir='ltr'>Ἀντανελεῖ</span> <span class='ocrx_word' id='word_1_601' title='bbox 1034 3939 1096 3992; x_wconf 73' lang='grc' dir='ltr'><strong>τὸ</strong></span> <span class='ocrx_word' id='word_1_602' title='bbox 1136 3939 1356 4012; x_wconf 80' lang='grc' dir='ltr'>πνεῦμα</span> <span class='ocrx_word' id='word_1_603' title='bbox 1397 3941 1580 3997; x_wconf 86' lang='grc' dir='ltr'>αὐτῶν</span> <span class='ocrx_word' id='word_1_604' title='bbox 1613 3945 1710 3997; x_wconf 78' lang='grc' dir='ltr'>καὶ</span> <span class='ocrx_word' id='word_1_605' title='bbox 1769 3945 1849 4007; x_wconf 91' lang='grc' dir='ltr'><strong>είς</strong></span> <span class='ocrx_word' id='word_1_606' title='bbox 1894 3943 1987 3999; x_wconf 78' lang='grc' dir='ltr'>τὸν</span> 
     </span>
    </p>
   </div>
   <div class='ocr_carea' id='block_1_81' title="bbox 2082 3937 3669 4014">
    <p class='ocr_par' dir='ltr' id='par_1_81' title="bbox 2095 3941 3669 4014">
     <span class='ocr_line' id='line_1_82' title="bbox 2095 3941 3669 4014; baseline 0.005 -21"><span class='ocrx_word' id='word_1_607' title='bbox 2095 3959 2114 3993; x_wconf 78' lang='grc' dir='ltr'><strong>ι</strong></span> <span class='ocrx_word' id='word_1_608' title='bbox 2146 3941 2377 3997; x_wconf 78' lang='lat' dir='ltr'><strong>Auferes</strong></span> <span class='ocrx_word' id='word_1_609' title='bbox 2410 3942 2663 4011; x_wconf 88' lang='lat' dir='ltr'><strong>spiritum</strong></span> <span class='ocrx_word' id='word_1_610' title='bbox 2688 3959 2879 3998; x_wconf 91' lang='lat' dir='ltr'><strong>eorum</strong></span> <span class='ocrx_word' id='word_1_611' title='bbox 2908 3954 2963 4000; x_wconf 90' lang='lat' dir='ltr'><strong>et</strong></span> <span class='ocrx_word' id='word_1_612' title='bbox 3005 3945 3281 4009; x_wconf 81' lang='lat' dir='ltr'><strong>deficient,</strong></span> <span class='ocrx_word' id='word_1_613' title='bbox 3306 3957 3357 4002; x_wconf 91' lang='lat' dir='ltr'><strong>et</strong></span> <span class='ocrx_word' id='word_1_614' title='bbox 3387 3949 3443 4002; x_wconf 90' lang='lat' dir='ltr'><strong>in</strong></span> <span class='ocrx_word' id='word_1_615' title='bbox 3477 3946 3669 4014; x_wconf 86' lang='lat' dir='ltr'><strong>pulve-</strong></span> 
     </span>
    </p>
   </div>
   <div class='ocr_carea' id='block_1_82' title="bbox 415 4028 2002 4103">
    <p class='ocr_par' dir='ltr' id='par_1_82' title="bbox 415 4028 1811 4103">
     <span class='ocr_line' id='line_1_83' title="bbox 415 4028 1811 4103; baseline 0.006 -23"><span class='ocrx_word' id='word_1_616' title='bbox 415 4028 547 4097; x_wconf 83' lang='grc' dir='ltr'>χοῦν</span> <span class='ocrx_word' id='word_1_617' title='bbox 579 4028 760 4082; x_wconf 86' lang='grc' dir='ltr'>αὐτῶν</span> <span class='ocrx_word' id='word_1_618' title='bbox 790 4031 1227 4103; x_wconf 71' lang='grc' dir='ltr'>ἐπιστρέφουσιν.</span> <span class='ocrx_word' id='word_1_619' title='bbox 1259 4052 1278 4085; x_wconf 68' lang='grc' dir='ltr'><strong>ι</strong></span> <span class='ocrx_word' id='word_1_620' title='bbox 1799 4070 1811 4082; x_wconf 76' lang='grc' dir='ltr'><strong><em>ο</em></strong></span> 
     </span>
    </p>
   </div>
   <div class='ocr_carea' id='block_1_83' title="bbox 1382 4028 2969 4103">
    <p class='ocr_par' dir='ltr' id='par_1_83' title="bbox 1799 4041 2969 4095">
     <span class='ocr_line' id='line_1_84' title="bbox 1799 4041 2969 4095; baseline 0.003 -7"><span class='ocrx_word' id='word_1_621' title='bbox 1799 4070 1811 4082; x_wconf 86' lang='grc'><strong>.</strong></span> <span class='ocrx_word' id='word_1_622' title='bbox 2090 4050 2203 4090; x_wconf 88' lang='lat' dir='ltr'><strong>rem</strong></span> <span class='ocrx_word' id='word_1_623' title='bbox 2247 4051 2408 4091; x_wconf 86' lang='lat' dir='ltr'><strong>suum</strong></span> <span class='ocrx_word' id='word_1_624' title='bbox 2447 4046 2835 4093; x_wconf 87' lang='lat' dir='ltr'><strong>convertentur</strong></span> <span class='ocrx_word' id='word_1_625' title='bbox 2857 4041 2922 4095; x_wconf 85' lang='grc'><strong>³³.</strong></span> <span class='ocrx_word' id='word_1_626' title='bbox 2950 4059 2969 4092; x_wconf 74' lang='grc' dir='ltr'><strong>ι</strong></span> 
     </span>
    </p>
   </div>
   <div class='ocr_carea' id='block_1_84' title="bbox 499 4117 2086 4216">
    <p class='ocr_par' dir='ltr' id='par_1_84' title="bbox 499 4117 1990 4200">
     <span class='ocr_line' id='line_1_85' title="bbox 499 4117 1990 4200; baseline 0.007 -29"><span class='ocrx_word' id='word_1_627' title='bbox 499 4119 639 4171; x_wconf 80' lang='grc' dir='ltr'>Ἀλλ’</span> <span class='ocrx_word' id='word_1_628' title='bbox 666 4117 762 4174; x_wconf 83' lang='grc' dir='ltr'>οὖν</span> <span class='ocrx_word' id='word_1_629' title='bbox 787 4123 889 4192; x_wconf 85' lang='grc' dir='ltr'>τῆς</span> <span class='ocrx_word' id='word_1_630' title='bbox 913 4121 1094 4193; x_wconf 81' lang='grc' dir='ltr'>ψυχῆς</span> <span class='ocrx_word' id='word_1_631' title='bbox 1120 4123 1216 4177; x_wconf 88' lang='grc' dir='ltr'><strong>τοῦ</strong></span> <span class='ocrx_word' id='word_1_632' title='bbox 1244 4125 1366 4178; x_wconf 85' lang='grc' dir='ltr'>νέου</span> <span class='ocrx_word' id='word_1_633' title='bbox 1391 4125 1482 4178; x_wconf 77' lang='grc' dir='ltr'>τὸν</span> <span class='ocrx_word' id='word_1_634' title='bbox 1502 4127 1669 4195; x_wconf 70' lang='grc' dir='ltr'>ὄγκον</span> <span class='ocrx_word' id='word_1_635' title='bbox 1714 4129 1990 4200; x_wconf 79' lang='grc' dir='ltr'>μαράναν-</span> 
     </span>
    </p>
   </div>
   <div class='ocr_carea' id='block_1_85' title="bbox 2080 4117 3667 4216">
    <p class='ocr_par' dir='ltr' id='par_1_85' title="bbox 2164 4143 3667 4216">
     <span class='ocr_line' id='line_1_86' title="bbox 2164 4143 3667 4216; baseline 0.008 -18"><span class='ocrx_word' id='word_1_636' title='bbox 2164 4143 2246 4201; x_wconf 83' lang='lat' dir='ltr'><strong>Ita</strong></span> <span class='ocrx_word' id='word_1_637' title='bbox 2267 4161 2397 4216; x_wconf 78' lang='lat' dir='ltr'><strong>ergo</strong></span> <span class='ocrx_word' id='word_1_638' title='bbox 2428 4156 2702 4204; x_wconf 90' lang='lat' dir='ltr'><strong>tumorem</strong></span> <span class='ocrx_word' id='word_1_639' title='bbox 2730 4152 2931 4207; x_wconf 73' lang='lat' dir='ltr'><strong>anima:</strong></span> <span class='ocrx_word' id='word_1_640' title='bbox 2976 4152 3342 4211; x_wconf 87' lang='lat' dir='ltr'><strong>adolescentis</strong></span> <span class='ocrx_word' id='word_1_641' title='bbox 3382 4172 3667 4212; x_wconf 85' lang='lat' dir='ltr'><strong>maceran-</strong></span> 
     </span>
    </p>
   </div>
   <div class='ocr_carea' id='block_1_86' title="bbox 414 4210 2001 4313">
    <p class='ocr_par' dir='ltr' id='par_1_86' title="bbox 414 4210 1986 4283">
     <span class='ocr_line' id='line_1_87' title="bbox 414 4210 1986 4283; baseline 0.006 -21"><span class='ocrx_word' id='word_1_642' title='bbox 414 4225 532 4275; x_wconf 85' lang='grc' dir='ltr'>τες,</span> <span class='ocrx_word' id='word_1_643' title='bbox 569 4210 665 4263; x_wconf 76' lang='grc' dir='ltr'>καὶ</span> <span class='ocrx_word' id='word_1_644' title='bbox 692 4211 841 4274; x_wconf 84' lang='grc' dir='ltr'>ὅστις</span> <span class='ocrx_word' id='word_1_645' title='bbox 865 4211 951 4281; x_wconf 76' lang='grc' dir='ltr'>εἴη</span> <span class='ocrx_word' id='word_1_646' title='bbox 1001 4212 1194 4282; x_wconf 87' lang='grc' dir='ltr'>μαθεῖν</span> <span class='ocrx_word' id='word_1_647' title='bbox 1240 4215 1670 4283; x_wconf 77' lang='grc' dir='ltr'>ἀναγκάσαντες,</span> <span class='ocrx_word' id='word_1_648' title='bbox 1701 4218 1792 4270; x_wconf 76' lang='grc' dir='ltr'>ἐπὶ</span> <span class='ocrx_word' id='word_1_649' title='bbox 1809 4218 1869 4270; x_wconf 83' lang='grc' dir='ltr'>τὸ</span> <span class='ocrx_word' id='word_1_650' title='bbox 1892 4217 1986 4272; x_wconf 84' lang='grc' dir='ltr'><strong>τοῦ</strong></span> 
     </span>
    </p>
   </div>
   <div class='ocr_carea' id='block_1_87' title="bbox 2082 4210 3669 4313">
    <p class='ocr_par' dir='ltr' id='par_1_87' title="bbox 2090 4240 3669 4313">
     <span class='ocr_line' id='line_1_88' title="bbox 2090 4240 3669 4313; baseline 0.007 -23"><span class='ocrx_word' id='word_1_651' title='bbox 2090 4243 2193 4301; x_wconf 88' lang='lat' dir='ltr'><strong>tes,</strong></span> <span class='ocrx_word' id='word_1_652' title='bbox 2230 4244 2286 4291; x_wconf 88' lang='lat' dir='ltr'><strong>et</strong></span> <span class='ocrx_word' id='word_1_653' title='bbox 2320 4240 2445 4307; x_wconf 89' lang='lat' dir='ltr'><strong>quis</strong></span> <span class='ocrx_word' id='word_1_654' title='bbox 2481 4248 2632 4295; x_wconf 89' lang='lat' dir='ltr'><strong>esset</strong></span> <span class='ocrx_word' id='word_1_655' title='bbox 2659 4241 2946 4298; x_wconf 86' lang='lat' dir='ltr'><strong>addiscere</strong></span> <span class='ocrx_word' id='word_1_656' title='bbox 2975 4253 3340 4313; x_wconf 84' lang='lat' dir='ltr'><strong>coarctautcs,</strong></span> <span class='ocrx_word' id='word_1_657' title='bbox 3368 4250 3433 4300; x_wconf 85' lang='lat' dir='ltr'><strong>ad</strong></span> <span class='ocrx_word' id='word_1_658' title='bbox 3458 4248 3669 4303; x_wconf 87' lang='lat' dir='ltr'><strong>scrofa-</strong></span> 
     </span>
    </p>
   </div>
   <div class='ocr_carea' id='block_1_88' title="bbox 416 4304 2003 4407">
    <p class='ocr_par' dir='ltr' id='par_1_88' title="bbox 416 4304 1987 4383">
     <span class='ocr_line' id='line_1_89' title="bbox 416 4304 1987 4383; baseline 0.006 -24"><span class='ocrx_word' id='word_1_659' title='bbox 416 4304 734 4376; x_wconf 81' lang='grc' dir='ltr'>σωματικοῢ</span> <span class='ocrx_word' id='word_1_660' title='bbox 794 4305 1069 4377; x_wconf 82' lang='grc' dir='ltr'>τραχήλου</span> <span class='ocrx_word' id='word_1_661' title='bbox 1120 4308 1219 4370; x_wconf 91' lang='grc' dir='ltr'><strong>τάς</strong></span> <span class='ocrx_word' id='word_1_662' title='bbox 1265 4311 1524 4381; x_wconf 73' lang='grc' dir='ltr'>χοιράδας</span> <span class='ocrx_word' id='word_1_663' title='bbox 1573 4311 1637 4365; x_wconf 83' lang='grc' dir='ltr'><strong>τδ</strong></span> <span class='ocrx_word' id='word_1_664' title='bbox 1697 4313 1987 4383; x_wconf 81' lang='grc' dir='ltr'>φάρμακον</span> 
     </span>
    </p>
   </div>
   <div class='ocr_carea' id='block_1_89' title="bbox 2077 4304 3664 4407">
    <p class='ocr_par' dir='ltr' id='par_1_89' title="bbox 2092 4330 3664 4407">
     <span class='ocr_line' id='line_1_90' title="bbox 2092 4330 3664 4407; baseline 0.008 -27"><span class='ocrx_word' id='word_1_665' title='bbox 2092 4341 2213 4381; x_wconf 91' lang='lat' dir='ltr'><strong>rum</strong></span> <span class='ocrx_word' id='word_1_666' title='bbox 2256 4330 2593 4399; x_wconf 87' lang='lat' dir='ltr'><strong>passionem,</strong></span> <span class='ocrx_word' id='word_1_667' title='bbox 2636 4349 2760 4401; x_wconf 67' lang='lat' dir='ltr'><strong>quae</strong></span> <span class='ocrx_word' id='word_1_668' title='bbox 2811 4335 2863 4389; x_wconf 92' lang='lat' dir='ltr'><strong>in</strong></span> <span class='ocrx_word' id='word_1_669' title='bbox 2904 4350 3173 4404; x_wconf 72' lang='lat' dir='ltr'><strong>corporeo</strong></span> <span class='ocrx_word' id='word_1_670' title='bbox 3212 4348 3433 4407; x_wconf 70' lang='lat' dir='ltr'><strong>gutture</strong></span> <span class='ocrx_word' id='word_1_671' title='bbox 3466 4342 3664 4402; x_wconf 63' lang='lat' dir='ltr'><strong>fuerat.</strong></span> 
     </span>
    </p>
   </div>
   <div class='ocr_carea' id='block_1_90' title="bbox 374 4393 1961 4488">
    <p class='ocr_par' dir='ltr' id='par_1_90' title="bbox 374 4393 1957 4478">
     <span class='ocr_line' id='line_1_91' title="bbox 374 4393 1957 4478; baseline 0.008 -32"><span class='ocrx_word' id='word_1_672' title='bbox 374 4424 377 4427; x_wconf 58' lang='grc' dir='ltr'><strong>λ</strong></span> <span class='ocrx_word' id='word_1_673' title='bbox 416 4394 680 4464; x_wconf 72' lang='grc' dir='ltr'>ἔπεμπον.</span> <span class='ocrx_word' id='word_1_674' title='bbox 724 4395 894 4450; x_wconf 84' lang='grc' dir='ltr'>Τοῦτο</span> <span class='ocrx_word' id='word_1_675' title='bbox 920 4397 978 4450; x_wconf 80' lang='grc' dir='ltr'>δὲ</span> <span class='ocrx_word' id='word_1_676' title='bbox 1012 4393 1081 4469; x_wconf 78' lang='grc' dir='ltr'>ἦν</span> <span class='ocrx_word' id='word_1_677' title='bbox 1104 4399 1205 4470; x_wconf 83' lang='grc' dir='ltr'>τῆς</span> <span class='ocrx_word' id='word_1_678' title='bbox 1233 4402 1413 4456; x_wconf 86' lang='grc' dir='ltr'>αὐτῶν</span> <span class='ocrx_word' id='word_1_679' title='bbox 1443 4408 1697 4476; x_wconf 85' lang='grc' dir='ltr'>κηρωτῆς</span> <span class='ocrx_word' id='word_1_680' title='bbox 1722 4410 1754 4478; x_wconf 78' lang='grc' dir='ltr'><strong>ἡ</strong></span> <span class='ocrx_word' id='word_1_681' title='bbox 1780 4408 1957 4461; x_wconf 89' lang='grc' dir='ltr'>παναλ</span> 
     </span>
    </p>
   </div>
   <div class='ocr_carea' id='block_1_91' title="bbox 2080 4393 3667 4488">
    <p class='ocr_par' dir='ltr' id='par_1_91' title="bbox 2096 4419 3667 4488">
     <span class='ocr_line' id='line_1_92' title="bbox 2096 4419 3667 4488; baseline 0.008 -15"><span class='ocrx_word' id='word_1_682' title='bbox 2096 4419 2425 4476; x_wconf 89' lang='lat' dir='ltr'><strong>medicinam</strong></span> <span class='ocrx_word' id='word_1_683' title='bbox 2460 4425 2878 4481; x_wconf 86' lang='lat' dir='ltr'><strong>mandaverunt.</strong></span> <span class='ocrx_word' id='word_1_684' title='bbox 2904 4426 3017 4484; x_wconf 90' lang='lat' dir='ltr'><strong>lloc</strong></span> <span class='ocrx_word' id='word_1_685' title='bbox 3047 4438 3227 4484; x_wconf 86' lang='lat' dir='ltr'><strong>autem</strong></span> <span class='ocrx_word' id='word_1_686' title='bbox 3253 4433 3455 4488; x_wconf 81' lang='lat' dir='ltr'><strong>ceratis</strong></span> <span class='ocrx_word' id='word_1_687' title='bbox 3477 4449 3667 4487; x_wconf 89' lang='lat' dir='ltr'><strong>eorum</strong></span> 
     </span>
    </p>
   </div>
   <div class='ocr_carea' id='block_1_92' title="bbox 420 4485 2007 4592">
    <p class='ocr_par' dir='ltr' id='par_1_92' title="bbox 420 4485 1985 4571">
     <span class='ocr_line' id='line_1_93' title="bbox 420 4485 1985 4571; baseline 0.009 -33"><span class='ocrx_word' id='word_1_688' title='bbox 420 4485 520 4555; x_wconf 82' lang='grc' dir='ltr'>κὴς</span> <span class='ocrx_word' id='word_1_689' title='bbox 552 4486 915 4558; x_wconf 71' lang='grc' dir='ltr'>ἓμπλαστρος,</span> <span class='ocrx_word' id='word_1_690' title='bbox 951 4488 1019 4558; x_wconf 77' lang='grc' dir='ltr'>ἢν</span> <span class='ocrx_word' id='word_1_691' title='bbox 1057 4489 1210 4560; x_wconf 78' lang='grc' dir='ltr'>ἄρτῳ</span> <span class='ocrx_word' id='word_1_692' title='bbox 1250 4492 1532 4561; x_wconf 77' lang='grc' dir='ltr'>μιχθείσαν</span> <span class='ocrx_word' id='word_1_693' title='bbox 1577 4497 1877 4567; x_wconf 85' lang='grc' dir='ltr'>περιθεῖναι</span> <span class='ocrx_word' id='word_1_694' title='bbox 1907 4499 1985 4571; x_wconf 84' lang='grc' dir='ltr'><strong>τῷ</strong></span> 
     </span>
    </p>
   </div>
   <div class='ocr_carea' id='block_1_93' title="bbox 2086 4485 3673 4592">
    <p class='ocr_par' dir='ltr' id='par_1_93' title="bbox 2093 4513 3673 4592">
     <span class='ocr_line' id='line_1_94' title="bbox 2093 4513 3673 4592; baseline 0.008 -27"><span class='ocrx_word' id='word_1_695' title='bbox 2093 4513 2451 4582; x_wconf 89' lang='lat' dir='ltr'><strong>omnipotens</strong></span> <span class='ocrx_word' id='word_1_696' title='bbox 2485 4516 2843 4585; x_wconf 55' lang='lat' dir='ltr'><strong>emplastrum</strong></span> <span class='ocrx_word' id='word_1_697' title='bbox 2881 4519 3169 4590; x_wconf 79' lang='lat' dir='ltr'><strong>fuit.qund</strong></span> <span class='ocrx_word' id='word_1_698' title='bbox 3202 4539 3327 4576; x_wconf 82' lang='lat' dir='ltr'><strong>cum</strong></span> <span class='ocrx_word' id='word_1_699' title='bbox 3361 4540 3497 4592; x_wconf 77' lang='lat' dir='ltr'><strong>pauc</strong></span> <span class='ocrx_word' id='word_1_700' title='bbox 3520 4540 3673 4578; x_wconf 86' lang='lat' dir='ltr'><strong>com-</strong></span> 
     </span>
    </p>
   </div>
   <div class='ocr_carea' id='block_1_94' title="bbox 414 4576 2001 4685">
    <p class='ocr_par' dir='ltr' id='par_1_94' title="bbox 414 4576 1987 4661">
     <span class='ocr_line' id='line_1_95' title="bbox 414 4576 1987 4661; baseline 0.013 -36"><span class='ocrx_word' id='word_1_701' title='bbox 414 4576 673 4645; x_wconf 85' lang='grc' dir='ltr'>τραχήλῳ</span> <span class='ocrx_word' id='word_1_702' title='bbox 697 4577 1037 4645; x_wconf 81' lang='grc' dir='ltr'>προσέταξαν</span> <span class='ocrx_word' id='word_1_703' title='bbox 1060 4596 1074 4610; x_wconf 89' lang='grc'>·</span> <span class='ocrx_word' id='word_1_704' title='bbox 1107 4582 1200 4634; x_wconf 77' lang='grc' dir='ltr'>καὶ</span> <span class='ocrx_word' id='word_1_705' title='bbox 1228 4584 1326 4652; x_wconf 81' lang='grc' dir='ltr'>τῆς</span> <span class='ocrx_word' id='word_1_706' title='bbox 1350 4585 1460 4637; x_wconf 88' lang='grc' dir='ltr'><strong>τῶν</strong></span> <span class='ocrx_word' id='word_1_707' title='bbox 1479 4587 1652 4653; x_wconf 86' lang='grc' dir='ltr'>ἁγίων</span> <span class='ocrx_word' id='word_1_708' title='bbox 1691 4590 1987 4661; x_wconf 76' lang='grc' dir='ltr'>γενομένης</span> 
     </span>
    </p>
   </div>
   <div class='ocr_carea' id='block_1_95' title="bbox 2087 4576 3674 4685">
    <p class='ocr_par' dir='ltr' id='par_1_95' title="bbox 2094 4576 3674 4685">
     <span class='ocr_line' id='line_1_96' title="bbox 2094 4576 3674 4685; baseline 0.006 -28"><span class='ocrx_word' id='word_1_709' title='bbox 2094 4605 2319 4659; x_wconf 89' lang='lat' dir='ltr'><strong>mistqu</strong></span> <span class='ocrx_word' id='word_1_710' title='bbox 2347 4607 2554 4677; x_wconf 81' lang='lat' dir='ltr'><strong>gutturi</strong></span> <span class='ocrx_word' id='word_1_711' title='bbox 2594 4609 2714 4677; x_wconf 80' lang='lat' dir='ltr'><strong>ejus</strong></span> <span class='ocrx_word' id='word_1_712' title='bbox 2744 4610 2947 4681; x_wconf 64' lang='grc' dir='ltr'>ίιιιριιιί</span> <span class='ocrx_word' id='word_1_713' title='bbox 3004 4576 3379 4685; x_wconf 52' lang='lat' dir='ltr'><strong>praeceperunt</strong></span> <span class='ocrx_word' id='word_1_714' title='bbox 3409 4635 3423 4672; x_wconf 89' lang='lat'>:</span> <span class='ocrx_word' id='word_1_715' title='bbox 3462 4628 3674 4671; x_wconf 82' lang='lat' dir='ltr'><strong>sanctu-</strong></span> 
     </span>
    </p>
   </div>
   <div class='ocr_carea' id='block_1_96' title="bbox 418 4669 2005 4778">
    <p class='ocr_par' dir='ltr' id='par_1_96' title="bbox 418 4669 1987 4746">
     <span class='ocr_line' id='line_1_97' title="bbox 418 4669 1987 4746; baseline 0.013 -28"><span class='ocrx_word' id='word_1_716' title='bbox 418 4669 739 4731; x_wconf 85' lang='grc' dir='ltr'>κελεύσεως,</span> <span class='ocrx_word' id='word_1_717' title='bbox 771 4669 866 4723; x_wconf 84' lang='grc' dir='ltr'><strong>τοῦ</strong></span> <span class='ocrx_word' id='word_1_718' title='bbox 902 4669 1110 4736; x_wconf 85' lang='grc' dir='ltr'>πάθους</span> <span class='ocrx_word' id='word_1_719' title='bbox 1132 4673 1162 4724; x_wconf 81' lang='grc' dir='ltr'>ὁ</span> <span class='ocrx_word' id='word_1_720' title='bbox 1192 4676 1319 4737; x_wconf 86' lang='grc' dir='ltr'>παῖς</span> <span class='ocrx_word' id='word_1_721' title='bbox 1332 4676 1703 4746; x_wconf 81' lang='grc' dir='ltr'>ἀπηλλάττετο</span> <span class='ocrx_word' id='word_1_722' title='bbox 1723 4698 1737 4714; x_wconf 76' lang='grc' dir='ltr'><strong><em>ο</em></strong></span> <span class='ocrx_word' id='word_1_723' title='bbox 1765 4684 1826 4736; x_wconf 89' lang='grc' dir='ltr'><strong>οὐ</strong></span> <span class='ocrx_word' id='word_1_724' title='bbox 1855 4684 1987 4737; x_wconf 86' lang='grc' dir='ltr'>πολ-</span> 
     </span>
    </p>
   </div>
   <div class='ocr_carea' id='block_1_97' title="bbox 2199 4669 3786 4778">
    <p class='ocr_par' dir='ltr' id='par_1_97' title="bbox 2199 4697 3676 4778">
     <span class='ocr_line' id='line_1_98' title="bbox 2199 4697 3676 4778; baseline 0.009 -29"><span class='ocrx_word' id='word_1_725' title='bbox 2199 4710 2330 4765; x_wconf 80' lang='lat' dir='ltr'><strong>tqtte</strong></span> <span class='ocrx_word' id='word_1_726' title='bbox 2354 4697 2611 4766; x_wconf 79' lang='lat' dir='ltr'><strong>jussionc</strong></span> <span class='ocrx_word' id='word_1_727' title='bbox 2639 4712 2880 4770; x_wconf 77' lang='lat' dir='ltr'><strong>peracta,</strong></span> <span class='ocrx_word' id='word_1_728' title='bbox 2914 4707 2980 4758; x_wconf 86' lang='lat' dir='ltr'><strong>de</strong></span> <span class='ocrx_word' id='word_1_729' title='bbox 3006 4707 3331 4773; x_wconf 55' lang='lat' dir='ltr'><strong>a‘gritudine</strong></span> <span class='ocrx_word' id='word_1_730' title='bbox 3356 4728 3490 4778; x_wconf 81' lang='lat' dir='ltr'><strong>puer</strong></span> <span class='ocrx_word' id='word_1_731' title='bbox 3516 4729 3631 4769; x_wconf 70' lang='lat' dir='ltr'><strong>erm</strong></span> <span class='ocrx_word' id='word_1_732' title='bbox 3652 4734 3676 4749; x_wconf 84' lang='lat'><strong>-</strong></span> 
     </span>
    </p>
   </div>
   <div class='ocr_carea' id='block_1_98' title="bbox 417 4757 2004 4871">
    <p class='ocr_par' dir='ltr' id='par_1_98' title="bbox 417 4757 1987 4871">
     <span class='ocr_line' id='line_1_99' title="bbox 417 4757 1987 4871; baseline 0.013 -61"><span class='ocrx_word' id='word_1_733' title='bbox 417 4757 677 4871; x_wconf 49' lang='grc' dir='ltr'>λαῐςιγὰρ</span> <span class='ocrx_word' id='word_1_734' title='bbox 709 4764 843 4871; x_wconf 38' lang='grc' dir='ltr'>ταῖς,</span> <span class='ocrx_word' id='word_1_735' title='bbox 861 4764 1094 4834; x_wconf 82' lang='grc' dir='ltr'>ἡμέραις</span> <span class='ocrx_word' id='word_1_736' title='bbox 1143 4768 1414 4838; x_wconf 80' lang='grc' dir='ltr'>ἀντισχεῖν</span> <span class='ocrx_word' id='word_1_737' title='bbox 1456 4774 1511 4828; x_wconf 84' lang='grc' dir='ltr'>αἱ</span> <span class='ocrx_word' id='word_1_738' title='bbox 1554 4776 1803 4844; x_wconf 78' lang='grc' dir='ltr'>χοιράδες</span> <span class='ocrx_word' id='word_1_739' title='bbox 1849 4778 1987 4848; x_wconf 81' lang='grc' dir='ltr'>πρὸς</span> 
     </span>
    </p>
   </div>
   <div class='ocr_carea' id='block_1_99' title="bbox 2086 4757 3673 4871">
    <p class='ocr_par' dir='ltr' id='par_1_99' title="bbox 2097 4794 3673 4861">
     <span class='ocr_line' id='line_1_100' title="bbox 2097 4794 3673 4861; baseline 0.013 -20"><span class='ocrx_word' id='word_1_740' title='bbox 2097 4796 2191 4843; x_wconf 88' lang='lat' dir='ltr'><strong>tus</strong></span> <span class='ocrx_word' id='word_1_741' title='bbox 2223 4799 2308 4845; x_wconf 88' lang='lat' dir='ltr'><strong>est</strong></span> <span class='ocrx_word' id='word_1_742' title='bbox 2338 4809 2352 4845; x_wconf 90' lang='lat'><strong>:</strong></span> <span class='ocrx_word' id='word_1_743' title='bbox 2387 4807 2489 4846; x_wconf 86' lang='lat' dir='ltr'><strong>nec</strong></span> <span class='ocrx_word' id='word_1_744' title='bbox 2514 4794 2658 4847; x_wconf 88' lang='lat' dir='ltr'><strong>enim</strong></span> <span class='ocrx_word' id='word_1_745' title='bbox 2691 4796 2879 4849; x_wconf 89' lang='lat' dir='ltr'><strong>multis</strong></span> <span class='ocrx_word' id='word_1_746' title='bbox 2899 4797 3094 4853; x_wconf 79' lang='lat' dir='ltr'><strong>debus</strong></span> <span class='ocrx_word' id='word_1_747' title='bbox 3118 4813 3305 4855; x_wconf 76' lang='lat' dir='ltr'><strong>cmttru</strong></span> <span class='ocrx_word' id='word_1_748' title='bbox 3339 4820 3528 4858; x_wconf 81' lang='lat' dir='ltr'><strong>eorum</strong></span> <span class='ocrx_word' id='word_1_749' title='bbox 3560 4823 3673 4861; x_wconf 79' lang='lat' dir='ltr'><strong>nic-</strong></span> 
     </span>
    </p>
   </div>
   <div class='ocr_carea' id='block_1_100' title="bbox 415 4847 2002 4961">
    <p class='ocr_par' dir='ltr' id='par_1_100' title="bbox 415 4847 1985 4961">
     <span class='ocr_line' id='line_1_101' title="bbox 415 4847 1985 4961; baseline 0.016 -63"><span class='ocrx_word' id='word_1_750' title='bbox 415 4847 478 4961; x_wconf 66' lang='lat'>:6</span> <span class='ocrx_word' id='word_1_751' title='bbox 500 4848 792 4961; x_wconf 59' lang='lat' dir='ltr'><strong>(pndppaxov</strong></span> <span class='ocrx_word' id='word_1_752' title='bbox 822 4852 1068 4922; x_wconf 82' lang='grc' dir='ltr'>ίσχυσαν.</span> <span class='ocrx_word' id='word_1_753' title='bbox 1094 4855 1257 4911; x_wconf 87' lang='grc' dir='ltr'>Ὅθεν</span> <span class='ocrx_word' id='word_1_754' title='bbox 1289 4860 1628 4927; x_wconf 87' lang='grc' dir='ltr'>ἐπιτεθέντος</span> <span class='ocrx_word' id='word_1_755' title='bbox 1674 4869 1868 4933; x_wconf 86' lang='grc' dir='ltr'>αὐταῖς</span> <span class='ocrx_word' id='word_1_756' title='bbox 1891 4869 1985 4923; x_wconf 88' lang='grc' dir='ltr'><strong>τοῦ</strong></span> 
     </span>
     <span class='ocr_line' id='line_1_102' title="bbox 456 4937 1823 4961; baseline 0 0"><span class='ocrx_word' id='word_1_757' title='bbox 456 4953 514 4961; x_wconf 54' lang='grc' dir='ltr'><strong>,μ</strong></span> <span class='ocrx_word' id='word_1_758' title='bbox 559 4937 768 4961; x_wconf 72' lang='grc'><strong>,1..-----</strong></span> <span class='ocrx_word' id='word_1_759' title='bbox 822 4940 929 4961; x_wconf 57' lang='lat'><strong>-.-</strong></span> <span class='ocrx_word' id='word_1_760' title='bbox 980 4943 1104 4961; x_wconf 60' lang='lat' dir='ltr'><strong>,n.</strong></span> <span class='ocrx_word' id='word_1_761' title='bbox 1217 4946 1239 4961; x_wconf 86' lang='grc'><strong>..</strong></span> <span class='ocrx_word' id='word_1_762' title='bbox 1532 4952 1544 4961; x_wconf 92' lang='grc'>.</span> <span class='ocrx_word' id='word_1_763' title='bbox 1796 4959 1823 4961; x_wconf 79' lang='lat'><strong>__</strong></span> 
     </span>
    </p>
   </div>
   <div class='ocr_carea' id='block_1_101' title="bbox 2089 4847 3676 4961">
    <p class='ocr_par' dir='ltr' id='par_1_101' title="bbox 2099 4878 3676 4961">
     <span class='ocr_line' id='line_1_103' title="bbox 2099 4878 3676 4961; baseline 0.009 -32"><span class='ocrx_word' id='word_1_764' title='bbox 2099 4878 2341 4933; x_wconf 68' lang='lat' dir='ltr'><strong>divinam</strong></span> <span class='ocrx_word' id='word_1_765' title='bbox 2368 4881 2568 4936; x_wconf 69' lang='lat' dir='ltr'><strong>scrofa:</strong></span> <span class='ocrx_word' id='word_1_766' title='bbox 2596 4884 2855 4939; x_wconf 86' lang='lat' dir='ltr'><strong>resistere</strong></span> <span class='ocrx_word' id='word_1_767' title='bbox 2876 4887 3187 4956; x_wconf 81' lang='lat' dir='ltr'><strong>valuerunt;</strong></span> <span class='ocrx_word' id='word_1_768' title='bbox 3215 4890 3490 4959; x_wconf 83' lang='lat' dir='ltr'><strong>adjutoriu</strong></span> <span class='ocrx_word' id='word_1_769' title='bbox 3519 4895 3676 4961; x_wconf 77' lang='lat' dir='ltr'><strong>quip-</strong></span> 
     </span>
    </p>
   </div>
   <div class='ocr_carea' id='block_1_102' title="bbox 418 4933 2005 5052">
    <p class='ocr_par' dir='ltr' id='par_1_102' title="bbox 418 4933 1990 5052">
     <span class='ocr_line' id='line_1_104' title="bbox 418 4933 1990 5052; baseline 0.017 -65"><span class='ocrx_word' id='word_1_770' title='bbox 418 4933 789 5052; x_wconf 54' lang='lat' dir='ltr'><strong>poqgﬁpfzog,</strong></span> <span class='ocrx_word' id='word_1_771' title='bbox 817 4940 991 5007; x_wconf 78' lang='grc' dir='ltr'>οὕτως</span> <span class='ocrx_word' id='word_1_772' title='bbox 1016 4943 1184 5009; x_wconf 81' lang='grc' dir='ltr'>ὀξέως</span> <span class='ocrx_word' id='word_1_773' title='bbox 1205 4946 1396 5020; x_wconf 80' lang='grc' dir='ltr'>ὥσπερ</span> <span class='ocrx_word' id='word_1_774' title='bbox 1443 4952 1588 5017; x_wconf 83' lang='grc' dir='ltr'>τινὸς</span> <span class='ocrx_word' id='word_1_775' title='bbox 1638 4959 1990 5025; x_wconf 79' lang='grc' dir='ltr'>μαστίζοντος</span> 
     </span>
    </p>
   </div>
   <div class='ocr_carea' id='block_1_103' title="bbox 2088 4933 3675 5052">
    <p class='ocr_par' dir='ltr' id='par_1_103' title="bbox 2100 4933 3675 5052">
     <span class='ocr_line' id='line_1_105' title="bbox 2371 4933 3675 4961; baseline 0.007 -25"><span class='ocrx_word' id='word_1_776' title='bbox 2371 4933 2390 4935; x_wconf 77' lang='lat'>_</span> <span class='ocrx_word' id='word_1_777' title='bbox 2412 4933 2444 4935; x_wconf 21' lang='grc' dir='ltr'><strong>εν</strong></span> <span class='ocrx_word' id='word_1_778' title='bbox 2597 4933 2610 4937; x_wconf 83' lang='lat'><strong>-</strong></span> <span class='ocrx_word' id='word_1_779' title='bbox 2632 4933 2853 4939; x_wconf 73' lang='lat'><strong>--------</strong></span> <span class='ocrx_word' id='word_1_780' title='bbox 2887 4933 3187 4956; x_wconf 79' lang='lat'><strong>----_-.</strong></span> <span class='ocrx_word' id='word_1_781' title='bbox 3520 4933 3675 4961; x_wconf 70' lang='grc'><strong>.,...,,-</strong></span> 
     </span>
     <span class='ocr_line' id='line_1_106' title="bbox 2100 4971 3675 5052; baseline 0.01 -28"><span class='ocrx_word' id='word_1_782' title='bbox 2100 4984 2167 5039; x_wconf 89' lang='lat' dir='ltr'><strong>pe</strong></span> <span class='ocrx_word' id='word_1_783' title='bbox 2192 4971 2275 5026; x_wconf 89' lang='lat' dir='ltr'><strong>eis</strong></span> <span class='ocrx_word' id='word_1_784' title='bbox 2323 4975 2699 5044; x_wconf 87' lang='lat' dir='ltr'><strong>superposito,</strong></span> <span class='ocrx_word' id='word_1_785' title='bbox 2738 4976 3004 5031; x_wconf 88' lang='lat' dir='ltr'><strong>velociter</strong></span> <span class='ocrx_word' id='word_1_786' title='bbox 3060 4991 3318 5049; x_wconf 79' lang='lat' dir='ltr'><strong>tanquam</strong></span> <span class='ocrx_word' id='word_1_787' title='bbox 3371 4985 3555 5052; x_wconf 88' lang='lat' dir='ltr'><strong>aliquo</strong></span> <span class='ocrx_word' id='word_1_788' title='bbox 3581 4985 3675 5038; x_wconf 82' lang='lat' dir='ltr'><strong>lia-</strong></span> 
     </span>
    </p>
   </div>
   <div class='ocr_carea' id='block_1_104' title="bbox 419 5028 2006 5146">
    <p class='ocr_par' dir='ltr' id='par_1_104' title="bbox 419 5028 1991 5146">
     <span class='ocr_line' id='line_1_107' title="bbox 419 5028 1991 5146; baseline 0.017 -66"><span class='ocrx_word' id='word_1_789' title='bbox 419 5028 589 5146; x_wconf 60' lang='grc' dir='ltr'>αὐτάς</span> <span class='ocrx_word' id='word_1_790' title='bbox 628 5029 678 5146; x_wconf 50' lang='grc' dir='ltr'><strong>ῆι</strong></span> <span class='ocrx_word' id='word_1_791' title='bbox 695 5031 986 5098; x_wconf 86' lang='grc' dir='ltr'>διώκοντος</span> <span class='ocrx_word' id='word_1_792' title='bbox 1026 5036 1226 5105; x_wconf 75' lang='grc' dir='ltr'>ἔφυγον</span> <span class='ocrx_word' id='word_1_793' title='bbox 1255 5056 1269 5070; x_wconf 77' lang='grc' dir='ltr'><strong>ο</strong></span> <span class='ocrx_word' id='word_1_794' title='bbox 1298 5043 1392 5094; x_wconf 77' lang='grc' dir='ltr'>καὶ</span> <span class='ocrx_word' id='word_1_795' title='bbox 1434 5043 1587 5111; x_wconf 77' lang='grc' dir='ltr'>ἄφνω</span> <span class='ocrx_word' id='word_1_796' title='bbox 1629 5046 1991 5120; x_wconf 80' lang='grc' dir='ltr'>διαῤῥήξασαι</span> 
     </span>
    </p>
   </div>
   <div class='ocr_carea' id='block_1_105' title="bbox 2087 5028 3674 5146">
    <p class='ocr_par' dir='ltr' id='par_1_105' title="bbox 2099 5061 3674 5142">
     <span class='ocr_line' id='line_1_108' title="bbox 2099 5061 3674 5142; baseline 0.008 -25"><span class='ocrx_word' id='word_1_797' title='bbox 2099 5061 2345 5132; x_wconf 82' lang='lat' dir='ltr'><strong>gellante</strong></span> <span class='ocrx_word' id='word_1_798' title='bbox 2371 5079 2465 5120; x_wconf 86' lang='lat' dir='ltr'><strong>eas</strong></span> <span class='ocrx_word' id='word_1_799' title='bbox 2513 5075 2566 5120; x_wconf 93' lang='lat' dir='ltr'><strong>et</strong></span> <span class='ocrx_word' id='word_1_800' title='bbox 2610 5080 2989 5139; x_wconf 85' lang='lat' dir='ltr'><strong>persequente,</strong></span> <span class='ocrx_word' id='word_1_801' title='bbox 3044 5070 3245 5142; x_wconf 64' lang='lat' dir='ltr'><strong>fugatae</strong></span> <span class='ocrx_word' id='word_1_802' title='bbox 3272 5083 3423 5139; x_wconf 89' lang='lat' dir='ltr'><strong>sunt,</strong></span> <span class='ocrx_word' id='word_1_803' title='bbox 3461 5085 3515 5129; x_wconf 82' lang='lat' dir='ltr'><strong>et</strong></span> <span class='ocrx_word' id='word_1_804' title='bbox 3547 5092 3674 5129; x_wconf 81' lang='lat' dir='ltr'><strong>acre</strong></span> 
     </span>
    </p>
   </div>
   <div class='ocr_carea' id='block_1_106' title="bbox 329 5120 1916 5235">
    <p class='ocr_par' dir='ltr' id='par_1_106' title="bbox 329 5120 1916 5223">
     <span class='ocr_line' id='line_1_109' title="bbox 329 5120 1916 5223; baseline 0.016 -52"><span class='ocrx_word' id='word_1_805' title='bbox 329 5173 345 5182; x_wconf 74' lang='grc'><em>,</em></span> <span class='ocrx_word' id='word_1_806' title='bbox 417 5120 487 5223; x_wconf 53' lang='grc' dir='ltr'><strong>το</strong></span> <span class='ocrx_word' id='word_1_807' title='bbox 524 5124 777 5194; x_wconf 81' lang='grc' dir='ltr'>περιέχον</span> <span class='ocrx_word' id='word_1_808' title='bbox 820 5127 991 5192; x_wconf 83' lang='grc' dir='ltr'>αὐτὰς</span> <span class='ocrx_word' id='word_1_809' title='bbox 1028 5129 1123 5182; x_wconf 88' lang='grc' dir='ltr'><strong>τοῦ</strong></span> <span class='ocrx_word' id='word_1_810' title='bbox 1175 5132 1401 5202; x_wconf 84' lang='grc' dir='ltr'>αὐχένος</span> <span class='ocrx_word' id='word_1_811' title='bbox 1438 5136 1726 5208; x_wconf 87' lang='grc' dir='ltr'>δερμάτιον</span> <span class='ocrx_word' id='word_1_812' title='bbox 1767 5142 1916 5215; x_wconf 71' lang='grc' dir='ltr'>πρὺιι</span> 
     </span>
    </p>
   </div>
   <div class='ocr_carea' id='block_1_107' title="bbox 2086 5120 3673 5235">
    <p class='ocr_par' dir='ltr' id='par_1_107' title="bbox 2099 5120 3673 5235">
     <span class='ocr_line' id='line_1_110' title="bbox 2099 5120 3673 5142; baseline 0.008 -13"><span class='ocrx_word' id='word_1_813' title='bbox 2099 5120 2130 5132; x_wconf 70' lang='grc' dir='ltr'>ν</span> <span class='ocrx_word' id='word_1_814' title='bbox 2611 5120 2622 5136; x_wconf 92' lang='grc'>.</span> <span class='ocrx_word' id='word_1_815' title='bbox 2682 5120 2725 5122; x_wconf 53' lang='grc' dir='ltr'><em>η</em></span> <span class='ocrx_word' id='word_1_816' title='bbox 3044 5120 3243 5142; x_wconf 53' lang='lat' dir='ltr'><strong>wom-</strong></span> <span class='ocrx_word' id='word_1_817' title='bbox 3272 5120 3423 5139; x_wconf 65' lang='grc' dir='ltr'><strong>νπ---ι</strong></span> <span class='ocrx_word' id='word_1_818' title='bbox 3463 5120 3515 5129; x_wconf 66' lang='grc' dir='ltr'><strong><em>η</em></strong></span> <span class='ocrx_word' id='word_1_819' title='bbox 3547 5120 3673 5129; x_wconf 69' lang='grc' dir='ltr'><strong>--νη</strong></span> 
     </span>
     <span class='ocr_line' id='line_1_111' title="bbox 2100 5153 3673 5235; baseline 0.011 -32"><span class='ocrx_word' id='word_1_820' title='bbox 2100 5153 2412 5222; x_wconf 88' lang='lat' dir='ltr'><strong>aperientes</strong></span> <span class='ocrx_word' id='word_1_821' title='bbox 2468 5158 2703 5229; x_wconf 70' lang='lat' dir='ltr'><strong>cervicis</strong></span> <span class='ocrx_word' id='word_1_822' title='bbox 2745 5169 2959 5226; x_wconf 85' lang='lat' dir='ltr'><strong>cutem,</strong></span> <span class='ocrx_word' id='word_1_823' title='bbox 2997 5171 3053 5216; x_wconf 91' lang='lat' dir='ltr'><strong>et</strong></span> <span class='ocrx_word' id='word_1_824' title='bbox 3097 5180 3205 5235; x_wconf 86' lang='lat' dir='ltr'><strong>qua</strong></span> <span class='ocrx_word' id='word_1_825' title='bbox 3249 5167 3673 5221; x_wconf 79' lang='lat' dir='ltr'><strong>continebantur</strong></span> 
     </span>
    </p>
   </div>
   <div class='ocr_carea' id='block_1_108' title="bbox 418 5213 2005 5327">
    <p class='ocr_par' dir='ltr' id='par_1_108' title="bbox 418 5213 1993 5327">
     <span class='ocr_line' id='line_1_112' title="bbox 418 5213 1993 5327; baseline 0.018 -64"><span class='ocrx_word' id='word_1_826' title='bbox 418 5213 528 5327; x_wconf 60' lang='grc' dir='ltr'><strong>τῶν</strong></span> <span class='ocrx_word' id='word_1_827' title='bbox 564 5213 737 5327; x_wconf 60' lang='grc' dir='ltr'>ἁγίων</span> <span class='ocrx_word' id='word_1_828' title='bbox 768 5217 971 5273; x_wconf 71' lang='grc' dir='ltr'>ἔπεσαν</span> <span class='ocrx_word' id='word_1_829' title='bbox 1002 5223 1281 5293; x_wconf 86' lang='grc' dir='ltr'>μνήματος</span> <span class='ocrx_word' id='word_1_830' title='bbox 1306 5241 1319 5254; x_wconf 91' lang='grc'><strong>·</strong></span> <span class='ocrx_word' id='word_1_831' title='bbox 1352 5224 1614 5296; x_wconf 79' lang='grc' dir='ltr'>ἐξήκοντα</span> <span class='ocrx_word' id='word_1_832' title='bbox 1645 5231 1704 5285; x_wconf 83' lang='grc' dir='ltr'>δὲ</span> <span class='ocrx_word' id='word_1_833' title='bbox 1731 5213 1869 5305; x_wconf 84' lang='grc' dir='ltr'>ἦσαν</span> <span class='ocrx_word' id='word_1_834' title='bbox 1897 5239 1993 5291; x_wconf 70' lang='grc' dir='ltr'>καὶ</span> 
     </span>
    </p>
   </div>
   <div class='ocr_carea' id='block_1_109' title="bbox 2080 5213 3667 5327">
    <p class='ocr_par' dir='ltr' id='par_1_109' title="bbox 2100 5213 3667 5319">
     <span class='ocr_line' id='line_1_113' title="bbox 2137 5213 3665 5235; baseline 0.009 -16"><span class='ocrx_word' id='word_1_835' title='bbox 2137 5213 2153 5222; x_wconf 87' lang='grc'>.</span> <span class='ocrx_word' id='word_1_836' title='bbox 2537 5213 2556 5229; x_wconf 80' lang='lat'><strong>,</strong></span> <span class='ocrx_word' id='word_1_837' title='bbox 2947 5213 2958 5226; x_wconf 80' lang='lat'>,</span> <span class='ocrx_word' id='word_1_838' title='bbox 3005 5213 3048 5216; x_wconf 28' lang='grc' dir='ltr'>-ε</span> <span class='ocrx_word' id='word_1_839' title='bbox 3101 5213 3205 5235; x_wconf 52' lang='lat'><strong>1——</strong></span> <span class='ocrx_word' id='word_1_840' title='bbox 3253 5213 3665 5221; x_wconf 63' lang='grc' dir='ltr'><strong>π--ν--η-π---ιη</strong></span> 
     </span>
     <span class='ocr_line' id='line_1_114' title="bbox 2100 5255 3667 5319; baseline 0.015 -23"><span class='ocrx_word' id='word_1_841' title='bbox 2100 5255 2442 5315; x_wconf 86' lang='lat' dir='ltr'><strong>rumpeutes,</strong></span> <span class='ocrx_word' id='word_1_842' title='bbox 2467 5257 2595 5306; x_wconf 89' lang='lat' dir='ltr'><strong>ante</strong></span> <span class='ocrx_word' id='word_1_843' title='bbox 2619 5260 2938 5307; x_wconf 88' lang='lat' dir='ltr'><strong>sanctorum</strong></span> <span class='ocrx_word' id='word_1_844' title='bbox 2971 5257 3291 5311; x_wconf 83' lang='lat' dir='ltr'><strong>memoriam</strong></span> <span class='ocrx_word' id='word_1_845' title='bbox 3318 5259 3667 5319; x_wconf 85' lang='lat' dir='ltr'><strong>ceciderunt:</strong></span> 
     </span>
    </p>
   </div>
   <div class='ocr_carea' id='block_1_110' title="bbox 420 5304 2007 5418">
    <p class='ocr_par' dir='ltr' id='par_1_110' title="bbox 420 5304 1994 5395">
     <span class='ocr_line' id='line_1_115' title="bbox 420 5304 1994 5395; baseline 0.017 -39"><span class='ocrx_word' id='word_1_846' title='bbox 420 5304 561 5358; x_wconf 70' lang='grc' dir='ltr'>ἑπτὰ</span> <span class='ocrx_word' id='word_1_847' title='bbox 579 5306 673 5359; x_wconf 82' lang='grc' dir='ltr'>τὸν</span> <span class='ocrx_word' id='word_1_848' title='bbox 696 5306 950 5378; x_wconf 74' lang='grc' dir='ltr'>ἀριθμὸν,</span> <span class='ocrx_word' id='word_1_849' title='bbox 972 5310 1048 5375; x_wconf 81' lang='grc' dir='ltr'>ὡς</span> <span class='ocrx_word' id='word_1_850' title='bbox 1074 5312 1260 5382; x_wconf 75' lang='grc' dir='ltr'>ἔλεγον</span> <span class='ocrx_word' id='word_1_851' title='bbox 1300 5317 1470 5382; x_wconf 76' lang='grc' dir='ltr'>αὐτὰς</span> <span class='ocrx_word' id='word_1_852' title='bbox 1498 5320 1563 5371; x_wconf 74' lang='grc' dir='ltr'>οί”</span> <span class='ocrx_word' id='word_1_853' title='bbox 1594 5304 1958 5395; x_wconf 76' lang='grc' dir='ltr'>μετρήσαντες</span> <span class='ocrx_word' id='word_1_854' title='bbox 1980 5346 1994 5360; x_wconf 71' lang='grc' dir='ltr'><strong>ο</strong></span> 
     </span>
    </p>
   </div>
   <div class='ocr_carea' id='block_1_111' title="bbox 2078 5304 3665 5418">
    <p class='ocr_par' dir='ltr' id='par_1_111' title="bbox 2097 5337 3665 5418">
     <span class='ocr_line' id='line_1_116' title="bbox 2097 5337 3665 5418; baseline 0.013 -27"><span class='ocrx_word' id='word_1_855' title='bbox 2097 5337 2381 5407; x_wconf 84' lang='lat' dir='ltr'><strong>sexaginta</strong></span> <span class='ocrx_word' id='word_1_856' title='bbox 2415 5350 2470 5395; x_wconf 93' lang='lat' dir='ltr'><strong>et</strong></span> <span class='ocrx_word' id='word_1_857' title='bbox 2506 5352 2713 5414; x_wconf 88' lang='lat' dir='ltr'><strong>septem</strong></span> <span class='ocrx_word' id='word_1_858' title='bbox 2756 5361 2893 5418; x_wconf 14' lang='lat' dir='ltr'><strong>vero.</strong></span> <span class='ocrx_word' id='word_1_859' title='bbox 2920 5347 3145 5407; x_wconf 87' lang='lat' dir='ltr'><strong>fuerunt</strong></span> <span class='ocrx_word' id='word_1_860' title='bbox 3170 5368 3420 5418; x_wconf 84' lang='lat' dir='ltr'><strong>numero,</strong></span> <span class='ocrx_word' id='word_1_861' title='bbox 3457 5355 3603 5412; x_wconf 89' lang='lat' dir='ltr'><strong>sicut</strong></span> <span class='ocrx_word' id='word_1_862' title='bbox 3633 5373 3665 5412; x_wconf 84' lang='lat' dir='ltr'><strong>a</strong></span> 
     </span>
    </p>
   </div>
   <div class='ocr_carea' id='block_1_112' title="bbox 418 5396 2005 5515">
    <p class='ocr_par' dir='ltr' id='par_1_112' title="bbox 418 5396 1996 5515">
     <span class='ocr_line' id='line_1_117' title="bbox 418 5396 1996 5487; baseline 0.015 -39"><span class='ocrx_word' id='word_1_863' title='bbox 418 5396 486 5461; x_wconf 78' lang='grc' dir='ltr'><strong>ἀς</strong></span> <span class='ocrx_word' id='word_1_864' title='bbox 521 5399 571 5450; x_wconf 85' lang='grc' dir='ltr'><strong>οἰ</strong></span> <span class='ocrx_word' id='word_1_865' title='bbox 594 5399 715 5452; x_wconf 78' lang='grc' dir='ltr'>τότε</span> <span class='ocrx_word' id='word_1_866' title='bbox 743 5400 821 5469; x_wconf 83' lang='grc' dir='ltr'>τῷ</span> <span class='ocrx_word' id='word_1_867' title='bbox 843 5402 948 5470; x_wconf 79' lang='grc' dir='ltr'>νεῷ</span> <span class='ocrx_word' id='word_1_868' title='bbox 973 5405 1382 5475; x_wconf 83' lang='grc' dir='ltr'>διακονούμενοι</span> <span class='ocrx_word' id='word_1_869' title='bbox 1424 5410 1516 5462; x_wconf 63' lang='grc' dir='ltr'><strong>ἐτιί⁵</strong></span> <span class='ocrx_word' id='word_1_870' title='bbox 1557 5410 1757 5478; x_wconf 78' lang='grc' dir='ltr'>πολλὰς</span> <span class='ocrx_word' id='word_1_871' title='bbox 1780 5415 1996 5487; x_wconf 80' lang='grc' dir='ltr'>ἡμέρας</span> 
     </span>
     <span class='ocr_line' id='line_1_118' title="bbox 424 5487 1955 5515; baseline 0 0"><span class='ocrx_word' id='word_1_872' title='bbox 424 5487 669 5515; x_wconf 68' lang='grc' dir='ltr'><strong>--λ-..-π</strong></span> <span class='ocrx_word' id='word_1_873' title='bbox 714 5491 821 5515; x_wconf 61' lang='grc' dir='ltr'><strong>-.⁸⁸η.</strong></span> <span class='ocrx_word' id='word_1_874' title='bbox 881 5493 1041 5515; x_wconf 59' lang='lat'><strong>2.-,!,,,_</strong></span> <span class='ocrx_word' id='word_1_875' title='bbox 1082 5498 1105 5515; x_wconf 53' lang='grc' dir='ltr'><strong><em>Α</em></strong></span> <span class='ocrx_word' id='word_1_876' title='bbox 1135 5495 1148 5512; x_wconf 74' lang='grc' dir='ltr'><em>ο</em></span> <span class='ocrx_word' id='word_1_877' title='bbox 1182 5514 1189 5515; x_wconf 59' lang='lat'><strong><em>,</em></strong></span> <span class='ocrx_word' id='word_1_878' title='bbox 1264 5514 1267 5515; x_wconf 65' lang='lat'>,</span> <span class='ocrx_word' id='word_1_879' title='bbox 1478 5501 1496 5515; x_wconf 65' lang='grc' dir='ltr'><em>ι</em></span> <span class='ocrx_word' id='word_1_880' title='bbox 1794 5506 1805 5515; x_wconf 92' lang='grc'>.</span> <span class='ocrx_word' id='word_1_881' title='bbox 1932 5508 1955 5515; x_wconf 88' lang='grc'><strong>..</strong></span> 
     </span>
    </p>
   </div>
   <div class='ocr_carea' id='block_1_113' title="bbox 2090 5396 3677 5515">
    <p class='ocr_par' dir='ltr' id='par_1_113' title="bbox 2096 5396 3677 5515">
     <span class='ocr_line' id='line_1_119' title="bbox 2231 5396 3666 5418; baseline 0.014 -26"><span class='ocrx_word' id='word_1_882' title='bbox 2231 5396 2260 5407; x_wconf 56' lang='grc' dir='ltr'>ν</span> <span class='ocrx_word' id='word_1_883' title='bbox 2518 5396 2594 5414; x_wconf 29' lang='grc' dir='ltr'><strong>νγ</strong></span> <span class='ocrx_word' id='word_1_884' title='bbox 2769 5396 2881 5402; x_wconf 75' lang='lat'><strong>.---</strong></span> <span class='ocrx_word' id='word_1_885' title='bbox 2920 5396 3145 5407; x_wconf 66' lang='lat'><strong>---......</strong></span> <span class='ocrx_word' id='word_1_886' title='bbox 3170 5396 3420 5418; x_wconf 77' lang='lat'><strong>...........,,</strong></span> <span class='ocrx_word' id='word_1_887' title='bbox 3457 5396 3603 5412; x_wconf 62' lang='lat'><strong>......&quot;</strong></span> <span class='ocrx_word' id='word_1_888' title='bbox 3633 5396 3666 5412; x_wconf 86' lang='lat'><strong>-</strong></span> 
     </span>
     <span class='ocr_line' id='line_1_120' title="bbox 2096 5416 3677 5515; baseline 0.018 -36"><span class='ocrx_word' id='word_1_889' title='bbox 2096 5432 2514 5489; x_wconf 91' lang='lat' dir='ltr'><strong>numerantibus</strong></span> <span class='ocrx_word' id='word_1_890' title='bbox 2562 5451 2657 5492; x_wconf 89' lang='lat' dir='ltr'><strong>eas</strong></span> <span class='ocrx_word' id='word_1_891' title='bbox 2706 5416 3076 5499; x_wconf 76' lang='lat' dir='ltr'><strong>dicebantur:</strong></span> <span class='ocrx_word' id='word_1_892' title='bbox 3125 5460 3264 5515; x_wconf 88' lang='lat' dir='ltr'><strong>quas</strong></span> <span class='ocrx_word' id='word_1_893' title='bbox 3300 5447 3393 5515; x_wconf 89' lang='lat' dir='ltr'><strong>qni</strong></span> <span class='ocrx_word' id='word_1_894' title='bbox 3437 5456 3569 5508; x_wconf 88' lang='lat' dir='ltr'><strong>tunc</strong></span> <span class='ocrx_word' id='word_1_895' title='bbox 3617 5451 3677 5508; x_wconf 85' lang='lat' dir='ltr'><strong>in</strong></span> 
     </span>
    </p>
   </div>
   <div class='ocr_carea' id='block_1_114' title="bbox 422 5487 2009 5602">
    <p class='ocr_par' dir='ltr' id='par_1_114' title="bbox 422 5487 1996 5580">
     <span class='ocr_line' id='line_1_121' title="bbox 422 5487 1996 5580; baseline 0.013 -38"><span class='ocrx_word' id='word_1_896' title='bbox 422 5487 561 5559; x_wconf 58' lang='grc' dir='ltr'>πρδέ</span> <span class='ocrx_word' id='word_1_897' title='bbox 576 5489 671 5543; x_wconf 87' lang='grc' dir='ltr'><strong>τοῦ</strong></span> <span class='ocrx_word' id='word_1_898' title='bbox 714 5491 821 5545; x_wconf 88' lang='grc' dir='ltr'><strong>τῶν</strong></span> <span class='ocrx_word' id='word_1_899' title='bbox 873 5493 1043 5563; x_wconf 70' lang='grc' dir='ltr'>ἁγίων</span> <span class='ocrx_word' id='word_1_900' title='bbox 1080 5495 1339 5567; x_wconf 71' lang='grc' dir='ltr'>ῂώρησαν</span> <span class='ocrx_word' id='word_1_901' title='bbox 1397 5501 1703 5571; x_wconf 86' lang='grc' dir='ltr'>μνήματος,</span> <span class='ocrx_word' id='word_1_902' title='bbox 1756 5506 1855 5580; x_wconf 81' lang='grc' dir='ltr'>τὴν</span> <span class='ocrx_word' id='word_1_903' title='bbox 1887 5508 1996 5563; x_wconf 86' lang='grc' dir='ltr'><strong>τῶν</strong></span> 
     </span>
    </p>
   </div>
   <div class='ocr_carea' id='block_1_115' title="bbox 2089 5487 3676 5602">
    <p class='ocr_par' dir='ltr' id='par_1_115' title="bbox 2094 5487 3676 5602">
     <span class='ocr_line' id='line_1_122' title="bbox 2497 5487 3676 5515; baseline 0.014 -26"><span class='ocrx_word' id='word_1_904' title='bbox 2497 5487 2508 5489; x_wconf 37' lang='grc' dir='ltr'><em>ν</em></span> <span class='ocrx_word' id='word_1_905' title='bbox 2571 5487 2654 5492; x_wconf 49' lang='grc' dir='ltr'><strong>,η</strong></span> <span class='ocrx_word' id='word_1_906' title='bbox 2711 5487 3018 5497; x_wconf 58' lang='grc' dir='ltr'><strong>---η-...ν</strong></span> <span class='ocrx_word' id='word_1_907' title='bbox 3062 5487 3076 5499; x_wconf 91' lang='grc'><strong>.</strong></span> <span class='ocrx_word' id='word_1_908' title='bbox 3126 5487 3264 5515; x_wconf 56' lang='lat'><strong>...”...</strong></span> <span class='ocrx_word' id='word_1_909' title='bbox 3300 5487 3393 5515; x_wconf 71' lang='grc' dir='ltr'><strong>ψ..</strong></span> <span class='ocrx_word' id='word_1_910' title='bbox 3438 5487 3569 5508; x_wconf 67' lang='lat'><strong>......</strong></span> <span class='ocrx_word' id='word_1_911' title='bbox 3617 5487 3676 5508; x_wconf 89' lang='lat'><strong>...</strong></span> 
     </span>
     <span class='ocr_line' id='line_1_123' title="bbox 2094 5516 3676 5602; baseline 0.019 -31"><span class='ocrx_word' id='word_1_912' title='bbox 2094 5516 2326 5577; x_wconf 87' lang='lat' dir='ltr'><strong>basilica</strong></span> <span class='ocrx_word' id='word_1_913' title='bbox 2364 5524 2777 5597; x_wconf 85' lang='lat' dir='ltr'><strong>ministrabant,</strong></span> <span class='ocrx_word' id='word_1_914' title='bbox 2826 5548 2925 5602; x_wconf 90' lang='lat' dir='ltr'><strong>per</strong></span> <span class='ocrx_word' id='word_1_915' title='bbox 2972 5537 3175 5595; x_wconf 89' lang='lat' dir='ltr'><strong>multos</strong></span> <span class='ocrx_word' id='word_1_916' title='bbox 3212 5538 3331 5597; x_wconf 85' lang='lat' dir='ltr'><strong>dies</strong></span> <span class='ocrx_word' id='word_1_917' title='bbox 3366 5551 3493 5600; x_wconf 85' lang='lat' dir='ltr'><strong>ante</strong></span> <span class='ocrx_word' id='word_1_918' title='bbox 3541 5558 3676 5600; x_wconf 77' lang='lat' dir='ltr'><strong>san~</strong></span> 
     </span>
    </p>
   </div>
   <div class='ocr_carea' id='block_1_116' title="bbox 491 5657 1505 5740">
    <p class='ocr_par' dir='ltr' id='par_1_116' title="bbox 491 5657 1505 5740">
     <span class='ocr_line' id='line_1_124' title="bbox 491 5657 1505 5740; baseline 0.009 -15"><span class='ocrx_word' id='word_1_919' title='bbox 491 5657 534 5692; x_wconf 82' lang='lat'><strong>&quot;</strong></span> <span class='ocrx_word' id='word_1_920' title='bbox 563 5665 703 5726; x_wconf 80' lang='lat' dir='ltr'><strong>Gen.</strong></span> <span class='ocrx_word' id='word_1_921' title='bbox 738 5684 820 5737; x_wconf 86' lang='grc' dir='ltr'>ιιι,</span> <span class='ocrx_word' id='word_1_922' title='bbox 860 5670 944 5725; x_wconf 73' lang='grc' dir='ltr'>ιο.</span> <span class='ocrx_word' id='word_1_923' title='bbox 1021 5672 1064 5705; x_wconf 73' lang='grc' dir='ltr'><strong>ιε</strong></span> <span class='ocrx_word' id='word_1_924' title='bbox 1096 5673 1240 5731; x_wconf 86' lang='lat' dir='ltr'><strong>Psal.</strong></span> <span class='ocrx_word' id='word_1_925' title='bbox 1265 5682 1381 5740; x_wconf 80' lang='lat' dir='ltr'><strong>cm,</strong></span> <span class='ocrx_word' id='word_1_926' title='bbox 1413 5677 1505 5734; x_wconf 72' lang='lat'><strong>29.</strong></span> 
     </span>
    </p>
   </div>
  </div>
