4010 6208
397 277 537 343 3427

1278 276 1337 336 s.
1378 273 1795 336 sopnaouu
1827 257 2360 337 ruminans:
2410 275 2810 337 l—IIEROSOL.

3521 274 3658 341 3428

400 404 618 447 ctorum
652 385 975 444 memoriam
1011 383 1438 455 suspenderunt,
1476 385 1736 439 virtutem
1781 393 1983 455 marty-

2089 387 2379 456 μαρτύρων
2413 387 2564 454 ἰσχὺν
2590 383 3008 449 ἐνδεικνύμενοι,
3035 384 3128 438 καὶ
3152 384 3358 449 πάντας
3383 386 3663 466 κινοῦγτες

401 499 524 538 rum
548 482 1005 536 demonstrantes
1043 485 1392 544 cunctosque
1426 473 1523 528 Dei
1569 474 1875 529 excitantes
1916 475 1981 528 ad

399 573 640 627 laudem.
682 569 746 622 Et
792 568 1124 621 Ammonius
1145 566 1365 635 quidem
1403 580 1500 634 pro
1527 564 1732 634 duplici
1762 566 1980 634 agritu-

395 666 529 717 dine
551 660 827 730 duplicem
858 665 913 711 et
941 657 1210 711 medelam
1239 655 1540 725 accipiens,
1571 670 1742 710 sanus
1762 656 1984 709 restitu-

399 765 488 804 tus
514 759 597 804 est.
630 747 887 815 genitori.

474 838 601 892 Post
627 836 850 905 aliquod
884 847 1014 888 vero
1049 842 1264 902 tempus
1306 833 1508 887 iterum
1561 832 1735 886 elatus
1753 843 1831 886 est
1868 845 1984 885 scn-

395 947 482 994 su,
531 929 977 994 oblivionemque
992 924 1355 994 praecedentis
1379 924 1765 993 castigationis
1793 923 1980 975 ειη-ιιι·-

401 1038 545 1083 rens,
579 1018 855 1088 corporali
904 1032 1098 1071 rursus
1139 1015 1460 1069 infirmitate
1503 1014 1892 1082 corrumpitur,
1929 1019 1984 1064 et

401 1117 626 1167 meliora
659 1127 851 1180 sapere
885 1118 1190 1180 martyrum
1223 1107 1690 1172 castigationibus
1730 1106 1980 1160 dOcctur.

402 1206 613 1260 Etenim
649 1219 756 1257 nou
790 1201 1142 1256 mediocriter
1185 1200 1516 1262 infirmatus,
1566 1197 1985 1268 periclitabatur

397 1297 464 1350 de
514 1295 832 1358 stomacho,
892 1293 1001 1344 imo
1063 1290 1407 1343 coliceumon
1451 1287 1792 1357 Asclepiadae
1846 1287 1985 1340 hanc

398 1386 786 1455 argritudiuem
819 1387 1194 1445 vocaverunt;
1227 1388 1280 1432 et
1315 1378 1664 1434 conferentes
1691 1377 1837 1446 quod
1874 1393 1980 1431 non

396 1478 630 1543 qualitas
673 1474 940 1527 stomachi
992 1473 1351 1526 differentiam
1385 1471 1638 1525 dolorum
1685 1471 1910 1533 faceret,
1933 1480 1987 1524 et

395 1570 690 1639 ampliores
737 1567 838 1619 hos
866 1580 1025 1634 quam
1061 1566 1152 1634 qui
1215 1574 1342 1618 sunt
1386 1563 1692 1628 stomachi;
1737 1563 1986 1617 conside—

396 1667 582 1709 rantes
606 1656 774 1718 enim,
798 1655 945 1722 quod
980 1669 1084 1706 non
1110 1663 1226 1706 erat
1248 1668 1370 1706 eum
1397 1650 1600 1720 aliquid
1638 1652 1814 1706 victus
1845 1654 1988 1706 acci-

2091 477 2228 548 πρὸς
2262 479 2555 548 θεάρεστον
2582 477 2811 532 αἴνεσιν.
2837 477 2949 531 Καὶ
2989 477 3297 547 Ἀμμώνιος
3329 478 3428 548 μὲν
3458 479 3555 532 ἐπὶ
3577 480 3660 534 δι-

2089 567 2207 638 πλῷ
2239 567 2316 637 τῷ
2345 569 2611 636 νοσήματι
2637 567 2832 638 διπλῆν
2862 567 3043 620 λαϐὼν
3071 570 3163 621 καὶ
3190 568 3288 640 τὴν
3319 568 3661 642 ῖασιν,ῠγιὴς

2086 657 2418 712 ἀποδίδοται.

2160 832 2316 886 Μετά
2340 834 2532 902 χρόνον
2557 835 2615 888 δέ
2649 852 2773 889 τινα
2804 836 2966 890 πάλιν
2995 837 3254 907 ἐπαρθεὶς
3275 838 3353 908 τῷ
3371 841 3662 909 νοσήματι,

2087 925 2181 976 καὶ
2211 925 2380 996 λήθην
2410 927 2512 995 τῆς
2558 927 2938 998 προλαὸούσης
2995 930 3240 991 παιδείας
3294 931 3662 1002 κτησάμενος,

2089 1019 2378 1086 σωματικῇ
2413 1017 2575 1070 πάλιν
2597 1019 2853 1090 ἀσθενείᾳ
2874 1020 3192 1073 παιδεύεται
3219 1037 3231 1050 ·
3261 1022 3355 1074 καὶ
3379 1023 3446 1075 τὰ
3477 1027 3661 1093 κρείτ,

2084 1121 2164 1159 τω
2197 1109 2414 1177 φρονεῖν
2439 1108 2733 1180 μαρτύρων
2774 1111 3072 1180 ἐπιτιμίοις
3113 1111 3445 1166 παιδεύεται.
3478 1115 3668 1169 Ἀσθε-

2086 1197 2254 1265 νήσας
2283 1197 2393 1266 γάρ
2419 1200 2480 1252 οὐ
2539 1201 2775 1270 μετρίως
2825 1201 2916 1252 τὸν
2969 1201 3241 1270 στόμαχον
3286 1203 3620 1258 ἐκινδύνευεν
3646 1223 3661 1237 ·

2085 1285 2406 1357 κολικευμὸν
2432 1288 2488 1341 δὲ
2534 1289 2733 1358 μᾶλλον
2767 1291 3157 1360 Ἀσκληπιάδαι
3178 1293 3238 1347 τὸ
3269 1294 3440 1357 πάθος
3478 1296 3666 1348 ἐκάλε-

2087 1395 2187 1430 σαν
2213 1391 2227 1405 ·
2256 1379 2351 1431 καὶ
2385 1380 2660 1450 στομάχου
2695 1381 2938 1438 διάθεσιν
2971 1383 3034 1434 τὸ
3081 1383 3336 1452 διάφορον
3369 1386 3476 1438 τῶν
3497 1387 3660 1458 ἀλγη-

2082 1469 2249 1524 δόνων
2275 1471 2664 1542 συγκρίναντες
2689 1488 2703 1502 ·
2726 1473 2818 1524 καὶ
2853 1473 3068 1541 μείζους
3093 1473 3296 1532 ταύτας
3321 1475 3352 1545 ἢ
3376 1477 3514 1528 κατὰ
3544 1481 3664 1531 στό-

2038 1638 2040 1640 _
2089 1578 2260 1632 μαχον
2297 1561 2585 1630 βλέποντες
2615 1581 2630 1594 ·
2664 1563 2786 1617 οὔτε
2839 1567 2946 1634 γὰρ
2988 1562 3056 1636 ἦν
3105 1566 3284 1618 αὐτῶν
3311 1585 3454 1629 τινος
3492 1553 3663 1638 μετᾶ-

2085 1651 2290 1718 λαϐεῖν,
2321 1653 2350 1706 ὃ
2399 1655 2473 1724 μὴ
2506 1656 2667 1707 πάλιν
2716 1655 2992 1725 ἀνήγαγεν
3045 1657 3206 1719 εὐθὺς
3250 1657 3337 1710 διά
3375 1657 3663 1728 στόματος,

397 1746 704 1816 pere.quod
737 1761 832 1812 per
866 1759 927 1798 os
964 1760 1070 1796 non
1096 1743 1380 1796 confestim
1412 1751 1857 1810 evomeret;non
1897 1757 1991 1795 va-

2097 1742 2170 1814 μὴ
2197 1744 2497 1814 δυναμένης
2526 1744 2692 1797 αύτοῦ
2728 1724 2825 1814 τῆς
2858 1750 3097 1816 γαστρὸς
3129 1747 3191 1799 τὸ
3232 1749 3382 1818 παρά
3412 1724 3505 1802 τοῦ
3539 1724 3662 1806 ato;
3715 1741 3718 1744 ’

395 1840 540 1894 lente
566 1839 687 1892 alvo
710 1839 827 1906 ejus
847 1837 987 1907 quod
1025 1852 1118 1906 per
1138 1837 1479 1891 stomachum
1502 1837 1815 1890 mittebatur
1841 1836 1983 1890 reei-

399 1941 546 1995 pere,
575 1942 638 1978 eo
663 1924 808 1994 (ιιιοὰ
839 1924 1170 1977 tortionibus
1214 1925 1544 1991 constipata,
1604 1923 1786 1976 cibum
1820 1923 1874 1974 in
1905 1937 1966 1977 se

401 2018 635 2071 retinere
674 2031 781 2070 non
812 2024 1052 2084 poterat;
1086 2017 1178 2068 sed
1206 2015 1334 2067 dum
1383 2014 1757 2075 descenderet,
1801 2013 1984 2068 statim

399 2111 676 2176 repulsum
714 2123 806 2176 per
832 2123 892 2160 os
925 2107 1254 2167 remittebat.
1276 2123 1382 2160 non
1407 2107 1592 2162 sinetis
1615 2122 1711 2176 per
1735 2115 1988 2161 setrans-

401 2200 534 2252 itum
567 2200 771 2261 facere;
797 2198 1046 2263 quamvis
1072 2213 1200 2265 ergo
1218 2198 1358 2252 hanc
1372 2198 1745 2267 aegritudinem
1768 2198 1983 2264 medici,

394 2301 448 2345 ct
470 2292 676 2361 quique
711 2306 898 2345 eorum
927 2290 1100 2343 induti
1127 2301 1255 2344 sunt
1276 2291 1540 2353 tribones,
1561 2305 1986 2360 sermonumque

391 2382 683 2436 dicacitate
719 2380 1038 2445 confidunt,
1075 2396 1266 2436 omnes
1289 2382 1432 2435 enim
1466 2381 1786 2446 introibant,
1803 2389 1857 2436 et
1899 2395 1986 2450 po-

394 2483 622 2528 tuerunt
653 2471 870 2542 quidem
905 2472 1208 2537 addiscere,
1229 2481 1535 2526 nontamen
1569 2473 1744 2527 idonei
1769 2473 1984 2526 fuerant

392 2578 673 2628 accurare,
704 2564 1143 2634 quandoquidem
1162 2563 1318 2618 valde
1341 2565 1482 2617 hunc
1497 2563 1980 2634 iuvestigaverunt,

392 2667 445 2710 et
495 2657 773 2710 munerari
821 2656 1130 2725 cupierint,
1168 2664 1228 2708 ut
1274 2663 1329 2709 et
1385 2655 1692 2709 mercedum
1728 2669 1980 2724 pompam

391 2759 646 2818 argento,
705 2758 757 2802 et
803 2747 872 2802 de
925 2747 1193 2801 felicitate
1247 2745 1478 2801 curandi
1540 2745 1977 2814 prmstantiorem

390 2842 618 2911 gloriam
652 2839 1081 2909 conquisissent.

462 2931 670 2986 Idcirco
719 2932 804 2986 his
857 2931 1116 2985 omnibus
1152 2927 1408 2984 refutatis
1449 2925 1790 2993 Ammonius,
1848 2926 1977 2982 nul-

391 3026 616 3095 lumque
651 3041 718 3078 ex
753 3024 835 3078 eis
872 3022 1160 3077 inveniens
1190 3021 1591 3090 juvamentum,
1623 3020 1734 3074 nisi
1765 3028 1974 3073 tantum

391 3125 452 3171 ut
493 3129 685 3169 eorum
749 3129 917 3183 super
961 3113 1062 3166 hac
1106 3111 1429 3180 aegritudine
1479 3110 1975 3180 impossibilitatem

389 3207 731 3268 addisceret,
755 3213 809 3259 et
831 3205 977 3274 quod
995 3205 1177 3259 verbis
1205 3203 1422 3272 quidem
1449 3204 1560 3258 sint
1579 3203 1745 3256 nimis
1772 3201 1977 3266 idonei,

398 3298 664 3366 operibus
692 3304 874 3348 autem
907 3310 1104 3348 curare
1127 3295 1442 3347 nullatenus
1477 3292 1718 3357 strenui;
1757 3290 1822 3344 ad
1867 3289 1976 3360 Cy-

395 3402 514 3439 rum
545 3385 746 3440 iternm
774 3395 831 3440 et
855 3384 1119 3439 Joannem
1143 3400 1398 3455 egressus
1422 3391 1526 3448 est,
1563 3384 1709 3438 solos
1731 3383 1833 3438 hos
1857 3391 1980 3452 post

397 3476 566 3531 Deum
591 3478 826 3531 credens
851 3478 1132 3544 adjutores
1159 3481 1462 3539 exsistere;
1492 3474 1637 3529 unde
1661 3482 1715 3528 et
1745 3474 1977 3528 celerem

396 3583 589 3622 curam
626 3569 857 3637 accepit,
893 3568 1204 3622 mercedem
1236 3581 1538 3636 congruam
1575 3564 1720 3629 fidei,
1742 3561 1979 3633 quamin

392 3672 491 3711 eos
551 3657 852 3723 habuerat,
899 3662 1253 3710 consecutus.
1313 3654 1383 3708 Et
1437 3652 1702 3708 stomachi
1755 3650 1978 3721 quidem

390 3751 574 3803 oleum
615 3757 666 3802 et
703 3762 826 3801 cera
880 3747 981 3800 fuit
1012 3745 1250 3812 curatio,
1284 3760 1404 3814 qua:
1451 3742 1852 3800 confessionem
1883 3759 1980 3798 eo-

392 3856 514 3894 rum
539 3837 777 3891 radianti
798 3836 1010 3905 fulgore
1027 3833 1428 3906 splendificant.
1457 3833 1536 3887 Ita
1571 3845 1623 3886 et
1642 3847 1836 3886 vanam
1867 3833 1981 3902 glo-

393 3931 526 3984 riam
561 3929 760 3983 mentis
797 3928 916 3996 ejus
955 3927 1283 3996 competenti
1319 3925 1681 3978 medicamine
1713 3931 1981 3995 martyres

389 4029 749 4074 correxerunt
776 4033 790 4082 ;
827 4018 1026 4072 etenim
1059 4026 1216 4070 nocte
1246 4014 1314 4068 ad
1330 4014 1676 4068 Ammonium
1702 4015 1982 4071 venientes

393 4111 608 4166 mollem
643 4121 848 4166 vestem
884 4118 939 4163 et
966 4107 1186 4163 fluidam
1232 4106 1505 4174 deponere
1554 4105 1894 4175 precipiunt,
1927 4113 1981 4159 et

393 4201 714 4256 indumento
746 4200 1027 4270 asperiore
1063 4195 1408 4262 circumtegi,
1437 4195 1503 4249 de
1544 4205 1734 4266 stuppa
1759 4194 1979 4267 quidem

393 4295 624 4358 intexto,
648 4307 810 4347 sacco
833 4306 964 4347 vero
993 4299 1216 4353 vocato,
1245 4289 1390 4359 quod
1423 4287 1490 4342 ad
1523 4288 1698 4342 instar
1718 4287 1864 4341 sacci
1911 4288 1980 4340 sit

2095 1835 2270 1905 μάχου
2319 1836 2668 1905 πεμπόμενον
2719 1837 2995 1902 δέξασθαι,
3046 1839 3168 1906 ἧτις
3234 1844 3346 1903 τοῖς
3411 1844 3660 1908 στρόφοις

2087 1927 2408 1997 πιεζομένη,
2441 1929 2533 1980 καὶ
2561 1928 2916 1999 δριμυτέραις
2945 1932 3062 1992 ταῖς
3095 1931 3273 1994 ἀνίαις
3311 1931 3658 1997 δουλεύσασα,

2091 2018 2274 2088 μένειν
2301 2021 2360 2072 ἐν
2387 2019 2524 2089 αὐτῇ
2554 2020 2655 2089 τὴν
2681 2021 2890 2090 τροφὴν
2933 2020 3032 2072 οὐκ
3069 2021 3341 2092 ἡνίσχετο,
3371 2024 3506 2077 ἀλλά
3532 2025 3660 2078 θᾶτο

2086 2127 2178 2162 τον
2206 2110 2378 2179 αὐτὴν
2411 2110 2708 2164 κατιοῦσαν
2747 2113 3084 2183 ἀνέπεμπεν,
3127 2115 3223 2166 καὶ
3277 2115 3364 2169 διὰ
3396 2118 3658 2185 στόματος

2087 2201 2362 2272 ἔρριπτεν,
2405 2202 2574 2256 δίοδον
2624 2203 2692 2256 δι’
2735 2203 2934 2272 ἑαυτῆς
2986 2203 3046 2256 ού
3083 2204 3414 2275 παρέχουσα.
3451 2206 3659 2260 Ἀλλἐἰ

2085 2291 2146 2344 τὸ
2180 2291 2350 2353 πάθος
2377 2291 2425 2343 οἱ
2475 2292 2651 2361 ἰατροὶ
2695 2295 2789 2344 καὶ
2863 2291 3067 2344 τούτων
3114 2295 3164 2346 οἱ
3205 2294 3495 2364 φοροῦντες
3534 2297 3658 2360 τοὺς

2085 2381 2377 2452 τρίϐωνας,
2407 2383 2503 2436 καὶ
2531 2386 2597 2453 τῇ
2627 2383 2867 2454 κομψείᾳ
2905 2383 3013 2434 τῶν
3047 2383 3220 2451 λόγων
3255 2386 3658 2456 ὲπερειδόμενοι

2085 2472 2348 2543 (ἀπαντες
2375 2474 2485 2544 γάρ
2507 2474 2861 2545 εἰσέτρεχον),
2883 2474 3074 2543 μαθεῖν
3096 2476 3458 2548 ἠδυνήθησαν,
3477 2480 3658 2531 οὐκέτι

2083 2566 2180 2618 καὶ
2206 2564 2302 2636 τὴν
2335 2566 2475 2618 ἴασιν
2506 2567 2762 2636 παρέχειν
2796 2568 3130 2636 εὐπόρησαν,
3187 2570 3365 2622 καίτοι
3401 2569 3519 2622 λίαν
3562 2572 3658 2623 αύ-

2083 2654 2182 2725 τὴν
2213 2654 2587 2724 ἀνιχνεύοντες
2618 2658 2709 2708 καὶ
2733 2656 3021 2726 δωρεῖσθαι
3066 2659 3412 2728 γλιχόμενοι,
3449 2661 3536 2713 ἵνα
3565 2663 3658 2713 καὶ

2082 2743 2172 2796 τὸν
2223 2745 2321 2814 μὲν
2374 2745 2564 2815 μισθὸν
2613 2746 2820 2815 κομψὸν
2873 2747 2934 2799 τὸ
2985 2747 3269 2819 ἀργύριον,
3307 2751 3531 2820 καὶτῆς
3565 2752 3654 2802 εύ-

2081 2836 2421 2906 δοκιμήσεως
2445 2837 2792 2909 κομψοτέραν
2833 2839 2930 2908 τὴν
2965 2838 3122 2904 δόξαν
3152 2841 3507 2908 πορίσωνται.

2153 2929 2246 2982 Διὸ
2294 2930 2389 2982 καὶ
2429 2930 2650 2983 πάντων
2694 2929 2873 2982 αὐτῶν
2922 2933 3229 2998 καταγνοὺς
3267 2933 3296 2982 ό
3330 2931 3652 3003 Ἀμμώνιος,

2087 3019 2180 3072 καὶ
2214 3017 2482 3088 μηδεμίαν
2527 3019 2663 3088 πρὸς
2713 3019 2886 3072 αὐτῶν
2935 3019 3125 3072 παθὼν
3171 3023 3268 3090 τὴν
3295 3021 3578 3088 ὠφέλειαν,
3609 3025 3656 3075 εἰ

2083 3109 2157 3180 μὴ
2182 3110 2343 3180 μόνον
2375 3110 2434 3162 τὸ
2465 3109 2656 3180 μαθεῖν
2689 3110 2869 3164 αὐτῶν
2897 3111 2998 3181 τὴν
3029 3111 3166 3181 πρὸς
3193 3113 3253 3165 τὸ
3299 3112 3468 3176 πάθος
3495 3112 3656 3165 ἀσθέ-

2080 3215 2250 3263 νειαν,
2283 3201 2376 3254 καὶ
2403 3201 2485 3254 ὅτι
2527 3200 2706 3268 λόγοις
2755 3203 2854 3271 μέν
2904 3205 3042 3254 εἰσιν
3088 3203 3428 3267 ἱκανώτατοι,
3477 3205 3655 3274 ἔργοις

2079 3289 2136 3342 δὲ
2200 3289 2529 3358 θεραπεύειν
2578 3291 2847 3356 ἀνίκονοι,
2877 3293 3017 3362 πρὸς
3065 3293 3245 3363 Κῦρον
3270 3295 3365 3346 καὶ
3408 3295 3656 3364 Ἰωάννην

2080 3379 2387 3450 ἐξέρχεται,
2432 3381 2627 3452 μόνους
2672 3383 2869 3446 αὐτοὺς
2923 3385 3142 3456 ἰατροὺς
3197 3386 3335 3455 μετὰ
3381 3385 3513 3439 θεὸν
3568 3403 3661 3438 πιε-

2083 3471 2314 3534 στεύσας
2343 3472 2696 3542 γενήσεσθαι.
2719 3473 2881 3526 Ὅθεν
2915 3477 3010 3528 καὶ
3041 3477 3201 3544 τάχος
3230 3478 3326 3546 τὴν
3345 3479 3488 3530 ἴασιν
3511 3476 3654 3548 εἴλης

2080 3579 2202 3632 φεν,
2235 3563 2428 3634 μισθὸν
2476 3564 2727 3634 εὐπρεπῆ
2772 3565 2872 3634 τῆς
2917 3567 2998 3628 είς
3042 3567 3238 3629 αὐτοὺς
3295 3568 3653 3636 κομισάμενος

2081 3653 2338 3715 πίστεως.
2377 3652 2488 3705 Καὶ
2513 3653 2606 3705 τοῦ
2641 3652 2738 3722 μὲν
2795 3653 3071 3722 στομάχου
3113 3653 3291 3705 ἔλαιον
3333 3649 3400 3723 ἦν
3434 3655 3528 3704 καὶ
3548 3670 3646 3721 κη-

2083 3743 2231 3813 ρωτὴ
2257 3742 2318 3794 τὸ
2347 3741 2667 3813 καθάρσιον,
2713 3741 2858 3812 ειπερ
2909 3742 3089 3794 αὐτῶν
3126 3741 3224 3811 τὴν
3283 3741 3440 3812 σορὸν
3484 3742 3651 3811 πυρὸς

2085 3837 2424 3906 μαρμαρυγῇ
2477 3833 2932 3903 καταλάμπουσιο
2959 3836 3056 3903 τῆς
3098 3833 3154 3887 δὲ
3173 3833 3354 3903 ψυχῆς
3407 3832 3467 3885 τὸ
3493 3832 3648 3884 κενό-

2081 3925 2230 3991 δοξον
2257 3926 2580 3997 καταλλήλῳ
2627 3926 2904 3996 φαρμάκῳ
2950 3925 3399 3996 περιστροδοῦσιν
3427 3925 3476 3977 οἱ
3513 3925 3652 3993 μάρο

2079 4038 2264 4090 τυρες.
2302 4021 2581 4083 Ἑλθόντες
2627 4019 2734 4089 γάρ
2776 4017 2969 4082 νυκτὸς
3019 4019 3155 4090 πρὸς
3197 4017 3525 4089 Ἀμμώνιον,
3554 4017 3650 4086 τὴν

2085 4113 2334 4184 μαλακὴν
2359 4113 2564 4184 ἐσθῆτα
2587 4115 2682 4166 καὶ
2703 4115 2928 4182 ῥέουσαν
2953 4111 3290 4182 περιστεῖλαι
3313 4110 3648 4172 κελεύουσιν,

2081 4205 2401 4275 περιθέσθαι
2432 4205 2488 4258 δὲ
2517 4204 2864 4275 τραχυτέραν
2905 4204 3175 4274 ἀμφίασιν
3221 4202 3322 4273 τὴν
3365 4204 3431 4256 ἐκ
3481 4219 3649 4255 στυπ-

2082 4297 2228 4352 πίων
2261 4297 2360 4368 μὲν
2399 4297 2629 4368 ἔχουσαν
2657 4296 2906 4367 ὕφασμα,
2939 4297 3140 4350 σάκκον
3186 4295 3243 4348 δὲ
3291 4293 3646 4364 καλουμένην,

393 4403 675 4457 asperum,
714 4401 824 4455 quo
859 4385 1022 4460 nimis
1066 4398 1338 4452 pauperes
1361 4381 1430 4436 ob
1464 4382 1623 4452 pauci
1657 4380 1816 4452 pretii
1855 4381 1972 4434 vili-

2080 4389 2162 4442 διὰ
2187 4388 2284 4460 τὴν
2331 4389 2468 4458 πρὸς
2505 4391 2712 4444 σάκκον
2764 4390 3079 4458 ὲγγυτάτην
3114 4387 3452 4458 τραχύτητα,
3481 4373 3556 4457 ’ἣν
3598 4387 3647 4438 oi

393 4488 557 4534 tatem
603 4477 790 4531 amicti
826 4485 979 4538 sunt,
1025 4475 1295 4542 hancpro
1328 4475 1567 4544 pretiosa
1611 4481 1665 4526 et
1708 4471 1968 4541 pra'clara

391 4579 544 4626 veste
574 4569 805 4623 induere
834 4568 1190 4622 decernentes
1222 4583 1236 4620 :
1269 4581 1465 4636 aquam
1497 4580 1626 4620 vero
1668 4567 1735 4618 ad
1777 4563 1970 4618 biben-

392 4665 520 4716 dum
561 4660 852 4732 (fratribus
887 4659 1132 4730 aegrotis)
1168 4659 1221 4712 in
1259 4658 1505 4712 humeris
1532 4665 1751 4726 portare
1781 4653 1969 4724 praeci-

393 4756 576 4825 piunt,
605 4769 712 4808 non
747 4767 914 4806 unum
941 4768 1192 4818 urceum,
1225 4753 1318 4806 sed
1350 4751 1490 4806 duos
1514 4751 1567 4804 in
1602 4749 1849 4818 utrisque
1876 4748 1969 4800 hu-

394 4847 560 4900 meris
592 4846 923 4916 bajulanlem
950 4862 964 4909 ;
1003 4859 1102 4899 nec
1127 4859 1184 4898 se
1213 4843 1366 4914 prius
1391 4858 1515 4898 eum
1555 4851 1848 4896 curaturos
1879 4839 1964 4892 in-

390 4939 610 5006 quiunt,
645 4937 750 4990 nisi
776 4936 932 5005 prius
958 4936 1075 5004 ipse
1112 4935 1419 5005 peregisset
1447 4923 1834 5002 quod'jussum
1857 4939 1960 4985 est.

391 5031 483 5085 Ille
514 5041 694 5086 autem
734 5040 1054 5084 sanctorum
1089 5029 1397 5097 jussionem
1440 5026 1748 5098 perliciens,
1775 5033 1830 5080 et
1861 5040 1966 5079 un-

389 5121 512 5175 dam
553 5137 679 5175 cum
723 5120 949 5190 praefato
989 5121 1307 5173 indumento
1357 5120 1724 5186 obsequenter
1758 5116 1964 5171 exhau-

391 5214 562 5277 rieus,
609 5213 937 5282 promissam
977 5211 1108 5265 huic
1144 5195 1454 5265 ministério
1504 5216 1836 5264 consecutus
1879 5216 1964 5264 cst

390 5307 705 5358 sanitatem.
739 5303 817 5356 lta
852 5302 1054 5372 quippe
1096 5301 1420 5356 Ammonius
1456 5302 1619 5356 etiam
1664 5303 1803 5356 hanc
1832 5299 1966 5354 effu-

390 5395 544 5463 giens
583 5393 986 5466 aegritudinem,
1037 5401 1091 5447 et
1131 5391 1294 5463 hujus
1343 5392 1809 5463 prmcedentisque
1848 5393 1962 5445 lan-

388 5486 577 5555 guoris
614 5486 858 5541 medicos
884 5485 1204 5553 depulsores
1233 5483 1554 5539 collaudatis
1586 5484 1740 5538 abiit.
1767 5483 1831 5538 Et
1862 5499 1962 5538 nos

391 5579 554 5647 igitur
606 5579 816 5634 sanctis
849 5578 1033 5632 laudis
1075 5579 1338 5649 hymnum
1374 5577 1642 5638 dicentes,
1677 5578 1769 5631 isti
1815 5578 1960 5631 enim

395 5679 522 5724 sunt
547 5671 640 5734 qui
673 5681 794 5734 post
839 5670 1008 5726 Deum
1041 5672 1234 5726 harum
1277 5669 1589 5740 passionum
1624 5681 1750 5723 sunt
1799 5685 1961 5723 sana-

2076 4481 2219 4533 πάνυ
2249 4481 2456 4551 πτωχοὶ
2483 4481 2572 4535 διὰ
2618 4483 2679 4534 τὸ
2707 4481 2826 4534 λίαν
2861 4481 3062 4533 εῦωνον
3114 4480 3210 4533 καὶ
3247 4479 3459 4542 εὐτελὲς
3494 4493 3649 4546 περι-

2075 4571 2388 4627 ϐάλλονται.
2440 4573 2657 4643 Ταύτην
2685 4575 2806 4627 ἀντὶ
2838 4576 2936 4644 τῆς
2968 4571 3292 4633 πολυτελοῦς
3331 4573 3426 4626 καὶ
3470 4569 3650 4640 χλιδὼ-

2075 4681 2178 4734 σης
2221 4665 2446 4734 ἐσθῆτος
2503 4666 2749 4728 εἰπόντες
2801 4664 3148 4725 ἐνδύσασθαι,
3189 4666 3300 4728 τοῖς
3335 4661 3648 4715 ἀσθενοῦσιν

2074 4754 2323 4823 ἀδελφοῖς
2349 4757 2410 4807 τὸ
2435 4755 2664 4824 πότιμον
2699 4753 2844 4824 ὕδωρ
2865 4753 3079 4807 ἐπὶτῶν
3109 4752 3278 4822 ὤμων
3297 4753 3453 4820 ἄγειν
3477 4767 3646 4821 προσ-

2074 4846 2364 4900 τάττουσι’
2394 4847 2456 4899 οὐ
2511 4847 2753 4916 κέραμον
2790 4847 2888 4900 ’ἕνα
2941 4845 3304 4915 βαστάζοντα,
3360 4843 3497 4897 άλλά
3555 4841 3647 4894 δύο

2076 4939 2163 4990 ἐπ’
2191 4936 2520 5006 ἀμφοτέρων
2554 4936 2664 4990 τῶν
2691 4936 2858 5007 ὤμων
2883 4935 3243 5000 θεσπίσαντες
3268 4953 3285 4966 ε
3306 4935 3398 4988 καὶ
3427 4934 3487 4986 οὐ
3513 4932 3644 5003 πρό-

2073 5046 2232 5100 τερον
2257 5029 2419 5094 αὐτὸς
2450 5029 2641 5084 ἀνύσει
2669 5028 2728 5082 τὸ
2783 5029 3132 5098 πρόσταγμα.
3171 5027 3228 5080 '0
3259 5027 3316 5080 δὲ
3353 5025 3647 5095 πληρώσας

2073 5121 2182 5174 τῶν
2219 5122 2390 5190 ἁγίων
2420 5123 2522 5192 τὴν
2553 5121 2825 5186 κέλευσιν,
2859 5122 2952 5174 καὶ
2981 5121 3040 5172 τὸ
3069 5119 3218 5188 νάμα
3268 5117 3406 5187 μετά
3435 5114 3527 5171 τοῦ
3562 5115 3645 5166 λε·
3739 5163 3743 5170 .

2072 5211 2289 5280 χθέντος
2332 5211 2632 5282 ἐνδύματος
2674 5212 3074 5282 ὑδρευσάμενος
3116 5210 3520 5271 ἐπιεικέστατα,
3545 5209 3643 5275 τὴν

2071 5303 2488 5374 ἐπηγγελμένην
2512 5305 2578 5376 τῇ
2611 5303 2789 5374 τοιᾷδε
2832 5303 3032 5373 πράξει
3055 5301 3219 5374 ῥῶσιν
3250 5301 3485 5365 ἐδέξατο.
3538 5299 3610 5353 Οὖ
3631 5328 3643 5337 -

2070 5411 2147 5447 τω
2181 5394 2238 5446 δὲ
2269 5396 2362 5446 καὶ
2395 5393 2603 5465 ταύτην
2652 5393 2906 5462 ἐκφυγὼν
2931 5396 2959 5447 ό
2992 5391 3310 5463 Ἀμμώνιος
3348 5395 3446 5460 τὴν
3492 5389 3644 5442 ἀσθέ-

2071 5504 2240 5550 νειαν,
2276 5487 2402 5550 τοὺς
2446 5488 2652 5558 ταύτης
2713 5488 2934 5557 ἰατροὺς
2979 5487 3076 5540 καὶ
3117 5487 3212 5556 τῆς
3271 5481 3643 5554 προλαὸούσης

2069 5576 2301 5641 διώκτας
2339 5579 2666 5651 εύφημησας
2707 5579 2984 5648 ἀπῲχετο.
3034 5579 3142 5630 Καὶ
3199 5578 3357 5647 ἡμεῖς
3402 5574 3460 5627 δὲ
3519 5573 3642 5633 τεὺς

2073 5670 2260 5736 ἁγίους
2315 5671 2654 5741 ὑμνήσαντες
2711 5672 2887 5741 (αὐτοὶ
2941 5671 3046 5741 γὰρ
3089 5669 3222 5738 μετά
3257 5667 3386 5720 Θεὸν
3415 5664 3520 5720 τῶν
3552 5663 3638 5716 λε-
