4010 6208
354 271 492 337 εί.ἶεῖ

1330 273 1627 333 LAUDES
1657 273 1738 334 IN
1778 274 1882 334 SS.
1903 273 2163 335 CYRUM
2205 275 2300 335 ET
2341 275 2721 338 JOANNEM.

3500 279 3648 344 3430

353 383 595 454 χθέντων
623 381 799 452 ἰατροὶ
823 381 1269 451 καθεστήκασιν),
1295 382 1382 434 ἐπ’
1396 382 1560 446 ἄλλας
1581 383 1946 452 ἀξιαγάστους

2079 403 2223 450 ores.
2255 395 2322 444 ad
2353 389 2490 445 alias
2530 406 2720 447 eorum
2750 391 3055 448 medicinas
3089 390 3440 448 admirabiles
3489 408 3647 446 accc-

356 473 816 548 οαυματουργίας
842 474 1024 527 αὐτῶν
1062 474 1372 544 διεξίωμεν.

356 609 434 664 B’.
466 639 540 650 —
570 608 710 676 Περὶ
749 606 1053 673 Θεοδώρου
1089 604 1195 662 τοῦ
1222 608 1556 675 ἐσχηκότος
1589 609 1660 661 ἐν
1685 607 1809 674 τοῖς
1833 607 1943 662 δύο

732 678 1064 746 ὀφθαλμοῖς
1107 680 1178 730 τὰ
1209 677 1587 747 λευκώματα.

426 811 705 882 Θεόδωρος
745 809 800 862 δὲ
829 808 970 880 μετὰ
1023 809 1338 878 Ἀμμώνιον
1389 811 1521 880 ἡμῖν
1573 811 1648 873 είς
1695 809 1948 880 διήγησιν

359 903 594 974 πρόεισι,
656 901 810 953 πόλιν
869 900 968 969 μὲν
1031 899 1171 969 ἔχων
1236 903 1331 953 καὶ
1362 901 1526 965 αὐτὸς
1561 902 1660 972 τὴν
1701 902 1950 968 Ἀλεξάν-

357 995 566 1064 δρειαν,
605 990 834 1044 πλοῦτον
880 990 938 1042 δὲ
990 988 1307 1060 σύμμετρον
1360 993 1457 1044 καὶ
1495 991 1820 1063 ἀμέριμνον,
1852 994 1950 1062 τὴν

358 1085 657 1152 καλλίστην
704 1082 1079 1153 αὐτάρκειαν
1127 1081 1284 1135 νόσον
1327 1082 1385 1134 δὲ
1436 1083 1544 1136 τῶν
1572 1083 1666 1137 τοῦ
1698 1082 1954 1152 σώματος

358 1175 657 1247 ὀφθαλμῶν
688 1174 787 1244 τὴν
816 1173 1117 1228 ἀπώλειαν.
1153 1172 1390 1236 Τούτους
1415 1175 1524 1246 γὰρ
1546 1175 1740 1228 παθὼν
1770 1177 1797 1228 ό
1826 1175 1954 1228 θεό-

358 1269 551 1338 δωρος,
589 1266 684 1319 καὶ
711 1265 810 1334 τὴν
854 1263 1082 1319 δέουσαν
1144 1265 1244 1334 οὐχ
1293 1263 1469 1334 εὑρὼν
1520 1266 1860 1334 ἐπιμέλειαν,
1897 1267 1954 1318 ὲν

361 1359 696 1430 ἀμφοτέροις
738 1357 898 1428 ἔσχεν
942 1359 1010 1410 τὰ
1055 1359 1182 1421 τοὺς
1229 1358 1548 1428 ὀφθαλμοὺς
1605 1357 1956 1429 ἀμαυρούντα

368 1449 724 1519 λευκώματα.
749 1449 931 1518 ’Λπερ
990 1446 1244 1518 ἐσχηκὼς
1300 1449 1395 1500 καὶ
1437 1449 1574 1521 πρὸς
1615 1451 1725 1502 τῶν
1757 1449 1960 1518 ἰατρῶν

367 1539 556 1611 μαθὼν
589 1540 772 1594 αὐτῶν
819 1541 883 1593 τὸ
923 1536 1166 1601 ἀνίατον,
1203 1540 1294 1592 τὸν
1322 1540 1432 1592 τῶν
1461 1540 1760 1612 μαρτύρων
1792 1540 1958 1611 σηκὸν

347 1624 806 1703 Ἀιστελάμόανεν,
841 1631 1034 1684 ἐλπίδα
1067 1631 1198 1702 μίαν
1225 1631 1402 1702 ἐαυτῷ
1433 1631 1792 1703 περιθέμενος
1820 1632 1959 1684 ἀκα-

2054 482 2270 536 damus.

2059 613 2124 666 ll.
2159 643 2225 652 —
2261 612 2340 668 De
2381 611 2650 668 Theodoro
2697 617 2787 689 qui
2834 615 3049 689 altiores
3103 617 3156 670 iu
3207 618 3441 689 utrisque
3485 617 3650 672 oculis

2751 686 2954 740 habuit.

2130 816 2235 874 Sed
2281 825 2336 873 et
2378 816 2699 873 Theodorus
2754 825 2875 887 post
2920 819 3271 873 Ammonimn
3339 819 3651 874 narraudus

2059 910 2303 975 accedat,
2329 909 2607 965 civitatem
2640 911 2849 964 habens
2895 917 2948 965 et
2981 911 3098 980 ipse
3135 915 3383 964 eamdem
3420 911 3654 964 Alexan-

2059 1001 2261 1064 driam,
2297 1002 2391 1058 sed
2436 1018 2570 1073 opes
2617 1002 2928 1058 mediocres
2967 1011 3021 1057 et
3064 1019 3324 1058 curarum
3375 1011 3649 1073 expertes.

2061 1095 2320 1164 quodque
2355 1096 2628 1164 optimum
2661 1104 2767 1159 est,
2805 1103 2954 1149 sorte
2982 1111 3080 1149 sua
3106 1105 3421 1150 contentus.
3456 1094 3654 1164 Egre-

2072 1187 2231 1242 tab‘at
2274 1187 2440 1259 igitur
2475 1189 2761 1243 oculorum
2791 1189 3044 1259 corporis
3075 1189 3348 1254 orbitate;
3383 1193 3480 1241 lzos
3503 1190 3650 1256 quip.

2065 1301 2134 1356 pe
2173 1287 2365 1341 dolens
2394 1284 2743 1349 Theodorus,
2773 1293 2827 1339 et
2855 1299 2966 1338 non
3000 1283 3286 1338 immicus
3316 1284 3652 1354 diligentiam

2065 1386 2493 1446 competentem,
2522 1378 2576 1431 in
2607 1378 2856 1447 utrisque
2895 1377 3074 1431 oculis
3111 1377 3287 1430 induit
3333 1378 3655 1432 tenebrosus

2067 1469 2329 1535 alborcs;
2372 1483 2513 1537 quos
2564 1470 2691 1522 dum
2738 1469 3046 1532 habuisset,
3089 1476 3144 1521 et
3188 1483 3216 1520 a
3264 1468 3491 1521 medicis
3536 1483 3660 1522 esse

2069 1558 2411 1614 insanabiles
2445 1557 2756 1622 didicisset,
2792 1558 2859 1611 ad
2892 1567 3206 1612 sanctorum
3245 1556 3656 1610 conlessionem

2069 1651 2336 1713 occurrit,
2367 1667 2530 1705 unam
2566 1651 2670 1706 sibi
2711 1666 2887 1720 spem,
2920 1665 3027 1720 qua
3057 1665 3167 1703 nou
3199 1648 3654 1708 confunderetur,

365 1726 710 1794 ταίσχυντον,
739 1723 923 1775 πίστιν
954 1726 1034 1786 είς
1084 1723 1284 1786 αὐτοὺς
1327 1722 1715 1792 ἀνυπόκριτον,
1745 1721 1839 1775 καὶ
1859 1721 1960 1788 τὴν

2079 1759 2386 1814 prOpoueus
2431 1744 2592 1797 ﬁdem
2627 1743 2682 1796 in
2718 1759 2814 1798 eos
2851 1743 3154 1805 indubiam,
3203 1749 3258 1794 et
3304 1756 3495 1794 eorum
3530 1738 3661 1792 visi-

368 1814 496 1886 παρ’
536 1814 718 1868 αὐτῶν
750 1817 862 1876 τοῖς
884 1812 1029 1868 οὕτω
1079 1813 1430 1866 πιστεύουσιν
1475 1813 1813 1884 γιγνομένην
1843 1813 1966 1866 ὲπί-

370 1909 587 1977 σκεψιν.
629 1903 830 1961 Ἐλθὼν
856 1900 948 1958 οὖν
980 1906 1062 1968 είς
1105 1905 1166 1958 τὸ
1199 1905 1308 1958 τῶν
1354 1906 1648 1976 μαρτύρων
1670 1905 1968 1975 σεϐάσμιον

369 2001 618 2072 τέμενος,
649 1998 751 2068 τῆς
777 1998 857 2061 είς
889 1997 1087 2061 αὐτοὺς
1133 1997 1400 2068 ὀλοψύχου
1444 1999 1680 2060 πίστεως
1709 1997 1799 2051 τὸν
1828 2015 1969 2068 καρ-

370 2093 472 2146 πὸν
496 2090 833 2160 ἀπεφέρετο.
887 2091 1098 2160 Χρόνον
1130 2091 1240 2163 γὰρ
1273 2089 1331 2144 ὲν
1358 2089 1508 2160 αύτῷ
1523 2089 1806 2162 διατρίψας
1841 2089 1970 2160 βρα-

370 2185 620 2256 χύτατον,
661 2185 893 2254 καρπὸνι
911 2181 1201 2254 ἐκομίζετο
1227 2200 1243 2215 ·
1279 2182 1372 2237 τὸν
1409 2182 1470 2236 ού
1511 2182 1727 2253 χρόνοις
1753 2182 1969 2245 πολλοῖς

378 2276 816 2350 γεωργούμενον,
845 2274 962 2332 ἀλλ’
981 2275 1253 2348 ἁπλότητι
1277 2275 1511 2338 πίστεως
1540 2273 1934 2346 τιῡηνούμενον
1950 2290 1968 2308 ο

377 2371 437 2423 ὃν
467 2369 924 2442 ἀντιμετροῦντες
969 2369 1020 2421 οἱ
1050 2367 1219 2437 ἀγιοι,
1250 2369 1330 2431 είς
1397 2369 1495 2438 τὴν
1541 2367 1724 2421 αὐτῶν
1783 2367 1970 2438 πηγὴν

377 2460 579 2524 ἐξιέναι
608 2460 1010 2529 προσέταττον,
1047 2460 1141 2511 καὶ
1183 2461 1298 2520 τοῖς
1361 2459 1418 2512 ἐν
1469 2458 1605 2528 αύτῇ
1663 2456 1978 2527 χρήσασθαί

377 2552 614 2622 νάμασιν
646 2551 782 2622 πρὸς
815 2553 917 2621 τὴν
941 2551 1050 2604 τῶν
1084 2551 1350 2621 ὀμμάτων
1376 2549 1690 2618 ἀνάϐλεψιν.
1737 2549 1794 2603 Ὀ
1823 2549 1882 2602 δὲ
1911 2549 1972 2603 τὸ

377 2641 668 2695 κελευσθὲν
713 2641 883 2694 ποιῶν
933 2641 1284 2711 ἑτοιμότατα,
1321 2639 1837 2710 χειραγωγούμενος
1877 2638 1973 2692 ἐπὶ

378 2735 440 2788 τὸ
467 2733 686 2804 ῥεῖθρον
717 2733 1048 2803 ἀπέρχεται,
1079 2735 1174 2786 καὶ
1204 2731 1299 2796 τὰς
1331 2731 1485 2801 ὕψεις
1524 2733 1582 2786 ἐν
1615 2731 1790 2801 τούτῳ
1818 2730 1976 2799 νιψά·

382 2841 566 2895 μενος,
623 2825 716 2879 καὶ
765 2825 970 2886 ταύτας
1023 2824 1104 2888 είς
1159 2841 1212 2878 τι
1265 2824 1547 2892 φακιόλιον
1594 2823 1974 2894 ὲκμαξάμενος

381 2917 626 2985 ἔὸλεψεν,
662 2918 758 2971 σὺν
785 2920 851 2988 τῇ
881 2916 990 2970 τῶν
1024 2917 1236 2970 ὑδάτων
1280 2917 1562 2988 ὑγρότητι,
1596 2917 1694 2970 καὶ
1738 2916 1845 2969 τῶν
1874 2916 1970 2985 ὀφι-

384 3009 605 3080 Θαλμῶν
667 3008 960 3065 ἀποϐαλὼν
1011 3009 1081 3062 τά
1124 3007 1481 3078 λευκώματα.
1512 3009 1693 3080 ’Ἀπερ
1738 3006 1845 3061 τῶν
1877 3008 1978 3078 ὀμ-

388 3102 574 3172 μάτων
606 3103 669 3155 ὲκ
693 3101 845 3164 θείας
879 3101 1027 3163 τινος
1087 3100 1484 3154 ἀποπτωθέντα
1533 3100 1818 3170 δυνάμεως
1867 3101 1970 3152 κάν
2001 3099 2044 3157 C

385 3193 462 3265 τῷ
493 3191 764 3262 φακιολίῳ
793 3193 1158 3261 τυγχάνοντα,
1198 3192 1366 3245 πᾶσιν
1396 3191 1706 3262 είσδραμὼν
1733 3193 1846 3256 τοῖς
1869 3191 1973 3244 ἀνά

384 3287 475 3339 τὸν
501 3283 640 3338 νεὼν
671 3284 979 3355 εύρεθείσιν
1027 3284 1309 3349 ὑπέδειξεν
1335 3299 1349 3314 °
1377 3283 1687 3354 ὑπόδειγμα
1736 3283 1974 3346 πίστεως

385 3378 577 3431 ἑαυτὸν
609 3377 1014 3447 παρεχόμενος,
1048 3376 1145 3430 καὶ
1171 3378 1272 3447 τῆς
1299 3377 1366 3430 ὲκ
1413 3377 1652 3442 πίστεως
1681 3375 1972 3448 ἐγγινομέ-

387 3489 484 3538 νης
514 3471 712 3534 ἰάσεως
743 3469 1037 3542 κηρύττων
1065 3469 1128 3523 τὸ
1157 3469 1411 3540 μέγεθος.

388 3630 464 3682 l".
493 3660 566 3671 —
598 3629 737 3698 Περὶ
790 3627 992 3682 Καλοῦ
1031 3627 1138 3681 τὸν
1186 3625 1344 3680 ἴδιον
1369 3623 1526 3680 πόδα
1551 3626 1971 3695 κατεάξαντος.

462 3766 648 3828 Καλὸς
677 3764 735 3818 δέ
764 3781 847 3827 τις
881 3763 1047 3828 ἀξίως
1071 3759 1366 3832 λεγόμενος
1393 3759 1641 3831 (γνώμην
1659 3760 1768 3832 γὰρ
1794 3759 1978 3814 τοιαύ-
2016 3770 2019 3772 ’

386 3876 488 3928 της
521 3857 898 3929 προσηγορίας
938 3854 1236 3910 ἀκόλουθον
1269 3853 1632 3926 διεκέκτητο),
1670 3855 1736 3908 ὲκ
1757 3853 1857 3924 τῆς
1880 3852 1975 3905 τοῦ

394 3951 690 4022 μισοκάλου
719 3949 980 4019 σπουδῆς,
1036 3948 1133 4001 καὶ
1177 3946 1279 4018 τῆς
1326 3945 1464 4017 πρὸς
1506 3946 1575 4000 τὰ
1613 3946 1757 4000 καλὰ
1797 3945 1978 4016 δεινῆς

391 4043 786 4107 ἀντιστάσεως,
831 4042 938 4095 ἀπὸ
978 4040 1250 4110 κλίμακος
1305 4037 1511 4095 κατιὼν
1559 4038 1975 4110 συμποδίζεται,

392 4137 487 4190 καὶ
535 4132 930 4205 συμποδισθεὶς
964 4131 1057 4200 ἀφ’
1091 4131 1261 4201 ὕψους
1317 4129 1508 4201 βιαίως
1561 4132 1642 4194 είς
1677 4131 1782 4200 γῆν
1810 4147 1979 4185 κατα-

393 4227 621 4296 φέρεται
649 4224 925 4294 πτώματι.
961 4223 1125 4277 Ὅθεν
1148 4223 1241 4276 τὸν
1272 4222 1412 4276 πόδα
1443 4222 1750 4294 συντριϐεὶς
1771 4221 1979 4276 ἐκινδύ-

394 4335 536 4384 νευε,
567 4318 730 4371 αὑτὸν
749 4315 846 4370 τοῦ
879 4314 1038 4379 ποδὸς
1068 4315 1150 4377 τίς
1181 4313 1352 4383 μυρία
1375 4313 1647 4377 κατεάξας
1689 4313 1782 4366 τὸν
1813 4312 1980 4366 κάλα-

2072 1835 2336 1888 tationem
2373 1835 2444 1887 ita
2470 1834 2823 1888 credentibus
2853 1833 3190 1887 adfuturam.
3217 1830 3450 1885 Veniens
3477 1832 3662 1899 itaque

2069 1931 2136 1983 ad
2169 1928 2538 1982 venerabilem
2574 1928 2857 1982 basilicam
2893 1936 3220 1997 martyrum,
3257 1925 3380 1978 ﬁdei
3415 1939 3578 1994 quam
3606 1924 3660 1976 in

2069 2019 2218 2088 ipsos
2276 2018 2600 2072 medullitus
2668 2017 2905 2081 habuit,
2951 2017 3191 2070 fructum
3267 2015 3502 2083 adeptus
3551 2019 3657 2068 est.

2069 2111 2310 2181 Tempus
2349 2111 2499 2165 enim
2536 2109 2737 2164 ibidem
2788 2117 3039 2164 moratus
3072 2106 3490 2169 brevissimum,
3549 2102 3663 2157 fru-

2069 2212 2218 2258 ctmn
2261 2201 2497 2272 adeptus
2525 2211 2636 2266 est,
2671 2201 2764 2270 qui
2802 2213 2905 2254 nec
2945 2198 3294 2268 temporibus
3338 2197 3524 2250 multis
3568 2209 3664 2250 ac-

2071 2294 2331 2363 quiritur,
2367 2293 2460 2348 sed
2493 2291 2855 2361 simplicitate
2879 2290 3005 2344 ﬁdei
3035 2290 3300 2344 coalescit
3325 2305 3339 2352 ;
3360 2287 3518 2354 cujus
3533 2301 3663 2339 san-

2071 2385 2143 2438 cti
2190 2381 2635 2437 vicissitudinem
2674 2389 3120 2450 compensautes,
3156 2379 3224 2433 ad
3258 2377 3466 2431 fontem
3499 2389 3660 2429 suum

2071 2472 2283 2544 egredi,
2320 2480 2375 2526 et
2407 2471 2530 2542 ejus
2561 2469 2784 2526 ﬂuentis
2820 2463 2966 2524 ablui
3002 2469 3068 2525 ad
3105 2469 3391 2524 oculorum
3417 2467 3664 2523 illustra-

2073 2564 2284 2616 tionem
2330 2562 2678 2633 praecipiunt.
2723 2560 2820 2616 ille
2858 2575 2991 2616 vero
3023 2560 3172 2631 quod
3201 2561 3418 2629 jussum
3449 2569 3534 2614 est
3569 2572 3666 2628 pa-

2074 2665 2228 2711 ratus
2269 2654 2508 2719 eiﬁcere,
2566 2670 2692 2708 mox
2731 2663 2792 2707 ut
2822 2655 3026 2708 ductus
3057 2653 3126 2708 ad
3160 2655 3272 2708 haec
3306 2652 3508 2708 ﬁuenta
3541 2665 3668 2721 pro-

2075 2746 2255 2802 fectus
2302 2754 2413 2810 est,
2457 2746 2775 2816 ibidemque
2820 2746 3052 2801 abluens
3098 2746 3330 2810 lumina,
3373 2753 3428 2800 et
3484 2745 3667 2800 l‘aciali

2075 2837 2316 2908 quodam
2344 2846 2638 2907 extergens
2662 2839 2900 2908 aspexit,
2926 2846 2982 2893 et
3015 2853 3138 2893 cum
3173 2853 3438 2910 aquarum
3474 2837 3670 2890 humo-

2077 2946 2138 2985 re
2163 2933 2330 2985 etiam
2369 2931 2659 2984 oculorum
2709 2931 2925 2986 albores
2970 2929 3193 3000 abjecit,
3239 2931 3332 3001 qui
3375 2931 3441 2983 de
3490 2929 3670 2983 oculis

2079 3023 2264 3077 divina
2297 3022 2536 3093 quadam
2569 3030 2698 3078 sunt
2728 3023 2947 3094 expulsi
2975 3024 3223 3090 virtute;
3257 3031 3431 3092 atque
3469 3021 3534 3075 ad
3569 3023 3665 3076 ba-

2078 3115 2290 3170 silicam
2318 3123 2550 3170 curren‘s
2585 3115 2638 3169 in
2677 3115 2872 3169 eodem
2913 3114 3094 3170 faciali
3126 3115 3384 3170 omnibus
3444 3113 3537 3183 qui
3575 3111 3671 3165 ad-

2077 3207 2294 3262 fuerant
2315 3208 2713 3262 demonstravit
2739 3225 2753 3273 ;
2784 3209 3092 3279 exctnplum
3122 3224 3181 3263 se
3213 3208 3335 3262 ﬁdei
3369 3207 3495 3261 aliis
3510 3205 3668 3260 exhi~

2077 3301 2240 3365 bens,
2265 3307 2318 3354 et
2354 3301 2726 3367 salubritatis,
2755 3314 2924 3372 quam
2951 3300 3085 3356 ﬁdes
3113 3299 3448 3372 assequitur,
3473 3296 3673 3368 praedi-

2081 3383 2216 3447 cans
2247 3391 2707 3461 magnitudinem.

2319 3629 2413 3686 Ill.
2444 3660 2520 3673 —-
2555 3629 2630 3684 De
2657 3629 2790 3685 Cato
2819 3631 2911 3700 qui
2939 3630 3122 3699 pedem
3151 3638 3420 3692 eruperat.

2152 3763 2323 3821 Calus
2350 3763 2600 3836 quidam,
2646 3765 2743 3834 qui
2785 3763 3058 3834 condigne
3085 3763 3266 3818 bonus
3299 3769 3530 3818 vocatus
3559 3773 3667 3827 est,

2085 3859 2430 3916 voluntatem
2455 3858 2604 3914 enim
2640 3857 2837 3912 habuit
2877 3858 2969 3912 tali
3005 3858 3225 3928 dignam
3256 3858 3544 3923 vocabulo,
3579 3872 3670 3912 ac-

2087 3963 2289 4022 tusque
2315 3953 2589 4009 voluntati
2629 3959 2684 4007 et
2705 3952 2981 4008 vocabulo
3013 3960 3436 4022 consequentes,
3481 3967 3548 4008 ex
3580 3951 3666 4006 iu-

2087 4045 2248 4103 sidiis
2272 4044 2511 4112 inimici,
2543 4045 2635 4116 qui
2669 4045 2866 4102 callide
2896 4045 3056 4101 bonis
3095 4045 3412 4101 obluctatur
3442 4043 3663 4108 studiis,

2088 4154 2187 4210 per
2218 4137 2425 4194 scalam
2463 4136 2808 4192 descendens
2836 4137 3186 4207 compeditus
3209 4145 3314 4200 est,
3348 4148 3400 4191 et
3429 4137 3670 4206 desuper
3739 4165 3746 4172 -

2084 4231 2143 4286 iu
2187 4239 2394 4286 terram
2439 4229 2683 4284 violento
2730 4229 2884 4302 lapsu
2931 4229 3206 4284 deductus
3253 4237 3359 4294 est,
3420 4230 3669 4298 pedeque

2086 4321 2326 4378 contrito
2350 4320 2794 4392 periclitabatur,
2829 4321 3070 4374 cannula
3101 4320 3218 4389 ipsa
3249 4326 3303 4374 ct
3339 4319 3492 4388 pedis
3537 4319 3668 4372 tibia

397 4426 522 4482 μον.
577 4409 716 4462 Ἀλλ’
743 4409 836 4462 ὅτε
865 4407 965 4479 τὴν
1015 4407 1128 4460 τῶν
1163 4404 1367 4474 ἰατρῶν
1411 4405 1519 4460 ῐδεν
1555 4405 1691 4476 πρὸς
1719 4405 1781 4460 τὸ
1806 4404 1973 4469 πάθος

2087 4415 2144 4472 in
2177 4413 2328 4470 mille
2381 4413 2631 4484 partibus
2669 4413 2959 4466 diminuta.
3000 4409 3105 4478 Qui
3153 4412 3282 4464 dum
3327 4412 3670 4467 medicorum

392 4501 654 4571 ἀνόνητον
700 4499 933 4564 ἐλευσιν,
967 4496 1365 4566 ἔπιλειψάντων
1414 4495 1601 4565 σχεδὸν
1626 4495 1736 4549 τῶν
1759 4495 1852 4548 τοῦ
1885 4512 1984 4547 πο-

393 4594 484 4658 δὸς
505 4593 709 4646 ὀστέων
738 4594 858 4656 ταῖς
909 4590 1055 4644 κατά
1107 4591 1274 4661 μέρος
1303 4589 1599 4653 ἀποϐολαῖς
1647 4606 1706 4642 τε
1735 4590 1826 4642 καὶ
1860 4587 1985 4660 ῥεύ-

398 4703 572 4749 σεσιν,
595 4687 690 4738 καὶ
713 4684 825 4737 τῶν
859 4682 1084 4753 σαρκῶν
1115 4698 1176 4735 τε
1210 4681 1695 4736 συναναλωθεισῶν
1728 4685 1846 4745 ταῖς
1874 4681 1984 4736 τῶν

399 4779 614 4850 ἰχώρων
641 4775 989 4840 ὲκὸλύσεσιν,
1016 4777 1112 4830 ἐπὶ
1144 4775 1246 4846 τὴν
1276 4774 1386 4827 τῶν
1426 4775 1598 4842 ἁγίων
1650 4774 1838 4846 Κύρου
1891 4775 1984 4828 καὶ

408 4871 656 4926 Ἰωάννου
691 4867 1032 4936 καταφεύγει
1059 4866 1338 4936 βοήθειαν,
1381 4865 1563 4936 ἐαυτῷ
1581 4865 1808 4920 πλεῖστα
1841 4883 1985 4936 μεμοο

395 4962 660 5031 ψάμενος,
689 4959 904 5013 ὅτιτῶν
933 4958 1107 5026 ἁγίων
1145 4957 1286 5022 ,τοὺς
1327 4957 1546 5028 ίατροὺς
1595 4957 1981 5028 προετίμησεν,

398 5053 627 5122 καὶτῆς
686 5051 782 5104 ἐπὶ
835 5051 1013 5121 τούτῳ
1065 5050 1400 5119 συγγνώμης
1440 5048 1611 5103 πολλά
1660 5051 1848 5119 τυχεῖν
1876 5050 1986 5103 ἐλυ-

397 5146 622 5200 τάνευεν
647 5162 663 5177 ·
697 5144 793 5199 καὶ
821 5144 961 5214 μετὰ
987 5146 1087 5214 τῆς
1113 5140 1445 5212 συγγνώμης
1475 5142 1572 5195 καὶ
1592 5143 1688 5213 τὴν
1728 5143 1871 5197 ἴασιν
1895 5145 1986 5199 αύ-

399 5241 525 5304 τοὺς
571 5238 792 5310 ὀρέγειν
844 5237 1244 5293 ίκέτευεν.Ἦν
1300 5235 1609 5306 ἀδιστάκτῳ
1671 5238 1739 5307 τῇ
1801 5238 1983 5291 πίστει

401 5333 722 5406 πρεσϐεύων
779 5331 1090 5402 κομίζεται,
1127 5329 1294 5399 ἐλαίῳ
1339 5329 1419 5401 τῷ
1477 5329 1579 5400 τῆς
1623 5331 1896 5401 κανδήλας
1919 5333 1984 5386 ἐκ

401 5425 826 5498 προστάγματος
853 5423 1234 5492 ἀλειφόμενος,
1265 5422 1362 5474 καὶ
1401 5421 1580 5493 τούτῳ
1621 5421 1845 5494 πληρῶν
1876 5423 1984 5478 τῶν

399 5518 747 5572 ἐκπεσόντων
780 5516 986 5570 ὀστέων
1015 5516 1119 5585 τὴν
1145 5515 1376 5582 ἔνδειαν.
1423 5514 1535 5570 Καὶ
1567 5515 1726 5569 τοῦτο
1758 5515 1862 5586 μὲν
1889 5516 1982 5570 τοῦ

400 5609 584 5664 Καλοῦ
616 5608 954 5675 καθέστηκέν
991 5625 1050 5662 τε
1080 5607 1143 5662 τὸ
1170 5608 1434 5680 διήγημα,
1460 5608 1556 5662 καὶ
1582 5609 1678 5664 τοῦ
1702 5610 1984 5680 γεγονότος

402 5703 490 5756 ἐπ’
516 5700 665 5774 αύτῷ
695 5700 975 5772 θαύματος
998 5700 1059 5755 τὸ
1091 5701 1460 5773 μνημόσυνον.

2087 4507 2362 4579 praesidia.
2389 4505 2770 4578 conspexisset
2817 4505 2886 4560 ad
2927 4505 3367 4561 succurrendum
3404 4507 3664 4572 invalida,

2084 4601 2332 4670 dumque
2381 4597 2496 4652 fere
2524 4597 2640 4667 jam
2691 4597 2869 4666 ipsius
2904 4596 3063 4667 pedis
3109 4612 3234 4652 ossa
3279 4598 3541 4668 paulatim
3578 4612 3671 4652 ea-

2085 4690 2260 4750 dendo
2292 4689 2620 4753 deﬂuerent,
2653 4691 2919 4744 carnibus
2949 4703 3075 4744 cum
3125 4689 3364 4745 atlluenti
3400 4682 3554 4744 sanie
3601 4690 3671 4743 li-

2088 4779 2388 4853 quefactis,
2419 4780 2486 4833 ad
2514 4786 2836 4834 sanctorum
2863 4788 3169 4850 martyrum
3203 4778 3330 4849 Cyri
3362 4787 3416 4833 et
3439 4778 3685 4843 Joannis

2086 4872 2335 4942 confugit
2377 4871 2716 4942 praesidium,
2767 4871 2936 4926 nimis
2979 4871 3341 4941 semetipsum
3373 4885 3670 4933 accusans,

2086 4964 2237 5037 quod
2282 4963 2529 5019 medicos
2569 4961 2934 5032 praposuerit
2960 4963 3190 5027 sanctis,
3223 4970 3276 5018 et
3315 4964 3382 5016 de
3414 4962 3516 5018 hoc
3551 4962 3672 5015 val-

2086 5058 2156 5114 de
2179 5056 2580 5126 indulgentiam
2602 5053 2919 5124 supplicaus
2949 5053 3224 5118 invenire,
3250 5061 3304 5107 et
3339 5067 3464 5108 cum
3485 5051 3673 5106 indul-

2086 5148 2276 5222 gentia
2305 5145 2639 5200 medicinam
2666 5161 2762 5199 eos
2795 5143 3100 5200 concedere
3137 5159 3365 5212 :quam,
3397 5160 3521 5198 cum
3567 5146 3673 5198 ﬁde

2088 5239 2312 5297 indubia
2356 5245 2698 5308 precaretur,
2747 5240 2978 5304 adeptus
3026 5246 3131 5300 est,
3163 5237 3407 5292 candelae
3429 5237 3554 5292 oleo
3590 5237 3672 5294 eis

2087 5330 2541 5405 pracipieutibus
2598 5329 2916 5394 delibutus,
2979 5338 3036 5384 et
3093 5344 3162 5384 ex
3202 5343 3268 5385 eo
3323 5332 3676 5400 reintegraus

2087 5427 2290 5480 damna
2343 5421 2555 5478 ossium
2594 5421 2960 5491 dilapsorum.
2997 5421 3150 5478 Talis
3171 5422 3394 5493 quidem
3425 5421 3672 5493 ejusdem

2086 5516 2204 5573 Cati
2239 5513 2467 5572 exsistit
2499 5515 2770 5581 narratio,
2803 5523 2859 5572 et
2889 5513 3148 5572 miraculi
3186 5516 3337 5588 quod
3362 5518 3420 5573 in
3447 5531 3514 5574 eo
3545 5530 3673 5588 per-

2088 5615 2272 5665 actum
2295 5615 2402 5672 est,
2430 5604 2757 5662 recordatio.
