4020 6204
315 257 448 322 3431

420 363 510 420 iV.
545 361 708 416 -οε
741 357 949 414 Isidoro
982 354 1071 426 qui
1105 355 1354 422 pulmone
1393 349 1792 417 infirmabatur.

354 557 577 617 .lsidori
616 567 833 624 quoque
865 547 1243 618 aegritudinem
1284 541 1547 605 narrabo,
1579 546 1632 594 et
1657 537 1902 609 ejusdem

313 647 664 721 aegritudinis
719 641 1098 698 admirabilem
1158 652 1374 692 curam.
1447 632 1742 703 Majumitis
1784 640 1905 685 erat

311 740 578 801 Isidorus,
633 749 743 789 non
782 734 848 786 de
884 730 1124 800 Majuma
1155 727 1477 781 Gazmorum
1525 730 1774 787 exortus,
1808 719 1904 774 sed

311 835 380 888 de
423 831 661 900 Majuma
719 825 1232 881 Alexandrinorum
1289 818 1641 891 pragenitus,
1702 815 1795 884 qui
1850 814 1904 866 in

316 924 524 989 Pharo,
569 936 688 991 qua:
727 920 856 972 olim
899 916 1081 970 insula
1114 915 1316 976 luerat,
1350 911 1558 966 insitus
1600 917 1720 970 est;
1760 918 1908 959 nunc

314 1028 448 1068 vero
501 1027 629 1081 pars
681 1005 1031 1061 Alexandria:
1075 1003 1340 1067 adunata,
1393 1007 1448 1054 et
1495 995 1690 1054 eadem
1726 992 1908 1049 insula

316 1113 631 1173 reputatur.
669 1101 797 1153 licet
846 1097 1135 1166 antiquum
1170 1093 1382 1147 habens
1418 1088 1564 1144 idem
1599 1087 1753 1142 locus
1787 1100 1910 1156 per-

317 1200 480 1252 sistat
499 1191 852 1247 vocabulum.
893 1185 992 1240 llic
1021 1198 1260 1254 namque
1284 1179 1536 1236 Isidorus
1559 1177 1628 1235 de
1653 1177 1913 1248 pulmone

321 1285 564 1360 graviter
601 1281 781 1336 fuerat
817 1277 1128 1338 cruciatus,
1155 1283 1211 1328 et
1243 1287 1393 1326 mors
1424 1266 1769 1324 inlirmitatis
1797 1275 1915 1321 erat

323 1359 631 1434 remedium
662 1389 678 1436 ;
723 1371 870 1424 hunc
901 1367 1047 1422 enim
1101 1363 1470 1435 putrefactum
1523 1359 1790 1430 paulatim
1816 1373 1913 1412 ex-

333 1469 540 1540 pnebat
573 1465 626 1518 in
653 1463 843 1530 ﬁegma
877 1455 1119 1528 atquein
1150 1454 1470 1524 sanguinem
1500 1450 1824 1504 resolutum.
1851 1445 1917 1500 Et

327 1562 487 1614 ﬁnem
523 1557 646 1608 vitae
678 1569 742 1608 ex
771 1552 874 1606 hoc
905 1547 1278 1617 exspectabat,
1302 1559 1424 1613 qua:
1440 1555 1668 1612 prorsus
1698 1534 1918 1608 assequi

333 1645 652 1723 hujusmodi
678 1642 956 1714 pulmonis
982 1637 1368 1709 aegritudinem
1391 1635 1552 1690 solet.

1209 248 1273 306 S.
1316 239 1734 302 SOPHRONII
1782 236 2291 301 PATRIARCIUE
2352 233 2755 296 HIEROSOL.

3435 227 3575 292 3432

1927 364 1981 422 Α
2004 349 2074 400 Δ’.
2099 376 2169 388 -ο
2203 344 2339 410 Περὶ
2376 342 2671 410 ἰσιδώρου
2704 338 2810 392 τοῦ
2840 337 2948 390 τὸν
2975 335 3284 403 πνεύμονα
3311 333 3578 400 ἀσθενή-

2662 423 2907 474 σαντος.

2088 543 2367 612 Ίσιδὼρου
2401 542 2457 595 δὲ
2489 542 2589 606 τὴν
2621 538 2907 591 ἀσθένειαν
2936 536 3317 604 ἀφηγήσομαι,
3343 531 3442 586 καὶ
3481 529 3582 600 τῆς

2003 635 2294 698 ἀσθενείας
2346 634 2446 702 τὴν
2485 629 2788 700 παράδοξον
2835 627 3016 680 ῐασιν⁶
3059 624 3407 694 Μαῖουμίτης
3448 617 3515 693 ἦν
3553 622 3584 674 6

2017 726 2306 795 Ἰσίδωρος,
2347 722 2442 774 καὶ
2483 721 2544 772 οὐ
2581 717 2676 771 τοῦ
2707 717 2968 785 Μαὶουμᾶ
2996 715 3097 783 τῆς
3124 712 3372 775 Γαζαίων
3402 708 3586 780 ὁρμῶ-

2010 833 2191 890 μενος,
2217 813 2352 868 ἀλλά
2365 811 2458 865 τοῦ
2474 812 2573 881 τῆς
2606 806 3004 878 Ἀλεξανδρέων
3026 803 3292 874 Μαῖουμᾶ
3319 799 3584 872 γνωριζό-

2011 888 2189 977 μενος,
2216 906 2364 966 ὅστις
2394 905 2451 956 ὲν
2480 901 2644 970 Φάρῳ
2665 900 2731 968 τῇ
2759 913 2889 949 ποτε
2917 894 3065 965 νήσῳ
3097 891 3460 960 καθέστηκεν,
3490 888 3587 944 νῦν

2007 1000 2064 1052 δὲ
2090 998 2255 1068 μέρος
2301 991 2729 1064 Ἀλεξανδρείας,
2761 987 3054 1056 ένωθείσης
3074 988 3141 1055 τῇ
3171 983 3325 1038 πόλει
3357 981 3457 1051 τῆς
3489 981 3586 1050 νήο

2011 1109 2128 1154 σου,
2159 1087 2455 1157 λογίζεται,
2487 1087 2534 1138 εί
2563 1085 2658 1137 καί
2681 1081 2778 1154 τὴν
2803 1079 3040 1135 παλαιὰν
3071 1079 3213 1147 ἔχων
3240 1077 3268 1129 6
3299 1075 3465 1138 τόπος
3494 1072 3588 1126 τοῦ

2010 1181 2276 1251 Μαῖουμᾶ
2322 1176 2698 1251 προσηγορίαν
2727 1174 3038 1243 ἐπέμεινεν.
3070 1164 3240 1230 Οὗτος
3277 1167 3370 1222 οὖν
3400 1167 3429 1219 6
3462 1165 3587 1219 Ἰσία-

2012 1276 2185 1345 δωρος
2213 1271 2468 1344 χαλεπῶς
2492 1271 2634 1323 πάνυ
2659 1267 2913 1328 διέκειτο,
2955 1261 3050 1316 τοῦ
3093 1259 3397 1330 πνεύμονος
3428 1257 3592 1310 αὐτὸν

2015 1363 2270 1436 χαλεπῶς
2325 1359 2780 1431 κατατρύχοντος,
2837 1355 2932 1408 καὶ
2987 1352 3215 1406 θάνατον
3277 1347 3426 1417 αὐτῷ
3493 1347 3592 1415 τῆς

2017 1456 2304 1517 ἀσθενείας
2335 1450 2804 1520 ἐπαγγελλόμενος
2827 1447 2889 1499 τὸ
2913 1448 3204 1514 φάρμακον
3224 1457 3239 1472 ο
3267 1438 3459 1516 τοῦτον
3485 1438 3595 1506 γὰρ

2002 1511 2328 1616 ¹σηπόμενόν
2352 1511 2471 1594 me;
2494 1511 2677 1606 ἀλίγον
2709 1511 2973 1590 ἀνέπτυεν
3099 1524 3238 1600 αἷμα
3262 1527 3354 1582 καὶ
3377 1511 3597 1594 φλέγμα

2021 1637 2303 1707 λυόμενον,
2335 1633 2430 1687 καὶ
2475 1632 2576 1700 τὴν
2619 1626 2870 1683 ἐντεῦθεν
2911 1622 3169 1690 τελευτήν
3220 1616 3599 1690 προσεδέχετο,

1931 1699 1982 1759 Α
2013 1699 2134 1800 ’ήτις
2163 1699 2474 1782 ἀκολουθεῖν
2501 1699 2679 1792 πάντη
2707 1737 2765 1772 τε
2791 1718 2883 1772 καὶ
2906 1718 3123 1777 πάντως
3149 1715 3214 1782 τῇ
3236 1709 3458 1778 τοιαύτῃ
3483 1706 3600 1759 δια-ι

402 1955 509 2010 Sed
548 1955 600 2008 in
662 1953 768 2007 hoc
836 1949 1080 2004 Isidorus
1142 1945 1388 2014 seipsum
1445 1938 1813 2010 conspiciens,
1865 1944 1914 1991 et

335 2061 678 2115 cegnoscens
710 2041 858 2112 quod
904 2040 1056 2094 nulla
1107 2036 1302 2092 salutis
1341 2047 1465 2102 spes
1506 2031 1576 2086 ab
1605 2027 1921 2084 hominibus

335 2137 718 2197 remansisset,
754 2132 962 2186 habens
999 2129 1054 2182 in
1085 2133 1315 2181 sanctos
1350 2122 1552 2194 Cyrum
1580 2118 1919 2176 etJoannem

339 2239 613 2296 martyres
650 2225 830 2288 ﬁdem,
864 2238 988 2292 qua
1015 2226 1233 2274 montes
1259 2215 1479 2287 quidem
1513 2211 1824 2282 transponit
1866 2210 1922 2263 in

335 2333 508 2378 mare.
556 2323 805 2369 mortuos
863 2319 1045 2365 autem
1097 2308 1262 2377 erigit
1309 2304 1377 2359 de
1428 2300 1716 2372 sepulcris,
1761 2298 1922 2351 talem

338 2424 576 2478 namque
633 2409 713 2462 eis
761 2404 1007 2458 Salvator
1067 2402 1322 2455 virtutem
1372 2394 1644 2458 attribuit,
1673 2390 1924 2446 affectum

337 2517 528 2557 eorum
561 2513 725 2568 quem
761 2496 817 2549 in
849 2509 908 2548 se
939 2494 1144 2547 habent
1190 2495 1500 2560 opportune
1547 2494 1924 2542 remunerans,

339 2592 409 2646 ad
441 2591 664 2644 eosdem
705 2585 1114 2654 omnipotentes
1154 2579 1399 2634 medicos
1440 2575 1509 2629 de
1539 2573 1761 2627 civitate
1800 2582 1928 2638 pro-

341 2682 589 2755 greditur
623 2696 636 2732 :
665 2677 826 2746 cujus
885 2675 1047 2728 ﬁdem
1097 2677 1367 2740 martyres
1408 2663 1685 2728 admirati,
1719 2675 1828 2715 non
1874 2659 1929 2712 in

342 2772 527 2828 noctis
557 2769 794 2831 soumio,
828 2765 920 2822 sed
967 2765 1020 2817 in
1062 2763 1294 2826 visione,
1328 2771 1450 2812 sese
1489 2753 1929 2814 manifestantes,

343 2879 452 2920 non
487 2863 590 2916 hoc
623 2870 717 2913 aut
761 2857 894 2911 illud
941 2855 1142 2917 facere,
1178 2850 1274 2907 sed
1309 2849 1430 2905 citri
1463 2846 1768 2918 portionem
1801 2857 1932 2912 por-

347 2959 610 3026 rigentes,
648 2957 898 3021 prompte
931 2944 1221 3000 comedere
1253 2939 1674 2996 mandaverunt.
1711 2935 1806 2988 illc
1833 2947 1934 2986 au-

2019 1822 2168 1876 θέσει
2191 1818 2286 1873 τοῦ
2317 1816 2624 1888 πνεύμονος
2655 1807 2917 1884 [εἴωθεν].

2103 1953 2244 2006 Ἀλλ’
2275 1953 2334 2007 ὲν
2365 1949 2579 2013 τούτοις
2630 1949 2822 2000 ἑαυτὸν
2874 1942 3232 2011 θεασάμενος,
3272 1938 3366 1990 καὶ
3415 1934 3602 2005 μαθὼν

2020 2045 2096 2109 ῶς
2124 2045 2389 2115 οὐδεμιᾶς
2432 2039 2710 2111 σωτηρίας
2742 2036 2897 2099 ἐλπὶς
2931 2033 3081 2105 παρὰ
3115 2029 3422 2100 ἀνθρώποις
3455 2025 3604 2094 αὐτῷ

2023 2135 2470 2195 καταλέλειπται,
2517 2129 2701 2181 πίστιν
2738 2126 2879 2196 έχων
2924 2125 3004 2186 είς
3037 2121 3164 2183 τὼς
3197 2118 3386 2186 ἁγίους
3422 2115 3604 2185 Κῦρον

2025 2230 2118 2284 καὶ
2132 2227 2384 2295 Ἰωάννην
2409 2223 2536 2285 τοὺς
2561 2220 2868 2292 μάρτυρας,
2901 2215 3002 2284 τὴν
3028 2213 3130 2283 ὄρη
3156 2210 3497 2282 μεθιστῶσαν
3525 2209 3606 2270 εἰς

2027 2321 2326 2382 θάλασσαν,
2354 2314 2585 2386 νεκροὺς
2628 2313 2684 2365 δὲ
2721 2312 2786 2364 ἐκ
2819 2309 3010 2380 τάφων
3045 2305 3369 2377 ἐγείρουσαν
3397 2301 3607 2374 (τοιαύ-

2025 2432 2127 2486 την
2157 2413 2266 2483 γὰρ
2303 2410 2487 2473 αὐτοῖς
2517 2409 2545 2460 6
2574 2405 2762 2477 Σωτὴρ
2779 2402 3052 2475 παρέσχεν
3081 2399 3179 2470 τὴν
3207 2395 3484 2466 δύναμιν),
3509 2393 3609 2463 τὴν

2029 2507 2110 2569 εὶς
2152 2503 2316 2559 αὐτὸν
2357 2498 2591 2569 στοργήν
2634 2495 2928 2567 προσφυῶς
2973 2491 3356 2563 ἀμειϐόμενος,
3399 2486 3486 2539 ἐπ’
3513 2487 3610 2538 αὺ-

2029 2598 2157 2661 τοὺς
2181 2593 2429 2650 τουτουσὶ
2454 2592 2580 2653 τοὺς
2607 2587 2925 2648 πανσθενεῖς
2951 2586 3031 2637 ίατ
3043 2583 3168 2654 pob;
3193 2584 3258 2634 ὲκ
3277 2581 3374 2650 τῆς
3402 2577 3611 2638 πόλεως

2033 2690 2268 2761 ἔρχεται.
2304 2678 2379 2740 Ob
2406 2684 2504 2755 τὴν
2531 2681 2714 2735 πίστιν
2743 2681 2793 2733 oi
2826 2680 3100 2750 μάρτυρες
3126 2672 3483 2743 ἀγασάμενοι,
3511 2673 3613 2723 οὐκ

2032 2787 2166 2856 ὄναρ
2199 2784 2316 2838 ἀλλ’
2342 2781 2492 2852 ῦπαρ
2521 2779 2671 2849 αύτῷ
2701 2774 3134 2848 παραφαίνονται
3155 2786 3169 2801 ⁶
3200 2770 3260 2824 οὐ
3291 2768 3409 2822 τόδε
3438 2771 3612 2820 ποιεῖν

2035 2879 2069 2949 ἢ
2103 2879 2222 2932 τόδε
2269 2875 2722 2948 προστάττοντες,
2764 2867 2881 2924 ἀλλ’
2918 2867 3027 2922 ἀπὸ
3055 2865 3246 2936 κίτρου
3288 2861 3454 2932 μέρος
3485 2858 3610 2929 ὀρέ-

2036 2988 2226 3041 γοντες
2246 2971 2340 3024 καὶ
2361 2967 2565 3021 ἐσθίειν
2587 2965 3036 3038 προστάττοντες.
3055 2960 3112 3013 '0
3138 2959 3194 3012 δὲ
3209 2956 3319 3012 τῶν
3345 2957 3403 3009 ἐν
3419 2953 3496 3023 τῷ
3510 2951 3615 3020 νεῷ

347 3024 456 3099 tem
487 3043 726 3112 aliquem
758 3053 883 3092 esse
912 3033 1262 3095 existimans,
1293 3028 1361 3084 de
1401 3027 1486 3082 his
1511 3024 1606 3096 qui
1637 3032 1934 3094 praesentes

2041 3024 2326 3133 παρόντων
2363 3059 2516 3121 τινὰς
2553 3024 2839 3109 ὑπολαϐὼν
2873 3047 3013 3105 εἶναι
3053 3049 3180 3111 τοὺς
3223 3048 3528 3118 μάρτυρας,
3556 3044 3618 3093 τὸ

349 3137 405 3191 in
441 3111 674 3189 basilica
709 3130 951 3192 fuerant,
978 3122 1122 3194 quod
1151 3121 1340 3176 datum
1374 3117 1552 3172 fuerat
1578 3121 1731 3186 grate
1759 3111 1938 3167 susci-

356 3229 538 3301 piens,
571 3234 626 3281 et
664 3224 897 3278 libenter
927 3215 1247 3278 comedens,
1279 3213 1406 3268 dum
1434 3208 1611 3264 adhuc
1637 3215 1938 3262 extremam

354 3329 566 3390 partem
605 3315 728 3370 citri
773 3326 934 3383 quem
970 3305 1298 3363 comedebat
1338 3299 1645 3366 manderet,
1678 3297 1732 3352 in
1767 3297 1943 3350 vomi-

356 3419 472 3462 tum
505 3415 687 3461 motus
713 3413 833 3466 est;
865 3417 931 3456 ex
966 3400 1178 3468 hocque
1221 3395 1496 3456 turbatus,
1528 3403 1638 3443 una
1667 3401 1791 3440 cum
1821 3384 1945 3438 cibo

356 3509 414 3555 et
443 3514 708 3560 vermem,
736 3496 827 3566 qui
859 3494 1179 3566 pulmonem
1206 3487 1328 3558 ejus
1354 3482 1694 3549 comedebat,
1721 3479 1945 3550 abjecit,

358 3592 505 3663 quod
563 3589 794 3661 eiiciens
844 3585 1049 3657 pariter
1099 3590 1156 3638 et
1208 3577 1590 3651 aegritudinem
1644 3573 1855 3644 abjicit,
1894 3579 1950 3625 et

365 3684 683 3740 ﬁrmitatem
713 3681 980 3736 continuo
1009 3674 1226 3744 recipit.

384 3831 449 3898 Υ.
486 3871 558 3882 -
590 3837 667 3892 De
699 3835 895 3891 Manna
923 3832 1204 3902 pltilopono
1237 3828 1328 3898 qui
1367 3821 1676 3894 emphraxin
1716 3817 1919 3872 habuit.

447 4034 592 4090 ﬂora
654 4037 740 4086 est
797 4041 898 4082 nos
948 4031 1073 4094 post
1126 4013 1507 4074 admirabilem
1579 4009 1953 4066 narrationem

366 4127 591 4191 lsiilori,
624 4123 876 4177 Mennam
926 4117 1284 4187 philoponum
1341 4108 1395 4162 in
1447 4105 1689 4160 medium
1735 4101 1955 4168 ducere,

370 4219 468 4291 qui
499 4213 822 4288 pbilopouio
848 4213 1104 4281 prmerat,
1137 4202 1283 4273 quod
1312 4208 1391 4255 est
1425 4197 1491 4252 ad
1517 4195 1784 4252 Peronam
1811 4194 1958 4249 circa

372 4290 595 4368 beatum
637 4304 938 4360 Andream.
977 4297 1077 4352 llic
1138 4293 1466 4365 philoponus
1516 4290 1825 4343 inﬁrmatus
1875 4294 1960 4341 cst

375 4403 640 4473 graviter,
676 4395 847 4450 febris
875 4399 1058 4445 autem
1090 4396 1211 4442 crat
1248 4385 1542 4439 vehemens
1573 4381 1692 4452 ejus
1723 4379 1958 4434 iutirmi-
1989 4377 2032 4431 D

375 4505 501 4560 tas;
557 4507 678 4562 quae
733 4491 1005 4543 instanter
1057 4498 1181 4538 eum
1243 4492 1407 4548 atque
1464 4476 1756 4545 ﬁagranter
1807 4473 1960 4546 [alibi

379 4581 579 4654 fragm]
610 4594 888 4651 aggressa,
923 4582 976 4630 et
1009 4572 1122 4628 fere
1149 4585 1368 4626 omnem
1401 4567 1650 4636 corporis
1677 4565 1962 4619 humorem

379 4674 761 4743 exstinguens,
801 4668 869 4723 ad
916 4663 1239 4735 emphraxin
1271 4675 1394 4715 eum
1435 4657 1803 4712 immensitate
1839 4653 1966 4708 des-

381 4765 705 4825 siccationis
753 4759 1028 4832 perduxit.
1071 4755 1246 4822 Quam
1300 4749 1512 4805 ventris
1565 4747 1966 4801 districtionem

383 4858 642 4928 discipuli
684 4854 1044 4914 medicorum,
1074 4847 1142 4902 de
1175 4843 1423 4899 febribus
1463 4837 1622 4908 quasi
1667 4851 1778 4891 non
1824 4836 1970 4904 peri-

386 4923 596 5006 culosis
636 4954 895 4999 exortam
950 4936 1310 5006 negligentes,
1345 4927 1649 4983 dissolvere
1691 4923 1971 4977 conaban-

389 5053 498 5106 tur,
532 5051 745 5110 pannos
776 5031 1046 5105 plurimos
1087 5036 1142 5082 et
1187 5025 1436 5078 diversas
1481 5017 1773 5073 unctiones
1818 5013 1973 5068 adhi-

389 5102 605 5194 bentes,
638 5136 693 5182 et
741 5102 794 5179 in
841 5122 923 5178 eis
971 5119 1254 5174 mittentes
1286 5110 1557 5176 antidota,
1596 5115 1651 5162 et
1692 5106 1847 5160 cibos
1881 5102 1973 5173 qui

395 5230 642 5279 ventrem
701 5215 981 5272 solverent
1043 5208 1385 5279 porrigentes
1439 5221 1453 5256 :
1501 5208 1555 5255 et
1617 5198 1730 5252 haec
1792 5193 1975 5250 omnia

395 5317 740 5373 exercentes,
784 5319 891 5358 non
939 5300 1119 5356 solum
1165 5295 1303 5350 nihil
1345 5292 1396 5348 ei
1439 5305 1505 5344 ex
1541 5289 1627 5341 his
1656 5301 1777 5357 quae
1815 5283 1978 5337 dede-

401 5409 524 5456 rant
573 5397 923 5469 profuerunt,
961 5405 1089 5446 nam
1141 5401 1261 5456 qua:
1312 5384 1367 5438 in
1419 5390 1665 5435 ventrem
1717 5375 1982 5429 miserant

403 5492 739 5546 .ntrinsecus
789 5481 1202 5541 remanentibus
1251 5483 1308 5532 et
1363 5489 1468 5530 non
1524 5469 1834 5524 valentibus
1887 5480 1982 5518 ex-

407 5583 605 5649 creari,
635 5580 809 5634 nntlto
838 5575 1074 5646 amplius
1109 5572 1193 5626 vir
1227 5569 1345 5638 ipse
1386 5559 1820 5636 periclitabatur,
1854 5569 1985 5624 pau-

2042 3153 2194 3208 δουὲν
2219 3149 2474 3222 ἀσμένως
2500 3148 2741 3214 ἐδέξατο,
2769 3143 2866 3198 καὶ
2887 3142 3057 3213 ἡδέως
3083 3139 3381 3208 δεξάμενος
3408 3133 3617 3206 ήσθιεν.

2057 3245 2197 3300 Ἀλλ’
2215 3245 2297 3297 ἔτι
2315 3242 2408 3295 τοῦ
2425 3238 2670 3296 καταποθ
2677 3236 2826 3300 έντος
2837 3235 2925 3290 κίτ
2933 3250 3027 3305 ρου
3037 3231 3100 3285 τὸ
3111 3228 3422 3283 τελευταῖον
3437 3226 3596 3297 μασὼ
3604 3253 3623 3263 ο

2050 3355 2235 3412 μενος.
2273 3333 2500 3406 ἐκινήθη
2532 3331 2670 3402 πρὸς
2698 3329 2926 3400 ἔμετονο
2961 3324 3055 3379 καὶ
3083 3321 3242 3376 τοῦτο
3279 3315 3467 3372 παθὼν
3497 3333 3624 3368 συν-

2047 3431 2313 3502 αναφέρει
2347 3427 2426 3497 τῷ
2461 3424 2715 3497 βρώματι
2744 3422 2838 3477 καὶ
2868 3419 2962 3475 τὸν
2987 3415 3094 3490 [τὸ]
3121 3413 3402 3484 πνεύμονα
3461 3427 3624 3464 κατε-

2050 3521 2270 3576 σθίοντα
2293 3517 2550 3586 σκώληκα
2568 3532 2583 3546 °
2618 3514 2676 3568 6v
2697 3510 3006 3577 ἀποϐαλὼν,
3032 3500 3620 3570 συναποϐάλλειτούτῳ

2050 3615 2112 3668 τὸ
2140 3613 2374 3683 νόσημα,
2406 3609 2502 3663 καὶ
2529 3607 2629 3679 τὴν
2661 3607 2828 3678 ρῶσιν
2854 3603 3054 3665 εὐθέως
3088 3598 3407 3668 εἰσδέχεται.

2053 3793 2131 3851 E'.
2166 3819 2237 3835 --
2260 3789 2403 3860 Περὶ
2431 3786 2608 3857 Μηνᾶ
2636 3785 2743 3860 τοῦ
2779 3779 3115 3860 φινξοπόνου
3149 3772 3482 3846 ἐσχηκότος
3517 3768 3631 3838 τὴν
3689 3763 3696 3766 ’

2647 3855 2966 3926 ἐμφραξιν.

2128 3983 2273 4053 ’Ὥρα
2300 3978 2359 4034 δὲ
2397 3977 2546 4047 ήμᾶς
2583 3973 2702 4045 μετ’
2737 3970 3006 4038 Ἰσίδωρον
3059 3964 3152 4018 καὶ
3182 3961 3281 4032 τὴν
3319 3959 3441 4013 κατ’
3472 3956 3635 4010 αὐτὸν

2059 4047 2369 4146 θαυμασίαν
2400 4067 2551 4132 λέξαι
2581 4065 2856 4136 διήγησιν,
2887 4057 3080 4130 Μηνᾶν
3109 4055 3188 4116 είς
3219 4052 3383 4124 μέσον
3405 4047 3634 4116 ἀγαγεῖν

2057 4137 2504 4234 τὸίφιλόπονον,
2541 4158 2600 4222 ὃς
2629 4153 2972 4226 φιλοπονείου
3021 4146 3319 4219 προΐστατο
3357 4139 3454 4194 τοῦ
3497 4137 3636 4192 κατά

2060 4261 2150 4314 τὸν
2182 4229 2432 4327 ’Ᾰνδρέου
2465 4252 2559 4306 τοῦ
2589 4249 2734 4304 θείου
2776 4245 2871 4300 τοῦ
2902 4245 2982 4307 είς
3019 4240 3117 4312 τὴν
3145 4235 3406 4309 Περώνην
3453 4229 3636 4300 ὑπάρ-

2063 4367 2271 4425 χοντος.
2306 4321 2693 4418 ξΗρρὡτησεν
2718 4336 2904 4401 δεινῶς
2929 4337 2958 4389 6
2985 4331 3294 4404 φιλόπονος,
3321 4321 3553 4396 πυρετὸς
3579 4321 3637 4373 δὲ

2062 4413 2130 4518 ἦν
2188 4413 2424 4512 σφοδρός.
2463 4438 2524 4491 τὸ
2569 4431 2932 4507 ἀρρώστημα,
2966 4427 3026 4490 ὃς
3057 4420 3465 4490 ἐπιτεταμένως
3491 4413 3640 4483 αὐτῷ

2065 4506 2158 4592 καὶ
2189 4506 2425 4595 διάκαῶς
2463 4506 2739 4600 ἐμϐαλὼν,
2770 4525 2865 4577 καὶ
2899 4523 3079 4574 πᾶσαν
3124 4513 3309 4586 σχεδὸν
3356 4506 3640 4580 ὲξαμϐλῶο

2067 4648 2168 4693 σας
2201 4625 2367 4682 αὐτοῦ
2401 4596 2510 4691 τῆς.
2529 4617 2768 4688 γαστρὸς
2797 4613 2896 4684 τὴν
2927 4609 3222 4680 ὑγρότητα,
3260 4604 3339 4666 είς
3370 4596 3642 4670 ἐμφραξιν

2067 4690 2232 4777 αὑτὸν
2258 4714 2532 4787 ὑπερϐολῇ
2563 4709 2857 4780 ξηρότητος
2892 4704 3126 4773 ήγαγεν,
3154 4697 3248 4750 καὶ
3281 4693 3484 4762 ταύτην
3514 4690 3643 4742 παῖ-

2066 4817 2153 4878 δες
2178 4778 2380 4883 ἰατρῶν
2397 4778 2727 4876 τῆς-κοιλίας
2749 4797 2848 4863 τὴν
2869 4791 3143 4863 ἐμφραξιν
3164 4786 3271 4839 τῶν
3296 4779 3546 4853 πυρετῶν
3570 4778 3644 4839 ὡς

2069 4868 2478 4970 ἀκίνδυνότερον
2500 4893 2898 4965 ἀμελήσαντες,
2925 4883 3162 4938 διαλύειν
3185 4878 3479 4947 ὑπήγοντο,
3502 4868 3648 4922 πλεί-

2075 5013 2228 5059 σταις
2259 4964 2557 5062 ἐμϐροχαῖς
2584 4986 2680 5039 καὶ
2709 4980 2990 5050 διαφόροις
3023 4972 3328 5042 ἀλείμμασι
3353 4964 3645 5062 χρώμενοι,

2074 5088 2169 5142 καὶ
2337 5053 2770 5133 τῶν-ἀντιδότων
2809 5065 3034 5128 λυτικάς
3068 5063 3160 5116 διὰ
3193 5058 3461 5128 στόματος
3500 5053 3650 5121 πέμ-

2077 5192 2290 5238 ποντες,
2318 5173 2415 5226 καλ⁸
2452 5167 2718 5241 βρώματα
2745 5163 2836 5215 τὸν
2874 5159 3146 5228 στόμαχον
3177 5149 3470 5220 φθείροντα
3512 5161 3654 5214 παρ·-

2077 5235 2353 5339 εχόμενοι.
2385 5235 2546 5314 Ἀλλὰ
2575 5235 2797 5318 ’τούτοις
2831 5252 3004 5306 ἅπασι
3051 5241 3474 5313 ἀγωνισάμενοι,
3504 5235 3654 5297 τέλος

2079 5327 2406 5422 ἐπαύσαντο,
2439 5353 2515 5424 μὴ
2546 5350 2706 5422 μόνον
2731 5345 2896 5398 αὑτὸν
2926 5341 3092 5412 μηδὲν
3133 5339 3197 5388 ὲκ
3221 5333 3331 5386 τῶν
3360 5327 3657 5397 δεδομένων

2080 5416 2414 5522 ὼνήσαντεςν,
2439 5416 2452 5424 ’
2475 5416 2612 5497 ἀλλά
2655 5441 2750 5492 καί
2789 5433 2861 5518 τά
2893 5432 3132 5502 μέγιστα
3167 5423 3488 5495 βλάψαντες.
3530 5416 3652 5522 Ton:

2082 5503 2194 5616 ξάέ
2219 5544 2285 5612 τῇ
2312 5503 2512 5608 γαστρὶ
2535 5512 3058 5603 παραπεμπομένων
3087 5519 3234 5572 ἔνδον
3271 5511 3540 5585 μενόντων
3562 5503 3661 5558 xui.

407 5598 605 5649 creari,
635 5598 809 5634 111111ιο
838 5598 1074 5646 amplius
1113 5598 1183 5626 vn
1228 5598 1345 5638 ipsc
1387 5598 1820 5636 pu..u...........,
1854 5598 1956 5624 ιη...

349 5729 358 5733 -
411 5674 565 5734 latim
616 5682 831 5726 tumore
887 5665 1092 5723 ventris
1148 5669 1391 5724 extento,
1439 5653 1648 5710 nullum
1702 5648 1952 5703 invenien

2095 5598 2136 5616 .-
2163 5598 2175 5616 .
2259 5598 2285 5612 ..
2325 5598 2337 5608 .
2459 5598 2470 5608 .
2621 5598 2632 5603 _
2771 5598 2776 5599 ν

2087 5631 2542 5709 παραιτουμένων
2609 5624 2708 5694 τὴν
2769 5620 3028 5687 ἕκρυσιν,
3106 5608 3368 5682 μειζόνως
3431 5603 3459 5655 6
3519 5598 3660 5668 ἀνὴρ
