4010 6208
392 297 532 363 3439

1251 312 1309 374 s.
1347 294 1762 376 SOPHRONII
1794 318 2297 384 PATRIARCll.-E
2337 320 2736 388 1113110301..

3501 320 3646 398 3MB

305 445 311 450 ~
391 422 766 475 Inutistrantcs
800 436 814 474 :
854 435 948 476 seu
997 422 1277 479 hominum
1321 428 1692 499 malignorum
1738 436 1938 490 tentatii

2070 440 2251 512 ήρεια.
2285 441 2538 513 εὐμαρῶς
2593 442 2763 514 αὐτὴν
2813 438 3153 498 διαλύουσινο
3210 444 3312 499 κᾶν
3362 445 3565 517 θηρίων

391 507 582 577 fuerit,
614 510 755 565 banc
790 510 950 567 facile
983 513 1286 585 dissipant;
1319 518 1436 574 sive
1462 521 1627 576 etiam
1662 522 1964 580 bestiarum

2070 535 2427 606 κακοτρόπων
2469 536 2503 605 ή
2556 534 2766 603 ἔφοδος,
2800 535 2897 608 τὴν
2928 536 3198 608 σωτηρίαν
3243 538 3603 609 βραϐεύουσιν
3627 559 3643 574 ο

386 600 754 670 pessimarum
807 605 1091 673 contingat
1146 608 1429 676 incursus,
1460 613 1703 686 salutem
1759 616 1938 688 imper

2066 625 2173 680 κᾶν
2201 600 2390 681 παθῶν
2474 600 2693 699 δριμεῖα
2723 629 2818 681 καὶ
2850 600 3110 694 ἀστεκτος
3144 600 3374 700 βάσανος
3400 671 3414 694 ,
3446 648 3646 685 κατευ-

387 690 553 746 tiunt.
589 691 665 746 Ita
700 708 922 767 quoque
970 699 1135 752 etiam
1190 698 1513 772 languorum
1566 706 1867 763 acerrimos
1909 718 1965 764 et

385 782 762 841 intolerabiles
813 787 1094 846 cruciatus
1147 792 1418 863 mitigant,
1458 804 1513 851 et
1560 806 1817 868 tanquam
1865 800 1963 856 be-

384 874 534 946 nigni
569 876 764 931 medici
801 882 1050 935 sanando
1093 884 1442 940 subveniunt.
1485 887 1578 942 Vel
1622 889 1671 944 si
1704 889 1760 945 in
1804 886 1961 962 aquis

381 972 493 1019 tam
540 969 883 1038 stagnalibns
937 986 1100 1040 quam
1155 975 1383 1031 marinis
1432 977 1726 1037 discrimen
1777 980 1960 1037 immi-

380 1065 531 1125 neat,
566 1062 917 1117 serenitatem
949 1063 1269 1135 impertiant
1304 1078 1356 1121 et
1397 1078 1465 1125 se’
1488 1085 1816 1128 venerantes
1847 1075 1959 1129 eri-

379 1152 558 1221 piunt.
617 1149 773 1208 Sicut
824 1165 956 1210 tunc
994 1168 1319 1227 apparentes
1371 1160 1651 1217 invocanti
1705 1166 1958 1221 Christo-

376 1242 544 1311 doro,
599 1242 687 1299 hic
733 1246 954 1315 quidem
1009 1251 1188 1307 ventis
1236 1254 1513 1319 recedere,
1564 1256 1655 1311 ille
1699 1261 1959 1330 praecepit

375 1334 537 1403 aquis
558 1335 875 1405 quiescere;
905 1342 1381 1413 contmttniterque
1405 1348 1756 1402 serenitatem
1787 1352 1953 1416 acris,

374 1435 431 1482 et
481 1426 746 1482 ﬂuctuum
807 1430 1241 1501 substernentes,
1276 1444 1447 1492 ratem
1502 1439 1750 1511 dirigunt
1801 1445 1954 1498 navi-

375 1516 595 1585 gatione
624 1519 942 1588 tranquilla,
976 1528 1035 1574 ut
1067 1523 1382 1580 ministrum
1420 1530 1702 1598 proprium
1747 1532 1956 1587 salvas-

373 1618 526 1675 sent;
581 1625 745 1680 Opere
796 1611 1240 1672 demonstrantes
1289 1628 1558 1688 quantum
1616 1625 1831 1694 prosint
1885 1627 1950 1679 ad

374 1701 635 1756 auxilium
667 1704 938 1771 invocati;
972 1715 1027 1761 et
1058 1707 1160 1762 hoc
1189 1708 1379 1768 fideles
1408 1714 1571 1782 scire,
1595 1720 1687 1786 qui
1717 1722 1948 1775 necdum

2066 718 2319 783 νάζουσιν
2347 721 2442 774 καὶ
2472 720 2549 784 ὼς
2592 724 2882 792 προσηνεῖς
2919 722 3093 793 ίατροὶ
3136 722 3533 794 θεραπεύουσιν
3556 741 3570 756 ο
3606 724 3642 796 ἢ

2063 808 2130 863 ἂν
2182 812 2241 863 ἐν
2290 810 2477 866 ῦδασιν
2589 811 2860 884 λιμναίοις
2903 813 2936 884 ἦ
2983 812 3293 877 θαλαττίοις
3319 816 3348 868 6
3377 814 3642 880 κίνδυνος,

2062 903 2303 974 γαλήνην
2333 904 2646 975 χαρίζονται
2682 905 2775 958 καὶ
2803 904 3122 975 λυτροῦνται
3171 905 3300 967 τοὺς
3347 905 3601 968 σέϐοντας
3623 923 3639 937 ο

2060 992 2137 1057 ὼς
2165 994 2259 1047 καὶ
2286 995 2408 1047 τότε
2439 994 2800 1067 Χριστοδὼρῳ
2829 995 3088 1064 φανέντες
3115 994 3428 1059 καλέσαντι,
3467 996 3496 1049 6
3543 996 3643 1066 μὲν

2059 1086 2290 1157 ἠρεμεῖν
2317 1089 2432 1151 τοῖς
2459 1088 2681 1158 ἀνέμοις
2706 1088 2993 1141 ἐκέλευσεν
3012 1129 3027 1153 ,
3054 1090 3083 1142 6
3120 1087 3179 1142 δὲ
3212 1088 3508 1159 ἡσυχάζειν
3537 1091 3642 1142 s1:-

2058 1176 2223 1246 ετίμα
2266 1179 2379 1243 τοῖς
2428 1177 2633 1242 ὕδασιν,
2662 1179 2854 1242 κοινῶς
2884 1178 3072 1249 δὲτὴν
3112 1179 3295 1232 εὐδίαν
3339 1177 3433 1233 τοῦ
3475 1179 3642 1251 ἀέρος

2059 1267 2427 1335 ἀπλώσαντες,
2461 1271 2551 1324 καὶ
2587 1271 2680 1323 τοῦ
2718 1269 2988 1342 ῥεύματος
3018 1270 3078 1323 τὸ
3107 1271 3312 1339 σκάφος
3340 1271 3398 1323 ὲν
3425 1270 3640 1342 γαλήνῃ

2058 1360 2211 1413 πλεῖν
2240 1377 2342 1414 κατ
2353 1360 2628 1424 ιθύναντες
2652 1403 2666 1428 ,
2691 1362 2784 1414 τὸν
2820 1361 2983 1431 σοφὸν
3010 1359 3190 1414 αὑτῶν
3221 1361 3535 1431 λειτουργὶιν
3567 1361 3641 1414 δι-

2056 1452 2349 1516 εσώσαντο,
2383 1452 2655 1518 δείξαντες
2700 1454 2944 1525 ἐναργῶς
2993 1454 3115 1506 ὅσον
3154 1452 3456 1522 ὠφελοῦσιν
3501 1453 3641 1524 πρὸς

2056 1545 2374 1615 συμμαχίαν
2405 1544 2728 1616 καλούμενοι
2747 1561 2761 1575 ’
2802 1545 2896 1599 καὶ
2932 1543 3091 1598 τοῦτο
3122 1545 3397 1599 διδάσκειν
3424 1546 3550 1607 τοὺς
3572 1545 3637 1598 οὐ

2055 1622 2456 1703 γιγνώσκοντας
2484 1637 2708 1700 πιστοὺς
2735 1637 3085 1707 ὑποθέμενοι,
3123 1637 3210 1689 ἵνα
3261 1638 3320 1689 ἐν
3368 1637 3639 1711 ἀνάγκαις

2053 1724 2253 1790 αότοὺς
2302 1727 2397 1782 καὶ
2443 1725 2712 1791 κινδύνοις
2742 1726 2992 1800 ἀρωγοὺς
3020 1725 3515 1797 προσκαλούμενοι,
3545 1725 3641 1779 εῦ-

374 1806 746 1865 cognoveraut
792 1800 1111 1867 suadentes,
1156 1812 1220 1857 ut
1278 1805 1333 1860 in
1385 1811 1807 1867 necessitatibus
1856 1829 1938 1868 eos

2058 1834 2201 1889 ροιεν
2252 1818 2434 1873 αὐτῶν
2479 1819 2579 1890 τὴν
2628 1818 2972 1889 ποθουμένην
3018 1816 3327 1888 ἀντίληψιν.
3378 1818 3475 1870 καὶ
3525 1817 3640 1870 τῶν

282 1932 283 1935 η
372 1899 534 1960 atque
566 1906 629 1947 ex
664 1892 923 1961 periculis
951 1897 1016 1950 ad
1047 1900 1313 1954 auxilium
1341 1901 1685 1971 invocantes,
1716 1908 1952 1976 optabile

370 1998 561 2037 eorum
616 1984 997 2053 adipiscantur
1051 1991 1388 2059 praesidium,
1440 1994 1951 2070 imminentiumque

369 2076 752 2131 discriminum
788 2081 1012 2134 noxium
1046 2080 1329 2138 incursum
1370 2085 1655 2157 etingiant.

441 2163 508 2218 Et
538 2164 606 2219 de
628 2165 729 2220 hac
758 2166 979 2236 quidem
1013 2168 1204 2225 immiti
1245 2180 1422 2228 morte
1458 2185 1680 2245 ereptus
1704 2177 1949 2234 Christo-

366 2255 556 2323 dorus,
579 2271 920 2315 concurrens
960 2262 1219 2330 precibus
1274 2266 1391 2321 suis
1423 2270 1728 2337 promeruit
1771 2272 1950 2326 omni-

367 2356 563 2418 potens
593 2360 911 2405 sanctornm
948 2354 1286 2423 prtesidium.
1316 2354 1394 2411 De
1434 2361 1790 2428 quassatione
1818 2377 1947 2418 vero

365 2441 670 2497 turbulenti
710 2444 909 2515 navigii
958 2454 1013 2500 et
1044 2445 1374 2503 intolerabili
1412 2455 1557 2507 aeris
1595 2452 1943 2520 confusione,

365 2542 532 2604 atque
557 2534 830 2587 undarum
866 2534 1204 2591 illisionibus
1235 2538 1429 2593 validis
1464 2540 1530 2595 ad
1566 2556 1815 2612 magnam
1849 2544 1946 2598 de-

363 2624 565 2680 ductus
617 2626 953 2692 molestiam,
988 2635 1042 2683 et
1105 2644 1169 2683 ex
1207 2628 1309 2683 hoc
1349 2612 1634 2701 inrequalis
1692 2633 1941 2700 ell‘ectns,

364 2728 590 2785 gravem
657 2714 1043 2785 aegritudinem
1076 2717 1267 2771 incidit
1302 2736 1317 2785 ;
1358 2726 1473 2773 toto
1506 2720 1709 2791 quippe
1764 2722 1942 2778 ferve-

361 2821 524 2862 sccns
565 2806 624 2861 in
655 2821 911 2879 corpore,
944 2807 1073 2862 dmn
1106 2807 1359 2865 internus
1388 2810 1586 2865 humor
1615 2812 1671 2865 in
1705 2827 1771 2867 eo
1791 2827 1943 2867 com-

362 2905 680 2954 moveretur
703 2908 757 2954 et
782 2898 1027 2955 emueret
1046 2901 1456 2969 quodammodo
1492 2915 1591 2972 per
1621 2904 1788 2959 totius
1820 2919 1942 2959 cor-

360 2989 513 3059 poris
578 2988 952 3060 superiiciem,
990 2991 1234 3063 graviter
1298 2990 1758 3061 periclitabatur,
1791 3002 1845 3049 et
1893 2995 1940 3050 si

362 3098 473 3137 non
500 3084 576 3138 ita
615 3083 1024 3150 miserabiliter,
1058 3093 1115 3137 ut
1137 3091 1296 3139 antea
1329 3085 1488 3153 mori,
1529 3086 1730 3157 quippe
1760 3087 1940 3142 omni-

2053 1909 2342 1980 παρόντων
2372 1910 2566 1965 δεινῶν
2605 1911 2706 1983 τὴν
2753 1909 3214 1982 βλαπτικωτὲτην
3241 1909 3420 1982 ὁρμὴν
3442 1910 3637 1981 διαφύ-

2052 2018 2220 2071 γοιεν.
3126 2018 3137 2028 '

2121 2177 2230 2231 Καὶ
2281 2176 2472 2233 τοῦτον
2519 2177 2620 2250 μὲν
2663 2177 2807 2234 οὕτω
2853 2179 2945 2233 τὸν
2987 2180 3304 2250 ἀμείλικτον
3346 2180 3576 2233 θάνατον
3601 2180 3633 2232 6

2050 2267 2426 2339 Χριστόδωρος
2473 2267 2841 2331 ἀπεσείσατο,
2897 2268 3201 2338 σύνδρομον
3245 2269 3345 2338 τῆς
3398 2267 3631 2330 ἱκετείας

2047 2354 2223 2426 εὑρὼν
2247 2356 2346 2426 τὴν
2371 2357 2642 2428 πανσθενῆ
2668 2358 2778 2411 τῶν
2807 2359 2978 2426 άγίων
3005 2357 3260 2429 βοήθειαν
3279 2375 3294 2390 '
3318 2360 3428 2412 ἀπὸ
3448 2359 3507 2412 δὲ
3531 2358 3633 2428 τῆς
3720 2427 3730 2437 .

2046 2447 2140 2501 τοῦ
2172 2448 2303 2501 πλοῦ
2333 2449 2698 2518 δυσκινήσεως
2728 2450 2831 2520 τῆς
2870 2467 2927 2503 τε
2954 2451 3063 2504 τῶν
3093 2451 3271 2523 ἀέρων
3301 2452 3629 2506 άνυποίστου

2048 2537 2381 2609 συγχύσεως,
2417 2538 2512 2591 καὶ⁸
2532 2539 2631 2609 τῆς
2659 2539 2771 2592 τῶν
2797 2539 3058 2608 κυμάτων
3087 2539 3287 2611 ἀγρίας
3315 2541 3628 2611 προσκρούει
3706 2546 3711 2553 ’

2048 2645 2208 2693 σεως,
2238 2628 2588 2701 ἀνομαλήσας
2612 2632 2912 2699 άκρότατα,
2954 2631 3046 2683 καὶ
3071 2629 3374 2701 δύσκρατος
3410 2634 3473 2685 ἐκ
3499 2634 3626 2686 τούσ-

2044 2736 2138 2772 του
2175 2721 2489 2792 γενόμενος,
2520 2722 2601 2785 είς
2652 2722 2967 2793 ἀρῥωστίαν
3018 2722 3276 2775 ἐνέπεσεν
3324 2723 3623 2777 ἀστεκτον·

2041 2806 2111 2859 δι’
2138 2807 2262 2860 ὅλου
2293 2809 2403 2879 γὰρ
2432 2808 2709 2879 ὲκϐράσας
2743 2810 2837 2863 τοῦ
2863 2809 3136 2881 σώματος,
3168 2812 3269 2882 τῆς
3297 2813 3625 2883 ἐγκειμένης

2044 2896 2175 2967 ὕλης
2204 2900 2623 2972 συγκινηθείσης
2653 2903 2748 2955 καὶ
2779 2901 3142 2974 εἰσϐλυσάσης
3168 2903 3368 2974 τρόπον
3388 2904 3508 2955 τινὰ
3531 2903 3626 2956 ἐπὶ

2041 2991 2140 3062 τήν
2185 2990 2278 3045 τοῦ
2328 2990 2581 3062 σώματος
2629 2994 2974 3062 ἐπιφάνειαν,
3010 2995 3263 3065 χαλεπῶς
3289 2995 3620 3057 ἐκινδύνευε,

2042 3082 2091 3135 εί
2120 3082 2212 3136 καὶ
2240 3081 2313 3154 μὴ
2339 3081 2511 3147 οὕτως
2540 3082 2787 3147 ἐλεεινῶς
2815 3084 2892 3146 ὡς
2934 3085 2995 3138 τὸ
3039 3089 3325 3157 πρότερον.
3356 3087 3623 3142 Τεθνάναι

361 3175 467 3229 bus
497 3189 730 3246 prorsus
779 3174 1072 3248 incumbit,
1111 3182 1166 3230 et
1214 3192 1320 3230 non
1360 3186 1447 3232 est
1474 3150 1793 3249 quisquam
1845 3182 1937 3250 qui

2045 3175 2142 3245 μὲν
2182 3150 2312 3246 γάργ
2337 3174 2555 3239 πάντως
2584 3176 2820 3239 ἅπαντες
2845 3176 3064 3246 ἔχομεν,
3086 3150 3190 3230 -καὶ
3212 3150 3322 3231 τούκ
3351 3177 3499 3231 ἔστιν
3528 3179 3621 3230 οὖ-

360 3266 466 3321 boc
517 3265 624 3321 iter
673 3280 781 3320 non
814 3275 1080 3322 transeat.
1126 3286 1144 3319 ι
1179 3266 1315 3335 Quis
1351 3268 1497 3324 enim
1533 3279 1618 3326 est
1651 3272 1814 3326 homo
1843 3273 1935 3341 qui

357 3355 526 3420 vivat,
570 3355 771 3425 inquit,
796 3363 982 3411 etnon
1013 3356 1195 3411 videat
1225 3364 1458 3413 mortem
1480 3357 1526 3390 ”
1556 3365 1581 3420 ?
1610 3363 1630 3420 ό
1662 3359 1817 3415 Umts
1856 3373 1938 3417 est

355 3448 502 3503 enim
533 3447 778 3506 omnium
808 3449 1070 3503 introitus
1123 3449 1190 3503 ad
1234 3449 1398 3504 vitam
1463 3457 1517 3505 et
1562 3453 1741 3506 exitus
1793 3452 1932 3506 idem

352 3552 477 3611 cst;
511 3542 565 3598 in
588 3558 724 3615 pace
762 3553 942 3599 tamen
1004 3543 1109 3599 hoc
1146 3560 1247 3600 nos
1289 3545 1499 3617 perpeti
1551 3545 1931 3616 deprecamur.

350 3634 600 3705 Namque
632 3650 779 3692 mors
804 3636 971 3691 totius
1000 3645 1085 3692 est
1111 3636 1367 3691 humana:
1390 3647 1599 3692 natura:
1627 3638 1931 3702 sententia;

351 3744 475 3782 cum
511 3742 844 3800 quocunque
879 3743 1009 3784 vero
1044 3737 1258 3785 terrore
1285 3737 1337 3785 et
1365 3730 1782 3801 perturbatione
1804 3729 1932 3784 hinc

349 3838 467 3893 nos
514 3822 835 3889 abscedere,
895 3824 1244 3895 maximeque
1303 3825 1603 3879 violentum
1674 3824 1827 3879 illum
1877 3823 1929 3877 in

348 3917 608 3974 ﬂuctibus
637 3918 1247 3993 obitutn‘exsecramur.
1293 3919 1448 3986 Quod
1475 3927 1528 3975 et
1554 3918 1724 3973 David
1757 3917 1931 3973 admi-

351 4007 547 4063 rabilis
579 4006 634 4062 in
665 4007 1016 4064 orationibus
1047 4009 1340 4071 obsecrat;
1381 4027 1400 4061 ι
1430 4004 1548 4063 Non
1592 4025 1676 4063 me
1713 4006 1930 4062 demer-

348 4107 462 4170 gat,
523 4100 869 4166 exclamans,
935 4108 1237 4170 tempestas
1272 4116 1465 4171 aqua},
1504 4116 1682 4170 neque
1740 4109 1930 4170 urgeat

348 4206 516 4260 super
539 4205 624 4245 me
654 4198 852 4261 puteus
874 4206 935 4245 os
959 4206 1120 4244 suum
1141 4190 1207 4243 ³³.
1241 4211 1259 4243 ι
1300 4190 1361 4245 Et
1386 4192 1702 4246 Habbacum
1723 4192 1926 4248 similia

347 4285 676 4352 deprecatus
706 4282 1056 4337 ostenditur:
1089 4300 1107 4334 ι
1138 4280 1394 4353 Nunquid
1422 4283 1472 4336 in
1501 4281 1818 4338 ﬂuminibus
1840 4282 1926 4337 fu-

344 4387 438 4425 ror
462 4370 639 4425 tuus?
671 4380 764 4423 aut
796 4369 850 4423 in
881 4370 1016 4424 mari
1048 4369 1285 4439 impetus
1309 4371 1542 4450 tuus“?
1570 4390 1588 4422 ι
1632 4370 1771 4426 lllttd
1804 4374 1926 4442 qui-

2038 3265 2149 3328 δεὶς
2180 3265 2238 3329 ὃς
2268 3264 2472 3337 ταύτην
2500 3267 2602 3337 τὴν
2621 3266 2739 3320 ὁδὸν
2761 3267 2860 3337 οὐχ
2882 3267 3169 3321 ὁδεύσειεν.
3184 3269 3309 3331 ιΤίς
3335 3270 3445 3339 γάρ
3466 3270 3623 3323 ἐστιν

2038 3356 2324 3428 ἄνθρωπος
2371 3357 2428 3422 ὃς
2464 3356 2714 3428 ζήσεται,
2747 3360 2938 3429 φησὶν,
2971 3360 3067 3414 καὶ
3099 3360 3198 3431 οὐχ
3231 3360 3420 3431 ὕψεται
3453 3361 3622 3415 θάνα-

2036 3464 2129 3504 τον
2149 3467 2200 3518 ;ι
2228 3452 2343 3506 Μία
2368 3451 2477 3524 γάρ
2505 3453 2722 3517 πάντων
2744 3451 2951 3515 εἴσοδος
2975 3453 3055 3515 είς
3085 3452 3177 3505 τὸν
3202 3452 3336 3522 βίον,
3355 3452 3530 3517 ἕξοδός
3558 3469 3621 3505 τε

2037 3543 2157 3613 ίση·
2211 3543 2500 3614 εἰρηναίως
2550 3545 2611 3597 τέ
2658 3560 2776 3608 πως
2821 3541 2979 3596 τοῦτο
3033 3544 3228 3597 παθεῖν
3281 3543 3618 3613 ἱκετεύομεν,

2035 3636 2157 3688 ἐπεὶ
2183 3635 2365 3704 πάσης
2392 3636 2421 3688 6
2449 3634 2675 3698 θάνατος
2698 3635 2799 3705 τῆς
2830 3633 3180 3705 ἀνθρωπίνης
3214 3632 3427 3702 φύσεώς
3467 3637 3619 3687 ἐστιν

2034 3725 2343 3793 ἀπόφασιςο
2386 3725 2738 3796 άπευχὸμεθα
2785 3726 2842 3779 δὲ
2890 3727 2990 3795 τὴν
3043 3726 3179 3796 μετά
3207 3725 3362 3788 δέους
3402 3724 3617 3778 ἐνθένδε

2031 3817 2176 3879 τινὸς
2230 3816 2325 3869 καὶ
2380 3816 2628 3887 ταραχῆς
2675 3817 3044 3887 ἀναχώρησιν,
3075 3817 3171 3870 καὶ
3231 3817 3464 3885 μάλιστα
3516 3818 3618 3890 τὴν

2034 3907 2433 3979 συμϐαίνουσαν
2450 3910 2506 3963 ὲν
2534 3907 2721 3962 ῦδασιν
2746 3908 2943 3973 ἔξοδον.
2970 3911 3037 3962 Ὃ
3059 3908 3152 3960 καὶ
3182 3908 3347 3961 Δαϐὶδ
3373 3909 3617 3979 ᾐτήσατο

2031 4003 2356 4071 προσευχαῖς
2368 4002 2396 4053 6
2412 3998 2732 4070 θαυμάσιος,
2746 4018 2763 4050 ι
2774 4000 2864 4068 Μή
2885 4016 2950 4069 με
2964 4000 3430 4069 καταποντισάτω,
3452 3997 3611 4068 βοῶν,

2032 4093 2285 4161 καταιγὶς
2319 4091 2539 4156 ὕδατος,
2572 4091 2706 4161 μηδὲ
2741 4091 3060 4145 καταπιέτω
3089 4109 3155 4162 με
3193 4090 3372 4162 βυθὸς,
3411 4092 3486 4161 μὴ
3518 4107 3614 4143 συ·

2032 4185 2223 4253 σχὲτω
2255 4185 2342 4237 ἐπ’
2368 4185 2467 4255 ἐμὲ
2494 4183 2679 4254 φρέαρ
2705 4185 2767 4237 τὸ
2793 4183 2967 4254 στόμα
2995 4183 3183 4238 αὑτοῦ.
3222 4201 3242 4234 ι
3268 4184 3377 4236 Καὶ
3408 4182 3612 4252 ’Λμϐα-

2031 4276 2177 4346 κοὺμ
2203 4274 2257 4328 δὲ
2278 4275 2345 4328 τά
2359 4274 2715 4346 παραπλήσια
2733 4275 3166 4345 προσευχόμενος
3193 4275 3491 4341 φαίνεται·ι
3517 4273 3611 4342 Μὴ

2028 4370 2086 4421 έν
2114 4370 2379 4437 ποταμοῖς
2407 4366 2708 4438 ὠργίσθης,
2733 4366 2928 4436 Κύριε,
2956 4367 2991 4437 ἢ
3027 4368 3083 4418 έν
3103 4367 3368 4434 ποταμοῖς
3389 4367 3417 4417 6
3438 4366 3610 4434 θυμός

343 4464 464 4518 dem
495 4469 724 4534 putatur
752 4460 993 4515 divinam
1022 4462 1183 4516 nobis
1213 4464 1407 4517 exinde
1431 4465 1788 4533 pronuntiare
1810 4465 1920 4518 cle-

2043 4477 2146 4524 που,
2166 4459 2198 4530 ἦ
2219 4462 2277 4512 ὲν
2305 4459 2551 4531 θαλάσσῃ
2577 4459 2639 4511 τὸ
2660 4460 2803 4529 ὅρμη
2814 4459 2889 4529 μά
2918 4475 3012 4510 σου
3033 4474 3047 4523 ;
3070 4476 3089 4509 ι
3109 4458 3183 4510 Τὸ
3215 4458 3314 4527 μὲν
3333 4456 3442 4528 γὰρ
3463 4456 3613 4509 δοκεί

343 4544 792 4621 ιιιειιιίαῐη,’ὶιοο
876 4563 1057 4609 autem
1138 4556 1345 4624 judicis
1419 4557 1918 4627 inexstinguibilcm

342 4650 524 4715 iram;
569 4647 696 4701 licet
732 4645 891 4700 multi
921 4646 1077 4702 bona:
1125 4647 1250 4701 vita:
1311 4649 1453 4703 male
1514 4657 1642 4704 sunt
1694 4651 1916 4715 mortui,

339 4744 612 4815 multique
635 4742 763 4797 mali
788 4741 1142 4812 tranquillam
1168 4751 1398 4797 mortem
1416 4742 1919 4808 babuerunt.Quod

338 4836 452 4894 Deo
480 4835 702 4908 quidem
750 4834 1102 4889 manifestum
1128 4842 1234 4896 est,
1270 4834 1363 4902 qui
1400 4835 1676 4903 sapienter
1704 4835 1923 4904 dispen-

337 4938 428 4988 sat
449 4944 573 5002 qute
604 4936 795 4984 nostra
818 4934 974 4991 sunt,
1005 4925 1165 4981 nobis
1206 4935 1387 4980 autem
1444 4924 1920 4995 incomprehensi-

335 5022 447 5078 bile
475 5020 644 5075 nimis
666 5027 773 5083 est,
830 5026 884 5072 et
916 5015 984 5071 ad
1010 5016 1295 5072 sciendum
1359 5016 1719 5087 incognitum.
1749 5014 1919 5070 Nemo

335 5116 481 5169 enim
512 5111 619 5167 scit
642 5123 867 5166 sensum
898 5105 1138 5173 Domini,
1168 5123 1268 5163 nec
1318 5107 1670 5163 consiliarius
1702 5105 1822 5177 ejus
1862 5106 1916 5161 in

334 5207 608 5263 creaturis
640 5202 868 5260 ell'ectus
924 5208 1029 5257 est.
1083 5200 1140 5255 In
1180 5202 1317 5256 mari
1344 5202 1548 5272 quippe
1576 5201 1692 5256 vias
1749 5199 1917 5254 totius

337 5295 775 5370 dispensationis
810 5293 1120 5358 constituit,
1155 5302 1210 5346 et
1246 5295 1470 5348 semitas
1491 5293 1545 5346 in
1569 5292 1729 5362 aquis
1771 5291 1919 5344 mul-

333 5392 426 5449 tis.
451 5389 870 5458 Consequenter
901 5399 1034 5455 ergo
1058 5385 1133 5438 ait
1155 5402 1198 5438 ει
1225 5382 1290 5437 Et
1312 5382 1539 5455 vestigia
1560 5393 1651 5438 tua
1683 5396 1790 5435 non
1816 5394 1913 5434 co-

330 5489 692 5557 gnoscentur.
729 5501 748 5535 ι

402 5576 826 5633 l’ericlitabatur
911 5576 1099 5644 itaque
1167 5570 1310 5627 sicut
1388 5569 1541 5624 visus
1625 5564 1911 5636 [interpres

2025 4551 2126 4623 τὴν
2160 4553 2343 4609 ἐκεῖσε
2371 4551 2522 4604 θείαν
2553 4552 2686 4620 ἡμῖν
2720 4550 3060 4621 προμηνύειν
3088 4542 3406 4614 εὐμένειαν·
3451 4548 3512 4600 τὸ
3549 4548 3608 4601 δὲ

2026 4645 2127 4715 τὴν
2170 4645 2264 4698 τοῦ
2301 4645 2697 4716 προκρίναντος
2739 4644 2908 4715 ὀργὴν
2957 4641 3381 4705 ἁκατάσϐεστον,
3429 4642 3477 4693 εί
3514 4639 3609 4694 καὶ

2030 4736 2217 4791 πολλοὶ
2240 4737 2338 4806 μὲν
2363 4736 2541 4790 ἐσθλοὶ
2566 4735 2848 4798 δυσθανεῖς
2871 4736 2930 4786 ὲν
2961 4733 3059 4804 βίῳ
3081 4734 3394 4802 γεγόνασιν,
3417 4730 3607 4785 πολλοὶ

2026 4828 2083 4882 δὲ
2119 4828 2280 4882 κακοὶ
2326 4827 2477 4892 τέλος
2521 4828 2819 4898 ἐσχήκασιν
2862 4826 3111 4897 ἥδιστον·
3156 4826 3293 4896 ὅπερ
3340 4822 3459 4891 Θεῷ
3507 4823 3605 4892 μέν

2023 4920 2171 4970 ἐστιν
2204 4918 2435 4990 φανερὸν
2463 4916 2541 4987 τῷ
2562 4918 2631 4969 τὰ
2656 4915 2776 4969 καθ’
2808 4916 2955 4985 ἡμᾶς
2988 4911 3166 4981 σοφῶς
3194 4911 3603 4981 πρυτανεύοντι,

2022 5013 2157 5083 ἡμῖν
2195 5011 2251 5065 δὲ
2302 5009 2581 5075 παντελῶς
2634 5007 3020 5078 ἀκατάληπτον
3067 5004 3164 5059 καὶ
3210 5004 3347 5074 πρὸς
3400 5004 3606 5074 εἴδησιν

2024 5104 2323 5172 ἄγνωστον.
2376 5103 2564 5167 Οὐδεὶς
2594 5102 2703 5172 γὰρ
2732 5101 2873 5169 ἔγνω
2916 5099 3041 5152 νοῦν
3076 5099 3108 5170 ἢ
3148 5096 3340 5167 βουλὴν
3377 5097 3602 5166 Κυρίου,

2022 5192 2144 5247 οὐδὲ
2179 5192 2479 5263 σύμϐουλος
2531 5190 2696 5244 αὑτοῦ
2747 5189 2854 5242 τῶν
2901 5189 3217 5257 κτισμάτων
3251 5186 3499 5254 ἑγένετο’
3545 5186 3604 5237 ἐν

2022 5284 2261 5355 θαλάττῃ
2309 5285 2418 5354 γὰρ
2450 5283 2547 5347 τὰς
2577 5281 2729 5345 όδοῦς
2771 5281 2870 5350 τῆς
2915 5280 3010 5333 τοῦ
3042 5278 3246 5341 παντὸς
3280 5274 3603 5347 διοικήσεως

2022 5376 2195 5440 ἔθετο,
2230 5379 2322 5430 καὶ
2353 5378 2451 5440 τὰς
2478 5376 2696 5447 τρίϐους
2743 5376 2800 5427 ὲν
2833 5373 2988 5427 ῦδασι
3018 5371 3287 5425 πλείοσινο
3312 5370 3440 5423 ὅθεν
3469 5370 3601 5422 ἁκο-

2018 5469 2278 5533 λούθως.‹
2310 5470 2418 5523 Καὶ
2441 5470 2509 5523 τά
2537 5469 2656 5539 ἴχνη
2687 5485 2801 5533 σου,
2828 5467 3016 5538 φησιν,
3040 5465 3102 5518 ού
3126 5461 3555 5533 γνωσθήσονται.
3573 5481 3592 5509 ι

2092 5560 2466 5616 Ἐκινδύνευεν
2496 5561 2593 5632 μὲν
2636 5559 2750 5628 οῦν,
2777 5558 2850 5623 ὡς
2879 5558 3048 5630 ἔφθην
3077 5553 3279 5623 εἰπὼν,
3305 5555 3335 5608 6
3362 5552 3598 5625 ’Χριστό-

401 5756 449 5790 ³δ
473 5753 620 5811 Psal.
652 5768 912 5820 Lxxxvtu,
943 5751 1031 5807 69.
1112 5752 1157 5785 ³⁸
1197 5748 1341 5804 l’sal.
1367 5762 1559 5814 vattt,
1593 5749 1682 5804 16.
1764 5750 1806 5781 ³⁸
1835 5748 2040 5805 Habac.
2080 5762 2161 5815 ut,
2200 5748 2248 5803 8.
