4010 6208
398 259 538 326 3441

1436 264 1540 326 ss.
1569 264 1745 326 CYRI
1774 266 1870 326 ET
1895 263 2225 327 matvle
2264 248 2680 324 MIRACULA.

3533 256 3672 321 3432

402 370 576 441 δωρος
601 373 667 442 τῇ
703 371 813 439 τῶν
848 371 1249 444 ἐκδρασμάτων
1280 376 1423 445 φορᾷ
1455 375 1857 446 κυμαινόμενος
1887 375 1984 429 καὶ

2095 372 2282 444 legebat
2324 370 2537 444 ὤφθην]
2599 385 2721 426 sum
2766 368 2954 425 dicere
3010 367 3428 432 Christodorus,
3499 364 3671 428 eti‘ero

405 466 473 534 τῇ
514 465 618 534 τῆς
662 462 796 535 ὕλης
851 465 1017 535 ἐκροῇ
1080 465 1556 535 συμπνιγόμενος’
1604 466 1692 518 ὅτε
1745 465 1841 519 καὶ
1884 465 1992 517 τῶν

419 553 832 623 ’Δσκληπιάδων
850 553 1247 624 συνδραμόντες
1264 556 1314 608 οί
1334 556 1564 626 ἄριστοι,
1580 556 1773 622 ’πλεῖόν
1789 572 1841 608 τι
1860 555 1993 626 δρᾷν

406 647 440 716 ἢ
468 646 649 714 λέγειν
675 646 775 697 οὐκ
802 646 1001 715 ἴσχυον,
1035 646 1068 716 ἢ
1114 645 1192 710 ὡς
1240 646 1418 717 πάντη
1454 664 1516 700 τε
1548 648 1641 701 καὶ
1670 648 1886 711 πάντως
1912 664 1995 701 τεο

406 736 682 806 θνὴξεται,
711 735 807 789 καὶ
850 736 927 798 ὡς
957 735 1150 807 αὔριον
1183 738 1545 792 ἀνατέλλοντα
1597 740 1692 793 τὸν
1737 740 1887 810 ἥλιον
1932 740 1993 792 ού

409 829 686 883 θεάσεται.
739 829 901 882 Ἀλλά
945 828 1149 901 ταύτης
1206 830 1284 893 ὠς
1337 831 1569 902 ἤκουσεν
1621 831 1719 902 τῆς
1772 832 1994 902 οἰκτράς

406 921 757 989 ἀποφάσεως,
789 921 887 990 τῆς
916 918 1142 990 ἔναγχος
1166 920 1315 991 αύτῷ
1344 920 1477 991 πρὸς
1508 920 1618 974 τῶν
1645 922 1817 989 ἁγίων
1845 938 1994 989 γενοο

412 1014 582 1083 μένης
610 1014 835 1085 ἀρωγῆς
857 1015 997 1085 ἐμνη
1007 1014 1395 1083 μόνευσεν,κα“ι
1413 1014 1796 1085 μνημονεύσας
1819 1013 1996 1066 ἐδέετο

408 1103 573 1157 πάλιν
605 1106 788 1179 τυχεῖν
819 1104 1157 1173 ἐπισκέψεως
1176 1122 1191 1137 θ
1221 1104 1421 1159 Ιέκάλει
1448 1107 1507 1159 δὲ
1536 1107 1673 1177 πρὸς
1707 1106 1996 1174 ἐπίσκεψιν

410 1195 509 1248 σὺν
544 1195 767 1267 Ἰωάννῃ
816 1197 912 1249 καὶ
960 1197 1128 1269 Κύρῳ
1170 1190 1284 1260 τοῖς
1332 1197 1622 1268 μάρτυσιν,
1653 1199 1749 1252 καὶ
1797 1199 1891 1251 τὸν
1937 1201 1996 1251 ἐν

411 1288 649 1358 μάρτυσι
700 1286 1179 1360 στρατοπεδάρχην
1226 1289 1542 1360 Θεόδωρον’
1608 1288 1996 1362 φιλοθεόδωρος

408 1378 518 1449 γάρ
549 1374 617 1449 ἦν
645 1380 674 1432 ό
702 1379 1101 1450 Χριστόδωρος,
1137 1382 1230 1433 καὶ
1279 1382 1344 1433 ἐκ
1386 1381 1609 1453 φίλτρου
1664 1380 1864 1434 πολλοῦ
1900 1398 1996 1435 συ-

406 1472 662 1541 χνότερον
691 1472 854 1526 αὐτὸν
884 1472 1276 1543 προσεκαλεῖτο
1301 1474 1438 1542 πρὸς
1469 1474 1704 1545 ἄμυναν.
1728 1474 1790 1528 '0
1821 1474 1876 1527 δὲ
1897 1474 1997 1538 τάς

405 1566 728 1631 ἐπικλήσεις
771 1565 847 1629 ὡς
894 1566 1045 1637 παρά
1082 1566 1239 1635 φίλου
1271 1553 1714 1637 δεξάμενος,’καὶ
1754 1570 1997 1638 ἐπικαμ-

406 1656 569 1725 φθεὶς
596 1657 731 1727 πρὸς
767 1658 1034 1729 μεγίστην
1065 1658 1438 1729 συμπάθειαν,
1465 1660 1588 1713 καθ’
1615 1658 1819 1724 ὕπνους
1847 1659 1997 1730 αὐτῷ

2094 464 2431 534 papellarunt
2489 463 2695 533 impetu
2743 459 3057 525 ﬂuctuans;
3114 456 3559 528 quandoquidem
3618 465 3674 511 et

2094 556 2560 627 aselepiadte,.qui
2589 553 2861 625 praecipue
2881 550 3100 608 fuerant
3119 558 3538 615 concurrentes,
3563 565 3675 602 am-

2095 648 2240 719 ptius
2254 649 2381 718 quid
2404 632 2563 718 agere
2585 647 2666 702 vel
2688 646 2875 701 dicere
2897 658 3244 715 nequaquam
3275 642 3547 708 valebant,
3565 642 3673 696 nisi

2095 740 2240 809 quod
2265 746 2410 793 esset
2445 738 2622 793 modis
2643 738 2906 792 omnibus
2939 736 3262 797 moriturus,
3295 742 3349 787 ct
3371 731 3518 803 quod
3548 748 3673 785 cra-

2097 832 2243 886 stino
2276 829 2544 886 orientem
2579 830 2749 886 solem
2778 844 2887 891 non
2924 836 3193 883 cerneret.
3228 825 3402 892 Quam
3442 824 3676 878 misera-

2097 922 2260 977 bilem
2291 922 2618 976 sententiam
2648 920 2902 984 audiens,
2941 919 3323 990 prasidiorum
3353 931 3475 987 qua:
3496 932 3524 970 a
3555 932 3679 972 sane

2097 1012 2204 1066 ctis
2229 998 2403 1083 nuper
2427 1026 2693 1067 concessa
2735 1017 2884 1075 sunt,
2917 1008 3241 1065 recordatus
3265 1015 3366 1061 est.
3388 1004 3448 1058 Et
3477 1005 3674 1059 iterum

2098 1105 2437 1174 precabatur
2457 1101 2792 1158 visitationis
2827 1100 3093 1156 auxilium
3121 1120 3133 1156 :
3171 1096 3465 1152 invocabat
3491 1105 3675 1150 autent

2098 1196 2164 1250 ad
2194 1196 2279 1250 sui
2319 1194 2690 1248 visitationem
2747 1207 2874 1248 cum
2925 1191 3138 1247 Joanne
3165 1202 3218 1245 et
3246 1188 3390 1261 Cyro
3423 1190 3676 1258 martyri-

2100 1286 2205 1340 bus
2247 1284 2621 1347 Theodorum,
2655 1282 2747 1353 qui
2775 1291 2864 1337 est
2908 1282 3169 1353 magister
3207 1280 3433 1343 militiae,
3467 1286 3680 1333 amator

2098 1375 2302 1446 quippe
2358 1373 2636 1428 Theodori
2699 1373 2802 1427 fuit
2875 1371 3294 1437 Cliristodorus,
3336 1385 3572 1447 eumque
3611 1385 3679 1424 ex

2100 1467 2274 1521 multo
2338 1467 2660 1537 frequenter
2701 1466 2992 1522 invocabat
3063 1464 3260 1519 aﬂectu
3329 1478 3677 1520 succurrere.

2098 1560 2273 1629 Cujus
2309 1559 2402 1613 ille
2442 1558 2849 1614 invocationem
2911 1568 2967 1612 ut
3006 1559 3075 1611 ab
3130 1557 3308 1611 amico
3349 1555 3679 1625 suscipiens,

2099 1660 2150 1706 et
2177 1665 2376 1721 magna
2404 1650 2525 1721 ejus
2549 1650 2936 1722 compassioue
2968 1647 3225 1711 inﬂexus,
3253 1658 3357 1719 per
3405 1647 3680 1702 somnium

405 1748 772 1818 παραγίνεται
799 1750 868 1800 ἐκ
893 1749 1087 1802 πολλοῦ
1118 1750 1508 1821 διαστήματος,
1533 1751 1673 1822 πρδς
1707 1750 1805 1821 τὴν
1826 1751 1990 1805 αὐτοῦ

2097 1744 2149 1798 ei
2185 1743 2422 1799 festinus
2456 1750 2719 1815 equester
2761 1742 3036 1814 apparuit,
3074 1750 3338 1811 tanquam
3390 1754 3455 1794 ex
3510 1739 3684 1793 multo

404 1840 748 1913 ποθουμένην
780 1842 1062 1913 βοήθειαν·
1101 1838 1247 1914 εἶχεν
1280 1845 1337 1898 δέ
1365 1846 1460 1900 καὶ
1490 1847 1717 1915 σημεῖον
1741 1849 1807 1917 τῇ
1838 1846 1990 1916 δεξιᾷ

404 1935 552 2003 χειρὶ
602 1932 1024 2004 βασταζόμενον,
1057 1934 1195 2006 ἔχων
1243 1937 1338 1991 καὶ
1388 1936 1622 2008 σταυρὸν
1659 1937 1990 2008 ὑπερκείμε-

400 2040 515 2087 νον,
545 2024 784 2095 φανερὰν
832 2027 1068 2088 ἐκποιῶν
1097 2026 1246 2097 αὐτῷ
1279 2028 1381 2099 τὴν
1424 2028 1715 2082 λυσίπονον
1762 2028 1948 2098 ἄφιξιν
1973 2044 1985 2058 ·

405 2109 596 2178 Οἶδας,
640 2114 822 2187 moly,
855 2109 900 2168 ὦ
930 2116 1295 2188 Χριστόδωρε,
1318 2118 1462 2182 τίνος
1492 2119 1655 2172 ἕνεκα
1679 2120 1991 2191 παραγέγο-

402 2221 502 2270 νας
539 2206 807 2261 Κάκείνου
837 2208 935 2279 την
981 2208 1203 2278 ἄγνοιαν
1246 2211 1704 2280 ἀπαγγείλαντος,
1746 2214 1874 2277 Τοῖς
1907 2214 1991 2268 ἐν-

407 2297 532 2351 θάδε
597 2299 1002 2371 προσέδραμον,
1050 2300 1309 2374 εἴρηκεν,
1358 2304 1738 2374 παρακαλέσαι
1807 2303 1991 2375 Κῦρον

407 2388 547 2459 ὑπὲρ
580 2389 673 2442 σοῦ
702 2390 794 2443 τὸν
826 2390 1153 2461 ἡγούμενον.
1191 2393 1301 2445 Καὶ
1334 2394 1529 2456 ταῦτα,
1560 2396 1746 2465 φησὶν,
1781 2394 1989 2449 Θεοδώ-

408 2495 499 2547 ρου
531 2478 626 2532 τοῦ
656 2480 933 2552 μάρτυρος
960 2483 1261 2553 φήσαντος,
1288 2464 1469 2553 Κῦρος
1500 2483 1663 2548 εὐθὺς
1695 2485 1990 2554 ἀναφαίνε-

401 2569 785 2640 ται,Ίωάννην
822 2572 919 2625 σὺν
943 2572 1094 2643 αὐτῷ
1122 2572 1212 2626 τὸν
1242 2573 1472 2643 ἀδελφὸν
1493 2574 1866 2645 ἐπαγόμενος·
1895 2577 1990 2630 καὶ

402 2663 469 2732 τῇ
522 2662 681 2736 κλίνῃ
724 2662 875 2736 κοινῇ
925 2668 989 2737 τῇ
1029 2665 1232 2737 σπουδῇ
1284 2665 1715 2736 πλησιάσαντες,
1745 2669 1838 2723 τὸν
1893 2671 1991 2722 ἐπ’

401 2754 541 2827 αὐτῇ
587 2756 986 2828 κατακείμενον
1036 2758 1457 2827 ἐπεσκέπτοντο,
1485 2762 1609 2825 ταῖς
1656 2762 1845 2833 χερσὶν
1893 2764 1989 2816 ἐπι

404 2848 654 2917 αφῶντες
704 2851 773 2904 τὰ
823 2848 1159 2921 τραύματα,
1199 2850 1294 2903 καὶ
1347 2844 1460 2904 οἷον
1514 2851 1680 2924 νίτρῳ
1735 2851 1829 2907 τὸν
1880 2853 1989 2906 τῶν

403 2939 810 3011 ἐκὸρααμάτων
884 2943 1055 3013 θυμὸν
1128 2944 1587 3010 κατευνάζοντες·
1663 2946 1757 2998 καὶ
1830 2946 1989 3000 τοῦτο

404 3034 695 3105 προσηνῶς
734 3035 1138 3103 ἐκτελέσαντες,
1163 3022 1322 3093 πάλιν
1359 3041 1409 3093 oi
1430 3043 1580 3112 τρεῖς
1605 3040 1987 3113 ἀνεχώρησαν.

485 3125 648 3180 Ἀλλά
672 3127 846 3180 ταῦτα
896 3128 997 3198 μὲν
1047 3129 1169 3183 καθ’
1214 3129 1417 3195 ὕπνους
1459 3131 1794 3203 ἐπράττετο*
1837 3132 1985 3204 ῦπαρ
2015 3114 2058 3171 C

399 3218 518 3292 δέἡ
551 3221 708 3284 νόσος
750 3218 942 3292 ἔληξεν
1000 3220 1095 3274 τοῦ
1135 3221 1287 3293 ἡλίου
1337 3222 1720 3295 ἐκλάμψαντος
1746 3241 1760 3256 °
1788 3226 1985 3280 τούτου

401 3310 513 3383 γὰρ
570 3305 1289 3389 ὑπεργείωςαύγάσαντος,
1344 3316 1441 3368 καὶ
1497 3316 1598 3388 τὴν
1656 3319 1880 3389 ἡμέραν
1931 3322 1989 3372 ἐν

403 3403 605 3475 κόσμῳ
647 3403 1060 3476 φαιδρύναντος,
1114 3405 1250 3459 ὡσεὶ
1302 3406 1519 3471 λεπίδες
1573 3408 1772 3478 ίχθύων
1822 3411 1991 3464 πᾶσιν

406 3494 727 3563 ὑπέφαινον,
778 3496 872 3561 οὒς
920 3497 1021 3568 ὀψὲ
1081 3497 1254 3553 δύνων
1307 3499 1627 3554 κατέλειπεν
1667 3500 1987 3573 ἄνθρακας*

407 3584 632 3649 ταύταις
702 3585 813 3658 γάρ
885 3587 1158 3642 ἐοίκεισάν
1238 3606 1358 3652 πως
1434 3589 1846 3659 κατεσκληκότα
1922 3596 1991 3646 τά

412 3676 633 3748 φύματα
681 3677 901 3732 καὶτοῦ
957 3679 1210 3750 σώματος
1258 3680 1623 3752 λεπτιζόμενα
1670 3684 1764 3736 καὶ
1815 3687 1990 3755 χαμαὶ

412 3769 846 3825 καταπίπτοντα.
885 3770 1023 3825 Ἀλλ’
1054 3773 1143 3825 ὅτε
1200 3772 1379 3826 πάντα
1416 3771 1510 3826 τοῦ
1543 3772 1796 3845 σώματος
1823 3777 1987 3830 ἐκπε-

406 3851 715 3931 πτώκασιν,
747 3864 843 3918 καὶ
889 3864 1050 3919 τοῦτο
1082 3865 1181 3936 τῆς
1201 3866 1381 3919 αὐτῶν
1415 3867 1645 3939 ἀπειλῆς
1705 3864 1991 3940 ἐλεύθερον

405 3954 621 4019 εἴασαν,
645 3956 1002 4025 ἐπιφανέντες
1033 3956 1195 4010 πάλιν
1232 3961 1280 4011 oi
1337 3960 1618 4030 μάρτυρες
1652 3961 1900 4033 (πέμπτη
1928 3964 1985 4017 δὲ

404 4042 473 4119 ἦν
499 4047 639 4118 μετὰ
668 4050 764 4117 τὴν
786 4047 1010 4120 πρώτην
1053 4050 1317 4122 ἡμέραν),
1346 4051 1658 4107 κελεύουσιν
1694 4054 1990 4110 λούσασθαι

403 4138 499 4192 τὸν
529 4141 658 4211 παρ’
681 4139 903 4204 ἐλπίδας
943 4140 1187 4211 φυγόντα
1221 4142 1311 4195 τὸν
1358 4143 1623 4197 θάηῇτον·
1675 4148 1767 4200 καὶ
1809 4148 1992 4209 καλῶς

404 4230 660 4302 ἑψηθέντι
681 4231 959 4304 πισσαρίῳ
996 4229 1160 4302 (εἶδος
1196 4235 1425 4306 ὀσπρίου
1456 4236 1614 4290 τοῦτο
1644 4240 1793 4309 παρὰ
1826 4242 1990 4296 πᾶσιν

403 4320 547 4376 οὕτω
611 4324 972 4395 καλούμενον)
1029 4325 1149 4379 ὅλον
1177 4326 1342 4380 αὐτοῦ
1372 4327 1434 4380 τὸ
1486 4328 1642 4399 σῶμα
1674 4334 1862 4401 χρῖσαι
1896 4349 1990 4386 κε-

399 4413 672 4479 λεύουσιν,
725 4414 801 4479 ὡς
850 4418 1030 4470 πᾶσαν
1056 4416 1251 4488 κηλῖδα
1302 4419 1398 4472 καὶ
1452 4419 1682 4490 λείψανα
1736 4423 1836 4489 τῆς
1873 4424 1983 4479 τῶν

405 4507 671 4577 φυμάτων
703 4508 976 4573 ἐκλύσεως
1003 4510 1165 4575 εὐθὺς
1198 4512 1594 4583 άποσμὴχοντι,
1624 4513 1653 4568 ὃ
1687 4515 1782 4568 καὶ
1818 4516 1980 4585 γεγέ-

405 4616 585 4671 νηται.
616 4598 853 4656 Εἰσιόντι
885 4603 984 4672 μὲν
1013 4606 1121 4675 γὰρ
1152 4604 1230 4675 τῷ
1248 4605 1457 4677 λουτρῷ
1485 4605 1555 4660 τά
1569 4607 1677 4661 τῶν
1697 4608 1985 4680 ἀνθράκων

407 4692 625 4761 συνεισὴ
633 4710 793 4764 ρχετο
824 4693 1099 4766 στίγματα
1120 4712 1137 4729 ο
1168 4695 1364 4760 ἐξιόντι
1384 4696 1460 4760 δὲ,
1476 4697 1683 4752 τούτων
1701 4699 1852 4753 οὐδὲν
1872 4717 1988 4755 συν-

404 4782 665 4854 εξὴρχετο
693 4785 1004 4857 γνώρισμα,
1029 4787 1145 4841 ἀλλ’
1183 4789 1285 4859 ὁρᾷ
1314 4788 1376 4842 τδ
1399 4788 1585 4843 λοιπὸν
1614 4789 1689 4855 ὼς
1718 4792 1986 4865 γεγένητο

400 4875 511 4929 τῶν
543 4892 604 4929 τε
628 4877 840 4931 σπίλων
884 4879 994 4932 τῶν
1023 4882 1087 4933 ἐκ
1110 4879 1377 4950 φυμάτων
1420 4881 1727 4953 ἐλεύθερος,
1760 4884 1986 4938 καὶτῶν

401 4969 466 5022 ἐκ
487 4970 644 5025 νόσου
706 4972 977 5045 τοσαύτης
1002 4973 1096 5026 ἐπὶ
1123 4973 1257 5028 πολὺ
1290 4974 1633 5044 φαινομένων
1670 4976 1985 5047 οἰδημάτων

401 5062 689 5133 ἀμέτοχος.
727 5064 980 5136 Τοσαύτη
1009 5066 1117 5137 γάρ
1146 5067 1294 5120 ἐστιν
1329 5067 1440 5120 τῶν
1480 5067 1652 5136 ἀγίων
1673 5069 1705 5139 ἡ
1730 5067 1989 5144 δύναμις,

400 5149 477 5216 ὡς
516 5152 675 5222 μόνον
699 5157 952 5223 φανεῖσα,
983 5155 1127 5210 ἅπαν
1157 5154 1478 5225 ἐξαφανίσαι
1511 5157 1668 5211 νόσου
1704 5159 1986 5230 μνημόσυο

400 5261 510 5307 νον,
544 5245 640 5299 καὶ
695 5246 858 5316 μόνον
911 5246 1185 5318 θελήσασα
1213 5250 1321 5302 πᾶν
1364 5249 1675 5321 ἀρρωστίας
1711 5249 1984 5323 ἐξαλείφει

399 5339 732 5410 τεκμήριονο
791 5340 887 5393 καὶ
940 5340 1319 5411 Χριστόδωρος
1357 5341 1456 5411 μὲν
1505 5339 1648 5395 οὕτω
1668 5342 1729 5396 τὸ
1763 5342 1985 5398 διπλοῦν

399 5428 653 5500 διέφυγεν
682 5430 897 5502 νόσημα
920 5449 934 5462 ”
971 5434 1066 5486 καὶ
1094 5431 1288 5497 σωθεὶς
1339 5433 1580 5488 δουλεύει
1609 5433 1706 5487 καὶ
1734 5436 1983 5508 γεραίρει

399 5521 527 5585 τοὺς
589 5522 892 5595 μάρτυρας.
930 5523 1120 5594 Ἡμεῖς
1176 5525 1233 5580 δὲ
1272 5524 1508 5579 ἐνταῦθα
1553 5524 1624 5581 τὰ
1668 5528 1790 5581 κατ’
1821 5529 1985 5583 αὐτὸν

400 5614 994 5686 συμπεράναντες,καὶ
1027 5615 1125 5683 τῆς
1178 5616 1257 5679 είς
1298 5618 1425 5681 τοὺς
1473 5617 1665 5685 ἁγίους
1706 5620 1984 5691 ὐμνῳδίας

406 5706 556 5780 αὐτῷ
603 5708 1058 5782 κοινωνήσαντες,
1096 5708 1189 5762 ἐπὶ
1234 5708 1301 5764 τά
1347 5708 1746 5782 παραπλησίως
1771 5713 1848 5776 εἰς
1884 5711 1982 5783 τὴν

2097 1837 2326 1892 veniens
2346 1838 2548 1906 spatio,
2574 1837 2640 1890 ad
2669 1839 2788 1907 ejus
2812 1836 2956 1908 quod
2990 1834 3337 1892 desiderabat
3372 1831 3636 1887 auxilium
3665 1848 3680 1887 ξ

2097 1927 2422 1996 deportabat
2456 1935 2642 1982 autem
2684 1930 2903 1999 signum
2942 1931 2994 1983 in
3029 1929 3278 1992 dextera,
3332 1927 3523 1997 inquo
3562 1933 3684 1979 erat

2096 2028 2151 2074 et
2174 2035 2313 2075 crux
2349 2021 2724 2090 superposita.
2767 2021 2835 2076 Et
2872 2030 2932 2077 ut
2968 2021 3317 2077 manifestam
3363 2019 3563 2073 faceret
3589 2034 3682 2071 sa-

2097 2111 2371 2167 lutiferam
2414 2112 2495 2167 sui
2526 2114 3046 2181 praesentiam,scis,
3071 2111 3270 2182 inquit,
3297 2109 3678 2170 Cltristodore.

2097 2201 2230 2272 quid
2272 2203 2636 2258 advenerim?
2668 2203 2735 2258 Et
2768 2204 3248 2276 illoignorantiam
3287 2200 3681 2273 praetendente,

2073 2292 2173 2348 Tui
2203 2294 2401 2364 gratia,
2440 2294 2640 2361 inquit,
2673 2294 2783 2349 huc
2811 2295 3028 2350 accurri
3049 2309 3245 2366 rogare
3267 2309 3365 2365 pro
3388 2300 3443 2349 te
3477 2291 3678 2363 Cyrum

2098 2387 2370 2443 abbatem.
2406 2387 2471 2442 Et
2502 2388 2618 2443 haec
2651 2395 2845 2459 agente
2870 2386 3166 2442 Theodoro
3193 2393 3460 2457 martyre,
3500 2384 3683 2454 Cyrus

2097 2481 2281 2535 statim
2317 2481 2571 2552 apparuit
2597 2496 2706 2535 una
2739 2495 2930 2536 secum
2965 2479 3189 2535 fratrem
3206 2477 3483 2535 Joannem
3510 2476 3684 2530 adtin-

2096 2592 2231 2633 cens
2263 2595 2277 2633 :
2317 2586 2484 2648 atque
2512 2577 2579 2632 ad
2606 2577 2866 2633 lectulum
2894 2577 3010 2649 pari
3055 2575 3408 2633 festinatione
3457 2573 3681 2646 propin-

2097 2680 2351 2737 quantes,
2386 2669 2662 2741 iacentem
2694 2668 2951 2735 visitant,
2995 2684 3122 2725 vere
3155 2667 3278 2738 ejus
3310 2666 3536 2723 vulnera
3562 2679 3682 2720 ma-

2098 2760 2261 2815 nibus
2320 2767 2764 2829 contrectantes,
2798 2769 2853 2817 et
2906 2766 3171 2832 tanquam
3232 2757 3424 2832 (nitro)
3482 2757 3678 2837 furiam

2095 2853 2480 2909 ebullienti‘um
2509 2854 2799 2908 vulnerum
2833 2854 3155 2924 mitigantes
3189 2869 3205 2918 ;
3234 2851 3460 2923 haecque
3481 2849 3682 2907 leniter

2097 2953 2441 3016 peragentes,
2466 2943 2673 3015 pariter
2700 2943 2843 2999 idem
2878 2951 2989 3000 tres
3017 2950 3394 2999 recesserunt.

2170 3142 2235 3196 Et
2266 3139 2630 3212 hanc-quidem
2684 3138 2892 3195 ﬂebant
2937 3139 2993 3195 in
3041 3138 3277 3206 somnio,
3310 3137 3450 3194 visio
3497 3147 3679 3193 autem

2092 3240 2233 3296 erat,
2254 3242 2314 3288 ut
2350 3232 2431 3287 sol
2466 3231 2725 3288 exoriens
2749 3231 3149 3288 demonstravit
3180 3249 3198 3300 ;
3231 3238 3285 3286 et
3321 3231 3551 3301 proinde
3590 3247 3684 3285 su-

2093 3342 2193 3396 per
2261 3333 2464 3381 tcrram
2516 3324 2793 3390 radiante,
2842 3333 2896 3381 et
2944 3326 3000 3380 in
3054 3324 3299 3381 tenebris
3359 3324 3505 3380 diem
3558 3323 3682 3377 illit-

2093 3423 2323 3481 strante,
2375 3425 2635 3486 tanquam
2676 3430 2920 3486 squamae.
2972 3416 3206 3486 piscium
3262 3413 3519 3469 omnibus
3553 3414 3682 3468 visa:

2094 3519 2244 3571 sunt,
2285 3522 2426 3576 quas
2460 3506 2724 3561 occidens
2768 3522 2994 3576 vespere
3040 3505 3412 3561 carbunculus
3445 3505 3682 3576 relique-

2095 3606 2180 3653 rat
2212 3617 2225 3652 :
2258 3597 2344 3654 bis
2369 3612 2606 3668 namque
2637 3597 2846 3653 similes
2878 3597 3208 3653 videbantur
3239 3596 3344 3651 illa‘
3369 3595 3682 3651 durissima:

2093 3685 2329 3756 papulaa,
2356 3684 2487 3739 dum
2539 3684 2917 3754 desquamatze
2961 3684 3015 3738 in
3066 3684 3294 3737 humum
3332 3682 3400 3738 de
3447 3697 3681 3754 corpore

2092 3777 2440 3831 cecidissent.
2500 3774 2748 3845 Dumque
2801 3775 2948 3829 omni
3001 3774 3386 3830 delaberentur
3429 3789 3494 3831 ex
3553 3768 3679 3830 cor-

2093 3883 2246 3939 pore,
2265 3876 2318 3922 et
2354 3870 2497 3923 hunc
2540 3868 2605 3922 de.
2659 3868 2748 3922 tali
2791 3866 3083 3922 aﬂlictione
3134 3867 3367 3922 liberum
3418 3866 3679 3937 reliquis-

2094 3972 2236 4027 sent,
2273 3970 2605 4032 apparentes
2640 3961 2839 4015 itcrum
2888 3969 3179 4030 martyres,
3215 3959 3405 4030 quinta
3454 3959 3680 4030 jamque

2093 4053 2210 4111 dies
2229 4064 2348 4109 erat
2375 4063 2496 4126 post
2511 4056 2764 4125 primam,
2780 4052 2949 4108 lavari
2967 4068 3090 4107 eum
3109 4053 3323 4121 jubent,
3344 4054 3433 4124 qui
3457 4064 3682 4124 propter

2094 4160 2247 4215 spem
2285 4156 2516 4200 mortem
2544 4145 2831 4218 effugerat,
2861 4154 2914 4201 et
2961 4149 3080 4216 piso
3145 4145 3281 4201 bene
3330 4156 3511 4210 cocto,
3578 4151 3682 4202 hoc

2094 4245 2279 4293 autem
2306 4249 2391 4295 est
2425 4256 2600 4308 genus
2630 4239 2925 4311 leguminis
2955 4241 3021 4295 ab
3052 4238 3310 4298 omnibus
3361 4240 3443 4297 sic
3489 4241 3676 4311 appel-

2092 4330 2287 4396 latum,
2313 4339 2488 4388 totum
2513 4331 2633 4403 ejus
2660 4347 2861 4404 corpus
2886 4318 2893 4319 ⁷
2924 4348 3257 4404 perungere,
3303 4333 3394 4406 qui
3452 4348 3675 4390 omnem

2096 4424 2367 4478 maculam
2402 4433 2458 4481 et
2491 4425 2755 4497 reliquias
2779 4426 3116 4483 emuentium
3154 4425 3488 4496 papellarum
3542 4441 3680 4480 con-

2093 4513 2275 4570 festim
2320 4516 2683 4588 abstergeret,
2712 4518 2858 4589 quod
2891 4527 2945 4574 et
2982 4517 3185 4574 [actum
3208 4528 3291 4575 est
3320 4536 3334 4574 :
3368 4517 3497 4573 dum
3529 4500 3683 4574 enin;

2092 4608 2367 4664 lavacrum
2394 4609 2675 4677 intrasset,
2707 4626 2830 4665 cum
2869 4611 3158 4666 vulnerum
3189 4609 3365 4681 signis
3391 4610 3678 4680 ingressus

2090 4706 2175 4752 est
2209 4716 2223 4754 ς
2256 4700 2381 4752 dum
2409 4714 2539 4754 vero
2592 4701 2967 4769 egrederetur,
3005 4701 3218 4755 nullum
3271 4702 3467 4757 borum
3528 4702 3669 4758 iudi-

2087 4793 2236 4843 cium
2289 4789 2455 4844 simul
2501 4804 2782 4860 egressnm
2843 4798 2949 4855 est,
3004 4791 3099 4846 sed
3140 4799 3400 4862 tanquam
3461 4793 3680 4847 uoviter

2089 4880 2309 4950 genitus
2339 4880 2647 4943 videbatur,
2684 4889 2796 4934 tam
2821 4896 2849 4934 a
2885 4881 3119 4935 maculis
3140 4883 3476 4952 papellarum
3514 4882 3671 4946 liber,

2087 4987 2249 5042 quam
2280 4972 2349 5027 ab
2368 4973 2716 5043 aegritudinis
2739 4981 2903 5028 tantae
2922 4971 3151 5027 nimium
3184 4973 3507 5043 parentibus
3533 4973 3675 5028 indi-

2088 5065 2190 5120 ciis
2217 5065 2453 5122 alienus.
2485 5064 2662 5121 Tanta
2686 5066 2888 5137 quippe
2924 5073 3009 5121 est
3037 5074 3355 5122 sanctorum
3404 5067 3668 5134 potentia,

2091 5159 2224 5213 utsi
2256 5168 2466 5214 tantum
2498 5168 2820 5230 appareant,
2875 5173 3096 5214 omnem
3145 5157 3489 5228 aegritudinis
3538 5158 3669 5215 abs-

2094 5257 2308 5321 tergant
2340 5250 2660 5304 memoriam
2696 5266 2711 5315 ;
2742 5259 2799 5305 et
2832 5250 2959 5304 dum
2994 5250 3287 5314 voluerint,
3316 5264 3481 5305 omne
3538 5265 3671 5322 per-

2092 5342 2265 5397 imant
2311 5341 2647 5396 infirmitatis
2683 5341 2973 5398 indicium.
3034 5340 3100 5395 Et
3126 5331 3521 5397 Christodbrus
3545 5341 3673 5414 qui-

2092 5436 2215 5490 dem
2250 5435 2324 5489 ita
2374 5434 2649 5505 duplicem
2686 5434 3070 5506 aegritudinem
3102 5433 3301 5497 evasit,
3339 5442 3403 5495 et,
3424 5434 3678 5492 salvatus

2090 5534 2407 5591 veneratur,
2449 5541 2514 5580 ac
2559 5524 2803 5583 deservit
2833 5525 3190 5600 martyribus.
3216 5521 3329 5580 Nos
3352 5531 3534 5580 autem
3562 5524 3670 5590 his,

2091 5637 2214 5691 qum
2270 5619 2339 5675 de
2376 5635 2442 5674 eo
2475 5617 2624 5675 dicta
2678 5625 2829 5683 sunt,
2864 5617 3167 5672 terminum
3202 5623 3566 5686 apponentcs.
3624 5628 3680 5671 rt

2093 5716 2148 5772 in
2173 5721 2491 5772 sanctorum
2525 5712 2789 5777 laudibus
2812 5709 2861 5768 ei
2897 5709 3403 5775 communicantes,
3434 5704 3502 5762 ad
3530 5704 3671 5765 simi
