4020 6204
363 285 504 349 θιιςι

1226 300 1284 356 S.
1328 299 1677 359 SOPIIRON
1691 302 1742 359 ll
1773 304 2273 367 PATRIARCIIJ!
2304 311 2708 374 IIIEHOSOL.

3457 314 3603 379 '35-“

369 405 433 449 tia
465 401 752 483 nrlracnla,
789 418 907 471 qua:
934 404 985 456 in
1014 404 1134 473 ejus
1159 406 1389 476 conjuge
1417 416 1682 480 martyres
1713 412 1923 480 operati

2040 415 2194 468 ιύτοῦ
2237 417 2465 486 σύμϐιον
2490 421 2755 491 δραθὲντα
2787 423 2898 488 τοῖς
2932 428 3170 495 μάρτυσι
3201 421 3459 493 θαύματα
3511 433 3606 482 τὸν

267 501 272 509 ·
363 477 510 550 etut.
539 493 808 547 sermonis
841 494 1086 548 ordinem
1117 497 1536 552 transferamus.

441 600 527 654 IX.
556 602 628 656 De
665 603 934 657 Theodoro
967 608 1408 676 uxore-ejusdem
1457 614 1710 667 mconomi
1751 617 1930 670 oculos

888 678 1118 742 graviter
1145 677 1371 733 dolente.

436 759 706 826 Quoniam
764 765 984 833 quidem
1067 767 1412 826 Cbristodori
1463 775 1822 843 mgritudines
1877 787 1931 834 et

364 869 526 908 curas
566 855 678 923 jam
728 857 993 922 diximus,
1025 865 1278 932 congruit
1313 875 1371 918 ut
1411 877 1460 922 ct
1515 866 1818 924 Tbeodorse
1851 872 1932 926 fa-

360 948 571 1002 ciamus
627 951 967 1017 memoriam,
990 953 1093 1008 hoc
1123 957 1324 1010 etenim
1356 967 1474 1012 erat
1507 975 1702 1016 nomen
1743 964 1932 1018 uxoris

360 1038 727 1106 Christodori,
760 1049 814 1095 et
877 1060 996 1112 quae
1050 1046 1102 1100 in
1164 1049 1276 1116 ipsa
1332 1059 1604 1125 martyres
1638 1055 1932 1122 gesserunt

362 1131 648 1184 miracula.
675 1131 919 1187 Primum
945 1151 1076 1206 ergo
1100 1138 1242 1207 quod
1280 1139 1333 1192 in
1375 1155 1435 1194 ea
1463 1142 1698 1210 primum
1721 1147 1930 1212 operati

361 1227 492 1272 sunt
526 1236 890 1278 memoremus
922 1224 1269 1293 miraculum,
1301 1230 1427 1298 quia
1463 1241 1514 1284 ut
1547 1236 1808 1288 memoria
1851 1237 1934 1289 di-

359 1326 524 1375 gnum
558 1320 662 1374 est,
688 1327 795 1380 quo
837 1316 1159 1371 ostendatur
1201 1329 1519 1375 sanctorum
1553 1324 1719 1376 etiam
1752 1327 1805 1379 in
1831 1327 1931 1380 ab-

362 1411 548 1456 sentes
575 1404 816 1459 visitatio
845 1425 860 1460 :
895 1414 948 1458 et
993 1411 1269 1475 quomodo
1298 1411 1458 1482 longe
1508 1430 1726 1484 quoque
1757 1432 1933 1487 aegro-

361 1501 539 1547 tantes
573 1495 835 1550 accedere
867 1496 933 1550 ad
963 1513 1152 1552 eormn
1193 1503 1456 1558 medelam
1486 1505 1797 1573 hortentur,
1829 1509 1932 1564 boc

361 1586 465 1638 sibi
523 1586 770 1657 (potius),
840 1605 1002 1658 quam
1056 1594 1266 1658 argenti
1293 1602 1347 1648 et
1398 1596 1517 1650 auri
1580 1597 1933 1669 lapidumque

305 1691 310 1696 -
364 1676 729 1744 pretiosorum
779 1680 1041 1750 fulgores,
1085 1682 1460 1754 tbesaurigare
1520 1686 1820 1755 negotium.
1845 1689 1930 1742 "Et

2039 505 2193 574 λόγον
2225 509 2573 579 μετάγωμεν.

2036 618 2112 673 Θ’.
2149 620 2286 690 Περὶ
2323 622 2623 697 Θεοδώρας
2667 625 2777 697 τῆς
2809 625 3089 697 γυναικός
3130 627 3239 680 τοῦ
3291 627 3605 697 οικονόμοιι

2183 745 2190 753 ,
2459 694 2657 759 κακῶς
2677 694 3179 764 ὀφθαλμησὰσης.

2121 785 2336 856 Ἐπειδὴ
2387 787 2767 862 Χριστοδώρου
2824 789 2923 852 τὰς
2955 790 3146 851 νόσους
3174 791 3267 843 καὶ
3303 790 3404 852 τὰς
3436 791 3605 854 ἰάσεις

2037 876 2361 946 εἰρήκαμεν,
2392 875 2557 930 καλὸν
2582 879 2676 930 καὶ
2701 877 2977 949 Θεοδώρας
3013 881 3236 949 μνήμην
3278 881 3605 950 ποιήσασθαι

2039 966 2219 1033 (τοῦτο
2246 967 2354 1036 γὰρ
2383 969 2481 1036 τῆς
2507 969 2886 1040 Χριστοδώρου
2918 970 3146 1039 συμϐίου
3168 971 3228 1023 τὺ
3266 971 3482 1042 δνομα),
3513 973 3605 1025 καὶ

2037 1055 2142 1108 τῶν
2176 1059 2254 1120 είς
2281 1058 2450 1129 αὐτὴν
2467 1060 2818 1130 πραχθέντων
2857 1060 3148 1130 θαυμάτων
3175 1064 3286 1125 τοῖς
3318 1063 3601 1132 μάρτυσιν.

2036 1147 2258 1215 Πρῶτον
2287 1145 2381 1200 οὖν
2408 1148 2502 1201 τοῦ
2538 1150 2656 1202 κατ’
2695 1149 2862 1218 αὐτὴν
2894 1151 3109 1220 πρώτου
3143 1153 3605 1227 μνημονεύσωμεν

2039 1237 2340 1306 θαύματος,
2371 1241 2591 1310 μνήμης
2619 1240 2771 1304 ἀξίου
2792 1243 3172 1311 τυγχάνοντος,
3191 1245 3284 1297 καὶ
3313 1249 3606 1314 παριστάν-

2036 1346 2126 1392 τος
2155 1332 2285 1398 ἡμῖν
2313 1331 2408 1382 καὶ
2444 1330 2543 1400 τὴν
2607 1329 2742 1399 πρὸς
2803 1332 2928 1395 τοὺς
2985 1333 3222 1395 ἀπόντας
3265 1333 3376 1386 τῶν
3431 1335 3605 1403 ἁγίων

2037 1420 2354 1488 προτροπὴν
2417 1421 2510 1473 καὶ
2575 1420 2884 1488 ἐπίσκεψιν,
2915 1422 2964 1475 οἶ
2994 1421 3088 1475 καὶ
3120 1422 3250 1487 moi);
3295 1423 3482 1493 πόρῤω
3517 1441 3604 1476 νος

2039 1507 2288 1571 σοῦντας,
2319 1508 2458 1578 πρὸς
2479 1507 2576 1579 τὴν
2601 1509 2781 1562 αὐτῶν
2818 1511 2992 1565 ἐλθεῖν
3027 1511 3325 1582 θεραπείαν
3371 1513 3605 1582 προτρέ-

2039 1597 2610 1670 πουσιν.καὶ⁴ταύτην
2672 1600 2887 1663 ἑαυτοῖς
2933 1600 3360 1672 ἐμπορεύεσθαι,
3401 1601 3433 1671 ἢ
3471 1619 3605 1671 χρυ-

2044 1691 2157 1742 σίου
2191 1691 2285 1742 καὶ
2307 1689 2570 1759 ἀργυρίου
2599 1688 2727 1752 τοὺς
2757 1689 3064 1762 θησαυροὺς
3107 1693 3203 1744 xui
3223 1691 3386 1744 λίθων
3409 1691 3605 1762 τιμίων

365 1769 516 1836 prius
545 1769 649 1822 boc
677 1771 821 1839 quod
851 1773 1195 1840 postmodum
1226 1774 1427 1830 factum
1452 1783 1536 1832 est
1567 1792 1929 1846 apponemus.

2040 1756 2395 1848 φαιδρότητα·
2451 1756 2548 1830 καὶ
2610 1779 2748 1848 μετὰ
2779 1756 2952 1832 τοῦτο-
2979 1781 3040 1832 τὸ
3087 1781 3376 1851 γενόμενον
3423 1756 3604 1851 παρα·

363 1857 486 1911 11.ι·ο
506 1860 702 1914 mulier
732 1861 784 1913 in
810 1877 1028 1930 gravem
1057 1865 1341 1918 oculorum
1371 1865 1614 1920 dolorem
1639 1867 1926 1934 inciderat,

360 1950 488 2004 etin
539 1951 767 2006 civitate
797 1952 1020 2023 degens,
1057 1955 1441 2026 aegritudinem
1503 1959 1847 2024 sustinebat,
1877 1970 1929 2014 et

361 2042 492 2096 dum
529 2043 821 2098 multitudo
855 2060 972 2098 eam
1017 2047 1351 2101 medicormn
1383 2049 1750 2118 probabilium
1804 2050 1928 2104 visi-

363 2141 523 2199 taret,
560 2136 816 2188 omnibus
867 2145 988 2190 erat
1021 2138 1323 2207 periculum
1371 2139 1702 2195 inﬁrmiores
1726 2156 1754 2193 a
1793 2155 1928 2194 cura

361 2224 527 2293 bujus
553 2227 830 2294 passionis
861 2227 1074 2283 Ostendi
1113 2245 1127 2282 :
1159 2229 1238 2283 sic
1270 2231 1503 2299 pessima
1547 2240 1664 2283 erat
1700 2231 1928 2284 inﬁrmi-

359 2325 446 2372 tas
484 2327 537 2372 et
564 2317 852 2388 discipulis
905 2319 1342 2390 asclepiadarum
1379 2321 1607 2376 adversa
1641 2322 1652 2374 l
1692 2338 1925 2396 quorum

359 2410 761 2464 contentionem
802 2411 976 2466 sancti
1028 2420 1362 2482 apparentes
1418 2413 1744 2479 solverunt;
1776 2423 1828 2467 et
1871 2421 1929 2466 ut

359 2513 518 2574 poeta
574 2503 733 2568 dixit,
798 2505 1005 2560 alterna
1055 2505 1256 2559 virtute
1296 2504 1556 2559 facientes
1618 2505 1926 2568 victoriam,

359 2594 533 2665 magis
561 2604 741 2649 autem
777 2594 1345 2665 utriusquejustitiam
1378 2592 1792 2664 perpendentes,
1828 2594 1930 2647 vir-

359 2696 476 2742 tute
504 2688 720 2761 propria
748 2687 1128 2758 aegritudinem
1157 2698 1510 2741 curaverunt.
1533 2684 1595 2738 Et
1624 2700 1797 2754 neque
1815 2699 1932 2752 pas-

359 2781 594 2847 sionem,
627 2797 802 2852 neque
831 2781 926 2850 qui
978 2781 1118 2834 hanc
1175 2780 1380 2834 mederi
1415 2779 1719 2842 voluerant,
1769 2777 1927 2847 quasi

362 2873 442 2925 vel
473 2871 706 2927 victores
741 2870 822 2924 vel
870 2871 936 2923 ab
969 2871 1236 2924 alterutro
1263 2870 1438 2925 victos
1479 2868 1926 2923 constristavere.

432 2965 683 3019 Dicemus
713 2977 845 3032 ergo
875 2961 1168 3016 etmodum
1196 2977 1306 3032 quo
1333 2971 1481 3016 recte
1525 2969 1792 3032 martyres
1842 2961 1927 3012 in-

362 3055 704 3119 dicaverunt,
734 3069 842 3123 quo
875 3068 1001 3124 erga
1053 3068 1247 3108 omnes
1300 3067 1490 3107 eorum
1531 3050 1929 3106 condescensio

363 3145 536 3215 possit
594 3144 858 3201 describi.
886 3145 1154 3215 Tempore
1190 3158 1300 3214 quo
1337 3143 1448 3196 bazc
1500 3143 1696 3196 mulier
1755 3141 1930 3196 oculis

361 3237 677 3307 aegrotabat,
703 3250 755 3291 et
783 3236 927 3292 inter
956 3237 1198 3292 medicos
1231 3243 1421 3290 contra
1437 3233 1587 3288 'banc
1623 3235 1930 3302 passionem

363 3338 638 3384 certamen
674 3329 960 3398 agebatur,
1009 3338 1140 3382 tunc
1193 3324 1588 3381 Cbristodorus
1644 3333 1932 3395 promotus

363 3431 448 3476 est
480 3420 709 3476 Joannis
739 3433 794 3476 et
817 3415 946 3491 Cyri
1004 3418 1288 3474 basilicam
1339 3417 1681 3488 dispensare,
1709 3415 1935 3486 Eulogio

368 3518 511 3568 hunc
567 3521 940 3585 promovente,
972 3513 1116 3568 sicut
1159 3509 1269 3578 jam
1312 3526 1503 3566 smnus
1561 3509 1707 3564 elfati
1744 3528 1756 3563 :
1789 3509 1935 3579 quod

366 3605 656 3662 Theodora
697 3605 904 3676 conjux
959 3604 1082 3676 ejus
1113 3605 1223 3658 cito
1253 3618 1611 3672 cognoscens,
1636 3603 1935 3657 contende-

367 3701 459 3755 bat
491 3715 616 3754 cum
643 3701 780 3764 viro,
822 3708 875 3754 et
903 3676 1270 3753 ministerium
1324 3694 1600 3752 refutabat
1657 3694 1933 3766 inquiens,

366 3789 515 3858 quod
568 3805 732 3860 porro
760 3805 790 3843 a
823 3790 1046 3866 civ’itate
1075 3789 1382 3859 seiunctum
1426 3797 1529 3851 cst,
1556 3798 1609 3863 et
1651 3799 1936 3858 pergentes

369 3883 500 3936 illnc
564 3880 787 3936 domum
849 3881 1123 3936 desertam
1185 3881 1592 3948 relinquimus;
1625 3888 1678 3932 ct
1713 3871 1937 3949 prorsus

368 3973 552 4043 egredi
587 3973 900 4036 recusabat,
938 3985 990 4027 et.
1021 3980 1080 4026 ut
1115 3972 1292 4028 solent
1327 3971 1583 4024 mulieres
1610 3972 1674 4024 ad
1708 3987 1938 4026 excusas

371 4067 572 4120 tionem
608 4073 923 4135 pra-paratae
980 4061 1500 4121 cadentretexebat.
1537 4061 1801 4130 Quodque
1821 4071 1939 4116 erat

371 4165 633 4226 prmterea
691 4154 886 4208 fortius
925 4163 978 4207 et
1026 4167 1144 4207 esse
1188 4152 1570 4220 irrefragabile
1621 4153 1933 4221 putabatur,

371 4247 657 4299 oculorum
709 4243 1089 4314 :rgritudinem
1151 4241 1527 4309 obtendebat;
1584 4250 1637 4296 et
1687 4242 1939 4300 fortassis

373 4350 684 4407 comparem
702 4333 1054 4404 persuaderet
1083 4332 1147 4386 ad
1166 4332 1528 4387 ministerium
1555 4332 1934 4399 recusandum,

2031 1871 2273 1940 θώμεθα.
2323 1869 2630 1939 Ὠφθαλμία
2671 1872 2732 1924 τὸ
2783 1872 3024 1940 γύναιον,
3060 1874 3199 1928 κατὰ
3221 1874 3321 1943 τὴν
3363 1874 3519 1927 πόλιν
3547 1873 3603 1926 δὲ

2029 1962 2380 2032 διατρίϐουσα
2409 1962 2508 2030 τὴν
2539 1963 2692 2015 νόσον
2748 1964 3039 2033 ὑπέμενεν,
3093 1964 3221 2019 ἔνθα
3271 1967 3366 2018 xui
3400 1964 3603 2034 πλῆθος

2033 2053 2232 2123 ἰατρῶν
2257 2054 2560 2123 εὐδοκίμων
2602 2054 2770 2123 αὐτὴν
2799 2055 3220 2118 ὲπεσκὲπτοντο,
3251 2057 3348 2110 καὶ
3379 2056 3472 2110 τοῦ
3500 2057 3602 2110 πά·

2030 2142 2155 2204 οους
2185 2142 2449 2211 ἡττᾶσθαι
2484 2143 2680 2207 πάντες
2711 2145 2796 2213 ὑφ’
2825 2144 2882 2197 ἓν
2912 2143 3252 2197 ἐκινδύνευον
3275 2162 3288 2175 ·
3324 2145 3465 2198 οὕτω
3491 2146 3601 2198 δει-

2029 2235 2116 2286 νδν
2145 2231 2213 2304 ἦν
2260 2236 2321 2288 τὸ
2379 2235 2740 2307 ἀρρώστημα,
2795 2237 2886 2289 καὶ
2932 2237 3150 2291 πάντων
3190 2217 3604 2306 ’λσκληπιάδων

2031 2325 2287 2396 πολέμιον
2316 2343 2328 2355 ’
2359 2326 2494 2380 ἀλλὰ
2529 2327 2734 2397 ταύτην
2768 2327 2946 2380 αὐτῶν
3001 2328 3099 2398 τὴν
3136 2329 3319 2398 μάχην
3353 2328 3600 2382 διέλυσαν

2032 2414 2399 2485 προφανέντες
2415 2415 2465 2466 οἱ
2491 2416 2655 2482 ἆγιοι,
2671 2416 2763 2467 καὶ
2778 2415 2875 2485 τὴν
2890 2415 3067 2486 νίκην,
3087 2416 3384 2486 ποιητικῶς
3403 2419 3598 2477 εἰπεῖν.

2031 2505 2331 2576 ἑτεραλκέα
2371 2507 2694 2576 ποιήσαντες
2719 2521 2734 2535 ο
2769 2505 2971 2576 μᾶλλον
2998 2505 3054 2558 δὲ
3087 2506 3148 2558 τὸ
3179 2505 3388 2559 δίκαιον
3415 2507 3604 2558 ὲκατέ-

2033 2616 2144 2668 ροις
2173 2595 2594 2667 βραϐεύσαντες,
2620 2598 2686 2666 τῇ
2733 2596 2912 2648 αὐτῶν
2956 2597 3147 2666 ἀρωγῇ
3171 2597 3232 2648 τὸ
3261 2595 3432 2656 πάθος
3474 2595 3604 2648 ἀκέο

2033 2705 2212 2752 σαντο,
2247 2687 2340 2740 καὶ
2391 2686 2528 2756 μήτε
2570 2685 2668 2756 τὴν
2698 2686 2873 2751 νόσον,
2907 2688 3042 2756 μήτε
3067 2687 3193 2750 τοὺς
3228 2687 3402 2755 αὐτὴν
3443 2675 3606 2757 θερα-

2031 2779 2217 2831 πεύειν
2255 2777 2559 2841 ἐθέλοντας,
2595 2777 2670 2841 ὡς
2723 2779 2814 2830 ὑπ’
2851 2778 3098 2848 ἀλλήλων
3132 2778 3484 2848 ἡττωμένους
3513 2777 3605 2830 λυ·-

2034 2875 2326 2942 ⁴ιτήσαντες.

2100 2962 2356 3032 Λέξωμεν
2375 2963 2428 3016 δὲ
2458 2963 2550 3015 καὶ
2579 2961 2668 3015 τὸν
2697 2962 2895 3033 τρόπον
2921 2962 3021 3031 τῆς
3048 2963 3154 3016 τῶν
3192 2962 3484 3034 μαρτύρων
3516 2959 3608 3028 ὀρ-

2033 3055 2132 3125 θῆς
2154 3055 2472 3126 διαιτήσεως
2522 3055 2777 3118 είκονίξει
2800 3053 2908 3124 γὰρ
2937 3054 3222 3123 ίδιωτάτην
3247 3052 3380 3123 πρὸς
3402 3049 3609 3112 πάντας

2034 3149 2213 3204 αὐτῶν
2245 3146 2671 3213 συγκαταϐασιν.
2731 3147 2865 3199 Κατ’
2915 3148 3122 3199 ἐκεῖνον
3169 3145 3224 3199 δὲ
3258 3146 3349 3197 τὸν
3391 3144 3605 3214 καιρὸν,

2035 3239 2157 3292 καθ’
2195 3237 2252 3290 ὃν
2282 3237 2341 3290 τὸ
2365 3236 2587 3304 γύναιον
2641 3237 2820 3289 ὲνόςει
2861 3236 2958 3306 τὴν
2985 3237 3198 3306 ὅρασιν,
3235 3236 3330 3287 καὶ
3361 3235 3472 3296 τοῖς
3523 3234 3606 3285 ία-

2035 3331 2184 3400 τροῖς
2210 3326 2345 3400 πρὸς
2380 3327 2440 3380 τὸ
2469 3328 2640 3390 πάθος
2671 3328 2918 3397 ὑπῆρχεν
2955 3327 2983 3379 ὁ
3012 3326 3267 3396 πόλεμος,
3304 3327 3608 3393 οἰκονομεῖν

2046 3421 2295 3476 Ἰωάννου
2324 3420 2418 3472 καὶ
2445 3418 2626 3490 Κύρου
2661 3418 2721 3471 τὸ
2742 3419 2968 3488 τέμενος
3007 3417 3354 3488 προσ-εὸλήθη
3374 3414 3604 3486 Χριστᾶ-

2036 3512 2228 3580 δωρος,
2255 3508 2511 3577 Εὑλογίου
2533 3506 2715 3572 τοῦτο,
2741 3508 2814 3570 ὡς
2838 3506 3048 3577 ἔφημεν
3069 3507 3164 3560 τοῦ
3198 3505 3453 3576 μεγάλου,
3476 3521 3608 3575 προ-

2036 3590 2360 3672 τρέίζωαντος·
2392 3600 2421 3652 δ
2453 3597 2707 3670 Θεοδώρα
2759 3599 3006 3668 μαθοῦσα
3041 3600 3074 3666 ἡ
3108 3597 3385 3660 σύνευνος,
3415 3596 3608 3650 θᾶττον

2037 3693 2113 3763 τῷ
2167 3692 2322 3763 ἀνδρὶ
2366 3690 2676 3760 διεμάχετο,
2724 3690 2818 3742 καὶ
2879 3688 2976 3760 τὴν
3017 3689 3296 3743 διακονίαν
3330 3687 3607 3752 ἐκάκιζεν,

2036 3786 2250 3853 ὅτιπερ,
2271 3783 2456 3852 φησιν,
2487 3775 2586 3852 τῆς
2626 3780 2832 3842 πόλεως
2862 3781 3052 3851 πόρῤω
3081 3780 3384 3850 διέστηκεν,
3411 3778 3610 3847 καὶτὴν

2039 3876 2223 3930 ἑστίαν
2255 3875 2424 3939 ἰόντες
2451 3873 2936 3948 καταλιμπάνομεν
2959 3873 3164 3945 ἔρημον
3184 3889 3198 3902 ·
3223 3872 3317 3924 καὶ
3345 3871 3611 3934 παντοίως

2038 3970 2337 4040 παρῃτεῖτο
2369 3967 2468 4036 τὴν
2493 3965 2672 4030 ἔξοδον
2697 3981 2710 3995 ⁶
2737 3965 2828 4018 καὶ
2854 3965 2954 4017 ὅσα
2985 3963 3232 4032 γυναιξὶν
3262 3962 3455 4031 ἕτοιμα
3479 3960 3613 4031 πρὸς

2037 4059 2294 4131 ἀφορμὰς
2327 4057 2755 4129 παραφέρουσα·
2794 4058 2890 4110 καὶ
2933 4056 2994 4108 τὸ
3025 4055 3088 4125 δὴ
3139 4055 3358 4107 πάντων
3386 4052 3612 4122 στερῤό-

2037 4168 2200 4206 τατον
2266 4151 2362 4204 xui
2415 4149 2853 4219 δυσανάτρεπτον
2912 4147 3294 4215 λογιζόμενον,
3351 4146 3445 4196 καὶ
3506 4144 3613 4196 τῶν

2038 4242 2332 4312 ὀφθαλμῶν
2356 4241 2453 4313 τὴν
2477 4241 2757 4294 ἀσθένειαν
2774 4256 2787 4269 ο
2807 4241 2900 4292 καὶ
2922 4239 3061 4309 τάχα
3086 4239 3151 4292 ἂν
3171 4239 3356 4291 ἔπεισε
3372 4237 3462 4290 τὸν
3482 4235 3614 4306 δμό·

2041 4333 2206 4400 ζυγον
2241 4330 2692 4403 παραιτήσασθαι
2741 4331 2842 4400 τὴν
2895 4330 3210 4400 ἐγχείρησιν
3267 4327 3461 4398 (δεινὰ
3506 4327 3614 4397 γὰρ

373 4428 586 4482 callidae
659 4427 860 4496 quippe
933 4433 1098 4491 sunt,
1160 4432 1352 4479 natura
1430 4425 1509 4479 eis
1589 4425 1934 4497 sull‘ragaute,

2048 4425 2184 4494 πρὸς
2213 4423 2274 4476 τὸ
2309 4422 2517 4476 πείθειν
2547 4421 2672 4484 τοὺς
2727 4419 2924 4491 ἄνδρας
2957 4422 3023 4473 τὰ
3064 4419 3280 4488 γύναια,
3325 4419 3420 4472 καὶ
3480 4417 3617 4488 πρὸς

375 4519 443 4572 ad
502 4517 939 4589 persuadendum
1008 4517 1264 4572 mulieres
1341 4516 1395 4570 in
1459 4531 1786 4587 quocunque
1843 4533 1940 4573 vo-

376 4609 598 4674 luerint,
656 4608 912 4676 quamvis
985 4607 1149 4662 nlinis
1228 4607 1340 4662 sint
1397 4607 1642 4671 hebetes,
1700 4616 1752 4660 et
1820 4615 1938 4663 tan.

376 4713 539 4767 quam
592 4697 880 4752 inﬁrmiori
934 4697 1046 4751 vasi
1099 4696 1493 4752 concederetur
1540 4697 1752 4751 mulieri
1786 4713 1945 4767 posse

377 4790 521 4861 quod
555 4791 792 4848 volebat.
837 4788 954 4844 Nisi
983 4789 1084 4844 hoc
1118 4789 1294 4844 sancti
1345 4789 1603 4854 scientes,
1640 4797 1693 4843 et
1724 4805 1946 4860 promo-

378 4887 526 4938 tione
560 4883 904 4940 Cbristodori
963 4882 1238 4944 delectati,
1270 4881 1489 4936 mulieri
1528 4895 1623 4949 per
1670 4881 1942 4934 somnium

378 4977 701 5038 astitissent,
733 4983 899 5044 atque
918 4973 982 5026 ad
1015 4971 1378 5025 comitandum
1409 4986 1532 5024 cum
1566 4970 1685 5025 viro
1709 4970 1760 5022 in
1789 4983 1947 5022 vene-

381 5066 606 5120 rabilem
663 5079 854 5119 eorum
887 5064 1168 5117 basilicam
1221 5068 1637 5132 prmparasscnt.
1692 5057 1774 5111 Ad
1825 5071 1947 5112 eam

378 5157 578 5225 quippe
602 5133 904 5218 venientes,
928 5151 1280 5221 quamobrem
1312 5157 1566 5205 asserunt
1613 5157 1764 5202 tuum
1795 5162 1943 5201 com-

380 5259 564 5312 parem
578 5242 836 5314 prohibes
850 5242 1010 5296 nobis
1030 5240 1170 5295 sicut
1189 5245 1470 5310 promotus
1491 5245 1574 5292 est
1602 5235 1950 5291 ministrare?

381 5335 448 5390 At
471 5334 582 5399 illa,
604 5333 702 5400 Qui
726 5333 870 5388 enim
892 5331 1048 5393 estis,
1074 5329 1276 5384 Christi
1303 5340 1567 5398 martyres
1590 5327 1898 5398 inquirebat
1927 5329 1952 5381 ἳ

381 5428 523 5497 Cyro
543 5441 672 5480 vero
695 5433 976 5480 asserente
1001 5425 1143 5493 quod
1167 5439 1266 5492 ego
1293 5439 1412 5477 sum
1445 5419 1642 5492 Cyrus,
1682 5419 1926 5495 Joannes

385 5525 566 5569 autem
593 5515 702 5580 bic,
732 5516 824 5585 qui
859 5529 1071 5570 mecum
1127 5512 1345 5583 pietatis
1376 5521 1652 5566 certamen
1714 5512 1946 5580 adeptus

384 5613 468 5658 est
494 5623 510 5670 ;
536 5607 732 5660 mulier
755 5604 1117 5676 respondebat
1138 5601 1289 5658 :Sola
1314 5603 1647 5658 inﬁrmitatis
1665 5601 1947 5656 oculorum

387 5708 552 5752 causa
591 5711 606 5762 ;
647 5697 774 5765 quia
827 5699 870 5753 si
918 5697 1067 5761 illuc,
1099 5697 1294 5765 inquit,
1332 5696 1539 5762 abiero,
1616 5695 1945 5750 m-«licorum

2046 4517 2190 4586 ἅπερ
2218 4515 2282 4569 ἂν
2335 4513 2666 4583 ἐθελήσειεν,
2707 4514 2756 4565 εί
2783 4513 2878 4564 καὶ
2901 4512 3022 4565 λίαν
3048 4511 3132 4582 εἴη
3160 4509 3495 4580 φαυλότατα,
3519 4508 3618 4579 τὴν

2046 4608 2206 4676 φύσιν
2242 4605 2434 4676 ἔχοντα
2467 4605 2772 4675 σύμμαχον,
2825 4604 2919 4657 καὶ
2957 4603 3033 4666 ὡς
3061 4603 3428 4673 ἀσθενέστερα
3449 4601 3619 4670 σκεύη

2048 4696 2431 4767 παρεχομένην
2460 4695 2536 4766 τῷ
2553 4695 2848 4764 γυναικείῳ
2869 4694 3024 4763 φύλῳ
3052 4693 3114 4748 τὸ
3141 4693 3449 4759 δύνασθαι),
3467 4694 3516 4744 εἰ
3541 4692 3618 4762 μὴ

2045 4788 2203 4842 τοῦτο
2241 4787 2504 4857 μαθόντες
2533 4787 2582 4839 οἱ
2610 4785 2774 4855 ἅγιοι,
2806 4786 2880 4850 ὡς
2900 4785 2994 4840 καὶ
3020 4788 3084 4856 τῇ
3119 4786 3353 4856 προϐολῇ
3387 4787 3619 4856 Χριστο-

2047 4878 2220 4950 δώρου
2282 4879 2630 4948 τερπόμενοι,
2683 4878 2822 4932 κατὰ
2874 4879 3001 4940 τοὺς
3062 4877 3263 4939 ὕπνους
3307 4873 3382 4946 τῷ
3411 4875 3620 4946 γυναίῳ

2050 4969 2420 5040 παρέστησαν,
2479 4970 2571 5022 καὶ
2621 4969 2946 5039 συνδραμεῖν
2980 4967 3058 5038 τῷ
3103 4968 3257 5038 ἀνδρὶ
3306 4969 3441 5038 πρὸς
3461 4969 3521 5020 τὸ
3543 4969 3620 5020 τί-

2053 5078 2171 5129 μιον
2197 5061 2375 5113 αὐτῶν
2399 5059 2814 5131 παρεσκεύασαν
2831 5059 3076 5129 τέμενος.
3109 5059 3264 5122 Τίνος
3286 5061 3395 5130 γὰρ
3414 5059 3618 5121 ἕνεκεν,

2050 5147 2204 5204 εἷπον
2234 5151 2371 5222 πρὸς
2400 5151 2569 5224 αὐτὴν
2621 5153 2967 5222 ἀφικόμενοι,
3002 5151 3209 5222 εἶργεις
3248 5168 3342 5204 σου
3368 5150 3460 5203 τδν
3489 5153 3622 5220 ὀμό-

2050 5243 2213 5312 ςυγον
2227 5243 2611 5315 λειτουργῆσαι
2635 5245 2764 5314 ἡμῖν
2793 5245 2867 5308 ὡς
2893 5243 3261 5315 προϐέϐληται
3289 5245 3383 5309 ;Ἦ
3402 5245 3456 5298 δέ
3477 5260 3491 5275 ·
3525 5243 3620 5297 Tl-

2050 5351 2138 5396 νες
2166 5334 2274 5404 γὰρ
2300 5329 2455 5403 ὑμεῖς
2485 5352 2500 5400 ;
2531 5335 2622 5388 τοῦ
2657 5335 2892 5406 Χριστοῦ
2942 5339 3069 5400 τοὺς
3098 5335 3383 5408 μάρτυρας
3423 5336 3584 5406 ἤρετο
3603 5351 3616 5367 ·

2050 5423 2234 5492 Κύρου
2276 5423 2332 5475 δὲ
2373 5425 2664 5492 φήσαντος,
2715 5423 2789 5487 ὡς
2837 5424 2977 5492 Ἐγὼ
3004 5424 3103 5495 μὲν
3128 5423 3330 5495 Κῦρος,
3372 5424 3622 5492 Ἰωάννης

2049 5513 2104 5566 δὲ
2132 5507 2284 5574 οὗτος
2309 5517 2337 5567 ὁ
2361 5515 2458 5567 σὺν
2490 5515 2614 5585 ἐμοὶ
2637 5515 2698 5567 τὸ
2723 5514 2822 5585 τῆς
2845 5515 3125 5579 εὐσεϐείας
3145 5511 3307 5569 ἆθλον
3329 5515 3621 5586 ἀράμενοςο

2051 5605 2112 5656 τὸ
2134 5605 2353 5671 γύναιον
2375 5607 2714 5677 ἀπεκρίνατο
2739 5623 2751 5635 ·
2786 5607 2965 5660 Μόνου
2995 5607 3262 5678 χάριντοῦ
3293 5608 3400 5661 τῶν
3430 5607 3625 5676 ὀφθαλ-

2055 5678 2647 5770 μιτ)ν’ἀρςἷωστήματος·
2680 5699 2781 5764 ὅτι,
2809 5701 3180 5770 φησὶν,ἐκεῖσε
3209 5695 3618 5769 γιγνωσκομένη
