4010 6208
413 272 569 338 3445‘

1431 279 1537 340 SS.
1562 280 1737 342 CYRI
1765 282 1862 343 ET
1896 282 2219 344 JOANNIS
2252 281 2669 343 MIRACULA.
2699 295 2706 302 '

3534 281 3677 345 3446

394 384 707 462 -[γενομένη
724 388 769 460 3]
809 390 906 460 τῆς
948 390 1056 444 τῶν
1094 384 1294 464 ἰατρῶν
1337 395 1561 467 ἀρωγῆς
1597 395 1989 468 ἀπολείπομαι.

2104 398 2409 454 l‘rustrabor
2453 395 2721 452 subsidio.
2754 394 2863 448 llos
2908 405 3195 448 sermones
3225 388 3357 469 dum
3412 400 3681 464 martyres

411 479 631 539 Τούτων
650 482 700 537 οι
728 480 1005 553 μάρτυρες
1022 481 1132 535 τῶν
1163 485 1422 554 ῥημάτων
1452 487 1802 552 ἀκοΰσαντες,
1835 489 1998 553 εὐθὺς

410 571 552 642 αὐτῇ
585 571 678 626 τὸν
701 572 849 644 ίερδν
874 573 1043 644 σηκὸν
1060 576 1476 654 ὑποφαίνουσιν,
1504 581 1597 634 καὶ
1618 581 1727 636 τῶν
1756 583 1814 637 έν
1848 583 1998 654 αὐτῷ

412 665 827 735 κατακειμένων
855 665 1101 720 ἀσθενῶν
1125 648 1187 721 ἐδ
1217 669 1422 742 πλῆθος
1451 672 1744 741 ἐδείκνυον,
1774 678 1869 730 καὶ.
1898 648 1997 748 τὴν

410 754 648 810 ἑκάστου
678 754 832 809 νόσον
858 755 947 811 οἷα
964 773 1050 835 τις
1062 759 1312 831 ὑπῆρχεν
1333 762 1698 833 ἀπήγγελλον.
1731 762 1865 819 Εἶτα
1899 768 1998 821 σὺν

410 846 625 911 τούτοις
643 847 841 915 ἅπασι,
878 851 1033 920 φασὶ,
1052 852 1289 916 καὶτοὺς
1319 855 1444 917 σοὺς
1463 854 2000 927 θεραπεύεινόφθαλ-

418 937 555 1006 μυὺς
587 938 689 991 οὐκ
717 939 1020 1010 ίσχύομεν;
1076 943 1168 996 καὶ
1214 942 1389 996 ταῦτα
1437 944 1711 1012 λέξαντες,
1771 947 1998 1003 ἔπεισαν

411 1027 599 1095 ἔργοις
619 1029 719 1098 τὴν
752 1029 925 1084 πειθὼ
951 1032 1047 1086 καὶ
1087 1034 1148 1088 ού
1202 1035 1382 1104 λόγοις
1403 1034 1581 1106 ψιλοῖς
1604 1041 1996 1111 ἐργασάμενοι.

430 1116 754 1182 Ἐξελθοῦσα
776 1119 832 1173 δὲ
860 1122 955 1174 καὶ
976 1121 1288 1197 θεασαμένη
1320 1127 1478 1197 μόνον
1505 1129 1568 1182 τὺ
1592 1132 1794 1184 σεπτὸν
1819 1134 1999 1188 αὐτῶν

413 1209 666 1279 τέμενος,
701 1210 802 1281 τὴν
827 1211 985 1266 νόσον
1013 1215 1216 1279 εὐθέως
1240 1218 1544 1283 ἀπέϐαλεν,
1570 1221 1767 1292 ὀδύνης
1801 1226 1997 1297 μηκέτι

412 1300 672 1370 τοιαύτης
696 1301 991 1373 ὀφθαλμῶν
1018 1309 1212 1379 πεῖραν
1266 1310 1578 1381 ἀθρήσασα,
1605 1315 1670 1368 ού
1704 1317 1766 1369 τὸ
1798 1317 1893 1371 καὶ
1936 1320 1998 1372 τὸ

417 1389 552 1461 πρὸς
578 1390 878 1463 θεραπείαν
900 1397 1195 1468 ποιήσασα,
1224 1399 1362 1470 ἀλλά
1392 1402 1529 1474 μόνῃ
1555 1407 1621 1476 τῇ
1658 1404 1759 1478 θέα
1778 1408 1872 1461 τοῦ
1890 1408 1998 1463 τῶν

368 1558 385 1570 ο
415 1483 715 1555 μαρτύρων
757 1486 863 1540 νεὼ
905 1487 1221 1564 δρεψαμένη
1290 1497 1391 1565 τήν
1453 1496 1771 1570 ἀμάραντον
1825 1500 1993 1560 ἴασιν.

406 1574 673 1644 Ἰσχυσεν
694 1578 805 1650 γὰρ
851 1580 885 1650 ή
927 1580 1024 1634 τοῦ
1057 1584 1228 1653 σηκοῦ
1256 1584 1570 1657 γλυκυτάτη
1611 1591 1794 1663 μορφὴ
1824 1593 1997 1658 πάθος

412 1666 752 1736 θεραπεῦσαι
812 1673 1167 1742 πικρότατον,
1205 1678 1299 1729 καὶ
1339 1679 1693 1751 παραστῆσαι
1720 1683 1829 1739 τῶν
1859 1685 1998 1740 ἐνοι-

411 1758 654 1814 κούντων
674 1761 848 1831 ἁγίων
880 1763 981 1834 τὴν
1012 1766 1322 1839 ἀμέτρητον
1344 1769 1600 1841 δύναμιν.

486 1850 638 1916 Λέξω
681 1851 737 1905 δὲ
766 1855 859 1906 καὶ
904 1854 966 1911 τὸ
1017 1856 1225 1927 ἕτερον,
1263 1859 1400 1929 ὅπερ
1433 1861 1514 1923 είς
1546 1864 1716 1936 αὐτὴν
1740 1865 1990 1939 ἐπράχθη

406 1941 601 2011 θαῦμα
626 1945 741 2007 τοῖς
776 1944 1067 2014 μάρτυσιν,
1108 1949 1295 2022 ἐπειδὴ
1319 1954 1379 2004 τὸ
1426 1954 1700 2023 προλαϐὸν
1724 1958 1993 2028 ἀπηγγεί-

406 2032 609 2103 λαμεν,
634 2037 727 2087 καὶ
776 2038 837 2090 οὐ
868 2038 1064 2110 κρύψω
1092 2044 1217 2114 σιγῇ
1252 2045 1378 2107 τοὺς
1421 2046 1720 2114 ἀκούοντας
1748 2068 1761 2079 ·
1789 2052 1849 2105 οὐ
1885 2054 1993 2125 γὰρ

412 2126 579 2195 σιγῆς
609 2126 735 2192 ἄξια
757 2128 827 2182 τὰ
852 2130 1095 2201 ἡμέτερα
1133 2132 1210 2197 ὡς
1241 2135 1313 2188 τὰ
1342 2136 1451 2189 τῶν
1478 2136 1749 2210 δαιμόνων
1793 2145 1994 2212 φαυλόο

412 2234 550 2271 τατα
574 2220 868 2290 φάσματα’
922 2223 1135 2289 τούτοις
1186 2226 1297 2298 γὰρ
1340 2230 1542 2299 πρέπει
1576 2233 1702 2304 σιγή
1729 2235 1824 2288 καὶ
1854 2236 1991 2308 λήθη

416 2309 509 2411 καὶ
533 2310 710 2411 τάυρος
730 2313 830 2411 καί
873 2313 1064 2380 σκότος
1121 2316 1416 2391 ἐξώτερον,
1455 2323 1619 2388 τόπος
1675 2327 1992 2400 ἁπῦκρυιρος

412 2489 591 2579 ιρώνου
650 2494 972 2564 σάλπιγγος,
1014 2500 1107 2551 καὶ
1139 2501 1584 2574 μεγαλορήμονος
1626 2489 1868 2579 κήρυκος
1898 2489 1994 2565 καὶ

409 2578 663 2653 δωματος
684 2584 1012 2655 άγχινεφοῦς
1038 2591 1153 2652 τοῖς
1193 2590 1501 2663 ὑψώμασιν,
1531 2595 1616 2665 ἐφ’
1645 2578 1737 2661 οῦς
1765 2601 1993 2671 στήσον-

410 2688 502 2725 ται
526 2675 623 2765 καὶ
653 2673 939 2748 βοήσονται
956 2680 1006 2733 οἱ
1032 2681 1432 2752 κηρύσσοντεςο
1457 2688 1526 2741 τὰ
1553 2687 1663 2761 γὰρ
1684 2691 1744 2742 ἐν
1774 2695 1994 2765 φανερῷ

413 2764 509 2818 καὶ
529 2764 631 2819 οὐκ
658 2767 717 2820 ἐν
752 2769 1092 2843 παραϐύστῳ
1135 2775 1248 2836 τοῖς
1287 2775 1557 2845 μάρτυσιν
1581 2779 1834 2851 δρώμενα
1865 2764 1997 2838 (lati-

418 2872 585 2925 ματος
610 2858 849 2928 γέμοντα
866 2861 959 2914 καὶ
981 2862 1081 2915 οὐκ
1094 2863 1355 2935 αἰσχύνης
1376 2867 1639 2937 ἀνάπλεα,
1666 2874 1829 2927 πᾶσιν
1852 2890 1993 2943 γνω-

417 2943 662 3015 ρίζεσθαι
722 2948 967 3017 πέφυκεν
1000 2950 1146 3016 ἀξια,
1180 2955 1276 3008 καὶ⁵
1331 2958 1471 3011 κατά
1524 2961 1701 3014 πᾶσαν
1749 2962 1846 3035 τὴν
1893 2966 1995 3037 γῆν

413 3035 708 3109 διαρρήδην
729 3041 1121 3112 κηρύττεσθαι.
1138 3044 1345 3100 Οὐκοῦν
1367 3047 1629 3122 λέξωμεν,
1661 3055 1754 3108 καὶ
1775 3056 1835 3108 ού
1859 3035 1995 3127 κρύ-

416 3128 630 3198 ιζωμεν,
660 3132 756 3184 καὶ
808 3139 1190 3207 σκιρτήσωμεν
1217 3138 1487 3208 λέγοντες,
1516 3145 1610 3197 καὶ
1647 3122 1997 3219 χορεύσωμεν
2024 3122 2068 3179 C

415 3220 525 3273 τῶν
568 3222 740 3291 ἁγίων
783 3226 882 3289 τὰς
916 3226 1148 3298 πράξεις
1208 3233 1587 3302 κηρύττοντος,
1616 3239 1833 3293 πάντων
1864 3241 1998 3297 ’ὅντα

419 3313 627 3369 πιστῶν
662 3315 945 3389 ἀγλάϊσμα
973 3335 1032 3373 τε
1066 3322 1160 3377 καὶ
1190 3323 1474 3396 καύχημα.

491 3581 646 3635 Μετά
679 3583 847 3638 πολὺν
876 3584 1015 3656 αῦτη
1072 3589 1265 3657 καιρὸν
1308 3591 1340 3661 ἡ
1377 3592 1626 3664 Θεοδὼρα
1668 3597 1767 3668 τῆς
1795 3600 1998 3669 ὀφθαλ-

429 3670 573 3740 μίας,
606 3675 807 3744 μᾶλλον
829 3676 887 3730 δὲ
907 3678 1007 3749 τῆς
1036 3678 1146 3733 τῶν
1160 3680 1453 3753 ὀφθαλμῶν
1492 3687 1707 3742 ἐλούετο
1738 3690 1957 3762 ῥώσεως
1982 3711 1996 3726 ο

424 3762 483 3813 τὸ
503 3762 558 3817 δὲ
584 3764 811 3837 λουτρὸν
839 3767 949 3821 τῶν
976 3769 1148 3839 ἁγίων
1169 3771 1467 3844 ἐτύγχανεν
1488 3792 1501 3807 ι
1537 3778 1717 3833 ἐκεῖσε
1743 3782 1850 3854 γὰρ
1877 3785 1998 3839 τότε

416 3853 715 3927 διέτριϐενο
738 3859 837 3912 καὶ
864 3860 1130 3933 λουομένη
1182 3867 1374 3919 πίπτει
1401 3868 1618 3933 δεινῶς·
1651 3873 1731 3936 είς
1757 3853 2000 3931 τούπίσω

422 3944 532 4017 γὰρ
553 3951 853 4021 καταφέρει
882 3953 1147 4025 ρήγματι,
1175 3955 1456 4019 γλοιῶδεσί
1472 3978 1614 4014 τισιν
1643 3964 1995 4038 ὀλισθήσασα,

422 4040 536 4102 τοῖς
567 4040 631 4093 ἐκ
668 4044 994 4113 τριμμάτων
1020 4047 1162 4116 τάχα
1203 4051 1530 4117 γυναικείων
1563 4055 1864 4125 ἐκρέουσιν.
1890 4052 2032 4115 Ἦν.

420 4129 480 4182 δὲ
512 4132 606 4184 καὶ
649 4132 711 4186 τὸ
767 4135 968 4205 πτῶμα
1024 4138 1228 4192 δεινόν·
1264 4143 1402 4211 μετὰ
1460 4144 1568 4216 γὰρ
1612 4145 1673 4199 τὸ
1704 4146 1999 4204 λούσασθαι

422 4222 584 4274 τοῦτο
614 4225 981 4298 συμβέϐηκεν,
1011 4229 1257 4302 ἐξιούσης
1297 4233 1404 4285 τῶν
1445 4234 1711 4310 ἐμπύρων
1754 4240 1847 4292 ἐπὶ
1872 4243 1999 4307 τοὺς

423 4312 669 4384 ψυχροὺς
693 4318 859 4388 ἀέρας
875 4320 971 4373 καὶ
995 4321 1235 4390 νάματα,
1277 4323 1369 4377 ὅτε
1415 4326 1504 4378 καὶ
1529 4326 1638 4380 τῶν
1690 4328 1999 4400 λουομένων

2103 495 2469 562 accepissent,
2499 489 2790 545 confestim
2819 488 2869 544 ei
2919 502 3137 543 sacrum
3167 500 3356 541 eorum
3394 485 3536 540 ovile
3583 484 3683 540 de-

2102 587 2375 651 scribunt,
2404 595 2457 641 et
2496 584 2693 639 ibidem
2716 582 3108 653 perjacentium
3140 579 3487 635 inﬁrmorum
3542 579 3686 633 mul-

2103 678 2394 733 titudinem
2420 681 2753 740 monstrant,
2781 682 2944 743 atque
2997 672 3437 741 uniuscujusque
3472 671 3678 741 :egritu-

2100 771 2307 833 dinem,
2338 769 2520 838 qualis
2542 767 2776 837 quisque
2804 772 2970 826 esset.
3016 763 3354 818 edisserunt.
3397 759 3547 816 'Cum
3600 760 3677 817 his

2102 862 2376 925 omnibus.
2404 861 2677 930 inquiunt,
2695 861 2858 914 etiam
2887 868 3008 914 tuos
3031 874 3227 913 curare
3247 872 3355 913 non
3381 856 3685 911 valebimus

2101 953 2336 1009 oculos!
2390 954 2454 1007 Et
2502 952 2618 1007 haec
2645 952 2916 1016 dicentes,
2946 966 3055 1004 non
3117 950 3253 1005 solis
3308 947 3680 1012 sermonibus,

2103 1045 2198 1101 sed
2238 1044 2498 1114 operibus
2531 1042 2886 1115 persuadent.
2917 1042 3150 1112 Egressa
3180 1054 3311 1094 vero
3333 1038 3685 1107 conspiciens

2103 1136 2169 1191 ad
2186 1136 2552 1192 venerandam
2576 1151 2765 1190 eorum
2789 1122 3099 1197 basilicam,
3110 1131 3295 1188 statim
3317 1130 3506 1200 abiicit
3526 1129 3686 1200 aegri-

2103 1227 2376 1293 tudinem,
2410 1226 2696 1282 oculorum
2739 1225 2984 1278 dolorem
3044 1223 3188 1277 ultra
3225 1237 3332 1276 non
3387 1220 3633 1276 sentiens
3667 1238 3683 1287 ,'

2101 1332 2202 1385 nec
2229 1316 2334 1371 hoc
2366 1325 2459 1371 aut
2487 1316 2618 1371 illud
2655 1315 2722 1370 ad
2744 1329 2934 1369 curam
2965 1309 3378 1382 accipiens,sed
3407 1309 3523 1363 sola
3547 1316 3687 1363 tem-

2102 1407 2175 1477 pii
2200 1417 2503 1479 martyrum
2556 1406 2769 1461 visione
2797 1402 3241 1458 inunarcescibili
3291 1401 3470 1456 salute
3511 1401 3682 1471 potita
3780 1408 3783 1409 '

2102 1507 2208 1553 cst.
2240 1497 2426 1552 Valuit
2466 1511 2661 1567 nempe
2716 1495 2879 1549 ovilis
2917 1509 3108 1549 eorum
3164 1491 3339 1546 forma
3387 1498 3681 1561 conspecta

2102 1599 2307 1679 pestem
2384 1587 2787 1643 amarissimam
2864 1599 3084 1649 curare,
3138 1592 3193 1639 et
3253 1582 3699 1661 inhabitantium.

2100 1674 2415 1737 sanctorum
2476 1679 2732 1734 virtutem
2787 1676 3242 1732 innumerabilem
3298 1674 3676 1745 comprobare.

2167 1858 2354 1913 Dicam
2407 1863 2586 1923 autem
2635 1862 2687 1909 et
2713 1854 2942 1907 alterum
2971 1852 3113 1922 quod
3169 1851 3223 1905 in
3259 1865 3320 1905 ea
3347 1857 3559 1920 gestum
3588 1856 3672 1903 est

2095 1965 2124 2004 a
2154 1950 2360 2003 sanctis
2414 1948 2763 2000 miraculum.
2818 1943 2956 2011 Quia
3009 1945 3176 2015 igitur
3217 1943 3361 2014 quod
3395 1946 3676 2011 praecessit

2095 2040 2468 2103 narravimus,
2502 2053 2845 2108 nequaquam
2900 2037 3126 2092 silentio
3157 2036 3324 2089 etiam
3361 2034 3462 2089 hoc
3485 2034 3554 2088 ab
3583 2048 3684 2087 au-

2093 2134 2373 2188 dientibus
2433 2131 2818 2186 occultamus:
2874 2143 2972 2184 nec
3029 2127 3174 2182 enim
3236 2135 3417 2180 nostra
3466 2124 3685 2181 silentio

2094 2226 2258 2296 digna
2290 2230 2440 2289 sunt,
2478 2224 2621 2277 sicut
2651 2222 2959 2276 daemonum
3011 2217 3311 2273 vanissima
3335 2217 3686 2287 phantasma-

2095 2326 2199 2386 ta;
2257 2318 2383 2371 illos
2418 2315 2564 2370 enim
2624 2305 2888 2382 competit
2938 2311 3216 2365 silentium
3274 2318 3328 2363 et
3384 2307 3589 2363 oblivio
3629 2316 3684 2361 et

1972 2452 1995 2464 -
2096 2410 2404 2479 sepulcrum
2440 2405 2851 2474 exterioresque
2906 2402 3184 2467 tenebrae,
3221 2402 3375 2456 locus
3417 2401 3511 2470 qui
3552 2401 3683 2455 abo—

2086 2501 2426 2555 ‘minationes
2482 2480 2686 2553 eorum.
2727 2493 3078 2560 abscondat;
3126 2493 3221 2549 sed
3285 2493 3416 2548 tuba
3470 2491 3683 2547 fortiter

2096 2598 2490 2661 personans,et
2527 2585 2858 2657 praeconium
2890 2583 3315 2656 magnanimiter
3343 2581 3678 2649 vociferans,

2094 2690 2149 2737 et
2176 2688 2381 2735 tectum
2411 2678 2648 2735 sublime
2677 2675 2918 2731 nubibus
2956 2675 3427 2746 appropinquans,
3463 2675 3517 2730 in
3553 2676 3675 2746 qui-

2097 2772 2202 2828 bus
2235 2770 2607 2825 consistentes
2636 2766 3024 2838 praedicatorcs
3054 2767 3380 2830 exclamem,
3414 2766 3531 2821 bare
3562 2782 3682 2835 quae

2098 2866 2153 2918 iu
2199 2862 2493 2917 manifesto
2531 2869 2586 2915 et
2629 2875 2736 2914 non
2783 2857 3109 2913 abscondito
3154 2857 3490 2930 martyribus
3528 2867 3684 2929 gesta

2098 2965 2245 3021 sunt,
2297 2953 2675 3023 miraculoque
2720 2951 2941 3016 referta,
2974 2958 3174 3006 etnon
3216 2950 3543 3005 confusione
3598 2965 3684 3005 re-

2100 3044 2243 3113 pleta
2273 3052 2423 3105 sunt,
2475 3043 2544 3096 ab
2573 3041 2832 3095 omnibus
2863 3041 3120 3110 cognosci
3173 3041 3499 3097 naturaliter
3520 3039 3681 3109 digna

2101 3145 2155 3191 et
2203 3151 2297 3207 per
2354 3150 2569 3191 omnem
2637 3142 2837 3189 terram
2893 3132 3241 3189 manifestius
3301 3131 3675 3204 pradicanda.

2102 3227 2245 3298 Ergo
2282 3228 2527 3284 dicemus
2582 3235 2635 3282 et
2689 3242 2798 3282 non
2856 3226 3281 3290 ocrultabimus,
3329 3234 3384 3281 et
3433 3225 3681 3281 dicentes

2100 3321 2504 3376 exsultabimus
2530 3328 2695 3390 atque
2716 3319 3167 3389 tripudiabimus,
3199 3326 3354 3374 actus
3376 3317 3681 3389 praedican-

2101 3420 2184 3467 tes
2211 3419 2525 3471 sanctorqu
2553 3412 2617 3465 ad
2646 3410 2884 3465 fidelium
2914 3409 3158 3464 omnium
3177 3408 3603 3464 exsultationem
3628 3415 3684 3463 et

2101 3502 2382 3574 gaudium.

2175 3593 2306 3649 Post
2372 3584 2600 3647 multum
2654 3592 2837 3661 itaque
2923 3594 3136 3660 tempus
3189 3604 3299 3658 quo
3363 3576 3520 3643 dolor
3572 3588 3684 3643 imo

2101 3688 2433 3745 restauratio
2455 3682 2740 3736 oculorum
2766 3695 3032 3736 concessa
3058 3686 3166 3744 est,
3194 3680 3367 3734 lavata
3391 3679 3681 3735 esteadcm

2101 3775 2391 3832 Tlteodora
2415 3776 2469 3831 in
2508 3774 2705 3829 balneo
2734 3782 3071 3837 sanctorum,
3104 3771 3289 3842 ibique
3327 3777 3459 3825 tunc
3500 3785 3682 3825 mora-

2100 3868 2283 3923 batur.
2353 3866 2599 3935 Dumqne
2655 3864 2951 3929 lavaretur,
3002 3869 3127 3929 post
3186 3870 3396 3930 tergum
3447 3860 3683 3931 graviter

2102 3957 2320 4020 cecidit,
2352 3964 2405 4013 et
2436 3957 2673 4026 collapsa
2704 3954 2914 4024 dejecta
2970 3961 3056 4007 est
3089 3952 3144 4007 in
3179 3953 3443 4007 lubricam
3481 3965 3684 4022 quam-

2101 4050 2226 4103 dam
2253 4046 2554 4116 oleaginem
2590 4060 2711 4116 quae
2761 4043 3016 4099 femineis
3056 4043 3401 4098 ‘fricameutis
3439 4041 3684 4096 deﬂuxe-

2103 4154 2204 4197 rat.
2252 4138 2376 4193 Fuit
2432 4151 2613 4192 autem
2670 4139 2855 4211 lapsus
2893 4136 3078 4209 gravis
3112 4154 3126 4191 :
3181 4144 3304 4207 post
3342 4135 3488 4191 enim
3518 4148 3681 4205 quam

2102 4238 2211 4291 lota
2243 4242 2350 4301 est,
2384 4237 2485 4287 hoc
2507 4233 2557 4287 ei
2587 4232 2898 4302 contigerat
2928 4230 3057 4286 dum
3087 4229 3369 4302 egreditur
3387 4229 3453 4284 de
3483 4228 3686 4282 calori-

2100 4326 2206 4382 bus
2255 4324 2323 4379 ad
2355 4339 2621 4391 aquarum
2659 4322 2865 4378 ﬂuenta
2897 4328 2953 4376 et
2986 4320 3217 4392 frigidos
3246 4335 3423 4384 aeres,
3460 4319 3681 4390 quando

425 4404 495 4454 τὰ
511 4405 748 4508 ρῶματα
782 4408 996 4490 εὐπαθῆ
1019 4411 1081 4463 τέ
1107 4412 1256 4465 ἐστιν
1306 4413 1399 4465 καὶ
1441 4414 1761 4487 χαυνότερα,
1786 4420 1851 4490 τῇ
1879 4418 1998 4473 διας

2104 4428 2157 4474 et
2203 4418 2499 4472 lavantium
2543 4430 2777 4485 corpora
2814 4414 2997 4468 mollia
3043 4424 3171 4469 sunt
3219 4422 3273 4467 et
3325 4412 3539 4481 fragilia
3588 4426 3683 4482 per

424 4485 582 4563 χύᾶει
604 4494 697 4549 τοῦ
712 4486 1034 4567 χαυνοῦντός
1050 4517 1109 4553 τε
1137 4501 1232 4554 καὶ
1252 4501 1537 4567 ὲκλύοντος
1554 4485 1806 4574 αἵματος.
1825 4485 1999 4562 ἦόῦτο

2106 4509 2454 4565 dilfusionem
2493 4507 2778 4576 sanguinis
2804 4507 2989 4560 calore
3018 4506 3262 4559 relaxato
3290 4514 3453 4575 atque
3475 4505 3685 4571 disper-

425 4586 537 4655 γὰρ
557 4588 618 4640 τὸ
647 4587 872 4659 θερμὸν,
896 4589 1001 4653 ἕως
1029 4592 1088 4644 ἐν
1115 4591 1237 4662 ἀέρι
1261 4593 1586 4665 ψυχροτέρῳ
1617 4598 1998 4667 τυγχάνωμεν,

427 4677 524 4729 tul.
545 4679 774 4750 καρδίαν
819 4676 927 4735 ἔσω
966 4681 1160 4752 φεύγει
1205 4686 1300 4737 καὶ
1350 4684 1672 4754 κρύπτεται,
1700 4690 1766 4758 τῇ
1813 4690 1997 4760 ἑπαφῇ

429 4768 525 4822 τοῦ
570 4771 784 4842 ψυχροῦ
834 4773 1288 4844 συστελλόμενονο
1322 4776 1542 4829 ἐπειδὰν
1575 4777 1633 4830 δὲ
1656 4778 1778 4848 ἀέρι
1812 4779 2001 4850 θερμῷ

430 4862 947 4934 προσομιλήσωμεν,
969 4863 1359 4938 ἀναχωρούσης
1387 4867 1489 4937 τῆς
1511 4867 1616 4931 ἔξω
1645 4868 2000 4940 θερμότητος,

429 4954 590 5017 εὐθὺς
621 4956 713 5008 ἐπὶ
738 4956 839 5025 τὴν
881 4957 1206 5024 ἐπιφάνειαν
1232 4956 1449 5021 ἔξεισιν,
1489 4957 1856 5031 ἐλευθερωθέν
1880 4979 2003 5026 πως

429 5046 523 5099 τοῦ
544 5046 872 5117 διείργοντος
903 5047 1114 5118 ψυχροῦ
1141 5049 1237 5102 καὶ
1261 5049 1661 5115 συστέλλοντος,
1685 5052 1780 5105 καὶ
1798 5052 1858 5107 τὲ
1875 5070 2003 5124 συγσ

430 5139 586 5205 γενὲς
611 5140 893 5210 γνωρίσαν
913 5141 1012 5210 τῆς
1042 5140 1146 5206 ἔξω
1173 5141 1532 5214 θερμότητος.

504 5228 594 5280 Ἐν
623 5229 847 5301 τοιαύτῃ
883 5227 1016 5298 γοῦν
1038 5229 1275 5284 διαθέσει
1309 5231 1404 5285 καὶ
1441 5231 1692 5302 Θεοδώρα
1720 5237 1838 5289 τότε
1872 5254 2003 5307 τυγ-

433 5319 672 5389 χάνουσα
703 5322 974 5392 σώματος,
1002 5322 1193 5376 πίπτει
1221 5322 1320 5392 μιν
1342 5325 1434 5377 ἐπὶ
1457 5323 1624 5378 νῶτον
1641 5328 1734 5380 καὶ⁸
1756 5329 2000 5393 τένοντα,

432 5409 647 5482 ἐπλήγη
669 5410 727 5465 δὲ
756 5411 847 5465 τὸν
884 5412 1111 5481 ἀγκῶνα
1135 5412 1433 5484 βαθύτατα,
1476 5415 1718 5486 μεγάλου
1759 5420 1855 5472 καὶ
1883 5421 2005 5474 κατ’

431 5500 568 5556 αὐτὸ
613 5503 950 5574 ἀνοιχθέντος
970 5506 1049 5576 τῷ
1070 5506 1375 5577 κρούσματι
1397 5506 1730 5577 τραύματος,
1753 5511 1846 5564 καὶ
1876 5511 2006 5565 πολ-

432 5591 528 5646 λοῦ
561 5596 625 5647 ἐκ
654 5596 845 5650 τούτου
905 5597 1321 5670 κατενεχθέντος
1338 5616 1395 5653 τε
1423 5599 1517 5653 καὶ
1543 5590 1807 5670 ῥύσαντος
1835 5600 2004 5674 αἵμα-

435 5697 524 5745 τος
547 5700 559 5712 ”
585 5681 724 5741 δι”.λά
754 5688 848 5757 τὴν
877 5689 1143 5762 τοσαύτην
1174 5688 1386 5761 πληγὴν
1420 5691 1790 5762 ὲπικύνδυνον,
1824 5695 1917 5748 καὶ
1949 5695 2007 5749 τὸ

2109 4614 2192 4654 so.
2223 4595 2353 4651 Nam
2387 4597 2630 4667 quandiu
2658 4594 2857 4664 frigido
2876 4608 3067 4648 sumus
3087 4593 3140 4647 in
3165 4608 3289 4647 aere
3308 4592 3374 4646 ad
3408 4592 3573 4646 corda
3594 4593 3683 4646 in-

2107 4690 2305 4744 teriora
2332 4687 2598 4758 refugitin
2629 4684 2885 4749 conditis,
2926 4683 3123 4754 frigido
3158 4684 3354 4753 quippe
3375 4691 3519 4738 tactu
3544 4699 3681 4738 con-

2107 4782 2344 4837 trahitur
2387 4795 2587 4850 corpus
2647 4796 2660 4832 :
2698 4779 2827 4831 dum
2886 4791 3017 4829 vero
3054 4777 3163 4829 aeri
3215 4773 3679 4846 propinquavrrit,

2106 4873 2379 4930 exteriore
2425 4874 2628 4945 frigore
2660 4871 2968 4932 recedente,
3007 4868 3072 4920 ad
3112 4867 3457 4937 superﬁciem
3495 4867 3677 4921 statim

2103 4965 2252 5019 calor
2282 4962 2576 5032 egreditur,
2627 4959 2774 5014 illico
2804 4957 2948 5027 quod
2999 4965 3309 5027 exemptum
3334 4965 3383 5011 et
3429 4971 3457 5009 a
3496 4954 3680 5026 prohi-

2104 5057 2358 5127 bentese
2402 5060 2456 5107 et
2501 5050 2863 5106 contrahente
2915 5046 3115 5117 frigore
3169 5047 3335 5101 fuerit
3370 5048 3685 5115 liberatum,

2104 5146 2447 5201 extrinsecus
2482 5142 2642 5214 positi
2678 5139 2878 5195 caloris
2917 5139 3297 5208 cognationem
3322 5138 3586 5193 sentiens.

2181 5235 2466 5289 'l’beodora
2512 5235 2693 5303 itaque
2728 5231 2781 5285 in
2830 5230 3144 5300 mqualitate
3188 5231 3437 5299 corporis
3477 5214 3683 5284 consti-

2110 5333 2250 5387 tuta,
2300 5324 2498 5380 cecidit
2548 5324 2765 5393 quidem
2822 5329 2945 5392 post
2990 5328 3200 5391 tergum
3249 5330 3302 5375 et
3327 5321 3596 5393 jugulum,
3631 5335 3693 5381 et

2112 5419 2167 5474 in
2192 5418 2463 5489 profundo
2488 5415 2652 5470 cubiti
2686 5414 2969 5469 vulnerata
3004 5423 3126 5480 est;
3165 5428 3415 5484 magnum
3451 5430 3685 5484 namque

2113 5510 2312 5567 ibidem
2368 5524 2433 5564 ex
2491 5507 2584 5561 tali
2643 5505 2926 5562 collisione
2969 5514 3268 5558 reseratum
3322 5514 3407 5560 est
3465 5505 3687 5567 vulnus,

2113 5601 2427 5671 multusque
2483 5600 2708 5670 sanguis
2776 5595 3003 5653 cmuxit.
3069 5596 3173 5651 Sed
3232 5604 3439 5653 tantam
3478 5598 3685 5668 plagam

2114 5695 2327 5767 plenam
2380 5692 2622 5764 periculo
2674 5703 2729 5753 et
2777 5689 2977 5746 vulnus
3031 5689 3338 5746 insanabile
3400 5689 3695 5745 confestim
