4010 6208
390 299 526 364 3447

1264 306 1324 363 S.
1365 303 1781 366 SOPHRONII
1812 308 2321 373 PATRIARCH.’E
2346 316 2746 377 HIEROSOL.

3497 315 3642 383 3448

390 420 716 481 apparentes
767 419 1039 483 martyres
1114 422 1506 478 sauaveruut;
1567 430 1667 471 nec
1724 416 1944 472 triduuu

2068 422 2288 477 τοσοῦτο
2316 418 2535 495 τρειῦμα
2561 425 2834 491 δυσίατον,
2869 427 3070 492 εύθέως
3104 429 3153 482 οί
3187 428 3462 500 μάρτυρες
3513 433 3639 486 ἐπι-

389 501 765 571 permittentes
810 502 864 555 in
906 517 1069 555 manu
1102 503 1223 570 ejus
1266 511 1322 559 et
1351 505 1558 568 cubito,
1603 507 1746 576 quod
1784 508 1969 563 vulne-

386 604 568 647 ratum
604 601 745 656 erat,
777 594 1024 661 agnosci.
1082 593 1289 649 Audire
1324 605 1506 650 autem
1562 599 1808 666 profecto
1831 602 1966 655 estis

385 684 579 737 intenti
626 685 789 737 etiam
829 685 1023 737 salutis
1064 685 1390 752 remedium,
1425 690 1701 754 quomodo
1734 706 1964 745 venera-

385 775 520 828 biles
543 784 808 843 martyres
840 775 893 827 in
925 786 1201 829 momento
1228 781 1487 847 temporis
1511 786 1717 834 tantam
1749 781 1962 852 plagam

381 865 718 919 sanas-etim.
747 864 900 930 Quod
937 875 991 919 et
1032 866 1269 922 breviter
1321 879 1586 936 astruam,
1622 881 1675 926 et
1699 873 1965 928 auditori-

380 955 482 1009 bus
519 954 860 1009 manili-stum
906 955 1155 1009 cilicium.

444 1131 612 1187 Nocte
640 1149 876 1204 namque
896 1136 1285 1205 subsequente,
1306 1154 1425 1207 qua.-
1455 1139 1561 1193 luci
1583 1139 1825 1207 ejusdem
1853 1140 1959 1195 dici

378 1236 746 1293 successerat,
812 1229 973 1283 iidem
1010 1232 1183 1285 sancti
1225 1231 1353 1286 dum
1388 1234 1499 1286 hate
1544 1235 1743 1287 mulier
1774 1235 1963 1303 paulu-

402 1337 490 1372 um
529 1319 918 1387 requiesceret,
952 1322 1266 1377 astiterunt.
1323 1322 1578 1380 Profecto
1611 1327 1756 1379 enim
1798 1326 1959 1395 hujus

377 1412 454 1465 rei
487 1412 657 1480 gratia
690 1412 743 1465 in
773 1415 942 1466 tantis
966 1413 1254 1470 doloribus
1285 1416 1392 1470 tale
1430 1417 1701 1472 somnium
1733 1432 1960 1486 accepe-

378 1510 480 1564 rat,
517 1510 575 1555 ut
602 1513 913 1558 sauctormn
945 1505 1178 1559 celerem
1225 1506 1598 1560 visitationem
1631 1486 1957 1576 perciperet.

375 1592 713 1647 Assistentes
748 1608 880 1663 ergo
933 1594 1215 1648 hominum
1268 1607 1561 1660 amatores,
1593 1598 1718 1651 vino
1749 1612 1959 1651 marco-

310 1692 320 1704 '
375 1685 488 1737 ti‘co
530 1699 726 1740 manus
767 1686 887 1754 ejus
915 1686 1253 1756 spungiolari
1301 1689 1647 1758 prmcipiunt,
1681 1698 1975 1759 superque‘

374 1775 573 1828 vulnus
619 1776 822 1845 imponi
872 1792 1065 1834 carnes
1118 1779 1298 1848 lnpelli
1333 1798 1347 1834 :
1380 1780 1626 1837 marinus
1666 1782 1751 1834 hic
1784 1782 1950 1850 piscis

373 1873 477 1928 est,
507 1864 747 1934 lupellus
779 1868 1049 1923 vocitatus
1083 1885 1099 1936 ;
1135 1870 1228 1924 sed
1262 1880 1315 1924 et
1353 1871 1572 1926 lavacro
1607 1882 1950 1941 competente

376 1955 453 2008 uti
495 1957 819 2027 pra'cipiunt
852 1975 868 2023 ;
916 1973 983 2013 ex
1010 1957 1352 2016 daemonibus
1406 1962 1539 2016 esse
1579 1976 1774 2016 noxam
1808 1964 1949 2019 hanc

374 2046 671 2101 sentientes
706 2063 724 2107 :
759 2058 1029 2117 quatenus
1058 2049 1110 2102 in
1146 2049 1263 2102 loco
1293 2052 1346 2103 in
1379 2065 1487 2120 quo
1513 2065 1699 2105 eorum
1736 2051 1950 2106 insidi-ae

376 2136 533 2192 factm
572 2148 723 2204 sunt,
757 2137 809 2193 iu
840 2139 1029 2193 eodem
1062 2150 1113 2194 et
1143 2140 1229 2195 isti
1273 2140 1463 2195 salutis
1496 2149 1755 2210 tropaum
1786 2143 1949 2199 siste-

376 2238 520 2284 l'rnt.
543 2229 772 2286 Peracto
801 2240 1007 2297 autem,
1030 2234 1174 2302 quod
1198 2234 1369 2287 sancti
1401 2244 1787 2305 praeceperant,
1821 2251 1946 2290 mox

374 2321 660 2377 'l‘heodora
716 2323 979 2379 medelam
1037 2325 1234 2395 adepta
1286 2338 1370 2382 est
1412 2344 1425 2380 :
1462 2329 1733 2384 tia‘llimlcs
1770 2340 1946 2383 autem

374 2421 636 2483 tanquam
686 2429 824 2468 vane
891 2414 1125 2471 insidias
1161 2415 1446 2479 facientes.
1500 2419 1715 2473 confusi
1767 2427 1945 2486 sunt;

373 2504 663 2575 glorilicati
697 2521 827 2560 vero
853 2514 982 2561 sunt
1022 2517 1310 2578 martyres,
1328 2509 1653 2566 etChristus
1685 2510 1947 2565 Dominus

374 2597 671 2668 nosterqui
704 2612 801 2668 per
817 2613 913 2654 eos
944 2609 1207 2669 Operatur
1226 2596 1488 2655 miracula
1509 2603 1560 2655 in
1593 2600 1803 2656 laudem
1832 2601 1945 2656 Dei.

372 2708 441 2765 Χ.
469 2708 547 2765 De
580 2708 739 2764 Marti
769 2711 885 2781 [ilia
916 2713 1170 2767 wcouomi
1212 2728 1329 2781 quo!
1352 2727 1442 2781 per
1488 2713 1664 2768 dentes
1709 2714 1871 2768 etiam
1899 2724 1946 2768 et

918 2798 1072 2836 aures
1102 2782 1363 2838 doluerat.

441 2955 534 3013 Eis
560 2957 723 3013 etiam
750 2956 957 3011 Marum
987 2966 1369 3022 annectamns,
1398 2958 1744 3030 gignentibus
1773 2974 1943 3027 copu-

2070 513 2328 582 φανέντες
2360 516 2581 569 ίάσαντο
2601 534 2613 546 ·
2651 516 2786 587 μηδέ
2814 522 3053 589 τριταῖον
3084 520 3217 573 αὐτὸ
3250 522 3639 592 συγχωρήσαν-

2066 621 2157 667 τες
2188 606 2279 658 ἐπὶ
2308 609 2408 678 τῆς
2434 608 2617 678 χειρὸς
2645 609 2741 661 καὶ
2768 609 2864 663 τοῦ
2892 610 3160 675 παθόντος
3186 612 3430 680 ἀγκῶνος
3466 628 3632 679 γνω-

2070 695 2337 764 ρίζεσθαι.
2391 696 2651 750 Ἀκοῦσαι
2700 697 2757 750 δὲ
2795 698 3009 763 πάντως
3066 700 3353 768 ἐπείγεσθε
3389 702 3482 756 καὶ
3531 703 3632 773 τῆς

2066 786 2256 852 ὑγείας
2281 786 2338 839 τὸ
2360 787 2668 858 φάρμακον,
2691 789 2720 842 ὃ
2748 790 3029 887 μάρτυρες
3046 793 3096 843 οί
3123 790 3398 845 θεσπέσιοι
3421 795 3479 845 ἐν
3500 795 3629 862 χρό-

2064 894 2155 930 νου
2200 879 2340 948 ῥοπῇ
2391 879 2560 942 πάθος
2597 881 2915 950 τηλικοῦτον
2960 879 3194 960 ἰάσαντο.
3246 882 3398 947 Λέξω
3444 884 3501 936 δὲ
3535 885 3628 938 καὶ

2064 968 2219 1022 τοῦτο
2246 968 2523 1040 συντόμως
2554 972 2648 1025 καὶ
2683 974 2913 1045 φανερὸν
2940 976 3233 1043 ποιήσομαι
3261 976 3372 1037 τοῖς
3396 975 3623 1030 ἀκούου-

2038 1124 2047 1131 γ
2065 1077 2170 1115 σιν.

2126 1151 2343 1216 Νυκτὸς
2393 1154 2500 1224 γάρ
2522 1154 2922 1226 ἐπιλαϐομένης
2977 1158 3071 1212 καὶ
3108 1161 3207 1229 τὴν
3256 1159 3488 1230 ἡλιακὴν
3540 1159 3629 1228 τῆς

2061 1243 2273 1314 ἡμέρας
2312 1244 2527 1315 ἐκείνης
2567 1247 2958 1318 διαδεξαμένης
3002 1249 3383 1321 λαμπρότητα,
3435 1251 3628 1321 tu.va

2060 1336 2109 1385 οί
2142 1334 2285 1402 άγιοι
2317 1336 2708 1408 καθευδήσαντι
2733 1339 2808 1408 τῷ
2835 1341 3042 1411 γυναίῳ
3069 1343 3424 1413 παρίστανται
3443 1358 3463 1377 ο
3488 1344 3630 1413 τάχα

2059 1425 2167 1496 γὰρ
2208 1427 2395 1480 τούτου
2443 1431 2602 1500 χάριν
2640 1430 2730 1485 τὸν
2768 1431 2932 1486 ὕπνον
2979 1434 3035 1485 ἐν
3083 1435 3371 1498 τοσαύταις
3411 1435 3625 1497 όδύναις

2061 1516 2300 1582 ἐδέξατο,
2328 1519 2414 1571 ἵνα
2443 1521 2536 1573 καὶ
2568 1520 2676 1574 τῶν
2702 1523 2875 1590 ἁγίων
2905 1525 3003 1595 τὴν
3032 1526 3292 1597 ταχίστην
3337 1525 3626 1595 ἐπίσκεψιν

2059 1606 2282 1672 δέξοιτο.
2315 1608 2667 1675 Ἑπιστάντες
2694 1608 2787 1665 οὖν
2832 1615 2879 1666 οἱ
2927 1616 3294 1687 φιλάνθρωποι
3345 1616 3625 1686 μάρτυρες

2066 1697 2195 1767 οἴνῳ
2220 1699 2298 1769 τῷ
2331 1701 2393 1752 ἐκ
2417 1701 2841 1773 Μαρεώτουτῇν
2892 1708 3047 1776 χεῖρα
3096 1708 3387 1775 σπογγίσαι
3454 1723 3621 1777 προσ-

2053 1786 2269 1853 έταξαν,
2300 1789 2395 1841 καὶ
2417 1792 2624 1860 σάρκας
2651 1792 2915 1845 ἐπιθεῖναι
2947 1794 3020 1862 τῷ
3051 1794 3321 1865 τραύματι
3354 1794 3622 1865 λάὸρακος

2052 1876 2355 1946 (θαλάττιος
2380 1874 2536 1942 οὗτος
2567 1881 2717 1950 ἰχθὺς
2741 1882 2948 1952 λάϐραξ
2962 1884 3102 1937 οὕτω
3124 1884 3493 1954 καλούμενοςξ·
3525 1885 3622 1939 καὶ

2051 1965 2260 2036 λουτρῷ
2287 1967 2344 2020 δὲ
2375 1970 2700 2041 προσφόροις
2730 1971 3012 2025 κελεύουσι
3057 1976 3385 2043 χρήσασθαι.
3417 1975 3481 2043 ἐκ
3500 1973 3617 2027 δαι-

2052 2055 2229 2124 μόνων
2254 2056 2392 2109 εἷναι
2416 2060 2514 2128 τὴν
2540 2058 2740 2130 βλάϐην
2768 2060 3057 2129 νοήσαντες
3089 2101 3104 2122 ,
3134 2062 3215 2115 ἵνα
3251 2061 3370 2113 καθ’
3397 2061 3455 2114 ὃν
3491 2062 3618 2133 τρό-

2053 2162 2152 2197 πον
2185 2148 2219 2216 ὴ
2247 2145 2450 2200 τούτων
2477 2149 2708 2219 ἐπήρεια
2746 2148 2985 2216 γέγονεν.
3035 2153 3136 2205 κάν
3164 2151 3339 2222 τούτῳ
3371 2152 3525 2205 αὐτοὶ
3555 2152 3618 2205 τὸ

2053 2239 2153 2307 τῆς
2184 2238 2479 2309 θεραπείας
2508 2245 2746 2310 στήσωσι
2784 2240 3060 2309 τρόπαιον.
3098 2241 3392 2312 Γενομένου
3417 2241 3474 2294 δὲ
3521 2242 3614 2295 τοῦ

2049 2330 2158 2383 τῶν
2189 2329 2360 2397 ἁγίων
2389 2328 2829 2399 προστάγματος,
2862 2331 2894 2399 ή
2934 2329 3184 2400 Θεοδὼρα
3217 2331 3315 2400 μὲν
3347 2329 3507 2393 εὐθὺς
3534 2331 3616 2384 ία-

2047 2420 2297 2492 τρεύετο·
2329 2421 2379 2473 οί
2419 2421 2476 2473 δὲ
2524 2418 2773 2489 δαίμονες
2803 2418 2879 2482 ὡς
2920 2419 3095 2490 μάτην
3121 2419 3615 2483 ἐπιϐουλεύσαντες

2049 2511 2467 2583 κατῃσχύνοντο,
2495 2512 2546 2564 οἱ
2574 2511 2630 2564 δὲ
2663 2511 2936 2581 μάρτυρες
2981 2510 3307 2578 ἐδοξάζοντο,
3333 2511 3427 2564 καὶ
3473 2512 3613 2581 Χρι-

2049 2601 2174 2665 στὸς
2202 2605 2230 2655 ὁ
2255 2601 2388 2664 Θεὸς
2420 2600 2529 2654 όδι⁸
2547 2600 2726 2654 αὐτῶν
2754 2600 2989 2671 ἐνεργῶν
3010 2600 3077 2654 τά
3105 2600 3402 2672 παράδοξα.

2049 2714 2111 2770 1'.
2140 2712 2276 2781 Περὶ
2311 2710 2555 2781 Μαροῦς
2584 2699 2696 2781 τῆς
2721 2712 3009 2780 θυγατρὸς
3039 2710 3146 2766 τοῦ
3174 2713 3490 2779 οἰκονόμου
3505 2727 3613 2765 πα-

2120 2779 2353 2849 θούσης
2381 2783 2448 2836 ἐκ
2471 2779 2590 2835 τῶν
2620 2779 2882 2835 ὀδόντων
2905 2779 3005 2835 καὶ
3030 2782 3147 2836 τῶν
3171 2780 3337 2835 ὢτων
3364 2781 3478 2848 τὴν
3505 2782 3614 2835 κώ.

2118 2866 2329 2921 φησιν.

2119 2963 2342 3027 Τούτοις
2373 2965 2472 3034 τὴν
2501 2963 2726 3036 Μαροῦν
2758 2965 3239 3035 προσποιήσωμεν,
3264 2964 3358 3018 καὶ
3396 2967 3504 3027 τοῖς
3528 2981 3616 3017 τεο

371 3054 548 3106 lantcs
570 3062 625 3105 et
653 3049 819 3105 tiliam
841 3067 855 3104 :
877 3051 945 3105 de
962 3049 1321 3105 Christodoro
1344 3052 1544 3121 quippe
1561 3057 1672 3105 haec
1694 3060 1746 3105 et
1769 3049 1945 3105 Theo-

2051 3055 2238 3109 κοῦσιν
2268 3058 2664 3128 προσθήσωμεν
2701 3057 2760 3111 τὸ
2800 3057 3106 3129 θυγάτριον⁹
3142 3059 3206 3109 ἐκ
3238 3056 3614 3128 Χριστοδώρου

368 3143 502 3207 riora
537 3153 768 3213 pronata
791 3140 1111 3215 {prognata}
1133 3151 1250 3207 est;
1285 3158 1391 3197 non
1411 3142 1593 3211 itaque
1621 3158 1737 3197 eam
1770 3152 1948 3197 trans-

367 3251 703 3301 curramus;
743 3245 796 3289 et
855 3234 902 3289 si
946 3235 1092 3289 illam
1155 3234 1317 3288 vitam
1352 3250 1458 3305 qua
1499 3235 1729 3289 vivimus
1774 3249 1950 3303 nuper

368 3329 608 3392 transiit,
629 3328 680 3382 in
705 3328 824 3398 ipso
843 3325 1150 3397 juventutis
1169 3334 1444 3380 momento
1466 3326 1800 3395 praeteriens.
1821 3338 1871 3379 et
1896 3326 1947 3379 in

368 3422 545 3483 aetatis
591 3418 723 3474 ﬂore
759 3434 879 3490 qua:
934 3417 988 3471 in
1045 3415 1250 3470 mundo
1307 3426 1436 3471 sunt
1491 3416 1885 3487 derelinquens
1932 3431 1947 3470 :

369 3513 684 3582 nuptiarum
720 3509 938 3579 quidem
975 3507 1163 3562 horam
1203 3507 1315 3576 jam
1352 3515 1617 3562 maturam
1662 3509 1945 3572 habuerat,

366 3604 470 3659 viri
499 3616 631 3658 vero
656 3600 1006 3658 concubitum
1054 3613 1399 3669 nequaquam
1443 3608 1760 3670 agnoverat.
1802 3600 1946 3655 Cou-

361 3694 656 3762 jungamus
678 3704 810 3760 ergo
843 3690 961 3745 suis
984 3688 1147 3744 etiam
1171 3688 1309 3743 hanc
1337 3690 1698 3759 genitoribus,
1725 3698 1945 3745 sancto-

368 3800 490 3846 rum
527 3783 816 3848 miracula,
847 3791 1035 3836 etnon
1062 3781 1256 3836 mortis
1296 3782 1699 3837 inclementiam
1725 3782 1941 3844 imitati,

367 3890 488 3945 quae
515 3873 655 3929 banc
682 3888 711 3927 a
746 3872 1185 3944 progenitoribus
1203 3872 1495 3941 separavit.
1526 3871 1630 3925 Sed
1661 3887 1761 3925 nos
1784 3872 1945 3925 relin-

364 3982 598 4037 quamus
616 3964 1099 4025 immemorabilem
1128 3972 1354 4018 mortem
1381 3962 1560 4035 [aliter
1586 3961 1726 4033 Gn].
1754 3961 1881 4015 Mart
1893 3979 1943 4032 y-

365 4075 486 4115 rum
524 4060 706 4129 itaque
726 4056 890 4112 etiam
916 4057 1098 4113 Marus
1121 4063 1203 4110 est
1235 4055 1428 4123 adepta
1457 4052 1791 4123 praesidium,
1813 4053 1939 4106 dum

364 4149 543 4205 adhuc
574 4149 628 4203 in
662 4148 769 4203 bac'
793 4148 900 4201 vita
934 4147 1175 4217 degeret.
1217 4144 1390 4211 Quale
1435 4158 1566 4196 vero
1631 4140 1797 4197 fuerit
1830 4158 1935 4196 tne-

364 4249 664 4304 tuorantrs,
703 4241 1060 4308 explanemus
1084 4244 1141 4290 ut
1180 4234 1383 4289 factum
1413 4244 1515 4289 est.

434 4330 559 4385 Haec
602 4329 778 4400 puella
822 4328 1074 4397 juvenior
1110 4326 1281 4381 nimis
1310 4326 1614 4390 exstiterat,
1653 4333 1705 4379 et
1757 4325 1934 4379 fructu

2052 3147 2160 3217 γάρ
2181 3146 2320 3217 αὕτη
2354 3148 2446 3201 καὶ
2479 3147 2758 3219 Θεοδώρας
2790 3148 3142 3218 ἐϐλάστησεν.
3185 3149 3278 3218 Μὴ
3307 3143 3400 3201 οὖν
3444 3147 3614 3218 αὐτὴν

2052 3239 2520 3311 παραδράμωμεν,
2554 3243 2600 3295 εί
2639 3242 2731 3295 καὶ
2760 3242 2850 3295 τὸν
2878 3241 3000 3295 καθ’
3023 3243 3168 3313 ἡμᾶς
3205 3241 3343 3312 αὐτὴ
3371 3241 3483 3312 βίον
3514 3241 3614 3310 ἁρ-

2049 3333 2179 3395 τίως
2209 3331 2580 3404 παρέδραμεν.
2639 3335 2696 3384 ἐν
2735 3333 2887 3403 ἀκμῇ
2947 3333 3195 3403 νεότητος
3236 3332 3612 3401 ἐκδημήσασα,

2049 3421 2144 3475 καὶ
2191 3424 2249 3474 ἐν
2302 3421 2517 3491 ἡλικίας
2577 3420 2730 3474 ἄνθει
2761 3422 2884 3484 τοὺς
2930 3422 3022 3475 ἐπὶ
3066 3422 3168 3492 γῆς
3222 3420 3611 3488 καταλείψασας

2048 3513 2227 3584 γάμου
2260 3512 2356 3583 μὲν
2391 3512 2539 3583 ὥραν
2584 3513 2839 3582 ἁρμόδιον
2864 3512 3081 3583 ἔχουσα,
3108 3512 3294 3582 ἀνδρὸς
3337 3511 3394 3564 δὲ
3427 3511 3613 3579 κοίτην

2048 3604 2321 3669 παντελῶς
2347 3605 2684 3675 ἀγνοήσασα.
2720 3603 3056 3673 Συνάψωμεν
3072 3599 3166 3657 οὖν
3191 3605 3284 3667 καὶ
3306 3601 3474 3672 αὐτὴν
3501 3602 3611 3663 τοῖς

2045 3697 2371 3765 γεννήσασιν
2395 3695 2463 3747 τά
2487 3694 2592 3748 τῶν
2618 3694 2786 3762 ἁγίων
2814 3693 3158 3765 διηγούμενοι
3193 3692 3444 3763 θαύματα
3460 3709 3471 3720 ο
3518 3691 3613 3744 καὶ⁵

2048 3788 2124 3858 μὴ
2172 3787 2399 3841 θάνατον
2453 3785 2822 3856 μιμησώμεθα
2851 3786 2940 3839 τὸν
2968 3785 3354 3856 ἀπάνθρωπον,
3390 3784 3481 3836 τὸν
3503 3782 3612 3834 τῶν

2053 3879 2336 3949 φυσάντων
2384 3878 2553 3948 αὐτὴν
2607 3879 3004 3949 διαστήσαντα,
3058 3876 3466 3948 ἀμνημόνευτον
3517 3872 3612 3925 καὶ

2045 3972 2205 4040 ἡμεῖς
2256 3970 2698 4039 καταλείψαντες.
2754 3970 3064 4041 Μαρτύρων
3113 3968 3223 4037 γὰρ
3272 3967 3364 4020 καὶ
3418 3963 3609 4034 Μαροῦ

2044 4061 2357 4130 συμμαχίαν
2384 4060 2644 4131 ἐτύχησεν
2674 4060 2753 4113 ἔτι
2800 4060 2937 4113 κατὰ
2961 4061 3051 4113 τὸν
3077 4058 3189 4130 βίον
3218 4058 3504 4125 διάγουσα·
3542 4056 3609 4125 ἣν

2042 4152 2383 4224 ἐκθησόμεθα
2417 4151 2845 4223 μνημονεύοντες
2868 4151 2942 4215 ὡς
2974 4152 3282 4221 γεγένηται.

2112 4329 2250 4381 Νέον
2307 4330 2517 4399 ὑπῆρχε
2552 4331 2689 4383 πάνυ
2713 4328 2774 4381 τὸ
2803 4329 2985 4399 κόριον
3029 4328 3125 4382 καὶ
3173 4327 3339 4398 μαζὸν
3381 4325 3603 4398 ἐτρύγα,

365 4422 729 4478 mamillarum
767 4418 1109 4481 vescebatur,
1142 4416 1235 4485 qui
1269 4417 1334 4471 ad
1378 4414 1691 4484 hujusmodi
1722 4425 1935 4471 atatem

2050 4421 2253 4491 τὸντὴν
2296 4424 2548 4490 τοιαύτην
2593 4421 2815 4491 ,ἠλικίαν
2868 4420 3220 4491 ἐκτρέφοντα,
3282 4420 3447 4490 μήπω
3497 4417 3606 4469 τῶν

361 4525 481 4569 eam
514 4512 725 4565 aluerat
758 4524 774 4575 ;
821 4524 918 4563 nec
947 4508 1075 4561 dum
1120 4508 1360 4562 dentium
1396 4509 1689 4578 protulerat
1717 4510 1885 4562 arieti:
1922 4525 1935 4560 :

365 4617 474 4654 non
507 4601 592 4654 lac
638 4599 891 4665 manibus
920 4598 1010 4668 qui
1065 4598 1294 4652 uberum
1334 4598 1547 4654 fructus
1592 4610 1693 4663 est,
1728 4601 1821 4655 sed
1847 4618 1940 4655 ore

363 4702 415 4746 et
454 4691 522 4746 de
571 4692 728 4746 labiis
760 4691 1029 4760 capiebat.
1063 4689 1356 4759 Postquam
1413 4699 1593 4744 autem
1631 4693 1679 4747 ei
1726 4700 1940 4762 tempus

363 4781 619 4845 accessit,
650 4796 760 4851 quo
787 4781 1001 4835 noviter
1023 4780 1137 4834 nati
1166 4780 1355 4834 dentes
1380 4781 1663 4847 exsiliunt,
1690 4784 1936 4836 ctexorti

362 4889 427 4929 os
461 4881 750 4938 exornant,
794 4868 1027 4942 gratiam
1079 4873 1126 4927 ei
1172 4873 1237 4926 ad
1284 4874 1560 4942 specimen
1601 4888 1934 4928 martum-um

364 4965 740 5027 adnectentes,
790 4973 851 5019 ut
906 4980 1000 5034 per
1059 4980 1157 5020 eos
1198 4964 1520 5019 articuletur
1568 4972 1623 5019 et
1664 4980 1766 5018 vox
1814 4982 1934 5032 qua:

362 5055 627 5128 procedit
657 5056 955 5123 incondita,
1011 5066 1066 5111 et
1114 5055 1295 5109 cibum
1342 5055 1651 5109 solidiorem
1702 5055 1929 5112 conuui.

363 5158 531 5211 Itttzmi
553 5167 568 5215 ;
588 5163 711 5201 rtun
738 5155 1010 5201 tormento
1032 5161 1158 5201 vero
1175 5145 1411 5214 quodam
1434 5146 1610 5201 solent
1626 5162 1930 5217 erumpere,

361 5239 578 5293 dolores
619 5239 882 5308 plurimos
914 5238 1156 5307 parvulis
1179 5238 1373 5309 dentes
1404 5237 1813 5306 protr-rentibus
1845 5239 1930 5291 in-

343 5327 627 5401 .ﬂigcnles,
678 5337 733 5382 et
778 5327 957 5383 febres
1001 5329 1305 5383 excitantes
1354 5329 1672 5391 acerrimas,
1730 5328 1931 5397 quibus

361 5434 560 5489 corpus
587 5420 829 5489 graviter
860 5431 1259 5474 concrematur.
1284 5418 1340 5474 In
1372 5419 1457 5474 bis
1492 5427 1545 5474 et
1585 5417 1768 5473 Marus
1801 5436 1927 5491 par-

363 5513 484 5565 vnla
518 5511 717 5580 posita,
758 5511 885 5565 dum
919 5512 1108 5567 dentes
1139 5512 1355 5577 emittit,
1403 5519 1731 5567 tormentum
1765 5513 1929 5566 su.~ti-

361 5604 545 5666 nebat,
597 5603 744 5673 quod
805 5604 905 5660 hos
962 5604 1099 5659 solet
1145 5604 1453 5675 prtecedere
1505 5621 1519 5670 ;
1587 5612 1929 5674 prmcurrnut

356 5690 560 5765 quippe
601 5693 817 5749 dolores
847 5695 912 5749 ad
957 5695 1126 5750 instar
1163 5696 1482 5762 satellitum,
1531 5696 1646 5750 vias
1682 5695 1923 5749 dentium

2041 4513 2266 4566 ὀδόντων
2301 4513 2425 4574 τοὺς
2452 4513 2659 4581 τοίχους
2691 4510 3007 4578 ἐκφύσασαο
3040 4511 3101 4563 ού
3130 4510 3317 4580 χερσὶν
3365 4509 3425 4562 τὸ
3465 4508 3607 4577 γάλα

2044 4603 2222 4671 (τοῦτο
2251 4602 2359 4673 γάρ
2390 4603 2495 4655 τῶν
2527 4602 2714 4672 μαζῶν
2738 4602 2765 4653 ὁ
2787 4601 3045 4671 καρπὸς),
3076 4602 3210 4654 ἀλλὰ
3228 4601 3459 4671 χείλεσιν
3484 4603 3604 4651 ἐπι-

2038 4694 2345 4765 δρεπομένη
2374 4696 2467 4747 καὶ
2497 4695 2742 4763 στόματι.
2781 4694 2997 4764 Ἐπειδὴ
3026 4693 3082 4747 δὲ
3112 4694 3322 4756 τούτοις
3355 4695 3383 4745 ὀ
3417 4692 3605 4763 χρόνος

2038 4787 2264 4855 ἀφίκετο
2291 4785 2411 4839 καθ’
2452 4784 2511 4838 ὃν
2533 4788 2644 4850 τοῖς
2674 4785 3012 4855 ἁρτιγενέσιν
3044 4786 3093 4837 οἱ
3124 4784 3331 4846 ὀδόντες
3370 4780 3603 4850 ἐκφύου-

2038 4896 2140 4943 σιν,
2173 4879 2333 4948 χάριν
2361 4877 2510 4946 αὐτῷ
2546 4876 2924 4946 μαρμαροειδῆ
2952 4874 3336 4944 παρεχόμενοι,
3382 4872 3479 4925 καὶ
3506 4871 3603 4940 τὴν

2034 4969 2099 5023 δι’
2127 4969 2289 5022 αὑτοῦ
2320 4969 2626 5038 φερομένην
2648 4968 2858 5037 ἄσημον
2883 4966 3064 5037 φωνὴν
3085 4964 3294 5037 διορθού
3306 4981 3477 5034 μενοι.
3507 4964 3602 5015 καὶ

2035 5058 2240 5131 τροφὴν
2280 5058 2376 5127 τὴν
2421 5057 2791 5128 στερεωτέραν
2847 5056 3170 5120 λεαίνοντες,
3229 5057 3325 5108 σίιν
3352 5056 3499 5123 πόνῳ
3541 5051 3599 5105 δέ

2034 5166 2138 5200 τινι
2184 5144 2247 5199 ἀί
2288 5146 2494 5199 τούτων
2541 5145 2729 5213 φύσεις
2774 5143 2995 5197 εἰώθασι
3049 5145 3351 5214 γίγνεσθαι,
3413 5143 3601 5206 ὀδύνας

2032 5240 2232 5307 πολλὰς
2262 5242 2372 5303 τοῖς
2399 5239 2660 5306 ἀνάγουσι
2688 5239 2846 5291 παισὶ
2874 5239 3002 5302 τοὺς
3029 5238 3247 5300 ὀδόντας
3283 5237 3597 5307 παρέχοντι,

2035 5333 2130 5384 καὶ
2158 5331 2424 5401 πυρετοὺς
2454 5327 2801 5401 προξενοῦντι
2831 5329 3038 5392 δεινοὺς
3061 5331 3188 5392 τοὺς
3225 5330 3285 5381 τὸ
3317 5328 3474 5397 σῶμα
3503 5344 3601 5396 χαοο

2030 5423 2207 5487 λεπῶς
2242 5440 2421 5491 καταφ
2432 5423 2714 5494 ρύγοντας.
2748 5425 2837 5476 Ἑν
2854 5423 3062 5486 τούτοις
3082 5424 3175 5477 καὶ
3191 5421 3382 5490 Μαροῦ
3408 5419 3600 5491 νηπιά-

2030 5515 2197 5581 ζουσα
2226 5513 2581 5582 καθέστηκεν.
2608 5513 2916 5583 Ἐκφύουσα
2942 5513 3051 5584 γὰρ
3079 5513 3203 5577 τοὺς
3233 5511 3472 5576 ὀδόντας,
3504 5506 3598 5562 καὶ

2028 5605 2125 5668 τάς
2152 5603 2353 5657 τούτων
2382 5606 2795 5676 προηγουμένας
2820 5604 3008 5668 ὀδύνας
3038 5604 3336 5674 ὑπέμενενο
3363 5604 3420 5654 ἐν
3442 5603 3596 5670 δορυ-

2030 5693 2207 5766 φόρων
2247 5694 2355 5766 γάρ
2396 5686 2554 5748 αὗται
2610 5693 2998 5766 προτρέχουσιν
3057 5695 3315 5766 σχήματι,
3365 5691 3461 5755 τὰς
3492 5691 3596 5744 τῶν
