  <div class='ocr_page' id='page_1' title='image "/cluster/home/n/w/nwhite01/storage/ocr_20150623/87:3/hvd.32044069650125/338.png"; bbox 0 0 4010 6208; ppageno 0'>
   <div class='ocr_carea' id='block_1_1' title="bbox 288 294 491 380">
    <p class='ocr_par' dir='ltr' id='par_1_1' title="bbox 288 294 491 380">
     <span class='ocr_line' id='line_1_1' title="bbox 288 294 491 380; baseline -0.01 -22"><span class='ocrx_word' id='word_1_1' title='bbox 288 376 292 380; x_wconf 95' lang='lat'><em>_</em></span> <span class='ocrx_word' id='word_1_2' title='bbox 349 294 491 358; x_wconf 62' lang='grc' dir='ltr'><strong>διες)</strong></span> 
     </span>
    </p>
   </div>
   <div class='ocr_carea' id='block_1_2' title="bbox 1372 255 2612 362">
    <p class='ocr_par' dir='ltr' id='par_1_2' title="bbox 1372 255 2612 362">
     <span class='ocr_line' id='line_1_2' title="bbox 1372 255 2612 362; baseline 0.004 -5"><span class='ocrx_word' id='word_1_3' title='bbox 1372 298 1477 358; x_wconf 82' lang='lat' dir='ltr'><strong>ss.</strong></span> <span class='ocrx_word' id='word_1_4' title='bbox 1520 299 1692 359; x_wconf 72' lang='lat' dir='ltr'><strong>cvm</strong></span> <span class='ocrx_word' id='word_1_5' title='bbox 1718 301 1812 360; x_wconf 86' lang='lat' dir='ltr'><strong>ET</strong></span> <span class='ocrx_word' id='word_1_6' title='bbox 1850 298 2171 360; x_wconf 68' lang='lat' dir='ltr'><strong>JOAN’NIS</strong></span> <span class='ocrx_word' id='word_1_7' title='bbox 2200 255 2612 362; x_wconf 65' lang='lat' dir='ltr'><strong>nmmum.</strong></span> 
     </span>
    </p>
   </div>
   <div class='ocr_carea' id='block_1_3' title="bbox 3456 302 3598 369">
    <p class='ocr_par' dir='ltr' id='par_1_3' title="bbox 3456 302 3598 369">
     <span class='ocr_line' id='line_1_3' title="bbox 3456 302 3598 369; baseline 0.028 -4"><span class='ocrx_word' id='word_1_8' title='bbox 3456 302 3598 369; x_wconf 63' lang='lat'><strong>3:150</strong></span> 
     </span>
    </p>
   </div>
   <div class='ocr_carea' id='block_1_4' title="bbox 348 407 1911 484">
    <p class='ocr_par' dir='ltr' id='par_1_4' title="bbox 348 407 1911 484">
     <span class='ocr_line' id='line_1_4' title="bbox 348 407 1911 484; baseline 0.001 -21"><span class='ocrx_word' id='word_1_9' title='bbox 348 409 575 465; x_wconf 67' lang='grc' dir='ltr'><strong>ὀδόντων</strong></span> <span class='ocrx_word' id='word_1_10' title='bbox 598 408 751 484; x_wconf 69' lang='grc' dir='ltr'><strong>ςίδοῦς</strong></span> <span class='ocrx_word' id='word_1_11' title='bbox 778 407 1215 478; x_wconf 66' lang='grc' dir='ltr'><strong>εὔτρεπίζουσαι,</strong></span> <span class='ocrx_word' id='word_1_12' title='bbox 1241 411 1334 463; x_wconf 68' lang='grc' dir='ltr'><strong>καὶ</strong></span> <span class='ocrx_word' id='word_1_13' title='bbox 1362 411 1430 464; x_wconf 75' lang='grc' dir='ltr'><strong>τὰ</strong></span> <span class='ocrx_word' id='word_1_14' title='bbox 1462 408 1591 464; x_wconf 75' lang='grc' dir='ltr'><strong>οὖλα</strong></span> <span class='ocrx_word' id='word_1_15' title='bbox 1625 413 1911 482; x_wconf 78' lang='grc' dir='ltr'><strong>μαστίζου-</strong></span> 
     </span>
    </p>
   </div>
   <div class='ocr_carea' id='block_1_5' title="bbox 2015 407 3599 484">
    <p class='ocr_par' dir='ltr' id='par_1_5' title="bbox 2026 411 3599 484">
     <span class='ocr_line' id='line_1_5' title="bbox 2026 411 3599 484; baseline 0.003 -18"><span class='ocrx_word' id='word_1_16' title='bbox 2026 420 2374 483; x_wconf 89' lang='lat' dir='ltr'><strong>apparantes,</strong></span> <span class='ocrx_word' id='word_1_17' title='bbox 2438 414 2683 484; x_wconf 76' lang='lat' dir='ltr'><strong>gingivas</strong></span> <span class='ocrx_word' id='word_1_18' title='bbox 2712 412 3024 483; x_wconf 85' lang='lat' dir='ltr'><strong>punientcs,</strong></span> <span class='ocrx_word' id='word_1_19' title='bbox 3053 419 3106 468; x_wconf 90' lang='lat' dir='ltr'><strong>et</strong></span> <span class='ocrx_word' id='word_1_20' title='bbox 3136 411 3316 467; x_wconf 88' lang='lat' dir='ltr'><strong>omnia</strong></span> <span class='ocrx_word' id='word_1_21' title='bbox 3348 418 3599 484; x_wconf 77' lang='lat' dir='ltr'><strong>corporis</strong></span> 
     </span>
    </p>
   </div>
   <div class='ocr_carea' id='block_1_6' title="bbox 348 479 1919 572">
    <p class='ocr_par' dir='ltr' id='par_1_6' title="bbox 348 479 1919 572">
     <span class='ocr_line' id='line_1_6' title="bbox 348 479 1919 572; baseline -0.001 -16"><span class='ocrx_word' id='word_1_22' title='bbox 348 520 453 563; x_wconf 79' lang='grc' dir='ltr'><strong>σιν,</strong></span> <span class='ocrx_word' id='word_1_23' title='bbox 492 479 607 555; x_wconf 40' lang='grc' dir='ltr'><strong>καὶ.</strong></span> <span class='ocrx_word' id='word_1_24' title='bbox 631 502 739 554; x_wconf 82' lang='grc' dir='ltr'><strong>πᾶν</strong></span> <span class='ocrx_word' id='word_1_25' title='bbox 766 500 836 554; x_wconf 81' lang='grc' dir='ltr'><strong>δι’</strong></span> <span class='ocrx_word' id='word_1_26' title='bbox 861 501 1039 553; x_wconf 82' lang='grc' dir='ltr'><strong>αὐτῶν</strong></span> <span class='ocrx_word' id='word_1_27' title='bbox 1086 501 1247 569; x_wconf 88' lang='grc' dir='ltr'><strong>μέλος</strong></span> <span class='ocrx_word' id='word_1_28' title='bbox 1282 501 1375 555; x_wconf 87' lang='grc' dir='ltr'><strong>τοῦ</strong></span> <span class='ocrx_word' id='word_1_29' title='bbox 1416 479 1686 572; x_wconf 82' lang='grc' dir='ltr'><strong>σώματος,</strong></span> <span class='ocrx_word' id='word_1_30' title='bbox 1736 505 1784 556; x_wconf 89' lang='grc' dir='ltr'><strong>εἰ</strong></span> <span class='ocrx_word' id='word_1_31' title='bbox 1826 504 1919 555; x_wconf 76' lang='grc' dir='ltr'><strong>καὶ</strong></span> 
     </span>
    </p>
   </div>
   <div class='ocr_carea' id='block_1_7' title="bbox 348 591 1919 665">
    <p class='ocr_par' dir='ltr' id='par_1_7' title="bbox 348 591 1919 665">
     <span class='ocr_line' id='line_1_7' title="bbox 348 591 1919 665; baseline 0 -18"><span class='ocrx_word' id='word_1_32' title='bbox 348 594 482 664; x_wconf 69' lang='grc' dir='ltr'><strong>πρὸς</strong></span> <span class='ocrx_word' id='word_1_33' title='bbox 529 592 881 662; x_wconf 86' lang='grc' dir='ltr'><strong>παρασκευὴν</strong></span> <span class='ocrx_word' id='word_1_34' title='bbox 924 591 1082 645; x_wconf 81' lang='grc' dir='ltr'><strong>ἰδοῖεν</strong></span> <span class='ocrx_word' id='word_1_35' title='bbox 1127 592 1411 663; x_wconf 86' lang='grc' dir='ltr'><strong>μέλλοντα.</strong></span> <span class='ocrx_word' id='word_1_36' title='bbox 1441 595 1510 648; x_wconf 73' lang='lat' dir='ltr'><strong>Ai</strong></span> <span class='ocrx_word' id='word_1_37' title='bbox 1547 594 1647 664; x_wconf 75' lang='grc' dir='ltr'><strong>τὴν</strong></span> <span class='ocrx_word' id='word_1_38' title='bbox 1693 594 1919 665; x_wconf 85' lang='grc' dir='ltr'><strong>Μαροῦν</strong></span> 
     </span>
    </p>
   </div>
   <div class='ocr_carea' id='block_1_8' title="bbox 344 662 1909 756">
    <p class='ocr_par' dir='ltr' id='par_1_8' title="bbox 344 683 1909 756">
     <span class='ocr_line' id='line_1_8' title="bbox 344 683 1909 756; baseline -0.001 -17"><span class='ocrx_word' id='word_1_39' title='bbox 344 685 486 740; x_wconf 78' lang='grc' dir='ltr'><strong>οὕτω</strong></span> <span class='ocrx_word' id='word_1_40' title='bbox 512 684 641 738; x_wconf 84' lang='grc' dir='ltr'><strong>ποτέ</strong></span> <span class='ocrx_word' id='word_1_41' title='bbox 676 683 862 747; x_wconf 82' lang='grc' dir='ltr'><strong>δεινῶς</strong></span> <span class='ocrx_word' id='word_1_42' title='bbox 897 684 1356 755; x_wconf 82' lang='grc' dir='ltr'><strong>κατετίτρωσκον,</strong></span> <span class='ocrx_word' id='word_1_43' title='bbox 1394 688 1658 756; x_wconf 72' lang='grc' dir='ltr'>πυρετοὺς</span> <span class='ocrx_word' id='word_1_44' title='bbox 1709 687 1909 755; x_wconf 83' lang='grc' dir='ltr'><strong>ἐκπυρ-</strong></span> 
     </span>
    </p>
   </div>
   <div class='ocr_carea' id='block_1_9' title="bbox 346 774 1912 844">
    <p class='ocr_par' dir='ltr' id='par_1_9' title="bbox 346 774 1912 844">
     <span class='ocr_line' id='line_1_9' title="bbox 346 774 1912 844; baseline 0 -15"><span class='ocrx_word' id='word_1_45' title='bbox 346 775 619 837; x_wconf 79' lang='grc' dir='ltr'><strong>σεύουσαι,</strong></span> <span class='ocrx_word' id='word_1_46' title='bbox 643 775 738 828; x_wconf 75' lang='grc' dir='ltr'><strong>καὶ</strong></span> <span class='ocrx_word' id='word_1_47' title='bbox 755 775 927 844; x_wconf 84' lang='grc' dir='ltr'><strong>στόμα</strong></span> <span class='ocrx_word' id='word_1_48' title='bbox 949 775 1354 844; x_wconf 75' lang='grc' dir='ltr'><strong>δριμύττουσαι.</strong></span> <span class='ocrx_word' id='word_1_49' title='bbox 1371 779 1461 829; x_wconf 72' lang='grc' dir='ltr'><strong>καὶ</strong></span> <span class='ocrx_word' id='word_1_50' title='bbox 1478 774 1592 830; x_wconf 79' lang='grc' dir='ltr'><strong>ὦτα</strong></span> <span class='ocrx_word' id='word_1_51' title='bbox 1616 777 1912 842; x_wconf 76' lang='grc' dir='ltr'><strong>πιέζουσαι,</strong></span> 
     </span>
    </p>
   </div>
   <div class='ocr_carea' id='block_1_10' title="bbox 345 866 1916 938">
    <p class='ocr_par' dir='ltr' id='par_1_10' title="bbox 345 866 1916 938">
     <span class='ocr_line' id='line_1_10' title="bbox 345 866 1916 938; baseline -0.001 -17"><span class='ocrx_word' id='word_1_52' title='bbox 345 869 434 921; x_wconf 69' lang='grc' dir='ltr'><strong>καὶ</strong></span> <span class='ocrx_word' id='word_1_53' title='bbox 457 867 701 937; x_wconf 76' lang='grc' dir='ltr'><strong>κεφαλὴν</strong></span> <span class='ocrx_word' id='word_1_54' title='bbox 724 866 1165 936; x_wconf 72' lang='grc' dir='ltr'><strong>ρευματίζουσαι,</strong></span> <span class='ocrx_word' id='word_1_55' title='bbox 1183 869 1276 920; x_wconf 72' lang='grc' dir='ltr'><strong>καὶ</strong></span> <span class='ocrx_word' id='word_1_56' title='bbox 1298 868 1439 921; x_wconf 88' lang='grc' dir='ltr'><strong>οὕτω</strong></span> <span class='ocrx_word' id='word_1_57' title='bbox 1464 867 1561 938; x_wconf 85' lang='grc' dir='ltr'><strong>μὲν</strong></span> <span class='ocrx_word' id='word_1_58' title='bbox 1581 867 1916 925; x_wconf 85' lang='grc' dir='ltr'><strong>διετιθοῦσαν</strong></span> 
     </span>
    </p>
   </div>
   <div class='ocr_carea' id='block_1_11' title="bbox 344 957 1916 1027">
    <p class='ocr_par' dir='ltr' id='par_1_11' title="bbox 344 957 1916 1027">
     <span class='ocr_line' id='line_1_11' title="bbox 344 957 1916 1027; baseline -0.001 -15"><span class='ocrx_word' id='word_1_59' title='bbox 344 959 405 1012; x_wconf 78' lang='grc' dir='ltr'><strong>τὸ</strong></span> <span class='ocrx_word' id='word_1_60' title='bbox 457 959 662 1027; x_wconf 75' lang='grc' dir='ltr'><strong>κόριιν,</strong></span> <span class='ocrx_word' id='word_1_61' title='bbox 708 958 814 1021; x_wconf 83' lang='grc' dir='ltr'><strong>ἕως</strong></span> <span class='ocrx_word' id='word_1_62' title='bbox 853 959 901 1009; x_wconf 82' lang='grc' dir='ltr'><strong>οἱ</strong></span> <span class='ocrx_word' id='word_1_63' title='bbox 953 958 1163 1020; x_wconf 82' lang='grc' dir='ltr'><strong>ὀδόντες</strong></span> <span class='ocrx_word' id='word_1_64' title='bbox 1213 959 1530 1027; x_wconf 84' lang='grc' dir='ltr'><strong>ἐφάνησαν·</strong></span> <span class='ocrx_word' id='word_1_65' title='bbox 1585 960 1705 1010; x_wconf 74' lang='grc' dir='ltr'><strong>ἐπεὶ</strong></span> <span class='ocrx_word' id='word_1_66' title='bbox 1751 958 1806 1010; x_wconf 80' lang='grc' dir='ltr'><strong>δὲ</strong></span> <span class='ocrx_word' id='word_1_67' title='bbox 1849 957 1916 1011; x_wconf 77' lang='grc' dir='ltr'><strong>τὰ</strong></span> 
     </span>
    </p>
   </div>
   <div class='ocr_carea' id='block_1_12' title="bbox 341 1047 1916 1118">
    <p class='ocr_par' dir='ltr' id='par_1_12' title="bbox 341 1047 1916 1118">
     <span class='ocr_line' id='line_1_12' title="bbox 341 1047 1916 1118; baseline -0.001 -15"><span class='ocrx_word' id='word_1_68' title='bbox 341 1047 473 1103; x_wconf 73' lang='grc' dir='ltr'><strong>οὖλα</strong></span> <span class='ocrx_word' id='word_1_69' title='bbox 504 1049 715 1112; x_wconf 84' lang='grc' dir='ltr'><strong>τούτοις</strong></span> <span class='ocrx_word' id='word_1_70' title='bbox 755 1048 1157 1117; x_wconf 82' lang='grc' dir='ltr'><strong>ἁπέστραπτεν,</strong></span> <span class='ocrx_word' id='word_1_71' title='bbox 1191 1051 1283 1101; x_wconf 76' lang='grc' dir='ltr'><strong>καὶ</strong></span> <span class='ocrx_word' id='word_1_72' title='bbox 1323 1049 1422 1118; x_wconf 75' lang='grc' dir='ltr'><strong>τὴν</strong></span> <span class='ocrx_word' id='word_1_73' title='bbox 1463 1048 1597 1101; x_wconf 84' lang='grc' dir='ltr'><strong>ἰδίαν</strong></span> <span class='ocrx_word' id='word_1_74' title='bbox 1631 1049 1690 1101; x_wconf 85' lang='grc' dir='ltr'><strong>τὸ</strong></span> <span class='ocrx_word' id='word_1_75' title='bbox 1744 1050 1916 1118; x_wconf 86' lang='grc' dir='ltr'><strong>στόμα</strong></span> 
     </span>
    </p>
   </div>
   <div class='ocr_carea' id='block_1_13' title="bbox 343 1138 1915 1210">
    <p class='ocr_par' dir='ltr' id='par_1_13' title="bbox 343 1138 1915 1210">
     <span class='ocr_line' id='line_1_13' title="bbox 343 1138 1915 1210; baseline 0.001 -18"><span class='ocrx_word' id='word_1_76' title='bbox 343 1140 504 1210; x_wconf 84' lang='grc' dir='ltr'><strong>χάριν</strong></span> <span class='ocrx_word' id='word_1_77' title='bbox 531 1138 767 1204; x_wconf 77' lang='grc' dir='ltr'><strong>ἐδέξατο,</strong></span> <span class='ocrx_word' id='word_1_78' title='bbox 797 1140 853 1190; x_wconf 88' lang='grc' dir='ltr'><strong>αἱ</strong></span> <span class='ocrx_word' id='word_1_79' title='bbox 889 1138 988 1208; x_wconf 82' lang='grc' dir='ltr'><strong>μὲν</strong></span> <span class='ocrx_word' id='word_1_80' title='bbox 1015 1139 1194 1192; x_wconf 80' lang='grc' dir='ltr'><strong>ὀδύναι</strong></span> <span class='ocrx_word' id='word_1_81' title='bbox 1241 1139 1452 1192; x_wconf 83' lang='grc' dir='ltr'><strong>παῦλαν</strong></span> <span class='ocrx_word' id='word_1_82' title='bbox 1493 1142 1819 1210; x_wconf 80' lang='grc' dir='ltr'><strong>ἐσχήκασιν.</strong></span> <span class='ocrx_word' id='word_1_83' title='bbox 1849 1141 1915 1194; x_wconf 86' lang='grc' dir='ltr'><strong>τὰ</strong></span> 
     </span>
    </p>
   </div>
   <div class='ocr_carea' id='block_1_14' title="bbox 341 1224 1915 1299">
    <p class='ocr_par' dir='ltr' id='par_1_14' title="bbox 341 1224 1915 1299">
     <span class='ocr_line' id='line_1_14' title="bbox 341 1224 1915 1299; baseline -0.001 -17"><span class='ocrx_word' id='word_1_84' title='bbox 341 1224 456 1282; x_wconf 82' lang='grc' dir='ltr'><strong>ὦτα</strong></span> <span class='ocrx_word' id='word_1_85' title='bbox 509 1229 565 1281; x_wconf 86' lang='grc' dir='ltr'><strong>δὲ</strong></span> <span class='ocrx_word' id='word_1_86' title='bbox 599 1229 691 1281; x_wconf 91' lang='grc' dir='ltr'><strong>τοῦ</strong></span> <span class='ocrx_word' id='word_1_87' title='bbox 725 1227 1076 1297; x_wconf 73' lang='grc' dir='ltr'><strong>συναχθέντος</strong></span> <span class='ocrx_word' id='word_1_88' title='bbox 1112 1228 1395 1298; x_wconf 78' lang='grc' dir='ltr'><strong>ἐπλήρωτο</strong></span> <span class='ocrx_word' id='word_1_89' title='bbox 1423 1229 1723 1299; x_wconf 81' lang='grc' dir='ltr'><strong>ῥεύματος·</strong></span> <span class='ocrx_word' id='word_1_90' title='bbox 1765 1229 1915 1290; x_wconf 89' lang='grc' dir='ltr'><strong>τέλος</strong></span> 
     </span>
    </p>
   </div>
   <div class='ocr_carea' id='block_1_15' title="bbox 342 1319 1916 1391">
    <p class='ocr_par' dir='ltr' id='par_1_15' title="bbox 342 1319 1916 1391">
     <span class='ocr_line' id='line_1_15' title="bbox 342 1319 1916 1391; baseline -0.001 -18"><span class='ocrx_word' id='word_1_91' title='bbox 342 1320 400 1373; x_wconf 71' lang='grc' dir='ltr'><strong>δὲ</strong></span> <span class='ocrx_word' id='word_1_92' title='bbox 428 1320 527 1391; x_wconf 78' lang='grc' dir='ltr'><strong>τὴν</strong></span> <span class='ocrx_word' id='word_1_93' title='bbox 570 1320 761 1373; x_wconf 88' lang='grc' dir='ltr'><strong>τούτου</strong></span> <span class='ocrx_word' id='word_1_94' title='bbox 824 1319 1061 1391; x_wconf 75' lang='grc' dir='ltr'><strong>συρροὴν</strong></span> <span class='ocrx_word' id='word_1_95' title='bbox 1102 1320 1177 1391; x_wconf 79' lang='grc' dir='ltr'><strong>μὴ</strong></span> <span class='ocrx_word' id='word_1_96' title='bbox 1220 1321 1584 1383; x_wconf 75' lang='grc' dir='ltr'><strong>καταστάντα,</strong></span> <span class='ocrx_word' id='word_1_97' title='bbox 1626 1319 1767 1373; x_wconf 73' lang='grc' dir='ltr'><strong>κατὰ</strong></span> <span class='ocrx_word' id='word_1_98' title='bbox 1817 1322 1916 1381; x_wconf 85' lang='grc' dir='ltr'><strong>τὰς</strong></span> 
     </span>
    </p>
   </div>
   <div class='ocr_carea' id='block_1_16' title="bbox 343 1409 1914 1481">
    <p class='ocr_par' dir='ltr' id='par_1_16' title="bbox 343 1409 1914 1481">
     <span class='ocr_line' id='line_1_16' title="bbox 343 1409 1914 1481; baseline -0.001 -17"><span class='ocrx_word' id='word_1_99' title='bbox 343 1409 451 1464; x_wconf 88' lang='grc' dir='ltr'><strong>τῶν</strong></span> <span class='ocrx_word' id='word_1_100' title='bbox 489 1410 697 1463; x_wconf 82' lang='grc' dir='ltr'><strong>ὑδάτων</strong></span> <span class='ocrx_word' id='word_1_101' title='bbox 736 1410 975 1481; x_wconf 73' lang='grc' dir='ltr'><strong>μητέρας</strong></span> <span class='ocrx_word' id='word_1_102' title='bbox 996 1411 1202 1479; x_wconf 84' lang='grc' dir='ltr'><strong>πέτρας</strong></span> <span class='ocrx_word' id='word_1_103' title='bbox 1231 1412 1593 1481; x_wconf 84' lang='grc' dir='ltr'><strong>ἐκρήγνυνται</strong></span> <span class='ocrx_word' id='word_1_104' title='bbox 1612 1427 1628 1443; x_wconf 77' lang='grc' dir='ltr'><strong>ο</strong></span> <span class='ocrx_word' id='word_1_105' title='bbox 1661 1413 1769 1464; x_wconf 79' lang='grc' dir='ltr'><strong>κάκ</strong></span> <span class='ocrx_word' id='word_1_106' title='bbox 1787 1411 1914 1463; x_wconf 85' lang='grc' dir='ltr'><strong>τού-</strong></span> 
     </span>
    </p>
   </div>
   <div class='ocr_carea' id='block_1_17' title="bbox 341 1500 1912 1572">
    <p class='ocr_par' dir='ltr' id='par_1_17' title="bbox 341 1500 1912 1572">
     <span class='ocr_line' id='line_1_17' title="bbox 341 1500 1912 1572; baseline 0.001 -20"><span class='ocrx_word' id='word_1_107' title='bbox 341 1517 435 1553; x_wconf 90' lang='grc' dir='ltr'><strong>του</strong></span> <span class='ocrx_word' id='word_1_108' title='bbox 455 1500 624 1571; x_wconf 77' lang='grc' dir='ltr'><strong>πηγαὶ</strong></span> <span class='ocrx_word' id='word_1_109' title='bbox 645 1502 737 1553; x_wconf 69' lang='grc' dir='ltr'><strong>καὶ</strong></span> <span class='ocrx_word' id='word_1_110' title='bbox 756 1501 1331 1571; x_wconf 81' lang='grc' dir='ltr'><strong>δυσωδίαι,σκωλήκων</strong></span> <span class='ocrx_word' id='word_1_111' title='bbox 1353 1501 1517 1572; x_wconf 83' lang='grc' dir='ltr'><strong>ἐσμὸς</strong></span> <span class='ocrx_word' id='word_1_112' title='bbox 1535 1502 1912 1571; x_wconf 78' lang='grc' dir='ltr'><strong>προσεγένετο.</strong></span> 
     </span>
    </p>
   </div>
   <div class='ocr_carea' id='block_1_18' title="bbox 345 1592 1914 1664">
    <p class='ocr_par' dir='ltr' id='par_1_18' title="bbox 345 1592 1914 1664">
     <span class='ocr_line' id='line_1_18' title="bbox 345 1592 1914 1664; baseline 0.001 -22"><span class='ocrx_word' id='word_1_113' title='bbox 345 1592 501 1645; x_wconf 73' lang='grc' dir='ltr'><strong>Οὕτω</strong></span> <span class='ocrx_word' id='word_1_114' title='bbox 543 1593 600 1645; x_wconf 79' lang='grc' dir='ltr'><strong>δὲ</strong></span> <span class='ocrx_word' id='word_1_115' title='bbox 651 1592 915 1655; x_wconf 84' lang='grc' dir='ltr'><strong>συντόνως</strong></span> <span class='ocrx_word' id='word_1_116' title='bbox 960 1594 1060 1662; x_wconf 78' lang='grc' dir='ltr'><strong>τὴν</strong></span> <span class='ocrx_word' id='word_1_117' title='bbox 1114 1593 1359 1663; x_wconf 78' lang='grc' dir='ltr'><strong>ἀνάγκην</strong></span> <span class='ocrx_word' id='word_1_118' title='bbox 1410 1592 1614 1664; x_wconf 82' lang='grc' dir='ltr'><strong>ταύτην</strong></span> <span class='ocrx_word' id='word_1_119' title='bbox 1658 1593 1757 1663; x_wconf 77' lang='grc' dir='ltr'><strong>τὴν</strong></span> <span class='ocrx_word' id='word_1_120' title='bbox 1799 1592 1914 1662; x_wconf 86' lang='grc' dir='ltr'><strong>τρί-</strong></span> 
     </span>
    </p>
   </div>
   <div class='ocr_carea' id='block_1_19' title="bbox 345 1680 1912 1754">
    <p class='ocr_par' dir='ltr' id='par_1_19' title="bbox 345 1680 1912 1754">
     <span class='ocr_line' id='line_1_19' title="bbox 345 1680 1912 1754; baseline -0.001 -19"><span class='ocrx_word' id='word_1_121' title='bbox 345 1700 550 1753; x_wconf 68' lang='grc' dir='ltr'><strong>μορφον</strong></span> <span class='ocrx_word' id='word_1_122' title='bbox 593 1683 854 1744; x_wconf 80' lang='grc' dir='ltr'><strong>ἔϐλυσεν.</strong></span> <span class='ocrx_word' id='word_1_123' title='bbox 900 1683 975 1747; x_wconf 83' lang='grc' dir='ltr'><strong>ὡς</strong></span> <span class='ocrx_word' id='word_1_124' title='bbox 1033 1684 1257 1754; x_wconf 70' lang='grc' dir='ltr'><strong>μηδενὸς</strong></span> <span class='ocrx_word' id='word_1_125' title='bbox 1307 1683 1592 1754; x_wconf 83' lang='grc' dir='ltr'><strong>ἀνέχεσθαι</strong></span> <span class='ocrx_word' id='word_1_126' title='bbox 1656 1680 1912 1754; x_wconf 71' lang='grc' dir='ltr'><strong>φραγμοῦ</strong></span> 
     </span>
    </p>
   </div>
   <div class='ocr_carea' id='block_1_20' title="bbox 2025 500 3600 571">
    <p class='ocr_par' dir='ltr' id='par_1_20' title="bbox 2025 500 3600 571">
     <span class='ocr_line' id='line_1_20' title="bbox 2025 500 3600 571; baseline 0.006 -19"><span class='ocrx_word' id='word_1_127' title='bbox 2025 500 2289 554; x_wconf 88' lang='lat' dir='ltr'><strong>membra.</strong></span> <span class='ocrx_word' id='word_1_128' title='bbox 2341 501 2419 554; x_wconf 88' lang='lat' dir='ltr'><strong>ita</strong></span> <span class='ocrx_word' id='word_1_129' title='bbox 2469 514 2520 554; x_wconf 92' lang='lat' dir='ltr'><strong>et</strong></span> <span class='ocrx_word' id='word_1_130' title='bbox 2557 501 2761 555; x_wconf 78' lang='lat' dir='ltr'><strong>Marum</strong></span> <span class='ocrx_word' id='word_1_131' title='bbox 2799 504 3040 570; x_wconf 77' lang='lat' dir='ltr'><strong>graviter</strong></span> <span class='ocrx_word' id='word_1_132' title='bbox 3088 502 3382 571; x_wconf 89' lang='lat' dir='ltr'><strong>puniehant</strong></span> <span class='ocrx_word' id='word_1_133' title='bbox 3421 504 3600 562; x_wconf 80' lang='lat' dir='ltr'><strong>febres</strong></span> 
     </span>
    </p>
   </div>
   <div class='ocr_carea' id='block_1_21' title="bbox 2025 590 3596 660">
    <p class='ocr_par' dir='ltr' id='par_1_21' title="bbox 2025 590 3596 660">
     <span class='ocr_line' id='line_1_21' title="bbox 2025 590 3596 660; baseline 0.002 -15"><span class='ocrx_word' id='word_1_134' title='bbox 2025 600 2434 659; x_wconf 73' lang='lat' dir='ltr'><strong>exaggerantes,</strong></span> <span class='ocrx_word' id='word_1_135' title='bbox 2456 607 2618 646; x_wconf 85' lang='lat' dir='ltr'><strong>aures</strong></span> <span class='ocrx_word' id='word_1_136' title='bbox 2640 590 2958 659; x_wconf 80' lang='lat' dir='ltr'><strong>amigentes,</strong></span> <span class='ocrx_word' id='word_1_137' title='bbox 2976 601 3031 645; x_wconf 86' lang='lat' dir='ltr'><strong>et</strong></span> <span class='ocrx_word' id='word_1_138' title='bbox 3049 600 3212 660; x_wconf 86' lang='lat' dir='ltr'><strong>caput</strong></span> <span class='ocrx_word' id='word_1_139' title='bbox 3244 594 3596 656; x_wconf 72' lang='lat' dir='ltr'><strong>inundantes.</strong></span> 
     </span>
    </p>
   </div>
   <div class='ocr_carea' id='block_1_22' title="bbox 2024 683 3597 755">
    <p class='ocr_par' dir='ltr' id='par_1_22' title="bbox 2024 683 3597 755">
     <span class='ocr_line' id='line_1_22' title="bbox 2024 683 3597 755; baseline 0.003 -19"><span class='ocrx_word' id='word_1_140' title='bbox 2024 694 2074 736; x_wconf 86' lang='lat' dir='ltr'><strong>et</strong></span> <span class='ocrx_word' id='word_1_141' title='bbox 2106 691 2274 737; x_wconf 85' lang='lat' dir='ltr'><strong>totam</strong></span> <span class='ocrx_word' id='word_1_142' title='bbox 2310 700 2429 739; x_wconf 86' lang='lat' dir='ltr'><strong>eam</strong></span> <span class='ocrx_word' id='word_1_143' title='bbox 2458 684 2695 753; x_wconf 86' lang='lat' dir='ltr'><strong>pessime</strong></span> <span class='ocrx_word' id='word_1_144' title='bbox 2718 683 3047 750; x_wconf 89' lang='lat' dir='ltr'><strong>cruciantes,</strong></span> <span class='ocrx_word' id='word_1_145' title='bbox 3076 694 3123 738; x_wconf 86' lang='lat' dir='ltr'><strong>et</strong></span> <span class='ocrx_word' id='word_1_146' title='bbox 3165 685 3218 739; x_wconf 89' lang='lat' dir='ltr'><strong>in</strong></span> <span class='ocrx_word' id='word_1_147' title='bbox 3255 686 3341 741; x_wconf 90' lang='lat' dir='ltr'><strong>his</strong></span> <span class='ocrx_word' id='word_1_148' title='bbox 3364 686 3597 755; x_wconf 75' lang='lat' dir='ltr'><strong>puellula</strong></span> 
     </span>
    </p>
   </div>
   <div class='ocr_carea' id='block_1_23' title="bbox 2025 773 3595 845">
    <p class='ocr_par' dir='ltr' id='par_1_23' title="bbox 2025 773 3595 845">
     <span class='ocr_line' id='line_1_23' title="bbox 2025 773 3595 845; baseline 0.001 -17"><span class='ocrx_word' id='word_1_149' title='bbox 2025 773 2201 828; x_wconf 80' lang='lat' dir='ltr'><strong>fuerat</strong></span> <span class='ocrx_word' id='word_1_150' title='bbox 2231 774 2405 829; x_wconf 89' lang='lat' dir='ltr'><strong>donec</strong></span> <span class='ocrx_word' id='word_1_151' title='bbox 2456 775 2647 829; x_wconf 80' lang='lat' dir='ltr'><strong>dentes</strong></span> <span class='ocrx_word' id='word_1_152' title='bbox 2692 785 3034 842; x_wconf 81' lang='lat' dir='ltr'><strong>apparerent.</strong></span> <span class='ocrx_word' id='word_1_153' title='bbox 3073 773 3365 845; x_wconf 79' lang='lat' dir='ltr'><strong>Postquam</strong></span> <span class='ocrx_word' id='word_1_154' title='bbox 3415 784 3595 830; x_wconf 77' lang='lat' dir='ltr'><strong>autem</strong></span> 
     </span>
    </p>
   </div>
   <div class='ocr_carea' id='block_1_24' title="bbox 2025 861 3593 933">
    <p class='ocr_par' dir='ltr' id='par_1_24' title="bbox 2025 861 3593 933">
     <span class='ocr_line' id='line_1_24' title="bbox 2025 861 3593 933; baseline 0.001 -19"><span class='ocrx_word' id='word_1_155' title='bbox 2025 861 2353 915; x_wconf 78' lang='lat' dir='ltr'><strong>aﬂittxeruut</strong></span> <span class='ocrx_word' id='word_1_156' title='bbox 2384 864 2452 917; x_wconf 82' lang='lat' dir='ltr'><strong>de</strong></span> <span class='ocrx_word' id='word_1_157' title='bbox 2493 863 2752 933; x_wconf 76' lang='lat' dir='ltr'><strong>gingivis,</strong></span> <span class='ocrx_word' id='word_1_158' title='bbox 2774 870 2827 916; x_wconf 91' lang='lat' dir='ltr'><strong>et</strong></span> <span class='ocrx_word' id='word_1_159' title='bbox 2853 876 3043 916; x_wconf 86' lang='lat' dir='ltr'><strong>eorum</strong></span> <span class='ocrx_word' id='word_1_160' title='bbox 3074 865 3305 933; x_wconf 78' lang='lat' dir='ltr'><strong>gratiam</strong></span> <span class='ocrx_word' id='word_1_161' title='bbox 3346 875 3593 919; x_wconf 78' lang='lat' dir='ltr'><strong>assecuta</strong></span> 
     </span>
    </p>
   </div>
   <div class='ocr_carea' id='block_1_25' title="bbox 2022 951 3593 1022">
    <p class='ocr_par' dir='ltr' id='par_1_25' title="bbox 2022 951 3593 1022">
     <span class='ocr_line' id='line_1_25' title="bbox 2022 951 3593 1022; baseline 0.002 -15"><span class='ocrx_word' id='word_1_162' title='bbox 2022 960 2128 1017; x_wconf 88' lang='lat' dir='ltr'><strong>est,</strong></span> <span class='ocrx_word' id='word_1_163' title='bbox 2169 951 2387 1006; x_wconf 74' lang='lat' dir='ltr'><strong>dolores</strong></span> <span class='ocrx_word' id='word_1_164' title='bbox 2407 952 2622 1022; x_wconf 83' lang='lat' dir='ltr'><strong>quidem</strong></span> <span class='ocrx_word' id='word_1_165' title='bbox 2652 953 2892 1021; x_wconf 85' lang='lat' dir='ltr'><strong>requiem</strong></span> <span class='ocrx_word' id='word_1_166' title='bbox 2927 953 3232 1008; x_wconf 83' lang='lat' dir='ltr'><strong>habuerunt</strong></span> <span class='ocrx_word' id='word_1_167' title='bbox 3261 971 3276 1019; x_wconf 91' lang='lat'><strong>;</strong></span> <span class='ocrx_word' id='word_1_168' title='bbox 3321 954 3388 1009; x_wconf 86' lang='lat' dir='ltr'><strong>ad</strong></span> <span class='ocrx_word' id='word_1_169' title='bbox 3412 964 3593 1010; x_wconf 78' lang='lat' dir='ltr'><strong>extre-</strong></span> 
     </span>
    </p>
   </div>
   <div class='ocr_carea' id='block_1_26' title="bbox 2024 1043 3597 1112">
    <p class='ocr_par' dir='ltr' id='par_1_26' title="bbox 2024 1043 3597 1112">
     <span class='ocr_line' id='line_1_26' title="bbox 2024 1043 3597 1112; baseline 0.001 -17"><span class='ocrx_word' id='word_1_170' title='bbox 2024 1059 2169 1096; x_wconf 93' lang='lat' dir='ltr'><strong>mum</strong></span> <span class='ocrx_word' id='word_1_171' title='bbox 2228 1044 2475 1099; x_wconf 86' lang='lat' dir='ltr'><strong>humoris</strong></span> <span class='ocrx_word' id='word_1_172' title='bbox 2529 1043 2935 1099; x_wconf 81' lang='lat' dir='ltr'><strong>inundationem</strong></span> <span class='ocrx_word' id='word_1_173' title='bbox 2987 1060 3095 1100; x_wconf 89' lang='lat' dir='ltr'><strong>non</strong></span> <span class='ocrx_word' id='word_1_174' title='bbox 3139 1045 3440 1112; x_wconf 79' lang='lat' dir='ltr'><strong>capientes,</strong></span> <span class='ocrx_word' id='word_1_175' title='bbox 3476 1054 3597 1098; x_wconf 88' lang='lat' dir='ltr'><strong>tan-</strong></span> 
     </span>
    </p>
   </div>
   <div class='ocr_carea' id='block_1_27' title="bbox 2021 1134 3590 1205">
    <p class='ocr_par' dir='ltr' id='par_1_27' title="bbox 2021 1134 3590 1205">
     <span class='ocr_line' id='line_1_27' title="bbox 2021 1134 3590 1205; baseline 0.001 -20"><span class='ocrx_word' id='word_1_176' title='bbox 2021 1150 2184 1203; x_wconf 94' lang='lat' dir='ltr'><strong>quam</strong></span> <span class='ocrx_word' id='word_1_177' title='bbox 2213 1134 2279 1188; x_wconf 86' lang='lat' dir='ltr'><strong>tle</strong></span> <span class='ocrx_word' id='word_1_178' title='bbox 2310 1144 2458 1202; x_wconf 87' lang='lat' dir='ltr'><strong>petra</strong></span> <span class='ocrx_word' id='word_1_179' title='bbox 2501 1149 2621 1203; x_wconf 72' lang='lat' dir='ltr'><strong>qua:</strong></span> <span class='ocrx_word' id='word_1_180' title='bbox 2654 1150 2915 1204; x_wconf 90' lang='lat' dir='ltr'><strong>aquarunt</strong></span> <span class='ocrx_word' id='word_1_181' title='bbox 2956 1142 3129 1189; x_wconf 88' lang='lat' dir='ltr'><strong>mater</strong></span> <span class='ocrx_word' id='word_1_182' title='bbox 3165 1143 3247 1190; x_wconf 91' lang='lat' dir='ltr'><strong>est</strong></span> <span class='ocrx_word' id='word_1_183' title='bbox 3273 1144 3590 1205; x_wconf 86' lang='lat' dir='ltr'><strong>eruperunt,</strong></span> 
     </span>
    </p>
   </div>
   <div class='ocr_carea' id='block_1_28' title="bbox 2022 1224 3594 1293">
    <p class='ocr_par' dir='ltr' id='par_1_28' title="bbox 2022 1224 3594 1293">
     <span class='ocr_line' id='line_1_28' title="bbox 2022 1224 3594 1293; baseline 0.001 -15"><span class='ocrx_word' id='word_1_184' title='bbox 2022 1224 2185 1292; x_wconf 86' lang='lat' dir='ltr'><strong>cujus</strong></span> <span class='ocrx_word' id='word_1_185' title='bbox 2233 1226 2355 1277; x_wconf 84' lang='lat' dir='ltr'><strong>fons</strong></span> <span class='ocrx_word' id='word_1_186' title='bbox 2390 1236 2555 1293; x_wconf 84' lang='lat' dir='ltr'><strong>putor</strong></span> <span class='ocrx_word' id='word_1_187' title='bbox 2594 1234 2652 1277; x_wconf 90' lang='lat' dir='ltr'><strong>ttt</strong></span> <span class='ocrx_word' id='word_1_188' title='bbox 2690 1239 2905 1279; x_wconf 88' lang='lat' dir='ltr'><strong>vermes</strong></span> <span class='ocrx_word' id='word_1_189' title='bbox 2944 1224 3171 1279; x_wconf 79' lang='lat' dir='ltr'><strong>elfeetus</strong></span> <span class='ocrx_word' id='word_1_190' title='bbox 3199 1233 3301 1279; x_wconf 85' lang='lat' dir='ltr'><strong>est.</strong></span> <span class='ocrx_word' id='word_1_191' title='bbox 3339 1224 3430 1277; x_wconf 89' lang='lat' dir='ltr'><strong>Sic</strong></span> <span class='ocrx_word' id='word_1_192' title='bbox 3464 1238 3594 1280; x_wconf 88' lang='lat' dir='ltr'><strong>vero</strong></span> 
     </span>
    </p>
   </div>
   <div class='ocr_carea' id='block_1_29' title="bbox 2021 1313 3590 1382">
    <p class='ocr_par' dir='ltr' id='par_1_29' title="bbox 2021 1313 3590 1382">
     <span class='ocr_line' id='line_1_29' title="bbox 2021 1313 3590 1382; baseline 0 -16"><span class='ocrx_word' id='word_1_193' title='bbox 2021 1315 2371 1382; x_wconf 83' lang='lat' dir='ltr'><strong>pertinaciter</strong></span> <span class='ocrx_word' id='word_1_194' title='bbox 2394 1316 2533 1369; x_wconf 90' lang='lat' dir='ltr'><strong>hanc</strong></span> <span class='ocrx_word' id='word_1_195' title='bbox 2559 1313 2860 1369; x_wconf 79' lang='lat' dir='ltr'><strong>triformem</strong></span> <span class='ocrx_word' id='word_1_196' title='bbox 2884 1315 3258 1369; x_wconf 81' lang='lat' dir='ltr'><strong>necessitatem</strong></span> <span class='ocrx_word' id='word_1_197' title='bbox 3282 1314 3590 1377; x_wconf 71' lang='lat' dir='ltr'><strong>induxerat,</strong></span> 
     </span>
    </p>
   </div>
   <div class='ocr_carea' id='block_1_30' title="bbox 2023 1405 3591 1475">
    <p class='ocr_par' dir='ltr' id='par_1_30' title="bbox 2023 1405 3591 1475">
     <span class='ocr_line' id='line_1_30' title="bbox 2023 1405 3591 1475; baseline 0 -16"><span class='ocrx_word' id='word_1_198' title='bbox 2023 1411 2290 1474; x_wconf 77' lang='lat' dir='ltr'><strong>quatenus</strong></span> <span class='ocrx_word' id='word_1_199' title='bbox 2320 1405 2455 1458; x_wconf 91' lang='lat' dir='ltr'><strong>nihil</strong></span> <span class='ocrx_word' id='word_1_200' title='bbox 2501 1405 2830 1467; x_wconf 80' lang='lat' dir='ltr'><strong>admitteret,</strong></span> <span class='ocrx_word' id='word_1_201' title='bbox 2858 1421 2968 1474; x_wconf 91' lang='lat' dir='ltr'><strong>quo</strong></span> <span class='ocrx_word' id='word_1_202' title='bbox 3003 1414 3185 1475; x_wconf 88' lang='lat' dir='ltr'><strong>posset</strong></span> <span class='ocrx_word' id='word_1_203' title='bbox 3214 1405 3489 1471; x_wconf 81' lang='lat' dir='ltr'><strong>refrenare</strong></span> <span class='ocrx_word' id='word_1_204' title='bbox 3511 1407 3591 1460; x_wconf 82' lang='lat' dir='ltr'><strong>vel</strong></span> 
     </span>
    </p>
   </div>
   <div class='ocr_carea' id='block_1_31' title="bbox 2023 1496 3594 1563">
    <p class='ocr_par' dir='ltr' id='par_1_31' title="bbox 2023 1496 3594 1563">
     <span class='ocr_line' id='line_1_31' title="bbox 2023 1496 3594 1563; baseline -0.001 -11"><span class='ocrx_word' id='word_1_205' title='bbox 2023 1512 2274 1552; x_wconf 87' lang='lat' dir='ltr'><strong>coercere</strong></span> <span class='ocrx_word' id='word_1_206' title='bbox 2303 1511 2367 1551; x_wconf 82' lang='lat' dir='ltr'><strong>ex</strong></span> <span class='ocrx_word' id='word_1_207' title='bbox 2399 1511 2465 1551; x_wconf 91' lang='lat' dir='ltr'><strong>eo</strong></span> <span class='ocrx_word' id='word_1_208' title='bbox 2498 1497 2880 1551; x_wconf 80' lang='lat' dir='ltr'><strong>descendentis</strong></span> <span class='ocrx_word' id='word_1_209' title='bbox 2909 1496 3152 1552; x_wconf 88' lang='lat' dir='ltr'><strong>humoris</strong></span> <span class='ocrx_word' id='word_1_210' title='bbox 3185 1498 3444 1553; x_wconf 87' lang='lat' dir='ltr'><strong>illuviem.</strong></span> <span class='ocrx_word' id='word_1_211' title='bbox 3463 1497 3594 1563; x_wconf 66' lang='lat' dir='ltr'><strong>Quae</strong></span> 
     </span>
    </p>
   </div>
   <div class='ocr_carea' id='block_1_32' title="bbox 2021 1588 3599 1658">
    <p class='ocr_par' dir='ltr' id='par_1_32' title="bbox 2021 1588 3599 1658">
     <span class='ocr_line' id='line_1_32' title="bbox 2021 1588 3599 1658; baseline 0 -16"><span class='ocrx_word' id='word_1_212' title='bbox 2021 1597 2197 1642; x_wconf 89' lang='lat' dir='ltr'><strong>mater</strong></span> <span class='ocrx_word' id='word_1_213' title='bbox 2224 1589 2795 1658; x_wconf 66' lang='lat' dir='ltr'><strong>pucllmconspieiens,</strong></span> <span class='ocrx_word' id='word_1_214' title='bbox 2819 1597 2873 1644; x_wconf 87' lang='lat' dir='ltr'><strong>et</strong></span> <span class='ocrx_word' id='word_1_215' title='bbox 2906 1588 2999 1643; x_wconf 91' lang='lat' dir='ltr'><strong>diu</strong></span> <span class='ocrx_word' id='word_1_216' title='bbox 3029 1589 3302 1644; x_wconf 88' lang='lat' dir='ltr'><strong>sustinere</strong></span> <span class='ocrx_word' id='word_1_217' title='bbox 3324 1603 3429 1644; x_wconf 92' lang='lat' dir='ltr'><strong>non</strong></span> <span class='ocrx_word' id='word_1_218' title='bbox 3458 1605 3599 1658; x_wconf 72' lang='lat' dir='ltr'><strong>prte-</strong></span> 
     </span>
    </p>
   </div>
   <div class='ocr_carea' id='block_1_33' title="bbox 2020 1680 3593 1759">
    <p class='ocr_par' dir='ltr' id='par_1_33' title="bbox 2020 1680 3593 1759">
     <span class='ocr_line' id='line_1_33' title="bbox 2020 1680 3593 1759; baseline -0.001 -26"><span class='ocrx_word' id='word_1_219' title='bbox 2020 1682 2230 1746; x_wconf 87' lang='lat' dir='ltr'><strong>valens,</strong></span> <span class='ocrx_word' id='word_1_220' title='bbox 2270 1680 2334 1733; x_wconf 86' lang='lat' dir='ltr'><strong>ad</strong></span> <span class='ocrx_word' id='word_1_221' title='bbox 2370 1680 2754 1735; x_wconf 83' lang='lat' dir='ltr'><strong>Alexandriam</strong></span> <span class='ocrx_word' id='word_1_222' title='bbox 2795 1681 2981 1759; x_wconf 84' lang='lat' dir='ltr'><strong>venire</strong></span> <span class='ocrx_word' id='word_1_223' title='bbox 3011 1680 3299 1751; x_wconf 85' lang='lat' dir='ltr'><strong>delegerat,</strong></span> <span class='ocrx_word' id='word_1_224' title='bbox 3318 1689 3369 1736; x_wconf 90' lang='lat' dir='ltr'><strong>et</strong></span> <span class='ocrx_word' id='word_1_225' title='bbox 3398 1695 3593 1748; x_wconf 85' lang='lat' dir='ltr'><strong>parvu-</strong></span> 
     </span>
    </p>
   </div>
   <div class='ocr_carea' id='block_1_34' title="bbox 342 1761 1911 1846">
    <p class='ocr_par' dir='ltr' id='par_1_34' title="bbox 342 1774 1911 1846">
     <span class='ocr_line' id='line_1_34' title="bbox 342 1774 1911 1846; baseline -0.001 -21"><span class='ocrx_word' id='word_1_226' title='bbox 342 1775 435 1826; x_wconf 69' lang='grc' dir='ltr'><strong>καὶ</strong></span> <span class='ocrx_word' id='word_1_227' title='bbox 456 1774 599 1826; x_wconf 85' lang='grc' dir='ltr'><strong>κωλύ</strong></span> <span class='ocrx_word' id='word_1_228' title='bbox 611 1791 774 1843; x_wconf 88' lang='grc' dir='ltr'><strong>ματος</strong></span> <span class='ocrx_word' id='word_1_229' title='bbox 797 1775 896 1846; x_wconf 81' lang='grc' dir='ltr'><strong>τὴν</strong></span> <span class='ocrx_word' id='word_1_230' title='bbox 927 1777 1229 1845; x_wconf 61' lang='grc' dir='ltr'><strong>φερομένην</strong></span> <span class='ocrx_word' id='word_1_231' title='bbox 1259 1776 1473 1846; x_wconf 82' lang='grc' dir='ltr'><strong>ἐκείνην</strong></span> <span class='ocrx_word' id='word_1_232' title='bbox 1501 1775 1638 1845; x_wconf 78' lang='grc' dir='ltr'><strong>ῥοὴν</strong></span> <span class='ocrx_word' id='word_1_233' title='bbox 1660 1774 1911 1827; x_wconf 84' lang='grc' dir='ltr'><strong>ἀναστέλ-</strong></span> 
     </span>
    </p>
   </div>
   <div class='ocr_carea' id='block_1_35' title="bbox 2015 1761 3593 1846">
    <p class='ocr_par' dir='ltr' id='par_1_35' title="bbox 2018 1771 3593 1836">
     <span class='ocr_line' id='line_1_35' title="bbox 2018 1771 3593 1836; baseline 0.001 -12"><span class='ocrx_word' id='word_1_234' title='bbox 2018 1773 2122 1825; x_wconf 91' lang='lat' dir='ltr'><strong>lam</strong></span> <span class='ocrx_word' id='word_1_235' title='bbox 2179 1772 2408 1827; x_wconf 90' lang='lat' dir='ltr'><strong>medicis</strong></span> <span class='ocrx_word' id='word_1_236' title='bbox 2446 1772 2680 1836; x_wconf 84' lang='lat' dir='ltr'><strong>tradere,</strong></span> <span class='ocrx_word' id='word_1_237' title='bbox 2705 1781 2763 1825; x_wconf 94' lang='lat' dir='ltr'><strong>ut</strong></span> <span class='ocrx_word' id='word_1_238' title='bbox 2815 1772 2884 1825; x_wconf 89' lang='lat' dir='ltr'><strong>ab</strong></span> <span class='ocrx_word' id='word_1_239' title='bbox 2917 1771 2998 1827; x_wconf 90' lang='lat' dir='ltr'><strong>eis</strong></span> <span class='ocrx_word' id='word_1_240' title='bbox 3042 1778 3350 1835; x_wconf 86' lang='lat' dir='ltr'><strong>curaretur,</strong></span> <span class='ocrx_word' id='word_1_241' title='bbox 3387 1780 3442 1826; x_wconf 90' lang='lat' dir='ltr'><strong>et</strong></span> <span class='ocrx_word' id='word_1_242' title='bbox 3480 1787 3593 1826; x_wconf 85' lang='lat' dir='ltr'><strong>me-</strong></span> 
     </span>
    </p>
   </div>
   <div class='ocr_carea' id='block_1_36' title="bbox 341 1865 1913 1939">
    <p class='ocr_par' dir='ltr' id='par_1_36' title="bbox 341 1865 1913 1939">
     <span class='ocr_line' id='line_1_36' title="bbox 341 1865 1913 1939; baseline 0 -21"><span class='ocrx_word' id='word_1_243' title='bbox 341 1865 521 1919; x_wconf 77' lang='grc' dir='ltr'><strong>λοντα.</strong></span> <span class='ocrx_word' id='word_1_244' title='bbox 561 1867 738 1937; x_wconf 77' lang='grc' dir='ltr'><strong>Ἀπερ</strong></span> <span class='ocrx_word' id='word_1_245' title='bbox 773 1869 806 1937; x_wconf 77' lang='grc' dir='ltr'><strong>ἡ</strong></span> <span class='ocrx_word' id='word_1_246' title='bbox 848 1867 944 1938; x_wconf 82' lang='grc' dir='ltr'><strong>τὴν</strong></span> <span class='ocrx_word' id='word_1_247' title='bbox 969 1867 1133 1919; x_wconf 89' lang='grc' dir='ltr'><strong>παῖδα</strong></span> <span class='ocrx_word' id='word_1_248' title='bbox 1154 1867 1463 1939; x_wconf 78' lang='grc' dir='ltr'><strong>γεννήσασα</strong></span> <span class='ocrx_word' id='word_1_249' title='bbox 1494 1865 1782 1936; x_wconf 79' lang='grc' dir='ltr'><strong>βλέπουσα,</strong></span> <span class='ocrx_word' id='word_1_250' title='bbox 1819 1866 1913 1918; x_wconf 73' lang='grc' dir='ltr'><strong>καὶ</strong></span> 
     </span>
    </p>
   </div>
   <div class='ocr_carea' id='block_1_37' title="bbox 340 1952 1913 2025">
    <p class='ocr_par' dir='ltr' id='par_1_37' title="bbox 340 1952 1913 2025">
     <span class='ocr_line' id='line_1_37' title="bbox 340 1952 1913 2025; baseline 0.002 -21"><span class='ocrx_word' id='word_1_251' title='bbox 340 1952 531 2021; x_wconf 75' lang='grc' dir='ltr'><strong>φέρειν</strong></span> <span class='ocrx_word' id='word_1_252' title='bbox 576 1954 666 2005; x_wconf 78' lang='grc' dir='ltr'><strong>ἐπὶ</strong></span> <span class='ocrx_word' id='word_1_253' title='bbox 718 1954 848 2007; x_wconf 79' lang='grc' dir='ltr'><strong>πολὺ</strong></span> <span class='ocrx_word' id='word_1_254' title='bbox 906 1953 981 2025; x_wconf 78' lang='grc' dir='ltr'><strong>μὴ</strong></span> <span class='ocrx_word' id='word_1_255' title='bbox 1033 1955 1321 2024; x_wconf 72' lang='grc' dir='ltr'><strong>ἰσχύσασα,</strong></span> <span class='ocrx_word' id='word_1_256' title='bbox 1362 1957 1443 2018; x_wconf 89' lang='grc' dir='ltr'><strong>εἰς</strong></span> <span class='ocrx_word' id='word_1_257' title='bbox 1501 1953 1913 2025; x_wconf 83' lang='grc' dir='ltr'><strong>Ἀλεξάνδρειαν</strong></span> 
     </span>
    </p>
   </div>
   <div class='ocr_carea' id='block_1_38' title="bbox 2019 1863 3589 1934">
    <p class='ocr_par' dir='ltr' id='par_1_38' title="bbox 2019 1863 3589 1934">
     <span class='ocr_line' id='line_1_38' title="bbox 2019 1863 3589 1934; baseline -0.002 -15"><span class='ocrx_word' id='word_1_258' title='bbox 2019 1864 2195 1919; x_wconf 86' lang='lat' dir='ltr'><strong>deiam</strong></span> <span class='ocrx_word' id='word_1_259' title='bbox 2249 1865 2559 1934; x_wconf 82' lang='lat' dir='ltr'><strong>perciperet</strong></span> <span class='ocrx_word' id='word_1_260' title='bbox 2610 1881 2624 1917; x_wconf 86' lang='lat'><strong>:</strong></span> <span class='ocrx_word' id='word_1_261' title='bbox 2680 1878 2745 1918; x_wconf 91' lang='lat' dir='ltr'><strong>eo</strong></span> <span class='ocrx_word' id='word_1_262' title='bbox 2793 1864 2936 1934; x_wconf 90' lang='lat' dir='ltr'><strong>quod</strong></span> <span class='ocrx_word' id='word_1_263' title='bbox 2987 1873 3116 1919; x_wconf 90' lang='lat' dir='ltr'><strong>tunc</strong></span> <span class='ocrx_word' id='word_1_264' title='bbox 3174 1863 3228 1919; x_wconf 91' lang='lat' dir='ltr'><strong>in</strong></span> <span class='ocrx_word' id='word_1_265' title='bbox 3277 1872 3589 1919; x_wconf 88' lang='lat' dir='ltr'><strong>sanctorum</strong></span> 
     </span>
    </p>
   </div>
   <div class='ocr_carea' id='block_1_39' title="bbox 2029 1953 2748 2011">
    <p class='ocr_par' dir='ltr' id='par_1_39' title="bbox 2029 1953 2748 2011">
     <span class='ocr_line' id='line_1_39' title="bbox 2029 1953 2748 2011; baseline -0.007 0"><span class='ocrx_word' id='word_1_266' title='bbox 2029 1956 2475 2011; x_wconf 84' lang='lat' dir='ltr'><strong>commorabatur</strong></span> <span class='ocrx_word' id='word_1_267' title='bbox 2504 1953 2748 2009; x_wconf 88' lang='lat' dir='ltr'><strong>basilica.</strong></span> 
     </span>
    </p>
   </div>
   <div class='ocr_carea' id='block_1_40' title="bbox 337 2046 3587 2119">
    <p class='ocr_par' dir='ltr' id='par_1_40' title="bbox 337 2046 3587 2119">
     <span class='ocr_line' id='line_1_40' title="bbox 337 2046 3587 2119; baseline 0 -21"><span class='ocrx_word' id='word_1_268' title='bbox 337 2046 516 2099; x_wconf 69' lang='grc' dir='ltr'><strong>ἐλθεῖν</strong></span> <span class='ocrx_word' id='word_1_269' title='bbox 540 2046 916 2111; x_wconf 77' lang='grc' dir='ltr'><strong>ἐϐουλεύσατο,</strong></span> <span class='ocrx_word' id='word_1_270' title='bbox 964 2050 1058 2103; x_wconf 71' lang='grc' dir='ltr'><strong>καὶ</strong></span> <span class='ocrx_word' id='word_1_271' title='bbox 1096 2051 1155 2102; x_wconf 79' lang='grc' dir='ltr'><strong>τὸ</strong></span> <span class='ocrx_word' id='word_1_272' title='bbox 1196 2049 1408 2102; x_wconf 75' lang='grc' dir='ltr'><strong>παιδίον</strong></span> <span class='ocrx_word' id='word_1_273' title='bbox 1457 2050 1662 2119; x_wconf 76' lang='grc' dir='ltr'><strong>ἰατροῖς</strong></span> <span class='ocrx_word' id='word_1_274' title='bbox 1712 2049 2186 2119; x_wconf 74' lang='grc' dir='ltr'><strong>προσενέγκασθαι</strong></span> <span class='ocrx_word' id='word_1_275' title='bbox 2216 2091 2230 2115; x_wconf 90' lang='grc'><strong>,</strong></span> <span class='ocrx_word' id='word_1_276' title='bbox 2259 2046 2615 2119; x_wconf 84' lang='grc' dir='ltr'><strong>ἰαθησόμενόν</strong></span> <span class='ocrx_word' id='word_1_277' title='bbox 2658 2064 2717 2101; x_wconf 90' lang='grc' dir='ltr'><strong>τε</strong></span> <span class='ocrx_word' id='word_1_278' title='bbox 2767 2046 3032 2118; x_wconf 74' lang='grc' dir='ltr'><strong>καὶπρὸς</strong></span> <span class='ocrx_word' id='word_1_279' title='bbox 3082 2047 3260 2101; x_wconf 83' lang='grc' dir='ltr'><strong>αὐτῶν</strong></span> <span class='ocrx_word' id='word_1_280' title='bbox 3315 2047 3587 2115; x_wconf 83' lang='grc' dir='ltr'><strong>θεραπευ-</strong></span> 
     </span>
    </p>
   </div>
   <div class='ocr_carea' id='block_1_41' title="bbox 340 2137 2159 2212">
    <p class='ocr_par' dir='ltr' id='par_1_41' title="bbox 340 2137 2159 2212">
     <span class='ocr_line' id='line_1_41' title="bbox 340 2137 2159 2212; baseline 0.003 -21"><span class='ocrx_word' id='word_1_281' title='bbox 340 2139 672 2207; x_wconf 80' lang='grc' dir='ltr'><strong>θησόμενον·</strong></span> <span class='ocrx_word' id='word_1_282' title='bbox 721 2139 799 2198; x_wconf 87' lang='grc' dir='ltr'><strong>εἰς</strong></span> <span class='ocrx_word' id='word_1_283' title='bbox 836 2138 896 2190; x_wconf 67' lang='grc' dir='ltr'><strong>τ’)</strong></span> <span class='ocrx_word' id='word_1_284' title='bbox 928 2137 1036 2191; x_wconf 88' lang='grc' dir='ltr'><strong>τῶν</strong></span> <span class='ocrx_word' id='word_1_285' title='bbox 1085 2138 1254 2206; x_wconf 81' lang='grc' dir='ltr'><strong>ἁγίων</strong></span> <span class='ocrx_word' id='word_1_286' title='bbox 1297 2139 1404 2208; x_wconf 78' lang='grc' dir='ltr'><strong>γὰρ</strong></span> <span class='ocrx_word' id='word_1_287' title='bbox 1447 2140 1565 2192; x_wconf 84' lang='grc' dir='ltr'><strong>τότε</strong></span> <span class='ocrx_word' id='word_1_288' title='bbox 1617 2140 1886 2210; x_wconf 78' lang='grc' dir='ltr'><strong>διέτριϐεν</strong></span> <span class='ocrx_word' id='word_1_289' title='bbox 1911 2141 2159 2212; x_wconf 85' lang='grc' dir='ltr'><strong>τέμενος.</strong></span> 
     </span>
    </p>
   </div>
   <div class='ocr_carea' id='block_1_42' title="bbox 413 2226 1911 2300">
    <p class='ocr_par' dir='ltr' id='par_1_42' title="bbox 413 2226 1911 2300">
     <span class='ocr_line' id='line_1_42' title="bbox 413 2226 1911 2300; baseline -0.001 -16"><span class='ocrx_word' id='word_1_290' title='bbox 413 2231 520 2284; x_wconf 71' lang='grc' dir='ltr'><strong>Καὶ</strong></span> <span class='ocrx_word' id='word_1_291' title='bbox 543 2228 664 2280; x_wconf 82' lang='grc' dir='ltr'><strong>κατ’</strong></span> <span class='ocrx_word' id='word_1_292' title='bbox 686 2226 899 2297; x_wconf 83' lang='grc' dir='ltr'><strong>ἐκείνην</strong></span> <span class='ocrx_word' id='word_1_293' title='bbox 925 2226 1023 2298; x_wconf 82' lang='grc' dir='ltr'><strong>τὴν</strong></span> <span class='ocrx_word' id='word_1_294' title='bbox 1046 2227 1213 2280; x_wconf 81' lang='grc' dir='ltr'><strong>νύκτα</strong></span> <span class='ocrx_word' id='word_1_295' title='bbox 1230 2228 1353 2281; x_wconf 73' lang='grc' dir='ltr'><strong>καθ’</strong></span> <span class='ocrx_word' id='word_1_296' title='bbox 1387 2230 1454 2299; x_wconf 87' lang='grc' dir='ltr'><strong>ἢν</strong></span> <span class='ocrx_word' id='word_1_297' title='bbox 1479 2229 1736 2283; x_wconf 80' lang='grc' dir='ltr'><strong>εἰσελθεῖν</strong></span> <span class='ocrx_word' id='word_1_298' title='bbox 1766 2246 1911 2300; x_wconf 80' lang='grc' dir='ltr'><strong>παρ-</strong></span> 
     </span>
    </p>
   </div>
   <div class='ocr_carea' id='block_1_43' title="bbox 348 2319 1912 2392">
    <p class='ocr_par' dir='ltr' id='par_1_43' title="bbox 348 2319 1912 2392">
     <span class='ocr_line' id='line_1_43' title="bbox 348 2319 1912 2392; baseline 0.001 -18"><span class='ocrx_word' id='word_1_299' title='bbox 348 2321 658 2384; x_wconf 84' lang='grc' dir='ltr'><strong>εσκεύαστο,</strong></span> <span class='ocrx_word' id='word_1_300' title='bbox 700 2321 906 2391; x_wconf 75' lang='grc' dir='ltr'><strong>ἔρημον</strong></span> <span class='ocrx_word' id='word_1_301' title='bbox 955 2322 1056 2391; x_wconf 79' lang='grc' dir='ltr'><strong>ὁρᾷ</strong></span> <span class='ocrx_word' id='word_1_302' title='bbox 1089 2319 1471 2392; x_wconf 84' lang='grc' dir='ltr'><strong>καθευδήσασα</strong></span> <span class='ocrx_word' id='word_1_303' title='bbox 1505 2321 1691 2392; x_wconf 89' lang='grc' dir='ltr'><strong>ἰατροῦ</strong></span> <span class='ocrx_word' id='word_1_304' title='bbox 1722 2322 1785 2374; x_wconf 81' lang='grc' dir='ltr'><strong>τὸ</strong></span> <span class='ocrx_word' id='word_1_305' title='bbox 1808 2322 1912 2375; x_wconf 83' lang='grc' dir='ltr'><strong>δω-</strong></span> 
     </span>
    </p>
   </div>
   <div class='ocr_carea' id='block_1_44' title="bbox 348 2410 1913 2483">
    <p class='ocr_par' dir='ltr' id='par_1_44' title="bbox 348 2410 1913 2483">
     <span class='ocr_line' id='line_1_44' title="bbox 348 2410 1913 2483; baseline 0.001 -19"><span class='ocrx_word' id='word_1_306' title='bbox 348 2413 533 2483; x_wconf 84' lang='grc' dir='ltr'><strong>μάτιον</strong></span> <span class='ocrx_word' id='word_1_307' title='bbox 557 2428 572 2444; x_wconf 77' lang='grc' dir='ltr'><strong><em>ο</em></strong></span> <span class='ocrx_word' id='word_1_308' title='bbox 609 2410 862 2482; x_wconf 78' lang='grc' dir='ltr'><strong>εὕρισκεν</strong></span> <span class='ocrx_word' id='word_1_309' title='bbox 897 2412 992 2464; x_wconf 76' lang='grc' dir='ltr'><strong>καὶ</strong></span> <span class='ocrx_word' id='word_1_310' title='bbox 1024 2417 1298 2483; x_wconf 78' lang='grc' dir='ltr'><strong>μοναστὴν</strong></span> <span class='ocrx_word' id='word_1_311' title='bbox 1336 2415 1395 2465; x_wconf 85' lang='grc' dir='ltr'><strong>ἐν</strong></span> <span class='ocrx_word' id='word_1_312' title='bbox 1432 2412 1581 2482; x_wconf 82' lang='grc' dir='ltr'><strong>αὐτῷ</strong></span> <span class='ocrx_word' id='word_1_313' title='bbox 1614 2412 1913 2483; x_wconf 78' lang='grc' dir='ltr'><strong>καθεζόμε-</strong></span> 
     </span>
    </p>
   </div>
   <div class='ocr_carea' id='block_1_45' title="bbox 341 2485 1911 2575">
    <p class='ocr_par' dir='ltr' id='par_1_45' title="bbox 341 2485 1911 2575">
     <span class='ocr_line' id='line_1_45' title="bbox 341 2485 1911 2575; baseline 0.001 -19"><span class='ocrx_word' id='word_1_314' title='bbox 341 2521 451 2556; x_wconf 87' lang='grc' dir='ltr'><strong>νον.</strong></span> <span class='ocrx_word' id='word_1_315' title='bbox 487 2485 668 2573; x_wconf 78' lang='grc' dir='ltr'><strong>Κῦρος</strong></span> <span class='ocrx_word' id='word_1_316' title='bbox 700 2498 767 2573; x_wconf 77' lang='grc' dir='ltr'><strong>ἦν</strong></span> <span class='ocrx_word' id='word_1_317' title='bbox 795 2497 947 2563; x_wconf 78' lang='grc' dir='ltr'><strong>οὗτος</strong></span> <span class='ocrx_word' id='word_1_318' title='bbox 977 2504 1004 2556; x_wconf 86' lang='grc' dir='ltr'><strong>ό</strong></span> <span class='ocrx_word' id='word_1_319' title='bbox 1046 2504 1236 2570; x_wconf 74' lang='grc' dir='ltr'><strong>φανεὶς</strong></span> <span class='ocrx_word' id='word_1_320' title='bbox 1292 2493 1691 2573; x_wconf 56' lang='grc' dir='ltr'><strong>καθεζόμενός</strong></span> <span class='ocrx_word' id='word_1_321' title='bbox 1744 2520 1911 2575; x_wconf 90' lang='grc' dir='ltr'><strong>μονα-</strong></span> 
     </span>
    </p>
   </div>
   <div class='ocr_carea' id='block_1_46' title="bbox 341 2596 1907 2667">
    <p class='ocr_par' dir='ltr' id='par_1_46' title="bbox 341 2596 1907 2667">
     <span class='ocr_line' id='line_1_46' title="bbox 341 2596 1907 2667; baseline -0.002 -16"><span class='ocrx_word' id='word_1_322' title='bbox 341 2596 473 2667; x_wconf 74' lang='grc' dir='ltr'><strong>στὴς</strong></span> <span class='ocrx_word' id='word_1_323' title='bbox 496 2596 602 2665; x_wconf 85' lang='grc' dir='ltr'><strong>γὰρ</strong></span> <span class='ocrx_word' id='word_1_324' title='bbox 630 2596 867 2664; x_wconf 86' lang='grc' dir='ltr'><strong>ἐγένετο,</strong></span> <span class='ocrx_word' id='word_1_325' title='bbox 898 2597 993 2649; x_wconf 69' lang='grc' dir='ltr'><strong>καὶ</strong></span> <span class='ocrx_word' id='word_1_326' title='bbox 1020 2597 1303 2666; x_wconf 81' lang='grc' dir='ltr'><strong>μοναστῶν</strong></span> <span class='ocrx_word' id='word_1_327' title='bbox 1334 2597 1422 2651; x_wconf 72' lang='grc' dir='ltr'><strong>ἀεὶ</strong></span> <span class='ocrx_word' id='word_1_328' title='bbox 1464 2596 1735 2665; x_wconf 75' lang='grc' dir='ltr'><strong>ὀφείλεται</strong></span> <span class='ocrx_word' id='word_1_329' title='bbox 1781 2596 1907 2661; x_wconf 85' lang='grc' dir='ltr'><strong>φαί-</strong></span> 
     </span>
    </p>
   </div>
   <div class='ocr_carea' id='block_1_47' title="bbox 340 2686 1907 2758">
    <p class='ocr_par' dir='ltr' id='par_1_47' title="bbox 340 2686 1907 2758">
     <span class='ocr_line' id='line_1_47' title="bbox 340 2686 1907 2758; baseline -0.001 -19"><span class='ocrx_word' id='word_1_330' title='bbox 340 2686 526 2740; x_wconf 67' lang='grc' dir='ltr'><strong>νεσθαι</strong></span> <span class='ocrx_word' id='word_1_331' title='bbox 556 2687 819 2756; x_wconf 83' lang='grc' dir='ltr'><strong>σχήματι.</strong></span> <span class='ocrx_word' id='word_1_332' title='bbox 877 2686 1187 2757; x_wconf 87' lang='grc' dir='ltr'><strong>Πυργίσκος</strong></span> <span class='ocrx_word' id='word_1_333' title='bbox 1216 2687 1272 2739; x_wconf 87' lang='grc' dir='ltr'><strong>δὲ</strong></span> <span class='ocrx_word' id='word_1_334' title='bbox 1329 2686 1639 2758; x_wconf 77' lang='grc' dir='ltr'><strong>ἔμπροσθεν</strong></span> <span class='ocrx_word' id='word_1_335' title='bbox 1686 2687 1907 2755; x_wconf 75' lang='grc' dir='ltr'><strong>ἑστήκει</strong></span> 
     </span>
    </p>
   </div>
   <div class='ocr_carea' id='block_1_48' title="bbox 338 2773 1904 2845">
    <p class='ocr_par' dir='ltr' id='par_1_48' title="bbox 338 2773 1904 2845">
     <span class='ocr_line' id='line_1_48' title="bbox 338 2773 1904 2845; baseline 0.002 -20"><span class='ocrx_word' id='word_1_336' title='bbox 338 2773 434 2825; x_wconf 84' lang='grc' dir='ltr'><strong>τοῦ</strong></span> <span class='ocrx_word' id='word_1_337' title='bbox 462 2773 757 2843; x_wconf 83' lang='grc' dir='ltr'><strong>μάρτυρος,</strong></span> <span class='ocrx_word' id='word_1_338' title='bbox 782 2773 868 2826; x_wconf 78' lang='grc' dir='ltr'><strong>ἵνα</strong></span> <span class='ocrx_word' id='word_1_339' title='bbox 896 2773 956 2826; x_wconf 87' lang='grc' dir='ltr'><strong>τὸ</strong></span> <span class='ocrx_word' id='word_1_340' title='bbox 983 2774 1091 2826; x_wconf 87' lang='grc' dir='ltr'><strong>τῶν</strong></span> <span class='ocrx_word' id='word_1_341' title='bbox 1118 2774 1337 2845; x_wconf 90' lang='grc' dir='ltr'><strong>ἰατρῶν,</strong></span> <span class='ocrx_word' id='word_1_342' title='bbox 1374 2774 1560 2845; x_wconf 72' lang='grc' dir='ltr'><strong>φησὶν,</strong></span> <span class='ocrx_word' id='word_1_343' title='bbox 1591 2775 1776 2845; x_wconf 85' lang='grc' dir='ltr'><strong>σχῆμα</strong></span> <span class='ocrx_word' id='word_1_344' title='bbox 1806 2775 1904 2828; x_wconf 85' lang='grc' dir='ltr'><strong>κά-</strong></span> 
     </span>
    </p>
   </div>
   <div class='ocr_carea' id='block_1_49' title="bbox 339 2862 1908 2936">
    <p class='ocr_par' dir='ltr' id='par_1_49' title="bbox 339 2862 1908 2936">
     <span class='ocr_line' id='line_1_49' title="bbox 339 2862 1908 2936; baseline -0.001 -19"><span class='ocrx_word' id='word_1_345' title='bbox 339 2867 426 2917; x_wconf 86' lang='grc' dir='ltr'><strong>κεῖ</strong></span> <span class='ocrx_word' id='word_1_346' title='bbox 436 2862 771 2928; x_wconf 51' lang='lat' dir='ltr'><strong>sacomam,</strong></span> <span class='ocrx_word' id='word_1_347' title='bbox 784 2865 858 2927; x_wconf 84' lang='grc' dir='ltr'><strong>ὼς</strong></span> <span class='ocrx_word' id='word_1_348' title='bbox 878 2865 1109 2935; x_wconf 86' lang='grc' dir='ltr'><strong>ἰατρεῖον</strong></span> <span class='ocrx_word' id='word_1_349' title='bbox 1125 2866 1284 2918; x_wconf 90' lang='grc' dir='ltr'><strong>τοῦτο</strong></span> <span class='ocrx_word' id='word_1_350' title='bbox 1304 2867 1551 2934; x_wconf 79' lang='grc' dir='ltr'><strong>φαίνεται</strong></span> <span class='ocrx_word' id='word_1_351' title='bbox 1570 2866 1666 2934; x_wconf 88' lang='grc' dir='ltr'><strong>(α).</strong></span> <span class='ocrx_word' id='word_1_352' title='bbox 1686 2865 1826 2933; x_wconf 80' lang='grc' dir='ltr'><strong>Πρὸς</strong></span> <span class='ocrx_word' id='word_1_353' title='bbox 1843 2867 1908 2936; x_wconf 82' lang='grc' dir='ltr'><strong>ἢν</strong></span> 
     </span>
    </p>
   </div>
   <div class='ocr_carea' id='block_1_50' title="bbox 2085 2229 3593 2301">
    <p class='ocr_par' dir='ltr' id='par_1_50' title="bbox 2085 2229 3593 2301">
     <span class='ocr_line' id='line_1_50' title="bbox 2085 2229 3593 2301; baseline 0.001 -17"><span class='ocrx_word' id='word_1_354' title='bbox 2085 2233 2144 2285; x_wconf 90' lang='lat' dir='ltr'><strong>ln</strong></span> <span class='ocrx_word' id='word_1_355' title='bbox 2187 2230 2303 2301; x_wconf 91' lang='lat' dir='ltr'><strong>ipsa</strong></span> <span class='ocrx_word' id='word_1_356' title='bbox 2341 2230 2506 2301; x_wconf 84' lang='lat' dir='ltr'><strong>igitur</strong></span> <span class='ocrx_word' id='word_1_357' title='bbox 2543 2237 2725 2295; x_wconf 89' lang='lat' dir='ltr'><strong>nocte,</strong></span> <span class='ocrx_word' id='word_1_358' title='bbox 2777 2245 2883 2300; x_wconf 90' lang='lat' dir='ltr'><strong>qua</strong></span> <span class='ocrx_word' id='word_1_359' title='bbox 2922 2238 3224 2300; x_wconf 75' lang='lat' dir='ltr'><strong>praeparata</strong></span> <span class='ocrx_word' id='word_1_360' title='bbox 3268 2229 3486 2284; x_wconf 88' lang='lat' dir='ltr'><strong>fuerunt</strong></span> <span class='ocrx_word' id='word_1_361' title='bbox 3509 2231 3593 2285; x_wconf 84' lang='lat' dir='ltr'><strong>in-</strong></span> 
     </span>
    </p>
   </div>
   <div class='ocr_carea' id='block_1_51' title="bbox 2012 2323 3588 2395">
    <p class='ocr_par' dir='ltr' id='par_1_51' title="bbox 2012 2323 3588 2395">
     <span class='ocr_line' id='line_1_51' title="bbox 2012 2323 3588 2395; baseline 0.001 -20"><span class='ocrx_word' id='word_1_362' title='bbox 2012 2323 2187 2395; x_wconf 87' lang='lat' dir='ltr'><strong>gredi,</strong></span> <span class='ocrx_word' id='word_1_363' title='bbox 2232 2339 2328 2393; x_wconf 90' lang='lat' dir='ltr'><strong>per</strong></span> <span class='ocrx_word' id='word_1_364' title='bbox 2351 2323 2626 2377; x_wconf 87' lang='lat' dir='ltr'><strong>desertum</strong></span> <span class='ocrx_word' id='word_1_365' title='bbox 2650 2337 2709 2377; x_wconf 91' lang='lat' dir='ltr'><strong>se</strong></span> <span class='ocrx_word' id='word_1_366' title='bbox 2738 2323 3007 2392; x_wconf 89' lang='lat' dir='ltr'><strong>conspicit</strong></span> <span class='ocrx_word' id='word_1_367' title='bbox 3049 2337 3291 2394; x_wconf 80' lang='lat' dir='ltr'><strong>pergere,</strong></span> <span class='ocrx_word' id='word_1_368' title='bbox 3320 2338 3416 2393; x_wconf 84' lang='lat' dir='ltr'><strong>per</strong></span> <span class='ocrx_word' id='word_1_369' title='bbox 3443 2323 3588 2394; x_wconf 83' lang='lat' dir='ltr'><strong>quod</strong></span> 
     </span>
    </p>
   </div>
   <div class='ocr_carea' id='block_1_52' title="bbox 2014 2413 3591 2489">
    <p class='ocr_par' dir='ltr' id='par_1_52' title="bbox 2014 2413 3591 2489">
     <span class='ocr_line' id='line_1_52' title="bbox 2014 2413 3591 2489; baseline -0.001 -19"><span class='ocrx_word' id='word_1_370' title='bbox 2014 2415 2105 2470; x_wconf 90' lang='lat' dir='ltr'><strong>ditt</strong></span> <span class='ocrx_word' id='word_1_371' title='bbox 2163 2418 2266 2470; x_wconf 88' lang='lat' dir='ltr'><strong>iter</strong></span> <span class='ocrx_word' id='word_1_372' title='bbox 2316 2415 2544 2479; x_wconf 84' lang='lat' dir='ltr'><strong>faciens,</strong></span> <span class='ocrx_word' id='word_1_373' title='bbox 2600 2413 2799 2489; x_wconf 87' lang='lat' dir='ltr'><strong>medici</strong></span> <span class='ocrx_word' id='word_1_374' title='bbox 2854 2414 3192 2470; x_wconf 88' lang='lat' dir='ltr'><strong>domicilium</strong></span> <span class='ocrx_word' id='word_1_375' title='bbox 3263 2415 3488 2485; x_wconf 80' lang='lat' dir='ltr'><strong>reperit,</strong></span> <span class='ocrx_word' id='word_1_376' title='bbox 3533 2423 3591 2469; x_wconf 82' lang='lat' dir='ltr'><strong>et</strong></span> 
     </span>
    </p>
   </div>
   <div class='ocr_carea' id='block_1_53' title="bbox 1995 2492 3592 2576">
    <p class='ocr_par' dir='ltr' id='par_1_53' title="bbox 1995 2492 3592 2576">
     <span class='ocr_line' id='line_1_53' title="bbox 1995 2492 3592 2576; baseline -0.002 -12"><span class='ocrx_word' id='word_1_377' title='bbox 1995 2498 2291 2564; x_wconf 76' lang='lat' dir='ltr'><strong>sedentem</strong></span> <span class='ocrx_word' id='word_1_378' title='bbox 2337 2504 2469 2560; x_wconf 90' lang='lat' dir='ltr'><strong>inibi</strong></span> <span class='ocrx_word' id='word_1_379' title='bbox 2507 2492 2856 2570; x_wconf 87' lang='lat' dir='ltr'><strong>monachum,</strong></span> <span class='ocrx_word' id='word_1_380' title='bbox 2905 2505 3081 2576; x_wconf 82' lang='lat' dir='ltr'><strong>Cyrus</strong></span> <span class='ocrx_word' id='word_1_381' title='bbox 3114 2514 3294 2563; x_wconf 88' lang='lat' dir='ltr'><strong>autem</strong></span> <span class='ocrx_word' id='word_1_382' title='bbox 3337 2508 3424 2563; x_wconf 92' lang='lat' dir='ltr'><strong>hic</strong></span> <span class='ocrx_word' id='word_1_383' title='bbox 3473 2518 3592 2562; x_wconf 85' lang='lat' dir='ltr'><strong>erat</strong></span> 
     </span>
    </p>
   </div>
   <div class='ocr_carea' id='block_1_54' title="bbox 2015 2594 3588 2669">
    <p class='ocr_par' dir='ltr' id='par_1_54' title="bbox 2015 2594 3588 2669">
     <span class='ocr_line' id='line_1_54' title="bbox 2015 2594 3588 2669; baseline 0.003 -23"><span class='ocrx_word' id='word_1_384' title='bbox 2015 2595 2107 2664; x_wconf 91' lang='lat' dir='ltr'><strong>qni</strong></span> <span class='ocrx_word' id='word_1_385' title='bbox 2128 2594 2420 2657; x_wconf 71' lang='lat' dir='ltr'><strong>yidehatur</strong></span> <span class='ocrx_word' id='word_1_386' title='bbox 2451 2595 2772 2651; x_wconf 88' lang='lat' dir='ltr'><strong>consedere.</strong></span> <span class='ocrx_word' id='word_1_387' title='bbox 2810 2594 3106 2653; x_wconf 77' lang='lat' dir='ltr'><strong>Monachus</strong></span> <span class='ocrx_word' id='word_1_388' title='bbox 3130 2612 3367 2669; x_wconf 83' lang='lat' dir='ltr'><strong>namque</strong></span> <span class='ocrx_word' id='word_1_389' title='bbox 3394 2600 3588 2663; x_wconf 83' lang='lat' dir='ltr'><strong>fuerat,</strong></span> 
     </span>
    </p>
   </div>
   <div class='ocr_carea' id='block_1_55' title="bbox 2014 2687 3591 2758">
    <p class='ocr_par' dir='ltr' id='par_1_55' title="bbox 2014 2687 3591 2758">
     <span class='ocr_line' id='line_1_55' title="bbox 2014 2687 3591 2758; baseline 0.001 -17"><span class='ocrx_word' id='word_1_390' title='bbox 2014 2695 2069 2741; x_wconf 89' lang='lat' dir='ltr'><strong>et</strong></span> <span class='ocrx_word' id='word_1_391' title='bbox 2099 2687 2493 2741; x_wconf 85' lang='lat' dir='ltr'><strong>monachorum</strong></span> <span class='ocrx_word' id='word_1_392' title='bbox 2520 2696 2744 2758; x_wconf 89' lang='lat' dir='ltr'><strong>apparet</strong></span> <span class='ocrx_word' id='word_1_393' title='bbox 2786 2688 2839 2743; x_wconf 93' lang='lat' dir='ltr'><strong>in</strong></span> <span class='ocrx_word' id='word_1_394' title='bbox 2876 2687 3087 2743; x_wconf 81' lang='lat' dir='ltr'><strong>habitu.</strong></span> <span class='ocrx_word' id='word_1_395' title='bbox 3126 2689 3436 2744; x_wconf 85' lang='lat' dir='ltr'><strong>Armarium</strong></span> <span class='ocrx_word' id='word_1_396' title='bbox 3461 2704 3591 2744; x_wconf 88' lang='lat' dir='ltr'><strong>vero</strong></span> 
     </span>
    </p>
   </div>
   <div class='ocr_carea' id='block_1_56' title="bbox 2014 2779 3591 2851">
    <p class='ocr_par' dir='ltr' id='par_1_56' title="bbox 2014 2779 3591 2851">
     <span class='ocr_line' id='line_1_56' title="bbox 2014 2779 3591 2851; baseline 0.003 -19"><span class='ocrx_word' id='word_1_397' title='bbox 2014 2792 2197 2832; x_wconf 91' lang='lat' dir='ltr'><strong>coram</strong></span> <span class='ocrx_word' id='word_1_398' title='bbox 2264 2788 2503 2851; x_wconf 80' lang='lat' dir='ltr'><strong>martyre</strong></span> <span class='ocrx_word' id='word_1_399' title='bbox 2558 2781 2794 2850; x_wconf 83' lang='lat' dir='ltr'><strong>positum</strong></span> <span class='ocrx_word' id='word_1_400' title='bbox 2839 2781 3042 2844; x_wconf 87' lang='lat' dir='ltr'><strong>stabat.</strong></span> <span class='ocrx_word' id='word_1_401' title='bbox 3092 2790 3150 2836; x_wconf 89' lang='lat' dir='ltr'><strong>ttt</strong></span> <span class='ocrx_word' id='word_1_402' title='bbox 3196 2779 3440 2837; x_wconf 82' lang='lat' dir='ltr'><strong>etiamin</strong></span> <span class='ocrx_word' id='word_1_403' title='bbox 3490 2782 3591 2836; x_wconf 90' lang='lat' dir='ltr'><strong>hoc</strong></span> 
     </span>
    </p>
   </div>
   <div class='ocr_carea' id='block_1_57' title="bbox 2017 2869 3587 2943">
    <p class='ocr_par' dir='ltr' id='par_1_57' title="bbox 2017 2869 3587 2943">
     <span class='ocr_line' id='line_1_57' title="bbox 2017 2869 3587 2943; baseline 0.003 -20"><span class='ocrx_word' id='word_1_404' title='bbox 2017 2869 2355 2925; x_wconf 83' lang='lat' dir='ltr'><strong>medicorum</strong></span> <span class='ocrx_word' id='word_1_405' title='bbox 2416 2871 2642 2942; x_wconf 85' lang='lat' dir='ltr'><strong>figuram</strong></span> <span class='ocrx_word' id='word_1_406' title='bbox 2716 2871 3049 2929; x_wconf 90' lang='lat' dir='ltr'><strong>ostenderet.</strong></span> <span class='ocrx_word' id='word_1_407' title='bbox 3106 2871 3355 2943; x_wconf 85' lang='lat' dir='ltr'><strong>lngressa</strong></span> <span class='ocrx_word' id='word_1_408' title='bbox 3419 2888 3587 2937; x_wconf 89' lang='lat' dir='ltr'><strong>vero,</strong></span> 
     </span>
    </p>
   </div>
   <div class='ocr_carea' id='block_1_58' title="bbox 338 2948 1911 3031">
    <p class='ocr_par' dir='ltr' id='par_1_58' title="bbox 338 2948 1911 3028">
     <span class='ocr_line' id='line_1_58' title="bbox 338 2948 1911 3028; baseline 0.001 -20"><span class='ocrx_word' id='word_1_409' title='bbox 338 2956 369 3008; x_wconf 82' lang='grc' dir='ltr'><strong>ό</strong></span> <span class='ocrx_word' id='word_1_410' title='bbox 395 2948 550 3024; x_wconf 74' lang='grc' dir='ltr'><strong>ἅγιος</strong></span> <span class='ocrx_word' id='word_1_411' title='bbox 571 2959 599 3010; x_wconf 85' lang='grc' dir='ltr'>ὁ</span> <span class='ocrx_word' id='word_1_412' title='bbox 625 2956 783 3026; x_wconf 81' lang='grc' dir='ltr'><strong>δῆθεν</strong></span> <span class='ocrx_word' id='word_1_413' title='bbox 805 2957 895 3009; x_wconf 77' lang='grc' dir='ltr'><strong>ἐπὶ</strong></span> <span class='ocrx_word' id='word_1_414' title='bbox 911 2958 1098 3027; x_wconf 84' lang='grc' dir='ltr'><strong>θρόνου</strong></span> <span class='ocrx_word' id='word_1_415' title='bbox 1121 2959 1420 3028; x_wconf 87' lang='grc' dir='ltr'><strong>καθήμενος</strong></span> <span class='ocrx_word' id='word_1_416' title='bbox 1442 2957 1621 3022; x_wconf 76' lang='grc' dir='ltr'><strong>ἔλεξεν</strong></span> <span class='ocrx_word' id='word_1_417' title='bbox 1639 2973 1653 2987; x_wconf 77' lang='grc'><strong><em>⁸</em></strong></span> <span class='ocrx_word' id='word_1_418' title='bbox 1671 2956 1911 3021; x_wconf 85' lang='grc' dir='ltr'><strong>Ἐνθάδε¹</strong></span> 
     </span>
    </p>
   </div>
   <div class='ocr_carea' id='block_1_59' title="bbox 2015 2948 3591 3031">
    <p class='ocr_par' dir='ltr' id='par_1_59' title="bbox 2021 2961 3591 3031">
     <span class='ocr_line' id='line_1_59' title="bbox 2021 2961 3591 3031; baseline 0.001 -17"><span class='ocrx_word' id='word_1_419' title='bbox 2021 2962 2162 3030; x_wconf 88' lang='lat' dir='ltr'><strong>apud</strong></span> <span class='ocrx_word' id='word_1_420' title='bbox 2196 2962 2544 3031; x_wconf 82' lang='lat' dir='ltr'><strong>semetipsam</strong></span> <span class='ocrx_word' id='word_1_421' title='bbox 2585 2961 2862 3030; x_wconf 84' lang='lat' dir='ltr'><strong>cogitabat</strong></span> <span class='ocrx_word' id='word_1_422' title='bbox 2894 2972 3075 3016; x_wconf 89' lang='lat' dir='ltr'><strong>utrum</strong></span> <span class='ocrx_word' id='word_1_423' title='bbox 3114 2964 3226 3019; x_wconf 68' lang='lat' dir='ltr'><strong>lucc</strong></span> <span class='ocrx_word' id='word_1_424' title='bbox 3257 2964 3420 3019; x_wconf 84' lang='lat' dir='ltr'><strong>statio</strong></span> <span class='ocrx_word' id='word_1_425' title='bbox 3446 2971 3591 3018; x_wconf 83' lang='lat' dir='ltr'><strong>esset</strong></span> 
     </span>
    </p>
   </div>
   <div class='ocr_carea' id='block_1_60' title="bbox 337 3042 1905 3120">
    <p class='ocr_par' dir='ltr' id='par_1_60' title="bbox 337 3042 1905 3120">
     <span class='ocr_line' id='line_1_60' title="bbox 337 3042 1905 3120; baseline 0.001 -18"><span class='ocrx_word' id='word_1_426' title='bbox 337 3042 578 3117; x_wconf 80' lang='grc' dir='ltr'><strong>ὧγύναι,</strong></span> <span class='ocrx_word' id='word_1_427' title='bbox 600 3048 650 3101; x_wconf 91' lang='grc' dir='ltr'><strong>τί</strong></span> <span class='ocrx_word' id='word_1_428' title='bbox 677 3050 1082 3120; x_wconf 83' lang='grc' dir='ltr'><strong>παραγέγονας;</strong></span> <span class='ocrx_word' id='word_1_429' title='bbox 1124 3051 1188 3103; x_wconf 84' lang='grc' dir='ltr'><strong>Ἦ</strong></span> <span class='ocrx_word' id='word_1_430' title='bbox 1225 3051 1304 3113; x_wconf 84' lang='grc' dir='ltr'><strong>δὲ,</strong></span> <span class='ocrx_word' id='word_1_431' title='bbox 1358 3049 1612 3120; x_wconf 81' lang='grc' dir='ltr'><strong>’ἰατρεῖον</strong></span> <span class='ocrx_word' id='word_1_432' title='bbox 1649 3049 1905 3116; x_wconf 79' lang='grc' dir='ltr'><strong>ζητοῦσα,</strong></span> 
     </span>
    </p>
   </div>
   <div class='ocr_carea' id='block_1_61' title="bbox 339 3140 1909 3212">
    <p class='ocr_par' dir='ltr' id='par_1_61' title="bbox 339 3140 1909 3212">
     <span class='ocr_line' id='line_1_61' title="bbox 339 3140 1909 3212; baseline 0 -19"><span class='ocrx_word' id='word_1_433' title='bbox 339 3141 477 3212; x_wconf 83' lang='grc' dir='ltr'><strong>πρὸς</strong></span> <span class='ocrx_word' id='word_1_434' title='bbox 502 3142 666 3195; x_wconf 74' lang='grc' dir='ltr'><strong>αὐτὸν</strong></span> <span class='ocrx_word' id='word_1_435' title='bbox 690 3141 1055 3212; x_wconf 80' lang='grc' dir='ltr'><strong>άπεκρίνατο”</strong></span> <span class='ocrx_word' id='word_1_436' title='bbox 1078 3143 1172 3194; x_wconf 78' lang='grc' dir='ltr'><strong>καὶ</strong></span> <span class='ocrx_word' id='word_1_437' title='bbox 1208 3141 1445 3195; x_wconf 82' lang='grc' dir='ltr'><strong>τοιοῦτον</strong></span> <span class='ocrx_word' id='word_1_438' title='bbox 1487 3142 1583 3211; x_wconf 82' lang='grc' dir='ltr'><strong>μὲν</strong></span> <span class='ocrx_word' id='word_1_439' title='bbox 1614 3141 1723 3209; x_wconf 89' lang='grc' dir='ltr'><strong>ἐγὼ</strong></span> <span class='ocrx_word' id='word_1_440' title='bbox 1760 3140 1909 3194; x_wconf 85' lang='grc' dir='ltr'><strong>τόνδε</strong></span> 
     </span>
    </p>
   </div>
   <div class='ocr_carea' id='block_1_62' title="bbox 338 3230 1910 3301">
    <p class='ocr_par' dir='ltr' id='par_1_62' title="bbox 338 3230 1910 3301">
     <span class='ocr_line' id='line_1_62' title="bbox 338 3230 1910 3301; baseline -0.001 -17"><span class='ocrx_word' id='word_1_441' title='bbox 338 3230 431 3285; x_wconf 69' lang='grc' dir='ltr'><strong>τὸν</strong></span> <span class='ocrx_word' id='word_1_442' title='bbox 463 3231 703 3285; x_wconf 80' lang='grc' dir='ltr'><strong>οἰκίσκον</strong></span> <span class='ocrx_word' id='word_1_443' title='bbox 728 3233 989 3301; x_wconf 85' lang='grc' dir='ltr'><strong>νενόμικα</strong></span> <span class='ocrx_word' id='word_1_444' title='bbox 1008 3249 1021 3263; x_wconf 68' lang='grc'><strong>⁸</strong></span> <span class='ocrx_word' id='word_1_445' title='bbox 1058 3233 1115 3284; x_wconf 90' lang='grc' dir='ltr'><strong>ἐν</strong></span> <span class='ocrx_word' id='word_1_446' title='bbox 1144 3231 1292 3301; x_wconf 85' lang='grc' dir='ltr'><strong>αὺτῷ</strong></span> <span class='ocrx_word' id='word_1_447' title='bbox 1316 3232 1373 3286; x_wconf 82' lang='grc' dir='ltr'><strong>δὲ</strong></span> <span class='ocrx_word' id='word_1_448' title='bbox 1399 3232 1552 3286; x_wconf 78' lang='grc' dir='ltr'><strong>οὐδὲν</strong></span> <span class='ocrx_word' id='word_1_449' title='bbox 1587 3231 1695 3284; x_wconf 87' lang='grc' dir='ltr'><strong>τῶν</strong></span> <span class='ocrx_word' id='word_1_450' title='bbox 1716 3233 1773 3285; x_wconf 81' lang='grc' dir='ltr'><strong>ἐν</strong></span> <span class='ocrx_word' id='word_1_451' title='bbox 1797 3232 1910 3293; x_wconf 71' lang='grc' dir='ltr'><strong>τοῖς</strong></span> 
     </span>
    </p>
   </div>
   <div class='ocr_carea' id='block_1_63' title="bbox 345 3323 1906 3395">
    <p class='ocr_par' dir='ltr' id='par_1_63' title="bbox 345 3323 1906 3395">
     <span class='ocr_line' id='line_1_63' title="bbox 345 3323 1906 3395; baseline 0.001 -20"><span class='ocrx_word' id='word_1_452' title='bbox 345 3325 548 3395; x_wconf 87' lang='grc' dir='ltr'><strong>ἰατροῖς</strong></span> <span class='ocrx_word' id='word_1_453' title='bbox 590 3324 725 3394; x_wconf 78' lang='grc' dir='ltr'><strong>πρὸς</strong></span> <span class='ocrx_word' id='word_1_454' title='bbox 758 3324 1062 3395; x_wconf 85' lang='grc' dir='ltr'><strong>περιοδείαν</strong></span> <span class='ocrx_word' id='word_1_455' title='bbox 1097 3324 1286 3386; x_wconf 70' lang='grc' dir='ltr'><strong>ὄντων,</strong></span> <span class='ocrx_word' id='word_1_456' title='bbox 1328 3323 1437 3393; x_wconf 80' lang='grc' dir='ltr'><strong>όρῶ</strong></span> <span class='ocrx_word' id='word_1_457' title='bbox 1475 3324 1906 3394; x_wconf 86' lang='grc' dir='ltr'><strong>παρακείμενον·</strong></span> 
     </span>
    </p>
   </div>
   <div class='ocr_carea' id='block_1_64' title="bbox 338 3414 1905 3485">
    <p class='ocr_par' dir='ltr' id='par_1_64' title="bbox 338 3414 1905 3485">
     <span class='ocr_line' id='line_1_64' title="bbox 338 3414 1905 3485; baseline -0.002 -17"><span class='ocrx_word' id='word_1_458' title='bbox 338 3414 453 3468; x_wconf 76' lang='grc' dir='ltr'><strong>ἀλλ’</strong></span> <span class='ocrx_word' id='word_1_459' title='bbox 474 3415 593 3468; x_wconf 76' lang='grc' dir='ltr'><strong>οὐδὲ</strong></span> <span class='ocrx_word' id='word_1_460' title='bbox 624 3414 769 3468; x_wconf 78' lang='grc' dir='ltr'><strong>ἔνδον</strong></span> <span class='ocrx_word' id='word_1_461' title='bbox 797 3431 850 3467; x_wconf 89' lang='grc' dir='ltr'><strong>τι</strong></span> <span class='ocrx_word' id='word_1_462' title='bbox 876 3415 982 3467; x_wconf 85' lang='grc' dir='ltr'><strong>τῶν</strong></span> <span class='ocrx_word' id='word_1_463' title='bbox 1005 3415 1261 3468; x_wconf 80' lang='grc' dir='ltr'><strong>τοιούτων</strong></span> <span class='ocrx_word' id='word_1_464' title='bbox 1290 3414 1401 3484; x_wconf 81' lang='grc' dir='ltr'><strong>ἔχει</strong></span> <span class='ocrx_word' id='word_1_465' title='bbox 1424 3431 1517 3467; x_wconf 88' lang='grc' dir='ltr'><strong>σου</strong></span> <span class='ocrx_word' id='word_1_466' title='bbox 1544 3414 1905 3485; x_wconf 83' lang='grc' dir='ltr'><strong>τὸάρμάριον.</strong></span> 
     </span>
    </p>
   </div>
   <div class='ocr_carea' id='block_1_65' title="bbox 354 3504 1905 3577">
    <p class='ocr_par' dir='ltr' id='par_1_65' title="bbox 354 3504 1905 3577">
     <span class='ocr_line' id='line_1_65' title="bbox 354 3504 1905 3577; baseline -0.003 -18"><span class='ocrx_word' id='word_1_467' title='bbox 354 3506 413 3559; x_wconf 81' lang='lat'><strong>&#39;0</strong></span> <span class='ocrx_word' id='word_1_468' title='bbox 445 3505 501 3559; x_wconf 78' lang='grc' dir='ltr'><strong>δὲ</strong></span> <span class='ocrx_word' id='word_1_469' title='bbox 535 3506 670 3577; x_wconf 80' lang='grc' dir='ltr'><strong>πρὸς</strong></span> <span class='ocrx_word' id='word_1_470' title='bbox 694 3506 864 3573; x_wconf 74' lang='grc' dir='ltr'><strong>αὐτὴν</strong></span> <span class='ocrx_word' id='word_1_471' title='bbox 892 3505 1132 3576; x_wconf 75' lang='grc' dir='ltr'><strong>ἀκριϐῶς</strong></span> <span class='ocrx_word' id='word_1_472' title='bbox 1152 3506 1485 3575; x_wconf 83' lang='grc' dir='ltr'><strong>ἀπεκρίνατο</strong></span> <span class='ocrx_word' id='word_1_473' title='bbox 1503 3518 1519 3534; x_wconf 79' lang='grc'><strong><em>⁸</em></strong></span> <span class='ocrx_word' id='word_1_474' title='bbox 1566 3504 1905 3573; x_wconf 79' lang='grc' dir='ltr'><strong>Ἐρεύνησον,</strong></span> 
     </span>
    </p>
   </div>
   <div class='ocr_carea' id='block_1_66' title="bbox 343 3595 1910 3669">
    <p class='ocr_par' dir='ltr' id='par_1_66' title="bbox 343 3595 1910 3669">
     <span class='ocr_line' id='line_1_66' title="bbox 343 3595 1910 3669; baseline -0.002 -19"><span class='ocrx_word' id='word_1_475' title='bbox 343 3599 437 3650; x_wconf 69' lang='grc' dir='ltr'><strong>καὶ</strong></span> <span class='ocrx_word' id='word_1_476' title='bbox 468 3597 601 3668; x_wconf 85' lang='grc' dir='ltr'><strong>ὅπερ</strong></span> <span class='ocrx_word' id='word_1_477' title='bbox 639 3597 705 3651; x_wconf 84' lang='grc' dir='ltr'><strong>ἂν</strong></span> <span class='ocrx_word' id='word_1_478' title='bbox 734 3597 936 3669; x_wconf 81' lang='grc' dir='ltr'><strong>εὕροις,</strong></span> <span class='ocrx_word' id='word_1_479' title='bbox 960 3597 1062 3651; x_wconf 76' lang='grc' dir='ltr'><strong>ὠσὶ</strong></span> <span class='ocrx_word' id='word_1_480' title='bbox 1094 3600 1205 3659; x_wconf 81' lang='grc' dir='ltr'><strong>τοῖς</strong></span> <span class='ocrx_word' id='word_1_481' title='bbox 1244 3599 1542 3666; x_wconf 81' lang='grc' dir='ltr'><strong>πάσχουσιν</strong></span> <span class='ocrx_word' id='word_1_482' title='bbox 1566 3596 1788 3666; x_wconf 72' lang='grc' dir='ltr'><strong>ἔμϐαλε,</strong></span> <span class='ocrx_word' id='word_1_483' title='bbox 1814 3595 1910 3649; x_wconf 74' lang='grc' dir='ltr'><strong>καὶ</strong></span> 
     </span>
    </p>
   </div>
   <div class='ocr_carea' id='block_1_67' title="bbox 351 3680 1910 3761">
    <p class='ocr_par' dir='ltr' id='par_1_67' title="bbox 351 3680 1910 3761">
     <span class='ocr_line' id='line_1_67' title="bbox 351 3680 1910 3761; baseline -0.001 -23"><span class='ocrx_word' id='word_1_484' title='bbox 351 3686 621 3757; x_wconf 75' lang='grc' dir='ltr'><strong>ἰαθήσεταί</strong></span> <span class='ocrx_word' id='word_1_485' title='bbox 650 3705 744 3761; x_wconf 68' lang='grc' dir='ltr'><strong>σου</strong></span> <span class='ocrx_word' id='word_1_486' title='bbox 774 3688 833 3741; x_wconf 84' lang='grc' dir='ltr'><strong>τὸ</strong></span> <span class='ocrx_word' id='word_1_487' title='bbox 867 3686 1260 3758; x_wconf 83' lang='grc' dir='ltr'><strong>θυγάτριον.Ἥ</strong></span> <span class='ocrx_word' id='word_1_488' title='bbox 1284 3687 1339 3739; x_wconf 77' lang='grc' dir='ltr'><strong>δὲ</strong></span> <span class='ocrx_word' id='word_1_489' title='bbox 1379 3686 1470 3737; x_wconf 70' lang='grc' dir='ltr'><strong>τὸν</strong></span> <span class='ocrx_word' id='word_1_490' title='bbox 1517 3680 1663 3737; x_wconf 78' lang='grc' dir='ltr'><strong>οἷκον</strong></span> <span class='ocrx_word' id='word_1_491' title='bbox 1695 3684 1910 3736; x_wconf 69' lang='grc' dir='ltr'><strong>ἅπαντα</strong></span> 
     </span>
    </p>
   </div>
   <div class='ocr_carea' id='block_1_68' title="bbox 345 3775 1910 3850">
    <p class='ocr_par' dir='ltr' id='par_1_68' title="bbox 345 3775 1910 3850">
     <span class='ocr_line' id='line_1_68' title="bbox 345 3775 1910 3850; baseline -0.004 -18"><span class='ocrx_word' id='word_1_492' title='bbox 345 3781 797 3849; x_wconf 79' lang='grc' dir='ltr'><strong>περινοστήσασα,</strong></span> <span class='ocrx_word' id='word_1_493' title='bbox 829 3778 1021 3850; x_wconf 80' lang='grc' dir='ltr'><strong>θυρίδα</strong></span> <span class='ocrx_word' id='word_1_494' title='bbox 1071 3780 1271 3850; x_wconf 69' lang='grc' dir='ltr'><strong>μικρὰν</strong></span> <span class='ocrx_word' id='word_1_495' title='bbox 1313 3778 1600 3840; x_wconf 87' lang='grc' dir='ltr'><strong>ἐθεάσατο,</strong></span> <span class='ocrx_word' id='word_1_496' title='bbox 1634 3777 1730 3828; x_wconf 82' lang='grc' dir='ltr'><strong>καὶ</strong></span> <span class='ocrx_word' id='word_1_497' title='bbox 1760 3775 1910 3844; x_wconf 85' lang='grc' dir='ltr'><strong>μέλι-</strong></span> 
     </span>
    </p>
   </div>
   <div class='ocr_carea' id='block_1_69' title="bbox 341 3855 1910 3939">
    <p class='ocr_par' dir='ltr' id='par_1_69' title="bbox 341 3855 1910 3939">
     <span class='ocr_line' id='line_1_69' title="bbox 341 3855 1910 3939; baseline -0.003 -19"><span class='ocrx_word' id='word_1_498' title='bbox 341 3885 430 3931; x_wconf 88' lang='grc' dir='ltr'><strong>τος</strong></span> <span class='ocrx_word' id='word_1_499' title='bbox 458 3869 513 3921; x_wconf 87' lang='grc' dir='ltr'><strong>ἐν</strong></span> <span class='ocrx_word' id='word_1_500' title='bbox 541 3870 677 3939; x_wconf 75' lang='grc' dir='ltr'><strong>αὐτῇ</strong></span> <span class='ocrx_word' id='word_1_501' title='bbox 700 3874 956 3938; x_wconf 78' lang='grc' dir='ltr'><strong>ποτήριον</strong></span> <span class='ocrx_word' id='word_1_502' title='bbox 984 3868 1254 3939; x_wconf 77' lang='grc' dir='ltr'><strong>κείμενον.</strong></span> <span class='ocrx_word' id='word_1_503' title='bbox 1285 3855 1378 3931; x_wconf 75' lang='grc' dir='ltr'><strong>Ὠς</strong></span> <span class='ocrx_word' id='word_1_504' title='bbox 1405 3863 1557 3936; x_wconf 77' lang='grc' dir='ltr'><strong>οἶμαι</strong></span> <span class='ocrx_word' id='word_1_505' title='bbox 1587 3868 1694 3936; x_wconf 76' lang='grc' dir='ltr'><strong>γάρ</strong></span> <span class='ocrx_word' id='word_1_506' title='bbox 1720 3865 1780 3917; x_wconf 83' lang='grc' dir='ltr'><strong>τὸ</strong></span> <span class='ocrx_word' id='word_1_507' title='bbox 1813 3865 1910 3934; x_wconf 84' lang='grc' dir='ltr'><strong>ἁρ-</strong></span> 
     </span>
    </p>
   </div>
   <div class='ocr_carea' id='block_1_70' title="bbox 343 3955 1910 4030">
    <p class='ocr_par' dir='ltr' id='par_1_70' title="bbox 343 3955 1910 4030">
     <span class='ocr_line' id='line_1_70' title="bbox 343 3955 1910 4030; baseline -0.003 -18"><span class='ocrx_word' id='word_1_508' title='bbox 343 3959 541 4030; x_wconf 87' lang='grc' dir='ltr'><strong>μάριον</strong></span> <span class='ocrx_word' id='word_1_509' title='bbox 576 3958 980 4030; x_wconf 79' lang='grc' dir='ltr'><strong>φαρμακοθήκη</strong></span> <span class='ocrx_word' id='word_1_510' title='bbox 1023 3960 1283 4030; x_wconf 78' lang='grc' dir='ltr'><strong>μειζόνων</strong></span> <span class='ocrx_word' id='word_1_511' title='bbox 1317 3960 1638 4029; x_wconf 84' lang='grc' dir='ltr'><strong>νοσημάτων</strong></span> <span class='ocrx_word' id='word_1_512' title='bbox 1677 3955 1910 4025; x_wconf 82' lang='grc' dir='ltr'><strong>ἐτύγχα·</strong></span> 
     </span>
    </p>
   </div>
   <div class='ocr_carea' id='block_1_71' title="bbox 338 4041 1909 4122">
    <p class='ocr_par' dir='ltr' id='par_1_71' title="bbox 338 4041 1909 4122">
     <span class='ocr_line' id='line_1_71' title="bbox 338 4041 1909 4122; baseline -0.003 -19"><span class='ocrx_word' id='word_1_513' title='bbox 338 4041 450 4103; x_wconf 73' lang='grc' dir='ltr'><strong>νὲν.</strong></span> <span class='ocrx_word' id='word_1_514' title='bbox 514 4051 816 4105; x_wconf 73' lang='grc' dir='ltr'><strong>Ἀναστᾶσα</strong></span> <span class='ocrx_word' id='word_1_515' title='bbox 843 4052 898 4105; x_wconf 83' lang='grc' dir='ltr'><strong>δὲ</strong></span> <span class='ocrx_word' id='word_1_516' title='bbox 932 4051 1123 4105; x_wconf 81' lang='grc' dir='ltr'><strong>θᾶττον</strong></span> <span class='ocrx_word' id='word_1_517' title='bbox 1146 4051 1236 4104; x_wconf 90' lang='grc' dir='ltr'><strong>τοῦ</strong></span> <span class='ocrx_word' id='word_1_518' title='bbox 1272 4050 1594 4122; x_wconf 80' lang='grc' dir='ltr'><strong>σκίμποδος,</strong></span> <span class='ocrx_word' id='word_1_519' title='bbox 1630 4049 1691 4101; x_wconf 81' lang='grc' dir='ltr'><strong>τὺ</strong></span> <span class='ocrx_word' id='word_1_520' title='bbox 1722 4047 1909 4117; x_wconf 83' lang='grc' dir='ltr'><strong>λεχθὲν</strong></span> 
     </span>
    </p>
   </div>
   <div class='ocr_carea' id='block_1_72' title="bbox 340 4136 1909 4212">
    <p class='ocr_par' dir='ltr' id='par_1_72' title="bbox 340 4136 1909 4212">
     <span class='ocr_line' id='line_1_72' title="bbox 340 4136 1909 4212; baseline -0.003 -18"><span class='ocrx_word' id='word_1_521' title='bbox 340 4140 479 4210; x_wconf 77' lang='grc' dir='ltr'><strong>αὐτῇ</strong></span> <span class='ocrx_word' id='word_1_522' title='bbox 506 4140 852 4212; x_wconf 80' lang='grc' dir='ltr'><strong>διεπράξατο,</strong></span> <span class='ocrx_word' id='word_1_523' title='bbox 872 4141 967 4194; x_wconf 73' lang='grc' dir='ltr'><strong>καὶ</strong></span> <span class='ocrx_word' id='word_1_524' title='bbox 992 4141 1164 4212; x_wconf 83' lang='grc' dir='ltr'><strong>βραχὺ</strong></span> <span class='ocrx_word' id='word_1_525' title='bbox 1195 4141 1287 4195; x_wconf 88' lang='grc' dir='ltr'><strong>τοῦ</strong></span> <span class='ocrx_word' id='word_1_526' title='bbox 1312 4141 1524 4211; x_wconf 85' lang='grc' dir='ltr'><strong>μέλιτος</strong></span> <span class='ocrx_word' id='word_1_527' title='bbox 1546 4142 1657 4203; x_wconf 85' lang='grc' dir='ltr'><strong>τοῖς</strong></span> <span class='ocrx_word' id='word_1_528' title='bbox 1676 4138 1778 4191; x_wconf 78' lang='grc' dir='ltr'><strong>ὠσὶ</strong></span> <span class='ocrx_word' id='word_1_529' title='bbox 1814 4136 1909 4190; x_wconf 87' lang='grc' dir='ltr'><strong>τοῦ</strong></span> 
     </span>
    </p>
   </div>
   <div class='ocr_carea' id='block_1_73' title="bbox 343 4230 1905 4303">
    <p class='ocr_par' dir='ltr' id='par_1_73' title="bbox 343 4230 1905 4303">
     <span class='ocr_line' id='line_1_73' title="bbox 343 4230 1905 4303; baseline -0.003 -17"><span class='ocrx_word' id='word_1_530' title='bbox 343 4231 577 4302; x_wconf 78' lang='grc' dir='ltr'><strong>βρέφους</strong></span> <span class='ocrx_word' id='word_1_531' title='bbox 607 4233 866 4301; x_wconf 80' lang='grc' dir='ltr'><strong>ἐγχέασα,</strong></span> <span class='ocrx_word' id='word_1_532' title='bbox 891 4232 1339 4303; x_wconf 82' lang='grc' dir='ltr'><strong>σκωληκόμεστον</strong></span> <span class='ocrx_word' id='word_1_533' title='bbox 1376 4233 1651 4302; x_wconf 80' lang='grc' dir='ltr'><strong>ἀνήγαγεν</strong></span> <span class='ocrx_word' id='word_1_534' title='bbox 1681 4230 1905 4285; x_wconf 63' lang='grc' dir='ltr'><strong>θύλακω</strong></span> 
     </span>
    </p>
   </div>
   <div class='ocr_carea' id='block_1_74' title="bbox 339 4322 1909 4400">
    <p class='ocr_par' dir='ltr' id='par_1_74' title="bbox 339 4322 1909 4400">
     <span class='ocr_line' id='line_1_74' title="bbox 339 4322 1909 4400; baseline -0.004 -21"><span class='ocrx_word' id='word_1_535' title='bbox 339 4326 618 4400; x_wconf 79' lang='grc' dir='ltr'><strong>δακτύλων</strong></span> <span class='ocrx_word' id='word_1_536' title='bbox 644 4325 706 4378; x_wconf 85' lang='grc' dir='ltr'><strong>τὸ</strong></span> <span class='ocrx_word' id='word_1_537' title='bbox 749 4328 922 4396; x_wconf 83' lang='grc' dir='ltr'><strong>μῆκος</strong></span> <span class='ocrx_word' id='word_1_538' title='bbox 954 4326 1247 4396; x_wconf 86' lang='grc' dir='ltr'><strong>τεττάρων,</strong></span> <span class='ocrx_word' id='word_1_539' title='bbox 1289 4324 1381 4376; x_wconf 75' lang='grc' dir='ltr'><strong>καὶ</strong></span> <span class='ocrx_word' id='word_1_540' title='bbox 1419 4323 1617 4387; x_wconf 85' lang='grc' dir='ltr'><strong>πλάτος</strong></span> <span class='ocrx_word' id='word_1_541' title='bbox 1651 4322 1909 4390; x_wconf 85' lang='grc' dir='ltr'><strong>ἀνάλογον</strong></span> 
     </span>
    </p>
   </div>
   <div class='ocr_carea' id='block_1_75' title="bbox 342 4414 1911 4489">
    <p class='ocr_par' dir='ltr' id='par_1_75' title="bbox 342 4414 1911 4489">
     <span class='ocr_line' id='line_1_75' title="bbox 342 4414 1911 4489; baseline -0.004 -17"><span class='ocrx_word' id='word_1_542' title='bbox 342 4418 532 4489; x_wconf 76' lang='grc' dir='ltr'><strong>ἔχοντα</strong></span> <span class='ocrx_word' id='word_1_543' title='bbox 553 4435 567 4449; x_wconf 61' lang='grc' dir='ltr'>ν</span> <span class='ocrx_word' id='word_1_544' title='bbox 596 4419 687 4472; x_wconf 79' lang='grc' dir='ltr'><strong>καὶ</strong></span> <span class='ocrx_word' id='word_1_545' title='bbox 714 4418 903 4470; x_wconf 86' lang='grc' dir='ltr'><strong>τούτου</strong></span> <span class='ocrx_word' id='word_1_546' title='bbox 930 4416 1267 4488; x_wconf 83' lang='grc' dir='ltr'><strong>λυτρωθεῖσα</strong></span> <span class='ocrx_word' id='word_1_547' title='bbox 1294 4416 1633 4486; x_wconf 81' lang='grc' dir='ltr'><strong>παραχρῆμα</strong></span> <span class='ocrx_word' id='word_1_548' title='bbox 1650 4414 1710 4468; x_wconf 84' lang='grc' dir='ltr'><strong>τὺ</strong></span> <span class='ocrx_word' id='word_1_549' title='bbox 1728 4415 1911 4484; x_wconf 87' lang='grc' dir='ltr'><strong>κόριον</strong></span> 
     </span>
    </p>
   </div>
   <div class='ocr_carea' id='block_1_76' title="bbox 340 4507 1912 4581">
    <p class='ocr_par' dir='ltr' id='par_1_76' title="bbox 340 4507 1912 4581">
     <span class='ocr_line' id='line_1_76' title="bbox 340 4507 1912 4581; baseline -0.004 -17"><span class='ocrx_word' id='word_1_550' title='bbox 340 4507 513 4581; x_wconf 75' lang='grc' dir='ltr'><strong>οὕπερ</strong></span> <span class='ocrx_word' id='word_1_551' title='bbox 558 4510 694 4580; x_wconf 79' lang='grc' dir='ltr'><strong>αὐτῇ</strong></span> <span class='ocrx_word' id='word_1_552' title='bbox 744 4508 849 4562; x_wconf 83' lang='grc' dir='ltr'><strong>τῶν</strong></span> <span class='ocrx_word' id='word_1_553' title='bbox 892 4509 1198 4579; x_wconf 82' lang='grc' dir='ltr'><strong>ἀλγηδόνων</strong></span> <span class='ocrx_word' id='word_1_554' title='bbox 1239 4510 1459 4577; x_wconf 84' lang='grc' dir='ltr'><strong>ταμεῖον</strong></span> <span class='ocrx_word' id='word_1_555' title='bbox 1515 4508 1757 4575; x_wconf 86' lang='grc' dir='ltr'><strong>ἐγένετο·</strong></span> <span class='ocrx_word' id='word_1_556' title='bbox 1818 4507 1912 4559; x_wconf 72' lang='grc' dir='ltr'><strong>καὶ</strong></span> 
     </span>
    </p>
   </div>
   <div class='ocr_carea' id='block_1_77' title="bbox 341 4597 1910 4670">
    <p class='ocr_par' dir='ltr' id='par_1_77' title="bbox 341 4597 1910 4670">
     <span class='ocr_line' id='line_1_77' title="bbox 341 4597 1910 4670; baseline -0.002 -17"><span class='ocrx_word' id='word_1_557' title='bbox 341 4600 448 4653; x_wconf 90' lang='grc' dir='ltr'><strong>τῶν</strong></span> <span class='ocrx_word' id='word_1_558' title='bbox 478 4601 766 4669; x_wconf 82' lang='grc' dir='ltr'><strong>ἁπλήστων</strong></span> <span class='ocrx_word' id='word_1_559' title='bbox 789 4600 1121 4670; x_wconf 80' lang='grc' dir='ltr'><strong>τικτομένων</strong></span> <span class='ocrx_word' id='word_1_560' title='bbox 1151 4598 1339 4651; x_wconf 84' lang='grc' dir='ltr'><strong>δεινῶν</strong></span> <span class='ocrx_word' id='word_1_561' title='bbox 1402 4597 1687 4669; x_wconf 86' lang='grc' dir='ltr'><strong>ἐλυτροῦτο</strong></span> <span class='ocrx_word' id='word_1_562' title='bbox 1751 4597 1910 4650; x_wconf 86' lang='grc' dir='ltr'><strong>κολά-</strong></span> 
     </span>
    </p>
   </div>
   <div class='ocr_carea' id='block_1_78' title="bbox 345 4708 501 4746">
    <p class='ocr_par' dir='ltr' id='par_1_78' title="bbox 345 4708 501 4746">
     <span class='ocr_line' id='line_1_78' title="bbox 345 4708 501 4746; baseline 0.013 -2"><span class='ocrx_word' id='word_1_563' title='bbox 345 4708 501 4746; x_wconf 90' lang='grc' dir='ltr'><strong>σεων.</strong></span> 
     </span>
    </p>
   </div>
   <div class='ocr_carea' id='block_1_79' title="bbox 413 4869 1910 4945">
    <p class='ocr_par' dir='ltr' id='par_1_79' title="bbox 413 4869 1910 4945">
     <span class='ocr_line' id='line_1_79' title="bbox 413 4869 1910 4945; baseline -0.002 -18"><span class='ocrx_word' id='word_1_564' title='bbox 413 4874 522 4927; x_wconf 67' lang='grc' dir='ltr'><strong>Καὶ</strong></span> <span class='ocrx_word' id='word_1_565' title='bbox 555 4871 779 4945; x_wconf 74' lang='grc' dir='ltr'><strong>Μαροῦν</strong></span> <span class='ocrx_word' id='word_1_566' title='bbox 812 4872 910 4941; x_wconf 78' lang='grc' dir='ltr'><strong>μὲν</strong></span> <span class='ocrx_word' id='word_1_567' title='bbox 953 4871 1124 4934; x_wconf 88' lang='grc' dir='ltr'><strong>οὕτως</strong></span> <span class='ocrx_word' id='word_1_568' title='bbox 1156 4871 1205 4923; x_wconf 88' lang='grc' dir='ltr'><strong>οἰ</strong></span> <span class='ocrx_word' id='word_1_569' title='bbox 1240 4870 1516 4942; x_wconf 84' lang='grc' dir='ltr'><strong>μάτρυρες</strong></span> <span class='ocrx_word' id='word_1_570' title='bbox 1559 4869 1734 4941; x_wconf 85' lang='grc' dir='ltr'><strong>μέλιτι</strong></span> <span class='ocrx_word' id='word_1_571' title='bbox 1769 4870 1910 4942; x_wconf 78' lang='grc' dir='ltr'><strong>ψιλῷ</strong></span> 
     </span>
    </p>
   </div>
   <div class='ocr_carea' id='block_1_80' title="bbox 291 4961 1909 5040">
    <p class='ocr_par' dir='ltr' id='par_1_80' title="bbox 291 4961 1909 5040">
     <span class='ocr_line' id='line_1_80' title="bbox 291 4961 1909 5040; baseline -0.001 -25"><span class='ocrx_word' id='word_1_572' title='bbox 291 5030 297 5035; x_wconf 25' lang='grc' dir='ltr'><strong><em>η</em></strong></span> <span class='ocrx_word' id='word_1_573' title='bbox 344 4963 736 5036; x_wconf 84' lang='grc' dir='ltr'><strong>θεραπεύουσιν</strong></span> <span class='ocrx_word' id='word_1_574' title='bbox 759 4980 772 4994; x_wconf 75' lang='grc' dir='ltr'><strong>ο</strong></span> <span class='ocrx_word' id='word_1_575' title='bbox 800 4963 924 5017; x_wconf 79' lang='grc' dir='ltr'><strong>ἄλλο</strong></span> <span class='ocrx_word' id='word_1_576' title='bbox 948 4963 1005 5014; x_wconf 81' lang='grc' dir='ltr'><strong>δὲ</strong></span> <span class='ocrx_word' id='word_1_577' title='bbox 1051 4962 1271 5031; x_wconf 90' lang='grc' dir='ltr'><strong>γύναιον</strong></span> <span class='ocrx_word' id='word_1_578' title='bbox 1292 4961 1512 5040; x_wconf 72' lang='grc' dir='ltr'><strong>εὐσεϐὲς</strong></span> <span class='ocrx_word' id='word_1_579' title='bbox 1538 4961 1631 5013; x_wconf 60' lang='grc' dir='ltr'><strong>καὶ⁵</strong></span> <span class='ocrx_word' id='word_1_580' title='bbox 1667 4961 1909 5031; x_wconf 82' lang='grc' dir='ltr'><strong>φιλόχρι-</strong></span> 
     </span>
    </p>
   </div>
   <div class='ocr_carea' id='block_1_81' title="bbox 343 5052 1911 5126">
    <p class='ocr_par' dir='ltr' id='par_1_81' title="bbox 343 5052 1911 5126">
     <span class='ocr_line' id='line_1_81' title="bbox 343 5052 1911 5126; baseline -0.001 -19"><span class='ocrx_word' id='word_1_581' title='bbox 343 5071 489 5116; x_wconf 83' lang='grc' dir='ltr'><strong>στον,</strong></span> <span class='ocrx_word' id='word_1_582' title='bbox 512 5054 729 5126; x_wconf 87' lang='grc' dir='ltr'><strong>Μαρίαν</strong></span> <span class='ocrx_word' id='word_1_583' title='bbox 756 5055 857 5125; x_wconf 83' lang='grc' dir='ltr'><strong>μὲν</strong></span> <span class='ocrx_word' id='word_1_584' title='bbox 881 5054 1182 5124; x_wconf 83' lang='grc' dir='ltr'><strong>ὁμωνύμως</strong></span> <span class='ocrx_word' id='word_1_585' title='bbox 1207 5052 1511 5107; x_wconf 81' lang='grc' dir='ltr'><strong>ἀκούουσαν</strong></span> <span class='ocrx_word' id='word_1_586' title='bbox 1533 5054 1779 5124; x_wconf 90' lang='grc' dir='ltr'><strong>(Μαροῦν</strong></span> <span class='ocrx_word' id='word_1_587' title='bbox 1802 5056 1911 5122; x_wconf 86' lang='grc' dir='ltr'><strong>γὰρ</strong></span> 
     </span>
    </p>
   </div>
   <div class='ocr_carea' id='block_1_82' title="bbox 343 5144 1909 5217">
    <p class='ocr_par' dir='ltr' id='par_1_82' title="bbox 343 5144 1909 5217">
     <span class='ocr_line' id='line_1_82' title="bbox 343 5144 1909 5217; baseline -0.002 -17"><span class='ocrx_word' id='word_1_588' title='bbox 343 5147 405 5200; x_wconf 79' lang='grc' dir='ltr'><strong>τὸ</strong></span> <span class='ocrx_word' id='word_1_589' title='bbox 470 5147 653 5217; x_wconf 88' lang='grc' dir='ltr'><strong>κόριον</strong></span> <span class='ocrx_word' id='word_1_590' title='bbox 728 5146 910 5214; x_wconf 75' lang='grc' dir='ltr'><strong>ἔλεγον</strong></span> <span class='ocrx_word' id='word_1_591' title='bbox 965 5146 1023 5199; x_wconf 71' lang='grc' dir='ltr'><strong>τὸ</strong></span> <span class='ocrx_word' id='word_1_592' title='bbox 1073 5147 1170 5216; x_wconf 81' lang='grc' dir='ltr'><strong>τῆς</strong></span> <span class='ocrx_word' id='word_1_593' title='bbox 1226 5144 1442 5215; x_wconf 76' lang='grc' dir='ltr'><strong>Μαρίας</strong></span> <span class='ocrx_word' id='word_1_594' title='bbox 1492 5144 1909 5215; x_wconf 78' lang='grc' dir='ltr'><strong>ὑποκορίζοντες</strong></span> 
     </span>
    </p>
   </div>
   <div class='ocr_carea' id='block_1_83' title="bbox 342 5236 1913 5311">
    <p class='ocr_par' dir='ltr' id='par_1_83' title="bbox 342 5236 1913 5311">
     <span class='ocr_line' id='line_1_83' title="bbox 342 5236 1913 5311; baseline 0 -20"><span class='ocrx_word' id='word_1_595' title='bbox 342 5236 555 5309; x_wconf 72' lang='grc' dir='ltr'><strong>ὄνομα),</strong></span> <span class='ocrx_word' id='word_1_596' title='bbox 595 5236 710 5291; x_wconf 78' lang='grc' dir='ltr'><strong>ἀλλ’</strong></span> <span class='ocrx_word' id='word_1_597' title='bbox 741 5239 801 5291; x_wconf 86' lang='grc' dir='ltr'><strong>οὐ</strong></span> <span class='ocrx_word' id='word_1_598' title='bbox 837 5237 1133 5308; x_wconf 85' lang='grc' dir='ltr'><strong>σύγχρονον</strong></span> <span class='ocrx_word' id='word_1_599' title='bbox 1161 5239 1281 5292; x_wconf 79' lang='grc' dir='ltr'><strong>οὐδὲ</strong></span> <span class='ocrx_word' id='word_1_600' title='bbox 1302 5238 1568 5311; x_wconf 76' lang='grc' dir='ltr'><strong>όμήλικα¹</strong></span> <span class='ocrx_word' id='word_1_601' title='bbox 1611 5239 1704 5290; x_wconf 76' lang='grc' dir='ltr'><strong>καὶ</strong></span> <span class='ocrx_word' id='word_1_602' title='bbox 1742 5236 1913 5301; x_wconf 85' lang='grc' dir='ltr'><strong>πάθος</strong></span> 
     </span>
    </p>
   </div>
   <div class='ocr_carea' id='block_1_84' title="bbox 348 5328 1912 5400">
    <p class='ocr_par' dir='ltr' id='par_1_84' title="bbox 348 5328 1912 5400">
     <span class='ocr_line' id='line_1_84' title="bbox 348 5328 1912 5400; baseline 0 -19"><span class='ocrx_word' id='word_1_603' title='bbox 348 5329 447 5400; x_wconf 74' lang='grc' dir='ltr'><strong>μὲν</strong></span> <span class='ocrx_word' id='word_1_604' title='bbox 472 5331 655 5396; x_wconf 81' lang='grc' dir='ltr'><strong>ὅμοιον</strong></span> <span class='ocrx_word' id='word_1_605' title='bbox 690 5329 938 5399; x_wconf 75' lang='grc' dir='ltr'><strong>ἔχουσαν,</strong></span> <span class='ocrx_word' id='word_1_606' title='bbox 972 5330 1068 5381; x_wconf 86' lang='grc' dir='ltr'><strong>ἀπ’</strong></span> <span class='ocrx_word' id='word_1_607' title='bbox 1106 5329 1266 5383; x_wconf 75' lang='grc' dir='ltr'><strong>ἄλλου</strong></span> <span class='ocrx_word' id='word_1_608' title='bbox 1293 5328 1348 5383; x_wconf 86' lang='grc' dir='ltr'><strong>δέ</strong></span> <span class='ocrx_word' id='word_1_609' title='bbox 1376 5328 1535 5381; x_wconf 88' lang='grc' dir='ltr'><strong>τοῦτο</strong></span> <span class='ocrx_word' id='word_1_610' title='bbox 1564 5329 1912 5398; x_wconf 83' lang='grc' dir='ltr'><strong>συμπτώμα-</strong></span> 
     </span>
    </p>
   </div>
   <div class='ocr_carea' id='block_1_85' title="bbox 344 5418 1912 5491">
    <p class='ocr_par' dir='ltr' id='par_1_85' title="bbox 344 5418 1912 5491">
     <span class='ocr_line' id='line_1_85' title="bbox 344 5418 1912 5491; baseline -0.001 -18"><span class='ocrx_word' id='word_1_611' title='bbox 344 5436 459 5485; x_wconf 84' lang='grc' dir='ltr'><strong>τος,</strong></span> <span class='ocrx_word' id='word_1_612' title='bbox 494 5419 631 5489; x_wconf 82' lang='grc' dir='ltr'><strong>μετὰ</strong></span> <span class='ocrx_word' id='word_1_613' title='bbox 674 5419 886 5472; x_wconf 84' lang='grc' dir='ltr'><strong>πολλῶν</strong></span> <span class='ocrx_word' id='word_1_614' title='bbox 933 5421 1131 5488; x_wconf 84' lang='grc' dir='ltr'><strong>ἰατρῶν</strong></span> <span class='ocrx_word' id='word_1_615' title='bbox 1172 5424 1370 5489; x_wconf 88' lang='grc' dir='ltr'><strong>πεῖραν</strong></span> <span class='ocrx_word' id='word_1_616' title='bbox 1406 5419 1685 5491; x_wconf 80' lang='grc' dir='ltr'><strong>ἀνόνητον,</strong></span> <span class='ocrx_word' id='word_1_617' title='bbox 1734 5421 1813 5482; x_wconf 90' lang='grc' dir='ltr'><strong>εἰς</strong></span> <span class='ocrx_word' id='word_1_618' title='bbox 1851 5418 1912 5472; x_wconf 88' lang='grc' dir='ltr'><strong>τὸ</strong></span> 
     </span>
    </p>
   </div>
   <div class='ocr_carea' id='block_1_86' title="bbox 349 5498 1913 5583">
    <p class='ocr_par' dir='ltr' id='par_1_86' title="bbox 349 5498 1913 5583">
     <span class='ocr_line' id='line_1_86' title="bbox 349 5498 1913 5583; baseline 0 -18"><span class='ocrx_word' id='word_1_619' title='bbox 349 5510 541 5565; x_wconf 76' lang='grc' dir='ltr'><strong>σεπτὸν</strong></span> <span class='ocrx_word' id='word_1_620' title='bbox 571 5513 750 5566; x_wconf 68' lang='grc' dir='ltr'><strong>αὐτῶν</strong></span> <span class='ocrx_word' id='word_1_621' title='bbox 793 5498 1052 5565; x_wconf 75' lang='grc' dir='ltr'><strong>ἐλθοῦσαν</strong></span> <span class='ocrx_word' id='word_1_622' title='bbox 1088 5513 1406 5583; x_wconf 86' lang='grc' dir='ltr'><strong>μαρτύριον,</strong></span> <span class='ocrx_word' id='word_1_623' title='bbox 1438 5515 1662 5583; x_wconf 81' lang='grc' dir='ltr'><strong>κηρωτῇ</strong></span> <span class='ocrx_word' id='word_1_624' title='bbox 1707 5514 1802 5565; x_wconf 72' lang='grc' dir='ltr'><strong>καὶ</strong></span> <span class='ocrx_word' id='word_1_625' title='bbox 1829 5529 1913 5566; x_wconf 79' lang='lat' dir='ltr'><strong>au-</strong></span> 
     </span>
    </p>
   </div>
   <div class='ocr_carea' id='block_1_87' title="bbox 350 5601 1913 5681">
    <p class='ocr_par' dir='ltr' id='par_1_87' title="bbox 350 5601 1913 5670">
     <span class='ocr_line' id='line_1_87' title="bbox 350 5601 1913 5670; baseline 0.002 -17"><span class='ocrx_word' id='word_1_626' title='bbox 350 5601 598 5670; x_wconf 81' lang='grc' dir='ltr'><strong>καμίνοις</strong></span> <span class='ocrx_word' id='word_1_627' title='bbox 633 5603 937 5670; x_wconf 80' lang='grc' dir='ltr'><strong>ἐξιάσαντο,</strong></span> <span class='ocrx_word' id='word_1_628' title='bbox 980 5604 1152 5658; x_wconf 85' lang='grc' dir='ltr'><strong>ταῦτα</strong></span> <span class='ocrx_word' id='word_1_629' title='bbox 1179 5604 1299 5656; x_wconf 82' lang='grc' dir='ltr'><strong>καθ’</strong></span> <span class='ocrx_word' id='word_1_630' title='bbox 1332 5604 1534 5667; x_wconf 86' lang='grc' dir='ltr'><strong>ὕπνους</strong></span> <span class='ocrx_word' id='word_1_631' title='bbox 1569 5604 1765 5659; x_wconf 84' lang='grc' dir='ltr'><strong>ἐνῶσαι</strong></span> <span class='ocrx_word' id='word_1_632' title='bbox 1793 5607 1913 5668; x_wconf 82' lang='grc' dir='ltr'><strong>ταῖς</strong></span> 
     </span>
    </p>
   </div>
   <div class='ocr_carea' id='block_1_88' title="bbox 422 5714 1432 5786">
    <p class='ocr_par' dir='ltr' id='par_1_88' title="bbox 422 5714 1432 5786">
     <span class='ocr_line' id='line_1_88' title="bbox 422 5714 1432 5786; baseline 0.006 -21"><span class='ocrx_word' id='word_1_633' title='bbox 422 5717 497 5782; x_wconf 83' lang='lat' dir='ltr'><strong>(a)</strong></span> <span class='ocrx_word' id='word_1_634' title='bbox 531 5714 620 5770; x_wconf 76' lang='lat' dir='ltr'><strong>Est</strong></span> <span class='ocrx_word' id='word_1_635' title='bbox 652 5715 852 5785; x_wconf 88' lang='lat' dir='ltr'><strong>aliquid</strong></span> <span class='ocrx_word' id='word_1_636' title='bbox 882 5716 1111 5786; x_wconf 72' lang='lat' dir='ltr'><strong>amplius</strong></span> <span class='ocrx_word' id='word_1_637' title='bbox 1145 5716 1197 5769; x_wconf 93' lang='lat' dir='ltr'><strong>in</strong></span> <span class='ocrx_word' id='word_1_638' title='bbox 1224 5715 1432 5771; x_wconf 84' lang='lat' dir='ltr'><strong>Latino.</strong></span> 
     </span>
    </p>
   </div>
   <div class='ocr_carea' id='block_1_89' title="bbox 958 5874 977 5903">
    <p class='ocr_par' dir='ltr' id='par_1_89' title="bbox 958 5874 977 5903">
     <span class='ocr_line' id='line_1_89' title="bbox 958 5874 977 5903; baseline 0 0"><span class='ocrx_word' id='word_1_639' title='bbox 958 5874 977 5903; x_wconf 81' lang='grc' dir='ltr'><em>Ι</em></span> 
     </span>
    </p>
   </div>
   <div class='ocr_carea' id='block_1_90' title="bbox 1937 4290 1986 4347">
    <p class='ocr_par' dir='ltr' id='par_1_90' title="bbox 1937 4290 1986 4347">
     <span class='ocr_line' id='line_1_90' title="bbox 1937 4290 1986 4347; baseline 0 0"><span class='ocrx_word' id='word_1_640' title='bbox 1937 4290 1986 4347; x_wconf 91' lang='lat' dir='ltr'><strong>D</strong></span> 
     </span>
    </p>
   </div>
   <div class='ocr_carea' id='block_1_91' title="bbox 2011 3052 3588 3124">
    <p class='ocr_par' dir='ltr' id='par_1_91' title="bbox 2011 3052 3588 3124">
     <span class='ocr_line' id='line_1_91' title="bbox 2011 3052 3588 3124; baseline 0.001 -17"><span class='ocrx_word' id='word_1_641' title='bbox 2011 3052 2229 3107; x_wconf 85' lang='lat' dir='ltr'><strong>medici.</strong></span> <span class='ocrx_word' id='word_1_642' title='bbox 2268 3052 2347 3104; x_wconf 83' lang='lat' dir='ltr'><strong>Att</strong></span> <span class='ocrx_word' id='word_1_643' title='bbox 2400 3068 2562 3121; x_wconf 89' lang='lat' dir='ltr'><strong>quam</strong></span> <span class='ocrx_word' id='word_1_644' title='bbox 2615 3061 2841 3108; x_wconf 87' lang='lat' dir='ltr'><strong>sanctus</strong></span> <span class='ocrx_word' id='word_1_645' title='bbox 2871 3053 2964 3123; x_wconf 88' lang='lat' dir='ltr'><strong>qtti</strong></span> <span class='ocrx_word' id='word_1_646' title='bbox 3017 3055 3175 3124; x_wconf 88' lang='lat' dir='ltr'><strong>quasi</strong></span> <span class='ocrx_word' id='word_1_647' title='bbox 3202 3069 3366 3124; x_wconf 83' lang='lat' dir='ltr'><strong>super</strong></span> <span class='ocrx_word' id='word_1_648' title='bbox 3392 3056 3588 3110; x_wconf 88' lang='lat' dir='ltr'><strong>solium</strong></span> 
     </span>
    </p>
   </div>
   <div class='ocr_carea' id='block_1_92' title="bbox 2009 3143 3589 3212">
    <p class='ocr_par' dir='ltr' id='par_1_92' title="bbox 2009 3143 3589 3212">
     <span class='ocr_line' id='line_1_92' title="bbox 2009 3143 3589 3212; baseline 0.001 -13"><span class='ocrx_word' id='word_1_649' title='bbox 2009 3144 2231 3200; x_wconf 88' lang='lat' dir='ltr'><strong>sedebat</strong></span> <span class='ocrx_word' id='word_1_650' title='bbox 2277 3143 2474 3199; x_wconf 78' lang='lat' dir='ltr'><strong>alfatns</strong></span> <span class='ocrx_word' id='word_1_651' title='bbox 2511 3152 2593 3199; x_wconf 90' lang='lat' dir='ltr'><strong>est</strong></span> <span class='ocrx_word' id='word_1_652' title='bbox 2630 3162 2643 3198; x_wconf 92' lang='lat'><strong>:</strong></span> <span class='ocrx_word' id='word_1_653' title='bbox 2685 3143 2856 3210; x_wconf 85' lang='lat' dir='ltr'><strong>Quam</strong></span> <span class='ocrx_word' id='word_1_654' title='bbox 2882 3146 2952 3200; x_wconf 88' lang='lat' dir='ltr'><strong>ob</strong></span> <span class='ocrx_word' id='word_1_655' title='bbox 2990 3161 3125 3210; x_wconf 87' lang='lat' dir='ltr'><strong>rem,</strong></span> <span class='ocrx_word' id='word_1_656' title='bbox 3152 3160 3185 3200; x_wconf 89' lang='grc' dir='ltr'><strong>ο</strong></span> <span class='ocrx_word' id='word_1_657' title='bbox 3235 3147 3451 3212; x_wconf 90' lang='lat' dir='ltr'><strong>mulier,</strong></span> <span class='ocrx_word' id='word_1_658' title='bbox 3484 3147 3589 3201; x_wconf 92' lang='lat' dir='ltr'><strong>huc</strong></span> 
     </span>
    </p>
   </div>
   <div class='ocr_carea' id='block_1_93' title="bbox 2009 3233 3588 3305">
    <p class='ocr_par' dir='ltr' id='par_1_93' title="bbox 2009 3233 3588 3305">
     <span class='ocr_line' id='line_1_93' title="bbox 2009 3233 3588 3305; baseline 0.003 -17"><span class='ocrx_word' id='word_1_659' title='bbox 2009 3233 2278 3288; x_wconf 87' lang='lat' dir='ltr'><strong>advenisti</strong></span> <span class='ocrx_word' id='word_1_660' title='bbox 2308 3235 2331 3287; x_wconf 70' lang='grc' dir='ltr'><strong>ἰ</strong></span> <span class='ocrx_word' id='word_1_661' title='bbox 2384 3233 2475 3287; x_wconf 90' lang='lat' dir='ltr'><strong>illa</strong></span> <span class='ocrx_word' id='word_1_662' title='bbox 2527 3250 2654 3289; x_wconf 91' lang='lat' dir='ltr'><strong>vero</strong></span> <span class='ocrx_word' id='word_1_663' title='bbox 2700 3235 2981 3305; x_wconf 89' lang='lat' dir='ltr'><strong>respondit</strong></span> <span class='ocrx_word' id='word_1_664' title='bbox 3015 3254 3029 3292; x_wconf 91' lang='lat'><strong>:</strong></span> <span class='ocrx_word' id='word_1_665' title='bbox 3059 3234 3358 3292; x_wconf 87' lang='lat' dir='ltr'><strong>Stationem</strong></span> <span class='ocrx_word' id='word_1_666' title='bbox 3394 3237 3588 3293; x_wconf 56' lang='lat' dir='ltr'><strong>medici</strong></span> 
     </span>
    </p>
   </div>
   <div class='ocr_carea' id='block_1_94' title="bbox 2007 3325 3584 3396">
    <p class='ocr_par' dir='ltr' id='par_1_94' title="bbox 2007 3325 3584 3396">
     <span class='ocr_line' id='line_1_94' title="bbox 2007 3325 3584 3396; baseline 0.004 -18"><span class='ocrx_word' id='word_1_667' title='bbox 2007 3340 2279 3394; x_wconf 70' lang='lat' dir='ltr'><strong>quaerens,</strong></span> <span class='ocrx_word' id='word_1_668' title='bbox 2305 3325 2616 3394; x_wconf 87' lang='lat' dir='ltr'><strong>hnjnsmodi</strong></span> <span class='ocrx_word' id='word_1_669' title='bbox 2637 3341 2737 3396; x_wconf 82' lang='lat' dir='ltr'><strong>ego</strong></span> <span class='ocrx_word' id='word_1_670' title='bbox 2756 3328 3016 3383; x_wconf 88' lang='lat' dir='ltr'><strong>arbitrata</strong></span> <span class='ocrx_word' id='word_1_671' title='bbox 3041 3343 3162 3383; x_wconf 89' lang='lat' dir='ltr'><strong>sum</strong></span> <span class='ocrx_word' id='word_1_672' title='bbox 3190 3329 3584 3384; x_wconf 85' lang='lat' dir='ltr'><strong>habitaculum.</strong></span> 
     </span>
    </p>
   </div>
   <div class='ocr_carea' id='block_1_95' title="bbox 2010 3417 3586 3486">
    <p class='ocr_par' dir='ltr' id='par_1_95' title="bbox 2010 3417 3586 3486">
     <span class='ocr_line' id='line_1_95' title="bbox 2010 3417 3586 3486; baseline -0.001 -14"><span class='ocrx_word' id='word_1_673' title='bbox 2010 3417 2115 3473; x_wconf 89' lang='lat' dir='ltr'><strong>Sed</strong></span> <span class='ocrx_word' id='word_1_674' title='bbox 2147 3418 2222 3472; x_wconf 88' lang='lat' dir='ltr'><strong>nil</strong></span> <span class='ocrx_word' id='word_1_675' title='bbox 2244 3418 2380 3472; x_wconf 90' lang='lat' dir='ltr'><strong>ineo</strong></span> <span class='ocrx_word' id='word_1_676' title='bbox 2408 3432 2553 3480; x_wconf 90' lang='lat' dir='ltr'><strong>esse,</strong></span> <span class='ocrx_word' id='word_1_677' title='bbox 2579 3433 2700 3486; x_wconf 67' lang='lat' dir='ltr'><strong>quae</strong></span> <span class='ocrx_word' id='word_1_678' title='bbox 2726 3418 2780 3472; x_wconf 91' lang='lat' dir='ltr'><strong>in</strong></span> <span class='ocrx_word' id='word_1_679' title='bbox 2820 3418 3153 3475; x_wconf 84' lang='lat' dir='ltr'><strong>stationibus</strong></span> <span class='ocrx_word' id='word_1_680' title='bbox 3182 3419 3249 3473; x_wconf 91' lang='lat' dir='ltr'><strong>ad</strong></span> <span class='ocrx_word' id='word_1_681' title='bbox 3284 3420 3586 3474; x_wconf 88' lang='lat' dir='ltr'><strong>curandum</strong></span> 
     </span>
    </p>
   </div>
   <div class='ocr_carea' id='block_1_96' title="bbox 2009 3509 3587 3580">
    <p class='ocr_par' dir='ltr' id='par_1_96' title="bbox 2009 3509 3587 3580">
     <span class='ocr_line' id='line_1_96' title="bbox 2009 3509 3587 3580; baseline 0.001 -18"><span class='ocrx_word' id='word_1_682' title='bbox 2009 3517 2405 3579; x_wconf 66' lang='lat' dir='ltr'><strong>praeparantur,</strong></span> <span class='ocrx_word' id='word_1_683' title='bbox 2433 3509 2735 3579; x_wconf 84' lang='lat' dir='ltr'><strong>conspicio,</strong></span> <span class='ocrx_word' id='word_1_684' title='bbox 2770 3525 2948 3580; x_wconf 74' lang='lat' dir='ltr'><strong>neque</strong></span> <span class='ocrx_word' id='word_1_685' title='bbox 2984 3511 3134 3564; x_wconf 87' lang='lat' dir='ltr'><strong>intus</strong></span> <span class='ocrx_word' id='word_1_686' title='bbox 3159 3511 3352 3565; x_wconf 88' lang='lat' dir='ltr'><strong>horum</strong></span> <span class='ocrx_word' id='word_1_687' title='bbox 3384 3511 3587 3580; x_wconf 77' lang='lat' dir='ltr'><strong>aliquid</strong></span> 
     </span>
    </p>
   </div>
   <div class='ocr_carea' id='block_1_97' title="bbox 2008 3597 3587 3668">
    <p class='ocr_par' dir='ltr' id='par_1_97' title="bbox 2008 3597 3587 3668">
     <span class='ocr_line' id='line_1_97' title="bbox 2008 3597 3587 3668; baseline -0.001 -17"><span class='ocrx_word' id='word_1_688' title='bbox 2008 3607 2158 3652; x_wconf 88' lang='lat' dir='ltr'><strong>tuttnt</strong></span> <span class='ocrx_word' id='word_1_689' title='bbox 2179 3599 2341 3653; x_wconf 84' lang='lat' dir='ltr'><strong>habet</strong></span> <span class='ocrx_word' id='word_1_690' title='bbox 2369 3597 2689 3652; x_wconf 89' lang='lat' dir='ltr'><strong>armarium.</strong></span> <span class='ocrx_word' id='word_1_691' title='bbox 2728 3598 2807 3650; x_wconf 82' lang='lat' dir='ltr'><strong>Ad</strong></span> <span class='ocrx_word' id='word_1_692' title='bbox 2831 3612 2993 3668; x_wconf 88' lang='lat' dir='ltr'><strong>quam</strong></span> <span class='ocrx_word' id='word_1_693' title='bbox 3018 3598 3127 3663; x_wconf 89' lang='lat' dir='ltr'><strong>ille,</strong></span> <span class='ocrx_word' id='word_1_694' title='bbox 3161 3598 3452 3661; x_wconf 86' lang='lat' dir='ltr'><strong>Accurate,</strong></span> <span class='ocrx_word' id='word_1_695' title='bbox 3489 3600 3587 3659; x_wconf 84' lang='lat' dir='ltr'><strong>ait,</strong></span> 
     </span>
    </p>
   </div>
   <div class='ocr_carea' id='block_1_98' title="bbox 2008 3687 3589 3757">
    <p class='ocr_par' dir='ltr' id='par_1_98' title="bbox 2008 3687 3589 3757">
     <span class='ocr_line' id='line_1_98' title="bbox 2008 3687 3589 3757; baseline 0.001 -15"><span class='ocrx_word' id='word_1_696' title='bbox 2008 3688 2245 3757; x_wconf 81' lang='lat' dir='ltr'><strong>inquire,-</strong></span> <span class='ocrx_word' id='word_1_697' title='bbox 2272 3699 2323 3741; x_wconf 87' lang='lat' dir='ltr'><strong>et</strong></span> <span class='ocrx_word' id='word_1_698' title='bbox 2347 3687 2611 3757; x_wconf 78' lang='lat' dir='ltr'><strong>quidquid</strong></span> <span class='ocrx_word' id='word_1_699' title='bbox 2644 3688 2940 3753; x_wconf 87' lang='lat' dir='ltr'><strong>inveneris,</strong></span> <span class='ocrx_word' id='word_1_700' title='bbox 2972 3688 3027 3742; x_wconf 91' lang='lat' dir='ltr'><strong>in</strong></span> <span class='ocrx_word' id='word_1_701' title='bbox 3081 3689 3305 3744; x_wconf 89' lang='lat' dir='ltr'><strong>auribus</strong></span> <span class='ocrx_word' id='word_1_702' title='bbox 3352 3690 3589 3744; x_wconf 87' lang='lat' dir='ltr'><strong>dolentis</strong></span> 
     </span>
    </p>
   </div>
   <div class='ocr_carea' id='block_1_99' title="bbox 2009 3776 3587 3842">
    <p class='ocr_par' dir='ltr' id='par_1_99' title="bbox 2009 3776 3587 3842">
     <span class='ocr_line' id='line_1_99' title="bbox 2009 3776 3587 3842; baseline 0.001 -11"><span class='ocrx_word' id='word_1_703' title='bbox 2009 3777 2267 3842; x_wconf 89' lang='lat' dir='ltr'><strong>immitte,</strong></span> <span class='ocrx_word' id='word_1_704' title='bbox 2295 3786 2349 3833; x_wconf 90' lang='lat' dir='ltr'><strong>et</strong></span> <span class='ocrx_word' id='word_1_705' title='bbox 2402 3778 2562 3833; x_wconf 81' lang='lat' dir='ltr'><strong>liliola</strong></span> <span class='ocrx_word' id='word_1_706' title='bbox 2603 3785 2694 3831; x_wconf 91' lang='lat' dir='ltr'><strong>tua</strong></span> <span class='ocrx_word' id='word_1_707' title='bbox 2747 3778 3052 3833; x_wconf 89' lang='lat' dir='ltr'><strong>curabitur.</strong></span> <span class='ocrx_word' id='word_1_708' title='bbox 3088 3776 3181 3833; x_wconf 90' lang='lat' dir='ltr'><strong>Illa</strong></span> <span class='ocrx_word' id='word_1_709' title='bbox 3216 3787 3396 3833; x_wconf 87' lang='lat' dir='ltr'><strong>autem</strong></span> <span class='ocrx_word' id='word_1_710' title='bbox 3420 3788 3587 3834; x_wconf 89' lang='lat' dir='ltr'><strong>totam</strong></span> 
     </span>
    </p>
   </div>
   <div class='ocr_carea' id='block_1_100' title="bbox 2008 3866 3586 3949">
    <p class='ocr_par' dir='ltr' id='par_1_100' title="bbox 2008 3866 3586 3949">
     <span class='ocr_line' id='line_1_100' title="bbox 2008 3866 3586 3949; baseline 0.001 -30"><span class='ocrx_word' id='word_1_711' title='bbox 2008 3868 2228 3922; x_wconf 87' lang='lat' dir='ltr'><strong>domum</strong></span> <span class='ocrx_word' id='word_1_712' title='bbox 2265 3869 2621 3928; x_wconf 87' lang='lat' dir='ltr'><strong>circumiens.</strong></span> <span class='ocrx_word' id='word_1_713' title='bbox 2658 3866 2951 3949; x_wconf 72' lang='lat' dir='ltr'><strong>fenestram</strong></span> <span class='ocrx_word' id='word_1_714' title='bbox 2991 3868 3263 3922; x_wconf 86' lang='lat' dir='ltr'><strong>modicam</strong></span> <span class='ocrx_word' id='word_1_715' title='bbox 3295 3869 3586 3938; x_wconf 81' lang='lat' dir='ltr'><strong>conspicit,</strong></span> 
     </span>
    </p>
   </div>
   <div class='ocr_carea' id='block_1_101' title="bbox 2009 3960 3590 4031">
    <p class='ocr_par' dir='ltr' id='par_1_101' title="bbox 2009 3960 3590 4031">
     <span class='ocr_line' id='line_1_101' title="bbox 2009 3960 3590 4031; baseline 0.001 -18"><span class='ocrx_word' id='word_1_716' title='bbox 2009 3960 2063 4013; x_wconf 90' lang='lat' dir='ltr'><strong>in</strong></span> <span class='ocrx_word' id='word_1_717' title='bbox 2121 3975 2228 4026; x_wconf 86' lang='lat' dir='ltr'><strong>qua</strong></span> <span class='ocrx_word' id='word_1_718' title='bbox 2282 3968 2400 4014; x_wconf 86' lang='lat' dir='ltr'><strong>erat</strong></span> <span class='ocrx_word' id='word_1_719' title='bbox 2467 3961 2645 4015; x_wconf 87' lang='lat' dir='ltr'><strong>mellis</strong></span> <span class='ocrx_word' id='word_1_720' title='bbox 2692 3960 2930 4029; x_wconf 89' lang='lat' dir='ltr'><strong>positum</strong></span> <span class='ocrx_word' id='word_1_721' title='bbox 2988 3961 3299 4031; x_wconf 86' lang='lat' dir='ltr'><strong>poculum;</strong></span> <span class='ocrx_word' id='word_1_722' title='bbox 3354 3962 3590 4017; x_wconf 89' lang='lat' dir='ltr'><strong>arbitror</strong></span> 
     </span>
    </p>
   </div>
   <div class='ocr_carea' id='block_1_102' title="bbox 2008 4050 3589 4123">
    <p class='ocr_par' dir='ltr' id='par_1_102' title="bbox 2008 4050 3589 4123">
     <span class='ocr_line' id='line_1_102' title="bbox 2008 4050 3589 4123; baseline 0.003 -22"><span class='ocrx_word' id='word_1_723' title='bbox 2008 4050 2208 4120; x_wconf 80' lang='lat' dir='ltr'><strong>quippe</strong></span> <span class='ocrx_word' id='word_1_724' title='bbox 2240 4050 2382 4119; x_wconf 88' lang='lat' dir='ltr'><strong>quod</strong></span> <span class='ocrx_word' id='word_1_725' title='bbox 2415 4054 2735 4120; x_wconf 86' lang='lat' dir='ltr'><strong>armarium,</strong></span> <span class='ocrx_word' id='word_1_726' title='bbox 2781 4052 3299 4109; x_wconf 81' lang='lat' dir='ltr'><strong>medicamentorum</strong></span> <span class='ocrx_word' id='word_1_727' title='bbox 3319 4061 3405 4109; x_wconf 87' lang='lat' dir='ltr'><strong>est</strong></span> <span class='ocrx_word' id='word_1_728' title='bbox 3432 4067 3589 4123; x_wconf 80' lang='lat' dir='ltr'><strong>repo-</strong></span> 
     </span>
    </p>
   </div>
   <div class='ocr_carea' id='block_1_103' title="bbox 2010 4143 3587 4215">
    <p class='ocr_par' dir='ltr' id='par_1_103' title="bbox 2010 4143 3587 4215">
     <span class='ocr_line' id='line_1_103' title="bbox 2010 4143 3587 4215; baseline -0.001 -19"><span class='ocrx_word' id='word_1_729' title='bbox 2010 4143 2139 4196; x_wconf 86' lang='lat' dir='ltr'><strong>sitio</strong></span> <span class='ocrx_word' id='word_1_730' title='bbox 2188 4152 2408 4213; x_wconf 67' lang='lat' dir='ltr'><strong>propter</strong></span> <span class='ocrx_word' id='word_1_731' title='bbox 2452 4159 2679 4215; x_wconf 81' lang='lat' dir='ltr'><strong>magnas</strong></span> <span class='ocrx_word' id='word_1_732' title='bbox 2724 4145 3095 4215; x_wconf 60' lang='lat' dir='ltr'><strong>mgritudines.</strong></span> <span class='ocrx_word' id='word_1_733' title='bbox 3137 4144 3268 4211; x_wconf 75' lang='lat' dir='ltr'><strong>Qua:</strong></span> <span class='ocrx_word' id='word_1_734' title='bbox 3293 4145 3358 4199; x_wconf 91' lang='lat' dir='ltr'><strong>de</strong></span> <span class='ocrx_word' id='word_1_735' title='bbox 3388 4143 3587 4198; x_wconf 89' lang='lat' dir='ltr'><strong>lectulo</strong></span> 
     </span>
    </p>
   </div>
   <div class='ocr_carea' id='block_1_104' title="bbox 2012 4234 3583 4305">
    <p class='ocr_par' dir='ltr' id='par_1_104' title="bbox 2012 4234 3583 4305">
     <span class='ocr_line' id='line_1_104' title="bbox 2012 4234 3583 4305; baseline 0.001 -20"><span class='ocrx_word' id='word_1_736' title='bbox 2012 4234 2267 4287; x_wconf 85' lang='lat' dir='ltr'><strong>velociter</strong></span> <span class='ocrx_word' id='word_1_737' title='bbox 2311 4249 2542 4304; x_wconf 81' lang='lat' dir='ltr'><strong>surgens</strong></span> <span class='ocrx_word' id='word_1_738' title='bbox 2589 4236 2735 4304; x_wconf 88' lang='lat' dir='ltr'><strong>quod</strong></span> <span class='ocrx_word' id='word_1_739' title='bbox 2787 4237 2837 4292; x_wconf 89' lang='lat' dir='ltr'><strong>ei</strong></span> <span class='ocrx_word' id='word_1_740' title='bbox 2879 4236 3085 4290; x_wconf 85' lang='lat' dir='ltr'><strong>dictum</strong></span> <span class='ocrx_word' id='word_1_741' title='bbox 3119 4236 3295 4291; x_wconf 81' lang='lat' dir='ltr'><strong>fuerat</strong></span> <span class='ocrx_word' id='word_1_742' title='bbox 3325 4234 3583 4305; x_wconf 85' lang='lat' dir='ltr'><strong>peragit:</strong></span> 
     </span>
    </p>
   </div>
   <div class='ocr_carea' id='block_1_105' title="bbox 2015 4327 3584 4398">
    <p class='ocr_par' dir='ltr' id='par_1_105' title="bbox 2015 4327 3584 4398">
     <span class='ocr_line' id='line_1_105' title="bbox 2015 4327 3584 4398; baseline 0.001 -20"><span class='ocrx_word' id='word_1_743' title='bbox 2015 4327 2399 4396; x_wconf 84' lang='lat' dir='ltr'><strong>modicumque</strong></span> <span class='ocrx_word' id='word_1_744' title='bbox 2445 4328 2624 4384; x_wconf 90' lang='lat' dir='ltr'><strong>mellis</strong></span> <span class='ocrx_word' id='word_1_745' title='bbox 2669 4329 2910 4398; x_wconf 72' lang='lat' dir='ltr'><strong>parvula:</strong></span> <span class='ocrx_word' id='word_1_746' title='bbox 2957 4329 3193 4384; x_wconf 89' lang='lat' dir='ltr'><strong>fundens</strong></span> <span class='ocrx_word' id='word_1_747' title='bbox 3234 4329 3286 4382; x_wconf 89' lang='lat' dir='ltr'><strong>in</strong></span> <span class='ocrx_word' id='word_1_748' title='bbox 3340 4328 3584 4387; x_wconf 87' lang='lat' dir='ltr'><strong>auribus,</strong></span> 
     </span>
    </p>
   </div>
   <div class='ocr_carea' id='block_1_106' title="bbox 2016 4404 3587 4488">
    <p class='ocr_par' dir='ltr' id='par_1_106' title="bbox 2016 4404 3587 4488">
     <span class='ocr_line' id='line_1_106' title="bbox 2016 4404 3587 4488; baseline 0 -19"><span class='ocrx_word' id='word_1_749' title='bbox 2016 4415 2194 4470; x_wconf 81' lang='lat' dir='ltr'><strong>follem</strong></span> <span class='ocrx_word' id='word_1_750' title='bbox 2226 4418 2444 4486; x_wconf 88' lang='lat' dir='ltr'><strong>plenum</strong></span> <span class='ocrx_word' id='word_1_751' title='bbox 2468 4404 2744 4474; x_wconf 82' lang='lat' dir='ltr'><strong>vermibus</strong></span> <span class='ocrx_word' id='word_1_752' title='bbox 2774 4419 2960 4487; x_wconf 76' lang='lat' dir='ltr'><strong>eiecit,</strong></span> <span class='ocrx_word' id='word_1_753' title='bbox 2988 4421 3273 4475; x_wconf 88' lang='lat' dir='ltr'><strong>habentem</strong></span> <span class='ocrx_word' id='word_1_754' title='bbox 3294 4418 3587 4488; x_wconf 83' lang='lat' dir='ltr'><strong>digitorum</strong></span> 
     </span>
    </p>
   </div>
   <div class='ocr_carea' id='block_1_107' title="bbox 2012 4503 3587 4578">
    <p class='ocr_par' dir='ltr' id='par_1_107' title="bbox 2012 4503 3587 4578">
     <span class='ocr_line' id='line_1_107' title="bbox 2012 4503 3587 4578; baseline 0.001 -19"><span class='ocrx_word' id='word_1_755' title='bbox 2012 4508 2253 4577; x_wconf 82' lang='lat' dir='ltr'><strong>quatuor</strong></span> <span class='ocrx_word' id='word_1_756' title='bbox 2292 4508 2687 4578; x_wconf 85' lang='lat' dir='ltr'><strong>longitudinem</strong></span> <span class='ocrx_word' id='word_1_757' title='bbox 2732 4518 2786 4563; x_wconf 87' lang='lat' dir='ltr'><strong>et</strong></span> <span class='ocrx_word' id='word_1_758' title='bbox 2844 4510 3184 4565; x_wconf 84' lang='lat' dir='ltr'><strong>latitudinem</strong></span> <span class='ocrx_word' id='word_1_759' title='bbox 3218 4503 3472 4563; x_wconf 85' lang='lat' dir='ltr'><strong>similem.</strong></span> <span class='ocrx_word' id='word_1_760' title='bbox 3512 4507 3587 4561; x_wconf 73' lang='lat' dir='ltr'><strong>Ex</strong></span> 
     </span>
    </p>
   </div>
   <div class='ocr_carea' id='block_1_108' title="bbox 2012 4598 3587 4670">
    <p class='ocr_par' dir='ltr' id='par_1_108' title="bbox 2012 4598 3587 4670">
     <span class='ocr_line' id='line_1_108' title="bbox 2012 4598 3587 4670; baseline 0 -18"><span class='ocrx_word' id='word_1_761' title='bbox 2012 4598 2116 4652; x_wconf 92' lang='lat' dir='ltr'><strong>hoc</strong></span> <span class='ocrx_word' id='word_1_762' title='bbox 2158 4613 2287 4669; x_wconf 83' lang='lat' dir='ltr'><strong>ergo</strong></span> <span class='ocrx_word' id='word_1_763' title='bbox 2334 4598 2624 4655; x_wconf 84' lang='lat' dir='ltr'><strong>confestim</strong></span> <span class='ocrx_word' id='word_1_764' title='bbox 2662 4608 2749 4655; x_wconf 80' lang='lat' dir='ltr'><strong>est</strong></span> <span class='ocrx_word' id='word_1_765' title='bbox 2783 4601 3008 4656; x_wconf 86' lang='lat' dir='ltr'><strong>liberata</strong></span> <span class='ocrx_word' id='word_1_766' title='bbox 3042 4601 3301 4670; x_wconf 89' lang='lat' dir='ltr'><strong>puellula,</strong></span> <span class='ocrx_word' id='word_1_767' title='bbox 3342 4615 3407 4654; x_wconf 87' lang='lat' dir='ltr'><strong>eo</strong></span> <span class='ocrx_word' id='word_1_768' title='bbox 3441 4598 3587 4667; x_wconf 87' lang='lat' dir='ltr'><strong>quod</strong></span> 
     </span>
    </p>
   </div>
   <div class='ocr_carea' id='block_1_109' title="bbox 2011 4689 3588 4761">
    <p class='ocr_par' dir='ltr' id='par_1_109' title="bbox 2011 4689 3588 4761">
     <span class='ocr_line' id='line_1_109' title="bbox 2011 4689 3588 4761; baseline 0.001 -20"><span class='ocrx_word' id='word_1_769' title='bbox 2011 4689 2259 4745; x_wconf 86' lang='lat' dir='ltr'><strong>dolorum</strong></span> <span class='ocrx_word' id='word_1_770' title='bbox 2291 4693 2338 4744; x_wconf 88' lang='lat' dir='ltr'><strong>ei</strong></span> <span class='ocrx_word' id='word_1_771' title='bbox 2384 4692 2816 4761; x_wconf 87' lang='lat' dir='ltr'><strong>promptuarium</strong></span> <span class='ocrx_word' id='word_1_772' title='bbox 2860 4690 3060 4753; x_wconf 85' lang='lat' dir='ltr'><strong>fuerat,</strong></span> <span class='ocrx_word' id='word_1_773' title='bbox 3090 4700 3144 4746; x_wconf 88' lang='lat' dir='ltr'><strong>et</strong></span> <span class='ocrx_word' id='word_1_774' title='bbox 3172 4693 3244 4745; x_wconf 90' lang='lat' dir='ltr'><strong>ita</strong></span> <span class='ocrx_word' id='word_1_775' title='bbox 3282 4694 3350 4745; x_wconf 91' lang='lat' dir='ltr'><strong>ab</strong></span> <span class='ocrx_word' id='word_1_776' title='bbox 3386 4689 3588 4745; x_wconf 84' lang='lat' dir='ltr'><strong>acerri-</strong></span> 
     </span>
    </p>
   </div>
   <div class='ocr_carea' id='block_1_110' title="bbox 2017 4780 3513 4854">
    <p class='ocr_par' dir='ltr' id='par_1_110' title="bbox 2017 4780 3513 4854">
     <span class='ocr_line' id='line_1_110' title="bbox 2017 4780 3513 4854; baseline -0.001 -21"><span class='ocrx_word' id='word_1_777' title='bbox 2017 4782 2121 4834; x_wconf 89' lang='lat' dir='ltr'><strong>mis</strong></span> <span class='ocrx_word' id='word_1_778' title='bbox 2155 4781 2438 4849; x_wconf 89' lang='lat' dir='ltr'><strong>suppliciis</strong></span> <span class='ocrx_word' id='word_1_779' title='bbox 2468 4797 2589 4854; x_wconf 65' lang='lat' dir='ltr'><strong>quae</strong></span> <span class='ocrx_word' id='word_1_780' title='bbox 2617 4796 2684 4836; x_wconf 73' lang='lat' dir='ltr'><strong>ex</strong></span> <span class='ocrx_word' id='word_1_781' title='bbox 2718 4796 2784 4836; x_wconf 88' lang='lat' dir='ltr'><strong>eo</strong></span> <span class='ocrx_word' id='word_1_782' title='bbox 2821 4780 3182 4851; x_wconf 87' lang='lat' dir='ltr'><strong>gignebantnr</strong></span> <span class='ocrx_word' id='word_1_783' title='bbox 3205 4791 3391 4850; x_wconf 90' lang='lat' dir='ltr'><strong>erepta</strong></span> <span class='ocrx_word' id='word_1_784' title='bbox 3411 4790 3513 4833; x_wconf 87' lang='lat' dir='ltr'><strong>est.</strong></span> 
     </span>
    </p>
   </div>
   <div class='ocr_carea' id='block_1_111' title="bbox 2088 4870 3586 4941">
    <p class='ocr_par' dir='ltr' id='par_1_111' title="bbox 2088 4870 3586 4941">
     <span class='ocr_line' id='line_1_111' title="bbox 2088 4870 3586 4941; baseline -0.003 -16"><span class='ocrx_word' id='word_1_785' title='bbox 2088 4871 2155 4925; x_wconf 88' lang='lat' dir='ltr'><strong>Et</strong></span> <span class='ocrx_word' id='word_1_786' title='bbox 2193 4870 2400 4926; x_wconf 79' lang='lat' dir='ltr'><strong>Murum</strong></span> <span class='ocrx_word' id='word_1_787' title='bbox 2433 4871 2650 4941; x_wconf 85' lang='lat' dir='ltr'><strong>quidem</strong></span> <span class='ocrx_word' id='word_1_788' title='bbox 2689 4872 2769 4927; x_wconf 90' lang='lat' dir='ltr'><strong>sic</strong></span> <span class='ocrx_word' id='word_1_789' title='bbox 2800 4872 2921 4926; x_wconf 87' lang='lat' dir='ltr'><strong>solo</strong></span> <span class='ocrx_word' id='word_1_790' title='bbox 2946 4870 3104 4925; x_wconf 88' lang='lat' dir='ltr'><strong>melle</strong></span> <span class='ocrx_word' id='word_1_791' title='bbox 3125 4878 3388 4940; x_wconf 81' lang='lat' dir='ltr'><strong>martyres</strong></span> <span class='ocrx_word' id='word_1_792' title='bbox 3422 4885 3586 4923; x_wconf 84' lang='lat' dir='ltr'><strong>cura-</strong></span> 
     </span>
    </p>
   </div>
   <div class='ocr_carea' id='block_1_112' title="bbox 2017 4961 3588 5033">
    <p class='ocr_par' dir='ltr' id='par_1_112' title="bbox 2017 4961 3588 5033">
     <span class='ocr_line' id='line_1_112' title="bbox 2017 4961 3588 5033; baseline -0.003 -17"><span class='ocrx_word' id='word_1_793' title='bbox 2017 4972 2215 5017; x_wconf 86' lang='lat' dir='ltr'><strong>verunt</strong></span> <span class='ocrx_word' id='word_1_794' title='bbox 2262 4978 2277 5029; x_wconf 92' lang='lat'><strong>;</strong></span> <span class='ocrx_word' id='word_1_795' title='bbox 2332 4964 2559 5018; x_wconf 88' lang='lat' dir='ltr'><strong>alteram</strong></span> <span class='ocrx_word' id='word_1_796' title='bbox 2603 4976 2841 5033; x_wconf 85' lang='lat' dir='ltr'><strong>namque</strong></span> <span class='ocrx_word' id='word_1_797' title='bbox 2898 4961 3180 5016; x_wconf 89' lang='lat' dir='ltr'><strong>mulierem</strong></span> <span class='ocrx_word' id='word_1_798' title='bbox 3241 4962 3384 5030; x_wconf 92' lang='lat' dir='ltr'><strong>piant</strong></span> <span class='ocrx_word' id='word_1_799' title='bbox 3425 4967 3588 5028; x_wconf 88' lang='lat' dir='ltr'><strong>atque</strong></span> 
     </span>
    </p>
   </div>
   <div class='ocr_carea' id='block_1_113' title="bbox 2019 5054 3585 5119">
    <p class='ocr_par' dir='ltr' id='par_1_113' title="bbox 2019 5054 3585 5119">
     <span class='ocr_line' id='line_1_113' title="bbox 2019 5054 3585 5119; baseline -0.001 -10"><span class='ocrx_word' id='word_1_800' title='bbox 2019 5056 2386 5111; x_wconf 82' lang='lat' dir='ltr'><strong>Christianam</strong></span> <span class='ocrx_word' id='word_1_801' title='bbox 2441 5057 2668 5111; x_wconf 86' lang='lat' dir='ltr'><strong>Mariam</strong></span> <span class='ocrx_word' id='word_1_802' title='bbox 2725 5057 2958 5111; x_wconf 87' lang='lat' dir='ltr'><strong>univocc</strong></span> <span class='ocrx_word' id='word_1_803' title='bbox 3009 5054 3398 5119; x_wconf 86' lang='lat' dir='ltr'><strong>nominatam;</strong></span> <span class='ocrx_word' id='word_1_804' title='bbox 3462 5071 3585 5109; x_wconf 83' lang='lat' dir='ltr'><strong>nam</strong></span> 
     </span>
    </p>
   </div>
   <div class='ocr_carea' id='block_1_114' title="bbox 2016 5145 3585 5221">
    <p class='ocr_par' dir='ltr' id='par_1_114' title="bbox 2016 5145 3585 5221">
     <span class='ocr_line' id='line_1_114' title="bbox 2016 5145 3585 5221; baseline -0.003 -19"><span class='ocrx_word' id='word_1_805' title='bbox 2016 5148 2223 5202; x_wconf 81' lang='lat' dir='ltr'><strong>Marum</strong></span> <span class='ocrx_word' id='word_1_806' title='bbox 2257 5149 2400 5203; x_wconf 81' lang='lat' dir='ltr'><strong>illaut</strong></span> <span class='ocrx_word' id='word_1_807' title='bbox 2430 5151 2708 5221; x_wconf 88' lang='lat' dir='ltr'><strong>parvulam</strong></span> <span class='ocrx_word' id='word_1_808' title='bbox 2761 5149 3092 5212; x_wconf 74' lang='lat' dir='ltr'><strong>vocitabant,</strong></span> <span class='ocrx_word' id='word_1_809' title='bbox 3126 5146 3308 5201; x_wconf 68' lang='lat' dir='ltr'><strong>Mariae</strong></span> <span class='ocrx_word' id='word_1_810' title='bbox 3331 5145 3585 5201; x_wconf 85' lang='lat' dir='ltr'><strong>derivan-</strong></span> 
     </span>
    </p>
   </div>
   <div class='ocr_carea' id='block_1_115' title="bbox 2017 5241 3588 5309">
    <p class='ocr_par' dir='ltr' id='par_1_115' title="bbox 2017 5241 3588 5309">
     <span class='ocr_line' id='line_1_115' title="bbox 2017 5241 3588 5309; baseline -0.001 -15"><span class='ocrx_word' id='word_1_811' title='bbox 2017 5249 2098 5294; x_wconf 85' lang='lat' dir='ltr'><strong>tes</strong></span> <span class='ocrx_word' id='word_1_812' title='bbox 2124 5241 2468 5306; x_wconf 82' lang='lat' dir='ltr'><strong>vocabulum,</strong></span> <span class='ocrx_word' id='word_1_813' title='bbox 2495 5257 2615 5309; x_wconf 76' lang='lat' dir='ltr'><strong>quze</strong></span> <span class='ocrx_word' id='word_1_814' title='bbox 2634 5256 2732 5295; x_wconf 89' lang='lat' dir='ltr'><strong>nec</strong></span> <span class='ocrx_word' id='word_1_815' title='bbox 2753 5241 3083 5295; x_wconf 68' lang='lat' dir='ltr'><strong>eoattaneam</strong></span> <span class='ocrx_word' id='word_1_816' title='bbox 3103 5249 3180 5293; x_wconf 88' lang='lat' dir='ltr'><strong>tot</strong></span> <span class='ocrx_word' id='word_1_817' title='bbox 3196 5251 3466 5292; x_wconf 89' lang='lat' dir='ltr'><strong>annorum</strong></span> <span class='ocrx_word' id='word_1_818' title='bbox 3488 5252 3588 5292; x_wconf 86' lang='lat' dir='ltr'><strong>nec</strong></span> 
     </span>
    </p>
   </div>
   <div class='ocr_carea' id='block_1_116' title="bbox 1992 5331 3587 5400">
    <p class='ocr_par' dir='ltr' id='par_1_116' title="bbox 1992 5331 3587 5400">
     <span class='ocr_line' id='line_1_116' title="bbox 1992 5331 3587 5400; baseline -0.003 -13"><span class='ocrx_word' id='word_1_819' title='bbox 1992 5331 2338 5400; x_wconf 78' lang='lat' dir='ltr'><strong>.passionem</strong></span> <span class='ocrx_word' id='word_1_820' title='bbox 2361 5331 2594 5387; x_wconf 88' lang='lat' dir='ltr'><strong>similem</strong></span> <span class='ocrx_word' id='word_1_821' title='bbox 2632 5332 2858 5398; x_wconf 90' lang='lat' dir='ltr'><strong>habuit;</strong></span> <span class='ocrx_word' id='word_1_822' title='bbox 2900 5347 2964 5388; x_wconf 80' lang='lat' dir='ltr'><strong>ex</strong></span> <span class='ocrx_word' id='word_1_823' title='bbox 2997 5331 3170 5386; x_wconf 86' lang='lat' dir='ltr'><strong>altero</strong></span> <span class='ocrx_word' id='word_1_824' title='bbox 3185 5338 3365 5384; x_wconf 88' lang='lat' dir='ltr'><strong>autem</strong></span> <span class='ocrx_word' id='word_1_825' title='bbox 3388 5337 3587 5386; x_wconf 72' lang='lat' dir='ltr'><strong>eventu</strong></span> 
     </span>
    </p>
   </div>
   <div class='ocr_carea' id='block_1_117' title="bbox 2012 5420 3587 5491">
    <p class='ocr_par' dir='ltr' id='par_1_117' title="bbox 2012 5420 3587 5491">
     <span class='ocr_line' id='line_1_117' title="bbox 2012 5420 3587 5491; baseline 0.001 -18"><span class='ocrx_word' id='word_1_826' title='bbox 2012 5428 2136 5491; x_wconf 85' lang='lat' dir='ltr'><strong>post</strong></span> <span class='ocrx_word' id='word_1_827' title='bbox 2173 5423 2604 5491; x_wconf 81' lang='lat' dir='ltr'><strong>experimentum</strong></span> <span class='ocrx_word' id='word_1_828' title='bbox 2635 5422 2830 5478; x_wconf 87' lang='lat' dir='ltr'><strong>inutile</strong></span> <span class='ocrx_word' id='word_1_829' title='bbox 2880 5421 3213 5478; x_wconf 85' lang='lat' dir='ltr'><strong>medicorum</strong></span> <span class='ocrx_word' id='word_1_830' title='bbox 3271 5420 3587 5482; x_wconf 83' lang='lat' dir='ltr'><strong>multorum,</strong></span> 
     </span>
    </p>
   </div>
   <div class='ocr_carea' id='block_1_118' title="bbox 2013 5513 3585 5573">
    <p class='ocr_par' dir='ltr' id='par_1_118' title="bbox 2013 5513 3585 5573">
     <span class='ocr_line' id='line_1_118' title="bbox 2013 5513 3585 5573; baseline 0.002 -5"><span class='ocrx_word' id='word_1_831' title='bbox 2013 5514 2141 5568; x_wconf 89' lang='lat' dir='ltr'><strong>dum</strong></span> <span class='ocrx_word' id='word_1_832' title='bbox 2160 5514 2226 5569; x_wconf 88' lang='lat' dir='ltr'><strong>ad</strong></span> <span class='ocrx_word' id='word_1_833' title='bbox 2249 5516 2610 5572; x_wconf 81' lang='lat' dir='ltr'><strong>venerabilem</strong></span> <span class='ocrx_word' id='word_1_834' title='bbox 2629 5529 2817 5573; x_wconf 84' lang='lat' dir='ltr'><strong>eorum</strong></span> <span class='ocrx_word' id='word_1_835' title='bbox 2837 5513 3235 5570; x_wconf 66' lang='lat' dir='ltr'><strong>confessionem</strong></span> <span class='ocrx_word' id='word_1_836' title='bbox 3249 5519 3558 5568; x_wconf 86' lang='lat' dir='ltr'><strong>occurreret</strong></span> <span class='ocrx_word' id='word_1_837' title='bbox 3571 5549 3585 5571; x_wconf 87' lang='lat'><strong>.</strong></span> 
     </span>
    </p>
   </div>
   <div class='ocr_carea' id='block_1_119' title="bbox 2013 5605 3585 5681">
    <p class='ocr_par' dir='ltr' id='par_1_119' title="bbox 2013 5605 3585 5681">
     <span class='ocr_line' id='line_1_119' title="bbox 2013 5605 3585 5681; baseline -0.001 -20"><span class='ocrx_word' id='word_1_838' title='bbox 2013 5615 2196 5663; x_wconf 86' lang='lat' dir='ltr'><strong>ccrote</strong></span> <span class='ocrx_word' id='word_1_839' title='bbox 2222 5615 2273 5664; x_wconf 87' lang='lat' dir='ltr'><strong>et</strong></span> <span class='ocrx_word' id='word_1_840' title='bbox 2300 5607 2464 5664; x_wconf 87' lang='lat' dir='ltr'><strong>celsis</strong></span> <span class='ocrx_word' id='word_1_841' title='bbox 2487 5605 2589 5679; x_wconf 85' lang='lat' dir='ltr'><strong>[ita</strong></span> <span class='ocrx_word' id='word_1_842' title='bbox 2611 5606 2759 5681; x_wconf 62' lang='lat' dir='ltr'><strong>catt}</strong></span> <span class='ocrx_word' id='word_1_843' title='bbox 2783 5606 2925 5662; x_wconf 86' lang='lat' dir='ltr'><strong>hanc</strong></span> <span class='ocrx_word' id='word_1_844' title='bbox 2940 5613 3296 5671; x_wconf 81' lang='lat' dir='ltr'><strong>sanavcruut,</strong></span> <span class='ocrx_word' id='word_1_845' title='bbox 3318 5620 3413 5674; x_wconf 79' lang='lat' dir='ltr'><strong>per</strong></span> <span class='ocrx_word' id='word_1_846' title='bbox 3436 5618 3585 5661; x_wconf 82' lang='lat' dir='ltr'><strong>som-</strong></span> 
     </span>
    </p>
   </div>
  </div>
