4010 6208
323 284 463 353 3453

1384 291 1490 353 ss.
1533 292 1709 353 cvm
1735 292 1835 351 ET
1869 290 2196 353 JOANNIS
2223 247 2641 357 MtnA'CULA.

3451 296 3594 365 3454

388 400 464 452 οὐ
499 398 756 470 περιττὸν
781 397 838 453 δὲ
875 398 1051 470 οἶμαι,
1107 396 1201 451 καὶ
1248 398 1279 451 ὅ
1307 415 1359 451 τι
1395 399 1517 452 κατ’
1548 398 1776 469 ἐκείνην
1806 398 1901 468 τὴν

2076 398 2428 471 Nequaquam
2461 411 2643 457 autem
2685 402 3020 474 superfluum
3036 418 3157 458 esse
3188 404 3439 460 arbitror
3464 407 3596 476 quid

315 493 492 549 ⁴νύκτα
536 492 667 563 περὶ
716 490 909 544 τούτου
947 488 1224 543 καθεύδων
1273 489 1552 554 τεθέαται,
1587 489 1905 562 προσθεῖναι

322 585 402 656 τῷ
431 585 756 655 διηγήματι.
805 583 1061 652 Ἰωάννης
1092 576 1260 645 οὗτός,
1278 583 1427 635 εστιν
1456 581 1485 634 ὁ
1514 580 1781 647 διάκονος,
1809 582 1907 652 ούχ

325 680 355 732 ὁ
382 677 472 730 τοῦ
504 676 719 751 παιδίου
745 674 952 745 πατὴρ,
982 673 1098 727 ἀλλ’
1137 675 1166 727 ὁ
1196 673 1261 727 ὲκ
1286 671 1581 738 Βυζαντίου
1605 673 1696 727 διὰ
1734 673 1909 738 πάθος

326 771 504 826 ποδῶν
541 769 928 842 προσπελάσας
976 769 1281 842 μάρτυσιν·
1311 767 1479 839 ψύξις
1513 768 1570 822 δὲ
1603 768 1713 822 τῶν
1741 768 1907 838 γονά-

325 882 434 918 των
468 862 534 916 τὸ
564 861 736 925 πάθος
772 861 1009 931 ἐλέγετο,
1059 862 1197 933 ὅπερ
1227 861 1346 919 οὐδὲ
1391 860 1663 932 βασιλέως
1700 860 1908 931 ἰατρὸς.

326 957 452 1011 οὔτε
487 956 598 1027 γὰρ
635 955 744 1008 τῶν
769 953 945 1008 ἄλλων
967 956 1082 1008 ὅσοι
1112 954 1425 1026 βουλόμενοι
1451 953 1793 1023 θεραπεῦσαι
1822 952 1912 1004 δε-

328 1049 607 1118 δύνηνται.
666 1047 775 1101 Καὶ
823 1046 995 1111 ἰαθεὶς
1031 1047 1127 1100 καὶ
1167 1047 1384 1119 ῥυσθείς
1438 1045 1530 1099 τοῦ
1579 1046 1910 1116 νοσήματος,

331 1144 556 1212 χάριτος
608 1129 774 1194 ἓνειῖα
811 1139 902 1193 διὰ
934 1139 1052 1210 βίου
1108 1136 1380 1192 δουλεύειν
1426 1138 1537 1201 τοῖς
1587 1135 1763 1205 ἁγίοις
1805 1135 1914 1188 ὑπ-

332 1233 544 1302 έσχετο.
570 1231 631 1285 '0
658 1230 963 1300 κληρωθεὶς
988 1228 1125 1299 μετὰ
1155 1228 1326 1282 ταῦτα
1348 1228 1619 1291 διάκονος,
1638 1229 1703 1280 ἐκ
1724 1226 1914 1280 λαῖκοῦ

337 1321 439 1393 μὲν
471 1322 917 1393 καταστήματος,
950 1320 1242 1374 σπουδαίου
1267 1319 1325 1373 δὲ
1364 1320 1458 1374 καὶ
1493 1317 1788 1391 μοναδικού
1820 1334 1917 1370 πο-

332 1413 684 1484 λιτεύματος,
719 1410 1048 1483 μαρτυρικῷ
1089 1411 1402 1481 ψηφίσματι
1434 1413 1528 1464 καὶ
1558 1408 1913 1479 κελεύσματι,

334 1506 645 1577 χειροθεσίᾳ
692 1505 750 1559 δὲ
800 1507 1174 1577 πατριαρχικῇ
1229 1504 1480 1557 Ἰωάννου
1524 1501 1620 1556 τοῦ
1673 1501 1770 1554 νῦν
1817 1500 1918 1570 τὴν

349 1576 747 1669 Ἀλεξανδρέων
771 1576 1103 1670 Ἐκκλησίαν
1137 1576 1550 1667 ποιμαίνοντοςί
1587 1595 1761 1658 οὕτως
1812 1594 1917 1665 ἔφη

336 1688 455 1741 τότε
489 1687 855 1759 κοιμώμενος,
887 1687 976 1741 ὅτε
1013 1689 1080 1758 τῇ
1110 1685 1301 1757 αὔριον
1327 1686 1390 1739 τὸ
1421 1684 1607 1756 θαῦμα
1633 1685 1694 1738 τὸ
1725 1684 1916 1755 λεχθὲν

336 1779 529 1850 ἔμελλε
574 1778 842 1848 γίνεσθαι,
892 1778 1078 1850 Κῦρον
1136 1769 1269 1850 ὀρᾷν
1322 1778 1418 1831 καὶ
1472 1777 1731 1848 Ἰωάννην
1787 1777 1915 1840 τοὺς

339 1874 646 1944 μάρτυρας,
701 1874 795 1927 καὶ
832 1872 929 1924 σὺν
975 1870 1161 1934 αὐτοῖς
1207 1869 1409 1940 πολλὴν
1456 1866 1915 1939 λευχειμονοῦσαν

333 1964 511 2032 ἁγίων
542 1965 832 2033 ὁμήγυριν,
868 1961 917 2015 οἳ
961 1961 1133 2014 ταῦτα
1184 1960 1321 2032 πρὶς
1370 1961 1464 2014 τὸν
1496 1958 1768 2030 θεώμενον
1799 1958 1916 2012 ἔλε-

333 2073 431 2124 γον
452 2072 466 2084 ·
500 2054 658 2108 “me:
697 2055 797 2107 σὺν
827 2055 981 2124 ἡμῖν,
1014 2052 1230 2123 καὶτῆς
1255 2052 1528 2123 ἐσομένης
1571 2049 1916 2122 εὐφροσύνης

337 2147 670 2202 ἀπδλαυσον.
734 2144 988 2215 Ἰωάννης
1040 2143 1097 2197 δὲ
1138 2143 1243 2198 ποῦ
1276 2142 1608 2215 πορεύεσθαι
1650 2145 1746 2196 καὶ
1779 2143 1917 2213 πρὸς

342 2238 496 2291 ποίαν
524 2237 759 2308 εὐωχίαν
805 2238 931 2302 τοὺς
962 2237 1150 2307 ἁγίους
1181 2220 1485 2308 ἠρώτησεν.
1519 2237 1582 2289 Oi
1609 2236 1687 2302 δὲ,
1729 2237 1916 2290 Ἰωάν-

344 2347 460 2399 νης,
494 2330 677 2398 φασὶν,
722 2331 751 2384 δ
783 2329 1031 2394 διάκονος
1073 2331 1153 2393 εἰς
1194 2330 1409 2384 δεῖπνον
1457 2330 1606 2400 ἡμᾶς
1654 2329 1917 2384 ἐκάλεσεν

345 2422 597 2491 σήμερον.
630 2418 726 2472 καὶ
761 2420 891 2489 παρ’
920 2419 1072 2490 αὐτῷ
1117 2419 1318 2482 πάντες
1366 2419 1526 2489 ἡμεῖς
1560 2418 1873 2490 ἑστιώμεθα
1898 2437 1914 2453 θ

342 2512 434 2564 καὶ
465 2510 638 2564 ταῦτα
664 2502 963 2581 φήσαντος,
994 2510 1090 2565 τοῦ
1126 2510 1384 2583 λαμπροῦ
1410 2511 1520 2565 τῶν
1546 2511 1718 2580 ἁγίων
1748 2511 1917 2583 ἤγουν

338 2603 434 2656 τοῦ
485 2601 859 2674 συντάγματος
894 2603 1122 2658 ἕπεσθαι
1170 2604 1266 2658 καὶ
1308 2604 1472 2658 αὑτὸν
1523 2604 1662 2674 μετὰ
1694 2603 1919 2669 τούτους

343 2692 723 2758 κελεύσαντος.
770 2694 861 2759 Ὠς
904 2695 960 2749 δὲ
992 2695 1215 2761 πάντες,
1241 2694 1429 2765 φησὶν,
1472 2695 1554 2758 είς
1574 2694 1682 2768 τὴν
1732 2697 1919 2751 ἑστίαν

341 2784 589 2856 ἀπῆλθον
630 2786 679 2838 οἰ
723 2785 891 2854 ἅγιοι,
934 2786 1168 2857 ἀνῆλθον
1202 2758 1366 2855 ⁷διάγω
1393 2785 1503 2842 τῶν
1546 2758 1920 2842 κῖλέυσάντων

342 2882 571 2954 πληρῶν
594 2883 654 2937 τδ
682 2885 962 2953 ἐπίταγμα
981 2898 996 2912 ·
1032 2883 1127 2936 καὶ
1158 2881 1556 2955 συνδειπνήσας
1579 2885 1785 2950 αὐτοῖς,
1810 2883 1919 2937 πά-

343 2975 429 3029 λιν
458 2976 577 3045 μετ’
604 2974 785 3028 αὐτῶν
812 2975 1141 3053 ἀνεχώρησα
1172 2974 1311 3047 πρὸς
1338 2977 1406 3028 τά
1439 2974 1550 3027 τῶν
1577 2974 1920 3045 δαιτυμόνων

345 3067 600 3143 τεθηπὼς
630 3066 913 3137 ἀξιώματα
948 3068 1046 3122 καὶ
1082 3067 1416 3138 στολίσματα
1437 3084 1452 3099 ο
1490 3067 1588 3121 καὶ
1635 3066 1920 3139 θαυμάσας
1947 3108 1990 3167 c

346 3158 440 3212 τοῦ
472 3159 692 3213 δείπνου
718 3159 816 3232 τὴν
845 3161 1051 3232 σεμνὴν
1077 3159 1451 3227 πολυτέλειαν,
1476 3161 1571 3214 καὶ
1593 3159 1689 3213 τοῦ
1720 3161 1919 3230 φανέν-

347 3268 438 3315 τος
467 3251 587 3304 τότε
612 3251 861 3318 λυθέντος
888 3253 1185 3324 ὁράματος,
1227 3251 1451 3323 Ἰωάννῃ
1494 3252 1673 3307 πάντα
1705 3252 1783 3324 τῷ
1803 3254 1922 3306 δια-

351 3340 496 3411 κόνῳ
543 3340 882 3411 διήγγειλεν,
939 3339 1152 3409 ἀγνοῶν
1196 3334 1299 3410 μὲν
1349 3340 1412 3394 τὸ
1441 3340 1534 3394 τοῦ
1587 3340 1934 3411 διηγήματος.

350 3429 619 3498 σύμϐολον
643 3445 655 3459 ·
683 3430 975 3501 εὐδαίμονα
997 3431 1055 3485 δὲ
1080 3430 1271 3485 τοῦτον
1301 3432 1483 3485 καλῶν
1505 3433 1600 3486 καὶ
1630 3429 1923 3503 μακάριον,

351 3522 398 3572 εἱ
418 3521 554 3591 πρδς
572 3519 830 3592 τοιαύτην
859 3520 1018 3588 ἀξίαν
1047 3523 1319 3594 ἀφίκοιτο,
1338 3522 1416 3585 ώς
1437 3523 1716 3586 τοιούτους
1740 3523 1927 3590 ἁγίους

356 3609 452 3661 καὶ
478 3608 764 3673 τοσούτους
789 3612 976 3682 ὲστιᾷν
1004 3628 1064 3664 τε
1096 3612 1189 3665 καὶ
1220 3611 1341 3666 κατ’
1375 3608 1524 3666 οἷκον
1564 3611 1925 3683 εἰσδέχεσθαι.

356 3702 468 3757 Καὶ
494 3702 649 3757 τοῦτο
679 3702 779 3773 μὲν
823 3704 1100 3773 ἄγνωστον
1138 3700 1205 3777 ἦν
1255 3704 1533 3768 παντελῶς
1566 3704 1626 3758 τὸ
1654 3704 1924 3772 ἐνύπνιον,

353 3794 460 3859 ἕως
492 3796 549 3850 τὸ
572 3794 755 3868 θαῦμα
777 3795 1020 3870 πραχθὲν
1050 3796 1439 3867 διηρμήνευσε.

302 3942 353 3963 κ

434 4056 579 4127 Ἐγὼ
609 4056 666 4111 δὲ
690 4057 798 4111 τῶν
825 4056 997 4126 ἁγίων
1025 4055 1167 4127 μετὰ
1192 4055 1409 4111 πάντων
1435 4053 1530 4110 καὶ
1554 4055 1712 4110 τοῦτο
1737 4055 1903 4110 τεθαύ
1919 4088 1933 4100 -

356 4167 529 4222 μακα,
561 4151 757 4222 ὅτιπερ
799 4131 985 4213 καλῶς
1021 4150 1080 4202 ἐν
1106 4140 1151 4217 ᾧ
1179 4148 1316 4201 πᾶσι
1352 4148 1574 4220 Χριστῷ
1622 4148 1932 4220 διδασκάλῳ

353 4244 452 4297 καὶ
498 4242 618 4313 Θεῷ
664 4243 772 4295 τῶν
815 4241 952 4295 ὅλων
999 4240 1260 4312 ἑπόμενοι
1311 4240 1513 4310 δείπνῳ
1557 4238 1839 4293 κάνταῦθα
1871 4241 1934 4294 τὸ

353 4333 540 4404 θαῦμα
566 4334 909 4404 παρείκασαν
923 4348 940 4364 ⁸
961 4330 1149 4404 ὥσπερ
1168 4334 1276 4403 γὰρ
1298 4333 1326 4386 ὁ
1347 4332 1536 4404 Σωτὴρ
1556 4332 1651 4385 ἐπὶ
1678 4333 1747 4403 τῇ
1778 4335 1931 4404 πηγῇ

2006 492 2194 548 eadem
2235 502 2396 549 nocte
2452 495 2866 563 quiescentibus
2923 511 3090 566 super
3140 495 3242 549 hoc
3285 501 3601 565 apparuerit

2008 583 2074 638 ad
2097 586 2465 639 narrationem
2500 585 2757 655 adjicere.
2808 584 3046 641 Joannes
3080 586 3164 641 hic
3216 588 3595 644 est‘diaconus

2010 689 2117 729 non
2185 676 2335 731 illius
2377 677 2615 745 parvula:
2649 676 2882 745 genitor,
2929 675 3025 731 scd
3066 678 3160 746 qui
3220 677 3288 735 de
3337 677 3600 750 Byzantio

2010 778 2235 839 propter
2264 767 2643 839 aegritudinem
2668 768 2866 836 pedum
2904 767 2971 822 ad
3015 776 3286 840 martyres
3316 778 3543 826 venerat
3578 786 3594 837 ;

2011 870 2067 916 et
2111 859 2294 930 passio
2344 858 2464 929 ejus
2497 857 2675 912 fuerat
2721 857 2950 914 ariditas
3001 875 3263 929 genuum,
3308 875 3470 930 quam
3496 875 3598 917 nec

2013 932 2117 1022 ipsi
2154 951 2464 1022 imperiales
2492 951 2826 1021 medici,qui
2866 966 2978 1019 prae
3001 952 3228 1007 caneris
3253 962 3381 1007 sunt
3416 953 3599 1008 nomi-

2013 1043 2248 1111 nabiles,
2303 1058 2498 1099 curare
2548 1043 2852 1099 valuerunt.
2901 1042 3137 1099 Sanatus
3194 1052 3375 1099 autem
3427 1052 3478 1099 et
3533 1046 3602 1102 de

2015 1136 2338 1207 aegritudine
2368 1137 2651 1200 liberatus,
2683 1137 2755 1191 ob
2789 1135 3018 1205 gratiam
3047 1142 3161 1189 toto
3190 1136 3314 1190 vitae
3350 1144 3596 1205 tempore

2017 1229 2350 1299 martyribus
2396 1229 2605 1283 servire
2658 1214 2973 1284 devoverat.
3021 1227 3125 1293 Qui
3184 1236 3306 1298 post
3360 1244 3425 1284 ex
3474 1227 3597 1282 laici

2018 1318 2229 1384 habitu,
2272 1319 2525 1389 religiose
2559 1334 2692 1374 vero
2731 1327 2783 1373 et
2830 1319 3151 1374 monachica
3195 1320 3603 1385 conversantis,

2019 1420 2318 1481 martyrum
2381 1409 2536 1479 jussu
2596 1417 2761 1479 atque
2810 1409 3109 1473 sententia,
3152 1424 3318 1463 manu
3375 1406 3606 1466 Joannis

2020 1500 2366 1571 patriarchae,
2405 1500 2497 1571 qui
2531 1514 2677 1555 nunc
2709 1499 3060 1554 AlexandriaI
3096 1500 3237 1570 regit
3279 1499 3605 1563 Ecclesiam,

2020 1590 2367 1646 diaconatum
2417 1588 2649 1645 sortitus
2681 1596 2785 1643 est.
2820 1585 2941 1650 llic,
2977 1596 3036 1641 ut
3063 1584 3264 1641 effatus
3294 1601 3438 1650 sum,
3472 1594 3608 1640 tunc

2020 1682 2321 1748 dormiens,
2356 1679 2485 1735 dum
2518 1680 2572 1734 in
2595 1679 2898 1734 crastinum
2927 1676 3169 1733 futurum
3203 1687 3372 1742 esset,
3416 1684 3476 1731 ut
3513 1676 3610 1734 ﬁt-‘I

1956 1754 1995 1808 Β
2024 1784 2105 1831 ret
2144 1774 2290 1840 quod
2326 1773 2437 1828 dixi
2485 1771 2833 1837 miraculum,
2863 1769 3066 1841 Cyrum
3091 1779 3143 1825 et
3165 1768 3435 1824 Joannem
3465 1782 3612 1823 mar-

2023 1878 2171 1941 tyres
2201 1865 2497 1937 conspicit,
2548 1879 2783 1934 cumque
2812 1864 2893 1920 eis
2934 1863 3235 1918 multorum
3259 1862 3430 1917 stolas
3454 1862 3609 1918 albas

2022 1958 2372 2017 vestientium
2412 1966 2639 2012 emtum.
2677 1954 2852 2026 Hique
2900 1953 2969 2010 ad
3018 1955 3448 2025 consmcientem
3495 1955 3610 2008 aie-

2021 2054 2152 2109 bant
2192 2073 2207 2106 :
2236 2050 2373 2107 Veni
2408 2049 2720 2115 nobiscum,
2759 2057 2814 2104 et
2850 2057 2971 2117 esto
2995 2047 3192 2102 futurae
3223 2046 3611 2103 exsultationis

2023 2150 2320 2221 particeps.
2367 2145 2607 2203 Joannes
2636 2151 2818 2199 autem
2851 2158 2962 2214 quo
2994 2158 3054 2199 se
3086 2149 3140 2197 et
3177 2140 3243 2194 ad
3281 2153 3442 2209 quam
3472 2138 3612 2191 laeti-

2023 2244 2152 2298 tiam
2184 2249 2502 2298 sanctorum
2522 2238 2846 2309 inquirebat
2871 2234 3078 2299 hortari
3109 2234 3133 2289 ἲ
3164 2231 3245 2287 Illi
3277 2228 3609 2297 vero,Joan-

2023 2348 2143 2399 nes,
2208 2334 2505 2403 inquiunt,
2562 2331 2831 2386 diaconus
2889 2326 2960 2382 ad
3008 2340 3222 2382 coenam
3286 2337 3387 2379 nos
3445 2320 3609 2376 hodie

2023 2427 2370 2489 convocavit,
2421 2431 2476 2479 et
2533 2422 2676 2493 apud
2708 2436 2833 2477 eum
2888 2433 3083 2475 omnes
3106 2414 3503 2487 epulahimur;
3554 2418 3610 2467 ct

2025 2519 2139 2574 haec
2186 2517 2497 2588 inquienles
2531 2514 2819 2570 candidam
2858 2512 3007 2567 illam
3047 2518 3364 2566 sanctorum
3423 2512 3609 2561 cater-

2026 2628 2146 2668 vam
2190 2610 2476 2682 przeihant,
2531 2615 2585 2665 et
2623 2605 2777 2678 sequi
2824 2619 3010 2661 secum
3063 2602 3144 2658 eis
3189 2596 3606 2669 przecipiebant.

2027 2707 2325 2775 Postquam
2384 2711 2567 2758 autem
2621 2714 2835 2764 omnes,
2892 2696 3092 2769 inquit,
3151 2691 3328 2750 sancti
3383 2689 3607 2745 domum

2028 2794 2262 2869 ingressi
2302 2803 2452 2858 sunt,
2499 2792 2720 2848 escendi
2754 2791 2918 2846 etiam
2971 2802 3072 2859 ego
3107 2785 3421 2841 mandatum
3454 2795 3611 2836 com-

2027 2891 2183 2960 plens
2234 2886 2567 2957 jubentium,
2618 2883 3051 2950 convivatusque
3112 2891 3239 2933 cum
3304 2876 3386 2930 eis
3445 2871 3612 2928 simul

2027 2995 2285 3052 egressus
2314 2992 2435 3034 sum
2460 2994 2476 3045 ;
2506 2975 2862 3031 convivarum
2895 2971 3235 3042 stupefactus
3261 2965 3524 3036 dignitate
3556 2971 3613 3016 et

2031 3071 2242 3136 habitu,
2264 3068 2430 3125 etiam
2472 3067 2703 3121 miratus
2734 3061 3044 3134 hujusmodi
3082 3057 3613 3139 venerabilis‘ctnna:

2027 3163 2248 3219 divitias
2275 3178 2288 3215 :
2326 3161 2552 3229 haecque
2574 3156 2782 3220 omnia,
2812 3154 2941 3209 dum
2975 3152 3283 3208 solveretur
3310 3146 3454 3218 quod
3479 3153 3613 3198 tunc

2026 3256 2204 3309 visum
2228 3262 2313 3308 est
2345 3251 2642 3314 somnium,
2673 3247 2914 3303 Joannes
2943 3245 3175 3300 diacono
3203 3240 3391 3297 retulit
3422 3255 3436 3292 :
3462 3238 3615 3308 igno-

2027 3362 2157 3402 rans
2208 3344 2428 3416 quidem
2470 3341 2602 3412 quid
2663 3338 3005 3410 significaret
3054 3329 3337 3398 narratio,
3397 3328 3613 3386 felicem

2026 3455 2159 3495 vero
2192 3436 2557 3508 pronuntians
2585 3441 2639 3487 et
2673 3434 2892 3487 heatmn
2924 3429 3018 3501 qui
3067 3427 3134 3483 ad
3182 3434 3392 3479 tantam
3442 3421 3614 3491 digni-

2031 3538 2196 3584 tatem
2252 3532 2585 3591 accesserat,
2633 3532 2693 3577 ut
2752 3523 2889 3577 tales
2950 3527 3172 3575 sanctos
3225 3531 3290 3571 ac
3320 3522 3502 3569 tantos
3556 3513 3613 3565 in

2029 3620 2342 3678 convivium
2397 3627 2560 3687 atque
2624 3616 2925 3686 hOSpitium
2976 3610 3335 3680 suscepisset.
3384 3605 3454 3660 Et
3506 3603 3614 3659 hoc

2030 3713 2250 3785 quidem
2296 3709 2442 3779 quod
2498 3723 2595 3779 per
2647 3707 2921 3762 somnium
2967 3703 3175 3758 viderat
3228 3699 3444 3771 penitus
3495 3701 3613 3751 erat

2032 3800 2392 3872 incognitum,
2420 3797 2592 3854 donec
2617 3795 2684 3852 de
2717 3794 2923 3866 peracti
2952 3791 3203 3846 miraculi
3224 3788 3615 3859 explanaretur

2031 3895 2251 3952 eﬂectu.

2102 4072 2217 4141 Ego
2240 4078 2422 4125 autem
2459 4073 2777 4123 sanctorum
2802 4062 2963 4117 laudo
2990 4075 3115 4116 cum
3149 4058 3404 4113 omnibus
3424 4064 3480 4112 et
3510 4055 3618 4110 hoc

2033 4162 2385 4223 miraculum,
2426 4171 2482 4214 et
2527 4156 2673 4228 quod
2728 4157 2869 4211 bene
2935 4154 2990 4208 in
3030 4152 3290 4207 omnibus
3330 4149 3616 4207 Christum

2034 4254 2312 4308 doctorem
2338 4259 2391 4306 et
2415 4250 2583 4305 Deum
2614 4249 2860 4304 omnium
2889 4253 3270 4316 assequentes,
3298 4258 3401 4298 nec
3434 4244 3614 4313 ipsum

2036 4345 2368 4400 miraculum
2410 4341 2833 4398 simulaverint.
2858 4337 2996 4392 Dum
3037 4353 3067 4392 a
3103 4336 3392 4406 discipulis
3422 4343 3481 4389 ut
3517 4349 3613 4389 co-

350 4427 452 4496 τῆς
480 4424 796 4496 Σαμαρείας
832 4423 1160 4494 καθήμενος,
1200 4424 1296 4476 καὶ
1325 4423 1460 4495 πρὸς
1488 4422 1597 4477 τῶν
1663 4423 1923 4493 μαθητῶν

2032 4438 2271 4491 mederet
2315 4434 2647 4496 hortaretur,
2672 4431 2739 4486 ad
2781 4446 2878 4486 eos
2902 4429 3216 4501 respondit:
3266 4428 3379 4499 Ego
3413 4427 3602 4483 cibum

358 4519 558 4586 φαγεῖν
575 4516 1036 4587 προτρεπόμενος,
1050 4515 1191 4568 οὕτω
1212 4515 1344 4586 πρὸς
1364 4514 1561 4578 αὐτοὺς
1576 4515 1932 4586 ἁπεκρίνατο·

364 4602 508 4672 Ἐγὼ
534 4602 733 4674 βρῶσιν
761 4603 868 4675 ἔχω
899 4605 1092 4672 φαγεῖν
1110 4602 1176 4674 ἣν
1205 4604 1360 4674 ὑμεῖς
1388 4605 1488 4657 οὐκ
1503 4604 1705 4658 οῐδατεο
1731 4604 1934 4675 βρῶσιν

356 4695 525 4750 είπὼν
552 4694 651 4768 τὴν
676 4696 783 4750 τῶν
812 4698 893 4760 εἰς
925 4696 1087 4750 αὑτὸν
1116 4696 1481 4752 πιστευόντων
1526 4698 1803 4769 σωτηρίαν
1839 4699 1937 4751 καὶ

354 4790 594 4861 τερπνὴν
614 4788 1010 4862 ἀπολύτρωσιν.
1025 4789 1191 4860 Ἐμδν
1208 4790 1314 4861 γὰρ
1331 4789 1547 4861 βρῶμα,
1566 4792 1753 4859 φησὶν,
1786 4791 1936 4846 ἐστὶν

358 4880 444 4932 ἵνα
475 4879 614 4933 ποιῶ
653 4878 748 4932 τοῦ
778 4879 1096 4950 πέμψαντός
1131 4894 1197 4948 με
1211 4881 1421 4949 Harpe;
1448 4873 1533 4951 [τὸ
1568 4878 1808 4952 θέλημα]
1841 4881 1937 4933 καὶ

357 4971 632 5024 τελειώσω
670 4971 838 5024 αὑτοῦ
865 4971 926 5023 τὸ
957 4970 1140 5041 ἔργον.
1161 4970 1362 5041 Ἔργον
1391 4970 1447 5022 δὲ
1476 4970 1571 5023 καὶ
1601 4970 1813 5041 θέλημα
1837 4970 1935 5024 τυῦ

361 5061 574 5133 ιιατρδς
606 5062 792 5134 ἕτερον
821 5062 974 5116 οὐδὲν
1018 5063 1051 5134 ἢ
1086 5062 1291 5116 τούτων
1325 5063 1358 5134 ἡ
1389 5062 1635 5133 σωτηρία
1667 5062 1936 5134 καθέστη-

360 5153 670 5211 atem-061(1)
691 5155 789 5208 καὶ
818 5153 914 5207 νῦν
953 5154 1207 5224 Ἰωάννης
1237 5154 1332 5207 καὶ
1364 5153 1546 5224 Κῦρος
1578 5156 1628 5207 οἰ
1664 5155 1938 5227 μάρτυρες

360 5247 565 5318 βρῶσιν
603 5248 829 5310 εἰκότως
861 5251 957 5299 καὶ
980 5247 1194 5323 δεῖπνον
1237 5245 1504 5299 ἐκάλεσαν
1528 5247 1630 5317 τὴν
1662 5248 1936 5319 σωτηρίαν

357 5340 459 5408 τῆς
502 5338 715 5401 παιδὸς,
747 5338 1152 5409 προμηνύοντες
1202 5338 1296 5391 καί
1329 5339 1389 5390 τὸ
1424 5338 1648 5406 γεγονὸς
1680 5341 1769 5392 ἐπ’
1795 5340 1932 5411 αὐτῇ

359 5429 549 5501 θαῦμα
596 5429 921 5501 παράδοξον,
959 5430 1034 5493 ib;
1062 5420 1261 5500 τρὲιρον
1288 5429 1465 5483 αὐτῶν
1495 5432 1687 5483 πεῖναν
1724 5430 1937 5501 ἀγαθὴν

361 5523 456 5575 καὶ
495 5520 899 5592 φιλάνθρωπον,
932 5523 1027 5576 καὶ
1055 5523 1257 5592 τέρπον
1294 5521 1473 5574 αὐτῶν
1506 5522 1605 5591 τὴν
1641 5503 1813 5592 ἁγνὴν
1843 5524 1937 5575 καὶ

362 5611 654 5681 φιλόσοφον
710 5612 990 5683 πρόθεσιν.
1020 5612 1214 5683 Ἡμεῖς
1259 5611 1314 5664 δὲ
1347 5612 1407 5664 τὸ
1437 5612 1568 5682 περὶ
1596 5612 1696 5682 τῆς
1744 5612 1935 5677 παιδὸς

360 5701 593 5758 ἰδδταῦθα
629 5702 875 5776 διήγημα
924 5704 1350 5778 περαιώσαντες,
1376 5704 1467 5758 καὶ
1510 5707 1620 5769 τοῖς
1666 5705 1933 5760 σεσωκότι

2040 4528 2214 4583 habeo
2241 4526 2548 4590 comedere,
2584 4539 2744 4594 quem
2771 4537 2867 4577 vos
2900 4522 3159 4587 nescitis;
3194 4520 3375 4574 cihmn
3420 4519 3612 4574 dicens

2039 4619 2093 4673 in
2122 4635 2182 4674 se
2214 4617 2560 4673 credentium
2601 4617 2861 4679 salutem,
2897 4625 2952 4670 et
2988 4613 3419 4683 redemptionem
3451 4618 3611 4681 opta-

2038 4720 2183 4777 tam;
2218 4725 2373 4765 meus
2404 4709 2550 4764 enim
2583 4708 2767 4773 cibus,
2796 4708 2997 4775 inquit,
3036 4714 3142 4770 est,
3183 4714 3240 4760 ιιι
3275 4705 3474 4760 faciam
3514 4719 3613 4759 vo-

2039 4803 2300 4857 luntatem
2330 4800 2450 4869 ejus
2481 4798 2575 4869 qui
2609 4814 2695 4853 me
2737 4798 2886 4853 misit
2944 4795 3147 4860 Patris,
3206 4806 3261 4850 et
3310 4810 3449 4864 opus
3493 4795 3615 4866 ejus

2040 4890 2339 4963 perﬁciant.
2363 4886 2516 4959 Opus
2546 4895 2726 4941 autem
2762 4896 2818 4942 et
2844 4886 3099 4942 voluntas
3133 4885 3307 4941 Patris
3362 4884 3494 4939 nihil
3528 4893 3613 4939 est

2039 4980 2187 5034 aliud
2221 4993 2383 5049 quam
2409 4978 2560 5031 salus
2588 4990 2780 5032 eorum
2831 4977 2925 5046 qui
2979 4984 3109 5030 sunt
3166 4989 3333 5044 super
3384 4983 3608 5028 terram.

2038 5073 2117 5127 Ita
2148 5071 2312 5126 ctiam
2340 5085 2487 5125 nunc
2509 5067 2752 5124 Joannes
2805 5076 2861 5124 et
2882 5067 3066 5140 Cyrus
3115 5068 3377 5123 amabiles
3406 5066 3610 5122 Christi

2039 5172 2307 5234 martyres
2334 5170 2638 5232 opportune
2685 5161 2866 5217 cibum
2900 5173 2949 5216 et
2982 5176 3196 5215 caenam
3248 5158 3491 5213 (licentes
3525 5172 3611 5213 sa-

2037 5255 2205 5309 lutem
2236 5238 2495 5323 parvulaa,
2535 5252 2905 5323 pradixerunt
2930 5260 2983 5306 et
3007 5251 3155 5321 quod
3190 5250 3331 5303 ultra
3374 5263 3523 5318 spem
3554 5249 3611 5304 in

2037 5346 2100 5400 e'a
2159 5344 2359 5399 factum
2411 5353 2495 5400 est
2527 5343 2891 5407 miraculum,
2930 5349 3116 5412 utpote
3178 5341 3423 5395 nutriens
3472 5339 3614 5395 beni-

2038 5451 2199 5507 gnam
2221 5450 2409 5488 eorum
2434 5446 2486 5490 et
2509 5435 2799 5488 humanam
2835 5432 3092 5493 esuriem,
3118 5430 3441 5487 delectabile
3475 5446 3614 5499 quo~

2037 5542 2142 5597 que
2169 5533 2225 5579 et
2260 5525 2577 5579 venerabile
2605 5534 2932 5595 gratumque
2965 5522 3331 5593 propositum.
3354 5521 3463 5576 Nos
3486 5535 3616 5575 vero

2038 5616 2282 5690 parvula:
2316 5602 2690 5673 narrationem
2728 5616 3038 5688 explentes,
3075 5623 3129 5669 et
3157 5614 3251 5685 qui
3285 5627 3403 5666 cam
3437 5612 3615 5668 salva-

2038 5720 2231 5768 verunt
2261 5710 2600 5777 martyribus
2633 5727 2798 5772 voces
2844 5706 3143 5764 laudifcras
3174 5704 3507 5769 ctnittcntcs,
3536 5703 3618 5756 al-
