  <div class='ocr_page' id='page_1' title='image "/cluster/home/n/w/nwhite01/storage/ocr_20150623/87:3/hvd.32044069650125/341.png"; bbox 0 0 4020 6204; ppageno 0'>
   <div class='ocr_carea' id='block_1_1' title="bbox 373 293 532 355">
    <p class='ocr_par' dir='ltr' id='par_1_1' title="bbox 373 293 532 355">
     <span class='ocr_line' id='line_1_1' title="bbox 373 293 532 355; baseline 0.006 -1"><span class='ocrx_word' id='word_1_1' title='bbox 373 293 532 355; x_wconf 66' lang='grc'><strong>3455·</strong></span> 
     </span>
    </p>
   </div>
   <div class='ocr_carea' id='block_1_2' title="bbox 1243 271 2738 359">
    <p class='ocr_par' dir='ltr' id='par_1_2' title="bbox 1243 271 2738 359">
     <span class='ocr_line' id='line_1_2' title="bbox 1243 271 2738 359; baseline -0.001 -4"><span class='ocrx_word' id='word_1_2' title='bbox 1243 298 1300 356; x_wconf 90' lang='lat' dir='ltr'><strong>s.</strong></span> <span class='ocrx_word' id='word_1_3' title='bbox 1326 296 1746 359; x_wconf 80' lang='lat' dir='ltr'><strong>SOPHRONII</strong></span> <span class='ocrx_word' id='word_1_4' title='bbox 1784 295 2290 357; x_wconf 66' lang='lat' dir='ltr'><strong>PATRPARCILE</strong></span> <span class='ocrx_word' id='word_1_5' title='bbox 2319 271 2738 356; x_wconf 31' lang='lat' dir='ltr'><strong>HIE‘BOSOL.</strong></span> 
     </span>
    </p>
   </div>
   <div class='ocr_carea' id='block_1_3' title="bbox 3478 282 3623 349">
    <p class='ocr_par' dir='ltr' id='par_1_3' title="bbox 3478 282 3623 349">
     <span class='ocr_line' id='line_1_3' title="bbox 3478 282 3623 349; baseline -0.014 0"><span class='ocrx_word' id='word_1_6' title='bbox 3478 282 3623 349; x_wconf 66' lang='grc'><strong>3456</strong></span> 
     </span>
    </p>
   </div>
   <div class='ocr_carea' id='block_1_4' title="bbox 377 397 1968 476">
    <p class='ocr_par' dir='ltr' id='par_1_4' title="bbox 377 401 1944 472">
     <span class='ocr_line' id='line_1_4' title="bbox 377 401 1944 472; baseline 0.005 -20"><span class='ocrx_word' id='word_1_7' title='bbox 377 401 550 454; x_wconf 81' lang='lat' dir='ltr'><strong>terius</strong></span> <span class='ocrx_word' id='word_1_8' title='bbox 599 416 789 455; x_wconf 88' lang='lat' dir='ltr'><strong>eorum</strong></span> <span class='ocrx_word' id='word_1_9' title='bbox 823 403 1155 456; x_wconf 66' lang='lat' dir='ltr'><strong>admiranda:</strong></span> <span class='ocrx_word' id='word_1_10' title='bbox 1194 405 1529 472; x_wconf 84' lang='lat' dir='ltr'><strong>Operationis</strong></span> <span class='ocrx_word' id='word_1_11' title='bbox 1565 405 1944 461; x_wconf 83' lang='lat' dir='ltr'><strong>describemus</strong></span> 
     </span>
    </p>
   </div>
   <div class='ocr_carea' id='block_1_5' title="bbox 2072 397 3623 476">
    <p class='ocr_par' dir='ltr' id='par_1_5' title="bbox 2072 397 3623 476">
     <span class='ocr_line' id='line_1_5' title="bbox 2072 397 3623 476; baseline -0.004 -20"><span class='ocrx_word' id='word_1_12' title='bbox 2072 407 2284 476; x_wconf 85' lang='grc' dir='ltr'>ιάρτυσι</span> <span class='ocrx_word' id='word_1_13' title='bbox 2332 409 2444 469; x_wconf 72' lang='grc' dir='ltr'>τὰς’</span> <span class='ocrx_word' id='word_1_14' title='bbox 2484 406 2763 475; x_wconf 80' lang='grc' dir='ltr'>εὐφήμους</span> <span class='ocrx_word' id='word_1_15' title='bbox 2812 402 2942 472; x_wconf 70' lang='grc' dir='ltr'>βοὰς</span> <span class='ocrx_word' id='word_1_16' title='bbox 2990 399 3436 470; x_wconf 62' lang='grc' dir='ltr'>ἀναπέμψαντες,</span> <span class='ocrx_word' id='word_1_17' title='bbox 3494 397 3623 452; x_wconf 75' lang='grc' dir='ltr'>ἄλλο</span> 
     </span>
    </p>
   </div>
   <div class='ocr_carea' id='block_1_6' title="bbox 374 495 1938 567">
    <p class='ocr_par' dir='ltr' id='par_1_6' title="bbox 374 495 1938 567">
     <span class='ocr_line' id='line_1_6' title="bbox 374 495 1938 567; baseline 0.004 -19"><span class='ocrx_word' id='word_1_18' title='bbox 374 504 674 559; x_wconf 75' lang='lat' dir='ltr'><strong>assertum,</strong></span> <span class='ocrx_word' id='word_1_19' title='bbox 709 495 772 549; x_wconf 86' lang='lat' dir='ltr'><strong>ad</strong></span> <span class='ocrx_word' id='word_1_20' title='bbox 793 496 1003 549; x_wconf 81' lang='lat' dir='ltr'><strong>laudem</strong></span> <span class='ocrx_word' id='word_1_21' title='bbox 1029 505 1080 550; x_wconf 89' lang='lat' dir='ltr'><strong>et</strong></span> <span class='ocrx_word' id='word_1_22' title='bbox 1113 497 1340 567; x_wconf 77' lang='lat' dir='ltr'><strong>gloriam</strong></span> <span class='ocrx_word' id='word_1_23' title='bbox 1373 497 1585 554; x_wconf 84' lang='lat' dir='ltr'><strong>Domini</strong></span> <span class='ocrx_word' id='word_1_24' title='bbox 1611 501 1794 554; x_wconf 83' lang='lat' dir='ltr'><strong>nostri</strong></span> <span class='ocrx_word' id='word_1_25' title='bbox 1810 499 1938 555; x_wconf 79' lang='lat' dir='ltr'><strong>Jesu</strong></span> 
     </span>
    </p>
   </div>
   <div class='ocr_carea' id='block_1_7' title="bbox 375 585 604 636">
    <p class='ocr_par' dir='ltr' id='par_1_7' title="bbox 375 585 604 636">
     <span class='ocr_line' id='line_1_7' title="bbox 375 585 604 636; baseline 0 0"><span class='ocrx_word' id='word_1_26' title='bbox 375 585 604 636; x_wconf 76' lang='lat' dir='ltr'><strong>Christi.</strong></span> 
     </span>
    </p>
   </div>
   <div class='ocr_carea' id='block_1_8' title="bbox 445 695 1875 772">
    <p class='ocr_par' dir='ltr' id='par_1_8' title="bbox 445 695 1875 772">
     <span class='ocr_line' id='line_1_8' title="bbox 445 695 1875 772; baseline 0.008 -24"><span class='ocrx_word' id='word_1_27' title='bbox 445 696 561 750; x_wconf 77' lang='grc' dir='ltr'><strong>ΧΗ.</strong></span> <span class='ocrx_word' id='word_1_28' title='bbox 604 695 676 749; x_wconf 87' lang='lat' dir='ltr'><strong>De</strong></span> <span class='ocrx_word' id='word_1_29' title='bbox 702 695 921 772; x_wconf 72' lang='lat' dir='ltr'><strong>Iuliano</strong></span> <span class='ocrx_word' id='word_1_30' title='bbox 953 701 1141 753; x_wconf 77' lang='lat' dir='ltr'><strong>comite</strong></span> <span class='ocrx_word' id='word_1_31' title='bbox 1177 703 1266 769; x_wconf 84' lang='lat' dir='ltr'><strong>qui</strong></span> <span class='ocrx_word' id='word_1_32' title='bbox 1295 718 1358 755; x_wconf 70' lang='lat' dir='ltr'><strong>ea:</strong></span> <span class='ocrx_word' id='word_1_33' title='bbox 1401 703 1664 772; x_wconf 83' lang='lat' dir='ltr'><strong>male/icio</strong></span> <span class='ocrx_word' id='word_1_34' title='bbox 1700 706 1875 758; x_wconf 74' lang='lat' dir='ltr'><strong>disso—</strong></span> 
     </span>
    </p>
   </div>
   <div class='ocr_carea' id='block_1_9' title="bbox 886 769 1436 827">
    <p class='ocr_par' dir='ltr' id='par_1_9' title="bbox 886 769 1436 827">
     <span class='ocr_line' id='line_1_9' title="bbox 886 769 1436 827; baseline 0.009 -6"><span class='ocrx_word' id='word_1_35' title='bbox 886 769 1026 822; x_wconf 81' lang='lat' dir='ltr'><strong>lutus</strong></span> <span class='ocrx_word' id='word_1_36' title='bbox 1058 782 1137 823; x_wconf 80' lang='lat' dir='ltr'><strong>est</strong></span> <span class='ocrx_word' id='word_1_37' title='bbox 1173 773 1436 827; x_wconf 75' lang='lat' dir='ltr'><strong>membris.</strong></span> 
     </span>
    </p>
   </div>
   <div class='ocr_carea' id='block_1_10' title="bbox 443 853 1947 932">
    <p class='ocr_par' dir='ltr' id='par_1_10' title="bbox 443 853 1947 932">
     <span class='ocr_line' id='line_1_10' title="bbox 443 853 1947 932; baseline 0.007 -25"><span class='ocrx_word' id='word_1_38' title='bbox 443 853 716 921; x_wconf 80' lang='lat' dir='ltr'><strong>Julianus,</strong></span> <span class='ocrx_word' id='word_1_39' title='bbox 754 857 846 925; x_wconf 88' lang='lat' dir='ltr'><strong>qui</strong></span> <span class='ocrx_word' id='word_1_40' title='bbox 875 860 1042 926; x_wconf 77' lang='lat' dir='ltr'><strong>magis</strong></span> <span class='ocrx_word' id='word_1_41' title='bbox 1086 877 1230 914; x_wconf 84' lang='lat' dir='ltr'><strong>imoc</strong></span> <span class='ocrx_word' id='word_1_42' title='bbox 1269 871 1354 916; x_wconf 87' lang='lat' dir='ltr'><strong>est</strong></span> <span class='ocrx_word' id='word_1_43' title='bbox 1391 879 1552 930; x_wconf 86' lang='lat' dir='ltr'><strong>quam</strong></span> <span class='ocrx_word' id='word_1_44' title='bbox 1599 864 1752 932; x_wconf 90' lang='lat' dir='ltr'><strong>prius</strong></span> <span class='ocrx_word' id='word_1_45' title='bbox 1781 865 1947 917; x_wconf 84' lang='lat' dir='ltr'><strong>mira-</strong></span> 
     </span>
    </p>
   </div>
   <div class='ocr_carea' id='block_1_11' title="bbox 377 947 1948 1022">
    <p class='ocr_par' dir='ltr' id='par_1_11' title="bbox 377 947 1948 1022">
     <span class='ocr_line' id='line_1_11' title="bbox 377 947 1948 1022; baseline 0.005 -22"><span class='ocrx_word' id='word_1_46' title='bbox 377 947 526 1010; x_wconf 86' lang='lat' dir='ltr'><strong>bilis,</strong></span> <span class='ocrx_word' id='word_1_47' title='bbox 555 948 644 1015; x_wconf 87' lang='lat' dir='ltr'><strong>qui</strong></span> <span class='ocrx_word' id='word_1_48' title='bbox 669 949 824 1015; x_wconf 91' lang='lat' dir='ltr'><strong>copia</strong></span> <span class='ocrx_word' id='word_1_49' title='bbox 865 952 1218 1018; x_wconf 83' lang='lat' dir='ltr'><strong>pecuniarum</strong></span> <span class='ocrx_word' id='word_1_50' title='bbox 1257 953 1517 1016; x_wconf 85' lang='lat' dir='ltr'><strong>abundat,</strong></span> <span class='ocrx_word' id='word_1_51' title='bbox 1551 962 1603 1007; x_wconf 87' lang='lat' dir='ltr'><strong>et</strong></span> <span class='ocrx_word' id='word_1_52' title='bbox 1638 955 1948 1022; x_wconf 84' lang='lat' dir='ltr'><strong>possessio-</strong></span> 
     </span>
    </p>
   </div>
   <div class='ocr_carea' id='block_1_12' title="bbox 374 1040 1944 1114">
    <p class='ocr_par' dir='ltr' id='par_1_12' title="bbox 374 1040 1944 1114">
     <span class='ocr_line' id='line_1_12' title="bbox 374 1040 1944 1114; baseline 0.007 -25"><span class='ocrx_word' id='word_1_53' title='bbox 374 1040 538 1094; x_wconf 88' lang='lat' dir='ltr'><strong>nibus</strong></span> <span class='ocrx_word' id='word_1_54' title='bbox 574 1041 791 1092; x_wconf 83' lang='lat' dir='ltr'><strong>virtutis</strong></span> <span class='ocrx_word' id='word_1_55' title='bbox 817 1058 922 1094; x_wconf 93' lang='lat' dir='ltr'><strong>non</strong></span> <span class='ocrx_word' id='word_1_56' title='bbox 953 1044 1154 1103; x_wconf 70' lang='lat' dir='ltr'><strong>deﬁcit.</strong></span> <span class='ocrx_word' id='word_1_57' title='bbox 1193 1045 1284 1114; x_wconf 91' lang='lat' dir='ltr'><strong>qui</strong></span> <span class='ocrx_word' id='word_1_58' title='bbox 1326 1061 1499 1114; x_wconf 81' lang='lat' dir='ltr'><strong>genus</strong></span> <span class='ocrx_word' id='word_1_59' title='bbox 1534 1045 1686 1098; x_wconf 89' lang='lat' dir='ltr'><strong>ducit</strong></span> <span class='ocrx_word' id='word_1_60' title='bbox 1711 1045 1944 1114; x_wconf 78' lang='lat' dir='ltr'><strong>insigne,</strong></span> 
     </span>
    </p>
   </div>
   <div class='ocr_carea' id='block_1_13' title="bbox 376 1134 1948 1206">
    <p class='ocr_par' dir='ltr' id='par_1_13' title="bbox 376 1134 1948 1206">
     <span class='ocr_line' id='line_1_13' title="bbox 376 1134 1948 1206; baseline 0.004 -24"><span class='ocrx_word' id='word_1_61' title='bbox 376 1141 429 1184; x_wconf 76' lang='lat' dir='ltr'><strong>et</strong></span> <span class='ocrx_word' id='word_1_62' title='bbox 455 1134 710 1186; x_wconf 87' lang='lat' dir='ltr'><strong>omnibus</strong></span> <span class='ocrx_word' id='word_1_63' title='bbox 759 1142 1016 1203; x_wconf 85' lang='lat' dir='ltr'><strong>tanquam</strong></span> <span class='ocrx_word' id='word_1_64' title='bbox 1072 1138 1344 1203; x_wconf 80' lang='lat' dir='ltr'><strong>gloriosus</strong></span> <span class='ocrx_word' id='word_1_65' title='bbox 1379 1137 1638 1199; x_wconf 88' lang='lat' dir='ltr'><strong>innotuit,</strong></span> <span class='ocrx_word' id='word_1_66' title='bbox 1671 1137 1948 1206; x_wconf 85' lang='lat' dir='ltr'><strong>duplicem</strong></span> 
     </span>
    </p>
   </div>
   <div class='ocr_carea' id='block_1_14' title="bbox 381 1221 1950 1294">
    <p class='ocr_par' dir='ltr' id='par_1_14' title="bbox 381 1221 1950 1294">
     <span class='ocr_line' id='line_1_14' title="bbox 381 1221 1950 1294; baseline 0.003 -22"><span class='ocrx_word' id='word_1_67' title='bbox 381 1221 585 1275; x_wconf 88' lang='lat' dir='ltr'><strong>habens</strong></span> <span class='ocrx_word' id='word_1_68' title='bbox 623 1222 1016 1287; x_wconf 79' lang='lat' dir='ltr'><strong>inﬁrmitatem,</strong></span> <span class='ocrx_word' id='word_1_69' title='bbox 1051 1234 1103 1276; x_wconf 84' lang='lat' dir='ltr'><strong>et</strong></span> <span class='ocrx_word' id='word_1_70' title='bbox 1141 1226 1412 1292; x_wconf 74' lang='lat' dir='ltr'><strong>duplicem</strong></span> <span class='ocrx_word' id='word_1_71' title='bbox 1448 1243 1612 1294; x_wconf 90' lang='lat' dir='ltr'><strong>super</strong></span> <span class='ocrx_word' id='word_1_72' title='bbox 1644 1229 1744 1279; x_wconf 84' lang='lat' dir='ltr'><strong>hac</strong></span> <span class='ocrx_word' id='word_1_73' title='bbox 1777 1228 1950 1294; x_wconf 87' lang='lat' dir='ltr'><strong>perci-</strong></span> 
     </span>
    </p>
   </div>
   <div class='ocr_carea' id='block_1_15' title="bbox 379 1313 1950 1385">
    <p class='ocr_par' dir='ltr' id='par_1_15' title="bbox 379 1313 1950 1385">
     <span class='ocr_line' id='line_1_15' title="bbox 379 1313 1950 1385; baseline 0.005 -21"><span class='ocrx_word' id='word_1_74' title='bbox 379 1313 536 1382; x_wconf 83' lang='lat' dir='ltr'><strong>piens</strong></span> <span class='ocrx_word' id='word_1_75' title='bbox 581 1315 894 1378; x_wconf 82' lang='lat' dir='ltr'><strong>sanilatem,</strong></span> <span class='ocrx_word' id='word_1_76' title='bbox 929 1318 995 1369; x_wconf 90' lang='lat' dir='ltr'><strong>ad</strong></span> <span class='ocrx_word' id='word_1_77' title='bbox 1039 1317 1409 1370; x_wconf 86' lang='lat' dir='ltr'><strong>narrationem</strong></span> <span class='ocrx_word' id='word_1_78' title='bbox 1454 1318 1719 1385; x_wconf 81' lang='lat' dir='ltr'><strong>procedit,</strong></span> <span class='ocrx_word' id='word_1_79' title='bbox 1771 1319 1950 1372; x_wconf 85' lang='lat' dir='ltr'><strong>adhuc</strong></span> 
     </span>
    </p>
   </div>
   <div class='ocr_carea' id='block_1_16' title="bbox 379 1405 1947 1476">
    <p class='ocr_par' dir='ltr' id='par_1_16' title="bbox 379 1405 1947 1476">
     <span class='ocr_line' id='line_1_16' title="bbox 379 1405 1947 1476; baseline 0.007 -23"><span class='ocrx_word' id='word_1_80' title='bbox 379 1405 598 1472; x_wconf 77' lang='lat' dir='ltr'><strong>quidem</strong></span> <span class='ocrx_word' id='word_1_81' title='bbox 634 1405 754 1458; x_wconf 73' lang='lat' dir='ltr'><strong>vitze</strong></span> <span class='ocrx_word' id='word_1_82' title='bbox 797 1415 1100 1474; x_wconf 87' lang='lat' dir='ltr'><strong>superstes.</strong></span> <span class='ocrx_word' id='word_1_83' title='bbox 1145 1418 1197 1461; x_wconf 89' lang='lat' dir='ltr'><strong>et</strong></span> <span class='ocrx_word' id='word_1_84' title='bbox 1249 1424 1346 1462; x_wconf 84' lang='lat' dir='ltr'><strong>sua</strong></span> <span class='ocrx_word' id='word_1_85' title='bbox 1389 1411 1647 1465; x_wconf 88' lang='lat' dir='ltr'><strong>omnibus</strong></span> <span class='ocrx_word' id='word_1_86' title='bbox 1684 1411 1947 1476; x_wconf 79' lang='lat' dir='ltr'><strong>referens,</strong></span> 
     </span>
    </p>
   </div>
   <div class='ocr_carea' id='block_1_17' title="bbox 380 1495 1948 1572">
    <p class='ocr_par' dir='ltr' id='par_1_17' title="bbox 380 1495 1948 1572">
     <span class='ocr_line' id='line_1_17' title="bbox 380 1495 1948 1572; baseline 0.007 -28"><span class='ocrx_word' id='word_1_87' title='bbox 380 1495 493 1547; x_wconf 86' lang='lat' dir='ltr'><strong>vult</strong></span> <span class='ocrx_word' id='word_1_88' title='bbox 522 1503 698 1547; x_wconf 87' lang='lat' dir='ltr'><strong>tamen</strong></span> <span class='ocrx_word' id='word_1_89' title='bbox 744 1504 796 1548; x_wconf 87' lang='lat' dir='ltr'><strong>et</strong></span> <span class='ocrx_word' id='word_1_90' title='bbox 841 1498 942 1549; x_wconf 87' lang='lat' dir='ltr'><strong>hoc</strong></span> <span class='ocrx_word' id='word_1_91' title='bbox 986 1509 1173 1552; x_wconf 87' lang='lat' dir='ltr'><strong>nostro</strong></span> <span class='ocrx_word' id='word_1_92' title='bbox 1213 1500 1535 1554; x_wconf 87' lang='lat' dir='ltr'><strong>brevissimo</strong></span> <span class='ocrx_word' id='word_1_93' title='bbox 1561 1501 1698 1572; x_wconf 86' lang='lat' dir='ltr'><strong>stylo</strong></span> <span class='ocrx_word' id='word_1_94' title='bbox 1733 1503 1948 1566; x_wconf 77' lang='lat' dir='ltr'><strong>referri,</strong></span> 
     </span>
    </p>
   </div>
   <div class='ocr_carea' id='block_1_18' title="bbox 379 1591 1953 1662">
    <p class='ocr_par' dir='ltr' id='par_1_18' title="bbox 379 1591 1953 1662">
     <span class='ocr_line' id='line_1_18' title="bbox 379 1591 1953 1662; baseline 0.006 -25"><span class='ocrx_word' id='word_1_95' title='bbox 379 1595 432 1637; x_wconf 90' lang='lat' dir='ltr'><strong>ct</strong></span> <span class='ocrx_word' id='word_1_96' title='bbox 464 1595 723 1662; x_wconf 79' lang='lat' dir='ltr'><strong>tanquam</strong></span> <span class='ocrx_word' id='word_1_97' title='bbox 777 1591 869 1654; x_wconf 89' lang='lat' dir='ltr'><strong>qui</strong></span> <span class='ocrx_word' id='word_1_98' title='bbox 901 1591 1142 1656; x_wconf 88' lang='lat' dir='ltr'><strong>supersit</strong></span> <span class='ocrx_word' id='word_1_99' title='bbox 1194 1606 1432 1658; x_wconf 79' lang='lat' dir='ltr'><strong>semper,</strong></span> <span class='ocrx_word' id='word_1_100' title='bbox 1495 1607 1655 1645; x_wconf 86' lang='lat' dir='ltr'><strong>suum</strong></span> <span class='ocrx_word' id='word_1_101' title='bbox 1720 1595 1953 1662; x_wconf 76' lang='lat' dir='ltr'><strong>posteris</strong></span> 
     </span>
    </p>
   </div>
   <div class='ocr_carea' id='block_1_19' title="bbox 383 1660 1947 1748">
    <p class='ocr_par' dir='ltr' id='par_1_19' title="bbox 383 1660 1947 1748">
     <span class='ocr_line' id='line_1_19' title="bbox 383 1660 1947 1748; baseline 0.006 -22"><span class='ocrx_word' id='word_1_102' title='bbox 383 1660 680 1743; x_wconf 45' lang='lat' dir='ltr'><strong>pragdicare</strong></span> <span class='ocrx_word' id='word_1_103' title='bbox 712 1677 1067 1743; x_wconf 84' lang='lat' dir='ltr'><strong>miraculum;</strong></span> <span class='ocrx_word' id='word_1_104' title='bbox 1109 1681 1268 1748; x_wconf 83' lang='lat' dir='ltr'><strong>cujus</strong></span> <span class='ocrx_word' id='word_1_105' title='bbox 1305 1679 1554 1733; x_wconf 83' lang='lat' dir='ltr'><strong>aﬂ&#39;ectum</strong></span> <span class='ocrx_word' id='word_1_106' title='bbox 1590 1685 1947 1745; x_wconf 81' lang='lat' dir='ltr'><strong>admirantes,</strong></span> 
     </span>
    </p>
   </div>
   <div class='ocr_carea' id='block_1_20' title="bbox 2050 493 2949 566">
    <p class='ocr_par' dir='ltr' id='par_1_20' title="bbox 2050 493 2949 566">
     <span class='ocr_line' id='line_1_20' title="bbox 2050 493 2949 566; baseline -0.003 -16"><span class='ocrx_word' id='word_1_107' title='bbox 2050 497 2227 550; x_wconf 77' lang='grc' dir='ltr'>αὐτῶν</span> <span class='ocrx_word' id='word_1_108' title='bbox 2256 498 2499 566; x_wconf 78' lang='grc' dir='ltr'><strong>διήγημα</strong></span> <span class='ocrx_word' id='word_1_109' title='bbox 2525 493 2949 566; x_wconf 56' lang='grc' dir='ltr'>ἀναγράφωμεν.</span> 
     </span>
    </p>
   </div>
   <div class='ocr_carea' id='block_1_21' title="bbox 2049 672 3627 757">
    <p class='ocr_par' dir='ltr' id='par_1_21' title="bbox 2049 672 3627 757">
     <span class='ocr_line' id='line_1_21' title="bbox 2049 672 3627 757; baseline -0.006 -13"><span class='ocrx_word' id='word_1_110' title='bbox 2049 692 2147 744; x_wconf 86' lang='lat' dir='ltr'><strong>IB&#39;.</strong></span> <span class='ocrx_word' id='word_1_111' title='bbox 2175 691 2311 757; x_wconf 77' lang='grc' dir='ltr'>Περὶ</span> <span class='ocrx_word' id='word_1_112' title='bbox 2354 689 2688 743; x_wconf 64' lang='grc' dir='ltr'>Ἰουλιανοῦ</span> <span class='ocrx_word' id='word_1_113' title='bbox 2734 688 2838 742; x_wconf 80' lang='grc' dir='ltr'>τοῦ</span> <span class='ocrx_word' id='word_1_114' title='bbox 2882 672 3138 756; x_wconf 76' lang='grc' dir='ltr'>κόμήτος</span> <span class='ocrx_word' id='word_1_115' title='bbox 3175 688 3244 739; x_wconf 73' lang='grc' dir='ltr'>ἐκ</span> <span class='ocrx_word' id='word_1_116' title='bbox 3293 685 3627 754; x_wconf 72' lang='grc' dir='ltr'>περιεργίας</span> 
     </span>
    </p>
   </div>
   <div class='ocr_carea' id='block_1_22' title="bbox 2356 758 3318 827">
    <p class='ocr_par' dir='ltr' id='par_1_22' title="bbox 2356 758 3318 827">
     <span class='ocr_line' id='line_1_22' title="bbox 2356 758 3318 827; baseline -0.004 -16"><span class='ocrx_word' id='word_1_117' title='bbox 2356 759 2740 827; x_wconf 77' lang='grc' dir='ltr'>παρειθέντος</span> <span class='ocrx_word' id='word_1_118' title='bbox 2778 760 2848 812; x_wconf 85' lang='grc' dir='ltr'>τὰ</span> <span class='ocrx_word' id='word_1_119' title='bbox 2875 761 3031 825; x_wconf 75' lang='grc' dir='ltr'>μέλη</span> <span class='ocrx_word' id='word_1_120' title='bbox 3063 758 3318 812; x_wconf 80' lang='grc' dir='ltr'>ἅπαντα.</span> 
     </span>
    </p>
   </div>
   <div class='ocr_carea' id='block_1_23' title="bbox 2135 845 3628 918">
    <p class='ocr_par' dir='ltr' id='par_1_23' title="bbox 2135 845 3628 918">
     <span class='ocr_line' id='line_1_23' title="bbox 2135 845 3628 918; baseline -0.004 -17"><span class='ocrx_word' id='word_1_121' title='bbox 2135 849 2416 912; x_wconf 79' lang='grc' dir='ltr'>Ἰουλιανὸς</span> <span class='ocrx_word' id='word_1_122' title='bbox 2466 849 2494 901; x_wconf 87' lang='grc' dir='ltr'><strong>ό</strong></span> <span class='ocrx_word' id='word_1_123' title='bbox 2542 848 2743 918; x_wconf 82' lang='grc' dir='ltr'>μᾶλλον</span> <span class='ocrx_word' id='word_1_124' title='bbox 2785 848 2878 902; x_wconf 80' lang='grc' dir='ltr'>νῦν</span> <span class='ocrx_word' id='word_1_125' title='bbox 2917 848 2949 918; x_wconf 84' lang='grc' dir='ltr'>ἢ</span> <span class='ocrx_word' id='word_1_126' title='bbox 3003 849 3193 918; x_wconf 79' lang='grc' dir='ltr'>πρώην</span> <span class='ocrx_word' id='word_1_127' title='bbox 3231 845 3554 914; x_wconf 79' lang='grc' dir='ltr'>Θαυμάσιος.</span> <span class='ocrx_word' id='word_1_128' title='bbox 3599 845 3628 895; x_wconf 83' lang='grc' dir='ltr'><strong>ό</strong></span> 
     </span>
    </p>
   </div>
   <div class='ocr_carea' id='block_1_24' title="bbox 2050 926 3630 1010">
    <p class='ocr_par' dir='ltr' id='par_1_24' title="bbox 2050 926 3630 1010">
     <span class='ocr_line' id='line_1_24' title="bbox 2050 926 3630 1010; baseline -0.003 -18"><span class='ocrx_word' id='word_1_129' title='bbox 2050 926 2348 1009; x_wconf 76' lang='grc' dir='ltr'>χρημάτων</span> <span class='ocrx_word' id='word_1_130' title='bbox 2377 938 2609 1010; x_wconf 76' lang='grc' dir='ltr'>εὐπορίᾳ</span> <span class='ocrx_word' id='word_1_131' title='bbox 2637 939 2958 1010; x_wconf 78' lang='grc' dir='ltr'><strong>βριθόμενος</strong></span> <span class='ocrx_word' id='word_1_132' title='bbox 2979 979 2993 1000; x_wconf 88' lang='grc'><strong>,</strong></span> <span class='ocrx_word' id='word_1_133' title='bbox 3039 939 3132 991; x_wconf 74' lang='grc' dir='ltr'><strong>καὶ</strong></span> <span class='ocrx_word' id='word_1_134' title='bbox 3174 937 3466 1008; x_wconf 78' lang='grc' dir='ltr'><strong>κτημάτων</strong></span> <span class='ocrx_word' id='word_1_135' title='bbox 3497 937 3630 1005; x_wconf 83' lang='grc' dir='ltr'>ἀρε-</span> 
     </span>
    </p>
   </div>
   <div class='ocr_carea' id='block_1_25' title="bbox 2051 1030 3630 1101">
    <p class='ocr_par' dir='ltr' id='par_1_25' title="bbox 2051 1030 3630 1101">
     <span class='ocr_line' id='line_1_25' title="bbox 2051 1030 3630 1101; baseline -0.001 -19"><span class='ocrx_word' id='word_1_136' title='bbox 2051 1031 2151 1100; x_wconf 82' lang='grc' dir='ltr'>τῆς</span> <span class='ocrx_word' id='word_1_137' title='bbox 2185 1031 2258 1100; x_wconf 84' lang='grc' dir='ltr'>μὴ</span> <span class='ocrx_word' id='word_1_138' title='bbox 2298 1031 2641 1101; x_wconf 75' lang='grc' dir='ltr'>λειπόμενος,</span> <span class='ocrx_word' id='word_1_139' title='bbox 2672 1034 2699 1084; x_wconf 88' lang='grc' dir='ltr'><strong>ό</strong></span> <span class='ocrx_word' id='word_1_140' title='bbox 2723 1032 2877 1100; x_wconf 79' lang='grc' dir='ltr'>γένος</span> <span class='ocrx_word' id='word_1_141' title='bbox 2905 1033 3051 1099; x_wconf 84' lang='grc' dir='ltr'>ἄγων</span> <span class='ocrx_word' id='word_1_142' title='bbox 3079 1031 3370 1100; x_wconf 76' lang='grc' dir='ltr'>ἐπίσημον,</span> <span class='ocrx_word' id='word_1_143' title='bbox 3399 1030 3493 1082; x_wconf 72' lang='grc' dir='ltr'><strong>καὶ</strong></span> <span class='ocrx_word' id='word_1_144' title='bbox 3520 1030 3630 1081; x_wconf 78' lang='grc' dir='ltr'><strong>πᾶ-</strong></span> 
     </span>
    </p>
   </div>
   <div class='ocr_carea' id='block_1_26' title="bbox 2054 1121 3630 1194">
    <p class='ocr_par' dir='ltr' id='par_1_26' title="bbox 2054 1121 3630 1194">
     <span class='ocr_line' id='line_1_26' title="bbox 2054 1121 3630 1194; baseline -0.003 -19"><span class='ocrx_word' id='word_1_145' title='bbox 2054 1139 2136 1175; x_wconf 87' lang='grc' dir='ltr'><strong>σιν</strong></span> <span class='ocrx_word' id='word_1_146' title='bbox 2183 1124 2257 1186; x_wconf 85' lang='grc' dir='ltr'><strong>ῶς</strong></span> <span class='ocrx_word' id='word_1_147' title='bbox 2303 1124 2497 1192; x_wconf 77' lang='grc' dir='ltr'>σεμνὸς</span> <span class='ocrx_word' id='word_1_148' title='bbox 2538 1123 2962 1194; x_wconf 71' lang='grc' dir='ltr'>γνωριζόμενος,</span> <span class='ocrx_word' id='word_1_149' title='bbox 3011 1123 3192 1192; x_wconf 81' lang='grc' dir='ltr'>διττὴν</span> <span class='ocrx_word' id='word_1_150' title='bbox 3242 1121 3494 1192; x_wconf 66' lang='grc' dir='ltr'>ἐσχηκὼς</span> <span class='ocrx_word' id='word_1_151' title='bbox 3528 1122 3630 1189; x_wconf 74' lang='grc' dir='ltr'>τὴν</span> 
     </span>
    </p>
   </div>
   <div class='ocr_carea' id='block_1_27' title="bbox 2051 1214 3626 1286">
    <p class='ocr_par' dir='ltr' id='par_1_27' title="bbox 2051 1214 3626 1286">
     <span class='ocr_line' id='line_1_27' title="bbox 2051 1214 3626 1286; baseline -0.002 -19"><span class='ocrx_word' id='word_1_152' title='bbox 2051 1214 2356 1278; x_wconf 83' lang='grc' dir='ltr'>ἀσθένειαν,</span> <span class='ocrx_word' id='word_1_153' title='bbox 2383 1216 2475 1268; x_wconf 81' lang='grc' dir='ltr'>καὶ</span> <span class='ocrx_word' id='word_1_154' title='bbox 2499 1215 2682 1286; x_wconf 83' lang='grc' dir='ltr'>διττὴν</span> <span class='ocrx_word' id='word_1_155' title='bbox 2718 1218 2810 1269; x_wconf 75' lang='grc' dir='ltr'>ἐπὶ</span> <span class='ocrx_word' id='word_1_156' title='bbox 2831 1216 3031 1284; x_wconf 85' lang='grc' dir='ltr'>ταύτην</span> <span class='ocrx_word' id='word_1_157' title='bbox 3057 1215 3425 1285; x_wconf 82' lang='grc' dir='ltr'><strong>κομισάμενος</strong></span> <span class='ocrx_word' id='word_1_158' title='bbox 3459 1215 3626 1275; x_wconf 73' lang='grc' dir='ltr'>ἴασιν,</span> 
     </span>
    </p>
   </div>
   <div class='ocr_carea' id='block_1_28' title="bbox 2051 1304 3627 1376">
    <p class='ocr_par' dir='ltr' id='par_1_28' title="bbox 2051 1304 3627 1376">
     <span class='ocr_line' id='line_1_28' title="bbox 2051 1304 3627 1376; baseline -0.001 -19"><span class='ocrx_word' id='word_1_159' title='bbox 2051 1307 2130 1367; x_wconf 85' lang='grc' dir='ltr'>εἰς</span> <span class='ocrx_word' id='word_1_160' title='bbox 2167 1304 2418 1374; x_wconf 69' lang='grc' dir='ltr'>διήγησιν</span> <span class='ocrx_word' id='word_1_161' title='bbox 2449 1306 2714 1374; x_wconf 75' lang='grc' dir='ltr'><strong>πρόεισιν,</strong></span> <span class='ocrx_word' id='word_1_162' title='bbox 2749 1306 2827 1358; x_wconf 75' lang='grc' dir='ltr'>ἔτι</span> <span class='ocrx_word' id='word_1_163' title='bbox 2860 1307 2958 1376; x_wconf 76' lang='grc' dir='ltr'>μὲν</span> <span class='ocrx_word' id='word_1_164' title='bbox 2991 1306 3069 1376; x_wconf 82' lang='grc' dir='ltr'>τῷ</span> <span class='ocrx_word' id='word_1_165' title='bbox 3104 1306 3200 1376; x_wconf 85' lang='grc' dir='ltr'><strong>βίῳ</strong></span> <span class='ocrx_word' id='word_1_166' title='bbox 3237 1305 3627 1374; x_wconf 82' lang='grc' dir='ltr'>περιλειπόμε-</span> 
     </span>
    </p>
   </div>
   <div class='ocr_carea' id='block_1_29' title="bbox 2053 1395 3628 1466">
    <p class='ocr_par' dir='ltr' id='par_1_29' title="bbox 2053 1395 3628 1466">
     <span class='ocr_line' id='line_1_29' title="bbox 2053 1395 3628 1466; baseline 0.001 -19"><span class='ocrx_word' id='word_1_167' title='bbox 2053 1411 2162 1459; x_wconf 90' lang='grc' dir='ltr'>νος,</span> <span class='ocrx_word' id='word_1_168' title='bbox 2190 1396 2284 1448; x_wconf 79' lang='grc' dir='ltr'><strong>καὶ</strong></span> <span class='ocrx_word' id='word_1_169' title='bbox 2317 1396 2448 1448; x_wconf 79' lang='grc' dir='ltr'>πᾶσι</span> <span class='ocrx_word' id='word_1_170' title='bbox 2472 1396 2542 1448; x_wconf 81' lang='grc' dir='ltr'>τὰ</span> <span class='ocrx_word' id='word_1_171' title='bbox 2574 1397 2692 1448; x_wconf 84' lang='grc' dir='ltr'>κατ’</span> <span class='ocrx_word' id='word_1_172' title='bbox 2741 1397 2904 1449; x_wconf 68' lang='grc' dir='ltr'>αὐτὸν</span> <span class='ocrx_word' id='word_1_173' title='bbox 2936 1395 3294 1466; x_wconf 80' lang='grc' dir='ltr'>διηγούμενος</span> <span class='ocrx_word' id='word_1_174' title='bbox 3317 1411 3333 1426; x_wconf 87' lang='grc'><strong>·</strong></span> <span class='ocrx_word' id='word_1_175' title='bbox 3371 1395 3539 1448; x_wconf 82' lang='grc' dir='ltr'>Θέλων</span> <span class='ocrx_word' id='word_1_176' title='bbox 3570 1395 3628 1448; x_wconf 76' lang='grc' dir='ltr'>δὲ</span> 
     </span>
    </p>
   </div>
   <div class='ocr_carea' id='block_1_30' title="bbox 2053 1487 3630 1559">
    <p class='ocr_par' dir='ltr' id='par_1_30' title="bbox 2053 1487 3630 1559">
     <span class='ocr_line' id='line_1_30' title="bbox 2053 1487 3630 1559; baseline 0.001 -21"><span class='ocrx_word' id='word_1_177' title='bbox 2053 1487 2200 1556; x_wconf 80' lang='grc' dir='ltr'>ὅμως</span> <span class='ocrx_word' id='word_1_178' title='bbox 2249 1487 2586 1556; x_wconf 81' lang='grc' dir='ltr'>ὲμφέρεσθαι</span> <span class='ocrx_word' id='word_1_179' title='bbox 2639 1487 2775 1558; x_wconf 82' lang='grc' dir='ltr'>τῷδε</span> <span class='ocrx_word' id='word_1_180' title='bbox 2805 1489 2960 1557; x_wconf 82' lang='grc' dir='ltr'>ἡμῶν</span> <span class='ocrx_word' id='word_1_181' title='bbox 2998 1488 3074 1556; x_wconf 81' lang='grc' dir='ltr'><strong>τῷ</strong></span> <span class='ocrx_word' id='word_1_182' title='bbox 3124 1489 3444 1559; x_wconf 74' lang='grc' dir='ltr'><strong>βραχυτάτῳ</strong></span> <span class='ocrx_word' id='word_1_183' title='bbox 3501 1505 3630 1539; x_wconf 76' lang='grc' dir='ltr'>συν-</span> 
     </span>
    </p>
   </div>
   <div class='ocr_carea' id='block_1_31' title="bbox 2053 1576 3630 1650">
    <p class='ocr_par' dir='ltr' id='par_1_31' title="bbox 2053 1576 3630 1650">
     <span class='ocr_line' id='line_1_31' title="bbox 2053 1576 3630 1650; baseline 0.001 -23"><span class='ocrx_word' id='word_1_184' title='bbox 2053 1577 2316 1645; x_wconf 85' lang='grc' dir='ltr'>τάγματι,</span> <span class='ocrx_word' id='word_1_185' title='bbox 2355 1578 2448 1630; x_wconf 68' lang='grc' dir='ltr'>καὶ</span> <span class='ocrx_word' id='word_1_186' title='bbox 2473 1577 2659 1648; x_wconf 81' lang='grc' dir='ltr'>ὥσπερ</span> <span class='ocrx_word' id='word_1_187' title='bbox 2683 1578 2770 1631; x_wconf 77' lang='grc' dir='ltr'>ἀεὶ</span> <span class='ocrx_word' id='word_1_188' title='bbox 2811 1577 3013 1647; x_wconf 86' lang='grc' dir='ltr'>περιὼν</span> <span class='ocrx_word' id='word_1_189' title='bbox 3047 1576 3254 1650; x_wconf 82' lang='grc' dir='ltr'>τὸκατ’</span> <span class='ocrx_word' id='word_1_190' title='bbox 3289 1577 3451 1629; x_wconf 66' lang='grc' dir='ltr'>αὑτὸν</span> <span class='ocrx_word' id='word_1_191' title='bbox 3475 1576 3630 1642; x_wconf 87' lang='grc' dir='ltr'>διαγ-</span> 
     </span>
    </p>
   </div>
   <div class='ocr_carea' id='block_1_32' title="bbox 2055 1662 3628 1737">
    <p class='ocr_par' dir='ltr' id='par_1_32' title="bbox 2055 1662 3628 1737">
     <span class='ocr_line' id='line_1_32' title="bbox 2055 1662 3628 1737; baseline 0.015 -23"><span class='ocrx_word' id='word_1_192' title='bbox 2055 1667 2264 1734; x_wconf 74' lang='grc' dir='ltr'>γέλλειν</span> <span class='ocrx_word' id='word_1_193' title='bbox 2293 1667 2478 1737; x_wconf 83' lang='grc' dir='ltr'>θαῦμα</span> <span class='ocrx_word' id='word_1_194' title='bbox 2514 1670 2626 1731; x_wconf 80' lang='grc' dir='ltr'>τοῖς</span> <span class='ocrx_word' id='word_1_195' title='bbox 2667 1670 2890 1720; x_wconf 79' lang='grc' dir='ltr'>ἔπειτα·</span> <span class='ocrx_word' id='word_1_196' title='bbox 2922 1662 2983 1719; x_wconf 73' lang='grc' dir='ltr'>οὗ</span> <span class='ocrx_word' id='word_1_197' title='bbox 3020 1669 3118 1731; x_wconf 73' lang='grc' dir='ltr'>τὴν</span> <span class='ocrx_word' id='word_1_198' title='bbox 3161 1666 3396 1736; x_wconf 82' lang='grc' dir='ltr'>στοργὴν</span> <span class='ocrx_word' id='word_1_199' title='bbox 3422 1665 3628 1734; x_wconf 78' lang='grc' dir='ltr'>ἀγασά-</span> 
     </span>
    </p>
   </div>
   <div class='ocr_carea' id='block_1_33' title="bbox 382 1740 1968 1844">
    <p class='ocr_par' dir='ltr' id='par_1_33' title="bbox 382 1769 1951 1844">
     <span class='ocr_line' id='line_1_33' title="bbox 382 1769 1951 1844; baseline 0.006 -26"><span class='ocrx_word' id='word_1_200' title='bbox 382 1777 435 1822; x_wconf 76' lang='lat' dir='ltr'><strong>et</strong></span> <span class='ocrx_word' id='word_1_201' title='bbox 462 1784 589 1837; x_wconf 80' lang='lat' dir='ltr'><strong>erga</strong></span> <span class='ocrx_word' id='word_1_202' title='bbox 643 1769 744 1824; x_wconf 92' lang='lat' dir='ltr'><strong>hos</strong></span> <span class='ocrx_word' id='word_1_203' title='bbox 780 1780 1002 1826; x_wconf 85' lang='lat' dir='ltr'><strong>sanctos</strong></span> <span class='ocrx_word' id='word_1_204' title='bbox 1039 1783 1306 1841; x_wconf 77' lang='lat' dir='ltr'><strong>martyres</strong></span> <span class='ocrx_word' id='word_1_205' title='bbox 1359 1775 1699 1843; x_wconf 86' lang='lat' dir='ltr'><strong>propositum</strong></span> <span class='ocrx_word' id='word_1_206' title='bbox 1749 1792 1951 1844; x_wconf 84' lang='lat' dir='ltr'><strong>appro-</strong></span> 
     </span>
    </p>
   </div>
   <div class='ocr_carea' id='block_1_34' title="bbox 2072 1740 3628 1844">
    <p class='ocr_par' dir='ltr' id='par_1_34' title="bbox 2072 1759 3628 1831">
     <span class='ocr_line' id='line_1_34' title="bbox 2072 1759 3628 1831; baseline -0.002 -19"><span class='ocrx_word' id='word_1_207' title='bbox 2072 1778 2236 1822; x_wconf 70' lang='grc' dir='ltr'>ιενος,</span> <span class='ocrx_word' id='word_1_208' title='bbox 2255 1761 2350 1814; x_wconf 67' lang='grc' dir='ltr'><strong>κα)⁸</strong></span> <span class='ocrx_word' id='word_1_209' title='bbox 2371 1761 2468 1830; x_wconf 83' lang='grc' dir='ltr'><strong>τὴν</strong></span> <span class='ocrx_word' id='word_1_210' title='bbox 2486 1761 2618 1831; x_wconf 72' lang='grc' dir='ltr'>πρὸς</span> <span class='ocrx_word' id='word_1_211' title='bbox 2637 1760 2856 1824; x_wconf 78' lang='grc' dir='ltr'>τούτους</span> <span class='ocrx_word' id='word_1_212' title='bbox 2878 1763 3001 1824; x_wconf 74' lang='grc' dir='ltr'>τοὺς</span> <span class='ocrx_word' id='word_1_213' title='bbox 3026 1761 3210 1828; x_wconf 86' lang='grc' dir='ltr'>ἁγίους</span> <span class='ocrx_word' id='word_1_214' title='bbox 3227 1759 3628 1828; x_wconf 74' lang='grc' dir='ltr'><strong>ἀποδεξάμενος</strong></span> 
     </span>
    </p>
   </div>
   <div class='ocr_carea' id='block_1_35' title="bbox 382 1860 1951 1934">
    <p class='ocr_par' dir='ltr' id='par_1_35' title="bbox 382 1860 1951 1934">
     <span class='ocr_line' id='line_1_35' title="bbox 382 1860 1951 1934; baseline 0.005 -21"><span class='ocrx_word' id='word_1_215' title='bbox 382 1860 599 1926; x_wconf 82' lang='lat' dir='ltr'><strong>battles,</strong></span> <span class='ocrx_word' id='word_1_216' title='bbox 630 1877 752 1930; x_wconf 83' lang='lat' dir='ltr'><strong>quae</strong></span> <span class='ocrx_word' id='word_1_217' title='bbox 780 1861 928 1915; x_wconf 88' lang='lat' dir='ltr'><strong>circa</strong></span> <span class='ocrx_word' id='word_1_218' title='bbox 959 1879 1080 1917; x_wconf 92' lang='lat' dir='ltr'><strong>eum</strong></span> <span class='ocrx_word' id='word_1_219' title='bbox 1114 1873 1265 1934; x_wconf 77' lang='lat' dir='ltr'><strong>gesta</strong></span> <span class='ocrx_word' id='word_1_220' title='bbox 1293 1875 1442 1932; x_wconf 89' lang='lat' dir='ltr'><strong>sunt,</strong></span> <span class='ocrx_word' id='word_1_221' title='bbox 1468 1869 1818 1922; x_wconf 85' lang='lat' dir='ltr'><strong>conscribere</strong></span> <span class='ocrx_word' id='word_1_222' title='bbox 1853 1869 1951 1923; x_wconf 85' lang='lat' dir='ltr'><strong>visi</strong></span> 
     </span>
    </p>
   </div>
   <div class='ocr_carea' id='block_1_36' title="bbox 383 1965 594 2004">
    <p class='ocr_par' dir='ltr' id='par_1_36' title="bbox 383 1965 594 2004">
     <span class='ocr_line' id='line_1_36' title="bbox 383 1965 594 2004; baseline -0.005 -1"><span class='ocrx_word' id='word_1_223' title='bbox 383 1965 594 2004; x_wconf 87' lang='lat' dir='ltr'><strong>sumus.</strong></span> 
     </span>
    </p>
   </div>
   <div class='ocr_carea' id='block_1_37' title="bbox 456 2037 1951 2110">
    <p class='ocr_par' dir='ltr' id='par_1_37' title="bbox 456 2037 1951 2110">
     <span class='ocr_line' id='line_1_37' title="bbox 456 2037 1951 2110; baseline 0.006 -20"><span class='ocrx_word' id='word_1_224' title='bbox 456 2037 966 2095; x_wconf 72' lang='lat' dir='ltr'><strong>l’ollebatlulianus</strong></span> <span class='ocrx_word' id='word_1_225' title='bbox 990 2040 1040 2094; x_wconf 94' lang='lat' dir='ltr'><strong>in</strong></span> <span class='ocrx_word' id='word_1_226' title='bbox 1064 2041 1375 2110; x_wconf 86' lang='lat' dir='ltr'><strong>juventute,</strong></span> <span class='ocrx_word' id='word_1_227' title='bbox 1399 2051 1452 2097; x_wconf 89' lang='lat' dir='ltr'><strong>et</strong></span> <span class='ocrx_word' id='word_1_228' title='bbox 1479 2051 1806 2098; x_wconf 84' lang='lat' dir='ltr'><strong>coaetaneam</strong></span> <span class='ocrx_word' id='word_1_229' title='bbox 1829 2060 1951 2100; x_wconf 89' lang='lat' dir='ltr'><strong>cum</strong></span> 
     </span>
    </p>
   </div>
   <div class='ocr_carea' id='block_1_38' title="bbox 388 2126 1957 2204">
    <p class='ocr_par' dir='ltr' id='par_1_38' title="bbox 388 2126 1957 2204">
     <span class='ocr_line' id='line_1_38' title="bbox 388 2126 1957 2204; baseline 0.008 -23"><span class='ocrx_word' id='word_1_230' title='bbox 388 2126 493 2182; x_wconf 90' lang='lat' dir='ltr'><strong>hac</strong></span> <span class='ocrx_word' id='word_1_231' title='bbox 525 2128 759 2184; x_wconf 86' lang='lat' dir='ltr'><strong>habebat</strong></span> <span class='ocrx_word' id='word_1_232' title='bbox 804 2131 1164 2199; x_wconf 82' lang='lat' dir='ltr'><strong>opulentiam.</strong></span> <span class='ocrx_word' id='word_1_233' title='bbox 1196 2147 1317 2201; x_wconf 64' lang='lat' dir='ltr'><strong>qua:</strong></span> <span class='ocrx_word' id='word_1_234' title='bbox 1350 2134 1578 2188; x_wconf 71' lang='lat' dir='ltr'><strong>luxuria:</strong></span> <span class='ocrx_word' id='word_1_235' title='bbox 1607 2137 1840 2204; x_wconf 79' lang='lat' dir='ltr'><strong>genitrix</strong></span> <span class='ocrx_word' id='word_1_236' title='bbox 1871 2145 1957 2192; x_wconf 89' lang='lat' dir='ltr'><strong>est</strong></span> 
     </span>
    </p>
   </div>
   <div class='ocr_carea' id='block_1_39' title="bbox 384 2219 1959 2296">
    <p class='ocr_par' dir='ltr' id='par_1_39' title="bbox 384 2219 1959 2296">
     <span class='ocr_line' id='line_1_39' title="bbox 384 2219 1959 2296; baseline 0.007 -24"><span class='ocrx_word' id='word_1_237' title='bbox 384 2225 439 2272; x_wconf 86' lang='lat' dir='ltr'><strong>et</strong></span> <span class='ocrx_word' id='word_1_238' title='bbox 471 2219 650 2273; x_wconf 90' lang='lat' dir='ltr'><strong>omnis</strong></span> <span class='ocrx_word' id='word_1_239' title='bbox 705 2222 966 2289; x_wconf 78' lang='lat' dir='ltr'><strong>magistra</strong></span> <span class='ocrx_word' id='word_1_240' title='bbox 1007 2221 1276 2278; x_wconf 88' lang='lat' dir='ltr'><strong>libidinis.</strong></span> <span class='ocrx_word' id='word_1_241' title='bbox 1310 2222 1375 2278; x_wconf 87' lang='lat' dir='ltr'><strong>Et</strong></span> <span class='ocrx_word' id='word_1_242' title='bbox 1427 2226 1517 2279; x_wconf 88' lang='lat' dir='ltr'><strong>illa</strong></span> <span class='ocrx_word' id='word_1_243' title='bbox 1552 2226 1772 2296; x_wconf 88' lang='lat' dir='ltr'><strong>quidem</strong></span> <span class='ocrx_word' id='word_1_244' title='bbox 1805 2231 1959 2283; x_wconf 87' lang='lat' dir='ltr'><strong>volu-</strong></span> 
     </span>
    </p>
   </div>
   <div class='ocr_carea' id='block_1_40' title="bbox 391 2298 1959 2383">
    <p class='ocr_par' dir='ltr' id='par_1_40' title="bbox 391 2298 1959 2383">
     <span class='ocr_line' id='line_1_40' title="bbox 391 2298 1959 2383; baseline 0.009 -22"><span class='ocrx_word' id='word_1_245' title='bbox 391 2318 568 2378; x_wconf 85' lang='lat' dir='ltr'><strong>ptates</strong></span> <span class='ocrx_word' id='word_1_246' title='bbox 595 2312 841 2380; x_wconf 84' lang='lat' dir='ltr'><strong>pariebat</strong></span> <span class='ocrx_word' id='word_1_247' title='bbox 872 2298 1294 2383; x_wconf 37' lang='lat' dir='ltr'><strong>et&#39;proferebat,</strong></span> <span class='ocrx_word' id='word_1_248' title='bbox 1315 2317 1428 2372; x_wconf 73' lang='lat' dir='ltr'><strong>hzec</strong></span> <span class='ocrx_word' id='word_1_249' title='bbox 1459 2333 1591 2375; x_wconf 72' lang='lat' dir='ltr'><strong>veno</strong></span> <span class='ocrx_word' id='word_1_250' title='bbox 1620 2321 1754 2377; x_wconf 89' lang='lat' dir='ltr'><strong>istas</strong></span> <span class='ocrx_word' id='word_1_251' title='bbox 1776 2322 1959 2377; x_wconf 79' lang='lat' dir='ltr'><strong>alebat</strong></span> 
     </span>
    </p>
   </div>
   <div class='ocr_carea' id='block_1_41' title="bbox 392 2406 1960 2472">
    <p class='ocr_par' dir='ltr' id='par_1_41' title="bbox 392 2406 1960 2472">
     <span class='ocr_line' id='line_1_41' title="bbox 392 2406 1960 2472; baseline 0.01 -16"><span class='ocrx_word' id='word_1_252' title='bbox 392 2413 520 2456; x_wconf 91' lang='lat' dir='ltr'><strong>tunc</strong></span> <span class='ocrx_word' id='word_1_253' title='bbox 545 2411 599 2458; x_wconf 88' lang='lat' dir='ltr'><strong>et</strong></span> <span class='ocrx_word' id='word_1_254' title='bbox 615 2406 930 2472; x_wconf 79' lang='lat' dir='ltr'><strong>nutriebat;</strong></span> <span class='ocrx_word' id='word_1_255' title='bbox 967 2418 1020 2462; x_wconf 90' lang='lat' dir='ltr'><strong>et</strong></span> <span class='ocrx_word' id='word_1_256' title='bbox 1051 2407 1250 2463; x_wconf 90' lang='lat' dir='ltr'><strong>bellum</strong></span> <span class='ocrx_word' id='word_1_257' title='bbox 1282 2421 1400 2464; x_wconf 89' lang='lat' dir='ltr'><strong>erat</strong></span> <span class='ocrx_word' id='word_1_258' title='bbox 1449 2413 1644 2466; x_wconf 68' lang='lat' dir='ltr'><strong>animae</strong></span> <span class='ocrx_word' id='word_1_259' title='bbox 1695 2415 1960 2472; x_wconf 89' lang='lat' dir='ltr'><strong>adversus</strong></span> 
     </span>
    </p>
   </div>
   <div class='ocr_carea' id='block_1_42' title="bbox 388 2494 1962 2570">
    <p class='ocr_par' dir='ltr' id='par_1_42' title="bbox 388 2494 1962 2570">
     <span class='ocr_line' id='line_1_42' title="bbox 388 2494 1962 2570; baseline 0.008 -20"><span class='ocrx_word' id='word_1_260' title='bbox 388 2494 609 2550; x_wconf 84' lang='lat' dir='ltr'><strong>divitias</strong></span> <span class='ocrx_word' id='word_1_261' title='bbox 639 2497 844 2565; x_wconf 87' lang='lat' dir='ltr'><strong>pariter</strong></span> <span class='ocrx_word' id='word_1_262' title='bbox 889 2509 938 2552; x_wconf 87' lang='lat' dir='ltr'><strong>et</strong></span> <span class='ocrx_word' id='word_1_263' title='bbox 971 2501 1220 2569; x_wconf 87' lang='lat' dir='ltr'><strong>corporis</strong></span> <span class='ocrx_word' id='word_1_264' title='bbox 1267 2502 1634 2570; x_wconf 76' lang='lat' dir='ltr'><strong>iuventutem.</strong></span> <span class='ocrx_word' id='word_1_265' title='bbox 1676 2503 1783 2560; x_wconf 87' lang='lat' dir='ltr'><strong>Sed</strong></span> <span class='ocrx_word' id='word_1_266' title='bbox 1821 2509 1962 2563; x_wconf 85' lang='lat' dir='ltr'><strong>hanc</strong></span> 
     </span>
    </p>
   </div>
   <div class='ocr_carea' id='block_1_43' title="bbox 393 2587 1959 2662">
    <p class='ocr_par' dir='ltr' id='par_1_43' title="bbox 393 2587 1959 2662">
     <span class='ocr_line' id='line_1_43' title="bbox 393 2587 1959 2662; baseline 0.01 -24"><span class='ocrx_word' id='word_1_267' title='bbox 393 2587 687 2642; x_wconf 79' lang='lat' dir='ltr'><strong>fortissime</strong></span> <span class='ocrx_word' id='word_1_268' title='bbox 708 2587 988 2644; x_wconf 85' lang='lat' dir='ltr'><strong>vincentes</strong></span> <span class='ocrx_word' id='word_1_269' title='bbox 1021 2593 1263 2646; x_wconf 89' lang='lat' dir='ltr'><strong>tulerunt</strong></span> <span class='ocrx_word' id='word_1_270' title='bbox 1291 2594 1585 2662; x_wconf 88' lang='lat' dir='ltr'><strong>captivam,</strong></span> <span class='ocrx_word' id='word_1_271' title='bbox 1619 2604 1674 2650; x_wconf 92' lang='lat' dir='ltr'><strong>et</strong></span> <span class='ocrx_word' id='word_1_272' title='bbox 1706 2599 1959 2652; x_wconf 85' lang='lat' dir='ltr'><strong>ancillam</strong></span> 
     </span>
    </p>
   </div>
   <div class='ocr_carea' id='block_1_44' title="bbox 388 2680 1962 2759">
    <p class='ocr_par' dir='ltr' id='par_1_44' title="bbox 388 2680 1962 2759">
     <span class='ocr_line' id='line_1_44' title="bbox 388 2680 1962 2759; baseline 0.008 -28"><span class='ocrx_word' id='word_1_273' title='bbox 388 2680 697 2754; x_wconf 75' lang='lat' dir='ltr'><strong>duxerunt;</strong></span> <span class='ocrx_word' id='word_1_274' title='bbox 756 2691 810 2734; x_wconf 91' lang='lat' dir='ltr'><strong>et</strong></span> <span class='ocrx_word' id='word_1_275' title='bbox 861 2697 982 2749; x_wconf 68' lang='lat' dir='ltr'><strong>quae</strong></span> <span class='ocrx_word' id='word_1_276' title='bbox 1027 2683 1130 2738; x_wconf 67' lang='lat' dir='ltr'><strong>subi</strong></span> <span class='ocrx_word' id='word_1_277' title='bbox 1189 2685 1532 2752; x_wconf 82' lang='lat' dir='ltr'><strong>videbantur,</strong></span> <span class='ocrx_word' id='word_1_278' title='bbox 1569 2685 1752 2743; x_wconf 81' lang='lat' dir='ltr'><strong>facere</strong></span> <span class='ocrx_word' id='word_1_279' title='bbox 1800 2705 1962 2759; x_wconf 79' lang='lat' dir='ltr'><strong>coge-</strong></span> 
     </span>
    </p>
   </div>
   <div class='ocr_carea' id='block_1_45' title="bbox 393 2767 1964 2850">
    <p class='ocr_par' dir='ltr' id='par_1_45' title="bbox 393 2767 1964 2850">
     <span class='ocr_line' id='line_1_45' title="bbox 393 2767 1964 2850; baseline 0.01 -30"><span class='ocrx_word' id='word_1_280' title='bbox 393 2770 541 2822; x_wconf 83' lang='lat' dir='ltr'><strong>bant.</strong></span> <span class='ocrx_word' id='word_1_281' title='bbox 573 2767 688 2822; x_wconf 80' lang='lat' dir='ltr'><strong>Non</strong></span> <span class='ocrx_word' id='word_1_282' title='bbox 720 2771 952 2825; x_wconf 82' lang='lat' dir='ltr'><strong>audebat</strong></span> <span class='ocrx_word' id='word_1_283' title='bbox 1001 2777 1144 2828; x_wconf 85' lang='lat' dir='ltr'><strong>enim</strong></span> <span class='ocrx_word' id='word_1_284' title='bbox 1182 2777 1562 2834; x_wconf 87' lang='lat' dir='ltr'><strong>contradicere</strong></span> <span class='ocrx_word' id='word_1_285' title='bbox 1625 2780 1690 2834; x_wconf 88' lang='lat' dir='ltr'><strong>ad</strong></span> <span class='ocrx_word' id='word_1_286' title='bbox 1747 2795 1809 2834; x_wconf 87' lang='lat' dir='ltr'><strong>ea</strong></span> <span class='ocrx_word' id='word_1_287' title='bbox 1845 2796 1964 2850; x_wconf 76' lang='lat' dir='ltr'><strong>qua:</strong></span> 
     </span>
    </p>
   </div>
   <div class='ocr_carea' id='block_1_46' title="bbox 392 2859 1960 2939">
    <p class='ocr_par' dir='ltr' id='par_1_46' title="bbox 392 2859 1960 2939">
     <span class='ocr_line' id='line_1_46' title="bbox 392 2859 1960 2939; baseline 0.008 -27"><span class='ocrx_word' id='word_1_288' title='bbox 392 2859 531 2914; x_wconf 88' lang='lat' dir='ltr'><strong>dure</strong></span> <span class='ocrx_word' id='word_1_289' title='bbox 587 2861 691 2914; x_wconf 83' lang='lat' dir='ltr'><strong>sibi</strong></span> <span class='ocrx_word' id='word_1_290' title='bbox 763 2863 831 2916; x_wconf 90' lang='lat' dir='ltr'><strong>ab</strong></span> <span class='ocrx_word' id='word_1_291' title='bbox 897 2865 1003 2918; x_wconf 84' lang='lat' dir='ltr'><strong>illis</strong></span> <span class='ocrx_word' id='word_1_292' title='bbox 1035 2865 1470 2934; x_wconf 83' lang='lat' dir='ltr'><strong>imperabantur,</strong></span> <span class='ocrx_word' id='word_1_293' title='bbox 1503 2870 1960 2939; x_wconf 81' lang='lat' dir='ltr'><strong>quemadmodum</strong></span> 
     </span>
    </p>
   </div>
   <div class='ocr_carea' id='block_1_47' title="bbox 395 2950 1965 3030">
    <p class='ocr_par' dir='ltr' id='par_1_47' title="bbox 395 2950 1965 3030">
     <span class='ocr_line' id='line_1_47' title="bbox 395 2950 1965 3030; baseline 0.01 -29"><span class='ocrx_word' id='word_1_294' title='bbox 395 2964 497 3002; x_wconf 81' lang='lat' dir='ltr'><strong>nec</strong></span> <span class='ocrx_word' id='word_1_295' title='bbox 529 2959 684 3005; x_wconf 90' lang='lat' dir='ltr'><strong>vetus</strong></span> <span class='ocrx_word' id='word_1_296' title='bbox 717 2950 880 3006; x_wconf 89' lang='lat' dir='ltr'><strong>Israel</strong></span> <span class='ocrx_word' id='word_1_297' title='bbox 917 2956 1165 3009; x_wconf 81' lang='lat' dir='ltr'><strong>serviens</strong></span> <span class='ocrx_word' id='word_1_298' title='bbox 1203 2958 1256 3010; x_wconf 91' lang='lat' dir='ltr'><strong>in</strong></span> <span class='ocrx_word' id='word_1_299' title='bbox 1293 2956 1528 3029; x_wconf 59' lang='lat' dir='ltr'><strong>{Egypto</strong></span> <span class='ocrx_word' id='word_1_300' title='bbox 1555 2967 1654 3030; x_wconf 50' lang='lat' dir='ltr'><strong>;.et</strong></span> <span class='ocrx_word' id='word_1_301' title='bbox 1679 2961 1965 3016; x_wconf 77' lang='lat' dir='ltr'><strong>videbatur</strong></span> 
     </span>
    </p>
   </div>
   <div class='ocr_carea' id='block_1_48' title="bbox 2055 1852 3519 1923">
    <p class='ocr_par' dir='ltr' id='par_1_48' title="bbox 2055 1852 3519 1923">
     <span class='ocr_line' id='line_1_48' title="bbox 2055 1852 3519 1923; baseline -0.002 -17"><span class='ocrx_word' id='word_1_302' title='bbox 2055 1853 2333 1923; x_wconf 78' lang='grc' dir='ltr'>πρόθεσιν,</span> <span class='ocrx_word' id='word_1_303' title='bbox 2365 1853 2435 1906; x_wconf 81' lang='grc' dir='ltr'><strong>τά</strong></span> <span class='ocrx_word' id='word_1_304' title='bbox 2467 1854 2588 1906; x_wconf 78' lang='grc' dir='ltr'>κατ’</span> <span class='ocrx_word' id='word_1_305' title='bbox 2618 1853 2778 1906; x_wconf 73' lang='grc' dir='ltr'>αὐτὸν</span> <span class='ocrx_word' id='word_1_306' title='bbox 2804 1853 3139 1923; x_wconf 76' lang='grc' dir='ltr'>συγγράφειν</span> <span class='ocrx_word' id='word_1_307' title='bbox 3167 1852 3519 1923; x_wconf 78' lang='grc' dir='ltr'>ὁρμήσωμεν.</span> 
     </span>
    </p>
   </div>
   <div class='ocr_carea' id='block_1_49' title="bbox 2131 2015 3634 2094">
    <p class='ocr_par' dir='ltr' id='par_1_49' title="bbox 2131 2015 3634 2094">
     <span class='ocr_line' id='line_1_49' title="bbox 2131 2015 3634 2094; baseline -0.004 -18"><span class='ocrx_word' id='word_1_308' title='bbox 2131 2023 2418 2094; x_wconf 69' lang='grc' dir='ltr'>Ἤκμαζε-θ</span> <span class='ocrx_word' id='word_1_309' title='bbox 2464 2021 2751 2085; x_wconf 84' lang='grc' dir='ltr'>Ἰουλιανὸς</span> <span class='ocrx_word' id='word_1_310' title='bbox 2797 2022 2854 2074; x_wconf 82' lang='grc' dir='ltr'><strong>ὲν</strong></span> <span class='ocrx_word' id='word_1_311' title='bbox 2883 2020 3119 2091; x_wconf 85' lang='grc' dir='ltr'>νεότητι,</span> <span class='ocrx_word' id='word_1_312' title='bbox 3152 2021 3244 2073; x_wconf 72' lang='grc' dir='ltr'><strong>καὶ</strong></span> <span class='ocrx_word' id='word_1_313' title='bbox 3279 2018 3511 2072; x_wconf 78' lang='grc' dir='ltr'>πλοῦτον</span> <span class='ocrx_word' id='word_1_314' title='bbox 3553 2015 3634 2070; x_wconf 69' lang='lat' dir='ltr'><strong>ci-</strong></span> 
     </span>
    </p>
   </div>
   <div class='ocr_carea' id='block_1_50' title="bbox 2056 2107 3640 2182">
    <p class='ocr_par' dir='ltr' id='par_1_50' title="bbox 2056 2107 3640 2182">
     <span class='ocr_line' id='line_1_50' title="bbox 2056 2107 3640 2182; baseline -0.003 -17"><span class='ocrx_word' id='word_1_315' title='bbox 2056 2130 2150 2182; x_wconf 89' lang='grc' dir='ltr'><strong>χεν</strong></span> <span class='ocrx_word' id='word_1_316' title='bbox 2179 2113 2383 2182; x_wconf 87' lang='grc' dir='ltr'>ταύτης</span> <span class='ocrx_word' id='word_1_317' title='bbox 2412 2111 2696 2182; x_wconf 84' lang='grc' dir='ltr'>συνήλικα,</span> <span class='ocrx_word' id='word_1_318' title='bbox 2726 2110 2784 2173; x_wconf 86' lang='grc' dir='ltr'>ὃς</span> <span class='ocrx_word' id='word_1_319' title='bbox 2818 2111 3113 2172; x_wconf 79' lang='grc' dir='ltr'>ἀκολασίας</span> <span class='ocrx_word' id='word_1_320' title='bbox 3143 2109 3291 2162; x_wconf 72' lang='grc' dir='ltr'>ἐστὶν</span> <span class='ocrx_word' id='word_1_321' title='bbox 3330 2109 3515 2180; x_wconf 83' lang='grc' dir='ltr'>πατὴρ</span> <span class='ocrx_word' id='word_1_322' title='bbox 3541 2107 3640 2161; x_wconf 73' lang='grc' dir='ltr'><strong>καὶ⁵</strong></span> 
     </span>
    </p>
   </div>
   <div class='ocr_carea' id='block_1_51' title="bbox 2059 2200 3638 2281">
    <p class='ocr_par' dir='ltr' id='par_1_51' title="bbox 2059 2200 3638 2281">
     <span class='ocr_line' id='line_1_51' title="bbox 2059 2200 3638 2281; baseline -0.003 -25"><span class='ocrx_word' id='word_1_323' title='bbox 2059 2206 2240 2275; x_wconf 89' lang='grc' dir='ltr'>πάσης</span> <span class='ocrx_word' id='word_1_324' title='bbox 2278 2202 2564 2271; x_wconf 79' lang='grc' dir='ltr'>ἀσελγείας</span> <span class='ocrx_word' id='word_1_325' title='bbox 2592 2202 2927 2265; x_wconf 81' lang='grc' dir='ltr'>διδάσκαλος.</span> <span class='ocrx_word' id='word_1_326' title='bbox 2952 2201 3062 2255; x_wconf 74' lang='grc' dir='ltr'>Καὶ</span> <span class='ocrx_word' id='word_1_327' title='bbox 3093 2203 3127 2271; x_wconf 86' lang='grc' dir='ltr'>ή</span> <span class='ocrx_word' id='word_1_328' title='bbox 3176 2200 3276 2271; x_wconf 77' lang='grc' dir='ltr'>μὲν</span> <span class='ocrx_word' id='word_1_329' title='bbox 3316 2200 3414 2264; x_wconf 84' lang='grc' dir='ltr'>τὰς</span> <span class='ocrx_word' id='word_1_330' title='bbox 3444 2200 3638 2281; x_wconf 74' lang='grc' dir='ltr'>ἡδονάς</span> 
     </span>
    </p>
   </div>
   <div class='ocr_carea' id='block_1_52' title="bbox 2060 2293 3638 2366">
    <p class='ocr_par' dir='ltr' id='par_1_52' title="bbox 2060 2293 3638 2366">
     <span class='ocr_line' id='line_1_52' title="bbox 2060 2293 3638 2366; baseline -0.003 -16"><span class='ocrx_word' id='word_1_331' title='bbox 2060 2296 2272 2351; x_wconf 75' lang='grc' dir='ltr'>ἔτικτεν</span> <span class='ocrx_word' id='word_1_332' title='bbox 2317 2298 2412 2350; x_wconf 73' lang='grc' dir='ltr'>καὶ</span> <span class='ocrx_word' id='word_1_333' title='bbox 2455 2295 2848 2366; x_wconf 78' lang='grc' dir='ltr'>προύϐάλλετο,</span> <span class='ocrx_word' id='word_1_334' title='bbox 2879 2298 2908 2348; x_wconf 87' lang='grc' dir='ltr'><strong>ό</strong></span> <span class='ocrx_word' id='word_1_335' title='bbox 2947 2294 3002 2347; x_wconf 79' lang='grc' dir='ltr'>δὲ</span> <span class='ocrx_word' id='word_1_336' title='bbox 3053 2294 3255 2357; x_wconf 88' lang='grc' dir='ltr'>ταύτας</span> <span class='ocrx_word' id='word_1_337' title='bbox 3306 2293 3542 2363; x_wconf 76' lang='grc' dir='ltr'>ἐτιθήνει</span> <span class='ocrx_word' id='word_1_338' title='bbox 3576 2309 3638 2346; x_wconf 86' lang='grc' dir='ltr'><strong>τε</strong></span> 
     </span>
    </p>
   </div>
   <div class='ocr_carea' id='block_1_53' title="bbox 2061 2381 3640 2458">
    <p class='ocr_par' dir='ltr' id='par_1_53' title="bbox 2061 2381 3640 2458">
     <span class='ocr_line' id='line_1_53' title="bbox 2061 2381 3640 2458; baseline -0.003 -16"><span class='ocrx_word' id='word_1_339' title='bbox 2061 2389 2154 2442; x_wconf 79' lang='grc' dir='ltr'>καὶ</span> <span class='ocrx_word' id='word_1_340' title='bbox 2188 2389 2523 2458; x_wconf 83' lang='grc' dir='ltr'>ὑπέτρεφεν·</span> <span class='ocrx_word' id='word_1_341' title='bbox 2554 2389 2647 2440; x_wconf 66' lang='grc' dir='ltr'><strong>καὶ¹</strong></span> <span class='ocrx_word' id='word_1_342' title='bbox 2679 2385 2913 2456; x_wconf 86' lang='grc' dir='ltr'>πόλεμος</span> <span class='ocrx_word' id='word_1_343' title='bbox 2945 2381 3012 2456; x_wconf 84' lang='grc' dir='ltr'><strong>ἦν</strong></span> <span class='ocrx_word' id='word_1_344' title='bbox 3035 2388 3102 2455; x_wconf 81' lang='grc' dir='ltr'>τῇ</span> <span class='ocrx_word' id='word_1_345' title='bbox 3129 2385 3274 2455; x_wconf 78' lang='grc' dir='ltr'>ψυχῇ</span> <span class='ocrx_word' id='word_1_346' title='bbox 3315 2383 3453 2454; x_wconf 70' lang='grc' dir='ltr'>πρὸς</span> <span class='ocrx_word' id='word_1_347' title='bbox 3473 2382 3640 2437; x_wconf 77' lang='grc' dir='ltr'>πλού-</span> 
     </span>
    </p>
   </div>
   <div class='ocr_carea' id='block_1_54' title="bbox 2060 2475 3641 2550">
    <p class='ocr_par' dir='ltr' id='par_1_54' title="bbox 2060 2475 3641 2550">
     <span class='ocr_line' id='line_1_54' title="bbox 2060 2475 3641 2550; baseline -0.003 -17"><span class='ocrx_word' id='word_1_348' title='bbox 2060 2497 2152 2533; x_wconf 89' lang='grc' dir='ltr'><strong>τον</strong></span> <span class='ocrx_word' id='word_1_349' title='bbox 2176 2477 2311 2550; x_wconf 84' lang='grc' dir='ltr'>όμοῢ</span> <span class='ocrx_word' id='word_1_350' title='bbox 2359 2480 2452 2531; x_wconf 83' lang='grc' dir='ltr'>καὶ</span> <span class='ocrx_word' id='word_1_351' title='bbox 2486 2477 2714 2546; x_wconf 85' lang='grc' dir='ltr'>νεότητα</span> <span class='ocrx_word' id='word_1_352' title='bbox 2755 2475 3026 2546; x_wconf 85' lang='grc' dir='ltr'>σώματος.</span> <span class='ocrx_word' id='word_1_353' title='bbox 3059 2475 3219 2529; x_wconf 83' lang='grc' dir='ltr'>Ἀλλά</span> <span class='ocrx_word' id='word_1_354' title='bbox 3262 2475 3470 2546; x_wconf 85' lang='grc' dir='ltr'>ταύτην</span> <span class='ocrx_word' id='word_1_355' title='bbox 3499 2475 3641 2528; x_wconf 81' lang='grc' dir='ltr'><strong>κατά</strong></span> 
     </span>
    </p>
   </div>
   <div class='ocr_carea' id='block_1_55' title="bbox 2063 2565 3640 2644">
    <p class='ocr_par' dir='ltr' id='par_1_55' title="bbox 2063 2565 3640 2644">
     <span class='ocr_line' id='line_1_55' title="bbox 2063 2565 3640 2644; baseline -0.003 -19"><span class='ocrx_word' id='word_1_356' title='bbox 2063 2572 2266 2644; x_wconf 86' lang='grc' dir='ltr'>κράτος</span> <span class='ocrx_word' id='word_1_357' title='bbox 2322 2573 2643 2642; x_wconf 81' lang='grc' dir='ltr'>νικήσαντες</span> <span class='ocrx_word' id='word_1_358' title='bbox 2698 2565 2844 2624; x_wconf 76' lang='grc' dir='ltr'>εἷλον</span> <span class='ocrx_word' id='word_1_359' title='bbox 2898 2569 3268 2640; x_wconf 72' lang='grc' dir='ltr'>αἰχμάλωτον,</span> <span class='ocrx_word' id='word_1_360' title='bbox 3316 2569 3411 2622; x_wconf 79' lang='grc' dir='ltr'>καὶ</span> <span class='ocrx_word' id='word_1_361' title='bbox 3456 2567 3640 2621; x_wconf 80' lang='grc' dir='ltr'>δοῦλον</span> 
     </span>
    </p>
   </div>
   <div class='ocr_carea' id='block_1_56' title="bbox 2061 2661 3648 2736">
    <p class='ocr_par' dir='ltr' id='par_1_56' title="bbox 2061 2661 3648 2736">
     <span class='ocr_line' id='line_1_56' title="bbox 2061 2661 3648 2736; baseline -0.004 -19"><span class='ocrx_word' id='word_1_362' title='bbox 2061 2661 2216 2736; x_wconf 81' lang='grc' dir='ltr'>ἦγον,</span> <span class='ocrx_word' id='word_1_363' title='bbox 2253 2665 2344 2718; x_wconf 78' lang='grc' dir='ltr'><strong>καὶ</strong></span> <span class='ocrx_word' id='word_1_364' title='bbox 2375 2663 2444 2717; x_wconf 86' lang='grc' dir='ltr'><strong>τά</strong></span> <span class='ocrx_word' id='word_1_365' title='bbox 2476 2665 2659 2726; x_wconf 80' lang='grc' dir='ltr'>αὐτοῖς</span> <span class='ocrx_word' id='word_1_366' title='bbox 2693 2663 2954 2716; x_wconf 84' lang='grc' dir='ltr'>δοκοῦντα</span> <span class='ocrx_word' id='word_1_367' title='bbox 2998 2666 3168 2716; x_wconf 87' lang='grc' dir='ltr'>ποιεῖν</span> <span class='ocrx_word' id='word_1_368' title='bbox 3199 2662 3648 2733; x_wconf 61' lang='grc' dir='ltr'>κατηνάγκαζον,</span> 
     </span>
    </p>
   </div>
   <div class='ocr_carea' id='block_1_57' title="bbox 2068 2753 3646 2826">
    <p class='ocr_par' dir='ltr' id='par_1_57' title="bbox 2068 2753 3646 2826">
     <span class='ocr_line' id='line_1_57' title="bbox 2068 2753 3646 2826; baseline -0.006 -15"><span class='ocrx_word' id='word_1_369' title='bbox 2068 2757 2143 2826; x_wconf 81' lang='grc' dir='ltr'>μὴ</span> <span class='ocrx_word' id='word_1_370' title='bbox 2173 2755 2457 2825; x_wconf 59' lang='grc' dir='ltr'>τολμῶσιν</span> <span class='ocrx_word' id='word_1_371' title='bbox 2482 2756 2760 2808; x_wconf 82' lang='grc' dir='ltr'>ἀντειπεῖν</span> <span class='ocrx_word' id='word_1_372' title='bbox 2789 2755 2924 2825; x_wconf 81' lang='grc' dir='ltr'>πρὸς</span> <span class='ocrx_word' id='word_1_373' title='bbox 2953 2754 3024 2807; x_wconf 88' lang='grc' dir='ltr'><strong>τά</strong></span> <span class='ocrx_word' id='word_1_374' title='bbox 3059 2755 3310 2825; x_wconf 84' lang='grc' dir='ltr'>σκληρῶς</span> <span class='ocrx_word' id='word_1_375' title='bbox 3339 2754 3477 2823; x_wconf 79' lang='grc' dir='ltr'>αὐτῇ</span> <span class='ocrx_word' id='word_1_376' title='bbox 3505 2753 3646 2823; x_wconf 69' lang='grc' dir='ltr'>πρὸς</span> 
     </span>
    </p>
   </div>
   <div class='ocr_carea' id='block_1_58' title="bbox 2065 2845 3649 2918">
    <p class='ocr_par' dir='ltr' id='par_1_58' title="bbox 2065 2845 3649 2918">
     <span class='ocr_line' id='line_1_58' title="bbox 2065 2845 3649 2918; baseline -0.004 -17"><span class='ocrx_word' id='word_1_377' title='bbox 2065 2849 2244 2901; x_wconf 76' lang='grc' dir='ltr'>αὐτῶν</span> <span class='ocrx_word' id='word_1_378' title='bbox 2267 2848 2720 2918; x_wconf 87' lang='grc' dir='ltr'>προστασσόμενα</span> <span class='ocrx_word' id='word_1_379' title='bbox 2738 2863 2750 2876; x_wconf 86' lang='grc'><strong>·</strong></span> <span class='ocrx_word' id='word_1_380' title='bbox 2771 2847 2960 2914; x_wconf 84' lang='grc' dir='ltr'>ὥσπερ</span> <span class='ocrx_word' id='word_1_381' title='bbox 2979 2845 3087 2899; x_wconf 74' lang='grc' dir='ltr'>οὐδ’</span> <span class='ocrx_word' id='word_1_382' title='bbox 3110 2848 3138 2898; x_wconf 85' lang='grc' dir='ltr'><strong>ὁ</strong></span> <span class='ocrx_word' id='word_1_383' title='bbox 3158 2845 3386 2909; x_wconf 81' lang='grc' dir='ltr'>παλαιὸς</span> <span class='ocrx_word' id='word_1_384' title='bbox 3427 2845 3649 2914; x_wconf 74' lang='grc' dir='ltr'>Ἰσραὴλ-</span> 
     </span>
    </p>
   </div>
   <div class='ocr_carea' id='block_1_59' title="bbox 2067 2932 3654 3010">
    <p class='ocr_par' dir='ltr' id='par_1_59' title="bbox 2067 2932 3654 3010">
     <span class='ocr_line' id='line_1_59' title="bbox 2067 2932 3654 3010; baseline -0.004 -16"><span class='ocrx_word' id='word_1_385' title='bbox 2067 2941 2236 2994; x_wconf 87' lang='grc' dir='ltr'>πάλαι</span> <span class='ocrx_word' id='word_1_386' title='bbox 2267 2940 2512 3010; x_wconf 83' lang='grc' dir='ltr'>Θητεύων</span> <span class='ocrx_word' id='word_1_387' title='bbox 2555 2940 2673 2992; x_wconf 88' lang='grc' dir='ltr'>κατ’</span> <span class='ocrx_word' id='word_1_388' title='bbox 2707 2938 3010 3005; x_wconf 73' lang='grc' dir='ltr'>Αἴγυπτον·</span> <span class='ocrx_word' id='word_1_389' title='bbox 3051 2937 3146 2992; x_wconf 81' lang='grc' dir='ltr'>καὶ</span> <span class='ocrx_word' id='word_1_390' title='bbox 3193 2932 3262 3008; x_wconf 81' lang='grc' dir='ltr'>ἦν</span> <span class='ocrx_word' id='word_1_391' title='bbox 3290 2937 3417 2991; x_wconf 78' lang='grc' dir='ltr'>ἰδεῖν</span> <span class='ocrx_word' id='word_1_392' title='bbox 3455 2935 3654 3004; x_wconf 77' lang='grc' dir='ltr'>ῶσπερ</span> 
     </span>
    </p>
   </div>
   <div class='ocr_carea' id='block_1_60' title="bbox 393 3028 1968 3125">
    <p class='ocr_par' dir='ltr' id='par_1_60' title="bbox 393 3028 1962 3120">
     <span class='ocr_line' id='line_1_60' title="bbox 393 3028 1962 3120; baseline 0.009 -26"><span class='ocrx_word' id='word_1_393' title='bbox 393 3039 536 3094; x_wconf 87' lang='lat' dir='ltr'><strong>sicut</strong></span> <span class='ocrx_word' id='word_1_394' title='bbox 567 3042 754 3112; x_wconf 76' lang='lat' dir='ltr'><strong>auriga</strong></span> <span class='ocrx_word' id='word_1_395' title='bbox 782 3043 1028 3099; x_wconf 87' lang='lat' dir='ltr'><strong>inlirmus</strong></span> <span class='ocrx_word' id='word_1_396' title='bbox 1057 3053 1110 3098; x_wconf 90' lang='lat' dir='ltr'><strong>et</strong></span> <span class='ocrx_word' id='word_1_397' title='bbox 1134 3028 1428 3117; x_wconf 82' lang='lat' dir='ltr'><strong>impotens,</strong></span> <span class='ocrx_word' id='word_1_398' title='bbox 1469 3051 1562 3119; x_wconf 88' lang='lat' dir='ltr'><strong>qui</strong></span> <span class='ocrx_word' id='word_1_399' title='bbox 1589 3028 1748 3120; x_wconf 81' lang='lat' dir='ltr'><strong>equis</strong></span> <span class='ocrx_word' id='word_1_400' title='bbox 1777 3053 1962 3107; x_wconf 81' lang='lat' dir='ltr'><strong>exsul—</strong></span> 
     </span>
    </p>
   </div>
   <div class='ocr_carea' id='block_1_61' title="bbox 2072 3028 3648 3125">
    <p class='ocr_par' dir='ltr' id='par_1_61' title="bbox 2072 3028 3648 3104">
     <span class='ocr_line' id='line_1_61' title="bbox 2072 3028 3648 3104; baseline -0.003 -19"><span class='ocrx_word' id='word_1_401' title='bbox 2072 3033 2282 3104; x_wconf 81' lang='grc' dir='ltr'>ἡνίοχον</span> <span class='ocrx_word' id='word_1_402' title='bbox 2309 3031 2510 3102; x_wconf 81' lang='grc' dir='ltr'>ἀσθενῆ</span> <span class='ocrx_word' id='word_1_403' title='bbox 2535 3032 2630 3084; x_wconf 71' lang='grc' dir='ltr'><strong>καὶ</strong></span> <span class='ocrx_word' id='word_1_404' title='bbox 2655 3030 2920 3084; x_wconf 89' lang='grc' dir='ltr'>ἀδύνατον</span> <span class='ocrx_word' id='word_1_405' title='bbox 2947 3030 3251 3100; x_wconf 82' lang='grc' dir='ltr'>γαυριῶσιν</span> <span class='ocrx_word' id='word_1_406' title='bbox 3279 3030 3467 3092; x_wconf 81' lang='grc' dir='ltr'>ἵπποις</span> <span class='ocrx_word' id='word_1_407' title='bbox 3492 3028 3648 3099; x_wconf 88' lang='grc' dir='ltr'>όχού-</span> 
     </span>
    </p>
   </div>
   <div class='ocr_carea' id='block_1_62' title="bbox 397 3130 1962 3208">
    <p class='ocr_par' dir='ltr' id='par_1_62' title="bbox 397 3130 1962 3208">
     <span class='ocr_line' id='line_1_62' title="bbox 397 3130 1962 3208; baseline 0.011 -27"><span class='ocrx_word' id='word_1_408' title='bbox 397 3130 638 3184; x_wconf 89' lang='lat' dir='ltr'><strong>tantibus</strong></span> <span class='ocrx_word' id='word_1_409' title='bbox 670 3133 905 3198; x_wconf 85' lang='lat' dir='ltr'><strong>vehitur,</strong></span> <span class='ocrx_word' id='word_1_410' title='bbox 943 3143 996 3188; x_wconf 93' lang='lat' dir='ltr'><strong>et</strong></span> <span class='ocrx_word' id='word_1_411' title='bbox 1023 3135 1217 3190; x_wconf 91' lang='lat' dir='ltr'><strong>horum</strong></span> <span class='ocrx_word' id='word_1_412' title='bbox 1259 3139 1526 3208; x_wconf 89' lang='lat' dir='ltr'><strong>impetum</strong></span> <span class='ocrx_word' id='word_1_413' title='bbox 1578 3143 1814 3197; x_wconf 88' lang='lat' dir='ltr'><strong>retinere</strong></span> <span class='ocrx_word' id='word_1_414' title='bbox 1854 3159 1962 3198; x_wconf 90' lang='lat' dir='ltr'><strong>non</strong></span> 
     </span>
    </p>
   </div>
   <div class='ocr_carea' id='block_1_63' title="bbox 397 3221 1966 3304">
    <p class='ocr_par' dir='ltr' id='par_1_63' title="bbox 397 3221 1966 3304">
     <span class='ocr_line' id='line_1_63' title="bbox 397 3221 1966 3304; baseline 0.011 -33"><span class='ocrx_word' id='word_1_415' title='bbox 397 3221 558 3285; x_wconf 90' lang='lat' dir='ltr'><strong>valet,</strong></span> <span class='ocrx_word' id='word_1_416' title='bbox 601 3221 694 3276; x_wconf 88' lang='lat' dir='ltr'><strong>sed</strong></span> <span class='ocrx_word' id='word_1_417' title='bbox 727 3223 932 3279; x_wconf 87' lang='lat' dir='ltr'><strong>invitus</strong></span> <span class='ocrx_word' id='word_1_418' title='bbox 965 3235 1120 3280; x_wconf 90' lang='lat' dir='ltr'><strong>actus</strong></span> <span class='ocrx_word' id='word_1_419' title='bbox 1165 3243 1228 3281; x_wconf 88' lang='lat' dir='ltr'><strong>ac</strong></span> <span class='ocrx_word' id='word_1_420' title='bbox 1261 3229 1527 3284; x_wconf 78' lang='lat' dir='ltr'><strong>violenter</strong></span> <span class='ocrx_word' id='word_1_421' title='bbox 1558 3232 1626 3286; x_wconf 88' lang='lat' dir='ltr'><strong>ab</strong></span> <span class='ocrx_word' id='word_1_422' title='bbox 1658 3233 1740 3287; x_wconf 90' lang='lat' dir='ltr'><strong>eis</strong></span> <span class='ocrx_word' id='word_1_423' title='bbox 1779 3250 1966 3304; x_wconf 86' lang='lat' dir='ltr'><strong>arrep-</strong></span> 
     </span>
    </p>
   </div>
   <div class='ocr_carea' id='block_1_64' title="bbox 397 3318 1968 3394">
    <p class='ocr_par' dir='ltr' id='par_1_64' title="bbox 397 3318 1968 3394">
     <span class='ocr_line' id='line_1_64' title="bbox 397 3318 1968 3394; baseline 0.011 -30"><span class='ocrx_word' id='word_1_424' title='bbox 397 3319 508 3380; x_wconf 92' lang='lat' dir='ltr'><strong>tus,</strong></span> <span class='ocrx_word' id='word_1_425' title='bbox 541 3322 877 3382; x_wconf 84' lang='lat' dir='ltr'><strong>postremum</strong></span> <span class='ocrx_word' id='word_1_426' title='bbox 909 3318 1226 3373; x_wconf 88' lang='lat' dir='ltr'><strong>retinaculis</strong></span> <span class='ocrx_word' id='word_1_427' title='bbox 1247 3319 1514 3384; x_wconf 86' lang='lat' dir='ltr'><strong>dimissis,</strong></span> <span class='ocrx_word' id='word_1_428' title='bbox 1544 3337 1668 3376; x_wconf 91' lang='lat' dir='ltr'><strong>eum</strong></span> <span class='ocrx_word' id='word_1_429' title='bbox 1700 3323 1807 3379; x_wconf 84' lang='lat' dir='ltr'><strong>illis</strong></span> <span class='ocrx_word' id='word_1_430' title='bbox 1833 3341 1968 3394; x_wconf 70' lang='lat' dir='ltr'><strong>prte-</strong></span> 
     </span>
    </p>
   </div>
   <div class='ocr_carea' id='block_1_65' title="bbox 397 3402 1973 3480">
    <p class='ocr_par' dir='ltr' id='par_1_65' title="bbox 397 3402 1973 3480">
     <span class='ocr_line' id='line_1_65' title="bbox 397 3402 1973 3480; baseline 0.01 -28"><span class='ocrx_word' id='word_1_431' title='bbox 397 3402 677 3468; x_wconf 84' lang='lat' dir='ltr'><strong>cipitatur.</strong></span> <span class='ocrx_word' id='word_1_432' title='bbox 707 3402 798 3458; x_wconf 89' lang='lat' dir='ltr'><strong>Sic</strong></span> <span class='ocrx_word' id='word_1_433' title='bbox 843 3412 894 3456; x_wconf 89' lang='lat' dir='ltr'><strong>et</strong></span> <span class='ocrx_word' id='word_1_434' title='bbox 937 3407 1157 3473; x_wconf 82' lang='lat' dir='ltr'><strong>juvenis</strong></span> <span class='ocrx_word' id='word_1_435' title='bbox 1187 3407 1367 3461; x_wconf 84' lang='lat' dir='ltr'><strong>anima</strong></span> <span class='ocrx_word' id='word_1_436' title='bbox 1399 3412 1738 3480; x_wconf 82' lang='lat' dir='ltr'><strong>tyrannidem</strong></span> <span class='ocrx_word' id='word_1_437' title='bbox 1773 3429 1801 3466; x_wconf 89' lang='lat' dir='ltr'><strong>a</strong></span> <span class='ocrx_word' id='word_1_438' title='bbox 1835 3415 1973 3467; x_wconf 90' lang='lat' dir='ltr'><strong>divi—</strong></span> 
     </span>
    </p>
   </div>
   <div class='ocr_carea' id='block_1_66' title="bbox 401 3492 1971 3572">
    <p class='ocr_par' dir='ltr' id='par_1_66' title="bbox 401 3492 1971 3572">
     <span class='ocr_line' id='line_1_66' title="bbox 401 3492 1971 3572; baseline 0.01 -29"><span class='ocrx_word' id='word_1_439' title='bbox 401 3492 493 3545; x_wconf 89' lang='lat' dir='ltr'><strong>tiis</strong></span> <span class='ocrx_word' id='word_1_440' title='bbox 527 3507 712 3561; x_wconf 85' lang='lat' dir='ltr'><strong>passa,</strong></span> <span class='ocrx_word' id='word_1_441' title='bbox 752 3494 1190 3565; x_wconf 89' lang='lat' dir='ltr'><strong>deliciarumque</strong></span> <span class='ocrx_word' id='word_1_442' title='bbox 1231 3513 1296 3552; x_wconf 89' lang='lat' dir='ltr'><strong>ac</strong></span> <span class='ocrx_word' id='word_1_443' title='bbox 1353 3501 1603 3568; x_wconf 84' lang='lat' dir='ltr'><strong>corporis</strong></span> <span class='ocrx_word' id='word_1_444' title='bbox 1644 3502 1848 3572; x_wconf 81' lang='lat' dir='ltr'><strong>vigoris</strong></span> <span class='ocrx_word' id='word_1_445' title='bbox 1875 3505 1971 3558; x_wconf 80' lang='lat' dir='ltr'><strong>do-</strong></span> 
     </span>
    </p>
   </div>
   <div class='ocr_carea' id='block_1_67' title="bbox 402 3583 1965 3661">
    <p class='ocr_par' dir='ltr' id='par_1_67' title="bbox 402 3583 1965 3661">
     <span class='ocr_line' id='line_1_67' title="bbox 402 3583 1965 3661; baseline 0.008 -25"><span class='ocrx_word' id='word_1_446' title='bbox 402 3583 575 3636; x_wconf 89' lang='lat' dir='ltr'><strong>minio</strong></span> <span class='ocrx_word' id='word_1_447' title='bbox 604 3600 891 3654; x_wconf 87' lang='lat' dir='ltr'><strong>oppressa,</strong></span> <span class='ocrx_word' id='word_1_448' title='bbox 923 3586 988 3640; x_wconf 90' lang='lat' dir='ltr'><strong>ad</strong></span> <span class='ocrx_word' id='word_1_449' title='bbox 1027 3596 1212 3656; x_wconf 86' lang='lat' dir='ltr'><strong>turpes</strong></span> <span class='ocrx_word' id='word_1_450' title='bbox 1269 3590 1581 3658; x_wconf 90' lang='lat' dir='ltr'><strong>voluptates</strong></span> <span class='ocrx_word' id='word_1_451' title='bbox 1614 3592 1965 3661; x_wconf 71' lang='lat' dir='ltr'><strong>cﬂerehatur,</strong></span> 
     </span>
    </p>
   </div>
   <div class='ocr_carea' id='block_1_68' title="bbox 399 3678 1968 3752">
    <p class='ocr_par' dir='ltr' id='par_1_68' title="bbox 399 3678 1968 3752">
     <span class='ocr_line' id='line_1_68' title="bbox 399 3678 1968 3752; baseline 0.009 -24"><span class='ocrx_word' id='word_1_452' title='bbox 399 3683 456 3728; x_wconf 89' lang='lat' dir='ltr'><strong>et</strong></span> <span class='ocrx_word' id='word_1_453' title='bbox 506 3690 656 3730; x_wconf 88' lang='lat' dir='ltr'><strong>more</strong></span> <span class='ocrx_word' id='word_1_454' title='bbox 709 3678 892 3732; x_wconf 83' lang='lat' dir='ltr'><strong>servili</strong></span> <span class='ocrx_word' id='word_1_455' title='bbox 959 3679 1307 3748; x_wconf 81' lang='lat' dir='ltr'><strong>passionibus</strong></span> <span class='ocrx_word' id='word_1_456' title='bbox 1353 3684 1539 3752; x_wconf 88' lang='lat' dir='ltr'><strong>pravis</strong></span> <span class='ocrx_word' id='word_1_457' title='bbox 1578 3685 1968 3742; x_wconf 82' lang='lat' dir='ltr'><strong>inclinabatur.</strong></span> 
     </span>
    </p>
   </div>
   <div class='ocr_carea' id='block_1_69' title="bbox 402 3766 1970 3842">
    <p class='ocr_par' dir='ltr' id='par_1_69' title="bbox 402 3766 1970 3842">
     <span class='ocr_line' id='line_1_69' title="bbox 402 3766 1970 3842; baseline 0.013 -24"><span class='ocrx_word' id='word_1_458' title='bbox 402 3767 644 3836; x_wconf 82' lang='lat' dir='ltr'><strong>Cumque</strong></span> <span class='ocrx_word' id='word_1_459' title='bbox 666 3766 921 3826; x_wconf 82' lang='lat' dir='ltr'><strong>Julianus</strong></span> <span class='ocrx_word' id='word_1_460' title='bbox 954 3775 1008 3824; x_wconf 91' lang='lat' dir='ltr'><strong>in</strong></span> <span class='ocrx_word' id='word_1_461' title='bbox 1039 3772 1140 3827; x_wconf 82' lang='lat' dir='ltr'><strong>hoc</strong></span> <span class='ocrx_word' id='word_1_462' title='bbox 1171 3774 1502 3842; x_wconf 88' lang='lat' dir='ltr'><strong>devenisset,</strong></span> <span class='ocrx_word' id='word_1_463' title='bbox 1540 3787 1666 3833; x_wconf 86' lang='lat' dir='ltr'><strong>ante</strong></span> <span class='ocrx_word' id='word_1_464' title='bbox 1695 3782 1970 3837; x_wconf 65' lang='lat' dir='ltr'><strong>constituo</strong></span> 
     </span>
    </p>
   </div>
   <div class='ocr_carea' id='block_1_70' title="bbox 405 3856 1970 3939">
    <p class='ocr_par' dir='ltr' id='par_1_70' title="bbox 405 3856 1970 3939">
     <span class='ocr_line' id='line_1_70' title="bbox 405 3856 1970 3939; baseline 0.013 -32"><span class='ocrx_word' id='word_1_465' title='bbox 405 3856 604 3908; x_wconf 89' lang='lat' dir='ltr'><strong>tionem</strong></span> <span class='ocrx_word' id='word_1_466' title='bbox 636 3857 887 3927; x_wconf 76' lang='lat' dir='ltr'><strong>legalium</strong></span> <span class='ocrx_word' id='word_1_467' title='bbox 941 3864 1280 3932; x_wconf 88' lang='lat' dir='ltr'><strong>nuptiarum,</strong></span> <span class='ocrx_word' id='word_1_468' title='bbox 1344 3870 1548 3935; x_wconf 84' lang='lat' dir='ltr'><strong>nuptiis</strong></span> <span class='ocrx_word' id='word_1_469' title='bbox 1606 3871 1970 3939; x_wconf 83' lang='lat' dir='ltr'><strong>copulabatur</strong></span> 
     </span>
    </p>
   </div>
   <div class='ocr_carea' id='block_1_71' title="bbox 403 3945 1972 4027">
    <p class='ocr_par' dir='ltr' id='par_1_71' title="bbox 403 3945 1972 4027">
     <span class='ocr_line' id='line_1_71' title="bbox 403 3945 1972 4027; baseline 0.013 -30"><span class='ocrx_word' id='word_1_470' title='bbox 403 3945 643 4014; x_wconf 86' lang='lat' dir='ltr'><strong>iniquis;</strong></span> <span class='ocrx_word' id='word_1_471' title='bbox 677 3957 729 4001; x_wconf 90' lang='lat' dir='ltr'><strong>et</strong></span> <span class='ocrx_word' id='word_1_472' title='bbox 757 3960 883 4005; x_wconf 89' lang='lat' dir='ltr'><strong>ante</strong></span> <span class='ocrx_word' id='word_1_473' title='bbox 917 3953 1167 4007; x_wconf 89' lang='lat' dir='ltr'><strong>ulnarum</strong></span> <span class='ocrx_word' id='word_1_474' title='bbox 1200 3957 1485 4026; x_wconf 79' lang='lat' dir='ltr'><strong>amplexus</strong></span> <span class='ocrx_word' id='word_1_475' title='bbox 1537 3975 1784 4027; x_wconf 89' lang='lat' dir='ltr'><strong>suarum,</strong></span> <span class='ocrx_word' id='word_1_476' title='bbox 1825 3965 1972 4018; x_wconf 90' lang='lat' dir='ltr'><strong>ulnis</strong></span> 
     </span>
    </p>
   </div>
   <div class='ocr_carea' id='block_1_72' title="bbox 402 4037 1970 4122">
    <p class='ocr_par' dir='ltr' id='par_1_72' title="bbox 402 4037 1970 4122">
     <span class='ocr_line' id='line_1_72' title="bbox 402 4037 1970 4122; baseline 0.011 -31"><span class='ocrx_word' id='word_1_477' title='bbox 402 4037 630 4092; x_wconf 87' lang='lat' dir='ltr'><strong>alterius</strong></span> <span class='ocrx_word' id='word_1_478' title='bbox 656 4041 976 4107; x_wconf 87' lang='lat' dir='ltr'><strong>artabatur;</strong></span> <span class='ocrx_word' id='word_1_479' title='bbox 1005 4055 1058 4097; x_wconf 91' lang='lat' dir='ltr'><strong>et</strong></span> <span class='ocrx_word' id='word_1_480' title='bbox 1109 4046 1426 4116; x_wconf 90' lang='lat' dir='ltr'><strong>priusquam</strong></span> <span class='ocrx_word' id='word_1_481' title='bbox 1462 4049 1663 4105; x_wconf 84' lang='lat' dir='ltr'><strong>fontem</strong></span> <span class='ocrx_word' id='word_1_482' title='bbox 1695 4055 1970 4122; x_wconf 88' lang='lat' dir='ltr'><strong>proprium</strong></span> 
     </span>
    </p>
   </div>
   <div class='ocr_carea' id='block_1_73' title="bbox 406 4130 1974 4210">
    <p class='ocr_par' dir='ltr' id='par_1_73' title="bbox 406 4130 1974 4210">
     <span class='ocr_line' id='line_1_73' title="bbox 406 4130 1974 4210; baseline 0.011 -27"><span class='ocrx_word' id='word_1_483' title='bbox 406 4130 754 4199; x_wconf 86' lang='lat' dir='ltr'><strong>acquisisset,</strong></span> <span class='ocrx_word' id='word_1_484' title='bbox 792 4149 855 4187; x_wconf 82' lang='lat' dir='ltr'><strong>ex</strong></span> <span class='ocrx_word' id='word_1_485' title='bbox 895 4134 1045 4190; x_wconf 81' lang='lat' dir='ltr'><strong>fonte</strong></span> <span class='ocrx_word' id='word_1_486' title='bbox 1094 4137 1213 4191; x_wconf 89' lang='lat' dir='ltr'><strong>sine</strong></span> <span class='ocrx_word' id='word_1_487' title='bbox 1268 4147 1494 4194; x_wconf 87' lang='lat' dir='ltr'><strong>auctore</strong></span> <span class='ocrx_word' id='word_1_488' title='bbox 1535 4157 1732 4210; x_wconf 91' lang='lat' dir='ltr'><strong>aquam</strong></span> <span class='ocrx_word' id='word_1_489' title='bbox 1789 4144 1974 4200; x_wconf 84' lang='lat' dir='ltr'><strong>bibere</strong></span> 
     </span>
    </p>
   </div>
   <div class='ocr_carea' id='block_1_74' title="bbox 407 4221 1974 4302">
    <p class='ocr_par' dir='ltr' id='par_1_74' title="bbox 407 4221 1974 4302">
     <span class='ocr_line' id='line_1_74' title="bbox 407 4221 1974 4302; baseline 0.01 -29"><span class='ocrx_word' id='word_1_490' title='bbox 407 4221 715 4288; x_wconf 75' lang='lat' dir='ltr'><strong>gestiebat;</strong></span> <span class='ocrx_word' id='word_1_491' title='bbox 759 4230 812 4274; x_wconf 91' lang='lat' dir='ltr'><strong>ct</strong></span> <span class='ocrx_word' id='word_1_492' title='bbox 855 4232 980 4277; x_wconf 88' lang='lat' dir='ltr'><strong>ante</strong></span> <span class='ocrx_word' id='word_1_493' title='bbox 1031 4226 1237 4292; x_wconf 89' lang='lat' dir='ltr'><strong>pullum</strong></span> <span class='ocrx_word' id='word_1_494' title='bbox 1277 4231 1596 4295; x_wconf 80' lang='lat' dir='ltr'><strong>gratiarum,</strong></span> <span class='ocrx_word' id='word_1_495' title='bbox 1653 4247 1776 4286; x_wconf 91' lang='lat' dir='ltr'><strong>cum</strong></span> <span class='ocrx_word' id='word_1_496' title='bbox 1827 4236 1974 4302; x_wconf 90' lang='lat' dir='ltr'><strong>pullo</strong></span> 
     </span>
    </p>
   </div>
   <div class='ocr_carea' id='block_1_75' title="bbox 408 4311 1975 4391">
    <p class='ocr_par' dir='ltr' id='par_1_75' title="bbox 408 4311 1975 4391">
     <span class='ocr_line' id='line_1_75' title="bbox 408 4311 1975 4391; baseline 0.009 -28"><span class='ocrx_word' id='word_1_497' title='bbox 408 4311 665 4363; x_wconf 83' lang='lat' dir='ltr'><strong>convenit</strong></span> <span class='ocrx_word' id='word_1_498' title='bbox 699 4313 902 4381; x_wconf 81' lang='lat' dir='ltr'><strong>gratias</strong></span> <span class='ocrx_word' id='word_1_499' title='bbox 938 4328 1047 4365; x_wconf 91' lang='lat' dir='ltr'><strong>non</strong></span> <span class='ocrx_word' id='word_1_500' title='bbox 1081 4314 1342 4378; x_wconf 87' lang='lat' dir='ltr'><strong>habente;</strong></span> <span class='ocrx_word' id='word_1_501' title='bbox 1381 4316 1432 4369; x_wconf 92' lang='lat' dir='ltr'><strong>in</strong></span> <span class='ocrx_word' id='word_1_502' title='bbox 1464 4333 1703 4375; x_wconf 86' lang='lat' dir='ltr'><strong>amorem</strong></span> <span class='ocrx_word' id='word_1_503' title='bbox 1740 4339 1975 4391; x_wconf 87' lang='lat' dir='ltr'><strong>namque</strong></span> 
     </span>
    </p>
   </div>
   <div class='ocr_carea' id='block_1_76' title="bbox 411 4402 2052 4478">
    <p class='ocr_par' dir='ltr' id='par_1_76' title="bbox 411 4402 2052 4478">
     <span class='ocr_line' id='line_1_76' title="bbox 411 4402 2052 4478; baseline 0.011 -24"><span class='ocrx_word' id='word_1_504' title='bbox 411 4403 748 4458; x_wconf 65' lang='lat' dir='ltr'><strong>mulierculae</strong></span> <span class='ocrx_word' id='word_1_505' title='bbox 777 4402 947 4467; x_wconf 84' lang='lat' dir='ltr'><strong>venit,</strong></span> <span class='ocrx_word' id='word_1_506' title='bbox 981 4411 1035 4456; x_wconf 88' lang='lat' dir='ltr'><strong>et</strong></span> <span class='ocrx_word' id='word_1_507' title='bbox 1068 4403 1200 4458; x_wconf 90' lang='lat' dir='ltr'><strong>huic</strong></span> <span class='ocrx_word' id='word_1_508' title='bbox 1238 4406 1308 4459; x_wconf 89' lang='lat' dir='ltr'><strong>ob</strong></span> <span class='ocrx_word' id='word_1_509' title='bbox 1351 4408 1686 4478; x_wconf 88' lang='lat' dir='ltr'><strong>voluptatem</strong></span> <span class='ocrx_word' id='word_1_510' title='bbox 1716 4413 1968 4468; x_wconf 90' lang='lat' dir='ltr'><strong>commis-</strong></span> <span class='ocrx_word' id='word_1_511' title='bbox 2011 4419 2052 4472; x_wconf 85' lang='grc' dir='ltr'>ι)</span> 
     </span>
    </p>
   </div>
   <div class='ocr_carea' id='block_1_77' title="bbox 413 4492 660 4546">
    <p class='ocr_par' dir='ltr' id='par_1_77' title="bbox 413 4492 660 4546">
     <span class='ocr_line' id='line_1_77' title="bbox 413 4492 660 4546; baseline 0.012 -4"><span class='ocrx_word' id='word_1_512' title='bbox 413 4492 660 4546; x_wconf 85' lang='lat' dir='ltr'><strong>cebatur.</strong></span> 
     </span>
    </p>
   </div>
   <div class='ocr_carea' id='block_1_78' title="bbox 487 4581 1980 4662">
    <p class='ocr_par' dir='ltr' id='par_1_78' title="bbox 487 4581 1980 4662">
     <span class='ocr_line' id='line_1_78' title="bbox 487 4581 1980 4662; baseline 0.007 -26"><span class='ocrx_word' id='word_1_513' title='bbox 487 4581 658 4638; x_wconf 81' lang='lat' dir='ltr'><strong>Porro</strong></span> <span class='ocrx_word' id='word_1_514' title='bbox 690 4585 1108 4645; x_wconf 88' lang='lat' dir='ltr'><strong>honorabilibus</strong></span> <span class='ocrx_word' id='word_1_515' title='bbox 1139 4592 1346 4662; x_wconf 89' lang='lat' dir='ltr'><strong>nuptiis</strong></span> <span class='ocrx_word' id='word_1_516' title='bbox 1376 4600 1429 4646; x_wconf 90' lang='lat' dir='ltr'><strong>et</strong></span> <span class='ocrx_word' id='word_1_517' title='bbox 1461 4600 1582 4646; x_wconf 91' lang='lat' dir='ltr'><strong>toro</strong></span> <span class='ocrx_word' id='word_1_518' title='bbox 1629 4592 1980 4648; x_wconf 88' lang='lat' dir='ltr'><strong>immaculato</strong></span> 
     </span>
    </p>
   </div>
   <div class='ocr_carea' id='block_1_79' title="bbox 413 4675 1982 4751">
    <p class='ocr_par' dir='ltr' id='par_1_79' title="bbox 413 4675 1982 4751">
     <span class='ocr_line' id='line_1_79' title="bbox 413 4675 1982 4751; baseline 0.006 -24"><span class='ocrx_word' id='word_1_519' title='bbox 413 4675 760 4743; x_wconf 85' lang='lat' dir='ltr'><strong>convinctus,</strong></span> <span class='ocrx_word' id='word_1_520' title='bbox 797 4678 1219 4751; x_wconf 89' lang='lat' dir='ltr'><strong>iniquarumque</strong></span> <span class='ocrx_word' id='word_1_521' title='bbox 1244 4682 1554 4751; x_wconf 89' lang='lat' dir='ltr'><strong>nuptiarum</strong></span> <span class='ocrx_word' id='word_1_522' title='bbox 1604 4682 1850 4736; x_wconf 87' lang='lat' dir='ltr'><strong>sentiens</strong></span> <span class='ocrx_word' id='word_1_523' title='bbox 1891 4683 1982 4736; x_wconf 71' lang='lat' dir='ltr'><strong>la:-</strong></span> 
     </span>
    </p>
   </div>
   <div class='ocr_carea' id='block_1_80' title="bbox 415 4765 1982 4832">
    <p class='ocr_par' dir='ltr' id='par_1_80' title="bbox 415 4765 1982 4832">
     <span class='ocr_line' id='line_1_80' title="bbox 415 4765 1982 4832; baseline 0.003 -14"><span class='ocrx_word' id='word_1_524' title='bbox 415 4765 645 4832; x_wconf 88' lang='lat' dir='ltr'><strong>sionem,</strong></span> <span class='ocrx_word' id='word_1_525' title='bbox 678 4768 746 4821; x_wconf 88' lang='lat' dir='ltr'><strong>ab</strong></span> <span class='ocrx_word' id='word_1_526' title='bbox 776 4768 924 4823; x_wconf 91' lang='lat' dir='ltr'><strong>illius</strong></span> <span class='ocrx_word' id='word_1_527' title='bbox 976 4771 1311 4826; x_wconf 68' lang='lat' dir='ltr'><strong>ntulierculaa</strong></span> <span class='ocrx_word' id='word_1_528' title='bbox 1357 4773 1745 4826; x_wconf 88' lang='lat' dir='ltr'><strong>communione</strong></span> <span class='ocrx_word' id='word_1_529' title='bbox 1793 4787 1982 4826; x_wconf 79' lang='lat' dir='ltr'><strong>cessa-</strong></span> 
     </span>
    </p>
   </div>
   <div class='ocr_carea' id='block_1_81' title="bbox 416 4857 1983 4928">
    <p class='ocr_par' dir='ltr' id='par_1_81' title="bbox 416 4857 1983 4928">
     <span class='ocr_line' id='line_1_81' title="bbox 416 4857 1983 4928; baseline 0.004 -20"><span class='ocrx_word' id='word_1_530' title='bbox 416 4857 492 4909; x_wconf 88' lang='lat' dir='ltr'><strong>vit</strong></span> <span class='ocrx_word' id='word_1_531' title='bbox 522 4873 535 4909; x_wconf 94' lang='lat'><strong>:</strong></span> <span class='ocrx_word' id='word_1_532' title='bbox 567 4873 688 4926; x_wconf 80' lang='lat' dir='ltr'><strong>qua:</strong></span> <span class='ocrx_word' id='word_1_533' title='bbox 715 4861 1118 4928; x_wconf 80' lang='lat' dir='ltr'><strong>separationem</strong></span> <span class='ocrx_word' id='word_1_534' title='bbox 1144 4878 1251 4916; x_wconf 91' lang='lat' dir='ltr'><strong>non</strong></span> <span class='ocrx_word' id='word_1_535' title='bbox 1280 4862 1480 4927; x_wconf 80' lang='lat' dir='ltr'><strong>ferens,</strong></span> <span class='ocrx_word' id='word_1_536' title='bbox 1505 4871 1556 4916; x_wconf 90' lang='lat' dir='ltr'><strong>et</strong></span> <span class='ocrx_word' id='word_1_537' title='bbox 1587 4862 1762 4916; x_wconf 86' lang='lat' dir='ltr'><strong>zelum</strong></span> <span class='ocrx_word' id='word_1_538' title='bbox 1791 4878 1857 4915; x_wconf 80' lang='lat' dir='ltr'><strong>ex</strong></span> <span class='ocrx_word' id='word_1_539' title='bbox 1881 4863 1983 4916; x_wconf 91' lang='lat' dir='ltr'><strong>hoc</strong></span> 
     </span>
    </p>
   </div>
   <div class='ocr_carea' id='block_1_82' title="bbox 417 4949 1985 5022">
    <p class='ocr_par' dir='ltr' id='par_1_82' title="bbox 417 4949 1985 5022">
     <span class='ocr_line' id='line_1_82' title="bbox 417 4949 1985 5022; baseline 0.003 -19"><span class='ocrx_word' id='word_1_540' title='bbox 417 4949 708 5003; x_wconf 90' lang='lat' dir='ltr'><strong>scelestum</strong></span> <span class='ocrx_word' id='word_1_541' title='bbox 739 4951 1036 5020; x_wconf 87' lang='lat' dir='ltr'><strong>accipiens,</strong></span> <span class='ocrx_word' id='word_1_542' title='bbox 1069 4953 1333 5007; x_wconf 84' lang='lat' dir='ltr'><strong>veneﬁcio</strong></span> <span class='ocrx_word' id='word_1_543' title='bbox 1369 4953 1624 5022; x_wconf 86' lang='lat' dir='ltr'><strong>juvenem</strong></span> <span class='ocrx_word' id='word_1_544' title='bbox 1658 4953 1892 5022; x_wconf 90' lang='lat' dir='ltr'><strong>impetit,</strong></span> <span class='ocrx_word' id='word_1_545' title='bbox 1930 4964 1985 5008; x_wconf 87' lang='lat' dir='ltr'><strong>et</strong></span> 
     </span>
    </p>
   </div>
   <div class='ocr_carea' id='block_1_83' title="bbox 418 5044 1984 5115">
    <p class='ocr_par' dir='ltr' id='par_1_83' title="bbox 418 5044 1984 5115">
     <span class='ocr_line' id='line_1_83' title="bbox 418 5044 1984 5115; baseline 0.004 -21"><span class='ocrx_word' id='word_1_546' title='bbox 418 5052 646 5096; x_wconf 88' lang='lat' dir='ltr'><strong>mortem</strong></span> <span class='ocrx_word' id='word_1_547' title='bbox 679 5044 725 5098; x_wconf 92' lang='lat' dir='ltr'><strong>ei</strong></span> <span class='ocrx_word' id='word_1_548' title='bbox 749 5045 818 5098; x_wconf 91' lang='lat' dir='ltr'><strong>ob</strong></span> <span class='ocrx_word' id='word_1_549' title='bbox 851 5045 1248 5114; x_wconf 86' lang='lat' dir='ltr'><strong>separationem</strong></span> <span class='ocrx_word' id='word_1_550' title='bbox 1283 5045 1602 5101; x_wconf 89' lang='lat' dir='ltr'><strong>conliciens.</strong></span> <span class='ocrx_word' id='word_1_551' title='bbox 1639 5044 1837 5100; x_wconf 86' lang='lat' dir='ltr'><strong>Verum</strong></span> <span class='ocrx_word' id='word_1_552' title='bbox 1861 5048 1984 5115; x_wconf 85' lang='lat' dir='ltr'><strong>qui-</strong></span> 
     </span>
    </p>
   </div>
   <div class='ocr_carea' id='block_1_84' title="bbox 419 5135 1982 5203">
    <p class='ocr_par' dir='ltr' id='par_1_84' title="bbox 419 5135 1982 5203">
     <span class='ocr_line' id='line_1_84' title="bbox 419 5135 1982 5203; baseline 0 -15"><span class='ocrx_word' id='word_1_553' title='bbox 419 5135 538 5189; x_wconf 88' lang='lat' dir='ltr'><strong>dem</strong></span> <span class='ocrx_word' id='word_1_554' title='bbox 567 5135 849 5190; x_wconf 91' lang='lat' dir='ltr'><strong>occisione</strong></span> <span class='ocrx_word' id='word_1_555' title='bbox 873 5138 1023 5203; x_wconf 90' lang='lat' dir='ltr'><strong>pueri</strong></span> <span class='ocrx_word' id='word_1_556' title='bbox 1050 5137 1316 5192; x_wconf 77' lang='lat' dir='ltr'><strong>frustrata</strong></span> <span class='ocrx_word' id='word_1_557' title='bbox 1353 5146 1458 5201; x_wconf 90' lang='lat' dir='ltr'><strong>est,</strong></span> <span class='ocrx_word' id='word_1_558' title='bbox 1482 5137 1609 5191; x_wconf 82' lang='lat' dir='ltr'><strong>fecit</strong></span> <span class='ocrx_word' id='word_1_559' title='bbox 1644 5145 1824 5192; x_wconf 88' lang='lat' dir='ltr'><strong>tamen</strong></span> <span class='ocrx_word' id='word_1_560' title='bbox 1857 5153 1982 5191; x_wconf 90' lang='lat' dir='ltr'><strong>eum</strong></span> 
     </span>
    </p>
   </div>
   <div class='ocr_carea' id='block_1_85' title="bbox 425 5226 1988 5296">
    <p class='ocr_par' dir='ltr' id='par_1_85' title="bbox 425 5226 1988 5296">
     <span class='ocr_line' id='line_1_85' title="bbox 425 5226 1988 5296; baseline 0.003 -19"><span class='ocrx_word' id='word_1_561' title='bbox 425 5243 453 5278; x_wconf 87' lang='lat' dir='ltr'><strong>a</strong></span> <span class='ocrx_word' id='word_1_562' title='bbox 489 5237 714 5292; x_wconf 43' lang='lat' dir='ltr'><strong>mortuo,</strong></span> <span class='ocrx_word' id='word_1_563' title='bbox 750 5227 889 5281; x_wconf 91' lang='lat' dir='ltr'><strong>nihil</strong></span> <span class='ocrx_word' id='word_1_564' title='bbox 917 5227 1235 5290; x_wconf 88' lang='lat' dir='ltr'><strong>distantem,</strong></span> <span class='ocrx_word' id='word_1_565' title='bbox 1269 5242 1465 5281; x_wconf 87' lang='lat' dir='ltr'><strong>manus</strong></span> <span class='ocrx_word' id='word_1_566' title='bbox 1495 5234 1550 5280; x_wconf 87' lang='lat' dir='ltr'><strong>et</strong></span> <span class='ocrx_word' id='word_1_567' title='bbox 1580 5226 1743 5296; x_wconf 86' lang='lat' dir='ltr'><strong>pedes</strong></span> <span class='ocrx_word' id='word_1_568' title='bbox 1767 5226 1988 5296; x_wconf 88' lang='lat' dir='ltr'><strong>potione</strong></span> 
     </span>
    </p>
   </div>
   <div class='ocr_carea' id='block_1_86' title="bbox 423 5317 1988 5386">
    <p class='ocr_par' dir='ltr' id='par_1_86' title="bbox 423 5317 1988 5386">
     <span class='ocr_line' id='line_1_86' title="bbox 423 5317 1988 5386; baseline 0 -16"><span class='ocrx_word' id='word_1_569' title='bbox 423 5318 800 5381; x_wconf 86' lang='lat' dir='ltr'><strong>convinciens,</strong></span> <span class='ocrx_word' id='word_1_570' title='bbox 854 5325 907 5370; x_wconf 88' lang='lat' dir='ltr'><strong>et</strong></span> <span class='ocrx_word' id='word_1_571' title='bbox 941 5333 1102 5370; x_wconf 92' lang='lat' dir='ltr'><strong>omne</strong></span> <span class='ocrx_word' id='word_1_572' title='bbox 1136 5317 1307 5386; x_wconf 85' lang='lat' dir='ltr'><strong>ipsius</strong></span> <span class='ocrx_word' id='word_1_573' title='bbox 1370 5317 1672 5370; x_wconf 86' lang='lat' dir='ltr'><strong>membrum</strong></span> <span class='ocrx_word' id='word_1_574' title='bbox 1739 5317 1988 5386; x_wconf 90' lang='lat' dir='ltr'><strong>corporis</strong></span> 
     </span>
    </p>
   </div>
   <div class='ocr_carea' id='block_1_87' title="bbox 427 5404 1986 5477">
    <p class='ocr_par' dir='ltr' id='par_1_87' title="bbox 427 5404 1986 5477">
     <span class='ocr_line' id='line_1_87' title="bbox 427 5404 1986 5477; baseline 0.001 -19"><span class='ocrx_word' id='word_1_575' title='bbox 427 5404 753 5473; x_wconf 83' lang='lat' dir='ltr'><strong>destruens;</strong></span> <span class='ocrx_word' id='word_1_576' title='bbox 791 5406 901 5460; x_wconf 91' lang='lat' dir='ltr'><strong>imo</strong></span> <span class='ocrx_word' id='word_1_577' title='bbox 931 5405 1040 5462; x_wconf 89' lang='lat' dir='ltr'><strong>Deo</strong></span> <span class='ocrx_word' id='word_1_578' title='bbox 1082 5407 1265 5477; x_wconf 90' lang='lat' dir='ltr'><strong>potius</strong></span> <span class='ocrx_word' id='word_1_579' title='bbox 1309 5407 1568 5475; x_wconf 90' lang='lat' dir='ltr'><strong>juvenem</strong></span> <span class='ocrx_word' id='word_1_580' title='bbox 1600 5413 1986 5470; x_wconf 85' lang='lat' dir='ltr'><strong>conservantc,</strong></span> 
     </span>
    </p>
   </div>
   <div class='ocr_carea' id='block_1_88' title="bbox 428 5495 1991 5568">
    <p class='ocr_par' dir='ltr' id='par_1_88' title="bbox 428 5495 1991 5568">
     <span class='ocr_line' id='line_1_88' title="bbox 428 5495 1991 5568; baseline 0 -18"><span class='ocrx_word' id='word_1_581' title='bbox 428 5497 520 5566; x_wconf 90' lang='lat' dir='ltr'><strong>qui</strong></span> <span class='ocrx_word' id='word_1_582' title='bbox 556 5507 774 5568; x_wconf 87' lang='lat' dir='ltr'><strong>propter</strong></span> <span class='ocrx_word' id='word_1_583' title='bbox 800 5499 1100 5553; x_wconf 86' lang='lat' dir='ltr'><strong>bonitatem</strong></span> <span class='ocrx_word' id='word_1_584' title='bbox 1128 5513 1286 5552; x_wconf 88' lang='lat' dir='ltr'><strong>suam</strong></span> <span class='ocrx_word' id='word_1_585' title='bbox 1323 5497 1650 5552; x_wconf 84' lang='lat' dir='ltr'><strong>delictorum</strong></span> <span class='ocrx_word' id='word_1_586' title='bbox 1685 5495 1991 5564; x_wconf 76' lang='lat' dir='ltr'><strong>iuventutis</strong></span> 
     </span>
    </p>
   </div>
   <div class='ocr_carea' id='block_1_89' title="bbox 435 5587 1993 5660">
    <p class='ocr_par' dir='ltr' id='par_1_89' title="bbox 435 5587 1993 5660">
     <span class='ocr_line' id='line_1_89' title="bbox 435 5587 1993 5660; baseline 0.001 -18"><span class='ocrx_word' id='word_1_587' title='bbox 435 5603 540 5642; x_wconf 84' lang='lat' dir='ltr'><strong>non</strong></span> <span class='ocrx_word' id='word_1_588' title='bbox 573 5590 962 5654; x_wconf 87' lang='lat' dir='ltr'><strong>reminiscitur,</strong></span> <span class='ocrx_word' id='word_1_589' title='bbox 994 5598 1047 5645; x_wconf 89' lang='lat' dir='ltr'><strong>et</strong></span> <span class='ocrx_word' id='word_1_590' title='bbox 1082 5600 1304 5660; x_wconf 87' lang='lat' dir='ltr'><strong>peccata</strong></span> <span class='ocrx_word' id='word_1_591' title='bbox 1335 5589 1616 5643; x_wconf 88' lang='lat' dir='ltr'><strong>hominum</strong></span> <span class='ocrx_word' id='word_1_592' title='bbox 1655 5587 1911 5657; x_wconf 85' lang='lat' dir='ltr'><strong>despicit,</strong></span> <span class='ocrx_word' id='word_1_593' title='bbox 1941 5599 1993 5643; x_wconf 86' lang='lat' dir='ltr'><strong>ct</strong></span> 
     </span>
    </p>
   </div>
   <div class='ocr_carea' id='block_1_90' title="bbox 437 5681 1994 5752">
    <p class='ocr_par' dir='ltr' id='par_1_90' title="bbox 437 5681 1994 5752">
     <span class='ocr_line' id='line_1_90' title="bbox 437 5681 1994 5752; baseline -0.001 -16"><span class='ocrx_word' id='word_1_594' title='bbox 437 5681 572 5736; x_wconf 82' lang='lat' dir='ltr'><strong>iram</strong></span> <span class='ocrx_word' id='word_1_595' title='bbox 619 5681 780 5734; x_wconf 84' lang='lat' dir='ltr'><strong>citam</strong></span> <span class='ocrx_word' id='word_1_596' title='bbox 835 5701 937 5738; x_wconf 84' lang='lat' dir='ltr'><strong>non</strong></span> <span class='ocrx_word' id='word_1_597' title='bbox 987 5683 1171 5747; x_wconf 80' lang='lat' dir='ltr'><strong>infert,</strong></span> <span class='ocrx_word' id='word_1_598' title='bbox 1204 5683 1294 5738; x_wconf 85' lang='lat' dir='ltr'><strong>scd</strong></span> <span class='ocrx_word' id='word_1_599' title='bbox 1326 5681 1748 5752; x_wconf 73' lang='lat' dir='ltr'><strong>magnanimitcr</strong></span> <span class='ocrx_word' id='word_1_600' title='bbox 1779 5697 1994 5750; x_wconf 85' lang='lat' dir='ltr'><strong>semper</strong></span> 
     </span>
    </p>
   </div>
   <div class='ocr_carea' id='block_1_91' title="bbox 2078 3119 3654 3194">
    <p class='ocr_par' dir='ltr' id='par_1_91' title="bbox 2078 3119 3654 3194">
     <span class='ocr_line' id='line_1_91' title="bbox 2078 3119 3654 3194; baseline -0.004 -18"><span class='ocrx_word' id='word_1_601' title='bbox 2078 3140 2257 3194; x_wconf 87' lang='grc' dir='ltr'>μενον,</span> <span class='ocrx_word' id='word_1_602' title='bbox 2295 3123 2393 3176; x_wconf 74' lang='grc' dir='ltr'><strong>καὶ</strong></span> <span class='ocrx_word' id='word_1_603' title='bbox 2421 3122 2519 3185; x_wconf 86' lang='grc' dir='ltr'><strong>τάς</strong></span> <span class='ocrx_word' id='word_1_604' title='bbox 2545 3121 2753 3175; x_wconf 89' lang='grc' dir='ltr'>τούτων</span> <span class='ocrx_word' id='word_1_605' title='bbox 2775 3119 2952 3192; x_wconf 85' lang='grc' dir='ltr'>όρμάς</span> <span class='ocrx_word' id='word_1_606' title='bbox 2974 3121 3218 3190; x_wconf 78' lang='grc' dir='ltr'>ἐπισχεῖν</span> <span class='ocrx_word' id='word_1_607' title='bbox 3239 3121 3299 3173; x_wconf 87' lang='grc' dir='ltr'><strong>ού</strong></span> <span class='ocrx_word' id='word_1_608' title='bbox 3327 3119 3654 3189; x_wconf 69' lang='grc' dir='ltr'>δυνάμενον,</span> 
     </span>
    </p>
   </div>
   <div class='ocr_carea' id='block_1_92' title="bbox 2076 3210 3647 3283">
    <p class='ocr_par' dir='ltr' id='par_1_92' title="bbox 2076 3210 3647 3283">
     <span class='ocr_line' id='line_1_92' title="bbox 2076 3210 3647 3283; baseline -0.004 -14"><span class='ocrx_word' id='word_1_609' title='bbox 2076 3215 2189 3269; x_wconf 85' lang='grc' dir='ltr'>ἀλλ’</span> <span class='ocrx_word' id='word_1_610' title='bbox 2243 3214 2513 3278; x_wconf 82' lang='grc' dir='ltr'>ἀκουσίως</span> <span class='ocrx_word' id='word_1_611' title='bbox 2561 3213 2830 3283; x_wconf 86' lang='grc' dir='ltr'>ἀγόμενον</span> <span class='ocrx_word' id='word_1_612' title='bbox 2889 3213 2982 3265; x_wconf 72' lang='grc' dir='ltr'><strong>καὶ</strong></span> <span class='ocrx_word' id='word_1_613' title='bbox 3037 3211 3226 3282; x_wconf 85' lang='grc' dir='ltr'>βιαίως</span> <span class='ocrx_word' id='word_1_614' title='bbox 3277 3211 3414 3283; x_wconf 82' lang='grc' dir='ltr'>πρὸς</span> <span class='ocrx_word' id='word_1_615' title='bbox 3469 3210 3647 3263; x_wconf 80' lang='grc' dir='ltr'>αὐτῶν</span> 
     </span>
    </p>
   </div>
   <div class='ocr_carea' id='block_1_93' title="bbox 2076 3303 3650 3378">
    <p class='ocr_par' dir='ltr' id='par_1_93' title="bbox 2076 3303 3650 3378">
     <span class='ocr_line' id='line_1_93' title="bbox 2076 3303 3650 3378; baseline -0.006 -16"><span class='ocrx_word' id='word_1_616' title='bbox 2076 3307 2480 3378; x_wconf 79' lang='grc' dir='ltr'>ἁρπαζόμενον,</span> <span class='ocrx_word' id='word_1_617' title='bbox 2513 3306 2610 3358; x_wconf 73' lang='grc' dir='ltr'>καὶ</span> <span class='ocrx_word' id='word_1_618' title='bbox 2642 3305 2795 3368; x_wconf 86' lang='grc' dir='ltr'>τέλος</span> <span class='ocrx_word' id='word_1_619' title='bbox 2825 3304 2923 3366; x_wconf 82' lang='grc' dir='ltr'>τὰς</span> <span class='ocrx_word' id='word_1_620' title='bbox 2957 3306 3111 3376; x_wconf 77' lang='grc' dir='ltr'>ἡνίας</span> <span class='ocrx_word' id='word_1_621' title='bbox 3157 3303 3393 3357; x_wconf 80' lang='grc' dir='ltr'>ἐάσαντα</span> <span class='ocrx_word' id='word_1_622' title='bbox 3420 3304 3515 3356; x_wconf 73' lang='grc' dir='ltr'><strong>καὶ</strong></span> <span class='ocrx_word' id='word_1_623' title='bbox 3552 3305 3650 3356; x_wconf 74' lang='grc' dir='ltr'><strong>σὺν</strong></span> 
     </span>
    </p>
   </div>
   <div class='ocr_carea' id='block_1_94' title="bbox 2075 3393 3650 3468">
    <p class='ocr_par' dir='ltr' id='par_1_94' title="bbox 2075 3393 3650 3468">
     <span class='ocr_line' id='line_1_94' title="bbox 2075 3393 3650 3468; baseline -0.004 -17"><span class='ocrx_word' id='word_1_624' title='bbox 2075 3400 2259 3462; x_wconf 54' lang='grc' dir='ltr'>αὐτοῖς</span> <span class='ocrx_word' id='word_1_625' title='bbox 2276 3393 2731 3468; x_wconf 75' lang='grc' dir='ltr'>κρημνιζόμενον.</span> <span class='ocrx_word' id='word_1_626' title='bbox 2751 3395 2936 3458; x_wconf 76' lang='grc' dir='ltr'>Οὕτως</span> <span class='ocrx_word' id='word_1_627' title='bbox 2956 3396 2989 3466; x_wconf 82' lang='grc' dir='ltr'><strong>ἡ</strong></span> <span class='ocrx_word' id='word_1_628' title='bbox 3006 3393 3098 3447; x_wconf 78' lang='grc' dir='ltr'>τοῦ</span> <span class='ocrx_word' id='word_1_629' title='bbox 3121 3395 3241 3447; x_wconf 87' lang='grc' dir='ltr'>νέου</span> <span class='ocrx_word' id='word_1_630' title='bbox 3259 3394 3404 3464; x_wconf 76' lang='grc' dir='ltr'>ψυχὴ</span> <span class='ocrx_word' id='word_1_631' title='bbox 3435 3394 3650 3462; x_wconf 82' lang='grc' dir='ltr'>πλούτῳ</span> 
     </span>
    </p>
   </div>
   <div class='ocr_carea' id='block_1_95' title="bbox 2077 3484 3650 3562">
    <p class='ocr_par' dir='ltr' id='par_1_95' title="bbox 2077 3484 3650 3562">
     <span class='ocr_line' id='line_1_95' title="bbox 2077 3484 3650 3562; baseline -0.005 -17"><span class='ocrx_word' id='word_1_632' title='bbox 2077 3489 2504 3562; x_wconf 82' lang='grc' dir='ltr'>τυραννουμένη,</span> <span class='ocrx_word' id='word_1_633' title='bbox 2531 3491 2714 3559; x_wconf 77' lang='grc' dir='ltr'>τρυφῇ</span> <span class='ocrx_word' id='word_1_634' title='bbox 2753 3504 2810 3540; x_wconf 91' lang='grc' dir='ltr'><strong>τε</strong></span> <span class='ocrx_word' id='word_1_635' title='bbox 2842 3501 2938 3540; x_wconf 86' lang='grc' dir='ltr'><strong>και</strong></span> <span class='ocrx_word' id='word_1_636' title='bbox 2969 3487 3123 3558; x_wconf 83' lang='grc' dir='ltr'>ἀκμῇ</span> <span class='ocrx_word' id='word_1_637' title='bbox 3154 3484 3522 3555; x_wconf 77' lang='grc' dir='ltr'>δεσποζομένη</span> <span class='ocrx_word' id='word_1_638' title='bbox 3554 3485 3650 3539; x_wconf 78' lang='grc' dir='ltr'><strong>τοῦ</strong></span> 
     </span>
    </p>
   </div>
   <div class='ocr_carea' id='block_1_96' title="bbox 2079 3578 3650 3654">
    <p class='ocr_par' dir='ltr' id='par_1_96' title="bbox 2079 3578 3650 3654">
     <span class='ocr_line' id='line_1_96' title="bbox 2079 3578 3650 3654; baseline -0.004 -17"><span class='ocrx_word' id='word_1_639' title='bbox 2079 3584 2352 3654; x_wconf 84' lang='grc' dir='ltr'>σώματος,</span> <span class='ocrx_word' id='word_1_640' title='bbox 2382 3581 2518 3652; x_wconf 80' lang='grc' dir='ltr'>πρὸς</span> <span class='ocrx_word' id='word_1_641' title='bbox 2559 3581 2791 3649; x_wconf 78' lang='grc' dir='ltr'>αἰσχράς</span> <span class='ocrx_word' id='word_1_642' title='bbox 2821 3579 3012 3650; x_wconf 79' lang='grc' dir='ltr'>ἡδονάς</span> <span class='ocrx_word' id='word_1_643' title='bbox 3059 3580 3386 3649; x_wconf 75' lang='grc' dir='ltr'>ἀπεφέρετο,</span> <span class='ocrx_word' id='word_1_644' title='bbox 3417 3578 3512 3631; x_wconf 77' lang='grc' dir='ltr'><strong>καὶ</strong></span> <span class='ocrx_word' id='word_1_645' title='bbox 3541 3578 3650 3630; x_wconf 84' lang='grc' dir='ltr'>πά-</span> 
     </span>
    </p>
   </div>
   <div class='ocr_carea' id='block_1_97' title="bbox 2079 3669 3654 3742">
    <p class='ocr_par' dir='ltr' id='par_1_97' title="bbox 2079 3669 3654 3742">
     <span class='ocr_line' id='line_1_97' title="bbox 2079 3669 3654 3742; baseline -0.004 -14"><span class='ocrx_word' id='word_1_646' title='bbox 2079 3675 2226 3728; x_wconf 86' lang='grc' dir='ltr'>Θεσιν</span> <span class='ocrx_word' id='word_1_647' title='bbox 2271 3673 2491 3734; x_wconf 78' lang='grc' dir='ltr'>ἀτόποις</span> <span class='ocrx_word' id='word_1_648' title='bbox 2521 3669 2900 3742; x_wconf 88' lang='grc' dir='ltr'>δουλοπρεπῶς</span> <span class='ocrx_word' id='word_1_649' title='bbox 2952 3670 3289 3723; x_wconf 82' lang='grc' dir='ltr'>ύπεκλίνετο.</span> <span class='ocrx_word' id='word_1_650' title='bbox 3333 3671 3422 3724; x_wconf 86' lang='grc' dir='ltr'>Ἑν</span> <span class='ocrx_word' id='word_1_651' title='bbox 3455 3669 3654 3740; x_wconf 73' lang='grc' dir='ltr'>’τούτῳ</span> 
     </span>
    </p>
   </div>
   <div class='ocr_carea' id='block_1_98' title="bbox 2077 3759 3654 3834">
    <p class='ocr_par' dir='ltr' id='par_1_98' title="bbox 2077 3759 3654 3834">
     <span class='ocr_line' id='line_1_98' title="bbox 2077 3759 3654 3834; baseline -0.006 -14"><span class='ocrx_word' id='word_1_652' title='bbox 2077 3767 2135 3821; x_wconf 83' lang='grc' dir='ltr'>δὲ</span> <span class='ocrx_word' id='word_1_653' title='bbox 2201 3764 2438 3834; x_wconf 78' lang='grc' dir='ltr'>γεγονὼς</span> <span class='ocrx_word' id='word_1_654' title='bbox 2491 3759 2778 3824; x_wconf 85' lang='grc' dir='ltr'>Ἰουλιανὸς</span> <span class='ocrx_word' id='word_1_655' title='bbox 2838 3761 3264 3826; x_wconf 79' lang='grc' dir='ltr'>καταστάσεως,</span> <span class='ocrx_word' id='word_1_656' title='bbox 3313 3760 3420 3830; x_wconf 79' lang='grc' dir='ltr'>πρὸ</span> <span class='ocrx_word' id='word_1_657' title='bbox 3471 3761 3654 3829; x_wconf 83' lang='grc' dir='ltr'>γάμου</span> 
     </span>
    </p>
   </div>
   <div class='ocr_carea' id='block_1_99' title="bbox 2079 3852 3656 3928">
    <p class='ocr_par' dir='ltr' id='par_1_99' title="bbox 2079 3852 3656 3928">
     <span class='ocr_line' id='line_1_99' title="bbox 2079 3852 3656 3928; baseline -0.006 -15"><span class='ocrx_word' id='word_1_658' title='bbox 2079 3859 2312 3928; x_wconf 84' lang='grc' dir='ltr'>νομίμου</span> <span class='ocrx_word' id='word_1_659' title='bbox 2361 3857 2561 3926; x_wconf 84' lang='grc' dir='ltr'>γάμοις</span> <span class='ocrx_word' id='word_1_660' title='bbox 2606 3853 2828 3924; x_wconf 87' lang='grc' dir='ltr'>ἀνόμοις</span> <span class='ocrx_word' id='word_1_661' title='bbox 2871 3854 3171 3924; x_wconf 83' lang='grc' dir='ltr'>συνήπτετο</span> <span class='ocrx_word' id='word_1_662' title='bbox 3198 3870 3212 3885; x_wconf 91' lang='grc'><strong>·</strong></span> <span class='ocrx_word' id='word_1_663' title='bbox 3263 3853 3356 3906; x_wconf 73' lang='grc' dir='ltr'><strong>καὶ</strong></span> <span class='ocrx_word' id='word_1_664' title='bbox 3401 3852 3509 3920; x_wconf 81' lang='grc' dir='ltr'><strong>πρὸ</strong></span> <span class='ocrx_word' id='word_1_665' title='bbox 3544 3853 3656 3905; x_wconf 90' lang='grc' dir='ltr'><strong>τῶν</strong></span> 
     </span>
    </p>
   </div>
   <div class='ocr_carea' id='block_1_100' title="bbox 2083 3943 3656 4016">
    <p class='ocr_par' dir='ltr' id='par_1_100' title="bbox 2083 3943 3656 4016">
     <span class='ocr_line' id='line_1_100' title="bbox 2083 3943 3656 4016; baseline -0.006 -12"><span class='ocrx_word' id='word_1_666' title='bbox 2083 3950 2228 4005; x_wconf 82' lang='grc' dir='ltr'>ἰδίων</span> <span class='ocrx_word' id='word_1_667' title='bbox 2257 3946 2535 4016; x_wconf 84' lang='grc' dir='ltr'>ἀγκαλῶν,</span> <span class='ocrx_word' id='word_1_668' title='bbox 2573 3945 2843 4013; x_wconf 83' lang='grc' dir='ltr'>ἀγκάλαις</span> <span class='ocrx_word' id='word_1_669' title='bbox 2872 3943 3182 4014; x_wconf 82' lang='grc' dir='ltr'>ἀλλοτρίαις</span> <span class='ocrx_word' id='word_1_670' title='bbox 3215 3943 3489 4012; x_wconf 83' lang='grc' dir='ltr'>συνείχετο</span> <span class='ocrx_word' id='word_1_671' title='bbox 3511 3957 3525 3971; x_wconf 86' lang='grc'><strong>·</strong></span> <span class='ocrx_word' id='word_1_672' title='bbox 3560 3945 3656 3994; x_wconf 71' lang='grc' dir='ltr'>καὶ</span> 
     </span>
    </p>
   </div>
   <div class='ocr_carea' id='block_1_101' title="bbox 2081 4033 3655 4113">
    <p class='ocr_par' dir='ltr' id='par_1_101' title="bbox 2081 4033 3655 4113">
     <span class='ocr_line' id='line_1_101' title="bbox 2081 4033 3655 4113; baseline -0.006 -19"><span class='ocrx_word' id='word_1_673' title='bbox 2081 4041 2269 4113; x_wconf 72' lang='grc' dir='ltr'>πρὶνῆ</span> <span class='ocrx_word' id='word_1_674' title='bbox 2301 4039 2482 4109; x_wconf 83' lang='grc' dir='ltr'>πηγὴν</span> <span class='ocrx_word' id='word_1_675' title='bbox 2515 4036 2720 4090; x_wconf 83' lang='grc' dir='ltr'>οἰκείαν</span> <span class='ocrx_word' id='word_1_676' title='bbox 2769 4035 3204 4105; x_wconf 84' lang='grc' dir='ltr'>προσκτήσηται,</span> <span class='ocrx_word' id='word_1_677' title='bbox 3246 4033 3305 4098; x_wconf 76' lang='grc' dir='ltr'>ὲξ</span> <span class='ocrx_word' id='word_1_678' title='bbox 3360 4034 3655 4086; x_wconf 81' lang='grc' dir='ltr'>ἀδεσπότου</span> 
     </span>
    </p>
   </div>
   <div class='ocr_carea' id='block_1_102' title="bbox 2083 4125 3660 4205">
    <p class='ocr_par' dir='ltr' id='par_1_102' title="bbox 2083 4125 3660 4205">
     <span class='ocr_line' id='line_1_102' title="bbox 2083 4125 3660 4205; baseline -0.007 -17"><span class='ocrx_word' id='word_1_679' title='bbox 2083 4134 2266 4205; x_wconf 81' lang='grc' dir='ltr'>πηγῆς</span> <span class='ocrx_word' id='word_1_680' title='bbox 2299 4132 2473 4184; x_wconf 89' lang='grc' dir='ltr'>πίνειν</span> <span class='ocrx_word' id='word_1_681' title='bbox 2500 4128 2646 4199; x_wconf 74' lang='grc' dir='ltr'>ὕδωρ</span> <span class='ocrx_word' id='word_1_682' title='bbox 2675 4127 2961 4197; x_wconf 82' lang='grc' dir='ltr'>ὑδρεύετο·</span> <span class='ocrx_word' id='word_1_683' title='bbox 2995 4128 3088 4180; x_wconf 58' lang='grc' dir='ltr'><strong>καὶ⁵</strong></span> <span class='ocrx_word' id='word_1_684' title='bbox 3148 4127 3254 4198; x_wconf 85' lang='grc' dir='ltr'>πρὸ</span> <span class='ocrx_word' id='word_1_685' title='bbox 3289 4125 3469 4178; x_wconf 86' lang='grc' dir='ltr'>πώλου</span> <span class='ocrx_word' id='word_1_686' title='bbox 3501 4127 3660 4196; x_wconf 80' lang='grc' dir='ltr'>χαρί-</span> 
     </span>
    </p>
   </div>
   <div class='ocr_carea' id='block_1_103' title="bbox 2081 4212 3657 4296">
    <p class='ocr_par' dir='ltr' id='par_1_103' title="bbox 2081 4212 3657 4296">
     <span class='ocr_line' id='line_1_103' title="bbox 2081 4212 3657 4296; baseline -0.007 -18"><span class='ocrx_word' id='word_1_687' title='bbox 2081 4244 2209 4289; x_wconf 87' lang='grc' dir='ltr'>των,</span> <span class='ocrx_word' id='word_1_688' title='bbox 2246 4219 2566 4296; x_wconf 80' lang='grc' dir='ltr'>ρεμϐασμοῦ</span> <span class='ocrx_word' id='word_1_689' title='bbox 2599 4218 2765 4289; x_wconf 79' lang='grc' dir='ltr'>πώλῳ</span> <span class='ocrx_word' id='word_1_690' title='bbox 2807 4218 3114 4288; x_wconf 83' lang='grc' dir='ltr'>ὡμίλησεν·</span> <span class='ocrx_word' id='word_1_691' title='bbox 3155 4219 3375 4287; x_wconf 88' lang='grc' dir='ltr'>γυναίου</span> <span class='ocrx_word' id='word_1_692' title='bbox 3413 4218 3521 4288; x_wconf 90' lang='grc' dir='ltr'><strong>γάρ</strong></span> <span class='ocrx_word' id='word_1_693' title='bbox 3561 4212 3657 4287; x_wconf 77' lang='grc' dir='ltr'><strong>ἦλ-</strong></span> 
     </span>
    </p>
   </div>
   <div class='ocr_carea' id='block_1_104' title="bbox 2085 4310 3586 4387">
    <p class='ocr_par' dir='ltr' id='par_1_104' title="bbox 2085 4310 3586 4387">
     <span class='ocr_line' id='line_1_104' title="bbox 2085 4310 3586 4387; baseline -0.005 -15"><span class='ocrx_word' id='word_1_694' title='bbox 2085 4319 2176 4372; x_wconf 85' lang='grc' dir='ltr'>θεν</span> <span class='ocrx_word' id='word_1_695' title='bbox 2207 4319 2287 4381; x_wconf 79' lang='grc' dir='ltr'><strong>είς</strong></span> <span class='ocrx_word' id='word_1_696' title='bbox 2317 4315 2518 4387; x_wconf 75' lang='grc' dir='ltr'>ἔρωτα,</span> <span class='ocrx_word' id='word_1_697' title='bbox 2553 4314 2646 4366; x_wconf 67' lang='grc' dir='ltr'><strong>κα)⁸</strong></span> <span class='ocrx_word' id='word_1_698' title='bbox 2673 4311 2848 4382; x_wconf 82' lang='grc' dir='ltr'>τούτῳ</span> <span class='ocrx_word' id='word_1_699' title='bbox 2877 4311 2942 4364; x_wconf 87' lang='grc' dir='ltr'>δι’</span> <span class='ocrx_word' id='word_1_700' title='bbox 2972 4311 3166 4381; x_wconf 78' lang='grc' dir='ltr'>ἡδονὴν</span> <span class='ocrx_word' id='word_1_701' title='bbox 3201 4310 3586 4366; x_wconf 82' lang='grc' dir='ltr'>συνεπλέκετο.</span> 
     </span>
    </p>
   </div>
   <div class='ocr_carea' id='block_1_105' title="bbox 2153 4577 3658 4652">
    <p class='ocr_par' dir='ltr' id='par_1_105' title="bbox 2153 4577 3658 4652">
     <span class='ocr_line' id='line_1_105' title="bbox 2153 4577 3658 4652; baseline -0.004 -17"><span class='ocrx_word' id='word_1_702' title='bbox 2153 4581 2331 4652; x_wconf 84' lang='grc' dir='ltr'>Τιμίῳ</span> <span class='ocrx_word' id='word_1_703' title='bbox 2371 4579 2427 4633; x_wconf 82' lang='grc' dir='ltr'><strong>δὲ</strong></span> <span class='ocrx_word' id='word_1_704' title='bbox 2462 4579 2624 4649; x_wconf 84' lang='grc' dir='ltr'>γάμῳ</span> <span class='ocrx_word' id='word_1_705' title='bbox 2667 4577 2959 4646; x_wconf 69' lang='grc' dir='ltr'>συναφθεὶς</span> <span class='ocrx_word' id='word_1_706' title='bbox 2986 4577 3081 4630; x_wconf 72' lang='grc' dir='ltr'><strong>καὶ</strong></span> <span class='ocrx_word' id='word_1_707' title='bbox 3117 4577 3365 4646; x_wconf 83' lang='grc' dir='ltr'>ἀμιάντῳ</span> <span class='ocrx_word' id='word_1_708' title='bbox 3395 4577 3550 4648; x_wconf 81' lang='grc' dir='ltr'>κοίτῃ</span> <span class='ocrx_word' id='word_1_709' title='bbox 3578 4578 3658 4640; x_wconf 85' lang='grc' dir='ltr'><strong>είς</strong></span> 
     </span>
    </p>
   </div>
   <div class='ocr_carea' id='block_1_106' title="bbox 2084 4667 3658 4742">
    <p class='ocr_par' dir='ltr' id='par_1_106' title="bbox 2084 4667 3658 4742">
     <span class='ocr_line' id='line_1_106' title="bbox 2084 4667 3658 4742; baseline -0.011 -14"><span class='ocrx_word' id='word_1_710' title='bbox 2084 4674 2330 4742; x_wconf 78' lang='grc' dir='ltr'>ὕστερον,</span> <span class='ocrx_word' id='word_1_711' title='bbox 2364 4671 2457 4724; x_wconf 77' lang='grc' dir='ltr'><strong>καὶ</strong></span> <span class='ocrx_word' id='word_1_712' title='bbox 2489 4669 2583 4727; x_wconf 74' lang='grc' dir='ltr'>τοῦ</span> <span class='ocrx_word' id='word_1_713' title='bbox 2620 4668 2938 4739; x_wconf 88' lang='grc' dir='ltr'>παρανόμου</span> <span class='ocrx_word' id='word_1_714' title='bbox 2973 4669 3156 4735; x_wconf 85' lang='grc' dir='ltr'>γάμου</span> <span class='ocrx_word' id='word_1_715' title='bbox 3191 4668 3290 4737; x_wconf 86' lang='grc' dir='ltr'>τῆς</span> <span class='ocrx_word' id='word_1_716' title='bbox 3331 4667 3536 4738; x_wconf 79' lang='grc' dir='ltr'>βλάϐης</span> <span class='ocrx_word' id='word_1_717' title='bbox 3567 4672 3658 4722; x_wconf 71' lang='grc' dir='ltr'><strong>αξ-</strong></span> 
     </span>
    </p>
   </div>
   <div class='ocr_carea' id='block_1_107' title="bbox 2086 4758 3661 4833">
    <p class='ocr_par' dir='ltr' id='par_1_107' title="bbox 2086 4758 3661 4833">
     <span class='ocr_line' id='line_1_107' title="bbox 2086 4758 3661 4833; baseline -0.005 -15"><span class='ocrx_word' id='word_1_718' title='bbox 2086 4765 2381 4833; x_wconf 75' lang='grc' dir='ltr'>σοόμενος,</span> <span class='ocrx_word' id='word_1_719' title='bbox 2430 4761 2529 4829; x_wconf 73' lang='grc' dir='ltr'>τῆς</span> <span class='ocrx_word' id='word_1_720' title='bbox 2579 4760 2716 4830; x_wconf 78' lang='grc' dir='ltr'>πρὸς</span> <span class='ocrx_word' id='word_1_721' title='bbox 2774 4761 2950 4811; x_wconf 81' lang='grc' dir='ltr'>ἐκεῖνο</span> <span class='ocrx_word' id='word_1_722' title='bbox 2996 4759 3058 4810; x_wconf 81' lang='grc' dir='ltr'><strong>τὸ</strong></span> <span class='ocrx_word' id='word_1_723' title='bbox 3105 4758 3327 4826; x_wconf 87' lang='grc' dir='ltr'>γύναιον</span> <span class='ocrx_word' id='word_1_724' title='bbox 3375 4761 3661 4824; x_wconf 86' lang='grc' dir='ltr'>κοινωνίας</span> 
     </span>
    </p>
   </div>
   <div class='ocr_carea' id='block_1_108' title="bbox 2089 4849 3663 4925">
    <p class='ocr_par' dir='ltr' id='par_1_108' title="bbox 2089 4849 3663 4925">
     <span class='ocr_line' id='line_1_108' title="bbox 2089 4849 3663 4925; baseline -0.008 -13"><span class='ocrx_word' id='word_1_725' title='bbox 2089 4857 2354 4912; x_wconf 78' lang='grc' dir='ltr'>ἐπαύετο·</span> <span class='ocrx_word' id='word_1_726' title='bbox 2383 4857 2417 4925; x_wconf 79' lang='grc' dir='ltr'>ἡ</span> <span class='ocrx_word' id='word_1_727' title='bbox 2448 4853 2504 4906; x_wconf 82' lang='grc' dir='ltr'>δὲ</span> <span class='ocrx_word' id='word_1_728' title='bbox 2533 4853 2622 4906; x_wconf 83' lang='grc' dir='ltr'>τὸν</span> <span class='ocrx_word' id='word_1_729' title='bbox 2652 4850 2930 4921; x_wconf 81' lang='grc' dir='ltr'>χωρισμὸν</span> <span class='ocrx_word' id='word_1_730' title='bbox 2963 4850 3036 4920; x_wconf 81' lang='grc' dir='ltr'>μὴ</span> <span class='ocrx_word' id='word_1_731' title='bbox 3073 4849 3411 4920; x_wconf 85' lang='grc' dir='ltr'>βαστάσασα,</span> <span class='ocrx_word' id='word_1_732' title='bbox 3442 4851 3533 4902; x_wconf 73' lang='grc' dir='ltr'>καὶ</span> <span class='ocrx_word' id='word_1_733' title='bbox 3563 4850 3663 4916; x_wconf 70' lang='grc' dir='ltr'><strong>ζῆ-</strong></span> 
     </span>
    </p>
   </div>
   <div class='ocr_carea' id='block_1_109' title="bbox 2092 4941 3662 5013">
    <p class='ocr_par' dir='ltr' id='par_1_109' title="bbox 2092 4941 3662 5013">
     <span class='ocr_line' id='line_1_109' title="bbox 2092 4941 3662 5013; baseline -0.008 -8"><span class='ocrx_word' id='word_1_734' title='bbox 2092 4952 2183 5005; x_wconf 91' lang='grc' dir='ltr'><strong>λον</strong></span> <span class='ocrx_word' id='word_1_735' title='bbox 2214 4951 2276 5002; x_wconf 78' lang='grc' dir='ltr'>ὲκ</span> <span class='ocrx_word' id='word_1_736' title='bbox 2303 4949 2494 5001; x_wconf 87' lang='grc' dir='ltr'>τούτου</span> <span class='ocrx_word' id='word_1_737' title='bbox 2536 4943 2777 4998; x_wconf 79' lang='grc' dir='ltr'>λαϐοῦσα</span> <span class='ocrx_word' id='word_1_738' title='bbox 2815 4943 3158 5013; x_wconf 81' lang='grc' dir='ltr'>παμμίαρον,</span> <span class='ocrx_word' id='word_1_739' title='bbox 3200 4941 3522 5012; x_wconf 74' lang='grc' dir='ltr'>φαρμακείᾳ</span> <span class='ocrx_word' id='word_1_740' title='bbox 3571 4941 3662 4994; x_wconf 71' lang='grc' dir='ltr'><strong>τὸν</strong></span> 
     </span>
    </p>
   </div>
   <div class='ocr_carea' id='block_1_110' title="bbox 2088 5032 3661 5109">
    <p class='ocr_par' dir='ltr' id='par_1_110' title="bbox 2088 5032 3661 5109">
     <span class='ocr_line' id='line_1_110' title="bbox 2088 5032 3661 5109; baseline -0.008 -13"><span class='ocrx_word' id='word_1_741' title='bbox 2088 5043 2208 5097; x_wconf 89' lang='grc' dir='ltr'>νέον</span> <span class='ocrx_word' id='word_1_742' title='bbox 2250 5039 2517 5109; x_wconf 72' lang='grc' dir='ltr'>ἠμύνατο,</span> <span class='ocrx_word' id='word_1_743' title='bbox 2550 5035 2779 5088; x_wconf 85' lang='grc' dir='ltr'>Θάνατον</span> <span class='ocrx_word' id='word_1_744' title='bbox 2817 5033 2966 5102; x_wconf 84' lang='grc' dir='ltr'>αὑτῷ</span> <span class='ocrx_word' id='word_1_745' title='bbox 3006 5033 3094 5085; x_wconf 84' lang='grc' dir='ltr'><strong>διά</strong></span> <span class='ocrx_word' id='word_1_746' title='bbox 3124 5032 3216 5086; x_wconf 81' lang='grc' dir='ltr'><strong>τὸν</strong></span> <span class='ocrx_word' id='word_1_747' title='bbox 3258 5033 3531 5104; x_wconf 81' lang='grc' dir='ltr'>χωρισμὸν</span> <span class='ocrx_word' id='word_1_748' title='bbox 3565 5049 3661 5084; x_wconf 57' lang='grc' dir='ltr'>συν</span> 
     </span>
    </p>
   </div>
   <div class='ocr_carea' id='block_1_111' title="bbox 2091 5123 3665 5195">
    <p class='ocr_par' dir='ltr' id='par_1_111' title="bbox 2091 5123 3665 5195">
     <span class='ocr_line' id='line_1_111' title="bbox 2091 5123 3665 5195; baseline -0.012 -8"><span class='ocrx_word' id='word_1_749' title='bbox 2091 5131 2428 5187; x_wconf 86' lang='grc' dir='ltr'>σκευάσασα.</span> <span class='ocrx_word' id='word_1_750' title='bbox 2451 5129 2560 5182; x_wconf 77' lang='grc' dir='ltr'>Καὶ</span> <span class='ocrx_word' id='word_1_751' title='bbox 2582 5126 2676 5180; x_wconf 82' lang='grc' dir='ltr'>τοῦ</span> <span class='ocrx_word' id='word_1_752' title='bbox 2706 5125 2803 5195; x_wconf 82' lang='grc' dir='ltr'>μὲν</span> <span class='ocrx_word' id='word_1_753' title='bbox 2833 5125 2994 5194; x_wconf 80' lang='grc' dir='ltr'>φόνου</span> <span class='ocrx_word' id='word_1_754' title='bbox 3016 5123 3110 5177; x_wconf 81' lang='grc' dir='ltr'>τοῦ</span> <span class='ocrx_word' id='word_1_755' title='bbox 3139 5124 3324 5186; x_wconf 76' lang='grc' dir='ltr'>παιδὸς</span> <span class='ocrx_word' id='word_1_756' title='bbox 3351 5123 3665 5192; x_wconf 73' lang='grc' dir='ltr'>ἀπετύγχα-</span> 
     </span>
    </p>
   </div>
   <div class='ocr_carea' id='block_1_112' title="bbox 2090 5212 3665 5287">
    <p class='ocr_par' dir='ltr' id='par_1_112' title="bbox 2090 5212 3665 5287">
     <span class='ocr_line' id='line_1_112' title="bbox 2090 5212 3665 5287; baseline -0.008 -12"><span class='ocrx_word' id='word_1_757' title='bbox 2090 5239 2201 5284; x_wconf 87' lang='grc' dir='ltr'>νεν,</span> <span class='ocrx_word' id='word_1_758' title='bbox 2237 5219 2408 5272; x_wconf 76' lang='grc' dir='ltr'>ἐποίει</span> <span class='ocrx_word' id='word_1_759' title='bbox 2439 5217 2494 5273; x_wconf 71' lang='grc' dir='ltr'>ἓὲε</span> <span class='ocrx_word' id='word_1_760' title='bbox 2529 5214 2725 5287; x_wconf 80' lang='grc' dir='ltr'>νεκροῦ</span> <span class='ocrx_word' id='word_1_761' title='bbox 2759 5215 2926 5285; x_wconf 81' lang='grc' dir='ltr'>μηδὲν</span> <span class='ocrx_word' id='word_1_762' title='bbox 2970 5213 3318 5283; x_wconf 80' lang='grc' dir='ltr'>διαφέροντα,</span> <span class='ocrx_word' id='word_1_763' title='bbox 3353 5215 3542 5282; x_wconf 84' lang='grc' dir='ltr'>χεῖρας</span> <span class='ocrx_word' id='word_1_764' title='bbox 3569 5212 3665 5263; x_wconf 72' lang='grc' dir='ltr'><strong>καὶ</strong></span> 
     </span>
    </p>
   </div>
   <div class='ocr_carea' id='block_1_113' title="bbox 2092 5303 3662 5381">
    <p class='ocr_par' dir='ltr' id='par_1_113' title="bbox 2092 5303 3662 5381">
     <span class='ocr_line' id='line_1_113' title="bbox 2092 5303 3662 5381; baseline -0.008 -14"><span class='ocrx_word' id='word_1_765' title='bbox 2092 5314 2258 5375; x_wconf 85' lang='grc' dir='ltr'>πόδας</span> <span class='ocrx_word' id='word_1_766' title='bbox 2287 5311 2364 5381; x_wconf 82' lang='grc' dir='ltr'>τῷ</span> <span class='ocrx_word' id='word_1_767' title='bbox 2391 5309 2668 5380; x_wconf 85' lang='grc' dir='ltr'>φαρμάκῳ</span> <span class='ocrx_word' id='word_1_768' title='bbox 2691 5307 2850 5376; x_wconf 78' lang='grc' dir='ltr'>συνδή</span> <span class='ocrx_word' id='word_1_769' title='bbox 2861 5322 3019 5366; x_wconf 84' lang='grc' dir='ltr'>σασα,</span> <span class='ocrx_word' id='word_1_770' title='bbox 3043 5305 3136 5356; x_wconf 76' lang='grc' dir='ltr'>καὶ</span> <span class='ocrx_word' id='word_1_771' title='bbox 3161 5305 3268 5356; x_wconf 82' lang='grc' dir='ltr'>πᾶν</span> <span class='ocrx_word' id='word_1_772' title='bbox 3293 5303 3459 5357; x_wconf 83' lang='grc' dir='ltr'>αὑτοῦ</span> <span class='ocrx_word' id='word_1_773' title='bbox 3491 5305 3662 5372; x_wconf 78' lang='grc' dir='ltr'>μέλος</span> 
     </span>
    </p>
   </div>
   <div class='ocr_carea' id='block_1_114' title="bbox 2094 5395 3664 5473">
    <p class='ocr_par' dir='ltr' id='par_1_114' title="bbox 2094 5395 3664 5473">
     <span class='ocr_line' id='line_1_114' title="bbox 2094 5395 3664 5473; baseline -0.011 -13"><span class='ocrx_word' id='word_1_774' title='bbox 2094 5405 2187 5460; x_wconf 80' lang='grc' dir='ltr'>τοῦ</span> <span class='ocrx_word' id='word_1_775' title='bbox 2225 5403 2474 5473; x_wconf 87' lang='grc' dir='ltr'>σώματος</span> <span class='ocrx_word' id='word_1_776' title='bbox 2525 5399 2921 5470; x_wconf 72' lang='grc' dir='ltr'>καταργήσασα</span> <span class='ocrx_word' id='word_1_777' title='bbox 2944 5437 2958 5460; x_wconf 88' lang='grc'><strong>,</strong></span> <span class='ocrx_word' id='word_1_778' title='bbox 2992 5395 3126 5448; x_wconf 74' lang='grc' dir='ltr'>Θεοῦ</span> <span class='ocrx_word' id='word_1_779' title='bbox 3173 5396 3376 5466; x_wconf 81' lang='grc' dir='ltr'>μᾶλλον</span> <span class='ocrx_word' id='word_1_780' title='bbox 3407 5395 3497 5448; x_wconf 76' lang='grc' dir='ltr'>τὸν</span> <span class='ocrx_word' id='word_1_781' title='bbox 3542 5395 3664 5446; x_wconf 78' lang='grc' dir='ltr'>νέον</span> 
     </span>
    </p>
   </div>
   <div class='ocr_carea' id='block_1_115' title="bbox 2095 5486 3668 5569">
    <p class='ocr_par' dir='ltr' id='par_1_115' title="bbox 2095 5486 3668 5569">
     <span class='ocr_line' id='line_1_115' title="bbox 2095 5486 3668 5569; baseline -0.01 -16"><span class='ocrx_word' id='word_1_782' title='bbox 2095 5495 2450 5569; x_wconf 77' lang='grc' dir='ltr'>φυλάξαντος,</span> <span class='ocrx_word' id='word_1_783' title='bbox 2483 5494 2577 5546; x_wconf 83' lang='grc' dir='ltr'><strong>τοῦ</strong></span> <span class='ocrx_word' id='word_1_784' title='bbox 2622 5490 2688 5544; x_wconf 79' lang='grc' dir='ltr'>δι’</span> <span class='ocrx_word' id='word_1_785' title='bbox 2734 5489 3044 5558; x_wconf 81' lang='grc' dir='ltr'>ἀγαοότητα</span> <span class='ocrx_word' id='word_1_786' title='bbox 3088 5487 3162 5558; x_wconf 81' lang='grc' dir='ltr'>μὴ</span> <span class='ocrx_word' id='word_1_787' title='bbox 3192 5488 3442 5558; x_wconf 82' lang='grc' dir='ltr'>νεότητος</span> <span class='ocrx_word' id='word_1_788' title='bbox 3483 5486 3668 5555; x_wconf 81' lang='grc' dir='ltr'>ἀμαρ-</span> 
     </span>
    </p>
   </div>
   <div class='ocr_carea' id='block_1_116' title="bbox 2095 5579 3667 5658">
    <p class='ocr_par' dir='ltr' id='par_1_116' title="bbox 2095 5579 3667 5658">
     <span class='ocr_line' id='line_1_116' title="bbox 2095 5579 3667 5658; baseline -0.011 -14"><span class='ocrx_word' id='word_1_789' title='bbox 2095 5590 2225 5644; x_wconf 88' lang='grc' dir='ltr'>τιῶν</span> <span class='ocrx_word' id='word_1_790' title='bbox 2257 5585 2713 5658; x_wconf 85' lang='grc' dir='ltr'>μνημονεύοντος,</span> <span class='ocrx_word' id='word_1_791' title='bbox 2742 5583 2838 5635; x_wconf 74' lang='grc' dir='ltr'>καὶ</span> <span class='ocrx_word' id='word_1_792' title='bbox 2872 5582 3219 5651; x_wconf 86' lang='grc' dir='ltr'>παρορῶντος</span> <span class='ocrx_word' id='word_1_793' title='bbox 3250 5579 3454 5651; x_wconf 84' lang='grc' dir='ltr'>βροτῶν</span> <span class='ocrx_word' id='word_1_794' title='bbox 3488 5579 3667 5647; x_wconf 86' lang='grc' dir='ltr'>ἀμαρ-</span> 
     </span>
    </p>
   </div>
   <div class='ocr_carea' id='block_1_117' title="bbox 2099 5667 3668 5752">
    <p class='ocr_par' dir='ltr' id='par_1_117' title="bbox 2099 5667 3668 5752">
     <span class='ocr_line' id='line_1_117' title="bbox 2099 5667 3668 5752; baseline -0.025 6"><span class='ocrx_word' id='word_1_795' title='bbox 2099 5683 2336 5752; x_wconf 61' lang='grc' dir='ltr'><strong>τῆματαν</strong></span> <span class='ocrx_word' id='word_1_796' title='bbox 2369 5679 2458 5731; x_wconf 47' lang='grc' dir='ltr'><strong>καὶ</strong></span> <span class='ocrx_word' id='word_1_797' title='bbox 2486 5675 2653 5749; x_wconf 57' lang='grc' dir='ltr'>ὀργὴν</span> <span class='ocrx_word' id='word_1_798' title='bbox 2693 5673 3004 5744; x_wconf 58' lang='grc' dir='ltr'>πενθήμερον</span> <span class='ocrx_word' id='word_1_799' title='bbox 3046 5671 3144 5724; x_wconf 77' lang='grc' dir='ltr'>οὐκ</span> <span class='ocrx_word' id='word_1_800' title='bbox 3180 5671 3499 5740; x_wconf 74' lang='grc' dir='ltr'>ἐπάγοντος,</span> <span class='ocrx_word' id='word_1_801' title='bbox 3529 5667 3668 5748; x_wconf 72' lang='grc' dir='ltr'><strong>ἀλλά</strong></span> 
     </span>
    </p>
   </div>
  </div>
