4010 6208
376 222 515 311 3457

1391 252 1494 311 SS.
1535 253 1709 314 CYRI
1736 254 1830 315 ET
1859 256 2181 319 JOANNIS
2212 260 2622 325 MIRACULA.

3486 277 3628 341 3458

377 352 861 425 μακροθυμοῦντος
907 354 995 408 ἀεὶ
1026 356 1122 409 καὶ
1164 355 1264 427 τὴν
1297 356 1455 428 ἡμῶν
1489 360 1825 431 ἐπιστροφὴν
1857 364 1933 416 κα⁴

2055 366 2189 436 agit,
2212 378 2266 424 et
2292 374 2712 451 conversionem
2746 375 3233 449 pmnitentiamque
3264 390 3509 439 nostram
3529 404 3626 443 ex-

375 445 664 515 μετάνοιαν
688 445 1068 515 ἀναμένοντος.
1088 447 1352 512 Ἐλεεινὺς
1377 446 1471 504 οὖν
1495 451 1735 522 ὑπῆρχεν
1761 452 1955 526 βλεπό-

375 551 563 605 μενος·
597 536 684 589 καὶ
716 536 936 602 γονεῦσι
969 538 1067 607 μέν
1097 538 1392 609 προύκειτο
1419 543 1698 615 συμφορὰ,
1730 546 1954 612 γυναικὶ

370 624 426 679 δὲ
454 624 554 696 νέᾳ
584 627 678 679 καὶ
710 626 857 695 γένει
887 627 1086 692 πένθος
1126 630 1249 684 ἀντὶ
1291 633 1466 701 χαρᾶς
1515 636 1949 707 ἀπροσδόκητον·

369 721 463 772 καὶ
492 718 627 771 πᾶσι
652 720 767 782 τοῖς
796 719 997 789 ὁρῶσιν
1022 721 1293 776 οἴκτιστον
1325 723 1528 795 θέαμα.
1562 726 1699 779 Ποσὶ
1724 728 1822 795 μέν
1841 731 1951 798 γὰρ

328 805 339 811 ’
367 808 542 860 ἀλλων
575 808 802 878 ἐφέρετο
826 848 841 873 ,
884 812 979 871 καὶ
1033 812 1221 883 χερσὶν
1263 814 1466 885 ἐτέρων
1515 818 1804 891 ἐκέχρητο,
1855 824 1951 876 καὶ

367 900 543 952 πάντα
571 899 639 952 δι’
668 900 846 954 ἄλλων
876 904 1103 973 ἐνήργει
1133 905 1230 958 καὶ
1254 905 1529 977 ἔπραττεν
1558 910 1661 966 ὅσα
1696 914 1831 977 Θεὸς
1855 917 1950 968 ἀνο

352 972 606 1062 ⁸θρώποις
628 992 695 1046 δι’
727 994 940 1049 ἑαυτῶν
963 972 1139 1050 ποιεῖν
1177 972 1521 1073 ἐδωρήσατοο
1554 1005 1755 1075 ἰατρῶν
1857 1008 1949 1061 ού-

362 1083 474 1145 δεὶς
504 1083 599 1136 τοῦ
651 1084 859 1147 πάθους
895 1086 1061 1140 αὐτὸν
1097 1088 1331 1159 ἠδύνατο
1380 1093 1672 1165 ῥύσασθαι,
1700 1098 1764 1151 οὐ
1809 1099 1949 1152 διαί-

363 1190 506 1240 ταις,
539 1175 638 1228 οὐκ
669 1176 985 1243 ἀντιδότοις,
1021 1179 1121 1233 οὐκ
1142 1182 1469 1254 ἐπαλλήλοις
1501 1185 1858 1257 ἀλείμμασιν,
1882 1191 1943 1245 οὐ

363 1267 725 1330 παντοδαποῖς
776 1267 1118 1341 βοηθήμασιν
1143 1286 1158 1302 ⁸
1189 1273 1305 1328 ἀλλ’
1341 1276 1483 1330 ὅλων
1526 1278 1733 1334 τούτων
1762 1282 1947 1354 ὑπῆρ-

360 1375 454 1428 χεν
477 1358 541 1411 τὸ
583 1359 752 1422 πάθος
783 1361 1077 1432 ἀνώτερον,
1109 1364 1426 1439 ἀνθρωπεία
1457 1372 1603 1441 χειρὶ
1647 1375 1807 1444 χεῖρα
1836 1391 1944 1428 πα-

362 1451 584 1520 ρασχεῖν
612 1450 685 1520 μὴ
710 1449 1058 1523 βουλόμενον.

429 1538 608 1608 Ὅπερ
633 1541 683 1592 οἱ
714 1544 893 1606 γονεῖς
925 1541 1274 1615 θεασάμενοι,
1322 1550 1417 1603 ἐπὶ
1465 1552 1602 1606 Θεὸν
1659 1555 1752 1607 καὶ
1814 1556 1943 1617 τοὺς

360 1628 649 1699 μάρτυρας
717 1633 1191 1702 καταφεύγουσιν,
1248 1640 1462 1711 χαίρειν
1519 1645 1619 1713 μὲν
1678 1646 1943 1717 ἰατρικοῖς

2054 467 2286 527 spectat.
2316 458 2484 515 Miser
2514 478 2645 531 ergo
2674 474 2793 519 erat
2818 465 2944 520 dum
2969 471 3409 539 conspiceretur;
3433 483 3487 528 et
3529 491 3627 545 pa-

2057 553 2305 608 rentibus
2334 555 2555 624 quidem
2583 559 2871 616 calamitas
2904 562 3100 628 inerat,
3137 567 3292 620 uxori
3316 577 3497 623 autem
3526 587 3627 626 no.

2050 657 2131 699 vae
2163 658 2225 699 ac
2258 646 2445 716 generi
2491 647 2809 719 inopinatus
2836 667 2934 722 pro
2981 654 3181 725 gaudio
3239 656 3443 717 luctus.
3479 674 3622 715 cun-
3736 656 3747 671 '

2050 733 2267 802 ctisque
2300 735 2612 792 Videntibus
2657 739 3027 798 miserandum
3064 748 3463 815 spectaculum;
3498 764 3625 805 nam

2050 823 2282 892 pedibus
2308 833 2363 880 et
2392 827 2648 884 manibus
2701 831 2934 885 aliormn
2964 834 3243 903 utebatur,
3272 837 3621 903 eﬂ'erebatur,

2047 920 2103 964 et
2130 913 2315 966 omnia
2371 929 2470 983 per
2503 915 2642 970 alios
2696 927 2957 983 operatus
3012 921 3241 990 agebat,
3277 939 3624 994 quacunque

2049 997 2193 1055 Deus
2226 1001 2539 1060 hominibus
2561 1019 2654 1072 per
2673 1021 2733 1061 se
2761 1007 2908 1076 ipsos
2934 1008 3177 1064 lae‘ienda
3205 1011 3427 1068 donavit
3451 1032 3467 1068 :
3503 1030 3623 1069 me-

2047 1090 2298 1146 dicorum
2364 1103 2545 1149 autem
2599 1097 2786 1152 nullus
2847 1114 2972 1152 eum
3020 1115 3050 1152 a
3100 1102 3356 1170 passione
3413 1112 3623 1173 poterat

2046 1181 2303 1251 liberare,
2337 1199 2445 1238 non
2478 1184 2675 1249 diaetis,
2722 1203 2832 1242 non
2856 1189 3143 1256 antidotis,
3176 1199 3271 1245 aut
3314 1194 3438 1247 aliis
3469 1195 3625 1250 aliis-

2046 1285 2155 1341 que
2180 1274 2498 1342 unguentis,
2533 1275 2617 1329 vel
2648 1277 2885 1332 diversis
2916 1278 3337 1348 adjuvamentis.
3390 1282 3496 1338 Sed
3538 1285 3624 1340 his

2044 1363 2305 1418 omnibus
2340 1367 2525 1434 passio
2574 1368 2758 1437 potior
2788 1377 2929 1436 erat,
2996 1370 3249 1427 humana:
3286 1376 3470 1430 manui
3508 1391 3625 1431 ma-

2043 1471 2174 1509 num
2210 1459 2451 1525 praebere
2492 1475 2601 1514 non
2632 1462 2840 1517 volens.

2116 1546 2272 1613 Quod
2310 1558 2567 1619 parentes
2598 1551 2897 1615 intuentes,
2931 1554 2995 1608 ad
3034 1556 3204 1610 Deum
3232 1548 3286 1610 et
3314 1556 3381 1609 ad
3415 1570 3620 1630 marty-

2043 1651 2136 1693 res
2187 1636 2624 1710 ltigiittit,;avete
2661 1643 2882 1712 quidem
2957 1646 3187 1700 medicis
3248 1649 3622 1716 praenuntian-

361 1719 721 1791 βοηθήμασιν,
752 1723 849 1776 καὶ
900 1724 1054 1779 θείαν
1085 1729 1313 1800 ἀρωγήν
1345 1733 1718 1805 ἀνθελόμενοι.
1770 1714 1834 1792 ὀί
1881 1739 1933 1792 δὲ

2048 1733 2153 1791 tes,
2219 1740 2374 1784 avete
2422 1742 2604 1785 autem
2670 1741 2725 1786 et
2770 1735 3194 1791 medicinalibus
3226 1738 3448 1792 auxiliis
3468 1754 3622 1793 assc-

360 1812 631 1866 θειότατοι
677 1815 957 1887 μάρτυρες
985 1817 1077 1871 τὸν
1108 1820 1227 1872 νέον
1255 1823 1650 1894 οἰκτείραντες,
1696 1829 1806 1881 τῶν
1839 1831 1937 1900 μὲν

357 1903 664 1974 ἀλγηδόνων
688 1906 840 1977 αύτῷ
879 1909 977 1971 τὰς
1003 1908 1198 1975 ἀκίδας
1236 1912 1621 1983 ἀπήμϐλυναν,
1652 1922 1840 1989 χεῖρας
1878 1920 1936 1973 δὲ

356 1997 532 2047 κινεῖν
555 1996 647 2048 καὶ
687 1996 854 2061 πόδας
881 1999 1145 2054 ἐκτείνειν
1170 2004 1415 2073 μερικῶς
1447 2006 1777 2076 ἐχαρίσαντο
1796 2026 1810 2041 ’
1841 2026 1928 2064 τε·

352 2083 506 2136 λείαν
536 2085 646 2156 γὰρ
672 2087 860 2152 αὐτοῖς
910 2088 1183 2159 δόγματος
1220 2095 1369 2147 αίτία
1395 2113 1481 2160 τις
1510 2103 1812 2170 παρασχεῖν
1856 2103 1939 2155 ἐν·

359 2175 626 2241 επόδιξεν.
659 2175 951 2243 Ἰουλιανὸς
988 2181 1099 2253 γὰρ
1127 2177 1282 2249 οὗτος
1311 2188 1340 2238 ὁ
1366 2187 1506 2254 νέος,
1523 2191 1813 2245 Ἰουλιανοῦ
1835 2193 1929 2246 τοῦ

363 2267 587 2321 παλαιοῦ
630 2268 881 2342 μαθητής
898 2274 1044 2327 ἐστιν
1072 2276 1453 2350 Ἀπολιναρίσυ
1491 2281 1933 2359 ᾊλικαρνασέως

361 2358 710 2428 ὑπάρχοντος,
746 2362 842 2414 καὶ
855 2363 1117 2434 όμόφρων
1138 2367 1303 2420 αὐτοῦ
1334 2372 1424 2423 καὶ
1442 2358 1717 2442 ὁμόδοξος.
1747 2374 1931 2430 Ταῦτα

356 2449 536 2519 φέρων
569 2451 716 2505 κατά
741 2451 919 2525 ψυχὴν
949 2454 1240 2522 Ἰουλιανὸς
1278 2460 1308 2512 ό
1328 2463 1446 2526 νέος
1473 2465 1542 2517 τά
1568 2464 1836 2535 δόγματα,
1867 2469 1928 2521 οὐ

349 2538 419 2592 δι’
434 2539 574 2593 αύτά
606 2544 718 2604 τοῖς
749 2544 946 2611 ἁγίοις,
979 2546 1118 2600 ἀλλά
1144 2549 1234 2602 διά
1265 2550 1329 2605 τὸ
1354 2552 1449 2606 τοῦ
1480 2556 1733 2625 σώματος
1759 2574 1931 2629 προσ-

351 2629 619 2684 επέλασεν
664 2633 898 2704 νόσημα.
933 2638 996 2690 Οί
1038 2637 1096 2693 δέ
1128 2642 1387 2712 μακάριοι
1423 2646 1703 2718 μάρτυρες
1732 2650 1975 2705 πολλά-“

351 2737 439 2783 κις
460 2722 610 2792 αὐτῷ
638 2722 854 2796 νύκτωρ
877 2728 1290 2800 ἐπιφερόμενοι,
1318 2734 1414 2787 τοῦ
1443 2738 1684 2793 τοιούτου
1721 2740 1928 2812 δόγμα-

350 2828 442 2874 τος
467 2812 743 2883 παρῄνουν
766 2816 1090 2887 ἀπέχεσθαι,
1123 2823 1218 2876 καὶ
1243 2823 1343 2894 τῆς
1365 2825 1665 2896 καθολικῆς
1699 2831 1930 2904 Ἐκκλη-

351 2902 474 2965 σίας
504 2905 604 2972 τήν
636 2909 924 2961 κοινωνίαν
956 2910 1334 2970 ἀσπάσασθαι.
1377 2918 1646 2987 Πολλάκις
1667 2922 1724 2976 δέ
1753 2902 1926 2977 καὶτὸ

350 2994 611 3064 ποτήριον
650 2995 952 3064 ἐϐάσταζον
986 3002 1145 3070 ἁγίου
1176 3004 1433 3077 σώματος
1458 3014 1791 3068 Δεσποτικοῦ
1825 3032 1927 3069 πε-

347 3085 711 3156 πληρωμένον
767 3092 862 3145 καί⁸
912 3094 1183 3163 αἵματος,
1241 3099 1337 3152 καὶ
1391 3102 1714 3173 προσελθεῖν
1778 3106 1930 3177 αὐτῷ

347 3179 783 3249 προετρέποντο,
836 3185 1021 3249 αὐτοῖς
1079 3187 1139 3241 τὸ
1182 3189 1361 3245 δοκεῖν
1387 3193 1924 3266 μεταλαμϐάνοντες,

347 3270 441 3322 καὶ
466 3273 913 3341 συμμεταλαϐεῖν
943 3276 1129 3342 αὐτοῖς
1157 3279 1249 3333 τὸν
1275 3281 1561 3338 ’Ῑουλιανδν
1592 3288 1931 3357 προσκαλού-

349 3376 522 3429 μενοι.
548 3362 703 3416 Ἐσθ⁹
746 3367 835 3419 ὅτε
871 3367 925 3420 δέ
955 3370 1051 3422 καὶ
1077 3369 1425 3441 δογματικῶς
1451 3376 1602 3448 αὑτῷ
1631 3378 1931 3450 διελέγοντο

346 3453 735 3524 διασαφοῦντες
764 3458 865 3530 τὴν
891 3461 949 3513 ἐν
987 3461 1290 3536 Ἐκκλησία
1331 3468 1748 3541 κηρυττομὲνην
1796 3472 1930 3543 ἀλή-

349 3542 517 3609 θειαν,
557 3547 655 3600 καὶ
703 3546 875 3610 οὕτως
908 3549 1053 3620 ἔχειν
1104 3551 1167 3604 τὺ
1215 3555 1345 3626 περὶ
1386 3557 1487 3625 τῆς
1545 3542 1928 3631 σωτηριώδους

350 3634 583 3705 Χριστοῦ
642 3638 739 3691 τοῦ
802 3638 939 3692 Θεοῦ
994 3641 1156 3713 ήμῶν
1201 3644 1451 3711 ἐνὼσεως
1498 3645 1712 3719 ὤμνυον
1755 3652 1928 3723 κήρυο

348 3742 484 3796 rim—

429 3902 571 3955 ’Δλλ’
591 3903 667 3967 ὡς
700 3904 871 3962 ταῦτα
888 3910 1066 3965 πάντα
1090 3914 1186 3967 καὶ
1211 3915 1417 3971 τούτων
1448 3917 1670 3974 πλείονα
1697 3891 1924 3993 διεπρά-

343 3988 525 4055 ξαντο,
566 3995 661 4046 καὶ
709 3996 801 4050 τὸν
843 3999 1136 4056 Ἰουλιανὺν
1180 4005 1281 4058 οὐκ
1328 4005 1586 4073 ἔπεισαν,
1632 4011 1924 4081 πεισθῆναι

343 4080 423 4148 μὴ
450 4081 692 4143 θέλοντα.
725 4087 888 4142 πάλιν
916 4080 1081 4163 αὐτῷ’
1098 4094 1199 4163 τῆς
1227 4098 1500 4169 προτέρας
1530 4102 1724 4172 ὀδύνης
1748 4080 1920 4173 ἀνέμ-

341 4191 534 4244 νησαν,
598 4178 693 4231 καὶ
729 4179 800 4233 τά
844 4181 1047 4253 κέντρα
1093 4186 1204 4241 τῶν
1244 4188 1557 4260 ἀλγηδόνων
1587 4193 1734 4265 αὐτῷ
1783 4195 1923 4265 μετά

340 4265 664 4338 προσθήκης
691 4270 833 4341 τάχα
868 4275 1014 4339 τινὸς
1054 4277 1455 4351 ἐπανέστησαν,
1499 4288 1687 4354 χεῖρας
1732 4287 1809 4351 ὡς
1861 4288 1921 4341 τὸ

340 4354 623 4462 rt‘p'tvuxa‘t
680 4362 849 4425 πόδας
916 4368 1297 4440 συνδήσαντες,
1357 4373 1453 4427 καὶ
1513 4374 1777 4444 μειζόνως
1820 4376 1918 4441 τὰς
1951 4403 1999 4462 D

338 4447 641 4539 ἀλγηδόνας
681 4454 1054 4525 αὐξήσαντες·
1093 4460 1234 4529 τάχα
1273 4480 1376 4517 που
1401 4465 1463 4517 τὸ
1507 4465 1606 4533 τῆς
1651 4468 1917 4539 μελῳδίας

338 4536 525 4607 ἔργοις
558 4540 712 4594 αὐτοὶ
741 4543 1162 4617 ἐνδεικνύμενοι,
1188 4551 1248 4603 ἐν
1270 4552 1435 4623 κημῷ
1463 4554 1558 4607 καὶ
1583 4536 1798 4627 χαλινῷ-
1817 4557 1918 4621 τὰς

338 4628 598 4696 σιαγόνας
630 4632 738 4685 τῶν
767 4634 843 4703 μὴ
872 4636 1009 4706 πρὸς
1037 4637 1170 4692 Θεὸν
1198 4642 1532 4710 ἐγγιζόντων
1559 4646 1648 4700 διὰ
1684 4647 1919 4712 πίστεως

336 4720 618 4789 ἄγχοντες.
649 4723 889 4790 Ἐκεῖνος
918 4728 1027 4797 γὰρ
1050 4732 1079 4783 ὁ
1097 4735 1342 4799 γενναῖος
1358 4736 1576 4800 νεανίας
1600 4739 1629 4791 ό
1649 4738 1918 4803 τοσαύτας

340 4810 441 4900 μὲν
489 4815 861 4883 παραινέσεις,
913 4821 1182 4884 τοσαύτας
1211 4822 1268 4876 δέ
1302 4827 1611 4896 μαρτυρίας
1649 4829 1744 4882 καὶ
1765 4829 1917 4900 τηλι-

336 4897 543 4963 καύτας
582 4901 873 4967 ὀπτασίας,
905 4908 1000 4960 καὶ
1044 4909 1151 4978 πρό
1187 4927 1247 4978 γε
1278 4913 1482 4967 τούτων
1544 4916 1804 4972 ἁπάντων
1857 4920 1917 4973 τὸ

334 4990 422 5041 ἐπ’
463 4993 613 5064 αύτῴ
659 4999 881 5064 γεγονὸς
912 4999 1096 5071 θαῦμα
1135 5006 1661 5078 παραγραψάμενος,
1696 5009 1793 5076 τὰς
1822 5029 1912 5079 μι·

336 5082 477 5151 κράς
505 5085 720 5150 ἐκείνας
754 5090 853 5143 οὐκ
882 5091 1100 5161 ἴσχυσεν
1124 5097 1589 5167 παραγράψασθαι
1620 5100 1913 5170 μάστιγας,

226 5249 247 5263 ⁸
330 5174 448 5227 ἀλλ’
462 5177 717 5248 ἔκραζεν,
745 5183 897 5247 ἐϐόα,
916 5186 1243 5252 ἐλιτάνευεν,
1274 5192 1785 5264 ἐκάλει,ήντιϐόλει,
1806 5200 1918 5253 ἱκε-

331 5267 836 5360 τείαςᾴάπέπεμπεν
878 5278 1003 5342 τοὺς
1066 5281 1354 5353 μάρτυρας
1411 5285 1859 5360 ἀποκαλούμενος
1895 5309 1909 5324 ο

332 5360 428 5451 καὶ
473 5355 542 5432 ἦν
580 5364 758 5431 οὐδεὶς
794 5369 823 5421 δ
850 5368 1213 5441 λυτρούμενος
1255 5375 1288 5444 ἦ
1336 5377 1364 5429 ὁ
1418 5355 1761 5451 ῥυόμενοςῠῆ
1804 5382 1913 5435 τῶν

329 5450 521 5542 δεινῶν
580 5455 964 5529 ἐξαιρούμενος
1018 5462 1051 5534 ἢ
1106 5462 1373 5536 βοηθῆσαι
1421 5450 1757 5542 δυνάμενος,
1791 5473 1913 5525 ἐπεὶ

327 5541 438 5596 τῶν
458 5545 630 5613 άγίων
640 5543 709 5620 ἦν
724 5549 864 5622 ὀργὴ
884 5553 946 5605 τὸ
966 5554 1268 5623 γινόμενον.
1510 5628 1519 5635 ν
1563 5541 1568 5542 ν
1773 5593 1777 5597 ·

418 5636 555 5717 Ἀλλ’
595 5641 683 5694 ὅτε
723 5643 887 5698 αὐτοῦ
916 5646 980 5700 τὸ
1016 5648 1277 5706 αῖθασσον
1326 5652 1601 5718 τοιαύταις
1648 5655 1904 5727 βασάνοις

2048 1826 2258 1883 rentes,
2286 1818 2536 1877 divinum
2592 1823 2775 1891 potius
2816 1825 3084 1879 auxilium
3133 1836 3485 1897 exoptantes.
3549 1830 3622 1884 At

2047 1925 2177 1965 vero
2209 1913 2576 1988 sacratissimi
2615 1923 2882 1985 martyres
2921 1933 3088 1987 super
3112 1918 3367 1988 juvenem
3402 1921 3621 1976 miseri-

2044 2002 2236 2057 cordia
2270 1986 2428 2068 moti,
2482 2003 2735 2059 dolorum
2787 2008 3008 2096 «μωρίη
3062 1986 3316 2065 stimulos
3367 2012 3620 2067 reddide-

2041 2102 2171 2147 runt
2209 2094 2466 2157 obtusas,
2494 2109 2688 2150 manus
2717 2079 3172 2165 au't'em‘movere,
3203 2116 3267 2156 ac
3296 2103 3461 2170 pedes
3488 2117 3619 2172 par-

2042 2184 2137 2238 tim
2163 2184 2465 2241 extendere
2517 2186 2890 2254 donaverunt,
2949 2191 3247 2259 perfectam
3297 2195 3443 2247 enim
3505 2194 3618 2249 illis

2041 2273 2290 2342 praebere
2324 2274 2638 2341 sanitatem,
2671 2276 2921 2345 quaedam
2985 2293 3152 2334 causa
3206 2280 3478 2347 dogmatis
3512 2282 3618 2335 im-

2014 2364 2268 2430 pedivit.
2296 2363 2548 2421 Julianus
2600 2367 2801 2437 quippe
2857 2368 2947 2422 hic
2985 2370 3195 2439 junior,
3232 2387 3355 2425 cum
3413 2371 3616 2429 Juliani

2039 2454 2495 2528 (Apollinaristae)
2526 2458 2726 2513 veteris
2816 2458 3321 2517 Halicarnassensis
3365 2463 3616 2520 haeresim

2038 2547 2194 2617 sequi
2238 2549 2503 2615 vovisset,
2531 2560 2942 2606 consentaneus
2997 2554 3301 2607 eratetiam
3337 2554 3617 2625 opinionis

2036 2639 2312 2709 ejusdem.
2370 2639 2495 2715 llam
2546 2640 2730 2697 ferens
2778 2642 2832 2696 in
2887 2644 3073 2698 animo
3117 2643 3370 2703 Julianus
3427 2648 3619 2718 junior

2036 2728 2312 2798 dogmata,
2345 2747 2456 2786 non
2491 2741 2714 2803 propter
2757 2733 2849 2787 illa
2880 2736 3111 2801 sanctis,
3142 2737 3237 2791 sed
3260 2737 3334 2792 ob
3364 2741 3618 2809 corporis

2035 2817 2460 2887 approximabat
2524 2820 2869 2890 languorem.
2931 2820 3100 2876 Porro
3145 2824 3284 2877 beati
3348 2837 3617 2898 martyres

2038 2907 2355 2977 frequenter
2385 2918 2441 2963 et
2484 2922 2648 2963 noctu
2683 2920 3036 2980 apparentes,
3073 2912 3141 2966 ab
3170 2911 3616 2982 huiusmodi-do-

2034 3004 2219 3066 gmate
2247 2999 2544 3053 monebant
2571 2999 2893 3063 abscedere,
2942 3010 2996 3056 et
3044 2999 3305 3063 Ecclesia
3334 3004 3618 3059 catholicae

2034 3090 2479 3145 communionem
2553 3091 2828 3162 amplecti.
2909 3092 3186 3149 Multoties
3254 3110 3384 3149 vero
3446 3096 3612 3151 etiam

2035 3180 2264 3233 calicem
2306 3180 2603 3250 portabant
2662 3190 2942 3247 sanctum,
3032 3198 3269 3254 corpore
3321 3185 3613 3240 Deminiro

2035 3271 2255 3341 plenum
2282 3281 2336 3327 et
2366 3276 2661 3345 sanguine,
2687 3282 2743 3328 et
2767 3276 3030 3331 accedere
3064 3278 3216 3333 illum
3240 3279 3615 3335 exhortahan-

2035 3371 2161 3429 tur;
2196 3364 2324 3435 ipsi,
2355 3374 2412 3420 ut
2442 3368 2801 3435 putabantur,
2872 3380 3179 3435 sumentes.
3233 3382 3288 3428 et
3331 3372 3611 3429 lulianum

2033 3470 2218 3511 secum
2294 3472 2514 3513 sumere
2584 3461 2922 3515 advocantes
2966 3480 2981 3517 :
3024 3480 3422 3535 nonnunquam
3480 3484 3614 3522 vero

2029 3550 2192 3603 etiam
2226 3562 2353 3603 eum
2383 3565 2449 3605 eo
2482 3549 2791 3621 dogmatice
2819 3553 3199 3623 disputabant,
3239 3557 3611 3613 edisserentes

2030 3639 2320 3694 veritatem
2355 3657 2479 3710 quae
2528 3642 2583 3696 in
2614 3642 2857 3699 Ecclesia
2915 3647 3269 3716 prmdicatur,
3313 3659 3368 3704 et
3414 3652 3497 3705 sic
3551 3667 3611 3706 se

2029 3729 2234 3786 habere
2258 3732 2701 3801 praedicationem
2731 3752 2853 3806 quae
2881 3745 2966 3792 est
2984 3739 3052 3794 de
3083 3739 3371 3795 salutifera
3398 3742 3606 3797 Christi

2030 3821 2127 3875 Dei
2160 3822 2337 3876 nostri
2368 3824 2581 3879 unitate
2606 3824 2893 3894 iurabant.
3486 3893 3489 3896 ,

2100 3909 2205 3966 Sed
2234 3927 2359 3966 cum
2394 3913 2507 3967 haec
2538 3915 2720 3969 omnia
2759 3924 2816 3970 et
2863 3915 2948 3970 his
2996 3915 3151 3986 plura
3203 3917 3465 3987 egissent,
3516 3918 3607 3975 Ju-

2026 4002 2347 4074 lianumque
2375 4005 2530 4059 nullo
2566 4008 2727 4060 modo
2765 4005 3111 4063 iul‘lexissent
3153 4008 3376 4063 obedire
3407 4011 3605 4065 nolen-

2028 4102 2158 4156 tem,
2195 4093 2392 4147 iterum
2425 4109 2550 4148 eum
2576 4095 2786 4165 prioris
2811 4095 3019 4151 doloris
3048 4098 3325 4155 reminisci
3362 4100 3607 4168 compel-

2026 4188 2165 4252 lunt,
2199 4197 2253 4242 et
2276 4190 2501 4245 aculeos
2529 4190 2781 4245 dolorum
2821 4190 2870 4245 ei
2896 4207 3021 4245 cum
3057 4192 3437 4248 additamenta
3466 4194 3605 4249 forte

2025 4279 2262 4349 quodam
2320 4288 2636 4348 erexerunt,
2681 4297 2878 4335 manus
2929 4282 3073 4336 sicut
3121 4283 3279 4352 prius
3339 4292 3394 4339 et
3438 4284 3604 4353 pedes

2025 4372 2372 4442 eolligantes,
2409 4380 2464 4425 et
2489 4374 2661 4442 magis
2691 4372 2980 4428 doloribus
3037 4374 3436 4431 incrementum
3468 4376 3605 4431 dan-

2025 4470 2128 4528 tes,
2169 4475 2222 4518 et
2256 4463 2311 4517 in
2345 4478 2504 4518 eamo
2546 4472 2601 4519 et
2650 4464 2808 4520 freno
2852 4466 3103 4523 maxillas
3157 4483 3347 4522 eorum
3396 4468 3489 4538 qui
3533 4468 3601 4522 ad

2024 4555 2193 4610 Deum
2223 4572 2320 4626 per
2351 4557 2511 4612 ﬁdem
2545 4573 2655 4611 non
2686 4563 3094 4629 approximant,
3136 4562 3600 4632 constringentes.

2020 4645 2115 4701 llle
2151 4648 2297 4701 enim
2332 4647 2493 4704 fortis
2522 4648 2849 4705 adolescens
2872 4694 2886 4713 ,
2928 4652 3021 4719 qui
3061 4659 3142 4705 tot
3174 4653 3600 4719 admonitiones,

2023 4746 2104 4792 tot
2136 4740 2473 4801 testimonia,
2521 4751 2572 4795 ct
2638 4751 2817 4797 tantas
2845 4744 3109 4808 visiones,
3183 4753 3238 4798 et
3271 4760 3439 4814 super
3487 4745 3602 4799 ha‘c

2022 4832 2208 4886 omnia
2237 4833 2384 4900 quod
2414 4832 2466 4886 in
2500 4849 2560 4888 se
2590 4833 2796 4888 factum
2835 4835 3012 4890 fuerat
3047 4836 3375 4890 miraculum
3416 4838 3602 4906 parvi-

2020 4923 2232 4992 pendit,
2264 4923 2478 4978 modica
2505 4925 2592 4977 illa
2618 4925 3013 4995 parvipendere
3036 4924 3249 4996 ﬂagella
3274 4942 3380 4980 non
3402 4926 3594 4988 valuit,

2021 5016 2119 5070 sed
2160 5016 2458 5081 clamabat,
2488 5017 2927 5081 vociferabatur,
2958 5018 3223 5093 (vocabat,
3258 5019 3593 5088 deprecaba-

2020 5116 2127 5171 tur,
2192 5109 2442 5179 rogabat,
2524 5107 2957 5177 supplicationes
3015 5108 3284 5172 mittebat,
3334 5115 3600 5178 martyres

2022 5199 2309 5256 invocans.
2344 5199 2410 5253 Et
2440 5208 2560 5254 erat
2583 5200 2764 5255 nullus
2797 5200 2890 5269 qui
2929 5200 3245 5264 redimeret,
3298 5199 3389 5269 qui
3437 5215 3597 5252 crue-

2021 5301 2124 5355 ret,
2162 5293 2311 5362 quia
2344 5294 2685 5350 cruciatibus
2727 5294 2988 5364 eriperet,
3051 5293 3132 5348 vel
3196 5292 3289 5362 qui
3339 5294 3597 5347 auxiliari

2019 5376 2329 5454 potuisset;
2364 5400 2489 5440 nam
2541 5386 2621 5441 ira
2668 5394 2985 5442 sanctorum
3027 5394 3168 5452 erat,
3222 5385 3367 5455 quod
3416 5383 3596 5440 fuerat

2019 5477 2243 5533 factum.

2090 5657 2193 5715 Sel
2224 5660 2443 5729 quando
2497 5663 2620 5730 eius
2671 5661 3101 5723 obstinationem
3150 5666 3356 5723 talibus
3388 5682 3586 5723 manus
