4020 6204
379 271 521 335 3459

1267 261 1767 327 SISOPHRONII
1801 257 2306 323 PATRIABCHIE
2340 257 2740 320 HIEROSOL.

3484 252 3626 316 3460

382 397 500 439 suae
539 380 838 435 am-cernnt
873 374 1185 440 tormentis,
1239 382 1295 429 ct
1341 373 1761 443 persuasibilem
1829 386 1953 426 eum

2070 369 2371 439 hpépm'nv,
2401 368 2497 421 καὶ
2512 365 2790 435 πειθήνιον
2819 362 2907 416 τὸν
2940 362 3070 432 πρὶν
3097 361 3332 433 ἀνήκοον
3351 362 3626 432 ἀπειργάι

380 470 478 539 qui
532 470 685 539 prius
735 466 914 521 fuerat
991 464 1452 533 impersuasibilis
1501 470 1739 532 oneratae
1800 468 1951 527 sunt,

381 570 521 616 tunc
558 567 822 629 apparent
849 554 1203 629 lsubridentes
1232 566 1287 610 et
1317 554 1640 619 alludentes,
1679 562 1734 608 et
1758 568 1956 625 quam-

260 642 273 659 “
380 652 573 705 obrem
619 650 693 701 ita
735 646 996 700 clamaret
1045 643 1494 698 sciscitabantur.
1543 643 1611 697 At
1657 644 1748 698 ille
1795 641 1957 713 quasi

385 739 770 813 lgnorantibus
805 740 907 803 eis,
936 751 1058 804 qua
1085 744 1245 791 erant
1275 736 1574 808 passionis,
1623 736 1955 801 enuntiavit,

383 841 439 889 et
466 831 730 901 adjuvare
786 829 1189 883 cohortabatur
1249 828 1672 897 periclitantem.
1742 826 1957 898 Egregil

384 935 517 976 vero
551 930 818 990 martyres
852 935 975 973 eum
1002 933 1168 988 super
1201 918 1305 971 lide
1335 924 1481 971 recta
1513 917 1691 971 denuo
1712 930 1958 970 οοιιιιιιοο

385 1011 613 1073 nebant,
636 1018 693 1064 et
721 1008 864 1078 quod
898 1008 1063 1077 hujus
1086 1018 1255 1062 causa
1280 1007 1500 1060 dolores
1523 1006 1600 1059 illi
1622 1011 1810 1060 essent
1838 1019 1959 1056 mo-

386 1101 508 1158 lesti
536 1100 939 1171 significabant,
971 1110 1025 1154 et
1070 1100 1214 1183 quod
1281 1112 1563 1166 nunquam
1605 1095 1899 1165 aliquando
1928 1109 1958 1148 a

383 1191 726 1247 cruciatibus
756 1204 880 1244 eum
916 1198 1102 1244 essent
1154 1188 1441 1243 liberatori
1468 1226 1484 1251 ,
1521 1188 1626 1240 nisi
1659 1187 1814 1255 prius
1843 1187 1961 1255 ipse

385 1300 446 1340 se
475 1283 651 1360 ipsum
702 1282 771 1336 ab
803 1282 998 1337 haeresi
1043 1296 1151 1351 qua
1208 1280 1494 1335 tenebatur
1528 1279 1845 1347 eripuisset,
1879 1287 1963 1330 at-

388 1388 498 1449 que
527 1375 851 1445 apostolicae
907 1372 1166 1429 Ecclesiae
1200 1372 1638 1427 communionem
1674 1374 1811 1426 foret
1846 1385 1964 1423 am-

388 1468 608 1539 plexus,
641 1465 789 1536 quod
827 1462 1081 1518 Julianus
1107 1463 1292 1518 videre
1318 1462 1665 1517 desiderabat
1689 1472 1742 1516 et
1762 1476 1960 1516 consu-

392 1559 500 1610 lere
534 1570 751 1625 semper
780 1555 1028 1624 optabat.
1060 1553 1309 1622 Cumque
1337 1552 1489 1606 illum
1513 1550 1863 1605 accedentem
1893 1550 1963 1604 ad

2060 475 2243 521 σαντο,
2287 459 2397 512 τότε
2426 457 2712 528 φαίνονται
2759 454 3074 525 μειδιῶντες
3119 455 3214 507 καὶ
3257 455 3626 525 προσπαίζον-

2055 554 2276 620 τες,καὶ
2291 553 2356 607 δι’
2381 552 2449 623 ην
2472 552 2652 607 αἰτίαν
2689 550 2832 603 οὕτω
2858 548 2954 620 βοᾷ
2973 565 3030 601 τε
3060 549 3154 601 καὶ
3176 547 3373 617 κράζει
3404 548 3626 600 διεπυν-

2058 643 2301 698 θάνοντο.
2360 644 2420 696 Ὀ
2451 642 2507 696 δὲ
2535 643 2612 706 ὡς
2644 640 2929 709 ἀγνοοῦσιν
2960 640 3145 703 αὐτοῖς
3196 639 3257 691 τὸ
3281 639 3376 691 τοῦ
3424 639 3631 703 πάθους

2057 732 2393 800 διήγγειλεν,
2444 731 2539 784 καὶ
2611 728 2878 800 βοηθῆσαι
2920 729 3294 800 προετρέπετο
3356 729 3630 782 κινδυνεύ-

2057 840 2192 877 οντι.
2242 824 2306 875 Οί
2357 823 2416 876 δὲ
2474 822 2751 875 θεσπέσιοι
2797 820 3074 892 μάρτυρες
3141 820 3304 875 πάλιν
3340 822 3503 875 αὑτὸν
3529 822 3631 890 τῆς

2057 912 2346 984 ὁραθείσης
2398 912 2808 983 ἀνεμίμνησκον
2853 911 3121 974 πίστεως.
3174 910 3270 964 καὶ
3311 911 3388 975 ὡς
3426 911 3654 984 ταύτης,

2060 1004 2219 1073 χάριν
2249 1004 2306 1057 αί
2341 1003 2632 1073 ἀλγηδόνες
2677 1001 2827 1072 αὐτῷ
2855 1002 3279 1073 παρεωχλοῦσιν
3312 1005 3628 1072 ἐσήμαινον,

2060 1097 2153 1148 καὶ
2196 1095 2272 1157 ὡς
2300 1094 2400 1148 οὐκ
2430 1093 2496 1146 ἄν
2525 1109 2657 1146 ποτε
2700 1093 2806 1146 τῶν
2837 1091 3023 1145 δεινῶν
3050 1091 3214 1145 αὑτὸν
3246 1091 3629 1169 ἀπαλλάξειεν,

2060 1186 2110 1238 εί
2154 1187 2232 1254 μὴ
2273 1185 2490 1254 πρῶτος
2537 1184 2698 1246 αὐτὸς
2747 1182 2941 1235 ἑαυτὸν
2974 1181 3075 1251 τῆς
3109 1182 3338 1252 ἐχούσης
3368 1182 3633 1253 αἱρέσεως

2060 1275 2439 1342 ἀπαλλάξειεν,
2492 1276 2587 1329 καὶ
2630 1275 2728 1345 τῆς
2749 1273 3110 1343 ἀποπολικῆς
3159 1274 3483 1345 Ἐκκλησίας
3533 1275 3633 1344 τὴν

2062 1366 2345 1421 κοινωνίαν
2379 1367 2704 1419 ἀσπάσοιτο·
2742 1365 2878 1436 ὅπερ
2934 1364 3220 1428 Ἰουλιανὸς
3256 1365 3384 1418 ίδεῖν
3423 1366 3631 1431 ἐπόθει,
3656 1398 3681 1415 ρ

2062 1458 2154 1509 καὶ
2203 1456 2487 1521 πυθέσθαι,
2531 1454 2892 1525 προσηύχετο.
2942 1455 3031 1517 Ὠς
3067 1455 3125 1508 δὲ
3157 1455 3483 1524 προϊέμενον
3532 1457 3633 1509 αύ-

2062 1549 2173 1610 τοῖς
2209 1547 2303 1600 τὸν
2346 1547 2465 1599 νέον
2502 1546 2609 1599 ἴδον
2656 1548 2704 1599 οί
2752 1546 3045 1616 μάρτυρες,
3084 1545 3179 1597 καὶ
3219 1545 3391 1598 ταῦτά
3417 1548 3466 1598 ot
3497 1546 3635 1616 πρὸς

389 1660 449 1699 se
482 1652 749 1715 martyres
779 1643 1145 1713 aspexissent,
1181 1643 1345 1696 etiam
1380 1642 1493 1695 haec
1519 1641 1567 1695 ci
1591 1641 1657 1695 ad
1690 1640 1955 1710 majorem

2070 1637 2294 1708 μείζονα
2334 1636 2707 1707 πληροφορίαν
2747 1634 3114 1705 ἀπήγγελλον.
3158 1633 3361 1705 Χεῖρας
3408 1636 3518 1706 γὰρ
3554 1636 3636 1698 είς

390 1733 823 1788 satisfactionem
881 1732 1343 1787 deuuntiaverunt
1388 1749 1404 1785 :
1443 1745 1640 1786 manus
1691 1731 1836 1786 enim
1906 1731 1959 1784 in

2070 1727 2295 1797 οὐρανὸν
2342 1726 2716 1789 ἀνατείναντες
2759 1726 3049 1802 μεγίστους
3076 1725 3274 1795 ὅρκους
3304 1727 3397 1780 καὶ
3423 1726 3636 1795 φρικώ-

388 1824 595 1878 cmlum
623 1822 999 1885 cxneudentes,
1024 1820 1258 1875 maxima
1278 1821 1587 1890 iuramenta
1616 1828 1671 1874 et
1689 1820 1963 1874 horrenda

2070 1820 2177 1882 δεις
2198 1817 2527 1888 διώμνυντο,
2561 1817 2636 1880 ὡς
2664 1818 2727 1870 ού
2758 1817 3068 1881 Γαῖανίτας,
3106 1816 3169 1868 ού
3219 1815 3629 1884 Θεοδοσιανοὺς.

386 1913 670 1982 jurabant,
703 1912 849 1980 quod
874 1926 983 1965 non
1038 1910 1354 1977 Gaianitas,
1404 1926 1514 1965 non
1551 1909 1965 1968 Theodosianos

2070 1914 2124 1965 ὲν
2166 1910 2351 1982 μέτρῳ
2393 1910 2652 1980 πιστῶνῆ
2684 1908 2924 1962 εὐσεϐῶν
2951 1907 3169 1978 ἀριθμῷ
3197 1908 3310 1978 ἔχει
3335 1908 3569 1980 Χριστὸς
3596 1909 3631 1979 ἢ

393 2004 448 2056 in
474 2018 703 2056 numero
742 2001 983 2071 fidelium
1017 2002 1103 2056 vel
1129 2002 1345 2071 piorum
1382 2001 1580 2056 habeat
1603 2002 1855 2058 Christus
1886 2004 1962 2057 vel

2070 2003 2369 2071 λογίζεται*
2418 2001 2620 2055 τούτων
2664 2000 2947 2063 Ἰουλιανὸς
3006 1999 3296 2070 ἐνωμότως
3337 2001 3474 2071 πρὸς
3526 1992 3637 2053 τῶν

395 2100 637 2163 reputet.
671 2092 799 2146 Haec
828 2090 1085 2146 Julianus
1106 2106 1233 2145 cum
1285 2090 1607 2160 juramento
1664 2106 1695 2146 a
1760 2093 1966 2147 sanctis

2070 2095 2238 2162 ἁγίων
2285 2093 2610 2164 πυθόμενος,
2647 2093 2739 2146 καὶ
2782 2092 3017 2161 πληγαῖς
3057 2093 3152 2146 καὶ
3183 2092 3368 2163 ὅρκοις
3416 2093 3639 2147 παιδεύε-

396 2186 649 2248 audiens,
676 2193 725 2238 et
755 2184 931 2254 plagis
960 2182 1362 2252 etjuramentis
1384 2184 1670 2239 veritatem
1693 2183 1963 2247 ediscens,

397 2276 464 2329 ab
496 2285 729 2343 utroque
773 2275 912 2329 liber
969 2274 1202 2330 effectus
1233 2283 1339 2337 est,
1408 2274 1654 2329 sanitate
1688 2274 1884 2329 anima:
1915 2282 1969 2329 et

399 2367 778 2422 incolumitate
802 2366 1050 2436 corporis
1079 2380 1173 2437 per
1196 2366 1354 2419 Iidem
1381 2364 1686 2436 resumpta.

475 2456 693 2513 L'edere
750 2465 932 2511 autem
1016 2466 1148 2527 puto
1194 2457 1585 2523 narrationem,
1649 2457 1695 2512 si
1750 2464 1971 2512 tacuero

403 2560 724 2610 sanctorum
754 2552 1077 2622 agilitatem,
1098 2559 1152 2604 et
1179 2549 1625 2620 gratulationem,
1665 2564 1830 2619 quam
1857 2549 1969 2604 cir-

402 2657 468 2698 ca
503 2639 711 2696 Iuliani
738 2639 1146 2694 communionis
1173 2640 1580 2708 perceptionem
1625 2638 1974 2692 demonstra-

402 2742 629 2799 verunt,
655 2740 739 2787 est
771 2740 953 2786 autem
991 2731 1128 2785 haec.
1173 2729 1313 2796 Quia
1346 2733 1491 2785 enim
1540 2744 1664 2784 eum
1718 2743 1745 2781 a
1802 2729 1975 2799 priori

402 2824 624 2894 quidem
690 2822 883 2876 haeresi
946 2822 1264 2886 distantem,
1317 2827 1373 2875 et
1420 2834 1605 2874 teram
1675 2819 1976 2877 Salvatoris

405 2908 810 2963 confessionem
839 2907 1192 2976 arripientem
1233 2905 1605 2969 intuebantur,
1657 2906 1803 2958 circa
1840 2921 1965 2975 per-

405 3000 713 3069 ceptionem
749 3011 879 3053 vero
928 3003 1250 3051 sanctorum
1289 2996 1676 3066 mysteriorum
1717 3009 1979 3051 verecun-

2069 2185 2181 2250 θεὶς
2210 2187 2310 2257 τὴν
2343 2186 2621 2257 ἀλήθειαν,
2668 2184 2994 2255 ἀμφοτέρων
3030 2183 3210 2238 αὐτῶν
3241 2184 3635 2255 ἀπηλλάττετο,

2070 2278 2261 2346 ὑγείαν
2304 2278 2483 2349 ψυχῆς
2535 2280 2629 2332 καί
2674 2277 2842 2350 ρῶσιν
2896 2274 3146 2346 σώματος
3193 2274 3513 2348 προσλαϐὼν
3547 2275 3639 2330 διά

2074 2368 2331 2429 πίστεως.

2147 2459 2358 2529 Βλάψαι
2395 2459 2442 2512 δ’
2471 2456 2626 2529 οἶμαι
2652 2457 2714 2512 τδ
2757 2458 3026 2529 διήγημα,
3070 2459 3118 2511 εἰ
3159 2456 3368 2527 σιγήσω
3420 2457 3480 2510 τὸ
3528 2455 3642 2511 τῶν

2070 2549 2246 2617 ἁγίων
2284 2548 2518 2620 ἀνθηρὸν
2548 2549 2639 2605 καὶ
2694 2548 2940 2619 ἐπίχαρι,
2968 2548 2998 2600 ὃ
3042 2551 3173 2619 περὶ
3228 2546 3325 2618 τὴν
3351 2546 3642 2602 Ἰουλιανοῦ
3713 2592 3721 2598 .

2078 2639 2380 2711 μετάληψιν
2410 2639 2785 2705 ἐπεδείξαντοο
2822 2639 2968 2692 ἐστιν
2998 2638 3054 2691 δὲ
3080 2638 3257 2692 τοῦτο.
3288 2637 3504 2707 Ἐπειδὴ
3541 2638 3643 2707 μὲν

2074 2733 2185 2802 γὰρ
2234 2731 2397 2785 αὑτὸν
2450 2732 2548 2801 τῆς
2614 2731 2884 2801 προτέρας
2930 2729 3206 2799 ιαίρέσεως
3275 2730 3642 2798 ἀφιστάμενον

2076 2824 2302 2877 ἔϐλεπον
2326 2864 2341 2888 ,
2397 2823 2494 2892 τὴν
2559 2823 2733 2893 ἀληθῆ
2793 2822 2855 2875 δὲ
2910 2821 3003 2874 τοῦ
3045 2822 3298 2892 Σωτῆρος
3353 2821 3646 2892 ὁμολογίαν

2077 2915 2420 2977 ἀσπάσαντα,
2471 2913 2602 2998 περ)
2637 2913 2694 2967 δὲ
2731 2912 2832 2983 τὴν
2873 2912 3173 2984 μετάληψιν
3203 2914 3309 2966 τῶν
3345 2914 3514 2982 ἁγίων
3545 2931 3647 2983 pto-

2078 3006 2320 3075 στηρίων
2346 3005 2665 3072 αἰδούμενον
2701 3005 2797 3058 καλ⁵
2822 3005 3088 3076 αἰσχύνην
3122 3006 3424 3077 ἡγούμενον
3457 3008 3542 3075 ἐφ’
3562 3002 3644 3070 οἷς

406 3095 651 3152 dantem.
718 3098 773 3144 et
833 3086 1215 3142 confusionem
1264 3085 1645 3150 arbitrantem,
1686 3089 1741 3140 in
1775 3088 1972 3156 quibus

2079 3062 2643 3165 Edsi'lapnpdvsooat,
2677 3062 2993 3164 θαυμαστόν
3016 3062 3071 3150 τί
3097 3062 3192 3150 καί.
3208 3062 3470 3167 θυμηδίας
3497 3062 3648 3162 ξιξωᾷ

406 3183 695 3255 oportebat
728 3181 937 3236 clarum
964 3172 1268 3245 exsistere;
1308 3178 1565 3231 miraculi
1620 3178 1877 3247 quiddam
1924 3187 1979 3233 et

407 3276 813 3339 delectamento
841 3270 1068 3341 dignum
1101 3276 1388 3340 peragunt.
1430 3268 1771 3338 Apparentes
1794 3278 1978 3325 autem

411 3367 466 3419 in
502 3364 713 3418 somnis
751 3359 1312 3430 ei,quemadmodum
1362 3367 1786 3425 consueverant,
1828 3374 1977 3427 ecce,

413 3456 670 3524 inquiunt
699 3467 871 3523 prope
923 3457 1008 3505 est
1053 3448 1355 3503 Salvatoris
1416 3448 1696 3514 nativitas,
1760 3449 1981 3519 quando

415 3547 507 3601 Dei
532 3546 712 3599 Patris
738 3544 1054 3613 tmigenitus
1069 3539 1239 3596 Filius
1264 3541 1582 3594 incarnatus
1613 3539 1773 3596 homo
1803 3540 1982 3598 factus
2021 3535 2027 3540 ’

413 3650 518 3694 est.
566 3639 720 3693 llauc
765 3637 1127 3691 Alexandrini
1194 3649 1406 3689 sacram
1469 3641 1525 3689 et
1569 3634 1981 3690 celeberrimam

422 3732 778 3787 festivitatem
819 3728 1107 3782 catholicae
1149 3726 1409 3781 Ecclesiae
1446 3726 1543 3780 filii
1573 3736 1628 3781 et
1660 3727 1886 3791 alumni,
1927 3727 1982 3781 in

419 3821 650 3876 basilica
681 3828 884 3874 sancta:
907 3819 1134 3889 virginis
1170 3817 1352 3872 Maria:
1382 3833 1446 3873 ac
1468 3818 1560 3873 Dei
1590 3818 1779 3875 Matris
1796 3826 1985 3889 agunt,

415 3927 539 3984 quae
559 3912 979 3982 cognominatur
1010 3908 1258 3966 Theona.
1311 3912 1391 3966 Ad
1429 3911 1572 3966 hanc
1616 3920 1826 3980 ergoet
1869 3910 1987 3979 ipse

416 4004 716 4075 profer-tus.
743 4013 798 4062 et
828 4021 972 4061 unus
997 4020 1211 4070 eorum,
1243 4005 1338 4075 qui
1364 4004 1665 4059 nativitatis
1688 4002 1986 4058 Dominica‘.

418 4099 504 4168 pie
526 4097 804 4152 celebrant
827 4098 1259 4159 solemnitatem,
1295 4094 1544 4160 ell‘ectus,
1575 4105 1775 4152 etcum
1800 4094 1988 4150 Eccle-

415 4193 497 4243 sia
522 4190 759 4243 fideliqu
783 4196 1240 4253 connutneratus,
1279 4186 1593 4255 psalmodia:
1618 4188 1985 4249 communica,

2077 3186 2516 3256 διαπράττονται.
2579 3186 2845 3249 Φανέντες
2902 3185 3015 3258 γάρ
3066 3188 3192 3240 καθ’
3226 3187 3425 3251 ὕπνους
3471 3190 3640 3258 αύτῷ,

2077 3276 2266 3349 ὥσπερ
2289 3276 2563 3347 εἰώθασιν,
2583 3278 2733 3344 Ἰδοὺ,
2759 3279 2943 3346 φασὶν,
2967 3279 3133 3347 ὲγγύς
3156 3279 3306 3333 ἐστιν
3328 3281 3389 3334 τὸ
3410 3281 3505 3334 τοῦ
3533 3282 3649 3333 2w-

2078 3369 2245 3441 τῆρος
2283 3369 2579 3437 γενέθλιον,
2602 3371 2700 3424 ’ὅτε
2725 3371 2820 3424 τοῦ
2840 3370 2979 3423 Θεοῦ
3015 3376 3109 3424 καὶ
3135 3371 3348 3443 Hospite
3368 3375 3397 3426 ὁ
3425 3390 3651 3444 μονογε-

2080 3462 2177 3532 νὴς
2198 3461 2325 3524 Υίὸς
2354 3461 2661 3531 σαρκωθεὶς
2686 3459 3125 3532 ὲνηνθρώπησεν.
3149 3462 3366 3533 Ταύτην
3405 3465 3653 3529 Ἀλεξαν-

2081 3551 2229 3623 δρεῖς
2248 3552 2347 3623 τὴν
2387 3551 2536 3622 ἱεράν
2552 3552 2647 3605 καὶ
2668 3551 2969 3623 σεϐασμίαν
2986 3555 3310 3624 πανήγυριν,
3326 3555 3378 3609 oi
3398 3556 3496 3624 τῆς
3516 3556 3652 3609 καθ-

2079 3644 2268 3714 ολικῆς
2284 3642 2608 3714 Ἑκκλησίας
2626 3644 2733 3696 υίοί
2751 3660 2812 3696 τε
2836 3644 2930 3696 καὶ
2943 3644 3196 3715 τρόφιμοι
3218 3645 3275 3699 ὲν
3291 3649 3354 3715 τῇ
3380 3647 3651 3718 ἐπωνύμῳ

2083 3736 2271 3807 Θεωνᾷ
2294 3738 2391 3806 τῆς
2436 3737 2596 3803 ἁγίας
2627 3735 2904 3808 Παρθένου
2931 3736 3149 3807 Μαρίας
3186 3735 3280 3790 καὶ
3309 3736 3653 3808 Θεομήτορος

2084 3827 2328 3896 ἄγουσιν.
2352 3830 2447 3890 Είς
2469 3826 2677 3896 ταύτην
2704 3825 2796 3879 οὖν
2822 3826 2917 3880 καὶ
2936 3825 3099 3890 αὐτὸς
3120 3827 3541 3898 ἀφικνούμενος,
3556 3830 3655 3881 καὶ

2083 3912 2167 3982 εἷς
2200 3918 2310 3971 τῶν
2345 3917 2445 3988 τὴν
2478 3916 2750 3984 γενέθλιον
2775 3915 2968 3987 ἑορτὴν
3005 3915 3247 3978 εὐσεϐῶς
3284 3916 3655 3986 γεραιρόντων

2085 4009 2397 4079 γενόμενος,
2447 4011 2550 4063 κάν
2593 4009 2659 4078 τῇ
2687 4007 2796 4061 τῶν
2837 4008 3044 4061 πιστῶν
3083 4008 3379 4078 Ἐκκλησία
3427 4022 3653 4078 συναρι·

2085 4099 2424 4171 θμούμενος,
2490 4103 2556 4172 τῇ
2608 4098 2900 4171 ψαλμῳδίᾳ
2956 4098 3317 4169 κοινώνησον,
3390 4101 3482 4154 καὶ
3546 4101 3655 4153 τῶν

2087 4189 2460 4242 ἀποστολικῶν
2490 4190 2936 4260 ἀναγνωσμάτων
2970 4188 3263 4261 ἀκρόασαι,
3303 4190 3396 4243 καὶ
3423 4190 3522 4260 τῆς
3545 4191 3655 4244 τῶν

414 4286 474 4333 et
503 4280 861 4349 apostolicam
910 4278 1197 4333 lectionem
1252 4277 1522 4341 absculta,
1574 4286 1629 4331 et
1674 4287 1968 4330 sanctoruu

2089 4278 2254 4350 ίερῶν
2276 4279 2621 4349 Εὐαγγελίων
2664 4279 2898 4334 ’ἄκουσον
2952 4279 3284 4348 σάλπιγγος’
3346 4281 3509 4351 μέχρι
3545 4281 3657 4349 γάρ

418 4370 608 4425 tubam
644 4370 1062 4439 Evangeliorum
1080 4368 1207 4423 audi
1235 4385 1249 4421 :
1278 4368 1477 4422 etenim
1504 4383 1679 4437 usque
1705 4368 1774 4421 ad
1795 4368 1968 4421 horon

2092 4370 2189 4440 τῆς
2229 4369 2437 4424 τούτων
2499 4372 2815 4437 ἀκροάσεως
2877 4372 3282 4442 παραμένουσιν
3308 4388 3322 4403 ⁸
3371 4374 3464 4425 καὶ
3518 4376 3660 4443 μετά

418 4461 904 4523 abscultationem,
965 4460 1001 4512 ii
1058 4461 1154 4530 qui
1182 4460 1453 4515 haereseos
1483 4471 1589 4514 tuae
1625 4469 1772 4523 sunt,
1807 4474 1972 4526 perse

2087 4462 2188 4532 τὴν
2230 4461 2339 4515 τῶν
2388 4462 2760 4530 εύαγγελικῶν
2795 4464 3155 4531 ἀκουσμάτων
3198 4462 3478 4528 ἀπόλυσιν,
3518 4466 3661 4518 κατά

422 4563 654 4617 verant;
687 4560 741 4604 et
777 4558 900 4619 post
936 4550 1371 4620 evangelicarum
1395 4550 1740 4605 auditionutn
1763 4550 1972 4604 absolu-

2090 4552 2188 4622 τὴν
2246 4552 2482 4606 παλαιάν
2542 4570 2636 4606 σου
2690 4553 2977 4626 συνήθειαν
3036 4552 3191 4620 ἔξιθι,
3231 4554 3294 4607 τὸ
3355 4554 3662 4607 ἀνύποπτον

418 4644 649 4701 tionem.
699 4639 1001 4696 secundum
1075 4641 1311 4711 priscam
1364 4640 1820 4697 consuetudinem
1876 4640 1964 4694 exi

2094 4644 2275 4715 σαυτῷ
2306 4644 2758 4716 προμηθούμενος
2780 4662 2798 4677 ·
2848 4645 2943 4699 καὶ
2966 4644 3061 4698 τοῦ
3100 4645 3362 4716 τεμένους
3390 4644 3569 4711 ἐξιὼν,
3603 4647 3664 4698 ἐν

421 4744 486 4787 ιιι
516 4733 723 4802 absque
752 4731 1070 4801 suspicione
1131 4746 1418 4787 remanere
1467 4732 1729 4793 videaris,
1767 4745 1972 4801 procura

2091 4734 2171 4806 τῷ
2216 4734 2403 4805 δρόμῳ
2444 4735 2785 4805 παράμεινον
2818 4749 2835 4766 ·
2878 4736 3043 4798 τόπος
3076 4728 3231 4798 οὗτος
3269 4735 3537 4805 ἐπίσημος
3564 4735 3665 4804 τῆς

421 4839 575 4885 rens.
603 4833 658 4879 et
686 4839 716 4878 a
744 4825 955 4895 templo
993 4840 1247 4895 egressus
1281 4824 1334 4879 in
1366 4825 1558 4879 dromo
1590 4833 1869 4893 exspecta,
1898 4841 1968 4893 qu

2108 4823 2499 4893 Ἀλεξανδρέων
2522 4825 2857 4894 καθέστηκεν
2879 4825 3116 4891 πόλεως,
3147 4824 3212 4877 ὲκ
3241 4824 3514 4897 λεωφόρου
3534 4829 3668 4895 σχή-

338 4948 341 4951 ν
422 4914 581 4969 locus
618 4915 853 4985 insignis
902 4914 956 4968 in
1003 4915 1370 4969 Alexandrina
1424 4914 1560 4969 urbe
1599 4913 1878 4980 consistit,
1938 4914 1972 4967 ἱι

2100 4934 2268 4988 ματος
2296 4917 2571 4987 κείμενος,
2589 4918 2841 4987 ἐμϐόλοις
2872 4918 2971 4987 μὲν
3000 4917 3152 4971 δυσὶν
3186 4918 3543 4988 μεσούμενος,
3572 4919 3669 4972 καὶ

424 5008 617 5078 plateae
644 5008 875 5078 figuram
911 5006 1233 5077 conjacens,
1288 5007 1590 5077 porticibus
1615 5005 1834 5076 quidem
1862 5005 1967 5059 dua

2097 5009 2243 5062 κίοσι
2271 5007 2369 5061 καὶ
2409 5009 2724 5080 μαρμάροις
2761 5007 3157 5078 κοσμούμενος,
3188 5007 3295 5078 λεῷ
3323 5023 3382 5060 τε
3406 5022 3670 5078 στενοχω-

425 5100 534 5154 bus
566 5100 859 5163 mediatus,
889 5109 946 5155 et
969 5099 1243 5153 columnis
1272 5113 1336 5153 ac
1369 5099 1736 5155 marmoribus
1763 5097 1966 5153 adorna

2101 5097 2364 5170 ρούμενος
2405 5098 2633 5163 πλείονι,
2679 5099 2913 5161 καὶτοῖς
2956 5100 3015 5152 ὲν
3055 5099 3282 5169 ἀγοραῖς
3305 5097 3671 5163 παντοδαποῖς

426 5200 540 5255 tus,
573 5192 883 5262 populoque
911 5192 1149 5262 plurimo
1182 5200 1525 5262 angustatus.
1560 5198 1726 5260 atque
1766 5191 1968 5245 diversi

2100 5190 2426 5262 πρατηρίοις
2454 5190 2792 5262 βριθόμενος.
2817 5192 2904 5244 Ἐν
2931 5192 3129 5263 τούτῳ,
3152 5194 3337 5261 φασιν,
3360 5193 3487 5255 τοὺς
3509 5208 3672 5261 περι-

434 5287 751 5339 forensihus
778 5283 1154 5338 mercimoniis
1213 5294 1493 5339 oneratus.
1522 5283 1576 5336 lu
1610 5283 1972 5348 hunc,ait,cuu

2102 5283 2307 5344 πάτους
2366 5281 2725 5353 ποιούμενος,
2781 5283 3035 5354 ἐπιτήρει
3083 5285 3182 5354 τῆς
3246 5284 3519 5349 συνάξεως
3572 5287 3675 5357 τὴν

431 5374 586 5439 ieris,
631 5376 869 5429 observa
933 5390 1208 5447 synaxeos
1253 5373 1690 5439 absolutionem;
1767 5389 1972 5444 cumqu

2105 5371 2369 5424 ἀπόλυσιν
2392 5389 2407 5403 ·
2453 5375 2547 5425 καὶ
2585 5373 2672 5425 ὅτε
2718 5373 2927 5438 πάντας
2954 5374 3072 5449 ἴδῃς
3107 5374 3566 5446 ἀναχωρήσαντας
3595 5377 3676 5432 οῖσ-

432 5483 625 5522 omues
678 5466 883 5522 videris
956 5468 1180 5521 domum
1246 5480 1522 5530 reversos,
1568 5473 1702 5519 tunc
1758 5466 1972 5520 silentio

2106 5464 2258 5527 καδε,
2298 5463 2420 5517 τότε
2460 5464 2584 5517 καθ’
2612 5465 2848 5535 ἡσυχίαν
2887 5467 3114 5536 μηδενὸς
3162 5466 3346 5521 λοιπὸν
3376 5468 3681 5523 κατοπτεύ-

436 5557 655 5613 neminc
688 5557 1114 5627 contemplante,
1140 5555 1479 5633 in_templum
1515 5557 1816 5626 ingressus,
1844 5570 1972 5609 vene

2107 5572 2279 5620 οντος,
2306 5557 2386 5619 εἰς
2420 5556 2479 5609 τὸ
2516 5543 2740 5625 τέμενος
2773 5558 3051 5621 εἰσελθὼν,
3096 5557 3203 5614 τῶν
3235 5560 3448 5615 σεπτῶν
3477 5577 3680 5632 μυστη-

441 5647 610 5700 ῐιιιὶιιιι
658 5648 875 5716 suscipe
920 5656 1301 5710 sacramenta,
1349 5654 1400 5701 et
1442 5645 1620 5701 taliter
1680 5647 1733 5700 in
1782 5647 1972 5699 domui

2112 5647 2245 5716 ρίων
2278 5646 2571 5716 μετάλαϐε,
2621 5650 2716 5701 καὶ
2742 5647 2887 5702 οὕτω
2913 5652 2993 5714 είς
3025 5646 3176 5706 οἶκον
3201 5651 3403 5717 ἐλάσας
3442 5651 3579 5723 ήσύχ
3623 5653 3683 5715 ζα
