4010 6208
321 299 457 369 3461

1342 300 1445 360 SS.
1488 292 1663 360 CYRI
1700 297 1798 359 ET
1821 292 2140 357 JOANNIS
2170 295 2585 357 MIRACULA.

3430 292 3576 360 31.62

319 409 410 462 τὸν
436 400 728 479 ἡμέτερον.
788 400 865 465 οὗ
906 406 1208 477 γεγονότος,
1262 404 1479 459 καὶτὸν
1527 404 1624 475 τῆς
1668 403 1905 474 ἐπιγνω-

2015 411 2255 459 nostram
2288 404 2493 459 vadens
2532 401 2776 473 quiesce.
2828 402 2950 469 Quo
3000 378 3147 456 facto
3215 406 3380 473 atque
3426 418 3578 461 com-

319 496 543 568 σθείσης
570 497 836 570 αἱρέσεως
858 498 975 569 ἅμα
992 496 1070 569 τῷ
1083 496 1337 567 λεχθῆναι
1363 494 1553 567 μῶμον
1572 494 1889 564 ἐκφύγειας,

317 590 413 643 καὶ
442 588 542 660 τὴν
568 589 669 658 τῆς
696 588 960 660 αἰσχύνης
991 589 1245 642 ὑπόνοιαν
1274 584 1536 649 παύσεις⁸
1574 586 1673 656 τῆς
1704 587 1761 640 δέ
1791 603 1895 639 σω-

315 678 517 749 τηριας
569 663 952 749 ἀκατάληκτον
982 679 1126 744 seu;
1171 679 1264 732 τὸν
1293 675 1517 730 ἔπαινον
1537 691 1553 707 ⁶
1603 674 1894 732 καὶταῦτα

322 769 424 840 μὲν
456 768 507 822 oi
538 769 686 837 ἅγιοι
714 767 1121 822 συνεϐούλευον.

389 855 681 924 Ἰουλιανὸς
724 859 782 913 δὲ
832 858 931 929 τὴν
986 859 1317 931 συμϐουλίαν
1346 861 1423 924 ὡς
1452 860 1511 924 ἐξ
1539 859 1711 929 ἁγίων
1737 858 1893 923 δεξά-

322 951 503 1023 μενος,
529 952 625 1006 καὶ
660 952 736 1023 τῷ
758 952 946 1024 οἰκείῳ
968 952 1157 1025 σκοπῷ
1181 952 1306 1017 δοὺς
1335 938 1629 1007 ἀκόλουθον
1653 951 1896 1014 ἐντολαῖς

319 1044 474 1113 ἄγειν
501 1043 775 1098 συνέθετο.
819 1043 895 1097 Τδ
918 1044 975 1097 δὲ
1003 1044 1104 1097 οὐκ
1131 1040 1198 1115 ἦν
1239 1044 1315 1108 ὡς
1358 1042 1630 1115 ἐνόμιζεν,
1662 1043 1783 1098 οὐδὲ
1820 1043 1896 1106 ὼς

319 1135 506 1189 ἐπόθει
534 1152 595 1187 τε
622 1134 717 1189 καί⁵
744 1133 1009 1206 ἐγλίχετο,
1043 1138 1090 1189 εί
1125 1123 1221 1191 καὶ
1263 1135 1432 1190 ταῦτα
1465 1136 1611 1206 ἔχειν
1646 1134 1897 1206 ἐνόμιζεν

318 1227 418 1298 τὴν
451 1229 806 1298 παραίνεσιν’
865 1227 981 1280 ἀλλ’
1022 1227 1098 1291 ὡς
1130 1230 1244 1291 τοῖς
1289 1227 1468 1296 ἁγίοις
1499 1227 1673 1282 ἐδόκει
1708 1244 1768 1281 τε
1804 1228 1899 1282 καὶ

317 1316 662 1381 τεθέσπιστο,
700 1314 881 1370 καὶτὸ
922 1314 1016 1368 τοῦ
1049 1316 1300 1387 Σωτῆρος
1329 1316 1648 1387 διηγόρευσε
1675 1316 1856 1384 λόγιον
1882 1332 1894 1345 ·

305 1445 321 1456 .
338 1427 357 1458 ι
370 1406 527 1460 Οὓτω
553 1405 820 1477 λαμψάτω
836 1406 895 1459 τὸ
916 1405 1030 1474 φῶς
1049 1407 1077 1458 ὑ
1085 1407 1202 1476 μῶν
1230 1407 1539 1479 ἔμπροσθεν
1560 1406 1669 1460 τῶν
1684 1405 1899 1477 ἀνθρώ-

321 1513 461 1560 πων,
495 1498 644 1560 ὅπως
675 1497 855 1549 ἴδωσιν
900 1496 1055 1567 ὑμῶν
1080 1495 1151 1550 τὰ
1185 1498 1325 1552 κσλὰ
1356 1498 1514 1568 ἔργα,
1552 1498 1644 1550 καὶ
1673 1495 1901 1562 δοξάσω-

321 1605 405 1641 σιν
420 1589 510 1641 τδν
541 1588 757 1658 Πατέρα
778 1587 931 1657 ὑμῶν
954 1588 1045 1642 τὸν
1071 1591 1128 1642 ἐν
1152 1591 1262 1652 τοῖς
1282 1589 1550 1659 οὐρανοῖς.
1565 1609 1584 1641 ι
1602 1591 1673 1642 Ὃ
1711 1589 1900 1659 γὰρνοί

324 1678 602 1750 μάρτυρες
652 1679 745 1732 ἐπὶ
796 1679 903 1732 τῶν
948 1679 1215 1749 δωμάτων
1264 1679 1555 1751 κηρύττειν
1599 1680 1901 1747 ἐϐούλοντο,

322 1769 479 1823 τοῦτο
500 1772 707 1835 ἐκεῖνος
741 1772 799 1822 ἐν
828 1771 1026 1840 ἀφανεῖ
1049 1770 1315 1842 κρύπτειν
1346 1772 1619 1828 ἐϐούλετο.
1651 1773 1901 1827 Ἐπιστά·
1931 1751 1980 1810 Β

325 1879 425 1934 σης
454 1858 545 1916 οὖν
578 1860 678 1931 τῆς
719 1861 829 1915 τῶν
872 1859 1168 1915 Γενεθλίοιν
1205 1863 1353 1934 ἱερᾶς
1386 1864 1771 1934 πανηγύρεως,
1805 1866 1904 1935 τῆς

323 1952 433 2007 τῶν
464 1952 635 2021 ἁγίων
685 1952 970 2018 Ἰουλιανὸς
1019 1953 1398 2024 μνημονεύσας
1443 1955 1770 2022 κελεύσεως,
1811 1958 1905 2010 ἐπὶ

323 2044 386 2099 τδ
420 2044 609 2099 Θεωνᾶ
634 2043 993 2113 καλούμενον,
1029 2047 1214 2116 φησιν,
1250 2047 1474 2115 τέμενος
1516 2046 1774 2118 ἔρχεται·
1810 2050 1905 2102 καὶ

324 2137 603 2207 ἀκροατὴς
648 2136 939 2207 γενόμενος
987 2135 1096 2190 τῶν
1146 2136 1517 2206 εύαγγελικῶν
1560 2137 1678 2208 ἅμα
1703 2154 1764 2191 τε
1809 2142 1906 2194 καὶ¹

328 2226 699 2281 ἁποστολικῶν
738 2226 1120 2295 ἀναγνώσεων,
1163 2229 1257 2281 ἐπὶ
1299 2228 1392 2282 τὸν
1422 2229 1618 2299 δρόμον
1647 2228 1783 2298 μετά
1805 2229 1905 2298 τὴν

334 2318 531 2372 τούτων
562 2318 787 2389 ἐξῆλθεν
809 2320 1148 2389 ἀνάγνωσιν·
1180 2321 1403 2374 κάκεῖσε
1440 2320 1632 2390 μείνας
1657 2320 1747 2373 τὸν
1780 2338 1906 2375 και-

336 2411 428 2481 ρδν
462 2412 557 2482 τῆς
622 2411 919 2478 συνάξεως,
967 2414 1107 2483 μετὰ
1139 2412 1240 2482 τὴν
1264 2412 1469 2485 ταύτης
1517 2409 1781 2466 ἀπόλυσιν
1816 2412 1907 2465 καὶ
1952 2454 1961 2458 η

328 2502 439 2555 τῶν
460 2501 666 2557 πιστῶν
686 2503 1066 2575 ῥιναχώρησιν,
1100 2502 1261 2556 πάλιν
1289 2503 1366 2572 τῷ
1388 2502 1492 2573 νεῷ
1523 2502 1908 2573 προσπελάσας

328 2590 672 2663 ἐκέκρυπτοο
711 2592 805 2646 καὶ
836 2592 911 2656 ὡς
956 2591 1131 2645 ἐδόκει
1160 2589 1259 2661 τὴν
1287 2593 1397 2645 τῶν
1423 2593 1738 2664 μυστηρίων
1757 2593 1904 2645 ἐποιο

327 2677 439 2736 είτο
471 2682 794 2754 μετάληψιν.

414 2773 575 2828 Ἀλλὰ
633 2775 690 2826 ἐν
740 2775 851 2844 ὅσῳ
918 2774 1070 2830 κάτω
1126 2774 1297 2828 νεύων
1354 2773 1447 2828 καὶ
1492 2766 1782 2843 κεκυφὼς,
1833 2774 1908 2838 ὡς

332 2865 614 2935 προσῆκον
659 2860 750 2937 ἦν,
799 2865 895 2918 τοῦ
919 2865 1253 2920 Δεσποτικοῦ
1304 2861 1598 2936 μετέλαϐεν
1634 2844 1907 2936 σώματος,

329 2952 585 3026 κληρικοὶ
646 2957 746 3025 τῆς
792 2956 903 3009 τῶν
943 2956 1246 3021 Γαῖανιτῶν
1295 2955 1594 3026 λεγομένης
1646 2957 1910 3030 αἱρέσεως

2001 505 2181 565 perte,
2214 494 2302 550 bis
2332 496 2425 564 qni
2454 496 2723 551 hareSeos
2753 501 2860 549 tua;
2904 488 3071 560 'sunt,
3121 506 3247 548 mox
3278 502 3337 548 ut
3368 492 3578 551 dictum

2002 586 2197 649 fuerit,
2233 587 2458 642 silentio
2490 593 2834 655 contegetur,
2863 594 2918 639 et
2952 586 3300 641 verecundiae
3329 588 3580 658 quiescet

2001 679 2276 748 suspicio,
2315 685 2370 733 et
2403 678 2604 733 salutis
2629 676 3034 733 indesinentem
3067 676 3292 733 ltabebit
3321 678 3577 747 laudem;

1876 788 1899 825 ,ο
2000 772 2055 822 et
2088 767 2193 823 lmc
2226 767 2448 838 quidem
2473 767 2651 823 sancti
2681 768 2888 822 dabant
2912 768 3232 824 consilium.

2074 852 2329 913 Julianus
2383 867 2566 913 autem
2609 856 2845 913 consilio
2888 867 3146 929 tanquam
3182 876 3209 913 a
3242 861 3453 916 sanctis
3484 877 3581 917 ac-

2003 960 2187 1023 cepto,
2221 953 2369 1023 quod
2409 952 2636 1024 preprio
2675 948 2972 1007 videbatur
3020 954 3363 1010 concordare
3397 956 3585 1010 consi-

2004 1041 2100 1105 lio,
2137 1043 2191 1097 in
2222 1045 2382 1099 linem
2417 1044 2682 1098 reducere
2712 1043 3063 1113 repromisit;
3090 1042 3236 1111 quod
3270 1054 3451 1100 tamen
3475 1062 3581 1100 nmt

2008 1146 2129 1195 erat
2164 1148 2225 1194 ut
2252 1140 2584 1204 aestimabat,
2623 1152 2806 1208 neque
2844 1147 2903 1192 ut
2930 1137 3277 1192 desiderabat
3306 1148 3362 1193 et
3412 1142 3586 1194 anhe-

2006 1231 2186 1297 labat;
2245 1246 2558 1307 quanqn_am
2605 1231 2684 1287 sic
2727 1247 2786 1285 se
2850 1230 3051 1285 habere
3100 1232 3587 1286 commonitionem

2007 1324 2370 1392 putaret:sed
2395 1333 2451 1377 nt
2480 1337 2509 1375 a
2532 1323 2739 1379 sanctis
2769 1323 2946 1378 visum
2979 1332 3143 1392 atque
3164 1323 3443 1378 decretum
3476 1334 3581 1385 cst,

2007 1424 2061 1471 et
2101 1415 2401 1472 Salvatoris
2451 1416 2816 1472 conciouatur
2859 1416 3139 1487 eloquium
3177 1436 3189 1471 :
3230 1436 3250 1467 ‹
3287 1416 3380 1472 Sic
3409 1419 3588 1472 luceat

2008 1508 2100 1562 lux
2146 1515 2326 1562 vestra
2375 1523 2561 1563 coram
2624 1508 2964 1574 hominibus,
3031 1509 3369 1564 ut.videant
3418 1525 3584 1578 oprra

2009 1608 2190 1654 vestra
2231 1599 2395 1665 bona,
2429 1606 2483 1654 et
2526 1598 2837 1671 gldriﬁc‘ent
2878 1599 3094 1654 Patrem
3131 1610 3369 1654 vestrum
3394 1602 3486 1669 qui
3530 1603 3585 1655 in

2022 1693 2178 1748 catis
2198 1693 2364 1748 est”.
2405 1711 2424 1744 ι
2453 1690 2608 1758 Quod
2635 1693 2780 1747 enim
2815 1700 3089 1763 martyres
3106 1707 3271 1761 supra
3293 1701 3431 1747 tecta
3452 1707 3587 1762 prae-

2008 1781 2180 1836 dicari
2209 1782 2489 1847 volebant,
2513 1782 2616 1835 hoc
2638 1778 2727 1836 ille
2744 1782 3056 1837 in'obscuro
3080 1783 3415 1836 abscondere
3433 1777 3583 1838 sata.

2007 1873 2184 1942 gebat.
2215 1872 2458 1928 Instante
2487 1872 2672 1942 itaque
2722 1873 3030 1929 nativitatis
3087 1873 3383 1928 Dominica:
3430 1884 3588 1926 sacra

2007 1964 2378 2028 solemnitate,
2402 1972 2720 2018 sanctorum
2743 1964 3021 2033 jussionis
3050 1964 3370 2019 recordatus
3420 1960 3590 2017 Julia-

2008 2066 2135 2113 nus,
2166 2052 2231 2105 ad
2266 2052 2527 2121 templum
2567 2053 2711 2106 venit
2770 2053 2913 2121 quod
2942 2051 3168 2106 Theona
3206 2054 3504 2116 vocitatur,
3536 2062 3588 2105 et

2009 2143 2227 2197 auditor
2258 2145 2698 2214 evangeliearnm
2732 2152 2785 2198 et
2808 2145 3239 2213 aposmliearum
3293 2144 3587 2199 lectionum

2008 2233 2258 2300 ell‘eetns,
2328 2234 2395 2286 ad
2453 2234 2707 2288 dromum
2774 2242 2896 2303 post
2961 2233 3150 2287 horum
3210 2234 3587 2288 recitationem

2008 2327 2201 2382 exivit.
2232 2324 2451 2379 Etcum
2496 2320 2570 2379 ibi
2634 2325 2933 2379 mansisset
3000 2333 3245 2394 tempore
3296 2334 3588 2395 synaxeos.

2010 2425 2134 2485 post
2189 2416 2353 2486 Itujus
2404 2416 2806 2471 absolutionem
2860 2423 2914 2470 et
2987 2426 3266 2470 recessum
3327 2414 3587 2476 fidelium.

2011 2504 2215 2559 iterum
2250 2505 2316 2558 ad
2351 2507 2614 2575 templum
2646 2505 2908 2572 accessit,
2943 2513 2999 2561 et
3038 2506 3252 2562 occulte
3279 2516 3334 2561 ut
3362 2507 3589 2578 putabat

2011 2586 2397 2668 myStcriorum
2424 2594 2663 2652 faciebat
2687 2598 3160 2653 communionem.

2088 2772 2197 2828 Sed
2230 2772 2358 2828 dum
2398 2770 2622 2828 inclinis
2649 2780 2703 2827 et
2726 2772 3069 2835 submissus.
3106 2782 3165 2827 ut
3206 2773 3590 2838 conveniebat,

2016 2865 2364 2920 Dominicum
2407 2873 2651 2920 stnneret
2683 2878 2909 2934 corpus,
2948 2865 3133 2920 clerici
3172 2866 3443 2922 itmreseos
3469 2882 3592 2936 quae

2012 2958 2214 3013 dicitur
2237 2957 2638 3020 Gaianitarum,
2664 2965 2884 3012 centum
2918 2954 3058 3011 forte
3084 2956 3309 3012 circiter
3337 2970 3590 3020 innuero,

327 3044 524 3101 ἐκατὸν
546 3046 673 3118 περί
700 3064 801 3100 που
833 3046 976 3118 τάχα
1003 3050 1096 3101 τὸν
1134 3046 1388 3119 ἀριθμὸν,
1414 3049 1495 3111 είς
1513 3047 1606 3101 τὸν
1632 3047 1769 3101 νεὼν
1791 3050 1908 3102 εἰσ-

2015 3053 2069 3107 ἰιι
2112 3053 2372 3122 tcmplum
2412 3051 2644 3121 ingressi
2674 3058 2807 3107 sunt
2870 3052 3108 3113 oraturi,
3168 3066 3235 3105 ex
3281 3064 3434 3106 more
3491 3050 3595 3105 itu:

327 3136 492 3207 ἦλθον
535 3138 629 3192 τοῦ
669 3136 929 3203 εὔξασθαι
977 3140 1040 3192 ἐκ
1074 3138 1363 3210 συνηθείας
1386 3139 1542 3193 τοῦτό
1578 3156 1722 3204 τινες
1770 3141 1908 3208 μετὰ

332 3229 431 3299 τὴν
464 3229 729 3283 ἀπόλυσιν
756 3230 1093 3301 ποιούμενοι,
1127 3209 1223 3284 τού
1257 3209 1423 3284 τόπου
1444 3231 1504 3284 τὸ
1523 3229 1686 3293 σέϐας
1707 3230 1910 3300 φυλάτ-

329 3337 536 3384 τοντες,
585 3320 681 3374 καὶ
727 3324 792 3394 τῇ
833 3322 1080 3392 Θεοτόκῳ
1113 3322 1211 3394 τὴν
1250 3322 1458 3393 συνήθη
1538 3321 1912 3395 προσκύνησιν

329 3412 617 3484 νέμοντες·
650 3411 701 3465 οἳ
723 3412 817 3467 τὸν
861 3412 1152 3467 Ἰουλιανὸν
1180 3413 1671 3485 μεταλαμϐάνοντα
1718 3413 1914 3467 θεασά-

336 3506 509 3573 μενοι,
542 3507 609 3576 τῇ
673 3503 946 3577 μετασολῇ
997 3505 1091 3560 τοῦ
1138 3504 1329 3577 ἀνδρὸς
1378 3504 1779 3577 ἐξεπλάγησαν,
1817 3506 1913 3559 καὶ

338 3594 589 3666 ἀλλήλοις
622 3594 890 3662 ἐνένευον,
923 3599 1038 3659 τοῖς
1082 3597 1183 3650 οὐκ
1214 3596 1517 3667 ἑωρακόσιν
1549 3597 1711 3650 αὐτὸν
1743 3596 1912 3650 ἐνδει-

340 3673 611 3758 κνύμενοι.
650 3688 785 3743 Ὀδὲ
834 3690 1140 3754 ἀνανεύσας
1183 3688 1281 3760 τὴν
1323 3689 1585 3755 ζωοποιὸν
1613 3689 1818 3760 τροφὴν
1846 3692 1905 3742 ἐν

341 3776 665 3849 σπλάγχνοις
689 3779 979 3834 κατέθετο·
1012 3781 1300 3844 κάκείνους
1341 3779 1500 3844 εὐθὺς
1550 3778 1907 3849 θεασάμενος,

336 3867 585 3939 ἐπλήσθη
653 3867 749 3923 τοῦ
797 3867 899 3941 τῆς
951 3869 1135 3934 αἰδοῦς
1191 3867 1577 3940 ἐρυθήματος,
1626 3868 1734 3923 κάκ
1807 3869 1914 3924 τῶν

334 3958 506 4026 ἁγίων
560 3960 710 4031 αύτῷ
755 3959 1040 4029 γεγονέναι
1077 3958 1167 4013 τὸν
1201 3957 1469 4031 θρίαμϐον
1503 3957 1743 4027 ἔγνωκεν
1765 3975 1780 3989 ⁸
1821 3961 1916 4014 καὶ

335 4053 515 4107 πάντα
536 4052 720 4115 αὐτοῖς
776 4050 1107 4123 διερωτῶσιν
1151 4051 1511 4121 ἀπήγγειλεν,
1544 4051 1643 4103 ὅσα
1676 4068 1735 4105 τε
1780 4067 1913 4104 κατ-

337 4145 553 4215 ἔχοντες
602 4143 765 4198 αὐτὸν
818 4144 870 4197 οἱ
921 4141 1200 4214 μάρτυρες
1246 4141 1640 4213 διεπράξαντο’
1702 4141 1795 4195 καὶ
1840 4142 1919 4205 ὠς

333 4234 673 4307 ἐρυθριῶντα
700 4235 863 4289 αὑτὸν
883 4236 1013 4308 περὶ
1039 4233 1137 4307 τὴν
1161 4233 1460 4305 μετάληψιν
1483 4232 1911 4304 ἐθριάμϐευσαν·

333 4328 433 4408 καὶ
461 4326 636 4398 τούτῳ
671 4329 779 4398 μὲν.
798 4326 949 4397 αύτῷ
980 4326 1060 4397 τῷ
1088 4325 1273 4398 τρόπῳ
1299 4318 1441 4399 πρὸς
1469 4326 1571 4397 τὴν
1614 4324 1907 4395 καθολικὴν

2014 3143 2251 3212 quodam
2286 3148 2413 3212 post
2436 3140 2838 3197 absolutionem
2880 3155 3004 3212 quae
3060 3140 3130 3195 ab
3193 3141 3275 3197 eis
3331 3141 3597 3211 agebatur

2016 3233 2307 3295 facientes,
2341 3233 2556 3302 locique
2611 3232 3026 3288 venerationem
3081 3233 3477 3296 custodientes,
3530 3218 3627 3287 ac—

2015 3322 2112 3378 Dei
2141 3322 2405 3378 Genitrici
2440 3323 2508 3377 ad
2543 3324 2848 3378 orationem
2893 3320 3113 3378 solitam
3178 3322 3591 3393 impendentes;

2014 3415 2108 3484 qui
2133 3402 2413 3470 lulianum
2446 3411 2863 3468 communicare
2896 3412 3180 3480 videntes,
3237 3413 3304 3468 de
3349 3420 3626 3468 contmna‘

2016 3506 2227 3562 tationc
2260 3505 2363 3559 viri
2393 3503 2691 3573 stupefacti
2722 3512 2875 3569 sunt,
2909 3515 2964 3559 et
2992 3504 3230 3559 invicem
3260 3500 3593 3569 innuebant,

2016 3595 2252 3650 maxime
2281 3594 2368 3649 his
2397 3595 2493 3664 qui
2519 3608 2629 3647 non
2669 3592 2917 3648 viderant
2959 3593 3064 3648 hoc
3105 3603 3500 3649 ttionstrantes.
3529 3595 3597 3646 At

2018 3687 2108 3741 ille
2137 3698 2260 3741 cum
2303 3682 2576 3740 vivilleam
2602 3699 2787 3740 escam
2817 3685 2871 3739 in
2903 3687 3212 3741 visceribus
3256 3684 3596 3739 recondidis-

2019 3786 2121 3841 set,
2153 3790 2250 3832 eos
2283 3790 2409 3831 mox
2435 3774 2696 3837 intuitus.
2733 3787 2787 3831 et
2812 3774 3143 3831 verecundia
3177 3776 3421 3844 repletus
3460 3790 3593 3830 ern-

2020 3872 2159 3934 buit,
2190 3878 2244 3925 et
2269 3885 2297 3923 a
2327 3870 2535 3924 sanctis
2584 3868 2785 3922 factam
2826 3868 2931 3923 sibi
2963 3868 3389 3938 publicationem
3423 3867 3619 3922 fuisset

2018 3962 2300 4033 cegnovit,
2325 3969 2380 4015 et
2401 3959 2589 4015 omnia
2616 3958 2727 4015 illis
2757 3959 3210 4029 percontantibus
3238 3960 3590 4029 signiﬁcavit.

2015 4064 2224 4125 quanta
2251 4053 2504 4109 videlicet
2546 4053 2886 4106 instruentes
2904 4065 3028 4106 eum
3054 4057 3325 4120 martyres
3357 4051 3589 4121 egerint.

2016 4153 2072 4201 et
2111 4144 2348 4215 qualiter
2368 4144 2782 4199 erubescentem
2818 4143 2970 4196 illum
2998 4142 3148 4196 circa
3193 4143 3597 4197 communioms

2017 4237 2423 4307 perceptionem
2455 4233 2876 4304 publicaverint.
2915 4230 2981 4286 Et
3033 4232 3136 4287 hoc
3172 4231 3392 4301 quidem
3428 4234 3594 4287 modo

2026 4328 2093 4382 ad
2124 4328 2454 4383 catholicam
2476 4326 2775 4382 Ecclesiam
2809 4326 3086 4396 r0pu|atio
3122 4324 3265 4381 facta
3299 4333 3403 4391 est,
3428 4326 3597 4380 mira-

333 4418 667 4491 Ἐκκλησίαν
702 4418 967 4488 συνάφεια
989 4418 1234 4488 γέγονεν,
1269 4417 1548 4489 θαύματος
1578 4418 1669 4472 καὶ
1707 4417 1909 4489 ἐκπλή-

2021 4418 2145 4474 culo
2171 4427 2223 4475 et
2245 4428 2469 4489 stupore
2496 4416 2694 4472 referta
2728 4424 2783 4471 et
2814 4423 3132 4472 sanctorum
3178 4417 3601 4471 mansuetudine

336 4511 472 4575 ξεως
507 4511 601 4564 καὶ
629 4510 728 4580 τῆς
765 4509 875 4564 τῶν
911 4509 1086 4579 ἁγίων
1131 4510 1469 4581 ἡμερότητος
1502 4510 1909 4582 πεπληρωμένη

334 4604 432 4656 καὶ
464 4601 689 4673 χάριτος
706 4618 720 4633 ·
754 4605 791 4674 η
813 4600 870 4656 δὲ
902 4602 1070 4672 ρὦις
1096 4600 1209 4663 ⁸τοῦ
1235 4602 1487 4672 σώματος
1510 4604 1577 4673 τῇ
1608 4602 1707 4671 τῆς
1734 4600 1912 4673 ψυχῆς

339 4693 629 4762 μεταθέσει
682 4693 1024 4766 συνέτρεχεν.
1067 4692 1254 4764 Ἡμεῖς
1308 4693 1364 4746 δὲ
1419 4691 1518 4763 τὴν
1573 4688 1704 4763 περὶ
1744 4692 1911 4746 αὑτοῦ

334 4784 588 4857 διήγησιν
641 4786 1138 4856 ἐκπληρώσαντες,
1193 4783 1290 4837 καὶ
1341 4785 1468 4846 τοὺς
1503 4782 1689 4851 ἁγίους
1745 4785 1915 4856 ὑμνη-

341 4891 568 4943 σαντες,
647 4877 732 4946 ἐφ’
786 4877 980 4947 ἐτέραν
1040 4874 1222 4931 αὐτῶν
1273 4874 1728 4945 θαυματουργίαν
1790 4888 1915 4944 μετ-

341 4969 586 5041 έλθωμεν
611 5009 626 5033 ,
664 4968 764 5022 καὶ
819 4968 1025 5039 ταύτης
1063 4966 1426 5037 ποιησώμεθα
1472 4966 1577 5036 τὴν
1632 4966 1911 5037 διήγησιν.

555 5061 650 5135 ιΓς.
680 5060 819 5130 Περὶ
855 5062 1060 5116 Ἠλίου
1095 5058 1203 5114 τοῦ
1227 5058 1476 5126 λεπροῦ.

408 5152 483 5205 Τὸ
513 5156 592 5216 εις
633 5152 819 5206 Ἠλίαν
847 5153 905 5206 δὲ
933 5152 1023 5207 τὸν
1078 5151 1134 5204 λε
1146 5151 1281 5222 πρδν
1312 5148 1562 5221 πραχθὲν
1591 5151 1704 5212 τοῖς
1733 5150 1914 5216 ἁγίοις

239 5296 256 5314 ,
338 5247 645 5316 τεράστιον,
677 5246 761 5309 τίς
790 5244 1030 5308 ἀκούσας
1059 5243 1124 5296 οὐ
1142 5242 1416 5313 θαυμάσει
1446 5241 1570 5305 τοὺς
1586 5241 1916 5312 δράσαντας,

341 5341 436 5395 καὶ
491 5338 719 5392 πλεῖστα
752 5336 1010 5392 δύνασθαι
1034 5337 1382 5408 μαρτυρήσει
1412 5332 1492 5405 τῷ
1515 5333 1792 5403 θαύματι;
1818 5335 1917 5386 Λε-

343 5428 480 5499 πρὸς
506 5427 737 5492 όἮλίας
763 5427 1079 5498 ἐτύγχανεν,
1114 5425 1214 5479 καὶ
1230 5424 1420 5495 χρόνον
1446 5422 1613 5477 πολὺν
1634 5420 1761 5493 ἔσχε
1791 5419 1917 5474 τοῦ-

341 5537 405 5575 το
427 5520 489 5573 τὸ
526 5518 864 5590 σύμπτωμα,
896 5519 992 5588 ούχ
1039 5517 1120 5570 ἐνὶ
1162 5517 1314 5587 μέλει
1340 5514 1540 5585 λεπρὸς
1577 5512 1917 5585 γνωριζόμε-

344 5629 455 5678 νος,
482 5610 599 5665 ἀλλ’
622 5614 685 5666 ἐν
706 5612 812 5682 ὅλῳ
844 5610 920 5682 τῷ
952 5610 1166 5681 σώματι
1195 5609 1292 5679 τῆς
1324 5605 1612 5669 ἀσθενείας
1640 5605 1821 5677 φέρων
1850 5605 1920 5659 τὰ

417 5726 459 5758 ³⁷
490 5723 680 5781 Ilatzlt.
720 5741 770 5791 ν,
808 5720 892 5779 16.

2016 4511 2222 4582 repleta
2248 4516 2303 4564 et
2331 4510 2528 4581 gratia.
2566 4508 2739 4563 Porto
2769 4507 3125 4563 incolumitas
3169 4508 3422 4578 corporis
3470 4523 3599 4562 cum

2013 4602 2180 4655 animi
2212 4600 2517 4655 mutatione
2549 4600 2853 4654 concurrit.
2877 4596 2987 4654 Nos
3012 4605 3193 4654 autem
3224 4597 3601 4653 narrationem

2013 4694 2079 4749 de
2102 4694 2224 4764 ipso
2252 4692 2618 4762 complentes,
2645 4697 2982 4760 sanctosque
3013 4688 3319 4748 laudantes.
3346 4688 3413 4742 ad
3447 4686 3599 4742 aliml

2013 4799 2204 4840 eorum
2232 4780 2489 4838 mirabile
2522 4794 2664 4851 Opus
2689 4779 3090 4849 (transeamus)
3117 4786 3172 4833 et
3212 4778 3351 4834 hanc
3377 4792 3603 4849 quoque

2015 4875 2282 4932 faciamus
2313 4874 2708 4949 narrationem.

2447 5051 2593 5106 XIII.
2629 5050 2704 5106 Dc
2732 5050 2890 5105 Helia
2918 5049 3147 5118 leproso.

2086 5148 2245 5216 Quod
2297 5154 2477 5201 autem
2517 5146 2570 5200 itt
2617 5141 2767 5200 Ilelia
2817 5142 3041 5211 leproso
3097 5145 3373 5211 patratum
3418 5147 3505 5193 est
3563 5151 3597 5193 a

2016 5246 2230 5302 sanctis
2259 5241 2590 5314 prodigium,
2618 5238 2744 5310 quis
2770 5236 3005 5293 audiens
3026 5250 3139 5290 non
3167 5248 3264 5290 eos
3290 5232 3381 5304 qui
3412 5240 3600 5302 patra-

2019 5354 2148 5394 vere
2189 5335 2525 5401 mirabitur;
2560 5341 2614 5388 et
2649 5331 2804 5402 plura
2842 5344 3007 5399 posse
3034 5340 3200 5399 quam
3234 5325 3379 5383 istud
3419 5324 3598 5379 mira-

2020 5426 2207 5481 culum
2239 5422 2402 5478 fuerit
2427 5418 2817 5477 attestabitur‘.‘
2859 5415 3044 5474 Ilelias
3075 5416 3258 5486 itaque
3294 5415 3382 5471 hic
3418 5415 3606 5485 lepro-

2018 5530 2115 5574 sus
2145 5522 2282 5581 erat,
2315 5524 2366 5570 et
2402 5513 2547 5568 hanc
2588 5513 2960 5567 concisionem
3011 5510 3184 5565 multo
3228 5517 3473 5578 tempore
3503 5507 3603 5560 ba-

2024 5608 2162 5675 buit,
2190 5620 2297 5662 non
2327 5604 2380 5659 in
2415 5618 2525 5661 uno
2560 5602 2807 5659 membro
2837 5604 3092 5671 leprosus
3121 5598 3370 5672 agnitus,
3397 5597 3490 5652 sed
3547 5598 3610 5649 in
