4020 6204
396 190 534 256 3‘63

1288 194 1347 253 S.
1389 189 1807 252 SOPHRONH
1836 188 2348 250 PATRIARCI—Mﬁ
2376 188 2779 277 HIEROSOL.

3524 180 3665 246 3454

399 311 514 373 toto
541 313 775 370 corpore
818 297 1157 353 inﬁrmitatis
1207 299 1462 367 stigmata
1499 298 1714 362 ferens;
1754 313 1860 352 non
1903 307 1981 351 ta-

2094 296 2383 368 στίγματα,
2407 299 2504 367 οὐχ
2538 297 2683 367 ἅπερ
2717 297 2856 367 έχων
2900 297 2927 349 ὁ
2952 294 3162 360 Παῦλος
3193 296 3281 349 ἐπ’
3314 295 3498 358 αὐτοῖς
3541 294 3661 348 tos-

397 409 521 449 men
549 406 635 458 ea,
665 407 784 462 qmn
810 405 939 445 cum
977 390 1200 443 haberet
1231 388 1454 452 Paulus,
1493 391 1547 443 in
1583 391 1717 459 ipsis
1774 390 1977 460 gloria-

398 484 561 536 batur
593 497 607 533 :
638 484 869 535 virtutes
908 479 1051 533 enim
1076 486 1232 531 erant
1275 478 1389 542 illa,
1419 487 1474 533 et
1524 478 1774 531 actiones
1805 478 1976 532 caele-

398 583 513 630 stes
542 573 595 627 in
633 572 803 626 Paulo
832 570 1115 623 Christum
1154 569 1446 639 imagines,
1482 578 1538 624 et
1568 570 1705 623 radii
1758 569 1977 639 quidam

396 665 580 722 Solem
601 663 830 734 jnstitiae
863 662 1333 727 demonstrantes,
1372 671 1428 716 et
1456 662 1599 718 ﬁlios
1631 664 1770 716 lucis
1818 670 1983 733 atque

399 755 507 809 diei
537 768 634 809 eos
660 752 751 823 qui
784 738 886 807 has
932 752 1244 806 habuerunt
1276 751 1542 807 facientes
1575 770 1588 805 :
1620 754 1713 807 sed
1743 753 1832 806 illa
1861 767 1984 823 qua:

401 844 708 899 secundum
770 842 941 911 legem
1004 840 1305 897 Mosaicam
1374 845 1740 900 abominanda
1801 854 1980 911 erant,

402 942 566 1000 atque
607 930 919 995 immunda,
948 939 1002 985 et
1045 948 1076 987 a
1108 933 1310 1000 quibus
1341 934 1505 988 alieni
1559 934 1738 988 l'actus
1785 936 1987 989 coloris

400 1020 567 1075 homo
620 1028 776 1073 extra
819 1029 1003 1075 castra
1041 1031 1097 1076 et
1134 1023 1415 1077 civitatem
1451 1025 1665 1092 pulsus,
1723 1034 1984 1094 tanquam

398 1112 783 1165 abominabilis
822 1120 879 1167 et
936 1112 1251 1167 immundus
1288 1129 1316 1162 a
1385 1116 1613 1185 reliquis
1645 1116 1979 1170 contribuli-

400 1200 501 1260 bus
534 1203 850 1257 areebatur.

468 1296 595 1350 llaec
641 1297 785 1350 lilias
843 1298 1099 1368 stigmata
1143 1295 1346 1360 ferens,
1415 1312 1536 1367 quae
1584 1309 1807 1366 peccata
1860 1308 1989 1366 sunt

398 1387 635 1456 singula,
681 1403 911 1457 quaeque
950 1389 1174 1442 verbum
1208 1388 1350 1442 Deus
1392 1391 1686 1459 exsistens,
1732 1402 1787 1444 et
1829 1389 1990 1443 homo

396 1483 538 1534 inter
565 1480 819 1536 homines
847 1462 1128 1545 factumet
1154 1480 1454 1537 secundum
1489 1484 1741 1552 spiritum
1765 1493 1815 1536 et
1835 1482 1988 1551 juxta

396 1571 632 1626 litteram
665 1574 734 1626 ab
773 1574 1087 1633 hominibus
1128 1576 1357 1645 pepulit.
1392 1576 1496 1630 Sed
1544 1586 1596 1630 et
1629 1584 1761 1629 tunc
1797 1591 1986 1630 secon-

398 1664 524 1715 ιΙιιιιΙ
579 1662 814 1717 litteram
860 1673 1110 1719 curatum
1146 1666 1444 1735 leprosum,
1480 1666 1784 1720 secundum
1820 1665 1988 1734 legem

399 1752 590 1827 Moysi,
628 1772 828 1811 munus
854 1756 1052 1812 oﬂ‘erre
1082 1758 1347 1821 decrevit,
1384 1766 1437 1813 et
1479 1759 1614 1811 nihil
1645 1773 1674 1812 a
1711 1773 1987 1828 quoquam

396 1848 627 1916 adeptus
656 1850 930 1904 utilitatis.
956 1833 1265 1903 laetﬁcaces
1296 1850 1440 1903 enim
1470 1850 1634 1905 etiam
1670 1849 1796 1903 huic
1825 1864 1992 1919 appa-

399 1945 627 1991 ruerunt
679 1935 1038 2008 Hippocrates
1089 1950 1143 1995 et
1197 1941 1461 2006 Galenus,
1519 1955 1582 1996 ae
1643 1939 1989 1994 Democritus

396 2027 568 2084 frater
599 2027 723 2095 ejus
754 2028 956 2083 nothus
992 2038 1212 2097 natura,
1285 2040 1449 2099 atque
1497 2047 1621 2085 cum
1674 2031 1783 2086 illis
1827 2030 1862 2084 ii
1895 2031 1989 2100 qui

396 2136 461 2175 ex
489 2122 670 2177 verbis
698 2137 886 2177 eorum
922 2120 1246 2189 eB’eruntur,
1279 2124 1542 2194 nobisque
1581 2125 1778 2177 horum
1809 2123 1993 2193 appel-

396 2212 631 2269 lationes
663 2229 763 2282 pro
794 2214 1010 2284 magnis
1036 2215 1294 2271 remediis
1317 2214 1550 2270 aﬂ‘erunt
1574 2232 1589 2280 ;
1615 2215 1680 2271 ad
1711 2215 1911 2287 Cyrum
1940 2223 1993 2268 et

398 2304 665 2360 Joannem
688 2315 956 2377 martyres
1008 2306 1177 2369 venit,
1202 2306 1492 2362 sanitatem
1514 2307 1701 2361 volens
1720 2304 1993 2377 passionis

395 2398 705 2467 acquirere,
742 2406 796 2453 et
853 2399 1082 2455 credens
1138 2400 1283 2470 quod
1335 2400 1716 2470 acquisiturus
1769 2399 1992 2470 penitus

395 2498 565 2544 esset.
602 2489 873 2546 Praeterea
928 2505 1036 2546 non
1097 2492 1317 2547 modico
1371 2493 1696 2563 prolongato
1732 2490 1994 2560 temporis

397 2581 709 2644 intervallo,
761 2582 896 2636 nihil
950 2581 1244 2651 proﬁciens
1303 2596 1539 2637 maerore
1604 2582 1831 2635 allectus
1888 2588 1994 2642 est,

403 2669 638 2730 sanctis,
668 2670 1181 2739 dispensationibus
1226 2667 1582 2739 quibusdam,
1615 2666 1994 2720 differentibus

402 2762 693 2815 sanitatem
726 2776 740 2813 :
778 2772 830 2814 et
864 2761 966 2815 hoc
999 2775 1196 2831 passus
1218 2776 1282 2815 ex
1309 2760 1586 2814 diabolieo
1614 2759 1807 2829 procul
1831 2758 1997 2814 dubio

401 2868 592 2918 sensu,
617 2854 786 2923 quiet
817 2853 995 2922 ipsum
1029 2853 1278 2907 inhibere
1303 2853 1536 2907 sanitate
1565 2851 1758 2916 voluit,
1791 2861 1843 2905 et
1869 2866 1997 2905 san-

2083 389 2335 461 μνύνετο·
2359 389 2556 460 ἀρεταὶ
2574 390 2682 457 γάρ
2702 389 2907 441 ἐκεῖναι
2940 385 3036 441 καὶ
3063 387 3291 459 πράξεις
3313 387 3577 458 οὐράνιοι,
3608 387 3672 440 ἐν

2084 479 2281 548 Παύλῳ
2314 479 2407 532 τὸν
2454 476 2692 547 Χριστὸν
2744 473 3134 539 είκονίζουσαι,
3179 474 3276 528 καὶ
3306 475 3523 536 ἀκτῖνες
3554 466 3668 526 οἷόν

2080 586 2223 631 τινες
2278 566 2371 620 τοῦ
2401 567 2502 636 τῆς
2548 564 2895 633 δικαιοσύνης
2925 563 3106 616 Ἡλίου
3131 562 3534 632 τυγχάνουσαι.
3571 563 3669 614 καὶ

2082 661 2246 714 τέκνα
2274 658 2450 728 φωτὸς
2470 657 2563 711 καὶ
2581 658 2730 720 υἱοὺς
2757 655 2971 726 ἡμέρας
2995 654 3247 708 ποιοῦσαι
3263 654 3390 716 τοῦς
3419 652 3665 723 ἔχονταςδ

2083 753 2199 808 ἀλλ’
2229 754 2413 806 ἐκεῖνα
2436 752 2472 804 ἀ
2507 749 2649 804 κατά
2685 749 2850 819 νόμον
2900 747 3196 802 Μωσαῖκὸν
3240 744 3570 817 βδελυρά,τε
3594 739 3666 815 ἦν

2087 848 2181 901 καὶ
2201 844 2509 916 ἀκάθαρτα,
2565 843 2660 896 καὶ
2706 842 2798 895 τὸν
2826 839 3168 911 γεννώμενον
3224 838 3511 910 ἄνθρωπον
3561 837 3667 903 ἔξω

2086 934 2441 1007 παρεμϐολῆς
2468 935 2562 989 καὶ
2608 934 2816 995 πόλεως
2840 932 3091 1003 ἡλαυνεν,
3122 928 3370 1001 βδελυρὸν
3402 929 3497 983 καὶ
3528 929 3662 983 ἀκά-

2088 1030 2284 1103 θαρτον
2316 1030 2425 1083 τῶν
2450 1028 2653 1084 λοιπῶν
2680 1026 2968 1099 ὁμοφύλων
3004 1025 3359 1095 ἀπείργοντα.

2111 1323 2117 1331 -
2162 1270 2349 1343 Ταῦτά
2397 1274 2580 1357 φέρων
2622 1261 2808 1348 Ἠλίας
2839 1283 2907 1335 τὰ
2935 1282 3233 1352 στίγματα,
3266 1278 3366 1349 τῆς
3391 1277 3671 1349 ἁμαρτίας

2093 1380 2408 1450 ὑπάρχοντα
2434 1375 2702 1446 σύμὸολα,
2734 1373 2878 1443 ἀπερ
2898 1373 2925 1425 ὁ
2955 1372 3128 1439 Λόγος
3155 1369 3288 1432 Θεὸς
3321 1368 3395 1421 ὢν
3418 1367 3512 1419 καὶ
3571 1365 3670 1418 ἄνα·
3710 1360 3715 1363 ’

2094 1473 2311 1543 θρωπος
2342 1472 2397 1522 ὲν
2429 1467 2738 1538 ἀνθρώποις
2784 1464 3101 1533 γενόμενος,
3151 1462 3247 1515 καὶ
3276 1459 3417 1527 κατά
3448 1455 3672 1524 πνεῦμα

2094 1566 2189 1618 καὶ
2222 1560 2364 1616 κατά
2391 1560 2626 1629 γράμμα
2643 1557 2751 1610 τῶν
2780 1555 3089 1627 ἀνθρώπων
3108 1553 3389 1622 ἀπήλασεν
3407 1590 3423 1616 ,
3454 1549 3550 1602 καὶ
3578 1548 3672 1599 τὸν

2025 1632 2064 1684 Β
2093 1654 2215 1706 τότε
2245 1648 2652 1720 θεραπευθέντα
2670 1646 2811 1719 καεά
2832 1643 2896 1696 τὸ
2915 1642 3173 1714 γράμμα,
3192 1637 3391 1709 λεπρδν
3408 1634 3548 1688 κατά
3578 1633 3672 1685 τὸν

2094 1743 2258 1813 νόμον
2311 1737 2591 1800 Μωῦσέως
2643 1723 3011 1811 προσενέγκαι
3056 1730 3116 1784 τὸ
3143 1730 3315 1800 δῶρον
3355 1725 3668 1779 ἐθέσπισεν·

2096 1837 2189 1889 καὶ
2222 1833 2386 1904 μηδὲν
2421 1831 2555 1902 προς
2580 1827 2804 1899 μηδενὸς
2833 1823 3209 1894 ὠφελούμενος
3237 1820 3532 1891 (ἄπρακτοι
3560 1815 3670 1884 γὰρ

2094 1924 2379 1987 κάνταῦθα
2430 1921 2739 1991 πεφύκασιν
2770 1917 3141 1986 Ἱπποκράτης
3184 1930 3243 1967 τε
3284 1911 3378 1965 καὶ⁵
3431 1908 3672 1976 Γαληνὸς

2095 2018 2190 2071 καὶ
2218 2014 2560 2085 Δημόκριτος
2586 2014 2613 2065 ὁ
2647 2009 2873 2079 ἀδελφὸς
2900 2011 2928 2061 ὀ
2957 2007 3108 2069 νόθος
3136 2005 3234 2073 τῆς
3287 2001 3545 2071 φύσεως,,
3574 1996 3672 2052 καὶ

2097 2109 2197 2163 σὺν
2246 2106 2430 2168 αὐτοῖς
2457 2105 2507 2157 οἱ
2532 2105 2644 2166 τοῖς
2672 2101 2853 2169 λόγοις
2887 2098 3065 2153 αὐτῶν
3099 2093 3537 2167 βρενθυνόμενοι,
3573 2091 3672 2143 καὶ

2094 2202 2193 2264 τὰς
2213 2198 2420 2253 τούτων
2451 2199 2581 2267 ἡμῖν
2615 2192 2987 2265 προσηγορίας
3018 2189 3139 2243 ἀντί
3165 2187 3418 2259 μεγάλων
3443 2185 3672 2255 φαρμά-

2096 2309 2207 2346 κων
2263 2285 2713 2360 προσφέροντες),
2745 2284 2881 2356 πρὸς
2912 2281 3094 2353 Κῦρον
3133 2280 3227 2334 καὶ
3261 2277 3516 2345 Ἰωάννην
3545 2274 3672 2338 τοὶς

2098 2383 2381 2455 μάρτυρας
2426 2378 2667 2451 ἔρχεται,
2720 2373 2815 2429 τοῦ
2863 2374 3069 2436 πάθους
3123 2372 3268 2425 ῐασιν
3304 2369 3475 2423 θέλων
3508 2362 3670 2436 πορί-

2097 2473 2312 2537 σασθαι,
2363 2472 2457 2525 καλ⁵
2513 2468 2787 2523 πιστεύων
2820 2468 2895 2531 ὡς
2934 2466 3151 2527 πάντως
3219 2462 3522 2532 πορίσεται.
3558 2459 3671 2511 Οῦκ

2095 2565 2277 2634 ὀλίγου
2344 2564 2401 2616 δὲ
2457 2559 2895 2633 παρεκταθέντος
2956 2553 3209 2628 χρονικοῦ
3279 2551 3671 2620 διαστήματος,

2100 2658 2264 2729 μηδὲν
2283 2657 2482 2726 ὀνήσας
2502 2653 2604 2724 ὴθύ
2613 2670 2686 2723 μη
2696 2668 2807 2715 sev,
2833 2649 2941 2702 τῶν
2977 2647 3148 2715 ἁγίων
3170 2643 3507 2712 οἰκονομίαις
3532 2642 3672 2693 τισὶν

2094 2745 2508 2817 ταμιευομένων
2541 2743 2638 2814 τὴν
2694 2743 2838 2795 ἴασιν
2861 2759 2876 2774 ο
2923 2738 3199 2793 καὶτοῦτο
3240 2734 3430 2790 παθὼν
3462 2736 3525 2787 ἐκ
3552 2732 3671 2786 δια-

2099 2835 2318 2891 ϐολικοῦ
2342 2834 2582 2905 δηλονότι
2608 2832 2976 2901 φρονήματος,
2998 2826 3091 2880 τοῦ
3118 2827 3210 2879 καλ⁸
3241 2824 3401 2878 αὐτὸν
3426 2821 3670 2877 κωλῦσαι

402 2954 621 3000 i-tornm
683 2946 927 3008 recidere
975 2946 1454 3015 compassionem;
1496 2959 1719 2998 manere
1764 2944 1903 2998 ultra
1939 2945 1991 2997 in

2098 2930 2198 2999 τῆς
2234 2925 2525 2998 θεραπείας
2547 2923 2895 2993 θελήσαντος,
2928 2920 3022 2973 καλ⁸
3056 2918 3152 2989 τὴν
3178 2916 3282 2969 τῶν
3309 2915 3480 2985 ἁγίων
3510 2913 3673 2968 ἐκκό-

2111 3020 2122 3027 .
2423 3015 2470 3027 οΑ
2729 3013 2740 3027 ο
2921 3009 2942 3027 Ι
3078 3006 3190 3027 νηῨΞ-
3225 3007 3273 3027 -ὶ
3316 3004 3534 3027 _I__-._--
3573 3003 3671 3027 Α)--

403 3038 607 3108 templo
629 3053 738 3092 non
769 3038 978 3107 potuit;
1009 3054 1173 3108 grave
1192 3052 1426 3105 namque
1441 3043 1526 3091 est
1548 3035 1752 3089 aceilize
1776 3035 1988 3099 vitimn,

402 3140 456 3186 et
492 3131 847 3185 vehementer
902 3129 1197 3183 animabus
1252 3127 1604 3195 diligentibus
1662 3124 1833 3180 Deum
1891 3126 1990 3180 ad-

402 3238 647 3286 versum,
675 3232 728 3275 et
766 3234 1095 3290 magnopere
1131 3219 1230 3274 has
1267 3218 1446 3283 laedit,
1487 3218 1593 3272 nisi
1628 3218 1757 3271 dum
1801 3231 1993 3271 recens

403 3323 510 3377 est,
543 3311 810 3365 maturius
842 3310 896 3363 id
937 3317 1200 3379 tanquam
1234 3308 1492 3363 daemonii
1525 3307 1812 3362 meridiani
1835 3306 1993 3371 llam-5

404 3403 930 3474 mainexstinguant.
957 3399 1113 3467 Quod
1140 3401 1390 3470 leprosus
1422 3399 1603 3455 facere
1627 3399 1909 3465 differens,
1940 3406 1996 3454 et

407 3510 516 3549 non
541 3494 728 3549 valens
765 3493 908 3546 ultra
950 3491 1093 3547 ferre
1128 3492 1302 3560 ipsius
1336 3490 1675 3556 incendium,
1714 3490 1995 3561 profectus

406 3586 663 3646 recessit,
703 3583 917 3638 relictis
951 3582 1156 3653 templo
1185 3597 1250 3637 ac
1289 3583 1493 3637 divinis
1531 3591 1836 3652 martyrum
1866 3584 1997 3636 cha-

408 3674 748 3738 rismatibus,
790 3682 844 3727 et
872 3680 1141 3743 quantum
1173 3673 1227 3727 in
1258 3687 1318 3728 se
1351 3681 1472 3727 erat
1500 3670 1831 3728 inﬁrmitatis
1870 3686 1997 3741 pro-

409 3766 541 3834 prim
573 3765 832 3818 sanitate.
1664 3748 1671 3755 ’

482 3853 586 3908 Sed
606 3852 781 3909 sancti
808 3867 904 3922 per
925 3851 1068 3906 idem
1098 3860 1315 3920 tempus
1340 3863 1464 3903 eum
1487 3847 1747 3901 invidiam
1774 3862 1995 3917 passum

409 3944 706 4015 quominus
771 3942 1179 3998 cenvaleseeret
1238 3939 1694 4007 contemplantes,
1754 3939 1995 3993 miserati

411 4036 852 4091 misericordiam
893 4034 1296 4104 praestiterunt,
1339 4029 1473 4083 nihil
1525 4038 1787 4084 curantes
1834 4029 1891 4083 in
1939 4044 1999 4084 se

413 4129 482 4182 ab
512 4143 577 4181 eo
609 4128 803 4181 laetam
845 4126 1069 4180 stultam
1107 4121 1388 4192 injuriam.
1414 4118 1663 4188 Cumque
1697 4120 1996 4186 recederet,

407 4219 562 4288 juxta
616 4217 793 4271 sancti
848 4215 1034 4270 Metraa
1090 4214 1440 4284 martyrium,
1491 4212 1765 4265 mediante
1801 4209 1890 4263 die
1941 4209 1994 4263 in

2096 3020 2194 3091 ψαι
2252 3015 2619 3088 συμπάθειαν,
2677 3013 2858 3084 μένειν
2920 3009 2999 3062 ἔτι
3052 3006 3193 3062 κατᾶ
3220 3007 3280 3059 τὸ
3312 3004 3539 3075 τέμενος
3570 3003 3671 3057 οῦκ

2092 3112 2342 3183 ἠδύνατο.
2391 3109 2541 3178 Βαρῦ
2569 3107 2675 3177 γάρ
2696 3105 2795 3173 τῆς
2823 3101 3053 3174 ἀκηδίας
3094 3098 3155 3153 τὸ
3176 3098 3368 3160 πάθος,
3402 3094 3499 3149 καὶ
3525 3096 3671 3149 πάνυ

2093 3203 2293 3273 ψυχαῖς
2329 3199 2598 3268 φιλοθέοις
2640 3195 2920 3264 πολέμιον,
2953 3196 3047 3245 καὶ
3076 3188 3287 3261 μεγάλα
3316 3185 3521 3249 ταύτας
3549 3184 3671 3237 ἁδι-

2095 3295 2261 3363 κῆσαι
2315 3289 2630 3359 δυνάμενον,
2662 3283 2815 3356 εἰμὴ
2846 3283 3041 3337 θᾶττον
3093 3278 3341 3340 αύτδ”ὼς
3387 3274 3670 3346 δαιμονίου

2096 3369 2289 3455 φάσμα
2319 3377 2694 3453 μεσημϐρινοῦ
2730 3373 2995 3437 νεανικῶς
3026 3369 3437 3426 ἀποσϐέσωσινο
3471 3369 3609 3438 ὅπερ
3640 3364 3673 3419 ὁ

2095 3475 2294 3546 λεπρὸς
2314 3474 2482 3526 ποιεῖν
2503 3468 2893 3540 ὑπερθέμενος,
2910 3465 3004 3519 καλ¹
3023 3464 3097 3535 μὴ
3125 3460 3348 3532 ἰσχύσας
3380 3460 3459 3512 ἔτι
3486 3460 3674 3530 φέρειν

2096 3566 2260 3621 αὐτοῦ
2288 3565 2384 3638 τὴν
2413 3560 2747 3634 ἐκπύρωσιν,
2779 3560 2996 3629 ἀπάρας
3027 3553 3220 3627 ᾤχετο,
3267 3550 3583 3606 καταλιπὼν
3613 3550 3674 3603 τὺ

2095 3659 2346 3729 τέμενος,
2402 3656 2497 3709 καὶ
2525 3654 2593 3707 τά
2650 3650 2758 3703 τῶν
2800 3648 3092 3721 μαρτύρων
3153 3644 3271 3697 θεῖα
3319 3642 3667 3714 χαρίσματα,

2097 3746 2189 3800 καὶ
2238 3746 2361 3798 ὅσον
2390 3744 2476 3796 ἐπ’
2508 3740 2655 3811 αὐτῷ
2702 3740 2800 3808 τῆς
2829 3736 3035 3799 οἰκείας
3062 3733 3349 3795 ἀσθενείας
3380 3730 3477 3802 τὴν
3507 3731 3672 3795 ἴασιν.

2179 3832 2318 3888 ’Δλὶδ
2342 3834 2393 3887 οἱ
2435 3833 2580 3900 ἆγιοι
2611 3829 2752 3883 κατά
2780 3828 2878 3901 τὸν
2906 3825 3098 3896 καορὸν
3146 3822 3295 3893 αύτῷ
3341 3819 3675 3891 φθονηθέντα

2096 3929 2196 3997 τῆς
2246 3927 2462 3997 ῥώσεως
2516 3923 2864 3992 θεασάμενοι.
2917 3917 3285 3986 οἰκτείραντες
3339 3912 3674 3982 ὲπηλέησαν,

2098 4019 2484 4091 φροντίσαντες
2542 4012 2692 4067 οῦδὲν
2747 4010 2848 4080 τῆς
2906 4011 2985 4072 εἰς
3040 4007 3238 4068 αὐτοὺς
3298 4003 3521 4072 ἀλογίας
3578 4001 3675 4054 καὶ

2099 4112 2331 4181 ῦΰρεως.
2369 4105 2768 4177 Ἀναχωροῦντι
2797 4103 2853 4156 δὲ
2886 4102 3027 4156 κατά
3061 4100 3121 4153 τὸ
3150 4100 3351 4169 Μητρᾶ
3400 4095 3492 4149 τοῦ
3520 4095 3675 4163 ἁγίου

2101 4200 2398 4273 μαρτύριον
2458 4196 2729 4268 μεσούσης
2781 4193 2997 4264 ἡμέρας
3032 4192 3089 4242 ὲν
3127 4187 3378 4259 μοναχῶν
3433 4185 3678 4253 ὑπαντή-

412 4308 809 4363 monachorum
856 4306 908 4361 ei
958 4305 1332 4361 schematibus
1379 4304 1691 4363 obviantes,
1729 4303 1991 4373 Ignoran-

2102 4311 2297 4355 σαντες
2332 4293 2595 4363 σχήματι,
2637 4289 2733 4343 καὶ
2756 4288 2979 4356 ἄγνοιαν
3008 4282 3269 4355 συμπαθῆ
3301 4283 3675 4351 προσποιησά-

415 4403 659 4470 tiamque
704 4397 1113 4468 compassionis
1160 4397 1448 4466 fingentes,
1494 4393 1637 4447 unde
1670 4393 1903 4470 veniret,
1943 4400 1996 4445 et

414 4507 525 4561 quo
557 4504 824 4564 pergeret,
867 4492 1169 4563 percontati
1213 4501 1364 4547 sunt.
1406 4491 1475 4544 At
1521 4490 1612 4545 ille
1639 4488 1799 4560 quasi
1834 4502 1991 4542 vera-

416 4585 552 4638 iiter
588 4586 967 4654 ignorantibus
995 4584 1400 4639 confessionem
1441 4583 1667 4644 faciens,
1692 4589 1746 4635 et
1771 4588 1995 4636 sanctos

416 4676 736 4742 nominavit,
770 4684 825 4730 et
872 4677 1134 4745 templum
1182 4674 1439 4731 asseruit.
1496 4673 1599 4729 Sed
1639 4681 1907 4743 martyres
1941 4679 1995 4725 et

417 4781 638 4819 causam
664 4769 883 4833 iterum,
925 4777 1146 4837 propter
1177 4781 1339 4837 quam
1377 4766 1506 4819 illuc
1544 4773 1785 4825 venerat,
1817 4763 1997 4817 dicere

421 4865 820 4927 praeceperunt.
854 4856 948 4912 llle
970 4873 1098 4912 vero
1129 4857 1271 4910 dixit
1305 4874 1320 4911 :
1349 4856 1585 4910 Causam
1623 4854 1844 4915 videtis,
1877 4868 1993 4905 ma-

392 4946 617 5021 _nil‘esta
641 4951 784 5002 enim
812 4950 923 5003 haec
956 4958 1131 5015 est,et
1167 4964 1278 5002 non
1302 4955 1422 5018 eget
1447 4945 1752 5016 cujnspiam
1783 4944 1993 4998 nuntio.

420 5041 520 5095 Ast
556 5042 758 5111 egregii
794 5042 970 5096 sancti
1007 5042 1187 5095 denuo
1216 5040 1664 5109 sciscitabantur,
1706 5036 1994 5093 dicentes:

420 5134 483 5187 Ινῖι
506 5148 666 5202 quam
686 5135 756 5188 ob
777 5147 999 5188 causam
1024 5141 1147 5186 ante
1170 5131 1443 5203 passionis
1467 5131 1768 5184 libertatem
1793 5129 2000 5184 δίδοτε-

421 5227 587 5281 sisti?
614 5228 679 5281 Et
708 5228 1131 5296 perseverantia:
1155 5224 1373 5296 tempus
1400 5223 1750 5295 signiﬁcavit,
1776 5231 1830 5277 et
1853 5222 1995 5291 quod

423 5319 559 5373 nihil
583 5320 866 5390 proliceret
906 5332 1266 5389 perseverans
1290 5316 1615 5380 enuntiavit,
1651 5322 1819 5370 testes
1850 5314 1999 5383 ipsos

425 5418 615 5479 turpes
670 5411 884 5466 albores
939 5410 1272 5473 ostendens;
1330 5423 1436 5463 non
1497 5417 1723 5462 sanctos
1784 5406 1837 5459 in
1896 5405 2000 5459 hoc

425 5498 810 5564 incusans,sed
829 5515 887 5555 se
903 5501 1182 5571 indignum
1202 5515 1327 5554 cum
1354 5497 1656 5555 reverentia
1675 5505 1728 5551 et
1745 5494 2000 5566 lacrymis

429 5593 581 5642 ι.ιιιιο
639 5606 862 5646 munere
919 5606 1190 5661 asserens.
1252 5588 1421 5645 Porro
1488 5585 1997 5658 compatientissimi

2102 4407 2276 4463 μενοι,
2311 4388 2475 4441 πόθεν
2503 4386 2716 4455 ἔρχοιτο
2745 4382 2838 4436 καὶ
2871 4380 2974 4434 ποῦ
3000 4378 3284 4451 πορεύοιτο
3315 4375 3676 4448 προσηρὼτη-

2100 4496 2218 4536 σαν.
2255 4481 2314 4532 Ὀ
2337 4480 2392 4532 δὲ
2427 4478 2501 4541 ὡς
2531 4476 2745 4547 ἀληθῶς
2776 4472 3061 4542 ἀγνοοῦσιν
3110 4470 3444 4539 ἐπαγγελίαν
3499 4469 3679 4521 ποιού-

2102 4590 2283 4646 μενος,
2331 4572 2425 4625 καὶ
2483 4570 2608 4631 τοὺς
2666 4569 2854 4636 ἁγίους
2884 4565 3164 4635 ὠνόμασεν
3208 4563 3455 4624 καὶτοὺς
3502 4560 3680 4630 μῆνας

2097 4667 2357 4738 ἔφρασεν.
2387 4662 2527 4715 Ἀλλ’
2554 4664 2602 4715 ol
2641 4660 2920 4732 μάρτυρες
2955 4658 3048 4711 καὶ
3075 4657 3174 4729 τὴν
3196 4656 3374 4710 αἰτίαν
3402 4652 3580 4721 λέγειν
3609 4652 3678 4704 δι’

2097 4761 2164 4831 ἢν
2206 4758 2323 4811 ἐκεῖ
2350 4753 2706 4826 παρεγένετο
2755 4751 3061 4805 διεκέλευον
3082 4768 3095 4779 ·
3128 4752 3157 4803 ὁ
3220 4748 3296 4809 δὲ,
3329 4746 3439 4818 Τὴν
3472 4745 3674 4806 αἰτίαν,

2099 4851 2324 4920 ἔφησεν,
2363 4847 2589 4917 βλέπετε
2616 4862 2630 4875 ·
2667 4843 2951 4915 προφανὴς
2981 4841 3089 4911 γὰρ
3114 4839 3256 4908 αὕτη
3281 4840 3372 4891 καὶ
3391 4838 3450 4888 ού
3485 4833 3677 4905 χρῄζει

2099 4940 2241 5003 τινὸς
2269 4940 2362 4991 τοῦ
2388 4937 2706 5009 μηνύοντος.
2729 4936 2791 4988 Οἱ
2818 4934 2875 4987 δὲ
2895 4933 3170 4986 θεσπέσιοι
3198 4929 3359 4984 πάλιν
3389 4929 3669 4988 ἐπύθοντο,

2101 5036 2210 5088 Καὶ
2234 5035 2397 5097 τίνος,
2419 5021 2690 5100 λέγοντες,
2711 5031 2872 5083 ἕνεκα
2890 5027 2995 5098 πρὸ
3021 5025 3120 5095 τῆς
3142 5023 3234 5076 τοῦ
3269 5021 3473 5082 πάθους
3493 5018 3671 5072 ἀπαλ-

2100 5125 2269 5194 λαγῆς
2303 5123 2697 5195 ἁνεχὼρησας;
2753 5118 3074 5190 παραμονῆς
3115 5115 3207 5169 τὸν
3248 5113 3438 5184 χρόνον
3468 5114 3677 5178 ἐπήμα-

2102 5233 2209 5282 νεν,
2246 5216 2340 5267 καὶ
2390 5213 2465 5276 ὡς
2496 5212 2647 5266 οῦδὲν
2701 5210 2964 5279 ὠφελεῖτο
3024 5207 3368 5276 παραμείνας
3416 5202 3673 5271 ἐμήνυεν,

2106 5312 2390 5382 μάρτυρας
2416 5310 2514 5372 τὰς
2542 5308 2798 5379 εἰδεχθεῖς
2818 5305 3028 5367 ἐκείνας
3049 5300 3314 5362 λευκάδας
3336 5297 3671 5366 ποιούμενος

2102 5402 2163 5454 οὑ
2188 5401 2314 5463 τοὺς
2361 5400 2551 5468 ἁγίους
2581 5401 2639 5453 ἐν
2670 5399 2843 5467 τούτῳ
2873 5397 3225 5468 μεμφόμενος
3258 5396 3331 5464 μὴ
3352 5388 3677 5456 δυνηθέντας
3742 5418 3751 5426 -

2103 5496 2136 5566 ἢ
2170 5493 2244 5565 μὴ
2273 5492 2626 5563 θελήσαντας,
2683 5491 2797 5545 ἀλλ’
2826 5493 3012 5544 ἑαυτὸν
3046 5489 3261 5553 ἀνάξιον
3289 5488 3383 5540 σῦν
3422 5482 3680 5551 εὐλαϐείᾳ.

2105 5588 2199 5641 καί
2227 5586 2486 5656 δάκρυσιν
2542 5585 2710 5638 εἰπὼν
2760 5582 2852 5636 τοῦ
2887 5583 3228 5654 δωρήματος.
3279 5579 3343 5632 Οἱ
3365 5577 3421 5631 δὲ
3460 5588 3677 5647 συμπα-
