4010 6208
394 274 536 343 3ἱὶ5
1401 266 1507 330 SS.
1532 260 1701 329 ΟΥΕ]
1736 266 1826 326 ET
1880 256 2199 325 JOANNIS
2242 258 2633 324 MIRACULA
3509 252 3651 317 flit'fi

397 408 649 463 θὲστατοι
713 403 985 473 μάρτυρες
1038 399 1120 453 ἔτι
1174 398 1373 469 μᾶλλον
1412 396 1576 451 αὐτὸν
1627 394 1976 462 ἐλεήσαντες.

2086 395 2353 459 martyres
2389 390 2563 458 magis
2603 402 2770 457 super
2801 402 2865 442 eo
2896 385 3128 449 miserti,
3174 383 3466 453 ιιρψιίιεςο
3503 390 3660 440 nobis

395 500 591 556 Πείθου
620 472 721 551 καί
741 472 835 549 νύν
855 496 984 563 ἡμῖν
1000 492 1093 544 καὶ
1118 491 1364 563 δρομέως
1384 485 1978 559 ύπόστρεφε,).έγουσιν.

2084 480 2247 534 ctiam
2272 495 2439 543 nunc,
2464 487 2517 533 et
2546 480 2709 533 citius
2737 490 3032 543 revertere,
3065 476 3342 548 inquiunt,
3370 482 3425 531 et
3452 472 3661 530 videbis

394 591 490 644 καὶ
550 588 672 655 Mra
717 582 854 637 Θεοῦ
887 584 955 636 τὰ
982 582 1290 651 θαυμάσια.
1346 578 1446 633 καὶ
1490 578 1590 648 τὴν
1640 577 1733 628 ἐπὶ
1762 572 1977 627 σοὶ-τῶν

2087 571 2380 635 mirabilia,
2433 580 2488 625 et
2522 586 2691 641 super
2728 581 2777 626 te
2809 570 3176 626 visitationem
3214 576 3555 625 sanctorum.
3584 571 3661 623 ᾹιΙ

397 681 568 750 ἁγίων
588 676 897 745 ἐπίσκεψιν.
919 674 1062 744 Πρὸς
1080 672 1139 726 τὸ
1163 671 1344 726 αὐτῶν
1363 668 1454 722 οὖν
1473 667 1802 738 ἀφικόμενος
1824 665 1980 732 τέμε-

2084 675 2274 715 eorum
2308 662 2495 731 itaque
2521 663 2780 732 templum
2812 663 3094 732 profectus
3141 661 3382 716 camelos
3417 661 3664 715 invenies

398 788 507 832 νος.
571 768 852 838 καμήλους
911 763 1166 835 εὑρήσεις
1202 763 1293 814 ἐπὶ
1342 760 1440 830 τήν
1470 756 1654 828 πηγὴν
1682 753 1981 826 παριούσας

2085 765 2249 819 supra
2300 750 2505 805 fontem
2559 751 2756 807 adesse
2809 758 3069 821 quatuor,
3117 760 3169 807 et
3221 751 3402 822 quarti
3448 758 3663 807 stercus

400 861 475 923 ὡς
504 858 791 929 τέτταρας,
820 856 916 909 καὶ
931 855 1030 924 τῆς
1048 852 1318 923 τετάρτης
1351 848 1629 921 ἐπιμελῶς
1652 847 1751 918 τὴν
1778 845 1983 913 κόπρον

2083 841 2380 912 diligenter
2432 852 2721 914 acceptum
2776 858 2916 913 aqua
2955 843 3118 900 fontis
3163 843 3424 905 dissolve.
3455 851 3512 898 et
3560 842 3662 897 hac

398 950 691 1019 δεξάμενος
729 945 807 1016 τῷ
839 947 938 1015 τῆς
971 943 1157 1013 πηγῆς
1182 942 1449 995 ἀνάλυσον
1479 938 1650 1005 ὓδατι,
1691 936 1788 990 καὶ
1807 934 1981 1003 τούτῳ

2088 936 2348 990 unctione
2387 944 2558 990 totum
2586 952 2791 1006 c0rpus
2826 948 2976 990 tuum
3007 936 3231 1008 inunge,
3273 935 3411 989 nihil
3438 934 3663 990 omnino

400 1040 477 1107 τῷ
509 1039 775 1109 χρίσματι
824 1034 971 1089 ἅπαν
1004 1050 1101 1086 σου
1136 1032 1198 1084 τὸ
1227 1031 1387 1103 σῶμα
1426 1030 1777 1099 κατάχρισον,
1813 1024 1979 1095 μηδὲν

2082 1027 2509 1095 przetermittens
2558 1029 2740 1083 minus
2780 1028 3085 1092 inunctum,
3109 1042 3179 1081 ne
3206 1027 3308 1080 hoc
3332 1024 3478 1096 quod
3500 1027 3663 1080 inuno

396 1130 533 1191 ὅλως
564 1125 973 1196 παρερχόμενος
1012 1122 1293 1192 ἄχριστον,
1361 1121 1448 1173 ῐνα
1480 1119 1556 1189 μὴ
1579 1118 1639 1170 τὸ
1670 1115 1863 1169 τούτου
1900 1112 1976 1183 μὴ

2082 1126 2229 1171 ctum
2263 1133 2369 1171 non
2414 1118 2596 1182 fuerit,
2622 1128 2838 1173 maneat
2874 1133 3066 1174 rursus
3089 1117 3537 1174 distinctionibus
3564 1133 3662 1173 va-

395 1220 682 1291 χριόμενον
742 1216 902 1288 μείνῃ
948 1214 1111 1267 πάλιν
1146 1213 1511 1267 κατάστικτον
1551 1209 1650 1262 καὶ⁸
1705 1205 1879 1275 ταύτῃ
1910 1205 1977 1274 τῇ

2082 1206 2306 1294 ι’ἰιιιψιι,
2326 1217 2380 1262 et
2412 1210 2480 1262 ab
2506 1209 2608 1262 hoc
2635 1209 2896 1280 languore
2926 1209 3287 1263 continuatim
3323 1222 3657 1280 possessum.

394 1314 533 1379 νόσῳ
562 1310 826 1379 διηνεκῶς
860 1308 1247 1375 κατεχόμενον.
1283 1304 1391 1357 Καὶ
1415 1302 1590 1356 ταῦτα
1639 1299 1781 1353 κατά
1808 1294 1977 1369 πρόσδ

2083 1297 2146 1353 Ει
2170 1300 2253 1355 his
2284 1300 2337 1353 in
2360 1299 2557 1355 faciem
2584 1301 2732 1355 illius
2760 1300 2973 1365 edictis,
2999 1309 3220 1371 repente
3239 1300 3645 1371 disparuerunt.

394 1420 541 1456 ωπον
569 1402 842 1467 λέξαντες,
882 1401 1107 1468 ἀφανεῖς
1141 1398 1352 1467 ἀθρόως
1390 1395 1656 1463 ἐγένοντο.

476 1493 535 1545 ⁸0
567 1492 624 1545 δὲ
658 1491 807 1544 θείαν
831 1487 969 1542 εἶναι
997 1490 1097 1558 τὴν
1125 1487 1248 1558 ὄψιν
1278 1486 1442 1550 εὐθὺς
1477 1483 1854 1553 λογισάμενος,
1883 1479 1979 1532 καὶ

2153 1479 2217 1529 At
2254 1477 2343 1531 ille
2365 1477 2602 1551 divinam
2639 1475 2813 1533 fuisse
2840 1478 3130 1544 visionem,
3161 1487 3215 1533 et
3248 1478 3391 1548 quod
3417 1478 3520 1548 ipsi
3546 1477 3662 1532 fuc-

393 1585 469 1648 ὡς
494 1583 648 1637 αύτοί
671 1585 809 1636 εἰσιν
830 1583 881 1635 ot
910 1579 1343 1650 φαινόμενοικαὶ
1368 1577 1541 1632 ταῦτα
1568 1574 1976 1647 προστάξαντες
1999 1639 2042 1650 __
2083 1563 2211 1627 Γῖηῑν
2248 1567 2341 1634 (Ιηί
2399 1575 2785 1636 δρβθτυθτθηίο
2814 1573 2868 1621 ει
2922 1568 3024 1621 iam
3078 1577 3467 1638 Ρνίιθεθβθντιηιο
3509 1583 3659 1638 mo"?

400 1639 697 1743 μάρτυρες,
730 1639 1027 1730 σπουδαίως
1056 1639 1191 1737 πρὸς
1221 1667 1283 1719 τὸ
1312 1664 1509 1719 σεπτὸν
1538 1639 1722 1718 αὐτῶν
1748 1639 1969 1733 ἔρχεται

2077 1666 2225 1726 tyres
2275 1673 2400 1711 mox
2453 1659 2786 1728 intelligens,
2843 1659 3170 1716 festinanter
3225 1661 3293 1716 ad
3347 1664 3660 1720 venerabile

396 1761 645 1829 τέμενος,
705 1759 800 1813 καὶ
849 1757 985 1828 πρὸς
1016 1757 1115 1826 τῆς
1145 1755 1331 1824 πηγῆς
1361 1754 1460 1817 τάς
1503 1753 1789 1825 λεχθείσας
1824 1750 1972 1821 αύτῷ

2077 1750 2337 1819 templum
2383 1752 2626 1819 ipsorum
2663 1753 2833 1819 venit,
2872 1763 2926 1807 et
2964 1761 3089 1807 ante
3121 1753 3322 1809 fontem
3350 1755 3463 1825 jam
3495 1757 3659 1812 dictis

398 1851 675 1922 καμήλους
713 1849 1035 1922 εὑράμενος,
1062 1849 1162 1919 τὴν
1184 1849 1284 1917 τῆς
1328 1845 1646 1909 τελευταίας
1679 1844 1854 1906 ὀνθὸν,
1896 1844 1972 1906 ῶς

2077 1841 2301 1895 camelis
2334 1842 2593 1907 inventis,
2644 1844 2933 1899 novissimi
2977 1855 3195 1901 stercus
3222 1846 3369 1902 sicut
3406 1847 3660 1903 dixerant

398 1938 571 2005 εἶπον,
599 1940 888 2000 ἐπέλασεν.
925 1937 1024 1992 καὶ
1050 1936 1258 2007 ταύτην
1285 1935 1387 2005 τῆς
1425 1935 1603 1987 αὐτῶν
1625 1932 1811 2003 πηγῆς
1836 1933 1971 1984 ἀπο-

2075 1933 2331 1999 snmpsit,
2362 1945 2409 1986 et
2449 1934 2501 1988 il
2543 1934 2709 1989 fontis
2742 1950 2931 1990 eorum
2982 1937 3166 2009 rigans
3210 1937 3449 2008 ﬂuentis,
3483 1946 3655 1994 totum

396 2037 596 2106 ϐρέξας
622 2035 733 2095 τοῖς
756 2029 1136 2101 νάμασιν.ὄλον
1162 2029 1357 2083 ἑαυτὸν
1384 2024 1971 2098 περιέχρισεν.Ἔσχεν

2075 2034 2197 2075 sese
2234 2023 2513 2091 pernmit.
2554 2022 2752 2078 llabuit
2802 2034 2983 2080 autem
3030 2037 3084 2082 et
3135 2027 3222 2081 hic
3269 2028 3464 2082 iterum
3522 2031 3658 2083 invi-

394 2126 450 2180 δὲ
480 2123 759 2178 κάνταῦθα
825 2121 1123 2191 φθονοῦντα
1153 2119 1245 2174 τὸν
1272 2118 1519 2189 δαίμονα.
1554 2119 1596 2169 Τ
1600 2118 1665 2179 ἀς
1688 2115 1797 2186 γὰρ
1821 2115 1973 2184 ὄψεις

2075 2110 2289 2165 dentem
2330 2112 2435 2167 sibi
2473 2114 2789 2176 diabolum;
2833 2131 2957 2169 nam
3011 2113 3205 2171 faciem
3261 2133 3369 2174 non
3420 2119 3654 2185 inunxit,

398 2220 496 2269 οὐκ
525 2215 743 2287 ἔχρισεν
760 2213 821 2266 τὸ
836 2214 1061 2284 χρίσμα,
1097 2213 1286 2283 φησὶν,
1312 2211 1373 2265 τὺ
1399 2210 1663 2280 καθαῖρον
1678 2209 1840 2261 αὐτὸν
1867 2224 1971 2276 μυο

2076 2205 2231 2273 qnasi
2309 2206 2623 2259 unctionem
2697 2217 3018 2280 purgantem
3084 2211 3447 2278 abominatis;
3512 2214 3659 2267 unde

406 2307 763 2376 σαττόμενος·
795 2304 916 2357 ὅθεν
969 2303 1276 2366 ἀκολούθως
1328 2303 1467 2357 κατὰ
1495 2302 1593 2371 τήν
1634 2300 1745 2355 τῶν
1804 2299 1973 2367 ἁγίων

2076 2309 2497 2366 consequenter,
2536 2298 2691 2366 juxta
2728 2309 3045 2364 sanctorum
3095 2300 3405 2371 dciloquam
3451 2302 3656 2371 jnssio-

403 2398 734 2466 θεόφραστον
771 2395 1042 2459 κέλευσιν,
1071 2386 1192 2449 ὅλον
1222 2396 1319 2466 μὲν
1346 2394 1508 2448 αὐτοῦ
1526 2394 1586 2447 τδ
1616 2393 1775 2462 σῶμα
1804 2390 1975 2445 καθα-

2078 2401 2221 2451 nem,
2259 2397 2431 2442 totum
2463 2391 2681 2459 quidem
2708 2407 2908 2462 corpus
2937 2394 3059 2460 ejus
3086 2393 3345 2449 mundum
3378 2410 3408 2449 a
3434 2395 3653 2466 stigma-

400 2489 492 2557 ρόν
519 2487 630 2540 τῶν
667 2487 983 2556 στιγμάτων
1001 2485 1201 2548 εὐθέως
1233 2486 1472 2553 ἐγένετο,
1504 2484 1565 2537 τὸ
1596 2484 1653 2537 δὲ
1681 2483 1974 2553 πρόσωπον

2077 2477 2224 2531 tibus
2251 2479 2516 2534 continuo
2547 2479 2748 2535 factum
2776 2489 2896 2545 est;
2935 2498 3100 2552 porro
3136 2481 3302 2538 facies
3336 2487 3656 2554 permansit,

396 2580 615 2648 ιμεινεν
648 2579 737 2632 διὰ
768 2577 884 2647 βίου
918 2576 1300 2631 κατάστικτονο
1333 2576 1430 2645 τῆς
1460 2576 1557 2645 μὲν
1597 2572 1765 2627 αὐτοῦ
1796 2588 1976 2642 παρα-

2077 2576 2189 2622 tota
2250 2569 2361 2623 vita
2425 2586 2545 2635 sua,
2594 2573 2861 2627 varietate
2921 2575 3210 2640 distincta;
3274 2576 3660 2633 inobedientitc

397 2671 527 2740 κοῆς
555 2670 615 2722 οὐ
647 2666 1019 2737 κρυπτόμενος
1049 2667 1293 2737 ἐλεγχος.
1326 2667 1424 2735 τῆς
1450 2667 1506 2719 δὲ
1533 2665 1640 2717 τῶν
1675 2663 1974 2734 μαρτύρων

2076 2658 2295 2727 quidem
2348 2660 2471 2726 ejus
2540 2676 2646 2716 non
2703 2664 3030 2718 occultanda
3082 2667 3377 2735 correptio,
3438 2668 3659 2723 virtutis

394 2761 678 2830 δυνάμεως
729 2761 824 2812 καὶ
878 2759 1390 2829 παραλογιζομένης
1446 2759 1748 2819 κελεύσεως
1799 2753 1975 2824 κήρυξ

2078 2762 2259 2803 autem
2311 2760 2619 2824 martyrum
2674 2760 2727 2808 et
2770 2770 2877 2808 non
2930 2758 3347 2813 contemnendae
3393 2758 3660 2829 iussionis

394 2851 654 2920 ἀσίγητος
701 2851 794 2905 καὶ
826 2851 1037 2919 μάρτυς
1068 2848 1284 2921 ἀληθῶς
1311 2848 1644 2913 ἀξιόπιστος·
1674 2849 1769 2900 καὶ
1801 2846 1971 2899 πολλά

2077 2857 2257 2912 ριίιιοο
2317 2859 2425 2898 non
2489 2857 2701 2914 tacens,
2752 2856 2806 2901 ct
2853 2849 3009 2902 testis
3052 2865 3241 2905 revera
3294 2850 3397 2907 fide
3453 2853 3657 2923 dignis-

400 2940 500 3009 μὲν
526 2942 714 2993 ὲαυτον
753 2941 851 3011 τῆς
886 2941 1177 3010 παρακοῆς
1207 2939 1395 3003 Ἢλίας
1421 2939 1726 3009 ἐμέμψατο,
1763 2936 1974 3009 ὤνησεν

2079 2935 2285 3001 simus;
2343 2946 2396 2989 et
2451 2938 2682 2992 multum
2734 2939 2954 3008 quidem
3005 2952 3174 2995 semet
3228 2940 3372 2998 Elias
3437 2958 3661 3015 propter

394 2986 449 3084 gs
475 3031 534 3084 τὸ
564 2986 848 3100 παράπαν⁷
885 2986 1065 3097 ούδὶν,
1117 2986 1307 3103 ῶνσπερ
1346 2986 1490 3084 οὶδέ
1518 2986 1687 3084 ’ἵίᾎαῦ
1711 2986 1974 3103 μετάιδα-

2083 2986 2161 2988 -νη
2212 2986 2285 3001 ,_,
2358 2986 2394 2989 ι-
2452 2986 2682 2992 __-_--_---
2737 2986 2954 3008 τηεν---
3006 2986 3174 2995 --...-.
3228 2986 3372 2998 --......
3439 2986 3649 3015 νων.-.

2085 3024 2508 3080 inuhedientiam
2542 3029 2850 3094 incusabat,
2871 3030 2967 3085 sed
2994 3030 3127 3085 nihil
3157 3033 3384 3086 onmno
3409 3034 3658 3104 profecit,

395 3124 578 3193 κρύων
600 3124 913 3195 ἐκζητήσας
934 3122 1102 3177 αὑτοῦ
1132 3122 1199 3177 τὰ
1224 3122 1571 3195 πρωτότοκα.

2081 3118 2541 3186 quemadmodum
2584 3137 2684 3175 nec
2720 3123 2885 3186 Esau,
2911 3124 3000 3192 qui
3036 3125 3199 3179 etiam
3236 3139 3361 3179 cum
3406 3127 3661 3199 lacrymis

2084 3209 2369 3278 requisivit
2400 3211 2763 3281 primogenita
2794 3229 2916 3269 sua.

520 3298 617 3355 lA'.
659 3300 796 3368 Περὶ
834 3300 1221 3369 Θεοπέμπτου
1262 3301 1370 3356 τοῦ
1397 3299 1849 3371 δαιμω·ιῶντος.

2346 3300 2491 3356 XIV.
2527 3304 2600 3357 lle
2635 3302 2963 3375 Theopompo
2992 3306 3405 3365 damonizaute.
3506 3350 3520 3375 ,

468 3391 686 3462 Παρίτω
743 3390 858 3459 μετ’
898 3391 1086 3445 Ἠλίαν
1115 3394 1197 3455 είς
1245 3392 1410 3462 μέσον
1465 3395 1601 3462 ἡμῖν
1631 3394 1661 3445 ό
1717 3392 1978 3461 Θεόπεμ·

2151 3391 2389 3446 Acccdat
2442 3403 2565 3463 post
2620 3393 2791 3449 Eliam
2846 3398 3007 3453 nobis
3066 3399 3120 3453 in
3189 3400 3431 3456 medium
3478 3400 3661 3457 Theo-

393 3499 523 3546 πτος
549 3482 869 3536 ἀκολουθίαν
901 3483 1203 3553 εύραμένος
1227 3482 1508 3555 εὔκαιρον,
1537 3485 1635 3554 τῆς
1664 3484 1774 3537 τῶν
1807 3486 1976 3555 ήγου-

2082 3497 2336 3552 pompns,
2371 3486 2788 3553 congruentiam
2820 3496 3187 3559 opportunam
3223 3491 3520 3560 primorum
3549 3495 3653 3549 ele-

397 3572 571 3642 μὲνων
603 3572 883 3643 στοιχείων
938 3574 1037 3645 τῆς
1080 3573 1362 3645 ἑκατέρων
1392 3576 1769 3646 προσηγορίας
1798 3573 1977 3645 φύλαξ

2083 3589 2389 3635 uentorum
2447 3581 2500 3635 in
2552 3581 2838 3637 amborum
2882 3586 3123 3640 nominis
3172 3589 3444 3656 positione
3475 3599 3659 3646 custo.

398 3665 694 3728 συνθέσεως
717 3684 725 3692 ·
753 3666 851 3718 καὶ
868 3664 1133 3736 σύντομον
1171 3667 1272 3736 τῆς
1294 3668 1415 3718 κατ’
1445 3665 1609 3718 αὐτὸν
1640 3666 1981 3735 θαυματουρο

2080 3671 2259 3731 dieus,
2301 3681 2355 3725 et
2411 3672 2633 3727 brevem
2687 3673 2850 3728 faciat
2910 3676 2962 3728 in
3025 3691 3086 3732 se
3145 3680 3345 3746 patrati
3406 3681 3659 3736 miraculi

393 3754 515 3818 πίας
561 3758 860 3825 ποιήσομαι
897 3757 996 3826 τὴν
1023 3756 1298 3826 διήγησιν,
1336 3756 1647 3827 τέρπουσαν
1680 3758 1779 3820 μὲν
1816 3757 1972 3809 εὐσε-

2081 3763 2476 3827 narrationem,
2508 3780 2627 3834 quae
2665 3765 2751 3836 pie
2779 3768 3042 3823 delectari
3075 3768 3239 3824 faciat
3271 3771 3579 3836 audientes,
3608 3785 3660 3829 ct

390 3848 501 3902 ϐῶν
533 3850 659 3911 τοὺς
682 3849 999 3913 ἀκούοντας.
1025 3848 1465 3917 ἀναγγέλλουσαν
1486 3847 1545 3902 δὲ
1567 3848 1636 3900 τὰ
1658 3847 1765 3901 τῶν
1793 3848 1966 3917 ἁγίων

2080 3863 2397 3911 sanctorum
2464 3865 2659 3910 contra
2761 3856 3038 3915 dmmones
3112 3871 3315 3933 tropaea
3377 3866 3661 3921 denuntiet

396 3946 532 3994 κατά
553 3940 825 4010 δαιμόνων
859 3939 1213 4012 φοϐερώτατα
1247 3942 1503 4012 τρόπαια,
1523 3940 1835 4011 Ἐδαιμονία
1865 3940 1977 3994 δει-

2083 3946 2390 4000 metuenda.
2449 3944 2856 4002 Daemonizabat
2911 3950 3116 4006 acriter
3156 3952 3566 4026 Theopompus,
3608 3968 3663 4011 ιι

389 4036 495 4099 νῶς
543 4039 572 4090 ό
613 4037 967 4106 Θεόπεμπτος
996 4078 1013 4101 ,
1063 4035 1162 4089 καὶ
1207 4034 1319 4088 τῶν
1368 4032 1676 4105 ἀνθρώπων
1729 4033 1972 4103 ὑπῆρχεν

2083 4035 2364 4089 hominum
2394 4044 2511 4090 erat
2543 4037 2727 4093 nullus
2754 4039 2845 4108 qui
2879 4055 3004 4094 eum
3037 4041 3231 4098 videns
3261 4060 3369 4099 non
3392 4047 3660 4119 lacryma-

387 4129 583 4191 οὐδεὶς,
632 4129 780 4187 ὅστις
813 4128 977 4181 αὐτὸν
1007 4125 1231 4195 θεωρῶν
1263 4127 1366 4180 οὐκ
1395 4126 1716 4194 ἐδάκρυσεν.
1750 4123 1970 4177 Φιλοῦσι

2078 4134 2248 4179 retur.
2291 4126 2490 4180 Amant
2537 4127 2682 4181 enim
2731 4144 2797 4183 ex
2858 4144 3010 4184 more
3056 4132 3309 4190 homines
3360 4136 3658 4203 incurvari,

389 4220 499 4289 γάρ
518 4219 593 4282 ὡς
620 4220 826 4272 ἐπίπαν
852 4219 901 4271 oi
926 4217 1207 4288 ἄνθρωποι
1247 4217 1385 4288 προς
1413 4217 1540 4277 τοὺς
1563 4216 1798 4287 τοιούτῳ
1832 4215 1969 4286 μάλα

2079 4219 2424 4289 maximcqne
2478 4222 2545 4274 ad
2598 4236 2695 4277 eos
2736 4220 2831 4292 qui
2893 4222 3203 4293 huiusmodi
3247 4229 3504 4298 passione
3533 4247 3656 4300 pre-

390 4309 484 4361 λον
523 4309 920 4379 κατεχομένους
977 4309 1244 4378 νοσήματι
1297 4307 1833 4377 κατακάμπτεσθαι,
1891 4308 1973 4361 ὅτι

2082 4304 2324 4373 utuntur,
2354 4311 2481 4381 quia
2511 4312 2746 4369 fortasse
2776 4328 2884 4367 non
2921 4300 3115 4370 vitium
3148 4319 3401 4387 corporis
3434 4323 3615 4375 exstat
3641 4341 3655 4387 ;

388 4404 529 4472 τάχα
563 4401 637 4471 μὴ
661 4401 837 4461 πάθος
896 4399 1231 4470 καθέστηκεν
1261 4399 1532 4470 σώματος.
1567 4400 1742 4455 Τοῦτο
1772 4402 1885 4472 γὰρ
1909 4400 1971 4466 ἐξ

2077 4404 2180 4456 hoc
2222 4402 2368 4457 enim
2422 4402 2491 4456 ab
2541 4403 2698 4458 initio
2726 4421 2850 4458 eum
2884 4404 2953 4460 de
2984 4407 3129 4477 ligno
3165 4408 3550 4467 inobetlientla:
3603 4414 3656 4469 in

384 4498 561 4567 ἀρχῆς
615 4495 710 4549 τοῦ
747 4495 906 4561 ξύλου
934 4496 1035 4566 τῆς
1093 4496 1382 4567 παρακοῆς
1440 4495 1579 4550 εἴσω
1629 4497 1967 4568 παραδείσου

2075 4492 2334 4561 paradiso
2387 4501 2661 4559 gustatum
2704 4493 2921 4561 fuisset,
2970 4499 3296 4553 naturaliter
3347 4502 3654 4571 subjectum

386 4588 725 4658 γευσάμενος
761 4586 1010 4657 φυσικῶς
1069 4587 1352 4659 ὑπηνέχθη
1405 4589 1518 4651 τοῖς
1566 4587 1819 4649 πάθεσιν.
1876 4588 1969 4641 καὶ

2072 4594 2157 4640 est
2184 4588 2534 4656 passionibus
2572 4598 2624 4643 et
2660 4591 2831 4645 servit
2862 4593 3237 4662 corruptionis
3293 4597 3457 4650 etiam
3519 4616 3650 4654 non-

384 4678 626 4732 δουλεύει
655 4679 831 4749 φθορᾷ
859 4680 956 4733 καὶ
986 4683 1099 4742 τοῖς
1129 4679 1230 4748 τῆς
1257 4679 1465 4751 φθορᾶς
1490 4679 1853 4749 ὀλισθήμασιν
1874 4681 1967 4733 καὶ

2072 4675 2198 4728 dum
2234 4678 2474 4733 moriens
2514 4680 2966 4748 proprietatibus,
2994 4697 3170 4753 usque
3213 4685 3280 4738 ad
3307 4702 3653 4742 communem

392 4770 558 4842 μήπω
606 4770 783 4824 θανὼν
815 4769 1103 4842 ίδιώμασιν
1151 4770 1313 4841 μέχρι
1364 4773 1461 4840 τῆς
1508 4771 1728 4825 πάντων
1786 4772 1971 4841 κοινῆς

2073 4772 2315 4825 omnium
2371 4773 2869 4839 resurrectionem;
2920 4775 3013 4829 ubi
3067 4778 3372 4846 corruptio,
3426 4785 3481 4833 et
3537 4796 3656 4849 quae

389 4862 759 4928 ἀναστάσεως,
786 4861 913 4915 ἔνθα
943 4861 1118 4933 φθορά
1143 4878 1199 4914 τε
1233 4863 1326 4915 καὶ
1359 4861 1426 4914 τά
1460 4862 1559 4932 τὴν
1592 4861 1799 4930 φθορὰν
1842 4879 1969 4915 συν-

2071 4862 2480 4933 corruptionem
2512 4862 2752 4918 inferunt
2781 4876 3003 4929 mortes,
3030 4867 3208 4923 modis
3243 4870 3500 4926 omnibus
3559 4872 3654 4926 de-

385 4955 675 5022 ιισάγοντα
722 4952 957 5024 θανάτῳ,
988 4954 1268 5017 παντελῶς
1292 4953 1643 5008 καταλύεται.
1676 4954 1838 5008 Ἀλλά
1862 4954 1968 5024 ψυο

2071 4953 2524 5018 struentur;‘sed
2566 4954 3114 5011 anintazimmortalis
3159 4967 3356 5026 praeter
3400 4969 3650 5016 naturam

384 5046 485 5116 χῆς
513 5047 781 5101 ἀθανάτου
823 5047 974 5119 παρά
1030 5048 1195 5117 φύσιν
1222 5048 1286 5102 τὸ
1316 5048 1555 5117 νόσημα,
1606 5048 1702 5100 καὶ
1742 5046 1962 5114 φύσεως

2070 5051 2157 5099 est
2187 5044 2435 5113 languor,
2459 5051 2515 5098 et
2545 5051 2754 5098 natura:
2775 5045 3210 5116 incorruptibilis
3230 5049 3404 5119 gratia
3427 5047 3520 5105 Dei
3556 5055 3648 5121 qui

384 5135 665 5206 ἀφθάρτου
725 5137 905 5207 χάριτι
963 5134 1101 5188 Θεοῦ
1161 5134 1257 5189 τοῦ
1291 5134 1625 5205 ποιήσαντος
1677 5134 1967 5199 ἀλλοίωσις

2072 5134 2200 5189 fecit
2247 5150 2389 5197 eam,
2436 5137 2794 5190 commutatio
2852 5139 3139 5209 quaedam,
3198 5150 3253 5195 et
3311 5146 3649 5214 eorruptioni

381 5244 466 5291 τις
498 5227 594 5282 καὶ
644 5228 815 5293 πάθος
857 5228 1063 5299 φθορᾶς
1122 5229 1504 5301 παραπλήσιον
1541 5228 1813 5297 δαιμόνων
1869 5231 1964 5281 ἑπ-

2070 5227 2251 5297 passio
2284 5235 2369 5280 est
2398 5226 2616 5289 similis,
2649 5225 3047 5284 daemoniorum
3101 5234 3455 5304 suggestione
3499 5246 3647 5298 nata,

385 5321 549 5391 ηρεία
603 5320 925 5391 τικτόμενον
953 5339 966 5352 ·
1000 5323 1048 5375 εί
1074 5323 1166 5375 καὶ
1197 5320 1333 5375 Θεοῦ
1365 5318 1639 5393 ὑπερϐολῇ
1662 5321 1968 5393 φιλανθρωι

2067 5327 2121 5373 et
2149 5317 2273 5372 odio
2304 5318 2478 5371 nostri
2509 5324 2716 5372 statuta
2744 5335 2760 5385 ;
2787 5321 3041 5391 quamvis
3066 5321 3210 5378 Deus
3233 5327 3648 5394 supereminen-

382 5410 514 5474 πίας
540 5408 893 5481 δεικνύμενον
931 5411 1065 5482 πρὸς
1094 5409 1366 5480 ὠφέλειαν
1411 5409 1654 5478 γίνεσθαι
1700 5410 1809 5463 τῶν
1858 5426 1965 5464 πα-

2068 5409 2199 5462 tiam
2245 5409 2618 5463 miserationis
2651 5413 2950 5468 ostendens
2984 5430 3093 5470 non
3127 5415 3180 5470 id
3208 5416 3317 5473 nisi
3339 5419 3406 5472 ad
3432 5420 3645 5489 patien-

382 5504 620 5570 σχόντων
637 5502 798 5565 αὐτὸς
831 5502 1231 5572 συνεχώρησεν.

2067 5502 2201 5555 timn
2235 5501 2348 5556 fieri
2384 5502 2669 5557 utilitatem
2702 5504 3017 5560 indulserit.

454 5592 645 5663 Τούτῳ
698 5593 1055 5664 Θεόπεμπτος
1083 5594 1163 5666 τῷ
1191 5594 1460 5665 νοσήματι
1509 5595 1656 5648 ὀκτὼ
1705 5594 1800 5649 καὶ
1830 5594 1964 5650 δέκα

2145 5597 2282 5653 Huic
2311 5596 2697 5669 TheOpompus
2727 5617 2852 5657 cum
2884 5601 3149 5675 languori
3189 5606 3351 5662 annis
3376 5605 3567 5665 decem
3602 5620 3657 5662 et

382 5685 675 5750 δουλεύσας
730 5691 844 5751 τοῖς
898 5688 1095 5751 ἐτεσιν.
1130 5691 1224 5743 καὶ
1258 5690 1460 5761 μηκέτι
1492 5692 1680 5760 φέρειν
1709 5691 1802 5746 τοῦ
1842 5692 1961 5747 δαί-

2077 5703 2197 5753 octo
2228 5694 2510 5771 servisset,
2528 5702 2580 5748 ct
2599 5695 2739 5766 ultra
2762 5695 2906 5755 ferre
2923 5694 3186 5753 damonis
3205 5697 3411 5751 rabiem
3432 5697 3660 5754 minimc

747 5780 1016 5845 ΡΑτιιοι-
1062 5783 1179 5845 Gn.
1225 5783 1602 5847 LXXXVII.
1681 5784 1685 5788 ’

3176 5790 3291 5850 109
