4020 6204
363 253 498 318 3467

1226 257 1285 316 S.
1323 247 1736 316 SOPHRONII
1766 251 2272 314 ΡΑἸἸΠΑΙΠΣΗΕ
2307 253 2706 316 IIIEROSOL.

3463 261 3597 346 διεδ

361 369 645 430 valuisset,
678 366 742 418 ad
779 374 1047 436 martyres
1069 365 1162 433 qui
1192 365 1332 418 hanc
1365 365 1657 419 destruunt
1678 372 1732 420 et
1765 378 1936 434 perse-

2053 381 2210 433 μονος
2235 367 2333 435 τὴν
2363 367 2560 420 λύτταν
2590 367 2909 436 δυνάμενος,
2939 369 3048 428 τοῖς
3090 365 3290 438 ταύτην
3319 373 3618 442 καταργοῦ-

362 472 631 531 quuutur,
689 457 892 528 Cyrum
946 456 1159 510 scilicet
1211 463 1266 510 ct
1321 452 1612 521 Joannem,
1657 456 1868 521 accedit
1929 473 1942 508 :

363 553 551 606 labore
590 565 720 603 vero
749 548 920 602 multo
955 556 1164 600 vastum
1199 545 1415 602 itineris
1463 547 1702 619 spatium
1747 547 1946 601 transi-

362 660 517 713 geus.
553 641 781 712 pedibus
829 639 974 694 enim
1010 637 1112 692 hoc
1162 647 1386 710 propter
1431 641 1788 710 pecuniarum
1821 638 1946 694 fecit

266 734 268 737 ’
362 737 632 803 inpiattI;
691 741 743 785 et
779 747 904 785 eum
942 740 1065 801 post
1099 746 1360 788 occasum
1403 732 1536 788 solis
1586 733 1805 787 tandem
1847 733 1947 786 ali-

357 827 576 894 quando
624 824 688 876 ad
745 823 1068 894 martyrium
1123 825 1485 894 pervenisset,
1519 823 1946 893 fatigatioucque

358 919 588 987 plurima
636 916 894 969 virtutem
943 915 1052 983 jam
1077 915 1355 986 propriam
1401 915 1858 984 consumpsisset,
1891 912 1944 964 in

353 1011 614 1064 exteriori
675 1008 923 1062 ecclesia:
985 1008 1235 1062 recubuit
1298 1008 1533 1078 porticu,
1598 1023 1705 1061 non
1760 1008 1947 1060 valens

355 1103 494 1154 ultra
543 1102 731 1152 saltem
783 1100 914 1152 illud
968 1100 1130 1154 breve
1179 1115 1506 1154 consumere
1553 1095 1946 1167 spatium;scd

354 1194 664 1262 ingressum
697 1190 904 1260 templi,
932 1205 996 1245 ac
1043 1191 1087 1247 si
1133 1205 1388 1262 magnum
1440 1187 1698 1260 quiddam
1733 1198 1782 1242 et
1817 1203 1944 1256 ope-

353 1302 567 1350 rosmu,
609 1285 908 1339 rcserrarit
943 1287 997 1337 in
1035 1284 1360 1337 crastinum.
1401 1280 1516 1338 Illic
1551 1289 1730 1336 autem
1755 1280 1806 1334 ei
1836 1287 1946 1332 tota

353 1388 516 1432 nocte
550 1376 842 1431 dormienti
869 1377 1138 1430 assistunt
1164 1377 1215 1427 iu
1243 1375 1475 1438 somnis,
1498 1373 1735 1443 propriis
1761 1370 1949 1424 formis

352 1483 405 1526 ct
446 1487 553 1524 non
611 1469 891 1524 extraneis
930 1477 1169 1530 utentes,
1197 1465 1612 1521 clementissimi
1646 1474 1946 1534 martyres;

351 1575 405 1615 rt
419 1568 678 1616 vocantes
694 1576 816 1614 eum
831 1575 895 1613 ex
913 1556 1370 1624 uomine,Fratcr,
1389 1557 1564 1622 aiunt,
1578 1555 1946 1625 Theopompe.

352 1669 481 1708 ecce
537 1654 628 1722 qui
685 1652 782 1705 tibi
839 1651 1104 1705 molestus
1143 1659 1283 1713 erat,
1330 1661 1382 1702 et
1421 1648 1737 1711 tribulabat,
1783 1647 1936 1700 mali-

353 1761 517 1816 gnum
547 1743 820 1813 spiritum,
854 1743 907 1796 iu
945 1742 1167 1796 nomine
1204 1739 1332 1795 Jesu
1357 1740 1566 1796 Christi
1593 1742 1686 1812 qui
1713 1750 1935 1810 pr0pter

355 1856 457 1894 nos
497 1852 714 1892 crucem
735 1835 1003 1896 tolerarit,
1032 1833 1361 1903 expulimus.
1400 1833 1504 1888 Sed
1536 1849 1786 1902 surgens,
1813 1849 1931 1900 pra-

356 1929 557 1979 tiarum
598 1927 702 1977 Deo
735 1924 1046 1976 actionibus
1093 1923 1408 1992 persolutis,
1443 1923 1508 1976 ad
1554 1934 1699 1976 tuaut
1744 1925 1934 1978 recede

355 2017 768 2072 domuueulam.
806 2015 908 2080 Qui
953 2013 1125 2068 rideri
1157 2015 1225 2067 ah
1270 2015 1588 2069 hominibus
1615 2017 1784 2069 solem
1826 2031 1932 2068 non

358 2114 662 2170 sustinens.
699 2127 804 2163 una
838 2124 961 2164 cmn
995 2108 1266 2162 dtemouio
1312 2108 1476 2162 etiam
1529 2108 1715 2161 Iahore
1769 2122 1931 2177 quem

355 2222 418 2259 ex
462 2206 658 2258 itinere
695 2204 921 2255 lialzeliat
963 2200 1236 2270 dep0~it0,
1271 2201 1446 2270 surgit
1489 2201 1747 2253 celeriter
1781 2200 1931 2253 illinc

358 2298 445 2350 ub.
496 2305 615 2350 erat
668 2293 958 2353 recubans,
991 2301 1042 2344 et
1090 2291 1371 2360 ingressus
1421 2289 1678 2358 templum
1723 2297 1778 2343 et
1808 2303 1934 2358 gra-

357 2391 554 2440 tiarum
603 2389 818 2439 actione
870 2397 1033 2452 super
1075 2373 1310 2434 maxima
1365 2378 1604 2432 sanitate
1647 2378 1935 2431 decantata

360 2479 489 2541 Deo,
531 2487 692 2545 atque
734 2475 1067 2545 martyribus
1102 2473 1192 2542 qui
1232 2486 1290 2525 se
1328 2471 1379 2524 iu
1432 2468 1541 2524 Deo
1587 2476 1934 2532 curaverant,

359 2570 606 2637 gaudens
636 2566 839 2637 pariter
870 2574 922 2620 et
967 2564 1269 2638 exsultans,
1307 2572 1471 2632 atque
1516 2563 1695 2632 magni
1741 2561 1936 2632 pradi-

359 2677 492 2716 cans
531 2677 668 2730 Opus
701 2658 973 2721 miraculi,
1007 2656 1158 2709 abiit.

761 2748 876 2804 XV.
917 2749 992 2803 De
1027 2747 1235 2802 Joanne
1272 2747 1510 2802 ulcerosa

429 2846 574 2899 Bene
625 2853 804 2897 autem
843 2849 898 2896 et
941 2839 1181 2895 Joannes
1231 2840 1476 2895 imitatus
1523 2838 1935 2910 Theopompum

360 2952 597 3005 prazsens
652 2944 865 3003 tempus
925 2933 1260 2998 observavit,
1303 2930 1651 2985 iueonfusam
1705 2939 1762 2984 et
1820 2932 1938 3002 ipse

2051 457 2133 509 σίν
2162 474 2217 510 τε
2241 458 2334 510 καὶ
2365 458 2654 512 διώκουσιν
2691 458 2858 530 Κύρῳ
2882 458 2975 512 καὶ
3013 459 3237 532 Ἰωάννῃ
3264 463 3617 535 προσέρχεται

2049 551 2339 620 μάρτυσιν.
2371 551 2617 620 Καμάτῳ
2643 550 2699 603 δὲ
2731 550 2911 622 πολλῷ
2937 548 3193 613 διανύσας
3217 551 3278 602 τὸ
3309 552 3498 622 συχνὸν
3525 554 3617 624 τῆς

2047 643 2272 713 πορείας
2355 642 2633 712 διάστημα
2680 644 2861 712 (ποσὶν
2907 641 3016 712 γάρ
3077 641 3233 694 τοῦτο
3265 642 3350 695 διὰ
3381 642 3476 713 τὴν
3513 645 3615 698 τῶν

2045 734 2343 802 χρημάτων
2371 735 2598 803 ἀπορίαν
2647 735 2960 806 πεποίητο),
2991 735 3084 788 καὶ
3116 733 3444 789 καταλαϐὼν
3485 738 3615 807 μετά

2045 823 2197 876 δύσιν
2250 824 2400 895 ἡλίου
2457 826 2610 895 μόλις
2673 826 2803 879 ποτὲ
2834 827 2895 879 τὸ
2928 825 3248 897 μαρτύριον,
3325 827 3418 878 καὶ
3472 829 3616 898 κόπῳ

2047 915 2252 967 πλείονι
2310 917 2630 987 δαπανήσας
2676 917 2776 988 ἤδη
2808 918 2906 986 τὴν
2947 917 3200 985 δύναμιν,
3229 917 3370 970 κατὰ
3395 919 3485 969 τῦν
3516 918 3615 984 ἔξω

2046 1009 2144 1078 τῆς
2183 1009 2478 1078 ἐκκλησίας
2510 1009 2767 1079 ἀνεκλίθη
2805 1009 3090 1080 περίϐολον
3111 1025 3124 1039 ·
3161 1009 3237 1079 μὴ
3269 1008 3516 1078 δυνηθεὶς
3540 1012 3615 1064 ἔτι

2048 1102 2267 1152 κάκεῖνο
2298 1101 2360 1154 τὸ
2395 1099 2567 1171 βραχὺ
2622 1099 2836 1171 βαδίσαι
2899 1099 3194 1169 διάστημα.
3239 1097 3375 1152 ἀλλά
3403 1086 3499 1168 τὴν
3541 1099 3618 1162 είς

2049 1193 2107 1244 τὸ
2130 1192 2352 1263 τέμενος
2381 1192 2608 1258 εἴσοδον,
2645 1193 2719 1256 ὡς
2751 1191 2892 1262 μέγα
2916 1210 2965 1245 τι
3000 1191 3093 1244 καὶ
3123 1191 3491 1262 δυσέργαστον
3522 1189 3628 1244 ταέ

2051 1285 2506 1354 μιευσάμενοςείς
2531 1286 2628 1354 τὴν
2659 1283 2866 1354 αὔριον.
2886 1283 3036 1336 Ἐκεῖ
3058 1283 3113 1336 δὲ
3134 1284 3315 1336 πᾶσαν
3335 1283 3435 1351 τὴν
3448 1281 3617 1336 νύκτα

2049 1376 2196 1446 αὐτῷ
2214 1375 2636 1446 καθευδήσαντι,
2656 1375 2776 1428 κατ’
2793 1374 2926 1445 ὄναρ
2959 1376 3078 1438 ταῖς
3104 1373 3333 1436 οἰκείαις
3365 1377 3618 1444 μορφαῖς,

2048 1470 2140 1524 καὶ
2168 1471 2228 1522 οὐ
2263 1468 2459 1534 ξέναις,
2479 1469 2814 1539 χρησάμενοι
2847 1467 2896 1520 οἱ
2932 1466 3306 1537 φιλάνθρωποι
3328 1459 3617 1538 παρίσταν·

2049 1577 2136 1613 ται
2189 1560 2495 1631 μάρτυρες·
2529 1559 2622 1612 καὶ
2685 1558 3015 1620 καλέσαντες
3055 1559 3216 1610 αὐτὸν
3246 1556 3308 1622 ἐξ
3329 1557 3616 1628 ὀνόματος,

2063 1651 2281 1720 Ἀδελφὲ
2314 1651 2656 1720 Θεόπεμπτε,
2717 1648 2987 1718 λέγουσιν,
3029 1650 3139 1702 ἰδοὺ
3170 1649 3230 1702 τὸ
3256 1648 3620 1721 παρενοχλυῦν

2039 1761 2123 1798 σοι
2157 1746 2250 1798 καὶ
2287 1743 2464 1796 θλίὸον
2493 1759 2551 1796 σε
2583 1741 2802 1812 πνεῦμα
2827 1743 3060 1814 πονηρὸν
3091 1743 3147 1794 ὲν
3179 1743 3409 1812 ὀνόματι
3440 1741 3616 1813 Ἰησοῦ

2037 1836 2274 1908 Χριστοῦ
2312 1837 2406 1889 τοῦ
2433 1837 2498 1890 δι’
2524 1839 2669 1908 ἡμᾶς
2693 1836 2924 1906 σταυρὸν
2961 1837 3375 1907 ὑπομείναντος,
3408 1837 3617 1908 ἀπηλά-

2039 1931 2415 1999 σαμεν.Ἀλλά
2436 1931 2696 1995 ἀναστάς,
2731 1930 3069 2001 εὐχαριστῶν
3099 1930 3178 2001 τῷ
3207 1930 3354 2001 Θεῷ,
3392 1931 3531 2003 πρὸς
3561 1930 3620 1984 τὸ

2041 2024 2129 2075 σὺν
2151 2025 2426 2094 ἀναχώρει
2451 2025 2730 2093 δωμάτιον
2772 2025 2827 2077 Ὀ
2841 2024 2897 2076 δὲ
2931 2024 3166 2093 φανῆναι
3186 2024 3261 2095 μὴ
3282 2023 3614 2093 περιμείνας

2039 2118 2143 2168 ὑπὸ
2167 2116 2471 2187 ἀνθρώπων
2500 2118 2590 2170 τὸν
2614 2118 2788 2186 ἥλιον,
2819 2118 2914 2169 σὺν
2938 2116 3012 2185 τῷ
3038 2117 3296 2186 δαιμονίῳ
3326 2117 3424 2170 καὶ
3454 2117 3543 2169 τὸν
3563 2115 3617 2181 ἐξ

2037 2209 2344 2278 ὁδοιπορίας
2395 2209 2732 2278 ἀποθέμενος
2788 2210 3053 2279 κάμοτον,
3076 2209 3357 2261 ἀνίσταται
3413 2207 3614 2278 ταχέως

2037 2301 2160 2356 ὅθεν
2190 2297 2258 2371 ἦν
2282 2301 2662 2371 ἀνακείμενος,
2721 2302 2814 2355 καὶ
2871 2299 3127 2354 εἰσελθὼν
3159 2303 3238 2361 είς
3265 2300 3325 2352 τὺ
3369 2300 3618 2369 τέμενος,

2039 2393 2132 2446 καὶ
2161 2391 2257 2462 τὴν
2312 2394 2472 2463 χάριν
2539 2393 2636 2462 τῆς
2694 2393 2958 2462 μεγίστης
2994 2394 3188 2452 ἰάσεως
3211 2390 3346 2462 ᾅσας
3367 2389 3492 2461 Θεῷ
3525 2393 3616 2443 καὶ

2037 2486 2148 2546 τοῖς
2181 2485 2469 2554 μάρτυσιν,
2515 2485 2720 2554 χαίρω)
2753 2483 2890 2554 ὁμοῦ
2945 2485 3036 2536 καὶ
3074 2485 3336 2553 σκιρτῶν,
3371 2487 3476 2537 καὶ
3527 2486 3620 2554 τὴν

2042 2575 2449 2646 μεγαλουργίαν
2493 2579 2779 2648 κηρῦττων
2833 2574 2926 2630 τοῦ
2978 2577 3273 2646 θαύματος,

2040 2668 2151 2721 θεν.

2219 2760 2296 2812 ΙΕ¹
2353 2760 2491 2828 Περὶ
2534 2759 2806 2814 Ἰωάννου
2860 2760 2964 2813 τοῦ
2992 2762 3449 2830 λελωϐημένου.

2113 2851 2307 2914 Καλῶς
2333 2851 2390 2904 δὲ
2418 2853 2510 2904 καὶ
2544 2852 2795 2922 Ἰωάννης
2853 2851 3188 2922 μιμούμενος
3227 2854 3318 2906 τὸν
3365 2855 3624 2923 θεόπεμ-

2045 2961 2196 3009 πτον,
2227 2944 2318 2996 τὸν
2341 2945 2584 3015 παρόντα
2602 2947 2792 3014 καιρὸν
2821 2945 3182 3015 ἐπετήρησεν,
3208 2944 3348 3017 ἄγαν
3371 2944 3617 3015 ἀσύγχυ·

3350 2579 3387 2630 ὰ
3398 2577 3620 2648 πελήλν·

357 3025 808 3094 compositionem
843 3023 1238 3076 elementorum
1272 3020 1611 3086 custodiens,
1633 3031 1686 3074 et
1713 3021 1775 3075 ad
1799 3021 1935 3076 alios

2042 3053 2130 3088 τον
2153 3039 2246 3089 καὶ
2275 3036 2438 3100 αὐτὸς
2457 3036 2564 3088 τῶν
2594 3036 2874 3106 στοιχείων
2908 3036 3191 3106 φυλάττων
3219 3038 3317 3106 τὴν
3349 3035 3621 3103 σύνθεσιν⁹

360 3121 627 3174 volentem
686 3132 908 3187 pergere
967 3116 1264 3179 calamum,
1321 3132 1380 3170 se
1438 3116 1772 3184 pertransire
1827 3130 1935 3168 non

357 3219 674 3266 rnarratum
715 3210 940 3263 minime
974 3207 1277 3278 perferens.
1329 3207 1468 3277 Ergo
1516 3215 1570 3261 et
1617 3221 1740 3277 quae
1788 3207 1935 3260 circa

357 3315 480 3352 eum
540 3306 690 3367 gesta
741 3305 891 3357 sunt.
937 3305 1242 3366 opportune
1290 3294 1621 3360 scribamus,
1673 3294 1936 3348 mirantes

361 3393 537 3462 ipsius
587 3390 936 3446 sobrietatem
979 3389 1183 3458 pariter
1221 3395 1276 3440 et
1312 3401 1564 3440 acumen.
1615 3385 1935 3441 Passiouem

357 3484 597 3552 Joattttt's
650 3482 840 3536 habuit
892 3481 1269 3545 inhumanam,
1303 3494 1424 3549 qua:
1455 3479 1734 3543 omnibus,
1767 3488 1826 3530 ut
1861 3479 1934 3530 ita

359 3578 629 3638 dicamus,
679 3572 1057 3644 corporalibus
1105 3571 1454 3642 passiouibus
1511 3570 1686 3641 major
1749 3577 1835 3624 est
1883 3577 1938 3623 et

357 3669 620 3732 amarior,
675 3667 904 3736 ideoque
955 3665 1211 3720 fortassis
1257 3681 1286 3719 a
1337 3663 1566 3720 medicis
1629 3661 1937 3733 elephantis

357 3761 680 3832 designatur
708 3761 1008 3829 tequiroca.
1059 3757 1212 3812 Sicut
1254 3759 1396 3812 enim
1444 3757 1576 3810 illttd
1617 3756 1820 3811 animal
1869 3755 1937 3809 ab

357 3855 480 3908 aliis
519 3852 970 3924 quadrupedibus
1003 3850 1324 3906 fortitudine
1355 3849 1536 3904 diﬂ'ert
1574 3858 1627 3903 et
1653 3849 1934 3918 magnitu-

358 3947 486 4000 dine
535 3945 785 4014 corporis
839 3943 1016 4012 (aiunt
1055 3953 1234 3995 autem
1292 3941 1423 3992 illud
1473 3938 1757 3992 recordari
1806 3938 1932 3991 mali

359 4042 624 4092 adversus
655 4051 750 4090 eos
781 4037 872 4104 qui
911 4051 969 4089 se
1000 4031 1476 4093 contristaveriut,
1511 4036 1564 4081 ct
1610 4037 1731 4097 post
1765 4028 1932 4080 multa

359 4129 404 4179 si
437 4127 672 4196 potuerit
704 4141 971 4180 annorum
997 4123 1267 4176 enrrieula
1305 4120 1491 4174 ulcisci
1521 4134 1704 4173 amare
1732 4120 1782 4171 in
1807 4133 1931 4171 cum

358 4220 448 4287 qui
479 4235 537 4274 se
561 4218 916 4272 contristasse
937 4212 1318 4284 dignes-citur),
1340 4212 1412 4265 ita
1434 4221 1487 4266 et
1507 4211 1644 4264 hanc
1662 4211 1782 4264 aliis
1811 4226 1934 4279 pas-

358 4313 605 4365 s.ouibus
658 4311 916 4378 majorem
964 4322 1087 4361 esse
1145 4307 1406 4358 malitiam
1468 4305 1662 4360 medici
1723 4304 1933 4373 perspi-

357 4405 584 4464 cientes,
635 4400 941 4468 elephantis
992 4400 1214 4450 nomine
1273 4405 1679 4465 nuncuparunt.
1719 4395 1932 4466 Moyses

357 4509 485 4544 rcro
517 4502 569 4546 et
608 4507 752 4550 eum.
789 4492 881 4560 qui
926 4489 1275 4557 clepltauliuo
1325 4488 1515 4542 morbo
1559 4488 1930 4557 premebatur,

355 4595 508 4637 t-att'a
549 4593 728 4638 castra
763 4592 816 4638 et
855 4583 1156 4645 civitatein,
1199 4600 1320 4633 euut
1354 4583 1568 4647 leproso
1603 4588 1930 4648 sequestrat,

358 4694 452 4744 y-t-r
484 4679 756 4747 leprosum
778 4677 996 4744 quidem
1025 4674 1230 4743 peccati
1263 4673 1457 4726 exsilio
1489 4673 1737 4741 relegans
1767 4686 1932 4724 varic-

359 4780 551 4830 Luem,
602 4784 697 4838 per
737 4783 862 4820 enm
911 4781 1038 4818 \t't't)
1087 4764 1178 4832 qui
1229 4762 1639 4830 elepliautinum
1681 4760 1928 4812 morbum

357 4861 567 4923 incidit,
601 4875 811 4914 morum
851 4860 1078 4912 forsitan
1117 4858 1405 4910 lenitatem.

430 4956 627 5008 Dicunt
672 4961 852 5006 autent
902 4967 1025 5004 eum
1074 4961 1125 5002 et
1153 4949 1514 5004 sacratissimi
1546 4947 1798 5002 Ecclesia!
1829 4946 1932 5000 do-

355 5065 536 5104 mores
585 5047 810 5101 multam
863 5045 1272 5114 elcphautmum
1325 5044 1574 5096 morbum
1611 5042 1928 5096 habentium

359 5143 557 5196 l-cissc
602 5137 1025 5210 providentiam,
1057 5150 1357 5202 arceri-que
1403 5133 1634 5184 marium
1673 5146 1798 5186 cum
1847 5128 1929 5184 fe-

356 5255 387 5287 r.
418 5235 518 5288 Ittis
547 5237 774 5290 euilum.
807 5245 977 5298 usque
1018 5227 1083 5280 ad
1119 5232 1414 5296 perlectam
1455 5225 1743 5278 feinineam
1780 5237 1932 5276 men-

357 5327 494 5378 strui
539 5325 938 5395 purgationem,
981 5336 1143 5390 quam
1188 5335 1281 5387 per
1326 5319 1444 5370 dies
1497 5325 1702 5385 septem
1751 5315 1934 5369 venire

354 5419 714 5480 «uastauita
765 5425 821 5468 ut
871 5415 998 5468 him:
1049 5415 1277 5481 languor
1331 5411 1425 5481 qui
1475 5427 1537 5463 ex
1583 5409 1935 5479 elcphantino

355 5512 555 5566 morbo
570 5510 896 5580 corporibus
917 5508 1272 5564 connaseitur
1294 5514 1348 5560 et
1367 5503 1931 5566 concrescit,causam

356 5612 612 5672 parentes
644 5603 867 5665 habeat,
895 5611 948 5655 et
977 5600 1172 5654 horum
1203 5599 1348 5653 circa
1375 5596 1555 5652 coitus
1588 5595 1784 5650 maturi
1811 5609 1932 5651 cer-

355 5698 508 5770 tique
543 5697 806 5766 temporis
849 5695 1298 5750 incominentiam
1338 5699 1395 5751 et
1430 5707 1715 5750 excessum
1742 5708 1757 5761 ;
1783 5690 1930 5761 quod

2041 3128 2308 3200 καὶπρὸς
2363 3128 2555 3190 ἄλλους
2619 3113 2757 3181 ἱέναι
2821 3127 2913 3182 τὸν
2960 3128 3204 3198 κάλαμον
3265 3126 3516 3189 θέλοντα.
3550 3132 3622 3197 μὴ

2041 3218 2341 3290 συγχωρῶν
2405 3218 2698 3303 παρελθεῖγ
2731 3220 2894 3273 αὑτὸν
2931 3219 3248 3291 ἀδιήγητον.
3285 3221 3502 3275 Οὐκοῦν
3532 3221 3622 3274 καὶ

2041 3312 2106 3365 τά
2133 3311 2253 3364 κατ’
2278 3311 2438 3364 αὐτὸν
2463 3310 2734 3382 εὐκαίρως
2760 3311 3190 3382 συγγράψωμεν,
3239 3311 3620 3383 θαυμάσαντες

2038 3403 2204 3456 αὑτοῦ
2237 3404 2297 3457 τὺ
2323 3405 2416 3470 όξὺ
2451 3403 2547 3457 καὶ
2609 3403 2894 3474 νηφάλιον·
2952 3404 3128 3468 υάθος
3181 3405 3438 3477 Ἰωάννης
3469 3407 3622 3478 ἔσχεν

2038 3492 2427 3565 ἀπάνθρωπον,
2457 3493 2488 3547 ὃ
2516 3495 2734 3548 πάντων
2790 3496 2968 3548 εἰπεῖν
2993 3495 3102 3550 τῶν
3149 3497 3486 3565 σωματικῶν
3518 3516 3620 3551 πα-

2039 3585 2146 3639 θῶν
2179 3585 2362 3655 μεῖζόν
2406 3588 2553 3640 ὲστιν
2602 3586 2695 3639 καὶ
2754 3585 3102 3656 πικρότερον,
3161 3587 3258 3639 καὶ
3329 3588 3423 3643 διὰ
3456 3589 3618 3644 τοῦτο

2037 3677 2178 3746 τάχα
2208 3677 2345 3746 πρὸς
2373 3676 2480 3730 τῶν
2508 3675 2708 3747 ἰατρῶν
2729 3676 2829 3748 τὴν
2847 3675 2942 3730 τοῦ
2974 3676 3269 3746 ἐλέφαντος
3286 3678 3618 3749 ὁμωνυμίαν

2040 3767 2383 3837 σημαίνεται.
2419 3768 2630 3836 Ὠσπερ
2660 3768 2768 3838 γὰρ
2801 3769 2979 3820 ἐκεῖνο
3004 3767 3065 3819 τὸ
3101 3765 3241 3830 ζῶον
3279 3768 3391 3820 τῶν
3443 3769 3618 3823 ἄλλων

2035 3858 2383 3926 τετραπόδων
2414 3858 2554 3930 ἀλκῇ
2599 3859 2851 3930 διαφέρει
2875 3861 2968 3912 καὶ
2998 3859 3218 3929 μεγέθει
3247 3861 3338 3913 τοῦ
3366 3861 3620 3932 σώματος

2039 3948 2196 4018 (φασὶ
2223 3951 2282 4002 δὲ
2315 3950 2446 4002 αὐτὸ
2479 3950 2574 4004 καὶ
2609 3950 2747 4021 πρὸς
2774 3951 2899 4013 τοὺς
2925 3950 3230 4013 λυποῦντας
3257 3953 3614 4023 μνησίκακον,

2037 4042 2131 4094 καὶ
2164 4041 2302 4112 μετά
2333 4042 2536 4106 πολλάς
2557 4041 2694 4095 ἐτῶν
2725 4042 3008 4114 περιόδους
3038 4042 3358 4112 ἀμείόεσθαι
3378 4043 3615 4114 πικρῶς.

2038 4135 2086 4185 εἰ
2109 4133 2333 4205 δυνηθῇ.
2352 4134 2442 4187 τὸν
2473 4134 2835 4207 λυπήσαντα),
2857 4133 3000 4188 οὕτω
3021 4134 3284 4188 καὶτοῦτο
3307 4135 3419 4188 τῶν
3442 4137 3616 4190 ἄλλων

2038 4225 2227 4281 παθῶν
2283 4226 2419 4280 πολὺ
2463 4226 2647 4296 μεῖζον
2703 4226 2876 4297 ἰατροὶ
2909 4225 3078 4297 κακίᾳ
3102 4227 3507 4296 σκοπήσαντες,
3538 4226 3616 4295 τῷ

2037 4319 2129 4372 τοῦ
2166 4319 2455 4389 ἐλέφαντος
2501 4320 2726 4389 ὀνόματι
2787 4320 3256 4391 προσηγόρευσαν.
3286 4320 3531 4390 Μωῦσῆς
3559 4321 3613 4374 δὲ

2037 4411 2130 4464 καὶ
2158 4411 2248 4463 τὸν
2271 4409 2708 4478 ὲλεφαντιάσεως
2729 4411 2870 4480 νόσῳ
2908 4409 3302 4481 κρατούμενον,
3333 4411 3440 4476 ἔξω
3466 4429 3610 4484 παρ-

2034 4500 2266 4571 εμϐολῆς
2298 4517 2356 4553 τε
2389 4501 2479 4554 καὶ
2507 4500 2714 4564 πόλεως
2743 4501 2880 4569 μετά
2929 4501 3022 4554 τοῦ
3049 4501 3251 4572 λεπροῦ
3297 4502 3608 4574 διωρίσατο’

2036 4593 2127 4646 διὰ
2159 4593 2258 4661 μὲν
2281 4592 2374 4646 τοῦ
2408 4591 2612 4664 λεπροῦ
2641 4593 2700 4646 τὺ
2727 4594 2826 4664 τῆς
2882 4595 3158 4666 ἁμαρτίας
3185 4595 3436 4665 ὲξορίσας
3469 4615 3613 4667 παμ-

2038 4685 2309 4749 ποίκιλον,
2341 4685 2426 4739 διὰ
2459 4686 2516 4738 δὲ
2543 4687 2636 4738 τοῦ
2669 4687 3090 4756 ὲλεφαντιῶντος
3123 4687 3262 4758 τάχα
3281 4689 3341 4744 τὸ
3372 4689 3481 4742 τῶν
3510 4707 3614 4742 πα-

2035 4777 2144 4829 θῶν
2177 4776 2436 4840 ἐκδιὼξας
2470 4779 2682 4848 ἄγριον.

2111 4951 2370 5026 Λέγουσιν
2397 4959 2453 5012 δὲ
2489 4959 2650 5013 αὑτὸν
2670 4959 2764 5012 καὶ
2791 4961 2840 5012 οι
2859 4958 2992 5012 θεῖοι
3022 4961 3121 5030 τῆς
3170 4959 3497 5030 Ἐκκλησίας
3531 4959 3610 5012 δι-

2035 5050 2310 5114 δάσκαλοι,
2360 5051 2621 5119 πλείστην
2673 5051 2779 5104 τῶν
2837 5050 3273 5120 ἑλεφαντιὼντων
3295 5051 3610 5121 ποιούμενοι

2036 5143 2293 5214 πρόνοιαν
2322 5145 2525 5213 εἴργειν
2551 5143 2796 5214 ἀρρἐων
2829 5143 2928 5212 τὴν
2961 5145 3094 5214 πρὸς
3141 5149 3206 5197 τά
3253 5145 3449 5212 γύναια
3481 5143 3606 5196 σύν-

2036 5234 2176 5294 οδον.
2231 5234 2389 5305 μέχρι
2442 5235 2653 5295 τελείας
2700 5234 2789 5288 τοῦ
2838 5233 3047 5304 θήλεως
3101 5237 3165 5286 ὲκ
3199 5235 3307 5287 τῶν
3343 5235 3608 5307 μηνιαίων

2039 5327 2379 5396 καθάρσεως,
2439 5327 2560 5395 ἥτις
2619 5325 2686 5378 δι’
2743 5325 2968 5396 ἡμερῶν
3001 5325 3146 5378 ἑπτὰ
3209 5326 3610 5395 παραγίνεσθαι

2037 5419 2282 5487 πέφυκεν
2315 5433 2327 5445 ·
2381 5418 2454 5480 ὡς
2497 5416 2652 5470 ἔνθεν
2704 5419 2815 5479 τοῖς
2871 5417 3262 5484 ὲλεφαντιῶσιν
3287 5419 3357 5471 τὰ
3389 5419 3609 5486 σώματα
3674 5433 3685 5442 '

2037 5511 2272 5578 γίνεται,
2303 5509 2726 5579 συντικτομένον
2777 5508 2869 5562 καὶ
2929 5508 3285 5573 συναύξοντος
3329 5507 3422 5562 τοῦ
3451 5509 3608 5571 νοσή-

2041 5617 2231 5670 ματος,
2260 5601 2440 5652 αἰτίαν
2461 5601 2588 5662 τοὺς
2611 5599 2888 5670 φύσαντας
2931 5599 3170 5671 ἔχοντος,
3200 5602 3294 5653 καὶ
3321 5600 3383 5653 τὸ
3406 5598 3606 5652 τούτων

2041 5693 2167 5764 περὶ
2226 5691 2321 5756 τὰς
2389 5691 2636 5755 συνόδους
2665 5691 2902 5758 άκρατές
2935 5708 2993 5745 τε
3019 5693 3112 5746 καὶ
3161 5693 3337 5761 ἄωρον
3367 5709 3381 5747 _°
3414 5688 3504 5744 καὶ
3538 5691 3600 5758 τῇ
