4020 6204
334 241 470 308 34⁵11

1191 246 1253 307 S.
1286 245 1705 308 SOPHRONII
1740 248 2242 312 PATRIARCILE
2271 195 2674 324 HIERO.SOL.

3462 271 3607 338 3472

343 364 398 410 et
427 353 566 410 alios
592 352 848 413 homines
878 353 1140 411 discretio
1171 354 1251 422 fit,
1286 370 1394 411 non
1427 357 1603 412 solum
1643 372 1781 427 pene
1828 358 1906 412 im

2033 358 2090 414 δὲ
2160 362 2232 447 τὸ,
2272 364 2337 418 ἐκ
2395 366 2586 421 τούτου
2637 370 2946 444 δυσκινήτῳ
2975 372 3269 444 βαδίσματι
3296 377 3604 450 χρώμενος,

337 445 525 502 mobili
559 461 755 517 gressu
789 462 855 501 ex
913 445 1017 500 hoc
1073 459 1229 510 usus,
1290 447 1376 500 vix
1419 461 1543 503 sese
1597 448 1756 502 nobis
1799 459 1921 503 tan-

339 552 504 608 quam
534 552 690 608 apem
725 538 779 591 in
822 537 1000 591 hieme
1030 535 1462 609 demonStravit;
1497 539 1590 593 sed
1620 554 1787 610 super
1822 542 1923 594 ltu-

2030 443 2379 526 ἑαυτὸνήμῖν
2438 458 2513 521 ὠς
2536 461 2594 512 ὲν
2613 443 2856 531 χειμῶνι
2909 443 3172 533 μέλισσαν
3203 443 3433 534 ἔδειξεν,
3487 443 3605 525 ἀλλά

2028 538 2123 589 ὲπϊ
2138 538 2217 609 τῷ
2244 542 2469 615 τοιούτῳ
2501 547 2769 618 νοσήματι
2804 550 2944 619 τάχα
2998 551 3093 604 καὶ
3146 552 3311 617 αὐτὸς
3357 558 3605 629 αἰσχυνό-

330 626 571 698 jusmodi
632 626 896 696 languore
952 623 1206 681 fortassis
1262 635 1316 680 et
1370 625 1487 697 ipse
1539 626 1825 691 confusus,
1871 642 1903 682 e

2030 645 2209 698 μενος,
2244 633 2336 686 καὶ
2354 635 2618 704 κρύπτειν
2657 634 2859 693 ἐθέλων
2895 641 3087 696 ἑαυτοῦ
3128 644 3229 714 τὴν
3292 623 3601 717 ἀσθένειαν,

333 734 489 775 suam
525 718 699 788 ipsius
730 716 918 771 volens
966 715 1246 772 occultare
1288 716 1701 784 inﬁrmitatem;
1744 724 1925 787 quan;

329 824 493 881 quam
537 823 705 875 super
742 808 938 863 anima;
987 807 1128 878 jussi
1178 823 1368 864 sumus
1411 808 1759 874 erubescere,
1814 824 1922 863 non

330 919 498 974 super
568 901 822 973 corporis
899 900 1322 973 passionibusu
1384 899 1728 955 Erubest-ant
1776 901 1920 954 enim

329 995 483 1066 impii
527 1004 581 1049 et
610 993 971 1058 deducantur,
1010 992 1209 1062 inquit,
1232 992 1579 1048 ininfernum
1606 992 1676 1047 ί.»
1716 991 1780 1046 Et
1823 995 1921 1048 ite-

327 1103 480 1143 rum:
509 1083 834 1148 «Erubesce,
855 1085 1137 1150 Sidou,ait
1159 1087 1378 1149 mare’;
1407 1104 1426 1137 ι
1456 1084 1816 1139 idololatriam
1835 1082 1921 1140 Si-

324 1179 486 1237 donis
507 1176 1020 1234 nomineindicaus.
1052 1178 1120 1233 Et
1151 1191 1345 1232 rursus
1373 1195 1386 1231 :
1420 1195 1439 1229 ι
1476 1174 1917 1239 Confundantur,

322 1282 378 1330 et
406 1277 762 1328 revereantur
782 1283 975 1325 omnes
1012 1268 1105 1339 qui
1132 1268 1367 1324 oderunt
1398 1266 1531 1323 Sion
1559 1267 1632 1323 ³.»
1658 1267 1919 1323 Dominus

322 1380 545 1437 quoque
589 1365 645 1419 in
678 1361 1057 1419 confusionem
1106 1361 1403 1416 mittendos
1448 1373 1706 1416 aeternam
1734 1400 1750 1427 ,
1808 1374 1915 1414 non

322 1476 419 1518 eos
464 1460 560 1532 qui
614 1458 996 1530 corporalibus
1047 1455 1399 1527 passionibus
1468 1460 1913 1524 pragravantur;

322 1554 442 1624 ipse
472 1553 618 1609 enim
648 1550 1000 1607 infirmitates
1052 1555 1275 1604 nostras
1305 1554 1359 1601 et
1402 1547 1697 1617 languores
1730 1551 1916 1619 portas

321 1645 436 1710 vit;
472 1642 567 1701 sed
612 1657 707 1699 eos
748 1642 845 1712 qui
893 1639 1197 1697 secundum
1257 1637 1496 1691 animam
1536 1633 1905 1695 infirmantur,

322 1746 378 1793 et
408 1737 675 1792 malorum
696 1732 983 1806 operarios
1006 1739 1252 1797 actuum,
1289 1730 1447 1786 dixit.

403 1829 511 1882 Alii
570 1826 778 1898 quippe
829 1825 1155 1897 languorum
1227 1831 1360 1879 sunt
1425 1835 1535 1876 non
1565 1816 1905 1881 voluntarii,

320 1925 591 1990 quotquot
656 1916 872 1975 scilicet
924 1915 1177 1986 corporis
1231 1920 1289 1969 et
1335 1911 1482 1968 circa
1531 1926 1734 1980 corpus
1783 1922 1908 1965 esse

322 2017 649 2066 noscuntur.
700 2006 808 2061 Alii
841 2021 974 2062 vero
1008 2003 1332 2070 voluntarii,
1374 2014 1429 2058 et
1464 2002 1557 2072 qui
1607 2017 1673 2056 ex
1716 2011 1907 2057 nostro

318 2106 621 2176 gignuntur
647 2100 908 2167 consilio,
953 2104 1226 2170 quotquot
1273 2095 1530 2152 videlicet
1578 2095 1777 2149 animm
1824 2095 1907 2147 in-

320 2195 650 2252 tellectualis
675 2201 732 2250 et
761 2193 991 2248 liberum
1014 2187 1282 2245 habentis
1309 2186 1626 2248 arbitrium,
1655 2183 1902 2254 pulchri-

317 2287 569 2344 tudinem
623 2285 939 2355 dissipant;
972 2290 1027 2338 et
1076 2279 1202 2336 ideo
1233 2293 1399 2349 super
1443 2276 1531 2332 his
1577 2278 1669 2347 qui
1727 2277 1907 2346 primo

316 2380 444 2436 dicti
473 2385 625 2444 sunt,
650 2377 836 2432 nullus
858 2382 1315 2443 nos,sanctorum
1332 2384 1628 2425 accusasse
1659 2382 1902 2436 unquam

316 2478 561 2543 apparet,
594 2485 701 2525 non
736 2468 845 2534 lex,
892 2481 1004 2523 non
1036 2465 1323 2537 propheta,
1374 2478 1485 2517 non
1534 2462 1741 2531 justus,
1794 2474 1900 2512 nun

317 2562 624 2634 apostolus,
655 2574 766 2614 non
799 2557 1061 2627 magister
1107 2555 1217 2625 (bis
1264 2553 1414 2609 enim
1464 2559 1523 2605 et
1575 2551 1678 2622 ipsi
1712 2566 1905 2605 omnes

315 2654 548 2725 subjecti
589 2660 740 2715 sunt,
778 2658 1035 2720 tauquam
1079 2646 1134 2701 hi
1194 2645 1291 2716 qui
1329 2644 1508 2700 simile
1551 2651 1742 2699 nostro
1785 2656 1906 2696 cor-

316 2759 420 2815 pus
451 2738 855 2813 portaverunt),
904 2751 1014 2792 non
1052 2736 1169 2806 ipse
1199 2733 1465 2790 Dominus
1492 2732 1671 2785 lactus
1722 2730 1903 2794 homo,

314 2847 370 2890 et
398 2835 674 2891 exsistcns
726 2831 929 2888 similis
956 2829 1118 2884 nobis
1147 2826 1446 2896 passibilis,
1482 2832 1536 2879 et
1572 2839 1667 2893 per
1703 2836 1906 2891 corpus

316 2936 373 2982 et
406 2925 789 2981 rationabilem
832 2922 1073 2977 animam
1121 2919 1284 2974 unius
1329 2917 1614 2971 nobiscum
1647 2915 1905 2970 substan-

2027 721 2203 776 καίτοι
2239 723 2490 796 ψυχικοῖς
2523 730 2585 782 οὑ
2635 729 2745 801 γάρ
2795 736 3132 802 σωματικοῖς
3172 736 3602 809 ἐπαισχύνεσθαι

1986 818 1991 819 ⁷
2029 816 2481 888 προσετάχθημεν
2507 820 2737 876 πάθεσιν
2762 839 2777 854 ·
2818 840 2838 875 ι
2869 823 3309 895 Αἰσχυνθείησαν
3336 828 3471 899 γὰρ,
3498 847 3598 900 φη·
3710 878 3715 883 .

2026 905 2132 970 civ,
2158 914 2206 960 ot
2235 910 2456 975 ἀσεϐεῖς
2475 912 2567 965 καὶ
2588 914 2995 986 καταχθείησαν
3023 917 3103 980 είς
3126 916 3255 988 ᾅδου
3276 933 3290 949 ⁸
3333 938 3351 969 ι
3376 921 3471 974 καὶ
3489 922 3598 974 πά-

2022 995 2124 1049 λινο
2144 1016 2163 1049 ι
2186 999 2538 1074 Αίσχύνθητι,
2558 1003 2745 1069 Σιδὼν,
2764 999 2916 1059 εἶπεν
2935 1007 2967 1076 ἡ
2986 1004 3232 1061 θάλασσα
3247 1024 3265 1042 ο
3288 1027 3307 1059 ι
3326 1008 3424 1081 τὴν
3445 1012 3588 1065 είδωο

2020 1083 2336 1161 λολατρείαν
2388 1090 2466 1163 τῷ
2488 1093 2586 1163 τῆς
2627 1094 2857 1160 Σιδῶνος
2904 1095 3153 1166 δηλώσας
3184 1097 3412 1166 ὀνόματι
3437 1116 3452 1130 ο
3502 1101 3598 1154 καὶ

2020 1177 2180 1245 αὖθις
2207 1197 2221 1212 '
2272 1203 2290 1235 ι
2325 1184 2785 1256 Αἰσχυνθήτωσαν
2802 1189 2894 1240 καὶ
2917 1188 3429 1260 ἀποστραφήτωσαν
3458 1193 3596 1247 πάν-

2024 1289 2113 1336 τες
2142 1274 2192 1327 οἱ
2225 1275 2511 1345 μισοῦντες
2553 1275 2695 1330 Σιών
2730 1292 2744 1306 ο
2775 1296 2794 1329 ι
2832 1277 2927 1330 καὶ
2986 1278 3015 1330 ό
3048 1278 3249 1349 Κύριος
3277 1280 3333 1333 δὲ
3357 1284 3484 1347 τοὺς
3513 1285 3594 1347 εἰς

2016 1365 2277 1437 αἰσχύνην
2297 1367 2755 1437 ὲκπεμπομένους
2777 1368 3016 1436 αἰώνιον,
3045 1371 3106 1422 ού
3157 1372 3287 1435 τοὺς
3347 1389 3585 1443 σωματι-

2014 1460 2130 1522 κοῖς
2155 1458 2438 1530 βρίθοντας
2465 1448 2696 1513 πάθεσιν
2744 1460 2928 1531 (αὐτὸς
2940 1462 3047 1533 γὰρ
3076 1463 3171 1515 καὶ
3193 1464 3291 1527 τάς
3306 1466 3593 1532 ἀσθενείας

2014 1547 2173 1618 ἡμῶν
2195 1549 2290 1603 καὶ
2318 1549 2418 1614 τάς
2446 1550 2632 1614 νόσους
2651 1550 2996 1622 ὲόάστασεν),
3013 1554 3146 1607 άλλά
3176 1556 3304 1618 τοὺς
3333 1556 3587 1627 ψυχικῶς

2012 1638 2418 1711 ἀσθενήσαντας
2440 1642 2536 1696 καὶ
2571 1641 2791 1712 φαύλων
2829 1644 3066 1714 ἐργάτας
3091 1647 3416 1717 γενομένους
3449 1651 3591 1720 πρά-

1940 1708 1997 1799 Β,
2014 1728 2149 1795 ξεων
2172 1731 2420 1804 εἴρηκεν.

2081 1823 2163 1878 Τά
2197 1824 2299 1895 μὲν
2346 1825 2456 1897 γάρ
2487 1825 2638 1880 ἐστιν
2669 1824 2781 1879 τῶν
2831 1827 3156 1897 νοσημάτων
3182 1826 3438 1895 ἀκούσια,
3479 1828 3582 1882 ὅσα

2009 1914 2261 1986 σώματος
2303 1916 2399 1970 καὶ
2427 1917 2557 1987 περὶ
2589 1917 2749 1989 σῶμα
2777 1917 3106 1989 γνωρίζεται
3142 1934 3155 1948 ο
3176 1920 3244 1972 τὰ
3272 1919 3330 1972 δὲ
3359 1920 3584 1973 ἑκούσια

2006 2007 2101 2060 καὶ
2137 2009 2363 2078 γνώμης
2410 2007 2687 2080 ⁴ἡμετέρας
2743 2010 3023 2081 κυήματα,
3081 2010 3183 2064 ὅσα
3229 2009 3412 2079 ψυχῆς
3450 2010 3586 2063 αὑτ-

2005 2098 2253 2165 εξουσίου
2288 2100 2381 2153 καὶ
2406 2100 2600 2172 νοερᾶς
2620 2099 2816 2163 κάλλος
2834 2100 3175 2172 λυμαίνεταιο
3206 2102 3302 2154 καὶ
3329 2100 3585 2156 διάτοῦτο

2007 2188 2137 2259 περὶ
2179 2190 2280 2259 μὶν
2304 2188 2416 2244 τῶν
2446 2191 2730 2264 προτέρων
2748 2190 2923 2256 οὐδεὶς
2946 2192 3079 2263 ἡμῖν
3103 2190 3212 2244 τῶν
3269 2191 3455 2263 ἁγίων,
3491 2195 3585 2260 ἑγ-

2005 2282 2242 2346 καλὲσας
2267 2282 2517 2351 φαίνεται
2554 2300 2711 2350 ποτε,
2754 2283 2817 2338 οὑ
2844 2281 3028 2354 νόμος,
3054 2283 3116 2337 οὑ
3164 2284 3475 2355 προφήτης,
3518 2283 3581 2335 οὑ

2005 2374 2234 2439 δίκαιος,
2265 2380 2365 2429 οὑκ
2396 2374 2718 2442 ἀπόστολος,
2762 2375 2823 2429 οὑ
2849 2375 3170 2440 διδάσκαλος
3207 2375 3436 2447 (τούτοις
3475 2376 3584 2444 γάρ

2005 2467 2102 2518 καὶ
2137 2464 2291 2518 αὑτοὶ
2313 2464 2513 2528 πάντες
2535 2465 2842 2531 ὑπέκειντο,
2879 2464 2954 2527 ὡς
3002 2464 3164 2533 σῶμα
3207 2465 3340 2534 ἡμῖν
3397 2479 3575 2533 παρα-

2005 2555 2251 2627 πλησίως
2271 2556 2603 2627 φορέσαντες
2635 2572 2650 2585 ’
2679 2550 2740 2610 οῦ
2773 2556 2868 2609 καὶ
2889 2554 3051 2638 αὐτος
3083 2557 3114 2609 ὁ
3170 2554 3380 2625 Κύριος
3428 2552 3583 2621 γενό-

2007 2664 2167 2718 μενος
2211 2646 2499 2716 άνθρωπος
2530 2647 2624 2700 καὶ
2662 2645 3012 2717 χρηματίσας
3051 2645 3182 2714 ἡμῖν
3213 2642 3570 2713 ὁμοιοπαθὴς,

2005 2737 2097 2790 καὶ
2124 2735 2212 2788 διὰ
2237 2735 2396 2806 σῶμα
2410 2736 2506 2788 καὶ
2529 2734 2705 2806 ψυχὴν
2733 2732 2958 2805 λογικὴν
2983 2729 3295 2803 όμοούσιος)
3324 2744 3340 2760 ο
3374 2730 3500 2800 περὶ
3522 2729 3579 2781 δὲ

2003 2826 2111 2879 τῶν
2129 2825 2230 2894 τῆς
2249 2825 2428 2897 ψυχῆς
2452 2824 2852 2899 προαιρετικῶν
2887 2824 2980 2878 καὶ
2997 2824 3099 2876 οὑκ
3129 2820 3446 2891 ἀναγκαίων
3469 2837 3575 2874 πα·

2006 2916 2113 2969 θῶν
2137 2917 2465 2971 ἐνεκάλεσαν
2503 2918 2763 2981 ἅπαντες,
2804 2916 2967 2986 νόμος
3015 2916 3114 2987 μὲν
3144 2913 3577 2985 τιμωρούμενος,

318 3021 433 3073 tite.
460 3018 641 3087 Super
667 3015 864 3069 anima
895 3029 1026 3068 vero
1057 3010 1387 3066 voluntariis
1414 3014 1470 3061 et.
1503 3021 1610 3060 non
1645 3019 1900 3060 necesse.

2010 3010 2099 3063 καὶ
2126 3009 2466 3095 κατάλληλον
2493 3009 2693 3078 ὁρίζων
2725 3006 2804 3078 τῷ
2828 3006 2991 3061 πάθει
3023 3006 3121 3078 τὴν
3152 3005 3376 3059 κόλασιν
3395 3021 3413 3040 ο
3446 3022 3582 3075 προ·
3610 3064 3625 3072 ,

318 3110 418 3164 riis
464 3106 822 3178 passionihus
853 3101 1037 3173 questi
1072 3111 1197 3158 sunt
1225 3098 1493 3164 universi,
1526 3098 1611 3152 lea
1647 3096 1899 3151 videlicet

2010 3102 2170 3172 φῆται
2191 3082 2396 3154 τούτων
2464 3098 2794 3169 ἀπέχεσθαι,
2852 3098 2946 3151 καὶ
2996 3096 3067 3150 τὰ
3133 3094 3370 3167 κρείττω
3424 3112 3583 3166 μετα·

319 3202 553 3275 puuiens
582 3204 977 3269 congruentem
1023 3192 1159 3247 vitio
1193 3204 1410 3260 paruam
1447 3188 1739 3253 definiens,
1769 3203 1899 3257 pro-

318 3298 497 3367 pheta:
535 3293 605 3347 ab
659 3292 748 3347 his
796 3285 1185 3344 abstinendum
1235 3281 1515 3351 iubentes,
1566 3287 1620 3335 et
1673 3279 1898 3335 meliora

232 3437 237 3442 .
318 3382 717 3456 providendqu
747 3379 1055 3440 hortantes,
1081 3372 1217 3444 justi
1247 3384 1342 3425 cas
1366 3368 1622 3424 deserere
1650 3380 1897 3422 commo-

318 3485 536 3540 nentes,
569 3471 804 3544 apostoli
837 3464 1327 3536 transmigratioue
1357 3476 1546 3516 earum
1595 3474 1758 3513 manu
1796 3456 1894 3511 du-

316 3577 527 3629 centes,
577 3573 632 3620 et
674 3558 918 3633 magistri
970 3559 1170 3612 harum
1206 3553 1390 3623 fugam
1429 3549 1799 3605 insinuantes.
1833 3546 1897 3601 At

316 3672 448 3712 Vero
480 3654 743 3710 Dominus
785 3650 997 3722 primus
1032 3646 1192 3701 nobis
1243 3641 1472 3714 iustitiae
1523 3641 1662 3694 viam
1715 3648 1900 3694 osten-

316 3748 478 3812 dens,
510 3752 566 3797 et
594 3740 846 3797 semitam
881 3737 952 3793 ah
997 3735 1193 3790 animae
1248 3730 1603 3803 passionibus
1655 3727 1898 3798 perfecte

319 3835 611 3896 recedendi
667 3832 880 3904 primus
926 3826 1249 3890 inveniens,
1302 3820 1562 3878 omnibus
1614 3819 1821 3875 Discite
1866 3834 1897 3872 a

319 3948 430 3997 me,
464 3923 901 3985 misericorditer
921 3929 1007 3977 est
1035 3918 1251 3975 affatus.
1287 3914 1396 3971 Pro
1414 3914 1502 3969 his
1528 3913 1672 3969 enim
1701 3926 1894 3982 partes

316 4039 420 4098 pro
442 4037 509 4078 eo
539 4019 689 4092 quod
746 4017 800 4072 in
857 4013 1018 4070 nobis
1054 4009 1302 4083 profecto
1353 4021 1543 4063 earum
1574 4003 1894 4067 exsisteutia

317 4094 411 4180 sit,
450 4115 668 4168 luemus
692 4117 747 4165 et
788 4104 1229 4162 sustinebimus:
1267 4110 1490 4170 propter
1535 4097 1635 4152 has
1668 4105 1723 4151 et
1752 4094 1900 4165 judi-

316 4207 590 4269 cahimur,
621 4211 677 4258 et
707 4198 974 4255 tribunali
1006 4195 1212 4257 Christi
1265 4192 1615 4255 assistemus,
1663 4204 1786 4243 cum
1830 4188 1899 4241 de

317 4299 460 4358 cosio
486 4298 654 4368 judex
689 4289 975 4348 advenerit
1005 4288 1234 4343 reddere
1262 4285 1556 4354 unicuique
1596 4280 1895 4337 secundum

2002 3193 2273 3247 ποιεῖσθαι
2299 3190 2619 3255 κελεύοντες
2661 3207 2677 3223 ο
2702 3191 2903 3245 δίκαιοι
2967 3187 3367 3261 παραινοῦντες
3399 3187 3580 3240 αὐτῶν

2000 3285 2099 3355 τὴν
2128 3282 2435 3351 ἀπόλειψιν,
2470 3280 2756 3335 ἀπόστολοι
2795 3279 3269 3353 χειραγωγοῦντες
3303 3278 3443 3350 πρὸς
3469 3280 3574 3348 τὴν

1999 3378 2095 3431 ἀπ’
2137 3376 2319 3430 αὑτῶν
2367 3375 2790 3447 μετανάστασιν,
2834 3372 3152 3428 διδάσκαλοι
3197 3372 3404 3426 τούτων
3444 3372 3578 3440 ἡμῖν

1998 3469 2097 3540 τὴν
2123 3469 2302 3538 φυγὴν
2330 3466 2743 3537 ὑποφαίνοντες.
2764 3465 2823 3519 '0
2849 3465 2905 3518 δὲ
2961 3463 3167 3536 Κύριος
3196 3463 3415 3536 πρῶτος
3444 3463 3581 3533 ἡμῖν

1998 3561 2095 3630 τῆς
2114 3556 2460 3628 δικαιοσύνης
2515 3557 2633 3611 ὁδὸν
2671 3555 3072 3625 ἐνδειξάμενος,
3112 3553 3207 3607 καὶ
3236 3551 3423 3624 τρίϐον
3476 3551 3578 3621 τῆς

1997 3649 2106 3704 ἀπὸ
2127 3649 2237 3703 τῶν
2257 3649 2282 3717 ’.ξ
2299 3648 2504 3716 υλικῶν
2542 3646 2732 3700 παθῶν
2763 3646 2977 3709 τελείας
2996 3644 3394 3714 ἀναχωρήσεως
3427 3643 3577 3713 πρῶ-

1997 3758 2086 3805 τος
2113 3740 2436 3811 εὑράμενος,
2478 3741 2643 3792 πᾶσιν
2672 3736 2753 3803 τὸ,
2808 3735 3028 3791 Μάθετε
3073 3735 3169 3790 ἀπ’
3199 3734 3361 3805 ἐμοῦ,
3392 3732 3579 3802 φιλαν-

1999 3827 2233 3901 θρώπως
2262 3827 2584 3898 ἐφθέγξατο.
2630 3825 2803 3896 ’Υπὲρ
2842 3823 3049 3879 τούτων
3081 3822 3190 3892 γάρ
3216 3822 3314 3886 τὰς
3346 3821 3578 3884 εὐθύνας

1997 3922 2073 3986 ὡς
2127 3919 2379 3992 ὲν”ήμῖν
2425 3919 2596 3990 οὔσης
2646 3917 2827 3973 αὐτῶν
2880 3916 3120 3988 δηλονότι
3154 3916 3253 3987 τῆς
3292 3913 3580 3984 ὑπάρξεως

1999 4011 2381 4084 ἀπαιτούμεθα
2411 4026 2424 4039 ·
2456 4011 2553 4064 καὶ
2569 4009 2839 4080 ὑφέξομεν
2867 4010 2960 4062 καὶ
2992 4007 3300 4080 κρινόμενοι
3356 4007 3450 4059 καὶ
3480 4003 3581 4073 βή-

2002 4123 2131 4178 ματι
2162 4102 2399 4173 Χριστοῦ
2430 4101 2838 4175 παριστάμεθα,
2877 4102 3007 4155 ὅταν
3036 4099 3095 4165 ἐξ
3147 4096 3377 4171 οὐρανοῦ
3396 4099 3425 4151 ό
3461 4114 3582 4168 κρι-

1998 4197 2098 4266 τὴς
2151 4194 2513 4266 παραγίνεται
2563 4192 2856 4247 ἀποδοῦναι
2904 4191 3121 4262 ἑκάστῳ
3145 4191 3288 4244 κατὰ
3315 4189 3382 4243 τά
3438 4188 3578 4258 ἔργα

2001 4285 2190 4351 αὑτοῦ,
2218 4286 2277 4339 οὑ
2306 4283 2448 4340 κατά
2473 4284 2540 4338 τά
2569 4282 2717 4354 πάθη
2737 4282 2832 4335 τοῦ
2863 4282 3135 4352 σώματος.
3171 4300 3188 4333 ι
3215 4281 3423 4343 Πάντες
3447 4284 3579 4350 γὰρ,

322 4405 489 4460 opera
517 4402 641 4449 sua,
669 4391 723 4441 et
746 4397 857 4438 non
878 4379 1178 4437 secundum
1204 4374 1620 4458 vitialcorporis.
1654 4389 1672 4421 ι
1697 4371 1900 4426 Omnes

2012 4378 2202 4450 φησιν,
2228 4376 2697 4448 παραστησόμεθα
2724 4374 2799 4445 τῷ
2825 4376 3030 4445 βήματι
3057 4372 3152 4426 τοῦ
3183 4372 3440 4444 Χριστοῦ,
3496 4373 3583 4425 ἵκοι.

318 4481 463 4536 enim
501 4493 623 4538 nos,
658 4473 856 4544 inquit,
905 4466 1246 4525 manifestari
1279 4474 1495 4536 oportet
1543 4472 1671 4519 aute
1724 4461 1902 4517 tribu-

319 4575 410 4630 nal
438 4569 667 4633 Christi,
697 4574 756 4621 ut
793 4563 999 4620 referat
1029 4559 1415 4631 unusquisque
1453 4557 1673 4630 propria
1706 4571 1902 4627 corpo-

321 4668 397 4721 ris
429 4669 588 4734 prout
615 4658 810 4730 gessit,
838 4656 956 4712 sive
983 4653 1212 4717 bouutn,
1235 4651 1352 4708 sive
1391 4650 1592 4706 malum
1615 4649 1657 4702 ⁵.
1701 4666 1720 4699 ι

398 4752 540 4821 Ergo
572 4751 854 4805 incassum
901 4758 1067 4818 super
1119 4740 1250 4797 vitio
1289 4738 1563 4809 corporali
1606 4736 1903 4792 Zacharias

262 4828 271 4835 ’
317 4845 702 4906 erubescebat,
731 4853 781 4897 et
818 4845 1088 4912 quotquot
1125 4852 1290 4907 super
1342 4833 1593 4906 corporis
1628 4831 1902 4903 passioni-

320 4940 424 4995 bus
456 4936 892 4998 confunduntur,
939 4946 1138 4986 causas
1168 4927 1517 4984 confusionis
1550 4924 1897 4995 ignorantes,

319 5040 373 5085 et
409 5028 576 5100 hujus
608 5041 718 5082 non
753 5025 893 5080 bene
933 5022 1181 5078 ordinem
1219 5026 1587 5075 reversantes.
1622 5014 1777 5070 Lit-et
1815 5014 1905 5070 hic

322 5119 413 5173 vix
448 5116 785 5189 apparuerit,
804 5125 855 5169 et
871 5107 1318 5180 sero,aliquando
1334 5113 1708 5163 verumtamen
1725 5101 1905 5174 profe-

320 5220 444 5265 rtus
475 5209 542 5265 ad
573 5220 889 5263 sanctorum
921 5202 1068 5259 venit
1114 5200 1425 5263 basilicam,
1473 5212 1614 5267 quos
1650 5195 1907 5263 depreca-

321 5301 504 5367 batur,
537 5311 592 5356 et
620 5300 819 5356 iterqu
867 5294 1235 5370 supplicabat,
1271 5306 1381 5364 quo
1434 5306 1495 5346 se
1544 5305 1573 5344 a
1613 5287 1909 5361 gravedine

322 5390 642 5447 liberarent.
678 5391 750 5444 At
782 5388 969 5455 illi,ad
1012 5401 1138 5442 eum
1176 5394 1341 5439 noctu
1371 5382 1678 5446 venientes,
1705 5393 1906 5435 come.

326 5486 482 5539 niunt
515 5494 862 5540 asserentes:
897 5478 1189 5543 Zacharia,
1236 5474 1368 5548 quid
1417 5473 1485 5528 ad
1520 5488 1620 5528 nos
1666 5468 1904 5527 venisti?

2003 4469 2550 4542 κομίητασὲκαστος
2584 4468 2721 4538 πρὸς
2748 4464 3036 4536 ἂέπραξεν
3068 4464 3156 4518 διὰ
3178 4463 3273 4517 τοῦ
3306 4463 3578 4534 σώματος,

2003 4561 2114 4615 εἴτε
2142 4560 2370 4629 ἀγαθὸν,
2399 4557 2510 4611 εἴτε
2539 4557 2759 4627 φαῦλον.
2803 4575 2822 4608 ι

2077 4736 2288 4793 Οὐκοῦν
2330 4736 2508 4808 μάτην
2534 4736 2627 4788 ἐπὶ
2658 4734 2818 4789 πάθει
2865 4733 3165 4805 σωματικῷ
3194 4735 3289 4788 καὶ
3310 4732 3585 4805 Ζαχαρίας

2005 4833 2343 4903 αἰσχύνεται,
2363 4831 2456 4884 καὶ
2475 4831 2590 4883 ὅσοι
2610 4829 2731 4882 κατ’
2749 4828 2910 4881 αὑτὸν
2929 4828 3021 4881 ἐπὶ
3049 4831 3380 4898 σωματικοῖς
3391 4826 3585 4896 αἰσχύ-

2008 4939 2190 4975 νονται
2224 4920 2475 4983 πάθεσιν,
2504 4918 2606 4987 τῆς
2636 4916 2903 4987 αἰσχύνης
2955 4916 3275 4985 ἀγνοοῦντες
3306 4916 3375 4971 τά
3409 4916 3583 4978 αἴτια,

2010 5015 2104 5068 καὶ
2119 5011 2322 5079 ταύτης
2346 5010 2446 5082 τὴν
2468 5008 2619 5075 τάξιν
2650 5010 2712 5063 οὑ
2746 5007 2928 5071 καλῶς
2954 5006 3427 5080 ἁντιστρέφοντες.
3446 5005 3588 5060 Ἀλλ’

2010 5104 2060 5156 εί
2090 5102 2185 5156 καὶ
2215 5100 2368 5171 μόλις
2396 5099 2569 5170 ἐφάνη
2600 5098 2701 5169 ὀψέ
2734 5114 2887 5165 ποτε,
2916 5096 3055 5166 πλὴν
3078 5097 3226 5167 ὅμως
3249 5096 3479 5165 ἀφίκετο
3494 5096 3589 5149 καὶ

2020 5194 2082 5247 τὸ
2115 5192 2225 5246 τῶν
2250 5190 2420 5261 ἁγίων
2450 5189 2752 5245 κατέλαϐεν
2776 5189 3025 5261 τέμενοςο
3053 5187 3148 5244 καὶ
3172 5186 3384 5252 τούτοις
3411 5186 3587 5241 ὲὸἐετο

2010 5288 2104 5341 καὶ
2156 5284 2318 5338 πάλιν
2382 5283 2625 5337 ἱκέτευεν
2669 5282 3047 5354 ἀπαλλαγῆναι
3092 5280 3189 5334 τοῦ
3215 5264 3589 5351 τῶνδιδύμων

2011 5375 2352 5449 βαρήματος.
2398 5375 2460 5428 Οἱ
2484 5372 2541 5426 δὲ
2563 5372 2755 5437 νυκτὸς
2777 5372 2909 5445 πρὸς
2939 5370 3102 5426 αὑτὸν
3129 5370 3375 5434 ἐλθόντες
3395 5370 3592 5424 καθεύ-

2011 5468 2198 5534 δοντα,
2222 5464 2567 5537 Ζαχαρία,τί,
2592 5465 2781 5534 φασιν,
2808 5462 2943 5535 πρὸς
2995 5464 3143 5535 ἡμᾶς
3179 5461 3590 5534 παραγέγοναςι

398 5655 423 5692 ⁸
451 5657 598 5720 Psal.
633 5678 761 5725 xxx,
798 5664 879 5717 l8.
968 5663 987 5692 ’
1018 5660 1123 5715 lsa.
1157 5673 1311 5722 mn,
1347 5656 1396 5710 ι.
1477 5651 1651 5707 'Psal.
1679 5665 1906 5706 euvru.

2082 5647 2102 5678 ’⁵
2134 5647 2175 5701 ll
2216 5648 2344 5703 Cir.
2379 5665 2429 5713 v,
2463 5647 2547 5703 ιθ.
