4010 6208
1532 172 1592 183 ι--υο
1618 175 1753 189 My“
1780 177 2026 193 ..σηουαι
2046 177 2123 188 μασιν-ο

374 358 377 361 ι
399 307 540 374 3473

1396 307 1502 369 SS.
1541 309 1713 381 CYRl
1745 310 1840 370 ET
1862 308 2181 372 JOANNIS
2216 308 2629 370 MIRACULA.

3518 296 3657 363 M71;

412 420 470 471 Ὀ
497 419 554 471 δὲ
579 416 676 489 τήν
714 415 892 471 αίτίαν
920 415 1266 487 ύπερυθριῶν
1319 434 1438 481 πως
1486 420 1806 491 αἰδούμενος
1865 422 1973 475 ὑπο

2087 419 2182 487 Qui
2216 422 2552 476 erubescens
2590 426 2754 488 atque
2799 413 3089 478 reveritus,
3123 423 3359 465 causam
3375 408 3457 463 eis
3481 410 3641 460 dixit.

398 505 695 560 εδείκνυεν.
762 506 827 559 Οἱ
855 504 913 558 δὲ
947 505 1246 575 μάρτυρες,
1280 505 1623 570 παιδεύοντες
1663 508 1825 560 αὐτὸν
1887 508 1978 560 ἐπὶ

403 599 735 666 σωματικοῖς
766 596 1086 667 παθήμασιν
1121 597 1195 667 μὴ
1216 597 1594 667 αἰσχύνεσθαι,
1629 600 1800 666 δεῖξαι
1871 599 1977 653 αὐ-

403 692 515 752 τοῖς
537 688 599 741 τὸ
625 686 796 751 πάθος
828 686 1142 757 ἠνάγκαζον
1203 691 1284 752 είς
1340 689 1408 742 τὰ
1445 690 1737 744 παιδοποιὰ
1802 708 1981 761 προσ-

407 780 632 833 έταττον
661 777 850 849 μόρια.
924 778 985 831 '0
1033 778 1091 831 δὲ
1142 779 1204 832 τὸ
1237 779 1530 833 κελευσθὲν
1550 781 1814 850 αἰσχύνης
1844 782 1979 836 ἀνά-

405 870 584 932 πλεως
605 869 875 939 ἔπραττεν
907 886 923 900 ⁸
952 870 1269 941 ἀντιστῆναι
1303 871 1411 942 γὰρ
1444 872 1509 926 δι’
1537 871 1670 925 αίδὼ
1712 875 1826 938 τοῖς
1889 892 1980 927 κε-

405 960 659 1014 λεύουσιν
681 962 783 1014 οὐκ
821 960 1076 1030 ἠδύνατο.
1115 960 1179 1015 Οἳ
1201 962 1270 1015 τὰ
1302 962 1568 1033 λεχθέντα
1602 964 1766 1034 μόρια
1796 966 1982 1035 ἡρέμα

406 1067 527 1113 πως
549 1054 672 1112 ταῖς
734 1052 891 1122 χερσὶ
938 1050 1316 1121 καταψήξεσιν
1353 1053 1815 1122 φυγαδεύσαντες,
1844 1056 1979 1108 οίκοι

407 1144 605 1211 χωρεῖν
628 1142 1038 1211 ἐπιτρέπουσιν⁸
1057 1143 1210 1204 Ἰδοὺ,
1231 1143 1416 1214 φησὶν,
1442 1144 1613 1198 κακὸν
1641 1145 1785 1215 ἔχεις
1802 1146 1976 1210 οὐδὲν,

406 1230 521 1282 ἀλλ’
549 1232 788 1293 ἀναστὰς
815 1233 1160 1303 εἰρηνοποιοῦ
1186 1232 1284 1305 τὴν
1313 1235 1391 1297 είς
1415 1229 1562 1287 οἷκον
1594 1236 1875 1290 ἐπάνοδον.
1919 1236 1978 1289 ’0
2010 1279 2027 1296 ,

406 1324 461 1376 δὲ
488 1327 747 1394 στραφεὶς
788 1327 904 1394 μετ’
934 1327 1140 1379 ἐκεῖνον
1163 1326 1252 1379 τὸν
1272 1326 1557 1391 ληξίπονον
1587 1331 1820 1399 δνειρον,
1856 1346 1983 1382 συν-

406 1415 733 1479 αποπτάσας
780 1416 929 1486 αύτῷ
951 1415 1061 1470 τῶν
1089 1415 1327 1486 διδύμων
1381 1418 1478 1481 τὰς
1508 1418 1745 1488 οἱδήσεις
1793 1421 1981 1490 ἐπεγί-

407 1522 673 1573 γνωσκεν,
702 1508 796 1560 καὶ⁵
830 1507 992 1560 πόνου
1026 1508 1325 1578 λυτρωθεὶς
1348 1510 1442 1563 καὶ
1507 1511 1772 1564 κακίστου
1811 1511 1986 1581 βαρή-

413 1614 580 1664 ματος
607 1614 620 1628 ·
651 1601 745 1651 καὶ
772 1601 892 1662 ταῖς
921 1600 1222 1670 εὐφημίαις
1258 1601 1610 1669 στεφανώσας
1635 1602 1759 1666 τοὺς
1780 1603 1985 1657 τούτων

412 1686 574 1740 αὑτὸν
593 1687 1059 1758 ἐλευθερώσαντας
1090 1690 1394 1760 μάρτυρας,
1455 1694 1546 1744 καὶ
1610 1692 1846 1762 Χριστὸν
1893 1694 1986 1746 τὸν

2088 512 2263 567 Porro
2302 520 2590 581 martyres,
2614 506 2977 578 corripientes
2997 517 3131 561 eum
3151 516 3221 556 ne
3262 512 3430 569 super
3459 510 3657 566 corpo-

2085 603 2161 658 ris
2192 602 2546 673 passiouibus
2576 600 2948 662 erubesceret,
2981 593 3271 651 ostendere
3321 589 3427 646 sibi
3473 597 3658 659 partes

2083 694 2473 764 praecipiebant
2505 706 2629 763 quae
2662 689 2805 745 tilios
2840 693 3154 759 procreant,
3187 698 3419 755 quaque
3442 679 3660 752 passio-

2086 800 2207 838 nem
2238 785 2605 839 cernebantur
2644 781 2849 837 habere
2887 797 2903 834 :
2936 788 2992 834 at
3025 778 3116 834 ille
3144 775 3293 848 quod
3328 775 3543 844 iussum
3575 780 3660 827 est

2083 876 2212 931 licet
2243 874 2438 944 plenus
2470 870 2799 929 verecundia
2832 870 3027 941 gessit,
3068 870 3330 924 resistere
3358 864 3561 935 quippe
3590 863 3660 917 ob

2084 966 2345 1035 pudorem
2382 963 2707 1035 iubentibus
2768 977 2880 1017 non
2929 959 3167 1014 valebat.
3226 956 3331 1023 Qui
3373 953 3658 1025 praedictas

2084 1059 2334 1128 corporis
2380 1065 2589 1127 partes
2617 1053 2811 1109 leniter
2858 1051 3111 1107 manibus
3160 1048 3558 1111 confricantes,
3607 1053 3656 1097 et

2084 1141 2318 1204 tumoris
2363 1146 2577 1218 pondus
2625 1143 3123 1201 confricationibus
3169 1140 3507 1204 eﬂ'ricantes,
3556 1136 3658 1191 do-

2086 1255 2233 1294 mum
2278 1239 2538 1310 repedare
2593 1237 2960 1309 prtecipiunt:
3002 1232 3163 1299 Ecce,
3192 1231 3470 1303 inquiunt,
3531 1228 3656 1282 mali

2088 1331 2222 1384 nihil
2251 1331 2442 1394 babes,
2480 1330 2576 1386 sed
2606 1344 2790 1400 surge,
2841 1327 2895 1382 in
2931 1340 3065 1398 poee
3098 1325 3167 1380 ad
3191 1324 3417 1379 domum
3448 1319 3535 1376 fac
3576 1337 3660 1375 re-

2086 1420 2282 1476 ditum.
2332 1419 2426 1476 Ille
2460 1430 2641 1475 autem
2679 1433 2991 1474 conversus
3030 1428 3154 1486 post
3203 1415 3350 1470 illam
3395 1408 3660 1467 visionem

2086 1526 2209 1580 qme
2241 1509 2486 1564 dolorem
2547 1515 2976 1580 compresserat,
3034 1520 3156 1562 cum
3205 1520 3267 1560 ea
3319 1502 3480 1558 simul
3532 1518 3659 1556 avo-

2088 1601 2232 1656 lasse
2277 1602 2654 1657 testiculorum
2715 1608 2962 1655 tumores
3029 1598 3313 1669 cognmil,
3364 1606 3419 1651 et
3472 1594 3659 1651 dolore

2089 1693 2437 1763 pessimaque
2481 1692 2778 1764 gravedine
2825 1692 3114 1754 liberatus,
3167 1689 3530 1756 laudibusque
3575 1702 3660 1742 re-

411 1778 478 1833 δι⁹
494 1779 673 1833 αὐτῶν
709 1779 807 1849 τὴν
833 1778 1145 1851 ἐλευθερίαν
1171 1779 1319 1850 αὑτῷ
1333 1781 1601 1850 ὀρέξαντα
1620 1781 1712 1834 τοῦ
1739 1783 1981 1853 νοσήμαο

2088 1782 2295 1838 dimitis
2327 1783 2660 1854 martyribus
2690 1782 2799 1853 qui
2833 1797 2895 1837 se
2932 1781 3045 1835 tali.
3070 1780 3440 1834 liberaverant
3484 1793 3513 1831 a
3548 1777 3661 1831 lan-

408 1892 528 1940 τος,
563 1874 923 1947 ἀπελήλυθεν.

410 2076 504 2127 ΙΖ’.
536 2074 674 2144 Περὶ
714 2074 983 2129 Ἰωάννου
1012 2074 1119 2145 τοῦ
1150 2074 1478 2145 Χριισώνου
1516 2073 1625 2129 τοῦ
1678 2075 1980 2145 σεσημμέ·

756 2161 905 2210 γους
927 2144 1071 2210 τοὺς
1090 2144 1323 2214 μηροὺς
1350 2146 1622 2214 ἔχοντος.

478 2234 586 2287 Καὶ
628 2236 874 2290 Ἰωάννου
903 2236 959 2290 δὲ
991 2236 1476 2307 μνημονεύσωμεν,
1512 2236 1612 2289 οὐκ
1650 2235 1839 2306 ἐπειδὴ
1866 2236 1977 2289 τῶν

414 2323 751 2395 εὐπατρίδων
776 2321 866 2396 ἦν,
908 2326 1003 2379 καὶ
1037 2326 1145 2379 τῶν
1181 2328 1273 2379 ἐπὶ
1314 2323 1502 2395 χρυσῷ
1537 2325 1981 2397 βρενθυνομένων

412 2408 725 2484 ἐτύγχανενο
766 2414 918 2468 ἔνθεν
949 2416 1058 2488 γὰρ
1088 2415 1498 2486 καὶΧρυσὼνης
1529 2417 1769 2485 ἐλέγετο.
1801 2417 1896 2469 τοῦ
1921 2435 1980 2471 τε

409 2505 690 2573 κτήματος
720 2505 925 2575 καὶτῆς
945 2506 1313 2577 ἐγχειρήσεως
1328 2509 1464 2576 πρὸς
1495 2506 1652 2560 τοῦτο
1677 2508 1838 2562 αὑτὸν
1855 2525 1981 2562 συν-

405 2595 691 2649 ωθούντων
701 2597 761 2650 τὺ
771 2597 960 2667 δνομα·
992 2599 1092 2651 οὐκ
1108 2599 1171 2653 ἂν
1188 2598 1296 2667 γὰρ
1323 2599 1366 2651 Χ
1375 2600 1625 2667 ρυσώνης
1649 2601 1742 2653 καὶ
1758 2618 1788 2669 χ
1795 2601 1981 2674 ρυσίου

406 2686 660 2756 χηρεύων
688 2688 920 2757 ἐλέγετο,
944 2691 991 2743 εἰ
1026 2690 1098 2760 μή
1132 2691 1318 2760 κτῆμα
1347 2690 1571 2758 χρυσίου
1601 2691 1983 2765 λαμπρότερον

376 2779 547 2849 ’πρδς
572 2779 682 2832 τῶν
710 2781 881 2848 ἁγίων
914 2784 1014 2851 τήν
1058 2782 1224 2853 ρῶσιν
1272 2782 1490 2847 ἐδέξατο
1520 2801 1533 2815 ο
1590 2785 1618 2838 δ
1665 2787 1760 2839 καὶ
1816 2789 1983 2841 πᾶσιν

408 2869 656 2937 ἀφθόνως
695 2875 810 2935 τοῖς
861 2873 1180 2944 προσιοῦσιν
1229 2874 1566 2945 χαρίζονται,
1629 2876 1834 2946 μηδένα
1882 2877 1981 2949 τῆς

409 2961 592 3013 αὐτῶν
649 2963 857 3035 δωρεᾶς
902 2965 1361 3037 ἀποστρέφοντες,
1412 2968 1460 3019 εἱ
1510 2968 1583 3038 μὴ
1629 2968 1749 3021 λίαν
1804 2987 1893 3033 τις

410 3049 664 3121 βδελυρὸς
731 3059 826 3109 καὶ
859 3055 960 3126 τῆς
998 3057 1179 3110 αὐτῶν
1209 3057 1529 3129 εὐεργεσίας
1560 3059 1799 3124 ἀνάξιος,
1829 3060 1864 3130 ἦ
1909 3056 2004 3114 δι”

408 3143 667 3196 ἀπιστίαν
699 3146 1119 3217 κληρωσάμενος
1145 3149 1205 3201 τὸ
1236 3149 1475 3214 ἀνάξιον,
1505 3150 1543 3220 ἢ·
1566 3149 1633 3203 δι’
1659 3151 1836 3220 ἔργων
1876 3168 1972 3219 μο-

408 3232 634 3302 χθηρῶν
665 3233 1060 3306 ἀνεπίστροφον
1100 3237 1379 3307 βούλησιν.
1400 3237 1541 3306 Ἐγὼ
1567 3240 1623 3293 δὲ
1656 3241 1749 3291 καὶ
1805 3241 1978 3312 ἐνὸςῆ

407 3322 659 3394 δευτέρου
679 3327 956 3398 προϊόντος
990 3328 1086 3382 τοῦ
1106 3330 1264 3397 λόγου
1289 3330 1532 3384 τοιούτου
1567 3333 1976 3403 μνησθήσομαι,

411 3416 685 3486 μηδεμίαν
709 3419 841 3488 πρὸς
865 3410 974 3472 τῶν
1006 3420 1178 3489 ἁγίων
1209 3421 1650 3492 καρπωσάμενος
1705 3426 1806 3495 τήν
1835 3425 1980 3494 ὼφὲ-

410 3505 588 3560 λειαν’
627 3509 714 3562 ἵνα
746 3509 953 3564 τούτων
984 3512 1074 3565 τὸν
1104 3513 1233 3582 περὶ
1269 3514 1505 3577 πίστεως
1536 3514 1702 3583 ζῆλον
1756 3517 1849 3570 καὶ
1878 3516 1981 3588 τὴν

411 3596 546 3669 πρὸς
570 3599 640 3651 τὰ
688 3599 867 3665 φαῦλα
899 3601 1010 3654 τῶν
1056 3601 1236 3671 ἔργων
1259 3603 1461 3667 εἰδότες
1495 3605 1815 3674 ἀπέχθειαν,
1849 3606 1981 3676 ἀρέ-

412 3704 564 3742 σκειν
592 3690 778 3754 αὐτοῖς
809 3692 937 3762 περὶ
966 3690 1084 3761 βίον
1116 3692 1212 3745 καὶ
1248 3694 1431 3746 πίστιν
1457 3693 1834 3758 σπουδάζοιεν.

494 3868 750 3940 Ἰωάννης
770 3865 863 3924 οὖν
888 3864 1042 3935 οὗτος
1067 3872 1097 3925 ό
1129 3875 1194 3943 τῇ
1222 3873 1316 3926 τοῦ
1339 3874 1559 3943 χρυσίου
1590 3876 1784 3945 κτήσεί
1817 3892 1875 3928 τε
1893 3878 1983 3930 καὶ

414 3959 759 4032 προσηγορίᾳ
785 3960 1183 4031 γαυρούμενος,
1200 3964 1342 4034 νόσῳ
1364 3963 1511 4036 δεινῇ
1532 3967 1976 4036 περιπέπτωκεν,

406 4047 531 4102 οὔτε
560 4049 705 4121 λόγῳ
728 4049 1028 4122 φατῇ.οὖτε
1054 4052 1241 4105 παισὶν
1270 4052 1473 4122 ἰατρῶν
1493 4053 1710 4125 εὐχερεῖ
1724 4054 1862 4126 πρὸς
1883 4054 1982 4128 τὴν

408 4140 552 4194 ἴασιν
578 4157 593 4172 °
626 4143 755 4204 τοὺς
803 4143 911 4214 γὰρ
938 4143 1149 4213 μηροὺς
1173 4144 1202 4194 δ
1247 4142 1387 4216 ἀνὴρ
1415 4145 1490 4210 ὡς
1523 4145 1588 4199 ἐκ
1640 4163 1787 4211 τινος
1827 4146 1980 4212 θείας

404 4232 576 4300 ὀργῆς
605 4232 1008 4286 κατεδάπτετοο
1047 4233 1140 4287 καὶ
1172 4233 1440 4299 σαπέντος
1482 4236 1649 4290 αὐτοῦ
1703 4236 1800 4291 τοῦ
1851 4239 1978 4304 τοὺς

409 4324 615 4392 μηροὺς
636 4325 979 4397 περιέχοντος
1004 4325 1292 4396 δέρματος,
1323 4326 1417 4380 καὶ
1443 4327 1706 4384 πάντοθεν
1730 4329 1799 4384 δι’
1815 4331 1984 4404 ὑπερ-

405 4414 568 4484 ϐολὴν
588 4416 950 4487 διερῥωγότος
973 4416 1071 4486 τῆς
1102 4416 1342 4487 σήψεως,
1373 4419 1429 4470 αί
1459 4418 1660 4490 σάρκες
1685 4421 1742 4473 αἱ
1792 4422 1970 4503 τούτῳ
2010 4449 2051 4504 D

403 4505 814 4575 καλυπτόμεναι
855 4506 1140 4579 πρότερον,
1194 4508 1292 4561 τοῦ
1340 4509 1542 4563 οἰκείου
1599 4498 1970 4582 γυμνωθείσαι

404 4596 642 4664 πάμπαν
668 4595 988 4666 ἐνδύματος,
1018 4597 1116 4651 καὶ
1148 4596 1354 4668 ἔνδυμα
1397 4597 1427 4650 δ
1457 4599 1595 4670 πρὸς
1622 4600 1724 4670 τῆς
1761 4601 1978 4671 φύσεως

402 4684 594 4755 ἔλαχον
628 4685 990 4753 ἀπολέσασαι,
1021 4686 1389 4757 χωριζόμεναι
1422 4689 1533 4743 τῶν
1591 4692 1805 4746 ὀστέων
1858 4695 1970 4747 ἀπο

402 4777 655 4839 έπιπτον,
703 4776 784 4841 τῷ
819 4776 1225 4847 περιστέλλοντι
1259 4780 1402 4833 κατά
1429 4780 1602 4853 βραχὺ
1632 4784 1978 4855 συνσηπόμε-

400 4884 489 4920 ναι
513 4866 745 4940 δέρματι
778 4867 876 4921 καὶ
905 4868 1042 4939 πρὸς
1072 4869 1177 4940 γῆν
1206 4872 1634 4942 καταρρέουσαι.

483 4958 569 5027 Ὡς
589 4960 647 5014 δὲ
678 4960 874 5031 χρόνον
896 4961 1090 5031 συχνὸν
1112 4963 1170 5016 ἐν
1205 4965 1272 5034 τῇ
1294 4965 1435 5034 νόσῳ
1459 4964 1733 5037 διέτριψεν
1774 4968 1978 5040 ψυχρο-

398 5048 608 5117 λογίαις
653 5052 853 5122 ίατρῶν
906 5052 1270 5125 ἀπατώμενος
1315 5057 1413 5109 καὶ
1461 5057 1630 5128 μηδὲν
1678 5059 1737 5124 ἐξ
1794 5062 1978 5115 αὐτῶν

396 5139 808 5210 ὠφελούμενος,
836 5144 884 5196 εί
912 5144 986 5216 μὴ
1018 5145 1177 5214 λόγον
1228 5147 1310 5212 είς
1356 5146 1497 5218 ἀέρα
1551 5146 1830 5220 λυόμενον,
1883 5154 1978 5207 καὶ

399 5229 493 5284 τοῦ
520 5231 836 5302 τραύματος
862 5234 962 5305 οὐχ
998 5236 1305 5307 ἁπτόμενον
1328 5251 1345 5269 °
1372 5240 1432 5291 ού
1481 5238 1587 5310 μὴν
1619 5240 1756 5295 ἀλλὰ
1794 5242 1889 5295 καὶ
1917 5242 1977 5296 τὸ

397 5320 616 5392 χρόνιον
636 5322 734 5377 τοῦ
762 5327 1091 5397 νοσήματος,
1116 5331 1210 5383 καὶ
1237 5330 1298 5384 τὸ
1326 5333 1449 5394 ταῖς
1481 5331 1776 5403 ἀλγηδόσιν
1803 5333 1975 5389 ἐλεει-

400 5410 507 5476 νῶς
538 5413 991 5486 ἐγκατακεῐσθαι,
1052 5418 1204 5489 μόλις
1244 5420 1377 5474 ποτέ
1426 5423 1520 5475 καὶ
1570 5422 1633 5476 τὺ
1688 5424 1823 5495 πρὸς
1873 5414 1977 5498 τῆν

401 5502 555 5561 νόσον
595 5504 858 5562 ἀδύνατον
903 5508 963 5576 ἐξ
1023 5510 1417 5582 Ἱπποκράτους
1467 5514 1778 5583 ἐκέρδαινεν
1804 5557 1818 5581 ,
1879 5518 1975 5574 καὶ

399 5596 619 5665 μακρὰν
649 5598 861 5671 χαίρειν
909 5603 1663 5674 αὑτοῖς,προσφθεγξάμενος,
1694 5608 1754 5661 τὸ
1786 5609 1971 5682 Κύρου

399 5686 493 5742 al
533 5687 780 5745 Ἰωάννου
810 5691 1086 5765 θεωρητδν
1153 5696 1388 5765 ίατρεῖον
1434 5697 1758 5754 κατέλαϐεν.
1800 5702 1861 5753 Ol
1912 5701 1968 5754 δὲ

2088 1888 2278 1943 guore,
2316 1874 2596 1930 Christum
2626 1875 2719 1943 qui
2754 1888 2852 1942 per
2879 1887 2984 1928 eos
3010 1871 3116 1927 sibi
3161 1871 3303 1925 hanc
3351 1869 3660 1924 libertatem

2087 1972 2402 2034 porrexerat
2431 1965 2704 2034 passionis
2734 1962 3083 2036 glorificavit,
3139 1969 3307 2029 atque
3336 1960 3580 2015 recessit.

2154 2073 2317 2129 XVll.
2365 2073 2438 2130 De
2459 2073 2672 2130 Joanne
2699 2073 2973 2197 Chiryzon‘e
2995 2074 3086 2144 qui
3113 2072 3412 2142 putrefacta
3443 2072 3652 2143 femora

2804 2162 2833 2197 a
2874 2161 2925 2197 ut
2961 2186 2973 2197 .

2804 2153 2973 2200 abuit.

2156 2237 2222 2291 Et
2267 2237 2498 2294 Joannis
2557 2253 2777 2308 quoque
2825 2237 3149 2291 memoriam
3213 2235 3500 2299 faciemus,
3551 2250 3659 2288 non

2083 2326 2210 2393 quia
2241 2325 2440 2380 nobilis
2473 2335 2594 2381 erat
2614 2343 2678 2381 ex
2712 2326 2797 2381 his
2835 2312 2929 2396 qui
2969 2341 3138 2397 super
3164 2339 3303 2380 auro
3342 2340 3401 2380 se
3424 2325 3661 2395 iactant,

2086 2413 2215 2467 hinc
2240 2414 2385 2469 enim
2411 2421 2464 2469 et
2488 2413 2801 2486 Cltrysones
2832 2415 3136 2480 diceretur,
3183 2415 3417 2487 pecunia
3462 2423 3517 2468 et
3556 2413 3664 2469 olli-

2084 2504 2171 2559 rio
2198 2503 2263 2558 ad
2293 2505 2397 2561 hoc
2417 2520 2541 2561 eum
2569 2506 3026 2578 compellentibus
3056 2522 3251 2562 nomen
3280 2521 3491 2577 :neque
3516 2505 3660 2561 enim

2085 2592 2401 2665 Chrysones
2431 2604 2485 2650 et
2508 2611 2643 2650 auro
2703 2611 2813 2652 non
2846 2595 3151 2653 destitutus
3204 2596 3511 2664 diceretur,
3554 2597 3658 2651 nisi

2084 2686 2375 2742 sanitatem
2407 2702 2521 2742 rem
2555 2689 2810 2745 videlicet
2860 2704 2996 2745 auro
3044 2690 3429 2762 fulgentiorem
3477 2705 3505 2744 a
3533 2705 3663 2745 sau-

2085 2774 2190 2831 ctis
2235 2791 2331 2845 per
2380 2775 2539 2831 tidem
2572 2778 2763 2849 utique
2813 2779 3167 2849 percepisset,
3207 2794 3369 2849 quam
3403 2778 3662 2834 omnibus

2086 2862 2154 2918 ad
2195 2878 2254 2918 se
2303 2864 2697 2922 accedentibus
2733 2867 2955 2939 copiose
3005 2864 3333 2939 largiuntur,
3387 2867 3660 2920 neminem

2084 2967 2115 3007 a
2144 2968 2246 3009 suo
2288 2970 2517 3012 munere
2551 2965 2880 3024 avertentes,
2905 2960 3010 3015 nisi
3048 2959 3170 3030 quis
3224 2957 3388 3014 nimis
3422 2959 3494 3014 sit
3527 2958 3659 3013 abo-

2086 3044 2375 3102 minandus
2401 3086 2417 3112 ,
2483 3056 2538 3102 et
2578 3048 2843 3104 beneficio
2873 3065 3064 3104 eorum
3122 3064 3346 3120 prorsus
3376 3046 3658 3119 indiguus,

2085 3138 2173 3190 vel”
2198 3137 2268 3191 ob
2315 3138 2752 3195 incredulitatem
2787 3142 3077 3208 sentiatur,
3105 3148 3165 3196 ut
3200 3140 3462 3211 indiguus
3512 3142 3662 3196 exsi-

2082 3234 2210 3290 stat,
2242 3236 2333 3281 aut
2374 3243 2471 3299 per
2511 3245 2678 3302 opera
2738 3232 2882 3284 mala
2941 3231 3414 3287 iucouvertibiletn
3470 3231 3663 3287 habeat

2081 3320 2593 3392 voluntatem.Ergo
2622 3328 2714 3376 aut
2748 3323 2911 3377 unius
2955 3324 3035 3378 vel
3057 3323 3312 3388 duorum,
3337 3321 3663 3393 procedente

2083 3412 2352 3475 sermone,
2373 3411 2682 3481 huiusmodi
2710 3415 3025 3468 memoriam
3056 3412 3441 3483 facietntts,qui
3462 3414 3663 3467 nullius

2083 3504 2330 3558 utilitatis
2396 3505 2677 3559 consecuti
2740 3516 2867 3560 sunt
2925 3506 3207 3568 fructum,
3269 3502 3335 3557 ad
3393 3504 3663 3558 cautelam

2083 3606 2270 3645 eorum
2320 3594 2411 3661 qui
2444 3602 2601 3647 erunt
2638 3594 2980 3663 posrmodum
3026 3593 3331 3669 accessuri,
3366 3601 3426 3647 ut
3468 3593 3660 3646 horum

2084 3698 2184 3752 pro
2220 3682 2324 3739 ﬁde
2379 3685 2661 3749 zelum,et
2701 3696 2888 3739 contra
2924 3700 3084 3754 prava
3126 3699 3289 3754 opera
3321 3684 3659 3738 inimicitiam

2085 3789 2191 3828 non
2237 3774 2570 3844 ignorantes,
2616 3778 2722 3830 vita
2768 3776 2875 3832 illis
2903 3784 2957 3831 et
3007 3775 3111 3831 fide
3138 3778 3353 3846 placere
3384 3774 3660 3830 festinent.

2157 3863 2345 3935 Itaque
2380 3863 2622 3923 Joannes
2662 3867 2786 3931 iste,
2837 3866 2929 3937 qui
2966 3867 3084 3920 auri
3117 3867 3470 3937 possessione
3500 3876 3663 3935 atque

2084 3955 2450 4026 appellatione
2471 3956 2832 4028 gloriabatur,
2882 3958 3199 4028 languorem
3241 3959 3479 4013 incurrit
3503 3973 3659 4013 accr-

2084 4047 2311 4110 rituum,
2371 4048 2466 4118 qui
2526 4049 2749 4104 scilicet
2812 4064 2913 4104 nec
2957 4050 3022 4103 ad
3061 4049 3286 4105 landum
3327 4052 3495 4106 verbo
3536 4064 3662 4120 pos-

2082 4136 2280 4199 sibilis,
2334 4152 2435 4192 nec
2487 4147 2604 4193 erat
2655 4138 2990 4192 medicorum
3087 4137 3377 4207 discipulis
3435 4137 3659 4207 facilis;

2084 4227 2259 4281 femur
2281 4232 2480 4299 quippe
2515 4228 2682 4299 hujus
2716 4229 2819 4284 viri
2849 4229 3101 4301 quaedam
3144 4230 3304 4302 quasi
3346 4230 3530 4286 divina
3577 4232 3660 4286 ira

2082 4318 2392 4385 mandebat,
2432 4327 2487 4375 et
2524 4334 2651 4374 eum
2703 4320 2861 4391 pellis
2885 4336 3009 4391 quae
3055 4320 3234 4378 femur
3274 4324 3659 4378 circumdabat

2084 4409 2376 4477 labefacta,
2415 4420 2469 4465 et
2503 4412 2745 4481 undique
2790 4412 3070 4468 nimietate
3102 4414 3454 4483 putretlinum
3501 4416 3661 4469 dit-u-

2082 4510 2171 4573 pta
2202 4501 2416 4568 fuisset,
2461 4518 2655 4559 carnes
2686 4520 2806 4575 quae
2858 4505 2961 4560 hae
3017 4506 3359 4570 relabantur,
3408 4508 3661 4576 primitus

2082 4593 2305 4669 proprio
2337 4590 2624 4655 dettudatte
2677 4600 2890 4669 penitus
2939 4600 3277 4663 indumento,
3302 4610 3354 4657 et
3381 4604 3540 4659 molis
3575 4612 3662 4659 tu-

2083 4703 2234 4743 more
2277 4704 2438 4760 quem
2486 4705 2516 4743 a
2549 4698 2742 4745 natura
2772 4693 2979 4746 sortitae
3008 4690 3223 4746 fuerant
3243 4694 3472 4762 perdito,
3499 4710 3659 4764 sepa-

2081 4790 2212 4835 ratae
2261 4780 2331 4837 ab
2364 4781 2584 4837 ossibus
2633 4783 2977 4849 decidebant,
3006 4799 3130 4838 cum
3164 4794 3379 4855 tegente
3430 4801 3491 4841 se
3522 4787 3660 4856 pelle

2082 4873 2336 4943 paulatim
2370 4873 2423 4928 in
2446 4873 2785 4944 putredinem
2815 4889 3003 4939 versae,
3027 4882 3082 4929 ct
3100 4875 3171 4928 ad
3192 4884 3390 4929 terram
3412 4876 3654 4946 dilapsae.

2148 4963 2394 5035 Cumque
2442 4974 2687 5034 tempore
2734 4966 2906 5020 multo
2940 4965 2995 5019 in
3030 4965 3295 5036 languore
3351 4966 3652 5037 deguisset,

2080 5054 2295 5126 frigidis
2335 5064 2388 5111 et
2437 5055 2726 5111 inutilibus
2778 5056 2943 5110 dictis
2981 5055 3317 5111 medicorum
3360 5058 3644 5126 deceptus,

2078 5157 2135 5204 et
2166 5147 2304 5202 nihil
2358 5148 2426 5202 ab
2457 5149 2540 5204 eis
2587 5148 2692 5203 nisi
2719 5175 2726 5182 -
2755 5149 2874 5202 sola
2932 5147 3094 5203 verba
3151 5165 3273 5220 qua)
3314 5162 3420 5202 non
3453 5149 3652 5203 vulnus

2078 5246 2333 5310 tangunt,
2382 5239 2476 5295 sed
2530 5240 2909 5295 dissolvuntur
2967 5240 3022 5295 in
3074 5255 3222 5307 aere,
3274 5236 3717 5323 perceltissctz“

2078 5333 2212 5402 quin
2248 5332 2432 5402 potius
2472 5343 2527 5386 et
2558 5347 2588 5387 e
2641 5331 2863 5388 diverso
2923 5335 3302 5388 morositatem
3371 5334 3653 5402 languoris
3703 5334 3748 5364 '~'

2078 5437 2144 5480 ac
2167 5423 2421 5479 dolorum
2454 5423 2823 5480 miserabilem
2860 5425 3032 5478 labent
3063 5423 3273 5480 d.utius
3314 5422 3653 5495 pertulisset,

2077 5515 2165 5571 vix
2211 5515 2432 5572 tandem
2482 5516 2763 5585 languoris
2801 5517 3305 5584 iutpossibilitatem
3341 5517 3412 5571 ab
3450 5513 3656 5586 Hippo—

2077 5620 2225 5663 crate
2281 5608 2418 5663 lucri
2476 5624 2535 5664 se
2571 5610 2765 5664 fecisse
2816 5607 3202 5664 tantummodo
3253 5611 3450 5675 sensit,
3510 5607 3657 5662 unde
3749 5659 3769 5678 ,ξ

2077 5700 2154 5758 illi
2188 5702 2365 5759 valere
2413 5703 2573 5776 longe
2607 5706 2878 5773 ptol'ritus,
2914 5700 2979 5753 ad
3010 5701 3134 5771 (Zyri
3185 5698 3526 5770 Joannisque
3575 5695 3660 5751 ὧ·
