4020 6204
370 331 506 396 3ιὶῗτ
1343 337 1447 399 SS.
1490 337 1665 399 CYRI
1696 335 1789 395 ET
1821 329 2145 394 JOANNIS
2179 331 2570 391 MIRACULA
3495 323 3634 383 τιιτκ

365 449 581 515 ῥώσεως
596 445 687 500 τὸν
711 446 908 518 τρόπον
935 447 1250 518 μηνύοντες.
1267 449 1401 502 ’Υπὲ
1411 444 1952 521 ρορθρον,φασ“ιν,τῆς

2062 440 2266 507 luculo,
2306 443 2581 511 inquiunt,
2632 453 2660 492 a
2702 445 2872 492 strato
2915 448 3278 501 consurgens,
3325 432 3388 483 ad
3425 449 3633 502 portam

361 537 654 608 στρωμνῆς
686 540 1048 608 ἀνιστάμενος
1067 541 1159 593 ἐπὶ
1179 541 1355 610 πύλην
1385 542 1481 610 τὴν
1510 543 1644 610 πρὸς
1667 539 1947 593 θάλασσαν

2053 551 2176 603 qtue
2207 534 2273 588 ad
2316 548 2462 587 mare
2493 533 2647 586 ducit
2694 530 2977 598 egredere,
3010 541 3133 596 quae
3163 524 3350 595 templi
3389 525 3635 578 exterius

358 628 519 696 ἔξιθι,
539 630 662 700 ἥτις
681 630 773 682 τὸν
799 630 904 696 ἔξω
920 630 1018 684 τοῦ
1055 631 1160 684 νεὼ
1189 633 1491 703 περικλείει
1513 631 1822 702 περίϐολον·
1853 631 1945 682 καὶ

2055 626 2260 680 claudit
2293 626 2622 681 vestibulum
2651 641 2666 688 ;
2691 633 2745 677 et
2775 637 2924 684 eum,
2950 620 3044 690 qui
3073 618 3170 671 tibi
3203 617 3403 670 obvius
3441 614 3635 677 fuerit,

358 725 501 778 κατά
527 723 626 792 τῆς
656 725 907 791 σιαγόνος
929 724 1020 776 τὸν
1055 725 1379 779 ὑπαντῶντα
1441 725 1800 794 εὑτενέστερα
1846 723 1945 792 ῥά·-

2054 717 2108 771 in
2145 719 2365 771 maxilla
2406 716 2619 770 fortiter
2645 717 2802 785 alapa
2834 721 3097 784 percute;
3136 725 3245 780 quo
3272 708 3435 775 facto,
3463 725 3638 778 a‘gro-

360 833 538 872 πισονο
575 821 670 871 καὶ
699 817 858 871 τοῦτο
891 820 1145 884 ποιήσας,
1170 821 1264 872 τοῦ
1295 819 1594 888 προσόντος
1624 834 1706 870 σοι
1745 815 1947 878 πάθους

2054 808 2281 874 latione,
2307 824 2470 878 quam
2503 805 2979 870 hahes,coutiuuo
3020 801 3366 856 liberaberis.
3415 800 3481 853 At
3523 799 3633 858 ille,

361 909 459 979 τὴν
493 908 662 979 ρῶσιν
699 907 882 979 εὕροις
909 909 1208 978 ταχύτατα.
1229 910 1286 961 '0
1317 909 1398 974 δὲ,
1447 908 1753 976 φαντασίαν
1805 903 1948 959 εἷναι

2054 900 2401 971 phantasiam
2463 914 2584 952 esse
2626 897 2772 967 quod
2811 901 3147 967 apparuerat
3195 891 3468 961 cogitans,
3504 890 3635 944 nihil

359 999 420 1051 τδ
448 1000 616 1067 φανὲν
666 999 1040 1068 ἡγησάμενος,
1087 999 1239 1052 οὐδὲν
1281 999 1390 1051 τῶν
1423 999 1561 1070 πρὸς
1597 999 1707 1051 τῶν
1774 999 1946 1067 ἁγίων

2052 1007 2243 1046 eorum
2292 1006 2413 1059 quae
2454 990 2609 1058 jussa
2660 989 2765 1043 sibi
2814 1003 2842 1041 a
2876 985 3087 1042 sanctis
3111 981 3346 1048 fuerant,
3388 983 3498 1054 egit
3542 990 3639 1036 :et

362 1089 660 1158 λεχθέντων
686 1090 837 1158 αὐτῷ
866 1089 1196 1159 διεπράξατο
1221 1107 1234 1119 ·
1282 1091 1375 1143 καὶ
1399 1090 1478 1154 δὶς
1501 1091 1557 1142 δὲ
1592 1089 1750 1143 τοῦτο
1777 1094 1949 1144 ποιεῖν

1792 1094 1952 1144 τοιεῖν
1997 1138 2009 1149 ,
2052 1085 2140 1139 bis
2168 1087 2268 1138 hoc
2311 1083 2489 1138 facere
2522 1084 2712 1152 jussus
2736 1097 2833 1152 per
2856 1080 3057 1145 visum,
3087 1093 3194 1132 non
3231 1075 3379 1131 fecit.

365 1181 683 1243 κελευσθεὶς
705 1181 776 1234 δι’
806 1183 1105 1253 δράματος,
1142 1183 1202 1235 οὐ
1239 1181 1567 1253 πεποίηκεν.
2247 1176 2254 1180 ”
3124 1229 3130 1235 .

433 1269 508 1322 Τὸ
549 1270 736 1339 τρίτον
763 1270 819 1324 δὲ
859 1269 968 1322 τῶν
1022 1272 1320 1342 μαρτύρων
1367 1273 1650 1334 εἰπόντων,
1703 1271 1946 1342 πυθόμε-

2118 1267 2309 1322 Tertio
2359 1275 2541 1319 autent
2582 1263 2649 1317 ad
2703 1262 2882 1333 ipsqu
2939 1257 3146 1315 sanctis
3187 1255 3534 1317 dicentibus,
3583 1262 3636 1307 et

364 1378 455 1426 νος
510 1361 588 1425 ώς
633 1363 682 1414 εί
719 1363 796 1433 μὴ
840 1363 997 1416 τοῦτο
1042 1365 1343 1434 ποιήσειεν,
1393 1363 1494 1431 τῆς
1531 1365 1688 1435 φίλης
1719 1365 1779 1417 οὑ
1826 1365 1951 1416 τεύ-

2053 1369 2335 1428 comperto
2374 1357 2464 1410 ille
2487 1353 2655 1424 quod,
2691 1351 2796 1407 nisi
2823 1352 2930 1405 hoc
2962 1347 3496 1410 faceret,sauitatem
3529 1356 3637 1394 non

368 1454 521 1520 ξεται
565 1453 811 1525 ῥώσεως,
829 1455 1077 1526 ἐγερθεὶς
1097 1433 1198 1525 τῆς
1230 1458 1521 1528 στρωμνῆς
1545 1433 1824 1526 690th~1615
1835 1474 1949 1527 ρον,

2053 1458 2201 1506 esset
2233 1449 2634 1518 impctraturus
2664 1450 2928 1500 amatam.
2958 1439 3116 1495 ralde
3146 1451 3307 1492 mane
3332 1433 3571 1492 surrexit
3609 1449 3638 1484 c

365 1545 456 1598 τὸν
489 1545 773 1616 δειχθέντα
802 1545 1023 1598 πυλῶνα
1081 1526 1412 1616 κατείληφεν
1439 1563 1452 1576 ο
1506 1526 1850 1618 στρατιώτην
1893 1547 1950 1600 δέ

2053 1541 2280 1602 lectulo,
2314 1546 2367 1595 et
2396 1539 2460 1592 ad
2490 1547 2774 1592 ostensam
2820 1533 2923 1588 sibi
2970 1539 3184 1602 portam
3221 1528 3506 1599 pervenit;
3537 1526 3639 1578 mi-

367 1653 485 1689 τινα
519 1636 663 1690 κατὰ
692 1638 791 1705 τὴν
827 1635 1004 1707 πύλην
1055 1636 1204 1706 αὐτῷ
1249 1638 1681 1706 συναντήσαντα,
1736 1636 1832 1689 καὶ
1883 1639 1950 1708 τῇ

2056 1634 2202 1688 litem
2230 1646 2358 1686 vero
2389 1627 2678 1700 quemdam
2721 1625 2874 1696 juxta
2917 1633 3130 1693 portam
3155 1619 3370 1673 obviam
3415 1618 3519 1672 sibi
3555 1631 3642 1669 ve-

371 1728 473 1796 μὲν
512 1728 742 1799 παλάμῃ
777 1729 972 1800 ράθδον
1005 1727 1363 1797 βαστάζοντα,
1400 1731 1466 1799 τῇ
1497 1729 1551 1782 δὲ
1601 1730 1802 1800 καρδία
1859 1730 1952 1783 τὸν

2057 1723 2324 1786 nieutem,
2359 1721 2452 1790 qui
2483 1719 2694 1787 virgam
2731 1715 2951 1786 quidem
2985 1715 3038 1767 in
3071 1728 3236 1766 manu
3279 1711 3517 1774 tenebat,
3548 1709 3641 1763 sed

371 1819 543 1888 θυμὸν
593 1820 854 1882 ὡσαύτως
904 1823 1227 1892 κατέχοντα,
1288 1821 1510 1892 ῥαπίζει
1549 1822 1754 1892 σφόδρα
1811 1823 1952 1876 κατά

2063 1819 2303 1871 furorem
2340 1813 2394 1867 in
2423 1811 2592 1866 corde
2623 1810 2856 1864 minime
2889 1807 3230 1871 continebat,
3283 1803 3460 1858 valida
3509 1800 3650 1857 ceci-

373 1911 473 1979 τῆς
501 1913 746 1981 σιαγόνος
779 1913 876 1976 τὴν
909 1913 1124 1983 πληγὴν
1157 1915 1545 1984 ποιησάμενος.
1596 1915 1654 1967 Ὀ
1687 1917 1744 1968 δὲ
1783 1933 1951 1985 στρα-

2062 1905 2144 1960 dit
2168 1906 2348 1972 alapa,
2378 1903 2594 1973 plagam
2636 1900 2691 1953 in
2733 1898 2952 1952 maxilla
2982 1893 3524 1950 vehementissimam
3569 1888 3647 1944 fa-

376 2004 606 2075 τιώτης,
642 2006 918 2077 μελλήσας
945 2010 1116 2074 οὐδὲν,
1140 2007 1276 2062 ἀλλά
1333 2009 1631 2078 σύνδρομον
1662 2008 1736 2078 τῷ
1787 2008 1953 2080 ῥαπί-

2063 1997 2236 2054 ciens.
2267 1995 2419 2048 Miles
2443 2003 2650 2057 autem,
2676 1990 2810 2043 nihil
2842 1988 3069 2042 omnino
3099 1986 3410 2056 negligens,
3442 1981 3536 2038 sed
3561 1981 3645 2035 sui

375 2105 546 2166 apart
573 2099 670 2169 τὴν
701 2098 894 2153 ἑαυτοῦ
921 2101 1243 2170 ποιούμενος
1271 2101 1500 2170 ἄμυναν,
1525 2100 1621 2170 τὴν
1652 2100 1956 2172 βακτηρίαν

2064 2087 2269 2144 cursim
2319 2100 2418 2155 pro
2473 2083 2630 2152 alapa
2687 2079 3019 2133 retribuens-
3062 2077 3348 2138 ultionem,
3396 2074 3647 2128 baculum

375 2189 538 2253 εὐθὺς
564 2191 926 2257 ἀνατείνεται,
965 2195 1058 2244 καὶ
1083 2192 1174 2244 τὸν
1217 2192 1524 2264 ῥαπίσαντα
1573 2192 1752 2264 ταύτῃ
1813 2195 1956 2246 κατὰ

2065 2179 2367 2236 confestim
2400 2173 2674 2236 extendit,
2697 2180 2750 2227 et
2790 2185 2914 2226 eum
2950 2170 3040 2239 qui
3063 2183 3122 2222 se
3145 2172 3519 2237 percusserat,
3547 2164 3649 2218 hoc

379 2281 468 2334 τοῦ
500 2285 735 2352 κράνους
761 2283 1118 2354 ἀντέπληξεν,
1167 2285 1538 2355 στερεωτέραν
1576 2285 1715 2338 πάνυ
1745 2285 1958 2355 πληγὴν

2066 2275 2120 2328 in
2169 2271 2350 2340 capite
2392 2265 2753 2339 repercussit,
2797 2263 3080 2318 fortiorem
3134 2260 3346 2330 plagam
3392 2273 3453 2312 ea
3487 2273 3649 2325 quant

380 2374 451 2438 ὼς
483 2345 590 2446 λρὴ
623 2375 874 2446 ῥιπίζειν
903 2345 1218 2449 ἦς’έλαθεν.
1257 2345 1470 2442 ίιαῦὶιοξ
1503 2378 1558 2433 δὲ
1591 2378 1689 2449 τὴν
1745 2345 1958 2450 π>ιτί⁴ί⁴θν

2069 2381 2233 2421 manu
2274 2367 2564 2432 acceperat
2603 2359 2850 2426 infligere
2895 2351 3098 2408 baculo
3139 2357 3412 2416 satagens.
3444 2345 3649 2399 Paulus

381 2467 518 2519 κατὰ
543 2467 643 2534 τῆς
692 2469 937 2538 κεφαλῆς
974 2469 1243 2538 τοσαύτην
1281 2469 1597 2539 δεξάμενος,
1644 2470 1834 2523 πίπτει
1858 2487 1959 2540 χα-

2069 2473 2202 2514 sane
2240 2451 2556 2524 lutjusmodi
2611 2450 2768 2518 plaga
2806 2453 3024 2516 recepta
3062 2443 3117 2498 in
3163 2443 3366 2513 capite,
3422 2439 3569 2494 cadit
3599 2440 3649 2492 iu

385 2559 483 2626 μαι
545 2537 900 2628 τραυματίας
921 2537 1234 2628 γενόμενος,
1288 2562 1382 2614 καὶ
1418 2537 1612 2632 ἡβρύων
1671 2537 1960 2631 αἵματί-τε

2070 2558 2274 2604 terram
2310 2545 2634 2599 vulneratus
2673 2542 2926 2601 effectus,
2979 2551 3030 2593 et
3074 2537 3400 2606 sanguinem
3431 2549 3493 2586 ac
3529 2549 3575 2582 v.
3598 2548 3652 2585 r-

383 2651 476 2703 γαὶ
511 2649 770 2720 σκώληξι,
789 2651 882 2704 καὶ
912 2653 1120 2714 πάντας
1150 2651 1437 2704 ἀποϐαλὼν
1457 2654 1580 2710 τοὺς
1605 2650 1753 2704 ἔνδον
1785 2651 1967 2722 ὑπάρ-

2071 2655 2189 2694 mes
2257 2635 2583 2700 eﬂ'undens;
2657 2647 2780 2688 nam
2848 2629 3128 2694 omnibus,
3187 2643 3327 2698 quos
3391 2625 3655 2679 habuerat

385 2759 578 2812 χοντα;
621 2741 930 2814 σκώληκας,
970 2743 1200 2806 πολλούς
1247 2760 1304 2796 τε
1333 2743 1453 2798 λίαν
1478 2743 1820 2814 ὑπάρχοντας
1868 2744 1965 2817 καὶ

2072 2732 2398 2793 introrsum,
2453 2725 2668 2796 ejectis,
2727 2723 2855 2778 licet
2887 2722 3042 2776 multi
3069 2719 3296 2781 fuerint,
3317 2729 3370 2772 et
3395 2734 3500 2771 nou
3529 2732 3653 2787 par-

385 2831 616 2898 ἀφειδῶς
649 2831 812 2886 αὑτὸν
847 2833 1252 2898 κατεσθίοντας,
1278 2833 1654 2902 ἀπηλλάττετο
1683 2833 1775 2886 τοῦ
1808 2835 1964 2904 voci;-

2071 2832 2264 2880 centes
2284 2837 2343 2878 se
2361 2817 2764 2881 devoraverint,
2783 2814 3071 2870 redimitur
3094 2829 3121 2866 a
3149 2813 3429 2883 languore,
3443 2810 3658 2864 rodent-

391 2940 581 2990 ματος,
611 2923 936 2995 ἀπαλλαγὴν
966 2925 1142 2996 εὑρὼν
1177 2925 1608 2995 ἀπροσδόκητον,
1642 2925 1822 2996 πληγῇ
1876 2903 1966 2995 χα-

2075 2918 2315 2988 ptiouem
2369 2915 2706 2984 insperatam
2756 2909 3059 2980 reperiens,
3091 2907 3304 2977 plagam
3348 2903 3452 2959 sibi
3484 2904 3659 2958 dona-

393 3014 669 3084 ρισθεῖσαν
699 3017 794 3068 καὶ
825 3016 1125 3086 τραύματι.
1163 3017 1271 3070 Καὶ
1297 3018 1357 3070 τὸ
1384 3017 1610 3088 τραῦμα
1670 3017 1727 3070 δὲ
1768 3015 1964 3071 θᾶττον

2075 3019 2240 3065 tame
2277 3007 2522 3062 vulnere.
2565 3003 2748 3059 Porro.
2775 3003 3052 3058 maturius
3081 3001 3375 3056 sanitatem
3421 2999 3661 3054 \ulneris

393 3107 516 3177 ἰάθη
544 3123 562 3143 ο
594 3109 655 3162 ού
689 3109 797 3179 γὰρ
823 3108 1046 3180 τραῦμα
1068 3108 1228 3162 τοῦτο
1253 3109 1318 3163 ἂν
1348 3109 1618 3178 εἴποιμεν,
1636 3109 1770 3162 ἀλλὰ
1803 3111 1967 3181 τραύ-

2076 3095 2409 3172 consecutus
2425 3107 2528 3154 est.
2561 3097 2677 3153 Non
2702 3107 2885 3152 autem
2910 3097 3012 3150 hoc
3052 3095 3251 3150 vulnus
3279 3093 3477 3146 merito
3509 3093 3663 3146 dixe-

393 3215 562 3268 ματος
595 3199 908 3268 φάρμακον,
941 3198 1035 3252 καλ⁴
1065 3198 1221 3251 νόσου
1275 3198 1547 3269 βοήθημα,
1577 3201 1668 3253 καὶ
1716 3200 1973 3272 παθήμα-

2077 3197 2203 3258 rim,
2269 3194 2365 3250 sed
2415 3191 2716 3247 remedium
2772 3189 3040 3254 vulneris,
3091 3199 3149 3244 et
3188 3187 3472 3258 languoris
3504 3187 3659 3238 auxi-

389 3309 480 3355 τος
520 3292 888 3364 ἕμπλαστρον,
917 3294 1012 3346 καλ⁵
1056 3291 1356 3356 κακώσεως
1389 3291 1534 3344 ἴασιν
1565 3311 1579 3325 ⁸
1605 3294 1701 3346 καὶ
1760 3293 1973 3347 τελείαν

2079 3291 2234 3353 litim,
2295 3295 2351 3340 et
2410 3285 2688 3357 passionis
2714 3283 3072 3354 emplastrqu
3116 3281 3184 3336 ad
3210 3281 3499 3336 sanitatem
3529 3278 3666 3333 allii-

390 3386 489 3452 την
514 3382 683 3452 ρὦιν
713 3380 1077 3450 δρεψάμενος,
1108 3379 1278 3451 ὕμνον
1308 3377 1478 3434 εἰπὼν
1514 3383 1595 3444 είς
1641 3381 1767 3444 τοὺς
1829 3383 1974 3454 μάρ-

2077 3381 2300 3434 ctiouis.
2349 3379 2413 3432 Et
2472 3377 2711 3447 perfecta
2760 3374 3028 3446 sospitate
3081 3382 3340 3444 recepta,
3402 3372 3664 3445 hymnum

392 3490 585 3542 τυρας,
654 3472 750 3526 καὶ
810 3471 943 3525 Θεὸν
1000 3472 1338 3543 ἀνυμνήσας,
1419 3471 1494 3534 ὡς
1543 3471 1780 3542 ἔπρεπεν
1813 3515 1828 3537 ,
1884 3474 1975 3528 τὸν

2080 3473 2218 3527 dixit
2250 3473 2303 3525 iu
2332 3478 2640 3542 martyres;
2672 3467 2976 3539 Deumque,
3006 3467 3102 3538 qui
3129 3482 3226 3537 per
3249 3481 3344 3523 eos
3375 3467 3665 3520 sanitatem

394 3563 461 3616 δι’
489 3561 668 3616 αὐτῶν
692 3562 993 3634 δεδρακότα
1021 3563 1120 3634 τὴν
1147 3563 1313 3628 ῐασιν,
1344 3561 1547 3633 ῷχετο⁶
1605 3563 1830 3634 ἀφορμὴ
1881 3565 1976 3616 καὶ

2081 3571 2419 3633 patraverat,
2461 3561 2860 3617 decentissime
2911 3560 3172 3624 laudans,
3221 3557 3500 3628 profectus
3545 3567 3665 3619 est;

398 3658 527 3724 ἡμῖν
549 3656 898 3728 χρηματίσας
926 3656 1020 3709 καὶ
1051 3654 1439 3726 πρόφασιςτῆς
1471 3657 1548 3717 εἰς
1580 3655 1810 3726 Χριστὸν
1835 3655 1975 3725 ᾠδῆς

2085 3659 2260 3713 fomes
2294 3657 2455 3710 nobis
2479 3653 2712 3708 effectus
2739 3661 2904 3722 atque
2931 3651 3158 3706 occasio
3188 3651 3241 3704 in
3272 3649 3550 3705 Christum
3583 3665 3672 3702 ta-

404 3746 495 3798 καὶ
525 3746 651 3810 τοὺς
676 3745 985 3816 μάρτυρας.

2085 3748 2248 3804 nen;li
2277 3748 2480 3800 cantici
2517 3754 2572 3798 et
2613 3745 2669 3799 in
2703 3753 2993 3816 martyres.

400 3837 497 3890 ιϐ’.
525 3835 661 3904 Περὶ
689 3835 1052 3904 Στεφανιδος
1080 3833 1190 3903 τῆς
1224 3835 1492 3905 ἐχούσης
1525 3835 1630 3890 τὸν
1657 3838 1977 3906 καρκίνον.

1938 3856 1977 3893 ι.
2224 3837 2366 3893 XIX.
2417 3836 2490 3890 De
2529 3834 2853 3904 Stcphanide
2875 3851 2992 3905 qua:
3024 3851 3275 3889 cancrum
3317 3832 3525 3885 habuit.

477 3931 574 3982 Ἐν
608 3930 716 3983 τῶν
741 3929 1042 3998 θαυμάτων
1074 3928 1310 3998 γινέσθω
1341 3930 1435 3982 καὶ
1465 3930 1564 3998 τῆς
1595 3931 1914 4000 Στεφανίδος
1945 3936 1979 4006 ὴ

2157 3927 2334 3983 Unum
2360 3926 2748 3981 miraculorum
2772 3925 2860 3980 fiat
2880 3926 3044 3981 etiam
3071 3925 3422 3995 Stephanidis
3439 3923 3675 3978 admira-

402 4021 705 4088 παράδοξος
737 4023 899 4088 ἴασις,
931 4022 1026 4075 καὶ
1055 4021 1246 4093 μηδεὶς
1282 4021 1584 4077 ἀπιστείτω
1607 4023 1683 4093 τῷ
1713 4023 1980 4093 θαύματι,

2084 4018 2210 4073 bilis
2240 4017 2469 4080 Sanitas,
2489 4016 2646 4086 cujus
2677 4029 2837 4071 neruo
2867 4014 3187 4071 incredulus
3205 4015 3311 4069 erit
3335 4015 3600 4077 miraculi,
3627 4031 3671 4069 st

403 4115 515 4170 τῶν
546 4115 719 4184 ἁγίων
751 4116 810 4169 τὸ
848 4115 1034 4177 σθένος
1079 4113 1510 4185 σταθμώμενος,
1559 4116 1652 4170 καὶ
1685 4116 1846 4186 χάριν
1884 4119 1983 4186 τὴν

2089 4117 2407 4165 samtorum
2444 4107 2746 4178 potentiam
2779 4105 3070 4176 pouderet,
3103 4114 3158 4162 et
3189 4106 3373 4160 datam
3401 4107 3509 4161 illis
3537 4108 3676 4159 divi-

405 4208 648 4260 δοθεῖσαν
690 4206 876 4271 αὐτοῖς
929 4206 1310 4276 ἐπιστάμενος,
1345 4207 1395 4259 οἳ
1441 4207 1657 4278 νόσημα
1690 4198 1796 4261 πᾶν
1827 4208 1988 4280 θερα-

2089 4199 2239 4254 nitus
2271 4197 2502 4268 gratiam
2534 4205 2724 4267 aperte
2759 4197 3047 4266 comperit,
3075 4211 3184 4266 qua
3200 4212 3420 4250 omnem
3449 4197 3676 4266 lungttm

410 4297 669 4353 πεύουσιν
693 4300 787 4351 καὶ
813 4298 980 4368 ρὦιν
1015 4296 1082 4350 δι’
1115 4291 1296 4350 οἶκτον
1321 4297 1638 4370 χαρίζονται
1669 4301 1836 4354 πᾶσιν
1873 4305 1990 4364 τοῖς

2091 4305 2205 4345 rem
2237 4299 2458 4353 curant,
2489 4295 2546 4344 et
2573 4287 2792 4342 cunctis
2819 4288 2912 4357 qui
2949 4289 3016 4342 ad
3051 4303 3111 4344 se
3143 4288 3376 4343 fideliter
3405 4289 3677 4342 accedunt

411 4390 620 4454 πιστῶς
668 4390 852 4453 αὐτοῖς
907 4385 1402 4459 προσπελάζουσιν.
1449 4389 1715 4459 Στεφανὶς
1776 4387 1870 4445 οὖν
1928 4393 1988 4446 τὸ

2093 4383 2385 4440 sanitatem
2434 4380 2813 4436 miserationis
2862 4381 3066 4435 intuitu
3110 4380 3338 4435 donant.
3385 4381 3679 4450 Stephauis

411 4482 675 4554 προτεθὲν
704 4483 836 4553 ἡμῖν
865 4481 948 4545 είς
972 4481 1234 4551 ἐξήγησιν
1259 4479 1501 4549 γύναιον,
1527 4482 1699 4545 πάθος
1728 4482 1851 4554 ἔσχε
1879 4483 1986 4538 δει-

2093 4493 2224 4550 ergo
2269 4477 2488 4542 mulier,
2524 4491 2646 4546 qua:
2695 4476 2761 4528 a=l
2817 4476 3137 4530 relationem
3191 4476 3349 4531 nobis
3397 4476 3676 4546 proposita

411 4576 500 4630 νὺν
531 4576 625 4630 καὶ
667 4575 919 4629 ἀνίατον⁹
971 4573 1230 4645 καρκίνος
1279 4573 1342 4627 τὸ
1391 4573 1566 4636 πάθος
1610 4574 1852 4642 ἐλέγετο,
1887 4577 1990 4630 ούκ

2096 4581 2203 4634 est,
2250 4569 2570 4641 passionem
2598 4569 2794 4623 habuit
2837 4570 3116 4623 crudelem
3171 4577 3226 4623 et
3272 4570 3679 4633 insanabilem,

412 4667 616 4737 ἀπᾷδον
642 4665 762 4736 ἕχον
807 4665 906 4734 τῆς
939 4664 1155 4734 φύσεως
1178 4663 1369 4732 δνομαο
1385 4663 1629 4734 καρκίνῳ
1646 4663 1753 4735 γὰρ
1779 4665 1984 4730 ὲοικδς,

2097 4680 2219 4736 qua:
2241 4677 2440 4736 cancer
2466 4661 2794 4732 appellatur,
2831 4676 2936 4715 non
2970 4661 3258 4716 dissonum
3288 4661 3500 4718 habens
3523 4677 3548 4714 a
3587 4679 3682 4715 ua—

413 4757 639 4820 είκότως
674 4755 824 4825 αὑτῷ
851 4758 946 4810 καὶ
989 4755 1090 4826 τὴν
1131 4753 1505 4827 προσηγορίαν
1529 4755 1787 4808 κοινωνὸν
1824 4771 1993 4826 προσ-

2098 4767 2219 4813 tura
2248 4771 2445 4810 nomen
2475 4773 2491 4820 ;
2516 4769 2729 4810 cancro.
2755 4755 2898 4808 enim
2920 4753 3113 4808 siut‘lis
3141 4752 3305 4815 facta,
3337 4769 3680 4822 consequen-

415 4849 654 4914 εδέξατο.
687 4850 796 4901 Καὶ
828 4847 988 4901 τοῦτο
1024 4847 1123 4915 μὲν
1162 4846 1408 4917 ὑπῆρχεν
1437 4846 1535 4916 τῆς
1567 4846 1891 4915 Στεφανίδος
1931 4847 1992 4904 τὸ

2100 4856 2182 4903 ter
2215 4847 2283 4901 ab
2327 4861 2392 4900 eo
2439 4845 2604 4900 etiam
2657 4843 3105 4897 etmuuuuionetn
3156 4844 3371 4912 accepit
3409 4844 3679 4897 mcabttli.

415 4939 650 5009 νόσημα,
681 4931 743 4991 οὗ
778 4939 936 5009 μόναι
976 4937 1073 5002 τάς
1114 4937 1414 5010 ἀλγηδόνας
1451 4936 1770 4991 ἐπίστανται
1802 4953 1994 5006 γυναι-

2102 4941 2166 4994 Et
2199 4941 2283 4993 hic
2308 4937 2530 5008 quidem
2563 4937 2931 5007 languor-erat
2954 4934 3329 5004 Stephauidis,
3357 4936 3519 5005 cujus
3550 4938 3679 4991 sola:

417 5031 527 5084 κῶν
553 5033 674 5084 ὅσαι
709 5029 1102 5102 πεπείρανται·
1163 5028 1342 5100 ἰατροὶ
1406 5027 1487 5092 δὲ,
1543 5029 1636 5080 καὶ
1685 5029 1892 5083 τούτων
1945 5032 1996 5084 ot

2097 5033 2318 5090 dolores
2383 5031 2464 5085 hae
2523 5029 2738 5084 feminae
2785 5037 3008 5093 norunt,
3077 5044 3210 5099 quze
3233 5037 3471 5100 esperta:
3515 5040 3681 5093 sunt;

416 5123 682 5195 γενάρχαι
724 5122 960 5194 Γαληνὸς
989 5123 1084 5176 καὶ
1121 5121 1491 5192 Ἱπποκράτης
1513 5161 1528 5186 .
1573 5119 1635 5174 τὸ
1667 5123 1766 5193 τῆς
1799 5121 1996 5193 τέχνης

2103 5123 2299 5180 medici
2337 5130 2518 5177 autem
2569 5120 2878 5190 horumque
2935 5131 3302 5190 praeceptores
3349 5120 3587 5177 Galenus
3628 5131 3683 5177 et

420 5213 629 5283 κομψὸν
661 5231 718 5268 σε
729 5215 1070 5285 μνολόγημα,
1100 5214 1200 5282 τὴν
1221 5207 1393 5285 ἧτταν
1425 5212 1556 5284 βοᾷν
1583 5214 1682 5266 οὐκ
1707 5213 1998 5284 αίσχύνον·

2103 5215 2485 5287 Hippocrates,
2519 5213 2610 5284 qui
2659 5213 2948 5268 medicinae
2975 5213 3113 5270 artis
3160 5222 3376 5283 compta
3421 5214 3681 5270 videban-

420 5322 528 5370 ται,
553 5305 644 5358 τὸν
673 5306 809 5379 πρὸς
838 5307 1099 5378 καρκίνον
1127 5306 1190 5360 τὸ
1225 5306 1396 5369 πάθος
1423 5306 1852 5377 παραιτούμενοι
1894 5309 2000 5362 πό-

2148 5325 2195 5362 It‘
2229 5323 2356 5364 esse
2398 5307 2640 5360 laudatio
2690 5314 2746 5361 et
2793 5305 3082 5376 gloriatio,
3140 5305 3550 5374 superatiouem
3598 5313 3684 5364 sui
3732 5365 3735 5370 ,

419 5395 604 5467 λεμον,
652 5399 747 5452 καὶ
789 5400 902 5462 τοῖς
950 5397 1291 5469 νικητηρίοις
1346 5397 1478 5451 αὐτὸ
1528 5397 1996 5467 καταστέφοντεςο

2105 5400 2344 5456 clamare
2392 5411 2501 5453 non
2551 5395 2997 5462 confunduntur,
3050 5413 3158 5452 non
3213 5397 3376 5452 modo
3420 5398 3688 5456 adversus

421 5487 595 5562 ταύτῃ
623 5488 931 5553 δεικνύντες
967 5487 1135 5543 αὐτοῦ
1165 5488 1261 5560 τὴν
1293 5489 1530 5558 φυσικὴν
1564 5487 1908 5557 σκολιότητα,
1936 5492 2003 5560 ἢν

2105 5489 2288 5546 cancri
2318 5488 2629 5558 passionem
2675 5489 2812 5542 mire
2839 5487 3096 5558 prwlium
3136 5498 3477 5556 recusantes,
3510 5491 3608 5546 sed
3633 5503 3689 5546 et

422 5576 482 5630 οὐ
511 5576 804 5649 φάρμακον
831 5579 1104 5648 εὑτριεὲς,
1135 5579 1196 5632 οὐ
1249 5578 1598 5649 δραστήριον,
1647 5579 1749 5631 οὐκ
1796 5579 2005 5650 ἐμπλα-

2109 5583 2253 5638 hanc
2283 5579 2531 5636 victoriis
2559 5586 2892 5635 coronantes
2925 5595 2939 5632 :
2973 5579 3076 5635 hoc
3113 5579 3277 5636 modo
3318 5591 3689 5638 monstrant-'s

425 5684 584 5740 στρος
611 5672 644 5740 ἠ
676 5670 942 5742 γαλδιανή
978 5689 1034 5725 τε
1068 5672 1159 5725 καλ⁸
1187 5672 1560 5741 πάγχρηστος.
1585 5669 1685 5740 οὒκ
1713 5672 1745 5741 ή
1770 5673 2000 5738 Φίλωνος

2111 5675 2410 5730 naturalem
2437 5673 2612 5744 ipsius
2643 5677 2992 5744 pravitatem.
3023 5689 3187 5745 quam
3216 5690 3324 5731 non
3352 5677 3687 5732 medicamen

429 5762 742 5836 καλουμένη
778 5764 1066 5832 ἀντίδοτος,
1111 5763 1212 5818 ούκ
1270 5763 1395 5818 ἀλλο
1429 5780 1480 5816 τι
1514 5764 1744 5834 φυσικόν
1796 5783 1850 5818 τε
1909 5769 2000 5820 καὶ

2111 5771 2248 5826 bene
2295 5771 2484 5824 tritum
2527 5774 2580 5823 ct
2617 5765 2827 5834 efﬁcax,
2872 5780 2982 5823 non
3015 5767 3370 5840 emplastrum
3401 5769 3671 5841 galbianae
