4020 6204
273 219 303 269 ³
364 274 507 341 am

1234 283 1297 343 S.
1339 282 1756 344 SOPHRONII
1794 284 2298 345 PATRIARCH.E
2340 287 2746 351 HIEROSOL.

3485 295 3634 364 3l89

362 407 460 447 seu
500 388 873 464 pancht'cstos,
900 407 1008 447 non
1040 392 1349 447 antidotum
1382 397 1527 464 quod
1562 408 1789 451 vocatur
1818 396 1946 451 Phi-

2055 397 2287 469 Ξκρατον
2325 400 2371 471 ,ἧ
2420 402 2486 454 ἑκ
2539 403 2838 473 συναφείας
2892 403 3068 468 εἴδους
3127 404 3314 475 ἑτέροι.
3376 407 3628 479 βοήθημα

364 486 532 550 lzmis,
567 502 676 543 non
711 487 858 541 aliud
899 488 1041 556 quid,
1059 488 1309 543 naturale
1342 488 1424 542 vel
1466 490 1725 560 simplex,
1750 500 1843 544 aut
1878 506 1942 544 ex

2050 488 2405 552 κατευνάζειν
2426 489 2595 543 ταῦτα
2624 494 2788 561 μέχρι
2813 494 2910 563 τῆς
2927 497 3166 565 σήμερον
3196 498 3439 566 ἴσχυσεν.
3472 498 3631 551 Οὗτοι

372 575 737 646 opitulatione
775 576 1006 631 alterius
1048 577 1353 632 commistm
1395 580 1595 648 speciei
1623 581 1824 635 factum
1859 598 1945 635 re-

2055 577 2109 630 τὸ
2142 579 2313 642 πάθος
2344 581 2621 652 ἀνήμερον
2669 583 2976 654 προσλαχὺν
3008 586 3337 656 ἀγριότητα,
3384 588 3478 640 καὶ
3521 592 3631 640 πᾶν

373 669 638 730 medium,
658 668 852 723 sedare
881 667 987 722 huc
1008 683 1182 738 ttsque
1197 671 1501 736 praevaluit.
1537 670 1627 726 Sic
1656 673 1799 726 enim
1822 689 1947 743 pas-

2046 670 2591 740 τούναντίονφοόοὗν
2640 673 2701 725 τὸ
2749 674 3092 730 τιθασσεύειν
3142 676 3278 731 αὐτὸ
3325 678 3358 747 ἦ
3408 678 3630 732 διώκειν

368 760 456 815 sio
485 766 604 815 erat
637 759 887 824 immitis,
920 760 1114 815 sortita
1137 759 1359 816 insitam
1396 763 1685 829 feritatem,
1710 772 1764 818 et
1784 779 1947 821 omne
2049 762 2392 834 γλιχόμενον.

370 864 403 905 e
431 850 711 905 contrario
743 849 1026 907 deterrens
1056 848 1201 924 Quod
1247 867 1309 909 se
1334 854 1588 926 mitigare
1627 857 1709 911 vel
1741 858 1946 926 pellere

362 942 682 1014 appetisset.

416 1032 566 1088 Cum
586 1042 767 1087 autem
794 1032 962 1103 hujus
988 1035 1283 1107 Stephanis
1304 1038 1652 1109 cognovisset
1681 1039 1941 1095 invictam

363 1124 731 1197 tyrannidem,
769 1134 824 1181 et
844 1128 1113 1184 adversus
1141 1145 1285 1195 eam,
1318 1131 1603 1186 medicina:
1631 1134 1767 1187 artis
1789 1133 1943 1202 igna-

364 1219 529 1280 viam,
567 1234 730 1288 quam
763 1219 856 1288 qui
883 1219 1034 1274 ‘banc
1061 1222 1419 1276 sectabantur
1453 1224 1713 1292 operibus
1740 1233 1795 1278 et
1823 1240 1944 1279 ser-

365 1311 622 1365 monibus
649 1310 1049 1379 praadicabant,
1081 1321 1135 1366 et
1169 1312 1316 1383 quod
1344 1331 1450 1368 non
1481 1315 1582 1369 nisi
1619 1317 1721 1370 soli
1753 1315 1861 1370 Deo
1878 1332 1944 1370 ac

364 1400 725 1472 martyribus,
761 1402 991 1474 languor
1023 1420 1158 1460 suus
1191 1406 1511 1466 inclinetur,
1545 1416 1593 1459 et
1617 1406 1942 1475 iubentibus

364 1498 571 1556 pareat,
614 1490 683 1545 ad
728 1489 894 1545 Deum
937 1508 997 1547 se
1061 1491 1357 1547 confestim
1411 1483 1492 1547 et°
1521 1491 1723 1565 Cyrum
1776 1500 1942 1561 atque

361 1580 628 1635 Joannem
677 1580 884 1636 Clit-isti
930 1583 1175 1637 omnium
1223 1582 1314 1636 Dei
1366 1581 1624 1651 famulos,
1656 1584 1937 1650 contulit;

2114 1032 2319 1086 Τούτου
2348 1033 2406 1087 δὲ
2442 1034 2691 1103 μαθοῦσα
2735 1037 2830 1090 καὶ
2881 1039 3142 1106 Στεφανῖς
3188 1039 3250 1093 τὸ
3307 1040 3627 1110 τυραννικὶν

2005 1133 2013 1141 ‘
2047 1124 2142 1176 καὶ
2184 1125 2482 1195 ἀνήμερον,
2531 1126 2625 1180 καὶ
2652 1127 2752 1198 τὴν
2781 1129 2918 1199 πρὸς
2947 1129 3077 1182 αὐτὸ
3107 1130 3204 1199 τῆς
3244 1130 3502 1199 ἰατρικῆς
3539 1131 3624 1181 τέ.

2043 1232 2177 1287 χνης
2205 1217 2513 1286 ἀδράνειαν.
2561 1219 2626 1289 ήν
2650 1219 2699 1270 οἱ
2729 1219 2941 1289 ταύτην
2985 1223 3265 1291 μετιόντες
3308 1221 3491 1292 ἔργοις
3530 1223 3625 1273 καὶ

2042 1307 2224 1375 λόγοις
2257 1309 2580 1379 ἐκήρυττον,
2628 1310 2720 1362 καὶ
2749 1310 2824 1373 ὡς
2880 1311 3027 1382 μόνῳ
3056 1311 3175 1380 Θεῷ
3204 1329 3264 1364 τε
3301 1314 3392 1365 καὶ
3424 1315 3630 1380 μάρτυ-

2045 1417 2132 1452 σιν
2159 1398 2221 1451 τὸ
2256 1398 2430 1463 πάθος
2457 1400 2628 1468 αὐτῆς
2660 1400 3029 1458 ύποκλίνεται,
3062 1403 3157 1454 καὶ
3190 1402 3476 1454 κελεύουσι
3512 1402 3631 1454 πεί⁶

2043 1490 2220 1551 θεται,
2253 1489 2392 1562 πρὸς
2423 1490 2558 1543 Θεὸν
2586 1492 2747 1555 εὐθὺς
2776 1493 2869 1545 καὶ
2902 1492 3039 1560 πρὸς
3074 1491 3258 1561 Κῦρον
3301 1494 3399 1545 καὶ
3444 1493 3629 1545 Ἰωάνα

2041 1601 2139 1655 νην
2185 1583 2312 1647 τοὺς
2353 1583 2592 1654 Χριστοῦ
2644 1584 2737 1636 καὶ
2779 1583 2916 1635 Θεοῦ
2956 1582 3065 1636 τῶν
3115 1585 3252 1637 ὅλων
3289 1583 3628 1656 θεράποντας

363 1686 526 1739 quam
563 1673 738 1726 sancti
780 1682 1048 1746 martyres
1090 1675 1422 1745 condignam
1448 1675 1605 1731 fidem
1635 1677 1756 1745 ejus
1797 1678 1850 1732 in
1882 1691 1941 1732 se

2055 1674 2567 1746 ηὑτομόλησεν.Καὶ
2587 1674 2790 1745 ταύτην
2825 1675 3045 1739 ἰδόντες,
3078 1675 3245 1740 ἀξίως
3277 1676 3377 1745 τῆς
3412 1677 3493 1738 είς
3526 1677 3631 1730 αὖ-

365 1762 607 1817 babitam
660 1763 1087 1820 bonoraveruut.
1129 1764 1315 1821 Honor
1364 1774 1545 1821 autem
1587 1776 1706 1822 erat
1739 1767 1937 1823 celeris

2055 1764 2179 1827 τοὺς
2219 1764 2487 1834 ἐτίμησαν
2518 1763 2753 1827 πίστεως
2776 1780 2788 1792 ·
2825 1767 2857 1834 ή
2903 1766 2960 1817 δὲ
2991 1764 3123 1837 τιμὴ
3151 1770 3250 1834 τῆς
3281 1765 3503 1836 ταχείας
3546 1767 3631 1818 lai-

365 1855 619 1909 sauitatis
649 1855 875 1921 donum,
906 1866 960 1911 et
994 1858 1266 1928 passionis
1296 1873 1401 1928 qua
1441 1859 1656 1914 occulte
1721 1860 1948 1915 teneba-

366 1953 458 1997 tur
494 1945 703 2014 ereptio
733 1955 898 2016 atque
932 1947 1257 2018 redemptio.
1299 1948 1508 2004 Sanant
1540 1950 1701 2020 igitur
1757 1951 1950 2004 mulie-

368 2049 511 2111 rem,
544 2050 650 2090 non
716 2037 1168 2095 medicaminilms
1222 2041 1364 2095 baud
1416 2041 1759 2101 visibibbus,
1804 2043 1949 2113 sicut

362 2125 446 2180 eis
489 2127 661 2182 moris
726 2140 846 2183 erat
891 2130 1207 2187 laborantes
1245 2147 1464 2195 sanare,
1508 2133 1603 2189 sed
1640 2133 1949 2192 visibilibus

367 2230 651 2282 tangentes
678 2221 929 2277 manibus
963 2224 1291 2293 passionem.
1318 2224 1563 2291 Quadam
1598 2241 1835 2295 namque
1860 2227 1949 2283 die

365 2327 490 2365 cum
553 2322 680 2369 ante
734 2317 1088 2387 martyricum
1145 2328 1460 2372 sanctorum
1534 2330 1947 2376 monumentum

367 2412 595 2471 astaret,
636 2413 689 2458 et
728 2406 1065 2461 curationem
1096 2406 1322 2475 adipisci
1351 2406 1740 2476 deprecaretur
1778 2396 1969 2482 lacry?

372 2509 529 2549 maus
562 2503 617 2549 et
659 2497 970 2565 suspirans,
1014 2504 1069 2550 et
1100 2495 1331 2550 ferventi
1371 2496 1476 2553 fide
1504 2498 1946 2570 supplicationes

369 2580 627 2649 offerens,
664 2602 923 2641 cancrum
969 2597 1216 2659 repente,
1244 2604 1573 2661 omnemque
1620 2606 1745 2646 cum
1774 2606 1841 2646 eo
1864 2592 1951 2647 1:1?-

371 2680 606 2744 siOnem,
635 2687 689 2734 ct
718 2695 839 2749 quae
880 2678 1060 2735 fuerat
1100 2697 1162 2736 ex
1196 2683 1316 2754 ipso
1350 2692 1630 2751 generata,
1660 2682 1949 2738 infirmita-

372 2780 477 2824 tem
507 2769 760 2838 deposuit
787 2789 801 2825 :
832 2786 990 2841 quem
1013 2772 1299 2831 cadentem
1327 2781 1383 2829 et
1405 2775 1785 2845 palpitantem,
1810 2776 1949 2830 mul-

373 2860 410 2912 ti
437 2861 657 2930 quidem
693 2870 820 2915 tunc
854 2863 1130 2928 viderunt,
1170 2864 1277 2920 diei
1308 2866 1511 2936 quippe
1543 2874 1762 2936 tempus
1806 2878 1946 2933 erat,

372 2966 434 3004 ex
461 2953 546 3006 bis
590 2951 682 3019 qui
717 2961 940 3008 orantes
983 2955 1208 3011 aderant
1235 2970 1392 3026 opem
1450 2957 1711 3025 consequi
1753 2957 1947 3027 depre-

2054 1870 2191 1915 σεως
2235 1853 2297 1905 τδ
2320 1851 2492 1922 δῶρον
2518 1853 2837 1922 ἐτύγχανεν,
2869 1856 2964 1906 καὶ
2998 1854 3205 1916 πάθους
3249 1855 3344 1906 τοῦ
3379 1856 3628 1925 κρυφίως

2051 1944 2377 2014 κατέχοντος
2415 1944 2701 2013 ἀπαλλαγή
2728 1960 2787 1997 τε
2819 1945 2913 1998 καὶ
2944 1946 3235 2015 λύτρωσις.
3268 1946 3473 2000 ’ἰῶνται
3512 1945 3626 1999 τοί-

2050 2054 2143 2090 νυν
2174 2037 2234 2089 τὸ
2263 2036 2483 2104 γύναιον
2516 2038 2576 2089 ού
2621 2038 2935 2107 φαρμάκοις
2969 2038 3244 2109 ἁοράτοις,
3275 2038 3350 2102 ὡς
3372 2038 3492 2100 ἔθος
3526 2038 3627 2090 αὑ-

2051 2130 2163 2191 τοῖς
2203 2128 2391 2182 ἰᾶσθαι
2430 2130 2557 2191 τοὺς
2588 2129 2919 2198 κάμνοντας,
2940 2130 3077 2183 ἁλλὰ
3104 2132 3320 2200 ὁρατοῖς
3349 2130 3506 2200 χερσὶ
3530 2129 3624 2183 τοῦ

2049 2219 2261 2282 πάθους
2291 2218 2584 2288 ἁψάμενοι.
2606 2220 2698 2271 Ἐν
2733 2220 2832 2291 μιᾷ
2863 2220 2973 2288 γὰρ
3001 2220 3076 2283 ὡς
3101 2221 3207 2291 πρὸ
3230 2219 3325 2272 τοῦ
3357 2236 3625 2290 μαρτυρι-

2050 2309 2150 2362 κοῦ
2203 2309 2311 2362 τῶν
2362 2309 2534 2376 ἁγίων
2589 2310 2776 2364 ἵστατο
2829 2311 3134 2381 μνήματος,
3187 2312 3282 2364 καὶ
3326 2310 3625 2378 θεραπείας

2048 2402 2338 2471 τυγχάνειν
2384 2401 2691 2455 ἐλιτάνευεν
2733 2401 3048 2472 δακρύουσά
3088 2419 3147 2455 τε
3197 2402 3292 2455 καὶ
3339 2402 3621 2464 στένουσα,

2050 2491 2144 2545 καὶ
2172 2491 2355 2545 πίστει
2384 2491 2559 2562 θερμῇ
2585 2490 2680 2552 τὰς
2720 2491 2957 2555 ἱκετείας
2992 2491 3398 2563 προσφέρουσα,
3417 2493 3510 2563 καὶ
3533 2492 3624 2544 τὸν

2048 2580 2311 2652 καρκίνον
2360 2581 2564 2646 εὐθέως
2609 2583 2907 2646 ἀπέϐαλεν,
2958 2585 3053 2636 καὶ
3102 2585 3284 2638 πᾶσαν
3337 2584 3435 2637 σὺν
3476 2580 3624 2652 αὐτῷ

2050 2675 2277 2746 βλάϐην,
2336 2675 2431 2728 καὶ
2479 2674 2577 2744 τὴν
2611 2675 2670 2739 ἐξ
2723 2674 2889 2728 αὐτοῦ
2942 2673 3267 2744 τικτομένην
3318 2673 3623 2733 ἀσθένειαν,

2052 2767 2366 2836 ἐμπεσόντα
2418 2766 2510 2819 καὶ
2557 2767 2871 2836 σπαίροντα.
2911 2765 3021 2818 Καὶ
3080 2765 3268 2818 πολλοὶ
3317 2764 3416 2834 μὲν
3462 2764 3661 2837 εὐθὺς-

2047 2856 2210 2910 αὑτὸν
2243 2856 2535 2909 ἐθεάσαντο
2581 2856 2629 2926 (ὁ
2666 2858 2858 2925 καιρὸς
2898 2856 3004 2926 γὰρ
3030 2854 3245 2924 ἡμέρας
3280 2853 3621 2923 ἐτύγχανεν),

2047 2945 2097 2999 οἳ
2125 2945 2382 3017 παρῆσαν
2409 2928 2714 3015 εύχόμενοι,
2756 2943 2850 2996 καὶ
2875 2946 3057 3013 τυχεῖν
3090 2942 3342 3013 βοηθείας
3375 2943 3585 2996 ἐδέοντο
3606 2958 3619 2971 ·

373 3050 583 3094 caules.
616 3040 769 3096 Multi
808 3051 990 3099 autem
1043 3058 1107 3099 ex
1148 3044 1256 3107 bis,
1285 3043 1374 3114 qui
1409 3043 1476 3098 ad
1514 3045 1821 3097 orationem
1855 3059 1947 3099 ac-

2055 3037 2235 3091 πολλοὶ
2265 3036 2324 3090 δὲ
2354 3036 2448 3090 καὶ
2480 3036 2620 3106 μετὰ
2649 3036 2823 3089 ταῦτα
2858 3037 3207 3106 κρεμάμενον
3236 3035 3329 3088 καὶ
3359 3036 3453 3102 ἀφ’
3479 3032 3620 3101 ὑψη-

375 3141 683 3198 cesserunt,
726 3142 780 3189 et
817 3142 1087 3206 martyres
1133 3136 1438 3191 honoribus
1484 3135 1750 3206 placaturi
1786 3151 1946 3190 vene-

376 3235 524 3290 runt,
575 3225 738 3279 etiam
783 3236 908 3296 post
955 3228 1068 3282 haec
1103 3226 1549 3297 pendentem,‘et
1576 3244 1643 3283 ex
1684 3226 1792 3281 alto
1822 3242 1950 3283 san-

375 3329 589 3370 ctorum
639 3317 896 3373 virtutem
941 3320 1357 3374 annuntiautem
1388 3317 1643 3375 viderunt
1671 3329 1725 3373 et
1756 3320 1949 3373 audie-

374 3413 521 3458 runt.
552 3407 591 3459 Α
625 3407 828 3476 quibus
864 3407 979 3462 ba'c
1020 3421 1144 3462 cum
1180 3408 1563 3473 audissemus,
1598 3408 1947 3478 scripsimus,

375 3503 430 3548 ct
469 3496 522 3548 in
561 3497 787 3553 veritate
836 3505 1237 3567 cognoscentes
1270 3499 1676 3572 praedicamus;
1726 3507 1951 3556 sanctos

378 3588 596 3656 quidem
628 3603 795 3660 super
826 3592 929 3646 hoc
957 3590 1364 3658 gloriﬁcantes;
1400 3592 1719 3663 languentes
1743 3600 1948 3658 autem,

379 3686 434 3731 et
460 3693 557 3734 eos
586 3683 678 3749 qui
714 3680 1115 3737 insanabilibus
1150 3682 1505 3753 passionibus
1542 3683 1949 3751 deprimuntur,

379 3768 445 3819 ad
468 3782 658 3821 eorum
683 3770 870 3833 venire
896 3771 1237 3825 curationem
1266 3779 1511 3827 orantes.
1556 3771 1726 3826 Porro
1765 3771 1851 3825 hic
1885 3774 1949 3825 ll-

2051 3129 2147 3184 λοῦ
2172 3129 2270 3201 τὴν
2295 3129 2403 3181 τῶν
2432 3129 2603 3197 ἁγίων
2632 3128 3020 3197 διαγγέλλοντα
3064 3127 3313 3197 δύναμιν,
3350 3128 3429 3189 εἰς
3457 3125 3624 3196 εὐχὴν
3656 3118 3673 3125 ’

2054 3217 2443 3292 ἀφικνούμενοι
2498 3221 2592 3275 καὶ
2644 3221 2770 3282 τοὺς
2835 3219 3144 3291 μάρτυρας.
3179 3218 3300 3287 Ἀφ’
3342 3212 3417 3271 ὧν
3467 3220 3627 3287 ἡμεῖς

2051 3314 2351 3384 ἀκηκοότες
2383 3309 2727 3381 ἐγράψαμεν,
2756 3312 2851 3363 καὶ
2890 3296 3154 3380 μαθόντες
3194 3302 3252 3361 ιν
3281 3308 3509 3379 ἀληθείᾳ
3536 3324 3656 3377 ειη·⁶

2055 3403 2346 3473 ρύττομεν,
2379 3401 2506 3463 τοὺς
2538 3399 2729 3468 ἁγίους
2777 3398 2871 3453 ἐπὶ
2917 3399 3093 3468 τούτῳ
3121 3396 3438 3469 δοξάζοντες
3459 3413 3471 3427 ·
3503 3397 3627 3458 τοὺς

2057 3492 2347 3554 νοσοῦντας
2396 3491 2452 3545 δὲ
2495 3490 2939 3560 κεκρατημένους
2993 3491 3244 3551 ἀνιάτοις,
3283 3488 3626 3560 παθήμασιν,

2060 3585 2155 3639 ἐπὶ
2188 3584 2288 3655 τὴν
2316 3582 2498 3637 αὐτῶν
2525 3580 2699 3634 ἐλθεῖν
2736 3579 3033 3652 θεραπείαν
3068 3580 3493 3651 προτρέπονται’
3530 3581 3628 3646 τὴν

2059 3674 2155 3729 τοῦ
2204 3674 2472 3744 παρόντος
2505 3672 2562 3726 δὲ
2610 3670 2892 3742 θαύματος
2945 3671 3197 3742 διήγησιν
3246 3671 3627 3741 ποιησάμενοι,

2062 3770 2151 3837 ἐφ’
2185 3768 2376 3839 ἑτέρας
2408 3764 2855 3836 θαυματουργίας
2890 3763 3180 3835 βαδιοῦμεν
3212 3764 3474 3835 διήγημα.

380 3872 503 3911 nem
560 3859 896 3917 narrationis
936 3861 1223 3931 prmsentis
1264 3861 1515 3916 miraculi
1575 3860 1885 3933 facientes”
1930 3860 1995 3917 ad
2066 3858 2296 3916 alte-rius
2363 3856 2633 3915 mirabilis
2685 3856 3017 3926 operationis
3071 3871 3360 3927 pergamus
3414 3852 3631 3909 relatio-

381 3972 527 4013 nem.

787 4048 907 4104 XX.
939 4050 1014 4104 De
1036 4049 1217 4105 Maria
1252 4051 1567 4121 hydropico.

356 4198 361 4206 ,
451 4139 615 4195 Multa
645 4142 805 4196 valde
839 4142 1229 4196 miraculorum
1258 4150 1343 4197 est
1367 4142 1649 4199 relationis
1679 4143 1889 4201 utilitas
1936 4163 1949 4198 :

387 4227 640 4282 fortassis
665 4228 811 4281 enim
843 4227 1121 4282 universis
1153 4235 1377 4297 praestat
1408 4229 1499 4298 qui
1530 4230 1759 4285 audiunt
1788 4233 1954 4288 bene-

387 4318 527 4379 llcia,
560 4316 775 4373 animas
812 4317 960 4387 ipsas
986 4333 1097 4371 una
1131 4316 1255 4373 cum
1288 4321 1611 4390 corporibus
1645 4337 1867 4390 sanans,
1901 4330 1955 4378 et

2152 4048 2238 4102 κ’.
2269 4044 2409 4115 Περὶ
2444 4046 2672 4114 Μαρίας
2700 4041 2811 4111 τῆς
2843 4040 3111 4110 ἐχούσης
3145 4038 3256 4091 τὸν
3279 4035 3542 4103 ὕδρωπα.

2128 4138 2307 4209 Πολλὴ
2332 4137 2476 4193 πάνυ
2506 4136 2604 4205 τῆς
2633 4133 2743 4188 τῶν
2795 4132 3090 4201 θαυμάτων
3116 4127 3446 4198 ἐπαγγελίας
3483 4127 3632 4179 ἐστιν

2055 4231 2323 4302 ὠφέλειαν
2373 4229 2503 4291 ἴσως
2533 4228 2640 4297 γὰρ
2690 4226 2899 4288 πάντας
2938 4224 3219 4294 εὐεργετεῖ
3248 4222 3376 4284 τοὺς
3408 4218 3634 4272 ἀκούον·

2058 4341 2178 4389 τας,
2205 4321 2385 4393 ψυχὰς
2416 4318 2597 4374 αὐτῶν
2635 4316 2951 4389 ῥωννύουσα
2980 4315 3078 4370 σὺν
3104 4315 3216 4377 τοῖς
3240 4313 3513 4383 σώμασιν
3540 4309 3634 4363 καὶ

385 4404 509 4457 aliis
538 4405 755 4475 quidem
780 4404 938 4460 fidem
970 4407 1426 4463 abundantiorem
1463 4410 1649 4476 donat,
1682 4414 1806 4469 aliis
1831 4431 1958 4472 vero

2061 4415 2182 4475 ταῖς
2233 4412 2331 4482 μὲν
2380 4409 2565 4462 πίστιν
2617 4407 3018 4478 περισσοτέραν
3060 4405 3366 4476 χαρίζεται,
3412 4403 3526 4463 τοῖς
3576 4399 3632 4453 δὲ

335 4502 346 4514 ’
386 4492 773 4548 alienationem
804 4498 1175 4564 corporalium
1203 4499 1561 4575 passionum;
1592 4506 1960 4560 communiter

2064 4503 2395 4574 σωματικῶν
2425 4500 2615 4554 παθῶν
2642 4499 3022 4570 ἀλλοτρίωσιν,
3065 4498 3248 4568 κοινὴν
3287 4496 3343 4550 δὲ
3390 4492 3635 4575 ἁμφοτέ-

388 4593 568 4639 autem
594 4586 884 4657 utriusque
910 4589 1202 4646 animabus
1261 4601 1425 4662 atque
1457 4594 1787 4665 corporibus
1822 4597 1960 4651 leti-

316 4670 325 4675 ’
390 4679 520 4732 tiam
545 4690 755 4734 castam
787 4691 841 4732 et
864 4682 1258 4751 gratissimam,
1281 4693 1335 4738 et
1359 4686 1814 4741 delectamentqu
1838 4703 1962 4759 spe-

387 4771 512 4826 ciali
543 4771 912 4828 exsultatione
939 4774 1227 4844 repletum,
1258 4791 1418 4845 quem
1455 4791 1642 4832 sermo
1692 4776 1965 4832 auditori-

390 4863 486 4919 bus
516 4865 876 4933 pronuntiare
918 4880 1026 4919 non
1078 4877 1280 4936 potest.
1331 4865 1446 4921 Hoc
1474 4883 1606 4937 ergo
1630 4868 1959 4939 praecedenti

389 4964 681 5025 carpentes
712 4957 1005 5023 miraculo,
1042 4965 1098 5013 et
1124 4959 1380 5027 praesenti
1403 4974 1623 5030 quoque
1648 4974 1960 5030 carpemus,

389 5049 892 5105 communicatores
914 5051 1095 5117 gaudii
1138 5062 1460 5107 sanatorum
1493 5050 1694 5110 cili-eti.
1735 5059 1786 5103 et
1821 5050 1962 5121 piam

390 5136 708 5195 sanctorum
771 5140 1156 5210 gloriationem
1206 5142 1410 5197 sortiti.
1455 5140 1561 5196 Sed
1629 5140 1701 5195 ibi
1742 5142 1962 5209 quidem

394 5234 686 5305 Stepltanis
726 5233 887 5289 nobis
929 5233 1129 5288 laetitiae
1167 5233 1313 5287 facta
1347 5242 1433 5289 est
1468 5249 1676 5300 causa;
1715 5234 1801 5286 bic
1836 5249 1967 5289 vero

394 5325 560 5379 Maria
593 5326 884 5389 eflicietur,
928 5340 1050 5395 qua:
1083 5340 1208 5380 cum
1249 5327 1557 5395 passionem
1602 5326 1835 5395 ‘haberet
1885 5326 1969 5380 in-

395 5418 718 5485 sanabilem,
751 5386 974 5489 propter
999 5433 1150 5489 spem
1189 5428 1486 5473 consecuta
1514 5386 1611 5473 cst‘
1647 5417 1964 5472 sanitatem.

397 5510 458 5562 tu
483 5511 704 5580 quidem
736 5513 1050 5580 passionem
1088 5511 1260 5581 ipsam
1282 5510 1600 5583 .bydmpem
1633 5519 1829 5564 vocant
1858 5526 1969 5562 mc-

398 5601 975 5677 dieiualiﬁdisciplinw
1001 5605 1181 5674 periti.
1203 5604 1297 5659 scd
1321 5602 1581 5673 prodesse
1607 5604 1686 5657 bis
1706 5605 1797 5673 qui
1819 5602 1871 5654 in
1889 5613 1970 5655 ta-

401 5693 508 5748 lem
537 5692 953 5765 dispositionem
983 5697 1322 5757 devenerint,
1352 5711 1448 5749 nec
1481 5696 1535 5750 in
1562 5709 1756 5766 magno
1791 5710 1888 5748 nec
1914 5695 1967 5750 in

2064 4612 2180 4666 ροις
2209 4594 2410 4664 ψυχαῖς
2441 4609 2500 4646 τε
2529 4592 2624 4645 καὶ
2681 4589 2927 4662 σώμασιν
2968 4588 3307 4659 εὐφροσύνην
3336 4589 3505 4659 ἁγνὴν
3542 4589 3636 4643 καὶ

2061 4687 2415 4759 τριπόθητον,
2461 4686 2555 4737 καὶ
2598 4684 2790 4757 τέρψιν
2842 4682 3217 4752 πνευματικῆς
3260 4680 3637 4749 ἀγαλλιάσεως

2063 4780 2361 4851 γέμουσαν,
2395 4776 2463 4847 ἢν
2496 4775 2655 4842 λόγος
2710 4773 3067 4842 ἁναγγέλλειν
3105 4773 3219 4833 τοῖς
3263 4771 3636 4843 ἀκροωμένοις

2063 4871 2123 4924 ού
2152 4868 2401 4924 δύνατάι.
2433 4867 2651 4936 Ταύτην
2679 4861 2777 4919 οὖν
2807 4867 2873 4918 ὲκ
2908 4863 3006 4918 τοῦ
3033 4862 3398 4934 προλαϐόντος
3429 4864 3637 4933 τρυγή-

2066 4976 2259 5023 σαντες
2284 4958 2579 5029 θαύματος.
2604 4957 2699 5013 καὶ
2726 4958 2789 5009 ὲκ
2816 4955 2909 5009 τοῦ
2945 4956 3212 5024 παρόντος
3246 4954 3636 5024 τρυγήσωμεν,

2066 5049 2314 5102 κοινωνοὶ
2344 5047 2442 5117 τῆς
2470 5047 2646 5118 χαρᾶς
2689 5047 2801 5107 τοῖς
2852 5045 3107 5114 ἰωμένοις
3152 5042 3504 5111 γιγνόμενοι,
3540 5041 3639 5093 καὶ

2065 5143 2164 5210 τῆς
2193 5140 2283 5192 ἐπὶ
2307 5139 2574 5210 μάρτυσιν
2597 5135 2999 5205 εύσεδεστάτης
3031 5135 3339 5207 αύχήσεως.
3359 5133 3502 5191 Ἀλλ’
3521 5135 3641 5190 ἐκεῖ

2070 5232 2170 5301 μὲν
2219 5231 2252 5301 ή
2306 5230 2569 5300 Στεφανὶς
2618 5230 2678 5283 τδ
2706 5227 2805 5299 τῆς
2839 5228 3177 5299 εύφροσύνης
3221 5226 3445 5295 γέγονεν
3479 5224 3636 5294 ἴαμα,

2068 5321 2303 5377 ὲνταῦοα
2341 5321 2398 5377 δὲ
2439 5322 2628 5392 Μαρία
2664 5321 2980 5391 γενήσεται,
3021 5318 3191 5382 πάθος
3218 5320 3485 5389 ἐσχηκυῖα
3509 5316 3637 5375 δυσ-

2073 5416 2217 5469 ίατον
2251 5413 2344 5467 καὶ
2380 5412 2511 5484 παρ’
2543 5412 2732 5466 ἐλπίδα
2773 5411 3015 5465 λαϐοῦσα
3061 5411 3160 5481 τὴν
3204 5410 3369 5465 ἴασιν.
3424 5409 3533 5462 Καὶ
3581 5406 3643 5459 τὸ

2075 5508 2172 5577 μὲν
2201 5506 2373 5569 πάθος
2404 5507 2453 5558 οἱ
2488 5507 2583 5577 τῆς
2612 5506 2861 5577 ἰατρικῆς
2887 5506 3197 5574 ἐπιστήμης
3232 5502 3422 5572 ὕδερον
3452 5500 3640 5567 λέγου-

2074 5616 2156 5652 σιν
2178 5617 2189 5629 ~
2225 5600 2417 5667 ὀνῆσαι
2454 5598 2511 5651 δέ
2540 5615 2590 5649 τι
2627 5599 2717 5648 τὸν
2744 5600 2823 5660 είς
2854 5597 3112 5666 τοιαύτην
3143 5596 3367 5649 ἐλθόντα
3400 5592 3638 5646 διάθεσιν

2073 5692 2169 5745 οὐκ
2222 5689 2514 5760 ἰσχύουσιν,
2542 5691 2599 5741 ού
2627 5691 2841 5759 μικρδν,
2880 5691 2937 5742 ού
2979 5687 3345 5759 μέγιστονῆιῦ
3384 5698 3630 5756 παραμυ·
