4010 6208
363 249 497 312 3ί81

1321 251 1407 310 SS
1463 249 1636 310 CYRI
1677 248 1770 308 ET
1798 247 2119 308 JOANNIS
2162 250 2573 328 MIRACULA.

3481 255 3621 318 3482

363 363 480 416 θίαν
521 361 642 416 τινὰ
696 361 832 433 πρὸς
881 363 980 432 τῆς
1021 361 1217 432 τέχνης
1268 361 1638 430 χαρίσασθαι,
1688 361 1825 431 ὅπερ
1876 359 1931 411 ἐν

2040 361 2254 415 modico
2286 363 2484 423 valent,
2527 361 2621 418 sed
2672 377 2770 417 nec
2799 358 3079 430 quodlibet
3119 374 3183 414 ex
3220 367 3336 413 arte
3369 361 3622 418 conferre

362 454 567 506 ἅπασιν
597 452 788 522 σχεδὸν
827 455 936 515 τοῖς
985 453 1190 513 λοιποῖς
1241 451 1456 504 ποιοῦσι
1508 453 1830 520 νοσήμασιν,
1861 449 1930 502 τὰ

363 545 462 610 μὲν
517 544 702 597 τέλεον
757 543 1184 614 Θεραπεύοντες,
1243 543 1310 594 τά
1357 543 1413 595 δὲ
1469 540 1936 611 ψυχαγωγοῦντες

358 635 485 698 τοὺς
536 635 794 706 ἔχοντας,
847 637 942 689 καὶ
994 633 1272 706 μειοῦντες
1315 634 1519 706 τρόπον
1565 633 1689 686 τινὰ
1731 629 1932 703 βοηθή-

363 745 550 795 μασιν.

431 816 607 870 Τοῦτο
642 817 951 889 καλπΜαρία
987 816 1236 870 παθοῦσα
1278 816 1338 870 τὸ
1376 815 1612 885 νόσημα,
1661 818 1754 868 καὶ
1797 814 1932 884 πρὸς

359 910 586 978 ἔσχατον
616 910 861 962 κίνδυνον
891 909 1170 979 φθάσασα,
1193 907 1458 976 οἰδήσασά
1486 923 1544 958 τε
1581 905 1817 970 ἐξαίσιον
1839 907 1932 960 καὶ

360 1001 585 1070 φρικτῦν
618 1001 938 1071 ὑπάρχουσα
975 999 1154 1070 θέαμα
1176 1015 1188 1027 ·
1225 998 1362 1069 μετὰ
1390 998 1488 1068 τὴν
1522 996 1627 1050 τῶν
1659 997 1932 1067 ἰατρευόνν

359 1109 466 1144 των
497 1093 829 1160 ἀπόγνωσιν,
859 1093 955 1145 καὶ
988 1093 1085 1162 τὴν
1115 1091 1208 1144 τοῦ
1239 1090 1470 1144 Θανάτου
1499 1089 1808 1157 βεϐαίωσιν,
1835 1091 1932 1142 σὺν

363 1183 591 1252 κινδύνῳ
618 1183 798 1252 πολλῷ
830 1183 923 1235 τὸν
960 1182 1087 1235 ναὸν
1115 1182 1223 1234 τῶν
1251 1181 1422 1249 ἁγίων
1470 1181 1770 1234 κατέλαϐεν
1792 1197 1806 1211 ⁸
1840 1181 1934 1234 καὶ

360 1274 577 1326 τεθεῖσα
611 1273 764 1340 μόλις
794 1275 876 1336 εἰς
902 1271 1168 1340 τοῦδαφος
1197 1273 1362 1325 ἔκειτ’
1393 1271 1584 1342 ὀδύνην
1601 1271 1931 1341 οἰμώζουσα,

360 1363 453 1412 καὶ
490 1360 669 1423 λέγειν
717 1362 813 1429 τῆς
857 1361 1100 1430 οἰμωγῆς
1130 1360 1205 1430 μὴ
1254 1361 1414 1413 πλέον
1449 1360 1728 1430 ἰσχύουσα,
1767 1376 1779 1390 ⁸
1817 1359 1935 1412 ἀλλ’

358 1447 499 1500 οὕτω
543 1446 634 1498 τοῦ
685 1447 890 1510 πάθους
951 1448 1119 1516 αὐτὴν
1165 1446 1514 1511 ὲκπιέζοντος
1550 1449 1642 1501 καὶ
1677 1464 1934 1519 στενοχω-

361 1538 582 1606 ροῦντος
608 1539 748 1608 ὑπὲρ
780 1540 940 1607 λόγου
967 1541 1229 1608 δγκωσιν,
1257 1541 1308 1592 οἰ
1338 1541 1472 1610 ἐλέῳ
1504 1540 1760 1610 βρύοντες
1793 1540 1936 1611 μάρ-

360 1635 521 1699 τυρες
571 1628 694 1681 καθ’
743 1629 1262 1698 ῦπνουςόφθέντες.
1312 1633 1410 1702 τήν
1457 1649 1514 1683 τε
1552 1631 1698 1701 ζωὴν
1747 1629 1930 1702 ἐχαρίο

2031 448 2298 513 solamen,
2327 449 2470 518 quod
2522 450 2575 504 in
2609 450 2862 505 omnibus
2891 463 3028 518 pene
3085 448 3311 517 reliquis
3347 451 3623 520 aegritudi-

2033 540 2195 593 nihus
2227 541 2457 603 faciunt,
2497 541 2764 610 quasdam
2787 539 3025 609 perfecte
3042 548 3327 605 curantes,
3354 542 3620 610 quasdam

2031 641 2212 681 autem
2236 631 2395 683 modo
2428 631 2661 699 quodam
2691 631 3138 698 epitulatiouibus
3169 629 3529 695 minoratttes,
3569 639 3624 685 et

2031 719 2124 789 qui
2155 719 2249 771 has
2283 719 2566 774 habuerim
2617 720 2942 775 animantes.

2105 811 2261 864 Hunc
2288 819 2342 864 et
2376 810 2539 865 Maria
2563 826 2721 880 passa
2743 811 3092 881 languorem,
3128 818 3183 865 et
3204 811 3270 864 ad
3301 817 3611 865 extremum

2035 901 2330 955 discrimen
2381 903 2708 970 perveniens
2749 912 3072 970 tumoreque
3124 900 3364 969 turgida.
3423 901 3618 970 ingens

2032 1003 2088 1048 et
2131 993 2392 1047 horribile
2437 994 2811 1063 spectaculum
2849 992 2993 1046 facta
3040 1001 3143 1046 est.
3182 991 3313 1046 Post
3361 992 3620 1060 despera-

2035 1087 2237 1140 tionem
2277 1102 2406 1139 vero
2451 1086 2864 1150 medicantium,
2906 1101 2971 1140 ac
3025 1085 3407 1141 certitudinem
3473 1099 3617 1137 mor-

2035 1176 2129 1240 tis,
2175 1192 2298 1230 cunt
2332 1175 2621 1245 dispendio
2658 1177 2828 1228 multo
2878 1190 3070 1237 eorum
3103 1177 3195 1245 qui
3244 1175 3512 1239 ferebant,
3545 1173 3611 1227 ad

2035 1277 2258 1323 sant-tos
2292 1268 2575 1338 pem-nit;
2602 1277 2656 1322 et
2681 1269 2764 1321 vix
2796 1283 2960 1337 supra
3001 1268 3375 1337 pavimentum
3405 1267 3604 1335 posita,

2030 1361 2247 1431 jacebat
2287 1377 2410 1416 cum
2436 1360 2624 1431 dolore
2649 1377 2890 1431 gemens,
2924 1369 2980 1414 et
3013 1360 3198 1414 dicere
3223 1360 3355 1412 nihil
3388 1374 3497 1428 prae
3523 1375 3615 1428 ge—

2036 1452 2172 1506 tnitu
2222 1452 2430 1514 valens,
2468 1453 2563 1506 sed
2609 1451 2683 1502 ita
2726 1466 2844 1503 eam
2895 1449 3152 1519 passione
3184 1449 3526 1518 deprimente
3561 1458 3614 1503 et

2036 1555 2364 1618 angustante
2392 1563 2455 1601 ac
2479 1545 2798 1608 sullocante,
2833 1546 3142 1599 tumoribus
3168 1544 3260 1612 qtti
3291 1544 3431 1596 ultra
3450 1558 3612 1612 quam

2037 1641 2148 1694 dici
2171 1649 2395 1710 possent
2435 1649 2815 1698 excreverant,
2851 1639 3172 1693 miserentes
3202 1649 3487 1707 martyres,
3519 1637 3611 1706 qui

359 1719 535 1784 ζοντο,
561 1722 627 1789 ἣν
655 1723 798 1791 ἐχειν
821 1723 922 1774 οὐκ
949 1723 1198 1792 ἠλπιζεν.
1235 1725 1329 1776 καὶ
1359 1725 1515 1777 νόσου
1544 1725 1604 1776 τὸ
1640 1724 1930 1794 φάρμακον

2034 1707 2305 1785 alllucutla
2339 1729 2714 1785 misvrationis
2757 1728 3068 1792 abundant,
3099 1738 3154 1782 et
3187 1729 3238 1780 in
3275 1728 3484 1781 somnis
3516 1742 3612 1795 ap-

357 1810 625 1882 ἔφραζον,
661 1816 754 1866 καὶ
800 1814 956 1866 τοῦτο
1003 1817 1176 1867 ποιεῖν
1220 1817 1277 1867 έν
1327 1819 1481 1883 τάχει
1545 1816 1928 1884 προσέταττον.

367 1905 566 1976 "Apso;
601 1905 644 1957 δ’
669 1901 736 1975 ἦν
769 1904 1095 1976 παξαμήτης
1123 1905 1183 1958 τὸ
1207 1907 1516 1976 φάρμακον,
1561 1908 1622 1957 οὐ
1658 1905 1930 1975 μακρόθεν

358 1993 677 2066 ἐρχόμενος,
709 1997 824 2051 ἀλλ’
855 2000 913 2050 ἐν
944 1998 1238 2069 Ἡρακλείᾳ
1256 1998 1457 2066 γείτονι
1489 1997 1651 2068 κῲμῃ
1679 1997 1929 2069 περιττό-

358 2103 544 2155 μενος,
579 2087 660 2150 ὃν,
693 2087 958 2157 εἰπούσης
989 2092 1126 2158 μετὰ
1154 2089 1243 2140 τὸν
1273 2089 1500 2159 ὄνειρον,
1533 2089 1740 2158 ἧγαγον
1766 2091 1812 2140 οί
1840 2090 1930 2156 ἐγ.

358 2179 620 2245 γίζοντες,
649 2180 744 2232 καὶ
777 2181 851 2248 τῷ
883 2181 980 2250 τῆς
1013 2181 1196 2251 πηγῆς
1231 2180 1519 2249 βρέξαντες
1550 2179 1724 2241 ὕδατι,
1750 2181 1929 2234 πᾶσαν

363 2269 530 2337 αὐτὴν
560 2273 621 2322 ὲκ
656 2272 898 2341 κεφαλῆς
932 2271 1095 2342 μέχρι
1129 2272 1306 2324 ποδῶν
1369 2271 1825 2336 καταπάττουσιν,
1853 2272 1927 2332 ὡς

363 2359 531 2428 ἡτῶν
579 2362 752 2430 ἁγίων
790 2363 1042 2416 ἐθέσπισε
1095 2363 1366 2425 κέλευσις.
1415 2362 1822 2432 Ξηραινομὲνου
1871 2363 1928 2415 δὲ

356 2451 450 2506 τοῦ
483 2453 764 2524 λεχθέντος
791 2457 854 2506 ὲκ
887 2456 1211 2525 παξαμήτου
1250 2457 1346 2507 καὶ
1380 2453 1570 2517 ὓδατος
1601 2453 1928 2524 χρίσματος,

355 2547 452 2597 καί
485 2545 583 2615 τῆς
610 2546 760 2599 ἔνδον
793 2547 1105 2616 σμυχούσης
1137 2545 1434 2616 ὑγρότητος
1466 2545 1675 2609 πληθὺς
1706 2545 1930 2616 ἑξηραί-

355 2652 498 2701 vam,
530 2638 716 2690 πᾶσαν
732 2637 904 2707 αὐτὴν
931 2638 1006 2701 ὡς
1040 2638 1131 2690 ἐπὶ
1150 2637 1388 2704 σπόγγου
1479 2637 1710 2704 σίφωνος
1728 2639 1932 2706 άνιμω-

357 2728 520 2798 μένου
553 2729 646 2780 τοῦ
674 2730 994 2798 χρίσματος,
1023 2729 1268 2798 καὶπρὸς
1300 2727 1613 2796 τούμφανὲς
1644 2727 1929 2792 ἀνωδύνως

355 2821 694 2883 ἐκκαίοντος.
721 2822 796 2873 Οὔ
830 2820 993 2890 μόνον
1024 2820 1080 2872 δὲ
1118 2819 1215 2889 τὴν
1251 2819 1423 2888 ὑγρὰν
1459 2819 1676 2886 ἐκείνην
1711 2817 1930 2888 πληθωη

358 2912 481 2981 ρίαν
509 2913 570 2965 τὸ
594 2912 782 2982 λεχθὲν
806 2911 1180 2982 άνεῤῥόφησεν
1211 2913 1522 2980 φάρμακον,
1547 2910 1682 2963 ἀλλὰ
1715 2911 1811 2962 καὶ
1842 2909 1930 2962 τὸν

354 3002 452 3054 ἀπ’
483 3003 653 3072 αὐτῆς
680 3003 778 3068 τῆς
811 3003 966 3054 νόσου
997 3002 1319 3071 τικτόμενον
1367 3000 1619 3054 θάνατον.
1655 3002 1763 3052 Καὶ
1809 3001 1929 3053 Μασ
1957 3039 2000 3096 C

359 3094 450 3162 ρία
477 3093 576 3164 μὲν
600 3093 741 3146 οὕτω
773 3093 1026 3163 χαλεπῶς
1053 3092 1468 3152 κινδυνεύσασα,
1496 3091 1928 3162 ρᾳδίωςδιαφεύ-

358 3203 445 3252 γει
472 3187 563 3239 τον
596 3186 861 3248 κίνδυνον,
893 3185 1238 3256 μαρτυρικῆς
1268 3183 1599 3254 ἑπιτυχοῦσα
1627 3184 1928 3252 δυνάμεως,

359 3277 454 3330 καὶ
483 3275 577 3329 τοῦ
609 3277 916 3346 νοσήματος
949 3275 1255 3345 κρείττονος
1312 3276 1402 3328 καὶ
1443 3275 1624 3336 αἰτίας
1680 3273 1932 3343 γνωριζο-

363 3370 527 3439 μένης
569 3369 664 3439 τῆς
692 3366 938 3439 ῥώσεως,
969 3368 1155 3437 Ἡμεῖς
1189 3367 1245 3420 δὲ
1271 3369 1430 3420 πάλιν
1471 3367 1597 3429 τοὺς
1649 3367 1932 3436 μάρτυρας

359 3461 798 3532 εύφημήσαντες,
845 3460 938 3532 καὶ
977 3458 1052 3521 ὡς
1097 3457 1434 3527 τηλικούτων
1476 3457 1654 3527 ἔργων
1691 3457 1930 3525 ἐργάτας

360 3556 720 3624 ὑμνήσαντες,
777 3551 939 3622 ἔργον
977 3552 1162 3621 ἕτερον
1217 3551 1471 3618 μέγιστον
1529 3548 1625 3600 καὶ
1673 3547 1933 3615 τηλικαύ-

362 3661 452 3712 της
496 3641 770 3712 εὐφημίας
804 3640 1027 3707 ἐπάξιον
1058 3643 1158 3709 τῆς
1183 3638 1366 3692 αὐτῶν
1397 3635 1806 3707 συγγράψωμεν
1835 3635 1932 3705 χάο

363 3752 526 3807 ριτος,

394 4019 523 4071 KA'.
579 4018 715 4085 Περί
753 4016 1094 4084 Μαρτυρίιις
1149 4012 1260 4080 τῆς
1314 4013 1382 4085 ἐκ
1434 4011 1772 4078 περιεργίας
1821 4007 1893 4060 τὰ

775 4083 1102 4154 σπλάγχνα
1125 4083 1508 4150 πασχούσης.

377 4199 382 4206 ’
428 4178 744 4250 Μιρτυρίας
773 4177 833 4228 τὸ
869 4177 1038 4238 πάθος
1065 4172 1412 4240 ἀκούσωμεν,
1443 4171 1537 4223 καὶ
1569 4171 1669 4239 τὴν
1697 4168 1789 4221 τοῦ
1827 4169 1928 4220 πά-

356 4271 479 4335 θους
507 4272 580 4340 μὴ
613 4269 971 4339 παρέλθωμεν
1000 4268 1164 4328 ἴασιν,
1203 4265 1290 4317 ἵνα
1325 4265 1398 4333 μὴ
1435 4264 1596 4331 μόνον
1627 4263 1714 4313 ἐπὶ
1740 4261 1800 4313 τὸ
1828 4261 1931 4313 πάι-

2031 1833 2306 1891 pareutes,
2333 1830 2386 1874 et
2418 1821 2583 1874 vitam
2613 1821 2842 1882 donant,
2869 1836 3032 1888 quam
3064 1820 3373 1872 babiturant
3407 1835 3466 1871 se
3503 1833 3610 1871 non

2029 1913 2313 1980 sperabat,
2361 1918 2414 1964 et
2466 1911 2747 1978 languoris
2796 1909 3060 1962 medelam
3112 1917 3490 1962 asseruerunt.
3545 1908 3610 1959 lit

2031 2005 2132 2060 hoc
2165 2005 2419 2060 celeriter
2455 2001 2635 2056 facere
2673 2009 3072 2070 prmeeperunt.
3099 1999 3264 2054 Panis
3300 1999 3446 2053 enim
3488 2011 3608 2053 erat

2031 2094 2296 2148 medicina
2330 2093 2443 2151 illa.
2469 2099 2808 2161 paxamates.
2847 2105 2955 2144 non
2987 2106 3015 2142 a
3046 2089 3206 2156 longe
3242 2089 3476 2153 delatus,
3514 2091 3608 2142 sed

2029 2183 2083 2239 in
2133 2184 2314 2238 vicino
2358 2182 2603 2244 castello,
2639 2181 2893 2235 Heraclio
2946 2178 3607 2244 vocabulo,tessellatus;

2028 2290 2188 2344 quem
2226 2287 2349 2328 cum
2391 2270 2614 2332 dixisset
2646 2277 2770 2338 post
2792 2268 3088 2330 somnium,
3134 2267 3226 2335 qui
3255 2267 3318 2320 ad
3359 2277 3480 2332 rant
3515 2267 3611 2320 de—

2031 2367 2308 2420 tulerant:
2347 2376 2458 2433 quo
2499 2361 2668 2416 fontis
2717 2374 2857 2429 aqua
2895 2359 3091 2427 rigato,
3127 2367 3236 2411 tota
3268 2359 3415 2411 illam
3459 2373 3486 2410 a
3519 2374 3612 2410 ca-

2032 2459 2164 2528 pite,
2218 2466 2377 2511 tenus
2426 2455 2656 2524 pedibus
2712 2462 3088 2523 asperserum,
3139 2450 3601 2521 quemadmodum

2031 2557 2345 2605 sanctorum
2371 2549 2548 2617 iussio
2593 2558 2887 2610 sanxerat;
2925 2547 3315 2612 exsiccatoque
3357 2560 3606 2614 unguen-

2031 2653 2104 2702 to,
2147 2640 2291 2708 quod
2331 2648 2413 2693 ex'
2446 2637 2788 2709 paxamatico
2829 2651 2968 2705 pane
3011 2635 3326 2689 confectum
3383 2645 3433 2688 cl
3466 2650 3609 2700 aqua

2034 2733 2213 2787 fuerat
2243 2772 2258 2795 ,
2319 2730 2614 2786 multitudo
2656 2743 2874 2797 quoque
2943 2727 3190 2780 humoris
3235 2726 3611 2780 delitescentis

2033 2824 2269 2878 interius
2300 2823 2579 2877 exsiccata
2603 2832 2708 2884 est,
2742 2829 2912 2873 totam
2948 2820 3092 2872 hanc
3129 2828 3409 2888 unguento
3437 2819 3612 2871 instar

2033 2917 2274 2986 spongiae
2306 2915 2389 2968 vel
2424 2913 2675 2982 siphonis
2721 2912 3028 2971 hauriente,
3079 2918 3127 2963 et
3177 2911 3296 2964 sine
3331 2911 3520 2961 dolore
3543 2910 3610 2962 ad

2035 3007 2382 3077 superﬁciem
2439 3003 2776 3060 cﬂ'undcute.
2834 3000 2950 3054 Non
3001 3013 3180 3054 autem
3243 3000 3414 3054 solam
3459 2999 3609 3054 illam

2035 3109 2244 3152 tantum
2276 3098 2524 3151 humoris
2547 3097 2785 3150 illuviem
2807 3094 3122 3162 praedictum
3153 3091 3610 3144 medicamentum

2035 3190 2339 3253 absorbuit,
2373 3189 2467 3243 sed
2507 3197 2558 3241 et
2589 3193 2824 3240 mortem
2865 3200 2988 3252 qua:
3036 3199 3100 3238 ex
3139 3185 3256 3248 ipSo
3280 3191 3398 3235 erat
3432 3181 3612 3235 nas-.i-

2035 3293 2154 3336 tura
2181 3284 2463 3351 languore.
2484 3279 2548 3331 Et
2582 3277 2749 3331 Maria
2777 3277 3001 3346 quidem
3036 3292 3160 3329 cum
3195 3276 3248 3328 iu
3269 3285 3377 3328 tam
3406 3291 3608 3328 smvum

2035 3373 2340 3442 periculum
2377 3369 2686 3432 incidisset,
2709 3368 2870 3421 facile
2899 3366 3206 3435 periculum
3231 3366 3444 3434 ell‘ugit,
3467 3381 3612 3418 mar-

2033 3464 2209 3532 tyrica
2245 3461 2447 3514 virtute
2479 3469 2755 3528 percepta,
2789 3468 2844 3510 et
2879 3457 3164 3526 languoris
3201 3457 3608 3518 melioratione,

2030 3567 2304 3620 causaque
2329 3551 2579 3604 sanitatis
2599 3557 2901 3619 comperta.
2941 3548 3054 3602 Nos
3083 3556 3290 3608 autem,
3335 3557 3608 3615 martyres

2031 3647 2227 3697 iterum
2270 3641 2684 3703 collattdantes,
2721 3649 2778 3694 et
2820 3649 3010 3708 utpote
3055 3647 3334 3692 lautorum
3380 3653 3608 3706 operum

2030 3737 2311 3804 operarios
2344 3733 2562 3803 hymnis
2604 3739 2889 3796 'caneutes,
2922 3731 3067 3786 aliud
3106 3731 3402 3784 maximum
3444 3745 3606 3799 Opus,

2030 3836 2084 3881 et
2131 3831 2279 3879 tanta
2339 3821 2498 3876 laude
2558 3821 2891 3892 condignqu
2953 3821 3142 3890 gratim
3191 3819 3609 3874 conscribamus

2031 3917 2298 3984 ipsorum.

2030 4027 2168 4082 XXI.
2215 4026 2292 4081 De
2339 4027 2604 4096 Marlgrla
2650 4041 2767 4094 qua:
2809 4040 2874 4078 ex
2925 4024 3186 4092 maleﬁcia
3229 4026 3428 4078 viscera
3479 4025 3607 4080 la’sa

2654 4096 2982 4164 patiebatur.

2099 4183 2382 4254 Martyria:
2445 4183 2756 4252 passionem
2824 4181 3147 4245 audiamus,
3209 4191 3264 4236 et
3318 4181 3607 4236 sanitatem

2030 4276 2304 4346 passionis
2335 4290 2443 4330 non
2489 4284 2863 4335 transeamus,
2897 4279 2955 4325 ut
2992 4287 3098 4325 non
3140 4274 3518 4326 tantummodo
3541 4271 3609 4326 de

356 4363 445 4424 θος
496 4360 908 4430 στυγνάζωμεν,
940 4357 1074 4427 de);
1105 4356 1200 4408 καὶ
1231 4354 1326 4424 τὴν
1364 4353 1527 4423 ῥῶσιν
1561 4351 1924 4421 μανθάνοντες

2034 4367 2288 4437 passione
2337 4379 2628 4434 mmrorettt
2677 4363 2999 4423 elﬁeiamus,
3036 4362 3130 4416 sed
3181 4373 3234 4418 et
3283 4362 3352 4416 de
3402 4362 3604 4415 incolu-

360 4454 659 4523 χαίρωμεν.
698 4450 882 4503 Δεινδν
923 4446 988 4518 ἦν
1027 4448 1198 4516 αὐτῆς
1228 4446 1286 4498 τὸ
1317 4444 1677 4515 ἀρρώστημα,
1715 4442 1806 4494 καὶ
1837 4440 1926 4492 λό-

356 4563 456 4614 γου
487 4546 580 4598 κα)⁸
609 4543 854 4613 γλώττης
888 4541 1177 4594 ἐπέκεινα·
1204 4538 1263 4590 ού
1303 4537 1412 4605 γάρ
1445 4534 1674 4602 φυσικὸν
1718 4527 1807 4602 ἦν,
1854 4531 1927 4594 ὼς

359 4639 423 4688 τά
459 4633 626 4687 πολλὰ
657 4633 806 4701 πάθη
837 4647 898 4684 συ
910 4630 1226 4700 μϐαίνουσιν
1248 4629 1312 4679 ἐκ
1342 4624 1530 4695 χυμῶν
1562 4623 1820 4674 πλειόνων
1843 4638 1923 4688 γι-

354 4729 574 4796 νόμενα,
605 4726 637 4795 ἢ
671 4722 1094 4796 συμπτωμάτων
1116 4721 1216 4772 ’ἀπ’
1258 4719 1435 4773 ἄλλων
1496 4717 1813 4784 τικτόμενα,
1846 4710 1928 4777 οἷς

357 4791 498 4888 μετὰ
521 4791 702 4888 τὴν-ὲν
728 4791 1042 4887 παραδείσῳ
1075 4811 1386 4882 παράϐασιν
1417 4807 1688 4863 δουλεύειν
1709 4808 1929 4880 ἀνάγκῃ

354 4911 414 4964 τὸ
439 4911 596 4980 σῶμα
629 4909 1008 4977 κεκλήρωται·
1039 4905 1156 4959 ἀλλ’
1187 4906 1251 4956 ὲκ
1287 4901 1612 4972 περιεργίας
1645 4900 1736 4954 καί
1761 4917 1928 4952 τινων

357 4999 680 5071 μοχθηρίας,
716 4999 810 5053 καὶ
856 4999 1016 5052 ἄθεον
1059 4995 1416 5064 κεκτημένων
1443 4991 1786 5063 προαίρεσιν,
1830 4992 1926 5044 καί⁵

353 5093 824 5162 φιλοτιμουμένων
853 5089 1041 5153 κακῶς
1090 5087 1228 5158 πρὸς
1256 5087 1320 5140 τὸ
1351 5085 1525 5150 οὕτως
1554 5085 1791 5154 ἀφειδῶς
1831 5086 1928 5138 λυ⁹

355 5184 642 5254 μαίνεσθαι
684 5184 746 5236 τὸ
785 5181 1075 5251 όμόφυλον.
1114 5180 1238 5233 Εἴτε
1271 5175 1366 5232 οὖν
1409 5178 1755 5249 δηλητηρίοις
1788 5181 1930 5248 χρώ·

355 5290 527 5343 μενοι,
554 5275 666 5328 εἴτε
700 5272 1024 5343 βλαπτικαῖς
1050 5271 1322 5340 δαιμόνων
1351 5271 1548 5340 ὁρμαῖς
1575 5285 1634 5322 τε
1685 5270 1780 5323 καὶ
1826 5269 1928 5339 μάο

349 5365 546 5430 στιξιν,
581 5367 814 5422 ἐκάκουν
851 5367 910 5418 τὸ
933 5365 1176 5432 γύναιον,
1206 5361 1511 5432 ἀγνοοῦμεν
1537 5361 1926 5429 ῶςᾶνθρωποι·

351 5458 484 5522 Θεὸς
508 5459 564 5511 δὲ
590 5457 752 5512 τοῦτο
780 5458 916 5527 μετὰ
947 5458 1055 5508 τῶν
1076 5456 1251 5510 ἄλλων
1283 5454 1538 5507 ἁπάντων
1559 5455 1870 5512 ἐπίσταται.
1898 5456 1927 5507 ό

355 5551 572 5604 πάντων
607 5549 745 5618 ἔχων
772 5549 869 5622 τὴν
903 5550 1128 5618 εῐδησιν,
1173 5547 1280 5618 πρὸ
1305 5547 1401 5612 τῆς
1432 5546 1611 5598 αὐτῶν
1643 5547 1723 5608 εἰς
1754 5546 1814 5599 τὸ
1849 5542 1926 5598 εἷ-

353 5657 440 5696 ναι
467 5642 730 5704 ἰνώσεως.
769 5643 848 5697 Τά
883 5642 1164 5710 σπλάγχνα
1197 5639 1252 5693 δὲ
1285 5639 1514 5709 πάσχειν
1566 5639 1692 5691 ἐϐόα
1725 5639 1785 5692 τὸ
1826 5636 1924 5706 γύ-

2033 4459 2220 4513 tnitate
2265 4456 2535 4526 condigne
2583 4456 2940 4522 gaudeamus.
2989 4455 3188 4508 Severa
3220 4453 3341 4524 ejus
3379 4462 3498 4509 erat
3528 4455 3609 4507 in-

2032 4549 2278 4603 ﬁrmitas.
2316 4556 2371 4602 et
2413 4547 2590 4600 verbis
2634 4557 2688 4600 et
2741 4546 2922 4615 lingua
2969 4545 3222 4614 superior
3256 4563 3270 4598 :
3305 4560 3412 4598 non
3463 4545 3608 4598 enim

2030 4640 2298 4694 naturalis
2337 4648 2475 4698 erat.
2509 4637 2666 4692 sicuti
2716 4638 2903 4690 multa:
2951 4637 3238 4705 passiones
3284 4635 3610 4705 contingunt

2028 4748 2094 4786 ex
2140 4730 2498 4800 amplioribus
2547 4729 2870 4782 humoribus
2920 4728 3096 4790 factae,
3137 4731 3218 4781 vel
3271 4728 3494 4782 casibus
3540 4727 3613 4779 ab

2029 4823 2152 4877 aliis
2206 4829 2508 4890 generatae,
2559 4820 2759 4891 quibus
2808 4828 2931 4887 post
2983 4818 3184 4872 factam
3239 4819 3293 4871 in
3354 4817 3611 4886 paradiso

2029 4914 2550 4982 transgressionem,
2595 4913 2803 4965 servire
2833 4925 3039 4980 corpus
3072 4910 3398 4964 necessitate
3441 4912 3608 4964 sorti-

2030 5014 2144 5058 tum
2187 5013 2302 5068 est;
2339 5003 2432 5057 sed
2485 5001 2755 5056 maleﬁcio
2799 5000 3164 5070 quorumdam
3216 5001 3510 5070 malignam
3555 5010 3606 5053 et

2030 5094 2149 5149 siue
2184 5093 2294 5147 Deo
2325 5093 2657 5148 voluntatem
2691 5093 3032 5157 habentium,
3066 5104 3230 5160 atque
3268 5091 3334 5144 ad
3384 5090 3466 5144 sic
3513 5091 3584 5144 do

2031 5182 2220 5238 lendos
2275 5184 2558 5253 proximos
2613 5183 2753 5238 male
2797 5191 2853 5238 et
2904 5183 3024 5238 sine
3071 5183 3338 5252 parcitate
3383 5196 3607 5250 operam

2028 5274 2299 5328 dantium.
2344 5273 2531 5344 Itaque
2571 5273 2688 5329 sive
2732 5273 3012 5354 veneﬁciis
3062 5280 3302 5336 utentes,
3339 5271 3455 5326 sive
3500 5288 3609 5327 non

2030 5365 2266 5419 innoxiis
2316 5364 2624 5420 daemonum
2679 5365 2924 5422 motibus
2983 5373 3152 5433 atque
3207 5363 3438 5435 ﬂagellis
3491 5379 3582 5418 nm

2031 5456 2215 5509 lierem
2265 5457 2577 5522 aﬂlixerint,
2628 5459 2970 5528 ignoramus,
3023 5465 3083 5510 ιιι
3129 5457 3412 5524 homines;
3469 5455 3611 5510 Deus

2029 5553 2209 5600 autem
2265 5547 2366 5601 hoc
2426 5549 2598 5612 novit,
2655 5565 2762 5604 una
2819 5564 2942 5602 cum
2999 5548 3126 5602 aliis
3177 5549 3472 5613 universis,
3517 5548 3609 5616 qui

2029 5647 2348 5694 cunctorum
2373 5639 2535 5697 habet
2569 5641 2880 5703 scientiam,
2920 5648 3046 5696 ante
3091 5640 3336 5710 ipsorum
3367 5644 3433 5696 ad
3467 5639 3614 5696 exsi-
