4020 6204
429 267 569 332 3.533

1280 283 1339 341 s.
1387 282 1806 345 SOPHRONII
1843 257 2347 351 PATRIARCIL'E
2386 293 2789 357 HIEROSOL.

3543 302 3690 368 3584

419 387 682 440 utendum
718 386 968 445 ellectus.
1016 390 1187 448 Porro
1218 394 1426 449 viscera
1468 413 1527 452 se
1565 398 1675 468 pati
1710 401 2001 464 clainabat,

2107 421 2276 467 ναιον,
2325 407 2420 460 καὶ
2461 407 2632 462 ταῦτα
2681 409 2984 465 δάπτεσθαί
3029 430 3089 466 τε
3135 413 3229 470 καὶ
3278 416 3690 486 σπαράττεσόαι

431 477 654 548 haecque
682 481 890 536 comedi
948 496 1013 536 ac
1049 484 1272 539 lacerari
1304 488 1571 556 plorabat,
1603 497 1656 544 et
1689 491 1835 546 aliud
1874 493 2004 560 quid

429 580 654 621 causam
688 569 1108 627 sciscitantibus
1139 588 1244 627 non
1278 575 1512 632 dicebat.

503 657 633 711 Illuc
685 665 866 713 autem
922 661 1262 718 medicorum
1326 681 1582 736 proceres
1630 668 2002 737 conﬂuentes,

430 759 604 813 neque
643 747 953 814 passionem
989 754 1421 821 cognoscebant,
1452 772 1629 826 neque
1657 773 1878 813 causam
1907 761 2004 816 de-

427 836 774 903 nuntiabant,
816 853 996 910 neque
1046 843 1251 913 aliquid
1293 847 1642 914 patiebantur
1679 851 1873 904 offerre
1917 865 2003 905 rc-

425 925 695 989 mcdium,
738 929 833 984 scd
892 931 966 986 nil
1027 935 1291 1003 prodesse
1346 939 1623 1006 valentes,
1672 943 1832 1011 quasi
1891 957 2002 997 non

423 1017 829 1086 apparuissent,
884 1026 1324 1084 revertebantur.
1383 1029 1504 1096 Quo
1555 1041 1857 1101 comperto,
1905 1034 1998 1103 qui

425 1106 639 1161 mulieri
691 1111 1063 1180 pertinebant,
1101 1118 1374 1172 maturius
1422 1135 1541 1174 eam
1593 1121 1660 1176 ad
1707 1123 1909 1194 Cyrum
1947 1133 2000 1180 et

420 1194 687 1252 Joannem
743 1211 1010 1276 martyres
1064 1207 1307 1274 ducunt,
1369 1212 1510 1266 haud
1565 1214 1764 1270 divinae
1823 1216 1997 1270 virtu—

422 1289 492 1340 t's
541 1303 731 1344 eorum
795 1294 988 1364 ignari,
1026 1313 1124 1367 per
1172 1316 1334 1370 quam
1389 1305 1681 1360 sanitatem
1731 1307 1998 1362 acceden-

420 1377 568 1433 tibus
595 1382 900 1453 porrigunt,
932 1398 984 1442 et
1007 1404 1175 1458 opera
1208 1405 1468 1464 peragunt
1503 1397 1843 1462 admiranda,
1876 1415 1998 1470 qua

421 1481 519 1518 nec
551 1484 733 1524 sermo
765 1483 948 1543 potest
978 1492 1260 1546 enarrare,
1295 1499 1395 1538 nec
1435 1484 1594 1553 plane
1631 1501 1830 1544 sensus
1857 1490 1998 1544 valet

419 1557 699 1615 hominum
733 1563 1076 1639 intelligere;
1110 1588 1304 1628 omnes
1344 1574 1620 1632 beneﬁciis
1662 1593 2023 1651 persequen-.

418 1657 520 1708 tcs,
553 1658 716 1719 atque
744 1655 1050 1721 salvantes,
1076 1669 1130 1715 et
1157 1675 1185 1713 a
1213 1663 1492 1718 coutinuis
1521 1668 1781 1736 periculis
1806 1685 1998 1725 eruen-

2107 494 2431 560 διωλόλυζεν
2450 515 2463 528 ·
2497 498 2684 570 ἓτερον
2710 499 2769 553 δέ
2797 517 2849 553 τι
2877 503 2990 565 τοῖς
3021 503 3122 574 τὴν
3149 503 3330 558 αἰτίαν
3353 504 3690 576 πυθομένας

2105 586 2208 641 οὐκ
2237 587 2442 657 ἔλεγεν.

2195 679 2406 732 Ἐκεῖσε
2437 680 2494 734 δὲ
2524 679 2633 733 τῶν
2667 681 2868 754 ἰατρῶν
2902 685 2948 738 οἰ
2993 687 3297 756 προστάται
3341 687 3685 759 συρρέοντες.

2103 765 2228 821 οὐτε
2265 768 2324 821 τὸ
2358 769 2532 835 πάθος
2559 771 2879 841 ἐγίνωσκον,
2919 774 3043 829 οὔτε
3073 776 3173 847 τὴν
3198 777 3378 831 αἰτίαν
3407 777 3688 848 ἀπήγγελ-

2104 856 2232 922 λον,
2279 856 2405 911 οὐτε
2475 861 2816 932 προσφέρειν
2862 863 3148 934 ήνίσχοντο
3203 868 3514 938 φάρμακον,
3564 869 3686 921 ἀλλ’

2105 944 2444 1014 ὠφελοῦντες
2513 947 2636 1001 οὐδὲ
2683 950 2760 1012 ὡς
2812 951 2886 1021 μὴ
2935 954 3195 1020 φανέντες
3239 955 3687 1025 ὐπὲστρεφον.“0

2106 1035 2376 1106 μαθόντες
2399 1041 2444 1091 οἰ
2471 1038 2552 1109 τῷ
2577 1041 2787 1111 γυναίῳ
2817 1044 3224 1112 προσήκοντες⁹
3275 1045 3465 1100 θᾶττον
3511 1046 3686 1116 αὐτὴν

2102 1128 2241 1198 πρὸς
2285 1129 2468 1199 Κῦρον
2509 1133 2605 1184 καὶ
2648 1132 2902 1203 Ἰωάννην
2957 1135 3082 1198 τοὺς
3121 1135 3405 1206 μάρτυρας
3433 1137 3682 1203 ἄγουσιν,

2099 1219 2200 1272 οὐκ
2226 1221 2490 1290 ἀγνοηταί
2516 1223 2616 1292 τῆς
2643 1223 2792 1289 θείας
2821 1227 3001 1279 αὐτῶν
3014 1227 3165 1290 ὄντες
3188 1227 3491 1299 δυνάμεως,
3519 1229 3589 1282 δι’
3612 1225 3683 1301 ἧς

2099 1311 2202 1375 τὰς
2255 1313 2427 1376 ίὰσεις
2485 1317 2597 1378 τοῖς
2649 1317 2970 1386 προσιοῦσιν
3015 1319 3303 1389 ὀρέγουσιν
3343 1323 3436 1373 καί⁵
3475 1322 3683 1393 δρῶσιν

2100 1397 2239 1470 ἔργα
2271 1400 2573 1471 θαυμάσια.
2621 1404 2656 1458 ἃ
2714 1406 2848 1475 μηδέ
2877 1406 3035 1476 λόγος
3065 1409 3287 1462 δύναται
3315 1410 3683 1482 διηγήσασθαι

2103 1491 2236 1563 μηδὲ
2263 1493 2454 1563 νοῆσαι
2486 1495 2674 1562 σαφῶς
2695 1498 3001 1567 ἀνθρώπων
3028 1501 3199 1570 ἰσχύει
3226 1501 3682 1566 διάνοια,πάντας

2098 1583 2518 1653 εὐεργετοῦντες
2551 1587 2646 1638 καὶ
2675 1585 2968 1655 σώζοντες,
2990 1591 3085 1643 καὶ
3123 1591 3384 1645 κινδύνων
3413 1592 3685 1647 ἀλλεπαλ-

2097 1674 2276 1744 λήλων
2305 1676 2696 1748 λυτρούμενοι·
2733 1680 2808 1742 ὡς
2839 1680 2926 1733 διὰ
2970 1681 3132 1736 τοῦτο
3191 1683 3528 1756 δωρηθέντες
3566 1687 3679 1749 τοῖς

418 1747 532 1804 tes;
569 1743 662 1810 qui
699 1743 954 1800 nimirum
997 1758 1285 1820 pr0pterea
1339 1754 1527 1809 donati
1579 1767 1708 1814 sunt
1753 1759 1993 1816 homini-

2097 1743 2662 1837 dvﬁprbrtmc'oi-aytor
2692 1812 2706 1834 ,
2746 1773 2841 1824 καὶ
2893 1771 3038 1836 δόσις
3081 1743 3396 1844 ἀγαθὴΙκαὶ
3444 1743 3678 1847 διῖιρημα

417 1828 516 1884 bus
551 1834 748 1896 sancti.
786 1836 971 1890 datum
1025 1838 1118 1894 Dei
1169 1841 1388 1914 benigni
1441 1848 1657 1917 optimi,
1685 1857 1739 1905 et
1789 1851 1992 1906 donum

415 1921 754 1989 perfectum,
807 1943 934 1998 erga
993 1929 1246 1988 homines
1309 1935 1593 1993 donatoris
1650 1940 1993 1996 clementiam

415 2011 718 2078 imitantes.
767 2027 931 2086 atque
977 2030 1035 2076 ut
1074 2021 1224 2094 digni
1276 2028 1457 2096 potius
1507 2030 1699 2086 datore
1737 2035 1992 2104 cognosci

414 2104 677 2173 valerent,
709 2125 873 2179 quam
908 2129 1108 2171 munus
1144 2117 1266 2188 ejus
1304 2117 1486 2176 facere
1519 2137 1626 2178 non
1662 2124 1991 2195 proﬁcuum,

414 2196 758 2255 festinantes.

481 2285 583 2352 Qui
619 2296 672 2343 et
711 2301 860 2358 tunc,
889 2291 1160 2366 Martyria:
1199 2297 1406 2355 miserti
1443 2301 1626 2358 taliter
1658 2302 1990 2371 dilacerata},

413 2385 470 2430 ut
501 2378 762 2445 diximus,
794 2393 849 2436 et
901 2386 1126 2441 vocibus
1175 2391 1374 2451 arduis
1412 2392 1693 2462 ejulantis,
1729 2397 1796 2450 ad
1842 2411 1991 2451 som-

413 2484 541 2522 num
576 2471 944 2538 deduxerunt,
980 2486 1034 2530 et
1073 2487 1134 2532 ut
1167 2481 1442 2536 somnium
1477 2486 1746 2555 aspiceret
1784 2502 1992 2558 prapa-

411 2569 690 2616 ravcrunt.
727 2565 836 2631 lpsi
887 2577 1069 2622 autem
1106 2579 1264 2625 erant
1309 2573 1402 2642 qui
1453 2583 1508 2628 et
1550 2575 1736 2632 videre
1763 2579 1988 2644 dabant,

407 2659 459 2701 et
499 2651 592 2719 qui
641 2654 1021 2722 apparebant:
1059 2659 1206 2714 viros
1253 2662 1399 2714 enim
1443 2663 1664 2718 videbat
1705 2666 1758 2719 in
1804 2682 1992 2722 mona-

407 2741 631 2796 chorum
682 2747 928 2802 vestibus
974 2762 1357 2819 coruscantcs,
1399 2762 1454 2808 et
1494 2755 1671 2811 lenius
1713 2770 1776 2811 ac
1817 2759 1991 2828 placi-

407 2833 529 2888 dius
559 2835 859 2900 intuentes,
897 2848 1104 2896 etcum
1140 2845 1445 2899 reverentia
1485 2847 1790 2914 venientes,
1825 2858 1990 2920 atque

407 2925 654 2982 dicentes
684 2949 697 2984 :
728 2931 844 2997 Qua
875 2949 972 3002 pro
1000 2950 1164 2989 causa
1199 2938 1380 2992 taliter
1409 2939 1638 3006 clamas,
1665 2951 1720 2996 et
1748 2941 1990 2996 dormire

410 3028 515 3066 non
547 3015 684 3070 sinis
717 3032 814 3072 eos
846 3019 938 3087 qui
971 3020 1060 3074 hic
1095 3020 1148 3074 in
1181 3021 1462 3080 laboribus
1496 3029 1892 3095 perseverant?
1921 3029 1987 3082 At

410 3103 496 3156 illa
546 3107 752 3162 viscera
795 3125 854 3163 se
893 3112 1080 3168 dolere
1125 3115 1430 3185 respondit.
1464 3119 1530 3172 Et
1561 3127 1836 3190 martyres
1866 3135 1988 3174 rur-

407 3213 503 3250 sus
557 3213 676 3251 eam
724 3200 911 3254 verbis
965 3205 1268 3274 reciprocis
1319 3211 1734 3273 convenientes,
1779 3211 1987 3265 ita.in-

406 3290 604 3357 quiunt
637 3307 650 3343 :
684 3289 748 3343 Et
779 3293 893 3346 sola
929 3303 983 3347 tu
1016 3295 1260 3352 dolorem
1301 3298 1472 3354 babes
1504 3315 1571 3355 ex
1615 3299 1700 3355 bis
1727 3302 1985 3357 omnibus

407 3381 851 3451 importabilem?
879 3397 932 3442 et
974 3387 1079 3442 hoc
1129 3388 1302 3455 dicto,
1337 3399 1501 3460 caput
1547 3391 1796 3447 mulieris
1839 3400 1987 3448 tenet

407 3483 654 3543 uterque,
688 3487 742 3531 et
781 3493 904 3545 cum
964 3494 1027 3534 os
1073 3481 1192 3550 ejus
1245 3483 1497 3538 manibus
1544 3485 1984 3554 adaperuissent,

405 3565 641 3621 duorum
695 3570 902 3636 senior,
958 3570 1135 3642 Cyrus
1189 3571 1445 3626 videlicet
1497 3573 1588 3628 ille
1617 3574 1904 3640 mirabilis,
1926 3575 1984 3630 in

404 3671 523 3711 cam
579 3666 664 3714 ter
717 3660 1016 3718 insuﬂlavit
1051 3679 1065 3717 :
1106 3670 1161 3718 et
1215 3662 1318 3717 hoc
1375 3662 1555 3730 facto,
1611 3665 1712 3735 ipsi
1767 3665 1983 3736 quidem

405 3750 562 3819 quasi
598 3761 968 3820 recesserunt,
1003 3753 1094 3808 illa
1129 3769 1259 3810 vero
1310 3759 1420 3809 tam
1472 3771 1503 3810 a
1549 3758 1785 3822 somnio,
1819 3773 1983 3827 quam

403 3853 433 3891 a
468 3853 665 3896 somno
705 3841 957 3909 dimissa,
995 3842 1208 3900 doloris
1250 3843 1474 3915 quidem
1521 3845 1857 3900 mediocrem
1901 3860 1989 3900 re-

400 3931 581 4001 quiem
632 3934 945 4002 sentiebat;
1000 3937 1310 4006 urgebatur
1364 3945 1547 3992 autem
1603 3936 1672 3992 ad
1756 3937 1985 3993 latrinas

405 4027 611 4089 venire,
660 4041 772 4096 quo
827 4027 1156 4097 perveniens
1195 4027 1382 4091 sedet,
1433 4034 1490 4082 et
1539 4027 1836 4095 palmarem
1888 4043 1986 4098 per

401 4124 644 4169 ventrem
679 4132 917 4171 vermem
951 4117 1228 4187 deposuit,
1251 4118 1343 4188 qui
1373 4118 1495 4188 ejus
1524 4119 1741 4174 occulte
1773 4118 1983 4174 viscera

399 4207 742 4262 comedebat.
781 4208 952 4274 Quem
983 4209 1132 4265 velut
1171 4217 1386 4265 stercus
1426 4223 1718 4272 excreans,
1749 4209 1817 4264 ad
1853 4223 1976 4264 san-

399 4308 614 4352 ctorum
673 4301 927 4368 spiritum
984 4301 1231 4370 pulsum,
1283 4302 1499 4371 penitus
1546 4316 1575 4354 a
1622 4300 1907 4357 doloribus
1931 4310 1984 4356 et

2093 1858 2297 1911 τέλειον
2329 1858 2467 1912 Θεοῦ
2493 1858 2586 1912 τοῦ
2623 1860 3010 1933 φιλανθρώπου
3045 1864 3184 1934 πρὸς
3216 1865 3538 1936 ἀνθρώπους
3565 1867 3675 1920 ὐπ-

2096 1945 2381 2017 άρχοντες,
2415 1950 2512 2002 καὶ
2559 1950 2892 2020 μιμούμενοι
2921 1954 2981 2006 τὸ
3007 1954 3102 2006 τοῦ
3128 1955 3515 2027 δωρησαμένου
3556 1958 3680 2028 φιλ-

2093 2036 2401 2108 άνθρωπον,
2448 2040 2543 2092 καὶ
2594 2041 2919 2106 σπεύδοντες
2967 2043 3120 2108 ἄξιον
3155 2047 3358 2116 μᾶλλον
3386 2048 3478 2101 τοῦ
3507 2049 3672 2102 δεδω-

2093 2128 2251 2192 κότος
2274 2130 2794 2205 χαρίζεσθαι,’ήπερ
2843 2137 3016 2188 ποιεῖν
3049 2137 3214 2190 αὐτοῦ
3258 2139 3319 2192 τὸ
3349 2139 3520 2210 δῶρον
3547 2142 3674 2197 dvo-

2093 2234 2277 2288 νητον.

2163 2311 2229 2364 Οἳ
2275 2312 2370 2365 καὶ
2399 2311 2522 2365 τότε
2584 2312 2684 2384 τὴν
2733 2315 3061 2389 Μαρτυρίαν
3089 2319 3457 2390 οἰκτείραντες
3497 2321 3672 2385 οὕτως

2093 2403 2567 2473 σπαραττομένην,
2595 2403 2672 2466 ὡς
2698 2403 2932 2475 ἔφημεν,
2969 2407 3062 2460 καὶ
3090 2411 3295 2477 φωναῖς
3323 2409 3670 2481 διαπρυσίοις

2089 2493 2435 2565 οἰμώζουσαν
2479 2494 2616 2566 πρὸς
2665 2494 2836 2549 ὕπνον
2889 2498 3237 2570 κατήγαγον·
3291 2502 3386 2554 καὶ
3419 2501 3670 2554 ἐνύπνιον

2093 2587 2188 2640 καὶ
2221 2585 2359 2655 δναρ
2389 2586 2524 2657 δρᾷν
2558 2589 3002 2658 παρεσκεύασαν.
3040 2590 3207 2643 Αὐτοὶ
3241 2590 3297 2643 δὲ
3326 2586 3464 2662 ἦσαν
3505 2594 3553 2644 οἰ
3583 2592 3671 2645 δε-

2089 2676 2323 2740 δωκότες
2357 2678 2489 2748 δρᾷν
2520 2679 2615 2731 καὶ
2643 2679 2997 2749 φαινόμενοι·
3029 2681 3231 2753 ἄνδρας
3278 2682 3390 2754 γὰρ
3441 2682 3670 2737 ἔϐλεπεν

2090 2767 2155 2820 ἐκ
2190 2766 2364 2837 μόνων
2389 2766 2498 2820 τῶν
2530 2767 2760 2837 ἱματίων
2791 2770 3208 2840 ἁστράπτοντας
3228 2812 3243 2836 ,
3273 2772 3367 2826 καὶ
3397 2774 3670 2845 προσηνές

2089 2875 2148 2910 τε
2183 2857 2482 2927 βλέποντας
2527 2860 2624 2912 καὶ
2675 2859 2974 2930 μειλίχιον·
3017 2861 3112 2915 καὶ
3162 2862 3300 2932 πρὸς
3336 2863 3506 2930 αὐτὴν
3547 2866 3668 2934 μετ’

2090 2949 2377 3014 εὐλαϐείας
2430 2951 2760 3022 ἐρχομένους
2811 2951 2905 3006 καὶ
2952 2951 3237 3020 λέγοντας·
3281 2953 3442 3017 Τίνος
3484 2953 3670 3008 ἕνεκεν

2018 3079 2063 3141 C
2093 3039 2236 3092 οὕτω
2271 3037 2419 3109 βοᾷς,
2445 3039 2540 3092 καὶ
2569 3039 2855 3093 καθεύδειν
2889 3040 2989 3093 οὐκ
3021 3041 3114 3110 ἐᾷς
3138 3041 3264 3102 τοὺς
3292 3041 3352 3093 ἐν
3376 3039 3551 3102 νόσοις
3580 3041 3671 3093 ἐν-

2095 3130 2219 3186 θάδε
2253 3130 2693 3200 προσμένονταςς
2735 3131 2798 3184 Ἢ
2823 3131 2880 3184 δέ
2910 3133 2978 3185 τὰ
3029 3131 3315 3202 σπλάγχνα
3347 3134 3530 3186 πονεῖν
3559 3132 3672 3184 ἀπο

2088 3220 2362 3291 εκρίνατο.
2391 3219 2503 3274 Καὶ
2526 3221 2576 3274 οἱ
2616 3211 2892 3292 μάρτυρες
2922 3221 3084 3276 πάλιν
3117 3220 3286 3291 αὐτὴν
3313 3221 3672 3292 ἀμειϐόμενοι

2090 3313 2352 3382 ῥήμασιν,
2379 3309 2499 3367 εῐτά
2554 3301 2719 3382 φασιν
2751 3326 2768 3342 ·
2795 3314 2904 3366 Καὶ
2952 3313 3086 3383 μόνη
3140 3311 3308 3366 ὕπνον
3353 3313 3417 3366 ἐκ
3464 3311 3672 3366 τούτων

2089 3404 2344 3458 ἁπάντων
2385 3404 2532 3475 ἔχεις
2570 3405 2881 3477 ἀφόρητον;
2913 3405 3023 3458 Καὶ
3053 3403 3211 3458 τοῦτο
3239 3404 3531 3474 φήσαντες,
3571 3403 3673 3474 τὴν

2087 3493 2331 3565 κεφαλήν
2357 3494 2452 3548 τοῦ
2491 3495 2718 3563 γυναίου
2750 3493 3070 3566 κρατοῦσιν·
3088 3494 3390 3565 ἀμφότεροι
3412 3510 3427 3526 ·
3478 3495 3573 3546 καὶ
3608 3495 3673 3546 τὸ

2089 3586 2264 3657 στόμα
2292 3585 2675 3653 διανοίξαντες,
2713 3588 2743 3639 δ
2785 3586 2894 3638 τῶν
2923 3585 3019 3639 δύο
3050 3585 3422 3656 πρεσϐύτερος
3463 3583 3674 3655 (Κῦρος

2087 3673 2241 3743 οὗτος
2267 3674 2335 3751 ἦν
2366 3681 2395 3732 ό
2431 3677 2742 3748 θεσπέσιος)
2791 3677 2967 3748 τούτῳ
3017 3678 3140 3748 τρὶς
3169 3675 3534 3746 ἐνεφύσησεν·
3576 3676 3675 3730 καὶ

2086 3769 2245 3824 τοῦτο
2291 3773 2654 3842 ποιήσαντες,
2699 3769 2856 3822 αὐτοὶ
2911 3769 3029 3840 μὲν,
3065 3770 3252 3838 φησὶν,
3284 3765 3671 3838 ἀνεχώρησαν,

2087 3863 2271 3935 ἐκείνη
2295 3863 2356 3917 δὲ
2387 3862 2480 3916 τοῦ
2511 3879 2570 3916 τε
2600 3861 2771 3915 ὐπνου
2809 3861 3023 3915 καὶτοῦ
3057 3860 3332 3932 ὁράματος
3360 3859 3630 3913 ἀπελύετο
3651 3875 3667 3889 ·

2089 3954 2184 4008 καὶ
2209 3955 2309 4025 τῆς
2333 3955 2434 4024 μὲν
2463 3952 2657 4024 ὀδύνης
2682 3952 2918 4023 μετρίως
2939 3951 3238 4012 ἐπέπαυτο,
3254 3949 3429 4004 ἐλθεῖν
3454 3949 3511 4003 δὲ
3534 3948 3672 4020 πρὸς

2087 4044 2400 4116 ὰφεδρῶνας
2429 4044 2711 4114 ἠπείγετο,
2750 4042 2879 4095 ἔνθα
2909 4041 3178 4112 γενομένη
3208 4039 3502 4104 καθέζεται
3521 4078 3538 4104 ,
3573 4041 3671 4095 καὶ

2088 4135 2394 4207 παλαιστὴν
2424 4135 2512 4188 διὰ
2542 4133 2784 4206 γαστρὸς
2813 4133 3133 4205 κατήγαγεν
3161 4131 3442 4203 σκώληκα,
3483 4132 3576 4185 τὸν
3599 4131 3672 4185 τὰ

2090 4227 2373 4296 σπλάγχνα
2401 4225 2643 4295 κρυφίως
2676 4223 3055 4289 κατεσθίοντα,
3089 4224 3148 4278 ὂν
3197 4224 3273 4287 ὡς
3300 4224 3505 4294 κόπρον
3537 4239 3669 4276 κατ-

2091 4320 2227 4373 ιέναι
2251 4320 2582 4374 κελεύουσιν.
2639 4318 2844 4371 Τούτου
2881 4317 2938 4370 δέ
2972 4316 3066 4370 τοῦ
3101 4315 3308 4379 πάθους
3334 4314 3669 4382 ἀπαλλαγεῖ-

401 4390 828 4447 lacerationibus
879 4392 1111 4447 liberata
1165 4401 1286 4460 est;
1337 4393 1664 4465 hymnisque
1720 4394 1975 4464 martyri-

2092 4429 2152 4466 σα
2180 4412 2274 4465 καὶ
2302 4410 2600 4481 Μαρτυρία
2628 4409 2812 4471 ἐλέους
2860 4407 3147 4478 ἐπέτυχεν,
3179 4408 3366 4478 χάριτι
3411 4408 3504 4460 καὶ
3542 4407 3664 4476 φιλ-

402 4481 500 4536 Ims
529 4484 847 4546 cumulatis,
885 4499 1018 4538 sana
1054 4493 1108 4541 et
1145 4485 1314 4540 illaesa
1344 4488 1595 4542 recessit.
1629 4486 1898 4566 Cumﬁna
1930 4495 1984 4540 et

398 4587 500 4627 nos
526 4574 715 4628 eadem
751 4575 859 4630 illis
901 4575 1196 4647 hymnoilia
1245 4577 1430 4642 allata,
1478 4577 1710 4634 alterius
1747 4579 1980 4649 hymno-

359 4666 362 4668 ‘
396 4663 496 4717 dia:
540 4662 807 4722 faciamus
842 4665 1148 4734 obtentum,
1182 4667 1416 4724 alterius
1460 4669 1778 4725 relationem
1814 4669 1979 4723 mira-

396 4754 504 4807 culi
545 4753 836 4812 facientes.

462 4862 626 4921 XXII.
665 4866 740 4920 De
763 4865 1185 4939 Sarapammone
1215 4870 1391 4924 sciron
1421 4869 1643 4925 habente
1675 4872 1729 4926 in
1759 4875 1905 4943 pede.

459 5023 596 5090 Quid
653 5033 835 5080 autem
881 5023 1151 5082 illustrem
1204 5026 1700 5096 Sarapammonem
1755 5030 1977 5101 negligi-

391 5115 560 5170 mus?
613 5117 659 5169 si
717 5131 842 5171 eum
885 5117 1262 5186 prmtergredi,
1303 5124 1358 5173 et
1406 5132 1532 5171 cum
1585 5120 1818 5188 reliquis
1867 5135 1974 5174 non

388 5216 702 5262 enarratum
757 5207 1013 5265 deserere
1061 5209 1344 5272 nolumus,
1383 5224 1620 5279 quorum
1669 5211 1977 5265 multitudi-

391 5316 510 5352 nem
559 5301 664 5354 scit
711 5300 996 5356 hominum
1033 5301 1254 5372 quidem
1311 5303 1518 5360 nullus.
1552 5303 1647 5367 sed
1699 5318 1800 5358 nec
1838 5318 1972 5358 con-

383 5388 554 5456 jicere
585 5397 786 5458 potest,
813 5393 920 5446 scit
968 5402 1150 5449 autem
1185 5393 1340 5449 solus
1370 5393 1540 5455 Dens.
1565 5399 1621 5449 et
1651 5400 1771 5464 post
1806 5392 1972 5448 Deum

391 5489 664 5548 martyres
709 5481 800 5549 qui
837 5482 1127 5536 sanabant.
1178 5483 1319 5553 Ergo
1367 5481 1614 5538 dicemus
1656 5483 1776 5554 ejus
1823 5483 1972 5537 inﬁr-

390 5568 654 5632 nuitatem.
689 5581 742 5626 et
791 5587 915 5627 cum
975 5574 1079 5628 hac
1135 5575 1707 5630 misericordissimam
1767 5578 1973 5630 sanita-

388 5670 520 5728 ωπῆ
551 5677 714 5730 Quam
752 5665 815 5717 ad
856 5682 1046 5721 omnes
1088 5667 1292 5736 cgreaii
1344 5667 1418 5720 illi
1461 5667 1741 5724 evidenter
1787 5676 1970 5722 osten-

2086 4503 2373 4575 ανθρωπίᾳ
2405 4502 2644 4572 Χριστοῦ
2674 4499 2768 4554 τοῦ
2805 4499 2940 4554 Θεοῦ
2965 4501 2997 4570 ἡ
3009 4501 3126 4572 μῶν
3145 4540 3158 4564 ,
3194 4501 3287 4554 καὶ
3313 4500 3422 4553 τῶν
3455 4498 3670 4553 σεπτῶν

2083 4595 2410 4667 ἁναργύρων
2435 4593 2746 4664 δωρήμασι.

2082 4863 2210 4918 KB'.
2253 4861 2390 4930 Περὶ
2422 4857 3170 4998 Σαραπάμσιὲἒζρξοῖιιῖρον
3227 4857 3315 4923 εἰς
3357 4855 3467 4910 τὸν
3503 4855 3665 4910 πόδα

2149 5025 2215 5076 Τί
2247 5023 2304 5076 δὲ
2346 5023 2439 5076 τὸν
2467 5022 2720 5093 λαμπρὸν
2748 5021 3189 5094 Σαραπάμμωνα
3234 5017 3505 5090 μέλλομεν
3528 5057 3543 5080 ,
3591 5017 3669 5068 ετ-

2079 5130 2184 5183 περ
2207 5112 2370 5166 αὐτὸν
2402 5112 2694 5184 παρελθεῖν
2723 5114 2782 5167 οὐ
2816 5110 3143 5182 βουλόμεθα,
3178 5108 3300 5164 οὐτε
3331 5107 3661 5162 καταλιπεῖν

2080 5204 2218 5275 μετὰ
2267 5204 2376 5258 τῶν
2419 5203 2624 5259 λοιπῶν
2672 5204 3002 5275 summm;
3034 5197 3110 5256 ὧν
3146 5202 3246 5274 τὴν
3305 5201 3516 5272 πληθὺν
3551 5195 3663 5252 οἶδε

2080 5296 2180 5367 μὲν
2227 5294 2534 5367 ἀνθρώπων
2587 5295 2784 5360 οὐδεὶς,
2837 5295 2962 5349 οὐδέ
2990 5293 3350 5364 στοχάζεσθαι
3397 5293 3619 5347 δύναται
3645 5307 3659 5320 ·

2076 5384 2214 5442 οἶδεν
2247 5388 2304 5441 δὲ
2356 5388 2515 5458 μόνος
2559 5387 2711 5453 Θεὸς,
2752 5372 2845 5442 καὶ
2884 5389 2934 5441 οἰ
2977 5386 3117 5456 μετὰ
3160 5385 3294 5438 Θεὸν
3332 5383 3660 5453 ἀκεσάμενοι

2081 5480 2378 5550 μάρτυρες.
2414 5477 2627 5532 Οὐκοῦν
2647 5479 2890 5548 λέξωμεν
2916 5476 3081 5532 αὐτοῦ
3105 5475 3204 5545 τὴν
3233 5476 3538 5540 ἀσθένειαν,
3567 5475 3663 5526 καὶ

2079 5572 2196 5642 μετ’
2231 5572 2402 5640 αὐτῆς
2431 5572 2529 5642 τὴν
2563 5571 2943 5641 φιλάνθρωπον
2983 5571 3146 5634 ῖασιν,
3191 5572 3256 5640 ἣν
3297 5571 3344 5622 οἰ
3387 5568 3667 5621 θεσπέσιοι

2075 5666 2208 5736 πρὸς
2253 5667 2462 5729 πάντας
2502 5668 2688 5735 σαφῶς
2715 5667 3134 5728 ἐπιδείκνυνται,
3165 5664 3304 5718 Θεοῦ
3344 5660 3663 5732 φιλαπθρω-
