4010 6208
276 295 423 377 uss
1238 286 1675 381 sacrm-ET
1707 294 2032 357 JOANNIS
2073 294 2488 371 ω-ιιΑευιΑ.
2561 266 2571 275 ’
3418 295 3559 362 3486

278 404 410 459 πίαν
438 400 792 475 μιμούμενοι,
822 404 917 458 καὶ
941 404 1004 460 τὸ
1032 408 1291 476 συγγενὲς
1319 407 1575 479 εὐμαρῶς
1599 408 1868 462 δποικτεί-

1995 406 2133 472 luut,
2168 407 2415 465 divinam
2468 407 2817 463 clementiam
2876 405 3182 472 imitantes,
3228 415 3284 461 et
3328 404 3562 480 benigne

282 512 506 569 ραντεςο
533 496 663 551 Teir
690 497 877 553 ποδοῖν
896 497 1356 570 6W
1383 500 1477 554 τὸν
1510 500 1699 570 ἕτερον
1728 499 1867 554 ἔπα-

1995 499 2241 556 ιτοκίιηίε
2292 500 2702 556 miserationem
2756 509 3106 571 praestantes.
3143 498 3351 557 Pedum
3398 497 3565 557 Sara-

281 606 430 661 σχεν,
468 588 563 642 καὶ
595 586 657 643 τδ
687 589 860 654 πάθος
888 592 968 655 είς
985 590 1582 663 «smmum
1610 590 1866 662 ἠμείϐετ’

1995 591 3566 663 ωυίιιιιαυμιίάιανμιιίηυαμα-

277 681 338 733 ού
364 679 588 751 τραῦμα
615 678 724 751 γὰρ
754 675 844 752 ἦν,
878 682 912 754 ἢ
945 684 1240 755 φυμάτιον,
1270 683 1304 755 ἢ
1334 676 1526 754 ἕτερον
1553 683 1872 754 σύμπτωμα

281 770 468 843 ῥᾳδίαν
501 770 626 844 ἔχον
663 773 764 842 τὴν
810 775 955 827 ἴασιν
976 817 992 841 ,
1027 775 1145 830 ἀλλ’
1177 777 1206 829 ὁ
1242 778 1374 846 παρ’
1425 777 1634 847 ίατροίς
1685 778 1872 847 σκῖρος

280 860 593 931 λεγόμενος,
646 862 785 934 ὅπερ
839 864 1246 936 ἐπαχθέστατον
1290 866 1528 938 νόσημα,
1558 866 1678 920 ὅλον
1707 865 1874 921 αὐτοῦ

279 954 372 1007 τὸν
389 953 526 1008 πόδα
548 954 714 1026 μέχρι
738 956 1009 1027 βουϐῶνος
1030 958 1347 1030 περιλαϐὸν,
1405 959 1483 1022 ὡς
1532 958 1704 1013 ἀσκὸν
1731 959 1871 1013 άπε-

236 1042 241 1047 ’
283 1045 521 1110 τέλεσεν,
569 1045 1017 1102 πολυπλασιάσαν
1059 1049 1137 1119 τῷ
1181 1049 1335 1121 ϐγκῳ
1402 1048 1537 1120 πρὸς
1579 1049 1670 1102 τὸν
1741 1049 1872 1116 ύγιᾶ

286 1137 770 1210 καταλειπόμενον.
799 1141 955 1194 Οὕτω
989 1144 1097 1213 γάρ
1132 1141 1289 1196 τοῦτο
1327 1142 1389 1194 τὸ
1428 1140 1736 1212 τερατῶδες
1773 1141 1875 1212 ἀρ-

290 1227 557 1301 ρώστημα
600 1230 737 1294 τέως
766 1233 858 1285 τὸν
886 1232 1081 1303 ἔχοντα
1111 1234 1326 1304 τίθησιν
1357 1233 1716 1302 ὲναλλαγεὶας
1760 1233 1869 1300 ἀφ-

290 1321 499 1392 αιρέσει
532 1322 624 1374 καὶ
651 1324 940 1396 προσθήκῃ
971 1323 1065 1377 τοῦ
1091 1324 1354 1389 πλείονος,
1387 1326 1491 1388 ἓως
1514 1325 1580 1379 ἂν
1607 1324 1669 1377 τὸ
1696 1323 1870 1393 ύπέρ-

290 1427 454 1478 ογκον
477 1413 737 1483 αύξήσεσι
759 1416 974 1488 περάσῃ
993 1415 1100 1468 τῶν
1125 1415 1413 1485 βουϐώνων
1434 1417 1527 1470 τὸν
1550 1415 1870 1485 σύνδεσμον,

294 1504 389 1557 καὶ
418 1503 539 1558 ὅλον
570 1506 812 1578 ἀπολέσῃ
848 1507 938 1575 τὸν
967 1506 1276 1576 ἄνθρωπον.

1966 684 2123 754 {tum
2176 683 2463 755 hahe-
2508 683 2915 739 Webet
2952 700 2969 737 :
3008 697 3120 737 non
3174 683 3323 737 enim
3361 684 3566 738 vulnus

1974 784 2116 841 erat,
2150 783 2247 830 aut
2276 776 2500 846 papula,
2534 785 2630 829 aut
2669 790 2834 830 casus
2876 774 3020 830 alius
3049 776 3143 845 qui
3176 774 3362 830 sanari
3406 774 3568 829 facile

1975 867 2171 938 possit,
2205 866 2303 921 sed
2341 865 2487 935 quod
2518 881 2547 920 ε
2583 865 2812 921 medicis
2849 866 3027 922 sciros
3067 866 3298 930 dicitur,
3332 865 3568 935 languor

1975 956 2230 1011 videlicet
2276 956 2577 1027 pessimus,
2608 941 2703 1026 qui
2736 965 2912 1012 totum
2943 956 3134 1026 pedem
3179 955 3356 1025 ipsius
3389 971 3567 1023 usque

1976 1049 2043 1103 ad
2091 1049 2373 1121 inguiuem
2414 1050 2848 1121 circumplexus,
2885 1050 3030 1106 sicut
3082 1056 3258 1103 utrem
3308 1046 3566 1119 patravit,

1977 1140 2350 1210 multiplicans
2379 1140 2523 1195 hunc
2557 1140 2991 1211 incompassibili
3033 1139 3196 1202 mole,
3232 1140 3405 1191 umlto
3449 1152 3567 1190 am-

1977 1231 2122 1301 plius
2144 1247 2321 1311 quam.
2345 1233 2485 1287 alter
2504 1243 2623 1287 erat
2649 1234 2740 1300 qui
2774 1247 2944 1287 sanus
2970 1247 3092 1287 esse
3120 1231 3433 1285 videbatur.
3472 1227 3565 1283 Sic

1977 1323 2123 1378 enim
2161 1326 2273 1378 haec
2302 1324 2612 1396 prodigiosa
2641 1325 2931 1379 iulirmitas
2972 1323 3191 1379 interim
3230 1323 3317 1376 sui
3345 1321 3569 1377 exhibet

1980 1427 2375 1481 possessorem,
2411 1414 2740 1468 commutari
2796 1412 3003 1468 faciens
3058 1413 3178 1482 ejus
3224 1411 3457 1466 formam
3512 1419 3569 1462 et

1981 1504 2254 1567 habi:um,
2287 1514 2396 1558 tam
2429 1504 2763 1573 aequalitatis
2805 1504 3186 1559 sublevatioue
3228 1517 3395 1573 quam
3444 1501 3567 1570 plu-

296 1597 375 1650 ris
452 1596 755 1662 additione,
796 1598 975 1655 donec
1012 1600 1337 1670 ingentibus
1386 1598 1745 1656 incrementis
1815 1598 2215 1669 connexionem
2270 1597 2557 1670 inguinum
2633 1605 2898 1663 transeat,
2965 1605 3021 1652 et
3067 1605 3242 1652 totum
3294 1596 3567 1652 hominem

295 1688 511 1758 perdat.

379 1821 519 1876 Ἀλλ’
556 1819 636 1873 ἔτι
663 1818 760 1873 τοῦ
795 1820 999 1884 πάθους
1021 1821 1321 1887 νεάζρντος,
1354 1825 1447 1877 sui.
1480 1822 1656 1893 ἀρχὴν
1690 1822 1881 1890 γεννή-

301 1925 471 1978 ματος
513 1907 755 1974 άγοντος.
800 1908 828 1960 ό
867 1909 1049 1979 πατὴρ
1098 1909 1380 1973 Ἰουλιανὸς
1407 1911 1603 1980 (οὕτως
1639 1910 1879 1979 ἐλέγετο)

296 2001 425 2063 τοὺς
443 1998 554 2052 τῶν
582 1999 783 2069 ἰατρῶν
813 1997 1097 2069 ἐξέχοντας
1127 2001 1306 2071 φέρων
1338 2002 1598 2068 ἱκέτευεν,
1633 2003 1883 2075 ἐρρωμέ-

296 2106 387 2143 νον
416 2087 567 2158 αύτῷ
609 2088 695 2141 τὸν
730 2088 894 2141 παῖδα
927 2090 1281 2161 χαρίσασθαι,
1315 2090 1543 2159 μισθοὺς
1576 2091 1760 2156 ἀξίους
1788 2090 1884 2145 δὼ-

305 2200 400 2253 ρου
430 2180 781 2252 χαρίσασθαι.
819 2181 884 2235 Οί
913 2180 970 2234 δὲ
1004 2181 1096 2234 τὸν
1125 2181 1366 2251 Γαληνδν
1402 2181 1880 2254 περιστρέφοντες,

306 2277 402 2329 καὶ
422 2276 512 2328 τὸν
546 2273 915 2345 Ἱπποκράτην
942 2273 1156 2337 ἑαυτοῖς
1211 2273 1601 2340 ἀνελίττοντες,
1636 2276 1728 2329 καὶ
1751 2274 1884 2328 πολ-

308 2367 379 2421 λά
414 2368 508 2437 μὲν
533 2366 607 2437 τῷ
642 2367 887 2420 νοσοῦντι
930 2366 1357 2438 προσφέροντες,
1385 2369 1466 2431 είς
1503 2367 1661 2422 κενὸν
1689 2368 1747 2421 δὲ
1776 2385 1883 2421 πυ-

309 2459 608 2523 κτεύοντες,
624 2457 720 2512 καὶ
752 2458 985 2529 ἀνόνητα
1001 2457 1325 2528 κάμνοντες,
1350 2458 1445 2512 καὶ
1481 2459 1646 2529 μηδὲν
1670 2459 1886 2529 ὠφελῆ-

306 2567 400 2604 σαι
427 2549 736 2619 δυνάμενοι,
758 2549 910 2613 τέλος
938 2548 1265 2612 ἐπαύσαντο,
1295 2552 1362 2621 τῇ
1392 2549 1571 2620 παύλῃ
1589 2549 1688 2620 τὴν
1714 2545 1885 2623 ἧτταν

305 2627 691 2710 κοιμίσαντες,
726 2640 820 2693 καὶ
858 2639 958 2711 τὴν
996 2639 1092 2693 τοῦ
1134 2639 1341 2703 πάθους
1388 2641 1696 2712 ἀπόρθητον
1724 2641 1885 2696 δύνα-

309 2724 422 2802 μιν,
439 2730 720 2785 Ἐντεῦθεν
750 2731 842 2784 ἐπὶ
875 2729 1055 2801 Κῦρον
1081 2731 1110 2783 ό
1131 2730 1248 2794 νέος
1271 2731 1365 2784 καὶ
1409 2730 1661 2800 Ἰωάννην
1689 2731 1885 2802 ἐφέρε·

308 2841 367 2877 το
386 2839 403 2854 ·
424 2822 647 2886 τούτους
676 2821 783 2892 γάρ
812 2824 860 2876 oi
889 2824 1066 2891 γονεῖς
1097 2821 1479 2892 μεμαθήκασιν
1504 2821 1649 2876 ἆπαν
1674 2823 1887 2892 νόσημα

311 2914 407 2968 καὶ
461 2914 650 2966 πᾶσαν
694 2911 980 2966 ἀσθένειαν
1044 2911 1482 2983 θεραπεύοντας,
1549 2913 1641 2967 καὶ
1702 2898 1889 2982 νόμοις

312 3003 517 3076 ἰατρῶν
539 3003 636 3056 καὶ
666 3005 1047 3074 στοχαπικαῖς
1072 3002 1383 3071 ἀποφάσεσι
1416 3001 1493 3074 μὴ
1517 3003 1886 3068 δουλεύοντας.

314 3094 380 3150 θῑ
405 3093 516 3165 γὰρ
536 3093 743 3148 ἄνωθεν
763 3094 861 3157 τὰς
888 3096 1060 3157 ίάσεις
1079 3093 1431 3166 δωρούμενοι,
1458 3095 1643 3149 ἐπάνω
1672 3095 1890 3150 πάντων

312 3186 441 3249 eici,
470 3185 568 3238 καὶ
594 3187 778 3249 κεναῖς
802 3184 1044 3255 διδαχαῖς
1073 3186 1171 3256 οὐχ
1198 3185 1536 3253 ὑπόκεινται,
1571 3186 1646 3249 ὡς
1688 3187 1748 3240 ὲν
1790 3189 1893 3241 πᾶ-

315 3294 400 3330 σιν
424 3277 607 3330 αὐτῶν
632 3278 745 3340 τοῖς
770 3277 1019 3347 σημείοις
1044 3276 1425 3346 γινώσκοντες,
1453 3277 1698 3349 ἰατρικὸν
1726 3276 1894 3350 μηδὲν

315 3367 714 3430 επιτάττοντες,
747 3365 881 3420 ἀλλά
919 3368 1015 3420 καὶ
1052 3367 1272 3421 ἐναντία
1311 3368 1896 3438 προστάττοντες.·οἴα

315 3455 424 3525 γάρ
454 3456 711 3510 κοινωνία
754 3454 889 3525 πρὸς
926 3455 1116 3517 σκότος
1150 3455 1322 3523 φωτί;
1358 3455 1638 3509 κάνταῦθα
1685 3456 1896 3526 λέγοιμ’

316 3546 647 3601 ἀκόλουθον*
686 3547 847 3617 εἰπερ
891 3547 955 3598 ὲκ
989 3545 1126 3599 Θεοῦ
1174 3546 1271 3616 μὲν
1303 3548 1353 3600 oi
1393 3547 1656 3618 μακάριοι
1690 3548 1900 3617 μάρτυ·

326 3652 436 3705 ρες,
468 3633 528 3699 ἐξ
561 3633 865 3704 ἀνθρώπων
903 3633 961 3688 δὲ
1006 3634 1102 3687 καὶ
1138 3636 1203 3687 ἐκ
1229 3634 1333 3704 γῆς
1366 3635 1416 3686 οῑ
1446 3634 1541 3686 ἐπὶ
1572 3634 1675 3705 γῆς
1725 3634 1900 3705 ἰατροὶ

326 3724 733 3795 θεραπεύουσιν.

394 3852 538 3923 Πρὸς
562 3851 768 3906 τούτων
791 3849 885 3907 οὗν
910 3853 1333 3922 άπογνωσθέντα
1353 3856 1444 3909 τὸν
1470 3855 1902 3926 Σαραπάμμωνα

322 3944 580 4008 λαϐόντες
611 3945 661 3998 oi
691 3945 858 4013 άγιοι,
893 3946 1057 4016 ἐλαίῳ
1096 3947 1190 4001 καὶ
1228 3950 1453 4017 κηρωτῇ
1498 3949 1610 4011 τοῖς
1641 3947 1731 4000 τὸν
1760 3963 1901 4015 πυρ-

326 4035 420 4088 σειν
442 4035 533 4087 τὺν
559 4034 657 4104 τὴν
688 4036 850 4106 ἁγίαν
872 4036 1049 4091 αὐτῶν
1080 4039 1237 4110 σορὸν
1264 4037 1567 4108 φωτίζοντα
1588 4039 1901 4109 τρέφουσιν,

2056 1820 2160 1875 Sed
2213 1834 2337 1873 cum
2387 1817 2621 1887 languor
2665 1813 2849 1871 adhuc
2888 1830 3082 1870 recens
3127 1824 3295 1877 esset,
3340 1829 3573 1869 nasccn-

1983 1911 2147 1982 dique
2185 1910 2518 1981 principium
2566 1916 2777 1978 ageret,
2808 1915 2964 1977 pater
3008 1907 3152 1977 ejus.
3185 1905 3436 1962 Julianus
3478 1923 3575 1958 un.

1980 2002 2150 2066 mine,
2187 1998 2559 2070 praacellenles
2593 1998 2647 2051 in
2663 1998 2889 2053 medicis
2919 1996 3165 2063 adduxit,
3189 2004 3244 2050 et
3275 2005 3330 2049 ut
3360 1995 3574 2049 incolu-

1985 2107 2125 2146 mem
2184 2091 2289 2146 sibi
2347 2090 2623 2143 donarent
2686 2088 2893 2147 lilium.
2954 2085 3368 2156 eondignasque
3426 2084 3573 2139 dono

1984 2181 2270 2237 mercedes
2315 2180 2651 2249 acciperent,
2685 2177 3034 2247 supplicavit.
3062 2176 3129 2228 At
3170 2175 3269 2238 illi,
3300 2174 3566 2228 Galcnum

1986 2254 2285 2333 vertentes,
2324 2281 2378 2324 et
2416 2267 2803 2338 Hippocratem
2847 2267 3166 2336 frequenter
3198 2268 3251 2320 in
3289 2280 3349 2320 se
3395 2267 3574 2319 revnl-

1986 2371 2197 2426 ventes,
2231 2375 2355 2415 cum
2410 2360 2580 2412 multa
2629 2357 2850 2429 quidem
2897 2358 3179 2427 languenti
3231 2346 3572 2417 attulissent,

1987 2454 2041 2508 in
2092 2467 2441 2522 vacuumque
2500 2459 2857 2521 pugnassent,
2909 2450 3221 2503 cessatione
3267 2449 3576 2517 superatio.

1989 2561 2112 2599 nem
2168 2544 2279 2607 sui,
2347 2538 3269 2617 passionisque.inexpngnabilem
3314 2536 3573 2592 virtutem
3632 2543 3638 2549 '

1987 2636 2215 2691 vocibus
2247 2633 2630 2705 praedicantes.
2671 2628 2811 2685 lliuc
2842 2629 2907 2685 ad
2952 2631 3156 2701 Cyrum
3205 2636 3259 2684 et
3304 2627 3573 2684 Joannem

1983 2726 2206 2796 juvenis
2237 2724 2519 2779 ferebatur
2557 2738 2570 2774 :
2599 2720 2912 2777 didicerant
2940 2719 3088 2774 enim
3124 2729 3401 2790 parentes,
3428 2719 3573 2789 quod

1991 2819 2044 2873 bi
2117 2832 2336 2872 omnem
2401 2817 2758 2885 languorem,
2810 2821 2863 2867 et
2918 2828 3136 2868 omnem
3195 2811 3570 2871 infirmitatem

1989 2917 2285 2977 curarent;
2327 2907 2421 2978 qui
2466 2906 2614 2962 enim
2658 2905 2726 2961 de
2763 2920 2985 2961 sursum
3035 2904 3299 2959 sanitates
3348 2903 3576 2968 donant,

1990 3015 2157 3072 super
2185 3014 2378 3054 omnes
2410 3006 2562 3065 sunt,
2594 3003 2649 3051 et
2687 2995 2925 3051 terrenis
2974 2993 3245 3050 doctrinis
3284 3008 3393 3048 non
3447 2993 3580 3047 sub-

1952 3092 2190 3163 ;jacent,
2227 3091 2369 3146 sicut
2419 3090 2475 3143 in
2513 3087 2775 3142 omnibus
2816 3086 2989 3156 signis
3039 3085 3158 3140 suis
3199 3086 3378 3155 egisse
3419 3084 3582 3152 liqui-

1996 3184 2123 3239 dius
2152 3188 2555 3252 agnoscuntur,
2584 3192 2708 3233 cum
2752 3176 2891 3231 nihil
2923 3174 3250 3231 medicinale
3280 3175 3583 3243 imperave-

1999 3275 2128 3337 rint,
2166 3251 2260 3328 scd
2309 3280 2365 3327 et
2416 3271 2694 3326 contraria
2754 3280 3148 3338 nonuunqbam
3201 3251 3581 3337 praeceperint.

1998 3368 2131 3433 Qua:
2158 3364 2304 3420 enim
2340 3361 2769 3418 communicatio
2818 3361 2925 3415 luci
2978 3358 3045 3412 ad
3095 3357 3388 3413 tenebras?
3419 3357 3583 3410 etiam

1998 3459 2183 3513 dicere
2215 3456 2304 3510 hic
2337 3468 2682 3522 consequens
2716 3462 2821 3516 est,
2855 3452 2902 3507 si
2945 3468 3010 3507 ex
3047 3449 3156 3504 Deo
3186 3448 3405 3518 quidem
3439 3448 3581 3503 beati

2001 3558 2291 3620 martyres,
2325 3563 2389 3601 ex
2439 3545 2759 3600 hominibus
2802 3553 2985 3600 autem
3018 3541 3171 3598 etde
3208 3552 3351 3596 terra
3381 3539 3583 3596 terreni

2003 3639 2196 3694 medici
2235 3645 2450 3692 curant.

2076 3859 2156 3912 Ab
2190 3858 2277 3913 his
2308 3873 2440 3930 ergo
2473 3859 2652 3914 sancti
2691 3858 2993 3929 desperato
3042 3854 3474 3926 Sarapammone
3492 3868 3591 3909 ac.

2004 3960 2201 4021 cepto,
2237 3952 2381 4014 oleo,
2417 3959 2472 4007 et
2503 3960 2708 4016 cerote,
2739 3950 2940 4019 quibus
2982 3948 3269 4004 candelam
3316 3947 3589 4012 nutriunt,

2004 4056 2128 4113 quae
2179 4048 2433 4096 sanctum
2489 4055 2682 4095 eorum
2733 4041 3011 4098 illuminat
3058 4037 3356 4102 tumulum,
3396 4037 3588 4107 pedem

322 4125 417 4178 τὸν
449 4125 585 4178 πόδα
622 4126 713 4179 τὸν
741 4127 1016 4198 πάσχοντα
1058 4126 1325 4181 λιπαίνειν
1369 4128 1681 4183 κελεύουσιν
1702 4146 1716 4159 ·
1748 4127 1891 4182 τοῦτ(

2007 4132 2099 4202 qui
2134 4131 2446 4202 patiebatur
2478 4130 2744 4200 inungere
2783 4129 2998 4200 jubent.
3043 4130 3145 4185 hoc
3184 4128 3505 4198 parentibus
3534 4127 3589 4207 in

326 4219 447 4277 κατ’
476 4217 609 4290 ὄναρ
638 4218 921 4289 εἰρηκότες
952 4221 1061 4281 τοῖς
1095 4218 1429 4292 φύσασιν.’0
1473 4221 1530 4275 δὲ
1564 4220 1697 4284 ποῦς
1724 4220 1891 4274 λιπαι-

2008 4223 2127 4277 visu
2163 4222 2436 4276 dicentes.
2475 4220 2646 4275 Porro
2691 4236 2790 4291 pes
2839 4221 2969 4275 dum
3018 4220 3377 4291 iniungeretur
3409 4218 3593 4272 tenuis

324 4304 549 4373 νόμενος
580 4307 922 4367 ὲλεπτύνετο,
959 4309 1052 4359 καὶ
1081 4311 1305 4380 κηρωτῇ
1335 4308 1612 4380 τρεφούσῃ
1639 4309 1891 4380 spargens-

2009 4316 2363 4382 reddebatur,
2404 4323 2460 4369 et
2500 4323 2688 4369 cerote
2736 4314 2884 4368 fotus
2917 4313 3011 4383 qui
3037 4312 3224 4367 'nutrit
3260 4310 3593 4371 tabescebat,

326 4389 418 4455 νος
441 4398 789 4467 κατετήκετο,
819 4397 915 4452 καὶ
941 4398 1295 4469 ποτιζόμενος
1322 4398 1518 4463 ἔλαιον,
1535 4400 1596 4451 τὸ
1624 4400 1891 4468 πρόσωποη

2011 4415 2066 4462 et
2109 4416 2332 4476 potatus
2387 4407 2510 4462 oleo
2563 4406 2709 4472 quod
2764 4404 2961 4459 [ηυὶειιι
3017 4405 3255 4473 potantis
3308 4401 3592 4464 exbilarat,

328 4487 579 4559 ῑλαρύνον
617 4490 948 4556 ποτίςοντος,
983 4490 1318 4562 ἑξηραίνετο,
1347 4492 1437 4546 καὶ
1491 4491 1590 4564 τὴν
1636 4491 1891 4561 προτέραι

2010 4475 2432 4565 exsiccabalur;
2463 4506 2519 4554 et
2554 4499 2794 4568 priorem
2835 4495 3132 4567 recipiebat
3171 4494 3595 4552 formositatem,

326 4580 720 4650 ἀπελάμϐανεν
754 4581 1056 4652 μόρφωσιν,
1087 4582 1153 4653 ἣν
1182 4584 1210 4636 ὁ
1246 4582 1436 4646 κτίσας
1467 4584 1585 4636 κατ’
1617 4581 1891 4654 ἰσόρροποι

2012 4605 2176 4660 quam
2210 4590 2305 4659 qui
2345 4592 2549 4645 creavit
2591 4605 2749 4659 aequa
2791 4589 2947 4644 lance
2987 4587 3208 4657 utrique
3240 4585 3500 4661 restituit.
3534 4582 3599 4635 Et

327 4672 600 4740 τρυτάνην
628 4672 963 4749 ἀμφοτέροις
990 4674 1307 4743 ἀπένειμεν.
1343 4674 1450 4727 Καὶ
1479 4673 1541 4725 ού
1568 4671 1727 4727 τοῦτο
1750 4672 1912 4742 μόνον

329 4764 544 4833 ὑπῆρχε
576 4764 854 4835 θαύματος
884 4766 1055 4832 ἀξιον,
1084 4764 1200 4821 ἀλλ’
1230 4766 1312 4819 ὅτι
1342 4765 1403 4818 τὸ
1431 4764 1660 4835 μέγεθος
1692 4764 1783 4818 καὶ
1813 4764 1912 4834 τὴν

333 4851 584 4922 αῦξησιν,
609 4854 675 4924 ἦν
702 4857 760 4906 ὲν
791 4855 987 4928 μακρῷ
1007 4857 1085 4927 τῷ
1113 4854 1290 4927 χρόνῳ
1314 4853 1672 4925 προσέλαϐεν,
1694 4855 1750 4907 ἐν
1772 4853 1905 4924 ὴμέ-

334 4960 455 5019 ραις
481 4945 692 5011 ὀλίγαις
718 4947 991 5000 ἀπέϐαλεν
1008 4964 1023 4979 ο
1054 4946 1277 5016 τοιαύτη
1305 4946 1414 5019 γὰρ
1434 4945 1541 4999 τῶν
1565 4945 1737 5014 ἁγίων
1762 4947 1794 5016 ἡ
1821 4945 1914 5015 χάο

338 5051 421 5105 ρις
452 5034 811 5106 καθέστηκεν,
839 5037 912 5098 ὼς
933 5037 1001 5089 τά
1036 5037 1224 5108 χρόνια
1263 5038 1361 5093 καὶ
1393 5036 1603 5107 μεγάλα
1631 5038 1914 5108 νοσήματα

337 5123 661 5196 βραχυτάτῳ
685 5125 864 5197 καιρῷ
893 5126 983 5179 καὶ⁸
1011 5127 1358 5199 σμικροτάτῳ
1381 5127 1705 5198 θεραπεύειν
1728 5127 1917 5182 κελεύ-

338 5233 527 5285 σματι.
547 5217 944 5288 Σαραπάμμων
973 5214 1067 5273 οὖν
1107 5218 1298 5286 ἰαθεὶς,
1331 5220 1406 5283 ὼς
1434 5219 1597 5288 αὐτὸς
1631 5218 1916 5275 ἐπίστευεν

336 5308 431 5361 καὶ
476 5309 527 5361 ci
574 5309 865 5378 φύσαντες,
907 5312 1003 5363 καὶ
1040 5310 1099 5363 τὸ
1137 5310 1246 5365 τῶν
1295 5311 1589 5382 μαρτύρων
1630 5310 1916 5367 ἐθέσπισεν

339 5399 610 5471 βούλημα,
646 5401 833 5473 ὑγειὴς
859 5404 955 5456 σὺν
980 5404 1166 5467 αὐτοῖς
1196 5402 1535 5475 ἀπελήλυθεν
1562 5404 1629 5457 τὰ
1658 5402 1915 5474 χαριττή-

339 5509 427 5565 ρια
454 5495 566 5557 τοίς
593 5493 909 5566 εὐεργέταις
937 5494 1534 5567 φθεγξάμενος.Ἡμεϊς
1558 5496 1616 5550 δὲ
1651 5496 1809 5550 πάλιν
1837 5495 1913 5558 ὼς

2014 4696 2123 4736 non
2153 4682 2332 4738 solum
2370 4682 2472 4736 hoc
2500 4688 2617 4737 erat
2658 4680 3024 4735 admiratione
3059 4679 3309 4749 dignum,
3340 4676 3435 4732 sed
3469 4676 3596 4745 quia

2014 4773 2214 4827 molem
2261 4781 2316 4827 et
2363 4771 2761 4827 incrementum
2803 4772 3083 4843 quodper
3116 4771 3339 4840 longum
3387 4776 3600 4836 tempus

2013 4858 2339 4934 assmnpsit,
2387 4865 2442 4919 in
2492 4854 2689 4919 diebus
2742 4864 2934 4933 paucis
2986 4862 3222 4931 abjecit;
3275 4861 3404 4913 talis
3452 4859 3597 4913 enim

2017 4960 2337 5007 sanctorum
2385 4960 2471 5008 est
2498 4953 2709 5023 gratia,
2729 4961 2789 5005 ut
2831 4951 3075 5021 prolixos
3116 4959 3172 5005 et
3212 4962 3438 5017 magnos
3480 4946 3600 5000 lan-

2017 5059 2217 5115 guores
2249 5044 2578 5099 brevissimo
2613 5054 2857 5112 tempore
2894 5049 2952 5096 et
2987 5039 3243 5110 iussione
3274 5036 3598 5107 parvissima

2018 5142 2232 5188 curent.
2271 5132 2634 5202 Sarapammo
2684 5133 2869 5203 itaque
2922 5144 3096 5185 sanus
3143 5127 3408 5193 euectus,
3457 5125 3605 5181 sicut

2018 5224 2137 5295 ipse
2190 5223 2425 5279 credidit
2479 5231 2535 5279 et
2591 5233 2882 5295 pereuntes,
2929 5227 3367 5288 sanctorumque
3420 5218 3604 5272 sanxit

2019 5315 2389 5386 propositum,
2442 5316 2694 5374 sincerus
2745 5331 2868 5370 cum
2923 5312 3059 5384 ipsis
3118 5310 3290 5377 abiit;
3350 5308 3458 5373 liis,
3508 5308 3603 5379 qui

2021 5403 2286 5461 beneficia
2320 5407 2427 5464 sibi
2466 5407 2860 5478 prmstiterant,
2893 5403 3194 5477 gratiarum
3236 5400 3605 5471 pronuntians

2021 5496 2288 5553 actiones.

339 5586 542 5658 ταύτην
574 5589 903 5654 πεπονθότες
937 5592 1030 5663 τὴν
1061 5592 1222 5660 ἴασιν,
1257 5595 1352 5664 οὐχ
1379 5590 1538 5665 ἦττον
1569 5592 1676 5647 τῶν
1712 5590 2054 5649 πεπονθότων
2086 5596 2208 5659 τοὺς
2235 5594 2561 5668 δεδρακότας
2620 5594 2964 5667 ὑμνήσαντες
2990 5636 3003 5660 ,
3081 5596 3167 5647 ἐπ’
3222 5594 3388 5664 ἄλλην
3443 5588 3605 5660 ιύερο

341 5681 528 5755 γισίαν
547 5682 876 5752 βαδίσωμεν.
985 5704 987 5707 ‘
