4020 6204
386 236 523 299 3l8'o’

1235 231 1296 291 s.
1329 195 1749 289 soPHRONu
1791 182 2295 290 rATntARCHe
2334 226 2739 288 manosou

3511 220 3664 286 3488-

366 401 379 411 .
461 342 651 401 XXIII.
690 341 763 398 De
796 340 1067 397 Gennadio
1096 340 1186 409 qui
1226 349 1384 409 caput
1436 338 1648 409 plenum
1696 338 1894 394 muscis

2144 335 2272 393 ΚΓ.
2316 335 2453 406 Περὶ
2485 334 2819 411 Per-radios)
2867 332 2973 411 τρῦ
2998 332 3116 401 τὴν
3144 332 3421 403 κεφαλὴν
3457 339 3660 408 μυιῶν·

1072 411 1277 463 habuit.

427 522 726 593 .Gennadii
782 519 1093 586 passionem
1149 519 1539 588 passionisque
1589 519 1966 575 admirabilem

390 616 679 673 sanitatem
724 611 850 681 quis
896 625 1004 666 non
1051 610 1322 666 miretur?
1360 611 1574 665 Etenim
1610 626 1798 666 revera
1838 620 1969 667 sunt

391 715 625 774 utraque
668 701 939 765 miranda,
971 711 1027 758 et
1072 702 1326 757 humanis
1369 703 1724 773 passionibus
1766 705 1964 766 aliena,

389 794 585 849 Caleni
616 794 848 863 ejusque
877 792 1301 849 medicaminum
1327 793 1638 850 dissimilia.
1663 794 1969 850 Audiamus

390 900 543 954 ergo,
574 895 627 941 et
659 884 995 940 admiremur
1029 899 1136 938 non
1169 872 1381 939 tantum
1430 884 1771 955 languorem.
1798 875 1981 956 quan?

394 985 509 1030 tum
553 976 834 1047 languoris
863 984 1171 1031 curatores.
1207 974 1432 1031 Dolehat
1460 986 1625 1047 caput
1651 977 1970 1032 Gennadius

394 1080 500 1121 non
542 1067 686 1119 sicut
735 1065 869 1134 pati,
909 1066 1005 1135 qui
1053 1069 1353 1134 patiuntur,
1385 1068 1650 1129 assolent,
1692 1068 1786 1123 sed
1828 1068 1985 1123 sicut-

393 1157 710 1212 liominibus
760 1158 945 1212 nullus
995 1157 1240 1228 elanguit
1293 1173 1308 1211 :
1349 1172 1473 1212 cum
1527 1159 1712 1212 sonitu
1769 1159 1972 1229 quippe

390 1249 652 1316 quodam,
682 1255 737 1304 et
766 1247 1024 1304 bombum
1069 1248 1302 1303 faciente
1347 1256 1495 1301 motu
1530 1249 1831 1304 sustinebat
1870 1250 1971 1305 do-

396 1343 564 1407 lores,
589 1342 736 1412 quod
764 1343 1024 1398 omnibus
1050 1343 1271 1412 quidem
1305 1343 1553 1407 medicis,
1588 1344 1681 1400 sed
1712 1351 1765 1399 et
1795 1344 1972 1397 omni-

397 1435 496 1490 bus
525 1442 645 1489 erat
675 1434 1023 1490 audientibus
1061 1434 1188 1488 dum
1230 1435 1477 1490 dicerent
1519 1446 1861 1491 extraneum.
1906 1438 1971 1491 Et

395 1526 486 1580 alii
533 1527 750 1596 quidem
795 1527 1107 1597 passionem
1149 1528 1516 1587 mirabantur;
1550 1527 1745 1582 medici
1791 1536 1970 1583 autem

395 1617 583 1672 multis
644 1618 862 1686 quidem
926 1633 1071 1672 nunc
1140 1618 1470 1688 unguentis.
1536 1634 1682 1672 nunc
1739 1618 1972 1673 diversis

396 1708 816 1768 misturis.nunc
850 1718 1029 1762 autem
1054 1707 1399 1778 phebotomis
1433 1708 1877 1780 purgatoriisqne
1906 1723 1971 1762 ac
2006 1694 2045 1747 Β

397 1800 627 1875 reliquis
660 1799 987 1870 adjumentis
1017 1810 1257 1866 utentes,
1291 1802 1499 1855 nullum
1532 1800 1815 1856 Gennadio
1844 1817 1976 1856 con-

399 1889 645 1946 ferebant
677 1891 962 1945 auxilium.
998 1891 1090 1947 Sic
1120 1892 1264 1947 enim
1312 1892 1539 1960 languor
1562 1901 1678 1944 erat
1713 1890 1869 1945 dirus
1912 1905 1976 1945 ac

397 1981 755 2051 desperatus;
809 1981 1085 2037 nescimus
1135 1990 1315 2036 utrum
1359 1994 1423 2036 ex
1475 1980 1763 2046 maleﬁcio,
1799 1997 1867 2034 an
1908 1996 1974 2036 ex

399 2068 507 2123 alio
533 2068 768 2139 quodam
807 2068 1046 2122 naturali
1087 2083 1218 2123 casu
1257 2076 1581 2138 generatus;
1616 2067 1787 2123 solam
1825 2082 1978 2122 nam-

398 2176 504 2228 que
534 2159 847 2230 passionem
875 2167 929 2214 et
952 2159 1194 2215 hominis
1238 2163 1576 2216 curationem
1607 2159 1822 2216 discere
1851 2162 1977 2232 qui-

398 2251 601 2306 vimus.
669 2287 677 2294 -

470 2338 606 2396 Cum
642 2355 754 2412 quo
775 2338 1048 2397 accedens
1081 2340 1129 2398 is
1159 2344 1251 2413 qui
1289 2344 1598 2414 patiebatur
1659 2348 1725 2402 ad
1769 2354 1977 2417 marty-

401 2448 512 2499 res,
542 2434 706 2488 citam
739 2433 1122 2491 liberationem
1149 2437 1233 2490 sui
1266 2439 1593 2506 promeruit,
1624 2454 1747 2508 qua:
1776 2452 1980 2509 marty-

404 2526 516 2580 rica
546 2533 631 2581 est
664 2525 841 2596 gratia
869 2529 1050 2597 plena,
1086 2537 1143 2582 et
1170 2529 1435 2582 urbanam
1456 2527 1684 2585 Joannis
1726 2547 1822 2585 seu
1851 2531 1977 2603 Cyri

405 2612 928 2670 ronzlesccnsionetn
988 2617 1602 2687 subscribit;quzeque
1663 2620 1841 2673 taliter
1896 2628 1980 2675 est

403 2702 613 2758 enecta.
657 2702 802 2760 Sane
834 2721 939 2759 non
971 2707 1110 2760 hanc
1139 2707 1352 2772 tacebo,
1388 2706 1481 2761 sed
1514 2723 1613 2761 nec
1665 2709 1978 2763 occultave-
2016 2726 2025 2735 ·

407 2796 533 2860 ri’m,
567 2782 667 2853 nec
699 2797 1014 2866 hujusmodi
1057 2797 1182 2852 boni
1237 2799 1584 2852 auditoribus
1634 2800 1977 2869 dispendium

407 2887 627 2942 fecerim
662 2905 678 2955 ;
712 2889 946 2960 pigritiae
979 2892 1139 2960 plane
1163 2905 1323 2960 opus,
1354 2889 1433 2943 vel
1466 2891 1685 2945 invidia:
1715 2892 1820 2948 tale
1850 2893 1982 2962 quid

403 2977 713 3032 evidentius
741 2980 993 3035 est?sed
1030 2981 1234 3034 invidia
1287 2981 1507 3049 quidem
1534 2988 1644 3034 tam
1685 2998 1714 3037 a
1769 2985 1977 3040 medio-

2554 403 2867 475 τέμουσαν
2887 403 3160 473 ἔχοντος.

2140 518 2428 574 Γενναδίου
2475 518 2539 574 τὸ
2584 518 2759 583 πάθος
2803 518 2886 583 τίς
2918 518 2980 572 ού
3029 518 3382 589 θαυμάσειεν,
3420 522 3518 576 καὶ
3541 527 3662 597 τὴν

2070 612 2165 665 τοῦ
2195 611 2402 676 πάθους
2435 609 2742 681 παράδοξον
2774 611 2952 677 tactv;
2978 608 3104 676 ξένα
3132 612 3242 685 γὰρ
3279 612 3448 678 ὅντως
3474 615 3659 686 ἀμφό-

2069 721 2228 772 τερα,
2254 702 2352 757 καὶ
2378 702 2568 756 παθῶν
2596 701 2956 773 ἀνθρωπίνων
2976 701 3255 774 ἀλλότρια,
3285 705 3385 759 καὶ
3412 705 3655 777 Γαληνοῦ

2073 794 2385 865 φαρμάκων
2408 794 2661 863 ἀνόμοια.
2679 792 3031 864 ’Δκούσωμεν
3046 792 3138 847 οὖν
3162 795 3256 848 καὶ
3283 794 3659 866 θαυμάσωμεν

2068 883 2133 936 ού
2159 882 2413 938 τοσοῦτον
2436 881 2498 937 et
2524 882 2759 953 νόσημα,
2784 883 2911 937 ὅσον
2943 884 3073 947 τοὺς
3109 884 3330 957 ἰατροὺς
3371 884 3465 940 τοῦ
3492 889 3655 958 νοσή-

2074 992 2242 1046 ματος
2263 976 2480 1044 ·”Ηλγει
2509 975 2609 1047 τὴν
2637 976 2881 1047 κεφαλὴν
2908 979 2936 1030 ό
2964 975 3270 1042 Γεννάδιος,
3297 979 3397 1049 οὐχ
3448 979 3526 1043 ὡς
3551 981 3659 1035 πά-

2072 1084 2223 1138 σχειν
2247 1067 2370 1133 ἔθος
2395 1069 2523 1138 τοὺς
2552 1069 2859 1139 πάσχοντας
2882 1109 2896 1134 ,
2921 1068 3039 1123 ἀλλ’
3057 1068 3132 1133 ὡς
3161 1070 3336 1135 οὐδεὶς
3362 1072 3419 1125 ἐν
3446 1071 3657 1145 ἀνθρώ-

2072 1176 2196 1224 ποις
2229 1159 2519 1230 ὲνόσησεν⁶
2556 1160 2674 1229 μετ’
2703 1162 2866 1230 ἤχους
2899 1160 3008 1228 γάρ
3038 1176 3183 1223 τινος
3212 1162 3307 1214 καὶ
3343 1160 3661 1232 βομ6ὠδους

2072 1252 2372 1322 κινήματος
2399 1251 2497 1315 τὰς
2520 1252 2820 1320 ἀλγηδόνας
2845 1251 3158 1320 ὑπέμεινεν,
3190 1250 3219 1304 ὃ
3243 1253 3408 1306 πᾶσιν
3442 1253 3542 1323 μιν
3571 1255 3656 1314 ία-

2071 1345 2244 1413 τροῖς,
2277 1344 2410 1396 πᾶσι
2441 1342 2497 1396 δὲ
2525 1345 2638 1404 τοῖς
2669 1342 2960 1395 ἀκούουσιν
2992 1342 3142 1405 ξένον
3177 1341 3390 1413 ὑπῆρχε
3422 1341 3655 1412 λεγόμεσ

2074 1450 2184 1487 νον.
2228 1434 2339 1487 Καὶ
2386 1434 2436 1486 οἱ
2491 1432 2589 1503 μὲν
2628 1433 2775 1487 ἄλλοι
2824 1433 2984 1502 μόνον
3020 1432 3081 1486 τὸ
3114 1432 3288 1495 πάθος
3321 1431 3654 1504 ἐθαύμαζον,

2078 1524 2255 1594 ίατροὶ
2286 1523 2344 1576 δὲ
2376 1523 2591 1586 πολλοῖς
2625 1524 2728 1592 μὲν
2761 1523 3088 1594 ἀλείμμασι,
3118 1523 3393 1594 διαφόροις
3423 1524 3481 1578 δὲ
3513 1526 3661 1596 σμή-

2078 1614 2215 1680 ξεσι,
2263 1614 2620 1684 φλεϐοτόμοις
2679 1614 2735 1667 δὲ
2794 1614 2891 1668 καὶ
2946 1615 3265 1686 καθαρσίοις
3313 1619 3408 1669 καὶ
3450 1617 3660 1678 λοιποῖς

2076 1706 2347 1778 χρώμενοι
2384 1704 2717 1776 βοηθήμασι,
2754 1704 3000 1774 ὠφέλουν
3040 1706 3193 1760 οὐδὲν
3211 1706 3304 1760 τὸν
3342 1706 3656 1761 Γεννάδιον·

2076 1798 2220 1851 οὕτω
2253 1796 2424 1850 δεινὸν
2459 1793 2527 1867 ἦν
2575 1797 2635 1849 τὸ
2680 1797 2894 1868 νόσημα
2937 1798 3031 1850 καὶ
3079 1797 3368 1851 ἀλλόκοτον
3392 1814 3407 1829 ·
3453 1799 3564 1850 εἴτε
3602 1798 3661 1852 δὲ

2079 1888 2430 1960 περιεργείας
2454 1888 2613 1941 τοῦτο
2646 1888 2933 1958 τεκούσης,
2969 1889 3079 1941 είτε
3122 1887 3216 1942 καὶ
3251 1888 3483 1958 φυσικοῦ
3511 1906 3661 1952 τινος

2077 1980 2240 2035 ἄλλου
2273 1976 2702 2049 συμπτώματος,
2744 1978 2805 2032 ού
2856 1977 3227 2049 γινώσκομεν·
3263 1979 3424 2050 μόνον
3463 1978 3573 2050 γάρ
3599 1981 3663 2033 τὺ

2079 2071 2252 2133 πάθος
2316 2070 2429 2151 καὶ.
2458 2069 2558 2141 τὴν
2622 2069 2815 2124 τούτου
2879 2068 3179 2141 θεραπείαν
3232 2069 3427 2141 μαθεῖν
3459 2068 3669 2141 ήδυνή-

2080 2162 2276 2234 θημεν.

2151 2344 2287 2400 Μεθ’
2323 2337 2385 2398 οὗ
2421 2340 2738 2414 προσελθὼν
2780 2343 2809 2396 ὁ
2853 2342 3076 2413 πάσχων
3101 2343 3214 2406 τοῖς
3244 2343 3535 2413 μάρτυσιν,
3563 2357 3664 2395 τα-

2081 2440 2230 2508 χεῖαν
2262 2435 2428 2490 αὑτοῦ
2474 2436 2575 2506 τήν
2608 2434 2930 2504 ἀπαλλαγὴν
2963 2434 3281 2504 ικομίσατο,
3317 2432 3665 2505 μαρωρικῆς

2081 2529 2356 2599 γέμουσαν
2389 2527 2633 2598 χάριτος,
2670 2526 2766 2580 καὶ
2808 2523 3053 2580 Ἰωάννου
3087 2525 3183 2580 καὶ
3217 2525 3403 2598 Κύρου
3441 2524 3665 2579 ἀστείαν

2079 2622 2179 2691 τὴν
2207 2618 2614 2689 συγκατάϐασιν
2637 2617 3063 2688 ὑπογράφουσαν
3078 2631 3092 2646 ·
3120 2616 3245 2687 ἥτις
3265 2617 3454 2688 τρόπῳ
3473 2615 3663 2684 τοιῷδε

2082 2710 2396 2781 γεγένηται.
2458 2709 2533 2761 Ού
2571 2708 2784 2783 σιγήσω
2830 2709 2940 2779 γὰρ
2985 2708 3156 2778 αὐτὴν
3201 2707 3321 2761 οὐδὲ
3369 2706 3661 2778 κρύψαιμι,

2081 2803 2202 2857 οὐδὲ
2240 2802 2485 2856 τοιούτου
2542 2801 2711 2855 καλοῦ
2762 2798 3105 2871 ζημιώσαιμι
3153 2800 3281 2863 τοὺς
3325 2798 3622 2864 ἀκούοντας
3647 2817 3662 2831 ·

2083 2893 2240 2946 ὄκνου
2273 2893 2382 2962 γὰρ
2417 2891 2577 2962 ἔργον
2631 2891 2663 2960 ἢ
2703 2888 2900 2959 φθόνου
2949 2888 3135 2955 σαφῶς
3179 2887 3242 2941 τὸ
3269 2886 3480 2941 τοιοῦτο
3529 2886 3668 2941 καθ-

2085 2982 2315 3053 έστηκεν
2341 2999 2353 3010 ·
2381 2980 2495 3035 ἀλλ’
2523 2982 2551 3033 ὁ
2581 2981 2679 3048 μὲν
2708 2979 2901 3049 φθόνος
2924 2978 3147 3033 ἀπέστω
3173 2978 3352 3047 πάντη
3378 2978 3478 3048 τῆς
3506 2979 3668 3049 ἡμῶν

405 3069 605 3123 cri'ate
639 3078 852 3136 nostra,
886 3086 1050 3140 quam
1087 3070 1155 3125 ab
1183 3072 1335 3125 omni
1369 3071 1709 3138 Christiano,
1745 3075 1837 3145 qui
1860 3092 1982 3147 qua:

2088 3072 2438 3142 μετριότητος
2468 3070 2563 3125 καὶ
2591 3070 2790 3134 παντὸς
2813 3068 3144 3141 Χριστιανοῦ
3195 3071 3290 3123 καὶ
3335 3067 3624 3141 θεόφρονος
3647 3085 3665 3101 ο

412 3158 502 3213 Dei
531 3169 658 3214 sunt
683 3161 846 3231 sapit,
879 3163 1099 3232 penitus
1141 3163 1285 3218 absit
1318 3179 1333 3230 ;
1372 3165 1608 3235 pigritia
1639 3182 1767 3221 vero
1798 3176 1986 3238 torpor

409 3252 499 3306 ille
534 3238 774 3322 pauper,
796 3262 851 3307 et
882 3254 974 3324 qui
998 3253 1206 3308 amicos
1226 3270 1496 3324 pauperes
1524 3258 1825 3312 secundum
1860 3274 1987 3328 pro-

408 3342 706 3397 verbialem
765 3341 1079 3400 Salomonis
1148 3344 1454 3403 doctrinam
1521 3347 1704 3415 elIicit,
1768 3365 1989 3422 seraper

412 3430 636 3500 quidem
663 3432 730 3486 ab
748 3432 1059 3488 humilitate
1082 3441 1273 3489 nostra
1296 3436 1551 3506 pellatur,
1571 3453 1734 3506 quam
1753 3440 1988 3496 maxime

414 3536 582 3586 nunc,
609 3523 868 3594 quoniam
892 3525 1158 3580 amatrice
1185 3534 1488 3597 martyrum
1546 3529 1726 3583 anima
1780 3541 1835 3585 et
1886 3546 1986 3585 vo-

419 3618 649 3682 luntate,
673 3616 799 3687 Cyri
826 3626 992 3686 atque
1016 3614 1247 3674 Joannis
1292 3619 1468 3674 amica
1493 3619 1777 3677 hominum
1816 3625 1987 3679 mira-

411 3705 533 3760 cula
564 3708 883 3763 scribimus.

481 3795 800 3854 Gennadius
829 3798 1084 3866 equidem
1110 3799 1443 3863 dormiebat,
1479 3801 1574 3856 sed
1594 3804 1805 3874 egregii
1843 3819 1989 3860 mar.

415 3897 563 3957 tyres
590 3890 908 3959 vigiiabant,
944 3898 999 3945 et
1032 3891 1327 3946 sanitatem
1392 3892 1722 3948 dormientis
1760 3895 1986 3951 inresti-

411 3980 637 4049 gabant,
685 3981 1140 4050 curationemque
1192 3983 1547 4051 praestabant.
1623 3986 1864 4055 Denique
1922 3985 1991 4042 ad

409 4085 536 4126 eum
557 4071 800 4138 veniunt,
841 4080 892 4128 et
934 4073 1149 4128 Domini
1179 4075 1354 4129 nostri
1378 4077 1562 4131 verbis
1593 4084 1840 4140 utuntur,
1871 4065 1992 4148 qua:

411 4162 478 4215 ad
510 4177 635 4217 eum
683 4166 780 4232 qui
826 4178 992 4232 penes
1045 4165 1386 4234 probaticam
1446 4166 1669 4237 jacehat
1718 4168 1987 4237 piscinam

414 4254 554 4307 dixit
583 4273 598 4309 :
628 4253 724 4309 Vis
754 4255 904 4309 enim
936 4270 1129 4317 sanus,
1172 4256 1453 4325 inquiunt,
1511 4256 1626 4312 ﬁeri
1654 4258 1678 4311 ’ί
1711 4258 1808 4314 Ille
1863 4273 1993 4314 vero

2081 3162 2239 3226 ὄκνος
2272 3162 2329 3214 δὲ
2361 3162 2525 3217 πάλιν
2556 3163 2584 3215 ό
2614 3160 2784 3234 πένης
2814 3161 3059 3214 καὶτοὺς
3089 3160 3278 3230 φίλους
3309 3160 3546 3231 ⁴πένητας
3571 3162 3672 3231 ἂρ-

2083 3253 2406 3323 γαζόμενος,
2438 3252 2580 3308 κατὰ
2603 3252 2702 3323 τὴν
2728 3251 3104 3323 παροιμοιὼδη
3144 3251 3490 3322 Σολομῶντος
3520 3268 3668 3323 παρ-

2084 3342 2292 3398 αίνεσιν
2312 3359 2325 3373 ⁸
2360 3341 2670 3397 ὲλαυνέσθω
2698 3344 2797 3410 μὲν
2829 3343 2918 3397 ἀεὶ
2947 3343 3055 3414 πρὸ
3083 3342 3185 3412 τῆς
3207 3342 3366 3413 ήμῶν
3396 3342 3664 3397 ταπεινώ-

2088 3450 2249 3498 σεως,
2282 3434 2518 3505 μάλιστα
2544 3433 2599 3488 δὲ
2635 3434 2729 3488 νῦν
2762 3434 2854 3487 ὅτε
2887 3432 3033 3503 ψυχῇ
3068 3432 3166 3486 καὶ
3194 3431 3357 3503 βουλῇ
3402 3430 3675 3503 φιλομάρ-

2087 3540 2234 3594 τυρι,
2270 3524 2455 3597 Κύρου
2487 3524 2584 3579 καὶ
2611 3523 2867 3579 Ἰωάννου
2897 3522 2968 3577 τὰ
2993 3521 3355 3593 φιλάνθρωπα
3383 3523 3672 3594 γράφομεν

2088 3616 2363 3687 θαύματα.

2177 3798 2498 3854 Ἐκάθευδεν
2548 3797 2647 3868 μὲν
2697 3792 2792 3850 οὖν
2837 3796 2867 3850 ό
2902 3795 3207 3862 Γεννάδιος,
3252 3796 3569 3868 ἠγρύπνουν
3614 3797 3674 3854 δὲ

2095 3894 2373 3962 μάρτυρες
2404 3889 2455 3941 οἱ
2498 3887 2803 3952 θεσπέσιοι,
2833 3884 3047 3940 καὶτοῦ
3078 3884 3428 3951 καθεύδοντος
3450 3886 3671 3958 διηρεύ-

2090 4000 2196 4036 νων
2236 3982 2334 4050 τὴν
2364 3979 2526 4040 ἴασιν,
2573 3978 2668 4030 καλ⁸
2699 3970 2797 4048 τὴν
2824 3976 3124 4048 θεραπείαν
3161 3976 3490 4031 ἐσκέπτοντο
3510 3994 3523 4007 ⁸
3553 3974 3672 4032 εἷτα

2092 4074 2229 4146 πρὸς
2257 4073 2422 4128 αὑτὸν
2441 4071 2859 4140 παραγίνονται,
2890 4068 2987 4122 καὶ
3014 4072 3126 4132 τοῖς
3147 4067 3241 4122 τοῦ
3265 4070 3471 4141 Κυρίου
3490 4069 3672 4138 λόγοις

2091 4166 2414 4237 ἐχρήσαντο,
2444 4162 2538 4226 οὒς
2560 4160 2696 4232 πρὸς
2723 4160 2813 4213 τὸν
2830 4162 2889 4213 ἐν
2914 4162 2978 4230 τῇ
3010 4159 3316 4230 προϐατικῇ
3344 4160 3675 4229 κατακείμε-

2100 4274 2191 4312 νον
2212 4255 2412 4320 ἒλεξεν,
2431 4254 2620 4316 Θέλεις
2642 4253 2779 4323 γὰρ,
2806 4251 3033 4321 ἔφασαν,
3066 4250 3224 4323 ὑγιὴς
3236 4251 3491 4320 γενέσθαι
3513 4252 3674 4317 ;⁹Οδὶ

416 4344 484 4397 ad
529 4359 645 4411 eos,
679 4344 879 4412 Etiam,
916 4346 1240 4414 respondit:
1283 4347 1412 4416 quid
1470 4348 1616 4401 enim
1661 4362 1769 4400 non
1824 4363 1984 4420 agere

2088 4350 2168 4415 τδ,
2203 4349 2329 4413 Ναὶ,
2351 4346 2488 4419 πρὸς
2515 4345 2712 4408 αὖτοὺς
2732 4343 3065 4412 ἁπεκρίνατο
3089 4360 3102 4373 ·
3133 4343 3186 4395 τί
3212 4343 3321 4413 γὰρ
3363 4344 3463 4396 οὐκ
3483 4343 3673 4413 ἔμελλε

417 4443 762 4503 procuraret,
805 4452 930 4490 cum
970 4436 1067 4492 tali
1103 4428 1367 4507 languore
1427 4438 1608 4493 valido
1660 4440 1993 4510 puniretan

416 4526 572 4581 Tunc
609 4530 810 4583 lterum
851 4526 917 4583 ad
948 4543 1073 4582 emn
1103 4528 1278 4584 sancti
1314 4529 1573 4585 dixerunt
1608 4546 1621 4585 :
1655 4531 1801 4600 Ergo
1828 4531 1873 4586 si
1908 4533 1992 4587 vis

417 4636 588 4676 sanus
626 4621 764 4686 ﬁeri,
803 4623 1065 4692 egredere
1095 4637 1259 4678 mane
1282 4623 1575 4679 basilicam
1605 4639 1731 4679 cum
1765 4640 1796 4678 a
1818 4632 1994 4681 strato

418 4715 750 4778 surrexeris,
777 4723 832 4770 et
859 4717 1086 4771 camelis
1112 4716 1290 4772 tribus
1310 4732 1417 4772 una
1451 4731 1576 4771 cum
1611 4718 1752 4778 viro,
1776 4717 1869 4788 qui
1896 4718 1996 4773 hos

418 4809 609 4873 trahit,
634 4823 920 4865 occurres.
952 4807 1156 4864 Horum
1179 4810 1537 4867 novissimum
1569 4809 1993 4882 apprehensum,

423 4914 491 4955 ne
519 4899 672 4954 abire
700 4898 971 4967 dimittas,
1003 4900 1181 4956 donec
1201 4910 1356 4956 caect
1387 4919 1403 4955 :
1436 4909 1654 4957 stercus
1682 4899 1826 4955 enim
1851 4901 1996 4970 quod

418 5004 486 5044 ex
515 4990 618 5045 hoc
650 4988 817 5047 fuerit
848 5001 1191 5057 excreatum,
1226 5005 1353 5043 cum
1398 4990 1556 5058 aquis
1588 4989 1882 5060 rigaveris,
1912 4988 1999 5042 in-

423 5084 702 5140 llrmitatis
731 5095 840 5139 tua:
861 5084 968 5140 erit
998 5083 1338 5154 praesidium,
1367 5089 1423 5137 et
1457 5088 1610 5136 tanto
1651 5091 1701 5137 te
1751 5083 1898 5136 malo
1932 5080 2001 5135 li-

425 5177 614 5232 berum
647 5174 859 5241 reddet,
890 5189 1018 5231 cum
1042 5183 1138 5230 tuo
1163 5174 1388 5229 allatum
1419 5173 1584 5244 capiti
1612 5171 1800 5230 fuerit.
1827 5174 1896 5228 Et
1916 5173 2001 5230 his

422 5269 587 5328 dictis
618 5280 888 5341 martyres
912 5269 1190 5324 abierunt.

498 5449 570 5515 At
601 5463 733 5505 vero
761 5463 885 5504 cum
911 5446 1295 5519 languens,uti
1323 5444 1517 5517 jussus
1552 5442 2007 5509 fuerat,surrexit

430 5556 461 5593 a
490 5550 687 5610 strato,
723 5539 896 5596 exivit
924 5540 1308 5612 eompleturus
1337 5536 1483 5609 quod
1526 5534 1714 5591 fuerat
1768 5534 2033 5605 impera»

436 5641 549 5686 tum
581 5662 627 5696 ,-
653 5639 707 5688 et
733 5630 982 5700 camelis,
1033 5640 1091 5687 ut
1122 5629 1350 5688 edoctus
1383 5629 1583 5696 fuerat,
1615 5627 1788 5685 tribus
1819 5627 2005 5681 inven-

2091 4441 2315 4511 τοιαύτῃ
2343 4439 2482 4509 νόσῳ
2513 4433 3177 4506 σφόδρα,τιμωρούμενος;
3200 4433 3331 4486 Τότε
3355 4434 3516 4487 πάλιν
3539 4434 3674 4504 πρὸς

2093 4533 2255 4587 αὐτὸν
2284 4527 2436 4584 εἷπον
2480 4530 2541 4583 oi
2566 4529 2730 4596 ἅγιοιο
2769 4527 2833 4579 ΕΙ
2864 4525 3042 4589 θέλεις
3075 4522 3170 4579 οὖν
3208 4526 3367 4597 ὑγιὴς
3392 4525 3673 4593 γενέσθαι,

2094 4619 2276 4687 ἔξελθε
2309 4618 2522 4690 πρωΐας
2574 4616 2635 4671 τὸ
2683 4616 2910 4687 τέμενος
2953 4614 3062 4669 ἀπὸ
3096 4614 3194 4684 τῆς
3240 4613 3530 4684 στρωμνῆς
3577 4615 3676 4667 ἀν..

2100 4713 2406 4782 ιστάμενος,
2440 4710 2533 4763 καὶ
2563 4706 2834 4778 καμήλοις
2865 4706 3205 4777 συναντήσας
3231 4705 3402 4776 τρισὶ,
3448 4705 3546 4758 σὺν
3584 4705 3678 4757 ἁν-

2096 4803 2184 4874 δρὶ
2209 4802 2285 4872 τῷ
2310 4799 2516 4862 ταύτας
2543 4797 2846 4867 ὲφέλκοντι,
2874 4794 3081 4848 τούτων
3109 4797 3208 4867 τῆς
3243 4794 3480 4865 ἐσχάτης
3518 4795 3679 4848 λαόό-

2102 4909 2282 4963 μενος,
2329 4891 2390 4944 ού
2437 4889 2514 4961 μὴ
2572 4887 2838 4960 πρότερον
2872 4887 3040 4957 ἐάσῃς
3072 4882 3421 4955 πορεύεσθαι,
3464 4884 3569 4948 ἕως
3612 4884 3677 4938 ἂι

2100 4982 2449 5056 άιροδεύσειε⁹
2493 4981 2555 5036 τὸ
2602 4980 2803 5050 ταύτης
2834 4979 2942 5050 γὰρ
2985 4976 3377 5048 ὲκκρινόμενον
3411 4974 3680 5029 σκύϐαλον

2103 5075 2257 5128 ὕδατι
2293 5073 2498 5138 εὐθέως
2541 5071 2849 5141 δευόμενον,
2881 5068 2981 5138 τῆς
3009 5067 3110 5137 σῆς
3173 5065 3486 5138 ἀρρωστίας
3526 5063 3679 5117 ἔσται

2105 5166 2377 5238 βοήθημα,
2415 5164 2512 5218 καὶ
2544 5160 2716 5216 κακοῦ
2749 5176 2807 5214 σε
2855 5156 3178 5229 τηλικούτου
3212 5154 3570 5226 λυτρώσὲται,
3611 5156 3678 5227 τῇ

2105 5261 2172 5330 σῇ
2203 5255 2415 5327 κεφαλῇ
2438 5253 2905 5327 προσφερόμενον.
2928 5250 3118 5304 Ταῦτα
3139 5250 3409 5320 φήσαντες
3435 5245 3681 5317 ἀπῆλθον

2104 5350 2154 5402 οἱ
2187 5349 2483 5420 μάρτυρες.

2190 5441 2250 5493 Ὀ
2278 5439 2336 5493 δὲ
2364 5436 2536 5494 νοσῶν
2572 5435 2670 5506 τῆς
2717 5434 3006 5505 στρωμνῆς
3038 5430 3299 5498 ἀναστὰς,
3319 5428 3395 5492 ὡς
3438 5428 3683 5482 κεκέλευ-

2112 5548 2227 5595 στο,
2278 5525 2583 5601 πληρώσων
2644 5527 2795 5599 ἐξῄει
2855 5525 2917 5577 τὸ
2940 5525 3250 5594 θέσπισμα·
3283 5522 3376 5576 καὶ
3402 5519 3682 5591 καμήλους

2111 5625 2259 5694 τρεῖς
2303 5606 2500 5693 εὑρὼν,
2542 5617 2617 5684 ὡς
2633 5618 2883 5685 ἐπύθετο,
2919 5616 3018 5688 τῆς
3059 5614 3370 5678 τελευταίας
3406 5613 3504 5679 τῆς
3544 5629 3681 5684 φορ-
