4010 6208
303 286 440 353 3489

1263 287 1367 347 SS.
1397 287 1569 348 CYRI
1605 287 1699 348 ET
1729 284 2050 348 JOANNIS
2084 284 2499 350 MIRACULA.

3431 287 3570 350 3490

303 401 458 462 σείας
518 397 814 468 ἐδράξατο·
858 397 951 450 καὶ
983 393 1186 465 ταύτης
1223 394 1581 466 δραξάμενος,
1626 396 1736 448 τῶν
1787 396 1885 446 λοι›

1995 393 2088 458 tis,
2116 392 2477 449 novissimum
2507 407 2602 462 per
2631 391 2933 462 capistrum
2985 390 3422 461 comprehendit,
3461 408 3571 462 quo

303 492 420 544 πῶν
453 489 552 557 τὴν
587 487 816 557 πορείαν
850 486 1110 539 ἐκώλυεν.
1153 485 1212 537 ὐ
1256 485 1314 537 δὲ
1365 485 1572 539 τούτων
1603 487 1742 555 ἔχων
1788 485 1887 555 τὴν

305 583 584 654 πρόνοιαν,
625 579 802 646 λόγοις
839 579 938 648 μὲν
974 575 1242 630 ἀπολῦσαι
1282 575 1344 629 τὸ
1376 576 1644 648 πρότερον
1677 575 1886 628 πείθειν

306 673 566 742 ἐπειρᾶτο
592 672 682 723 τὸν
711 670 1023 740 ἄρρωστον·
1058 667 1132 730 ὼς
1165 666 1212 720 δ’
1236 661 1376 719 εἶδεν
1407 667 1566 721 αὑτὸν
1598 667 1673 738 μὴ
1706 667 1888 720 πειθόο

309 783 491 836 μενον,
529 761 818 824 ἀνατείνας
851 757 1018 814 αὑτοῦ
1059 759 1121 812 τὸ
1149 758 1614 830 καμηλόκεντρον,
1651 758 1748 829 τὴν
1780 759 1885 812 πά-

308 873 542 927 σχουσαν
597 852 762 907 αὐτοῦ
814 851 1058 920 κεφαλὴν
1105 850 1502 921 ἐμαστίγωσεν,
1556 851 1652 902 καὶ
1681 851 1800 911 ταῖς
1831 851 1888 900 ἐν

306 951 442 1019 αὐτῇ
473 945 910 1018 φρουρουμέναις
945 942 1131 1013 μυίαις
1181 941 1522 1012 ποθουμένην
1555 941 1759 1010 ἀνοίγει
1798 940 1885 1006 ἐξ·

306 1039 446 1093 οδον,
485 1037 550 1090 Αἳ
581 1037 749 1107 θύραν
782 1035 1039 1102 εὑροῦσαι
1069 1034 1243 1102 φυγῆς
1265 1050 1324 1086 τε
1348 1034 1442 1087 καὶ
1471 1035 1742 1104 πτήσεως,
1770 1034 1888 1105 εἴρ-

308 1130 499 1199 γεσθαι
531 1129 716 1182 λοιπὸν
751 1128 851 1181 ούκ
881 1127 1180 1199 ἠνείχοντοο
1211 1126 1348 1180 ἀλλά
1379 1127 1574 1180 τούτου
1604 1129 1888 1196 γεγονότος

306 1219 642 1288 ἀνέπτησαν,
677 1216 774 1269 καὶ
813 1215 1076 1286 ῥαγέντος
1108 1212 1208 1266 τοῦ·
1231 1215 1686 1284 περιφράγματος
1717 1213 1888 1283 ᾤχον-

306 1327 387 1374 το,
408 1310 501 1362 καὶ
531 1309 625 1360 τοῦ
659 1305 1036 1376 δεσμωτηρίου
1065 1303 1406 1374 διορυγέντος
1433 1304 1765 1373 ἀπέδρασαν,
1795 1305 1882 1356 καὶ

305 1403 396 1453 τὸν
457 1400 664 1470 φωλεὸν
717 1400 925 1450 ἐκεῖνον
982 1396 1073 1448 τὸν
1137 1396 1323 1449 καινὸν
1379 1396 1699 1467 διωχθεῖσαι
1754 1412 1882 1448 κατ-

307 1493 489 1545 έλιπον
518 1489 710 1560 ὀδύνης
737 1488 944 1559 ἔρημον
969 1488 1064 1540 καὶ
1093 1485 1191 1556 τῆς
1216 1485 1396 1539 αὐτῶν
1428 1487 1731 1556 ἀκοιμήτου
1761 1485 1888 1555 βλά-

307 1585 408 1655 ϐης
435 1584 524 1637 τὸν
551 1581 858 1652 ἄνθρωπον,
892 1580 987 1632 καὶ
1032 1580 1124 1631 τὸν
1156 1577 1400 1647 παρόντα
1440 1577 1604 1632 τόπον
1632 1576 1886 1647 ἐπλήρω-

299 1694 431 1739 σαν,
476 1673 656 1742 θέαμα
691 1670 876 1724 καινὸν
917 1672 1032 1732 τοῖς
1065 1668 1264 1738 δρῶσιν
1293 1667 1599 1722 ἐκθέουσαι.
1637 1669 1746 1723 Καὶ
1776 1667 1886 1721 τῶν

1997 484 2420 552 comprehenso,
2453 484 2788 552 reliquorum
2815 484 2916 536 iter
2947 482 3202 537 inhibuit.
3242 481 3409 538 Porro
3441 501 3571 539 vero

1996 574 2088 641 qui
2136 573 2330 625 horum
2359 574 2708 628 commissam
2762 572 3126 644 provisionetn
3164 572 3418 635 habebat,
3449 589 3570 628 ver-

1995 660 2080 716 bis
2128 661 2380 731 primitus
2431 663 2670 727 intirmo,
2731 672 2790 715 ut
2831 676 2928 716 eos
2966 661 3285 727 dimitteret,
3340 661 3572 718 suadere

2000 759 2275 814 tentavit:
2345 767 2400 813 at
2451 759 2544 814 ubi
2581 774 2705 814 eum
2755 773 2864 812 non
2925 758 3364 827 acquiesrentem
3413 757 3568 822 vidit,

1994 858 2228 906 extenso
2264 866 2367 907 suo
2425 852 2763 906 camelorum
2808 850 3022 915 aculeo,
3055 860 3218 920 caput
3266 849 3387 917 ejus
3423 848 3568 918 quod

1996 943 2329 1009 patiebatur,
2353 943 2674 998 verberibus
2702 943 2992 1005 sauciavit,
3029 950 3083 996 et
3110 957 3335 1006 muscis,
3366 957 3488 1011 qua:
3515 943 3569 996 in

1998 1032 2114 1102 ipso
2173 1043 2331 1088 erant
2369 1045 2623 1111 retrusze,
2664 1034 3030 1088 desideratum
3081 1034 3295 1103 aperuit
3337 1034 3564 1088 exitum.

1994 1123 2125 1190 Qua:
2150 1126 2291 1179 ostio
2323 1125 2462 1197 fuga:
2519 1135 2682 1195 atque
2728 1126 2940 1179 volatus
2987 1126 3228 1191 invento,
3279 1124 3452 1178 arceri
3499 1124 3568 1178 de

1993 1224 2195 1271 caetero
2223 1234 2331 1271 non
2369 1218 2739 1287 patiebantur.
2787 1217 2891 1271 Sed
2929 1217 3032 1272 hoc
3091 1217 3257 1280 facto,
3317 1217 3567 1271 avolave-

1995 1320 2144 1375 runl,
2175 1321 2228 1364 et
2273 1326 2398 1380 sepe
2427 1310 2644 1380 dirupta
2678 1314 2934 1381 profecta:
2952 1319 3101 1377 sunt,
3127 1319 3180 1365 et
3213 1311 3414 1366 effosso
3443 1325 3566 1365 car-

1993 1415 2118 1455 cere
2141 1401 2426 1471 fugerunt,
2463 1412 2515 1456 et
2547 1404 2782 1458 lustrum
2822 1404 2952 1458 illud
2979 1419 3179 1458 novum
3227 1404 3400 1473 pulsae
3443 1403 3568 1456 reli-

1993 1503 2284 1560 queruuta
2323 1494 2514 1549 dolore
2559 1494 2860 1558 desertum,
2904 1503 3002 1549 eta
3031 1510 3130 1548 sua
3190 1510 3296 1550 non
3350 1496 3565 1549 laedenti

1997 1582 2221 1638 laesione
2250 1584 2528 1639 hominem
2560 1586 2794 1638 liberum
2827 1586 3265 1638 demonstratum
3296 1603 3309 1639 :
3341 1595 3396 1640 et
3429 1601 3568 1654 pra!-

1995 1684 2201 1728 scutem
2260 1685 2395 1736 tunc
2457 1677 2635 1730 locum
2685 1677 3035 1744 repleverunt
3093 1691 3233 1730 nova
3277 1677 3567 1740 miracula,

309 1769 408 1838 μὲν
451 1764 624 1836 μυιῶν
659 1761 831 1824 οὕτως
872 1759 1211 1830 ἐλευθερώθη
1238 1759 1274 1810 Γ
1278 1759 1536 1823 εννάδιος,
1573 1761 1885 1830 μαρτυρικῇ

1994 1780 2116 1820 cum
2153 1765 2476 1820 viderentur
2516 1767 2850 1821 discurrere.
2887 1765 2954 1819 Et
3016 1766 3234 1836 quidem
3291 1780 3320 1818 a
3364 1766 3571 1821 muscis

307 1859 475 1927 χειρὶ,
506 1855 600 1908 καὶ
617 1853 677 1906 ού
711 1850 891 1922 ῥάϐδῳ
905 1848 1230 1921 καμηλίτου,
1250 1849 1350 1920 τὴν
1377 1848 1692 1920 ἐλευθερίαν
1717 1849 1882 1919 εὑρά-

310 1964 494 2020 μενος.
526 1999 532 2005 ,

379 2040 502 2092 Ἔτι
535 2037 590 2090 δὲ
620 2036 737 2098 ταῖς
772 2033 958 2104 μυίαις
1014 2030 1109 2084 τοῦ
1143 2030 1455 2100 τραύματος
1498 2028 1754 2100 βρύοντος
1791 2030 1886 2084 καὶ

309 2125 666 2196 στενουμένου
719 2125 840 2186 ταῖς
890 2121 1150 2192 φοϐεραῖς
1193 2121 1369 2174 αὐτῶν
1416 2121 1805 2189 άναπτήσεσιν,
1851 2121 1884 2190 ή

307 2218 554 2287 λεχθεῖσα
583 2214 849 2285 κάμηλος,
883 2213 957 2273 ὡς
1005 2210 1114 2264 ἀπό
1144 2227 1287 2270 τινος
1321 2209 1600 2262 ἀνενδὸτου
1647 2211 1887 2280 προστά-

308 2306 518 2374 γματος
545 2305 640 2373 τὴν
671 2302 825 2356 δνθὸν
851 2301 1172 2371 ύπεξέκρινε
1191 2317 1204 2328 ·
1239 2299 1334 2352 καὶ
1361 2301 1565 2369 ταύτην
1602 2300 1805 2363 εύθέως
1835 2301 1886 2353 οί

311 2397 643 2469 προεστῶτες
661 2394 1031 2465 ἁρπάσαντες,
1057 2394 1149 2444 καὶ
1168 2391 1362 2444 θᾶττον
1392 2390 1543 2445 ὕδατι
1571 2390 1882 2455 δεύσαντες,

307 2490 367 2543 τὸ
399 2489 671 2559 μυοφόρον
698 2489 875 2540 ἐκεῖνο
904 2485 1126 2554 τραῦμα
1148 2483 1516 2544 κατέπλασαν,
1547 2482 1647 2552 τὴν
1679 2483 1888 2536 εἴσοδον

304 2583 492 2643 αὑταῖς
515 2579 966 2649 ἀναφράττοντες,
995 2575 1070 2646 μὴ
1100 2574 1258 2627 πάλιν
1282 2573 1598 2625 εἰσέλθωσιν
1624 2571 1889 2640 ἀναστρέ-

303 2673 500 2742 ψασαι,
527 2673 621 2723 καὶ
644 2669 786 2722 κατὰ
807 2668 876 2721 τὰ
899 2668 1040 2720 έπτᾶι
1071 2664 1415 2734 πονηρότατα
1446 2661 1734 2730 πνεύματα
1782 2661 1882 2730 μέ-

305 2779 470 2825 νοιεν,
506 2760 601 2813 καὶ
641 2760 858 2830 χείρονα
911 2757 980 2809 τὰ
1030 2755 1231 2825 ἔσχατα
1265 2754 1374 2806 τῶν
1406 2753 1692 2823 προτέρων
1721 2753 1889 2820 ἐργά-

307 2851 894 2912 σοιντο.Ἑπιτεθέντος
917 2849 973 2902 δὲ
1016 2846 1094 2918 τῷ
1129 2845 1406 2916 τραύματι
1449 2846 1512 2897 τὸ
1533 2847 1594 2897 ἐκ
1627 2843 1887 2914 βολὸίτων

305 2945 615 3012 γενόμενον,
651 2939 881 3011 φροῦδον
908 2937 1039 2991 αὐτὸ
1063 2936 1404 3007 παραχρῆμα
1441 2934 1764 3003 πεποίηκεν,
1791 2933 1887 2986 καὶ

306 3037 474 3089 πᾶσιν
505 3033 693 3102 σχεδὸν
729 3033 908 3083 είπεῖν
941 3029 1218 3098 ἄγνωστον
1244 3029 1356 3087 τοῖς
1385 3026 1518 3096 ὁρᾷν
1545 3024 1884 3095 βουλομένοις

305 3128 412 3180 τῶν
446 3089 620 3196 uti;de
665 3124 762 3194 τὴν
802 3089 1065 3186 ἐπαυλίν,
1103 3119 1296 3190 μόνους
1331 3118 1386 3170 δὲ
1545 3089 1730 3182 ἐξόδου
1761 3119 1886 3182 τοὺς
1911 3089 1955 3152 C

304 3221 507 3281 τύπους
538 3216 794 3288 ἐφύλαξε,
821 3213 922 3283 τῆς
948 3212 1130 3282 Κύρου
1171 3211 1268 3263 καὶ
1301 3210 1551 3264 Ἰωάννου
1583 3210 1888 3281 φιλανθρω-

307 3310 432 3371 πίας
479 3306 847 3377 μνημόσυνον,
876 3304 1092 3373 καὶτῆς
1121 3301 1300 3361 αὐτῶν
1339 3301 1686 3373 μαρτυρικῆς
1730 3301 1888 3354 δυνά-

309 3417 452 3471 μεως
477 3400 782 3469 μάρτυρας.
801 3397 991 3465 Ἡμεῖς
1015 3394 1071 3447 δέ
1099 3395 1192 3447 καὶ
1217 3392 1313 3445 νῦν
1333 3393 1404 3455 ὡς
1430 3394 1522 3445 ἐπὶ
1544 3393 1679 3446 πᾶσι
1705 3391 1889 3446 ποιοῦ-

245 3521 248 3524 -
311 3509 409 3562 μεν
433 3493 541 3552 τοῖς
566 3489 831 3559 θαύμασι,
865 3491 992 3550 τοὺς
1023 3486 1210 3554 ἁγίους
1240 3487 1595 3556 ὑμνήσωμεν,
1627 3486 1727 3555 τῆς
1754 3487 1888 3556 ὑμν.

309 3584 469 3653 ῳδίας
509 3581 763 3635 κοινωνὸν
807 3580 903 3633 καὶ
936 3579 1242 3650 ἡγούμενον
1285 3577 1498 3647 ἔχοντες
1537 3577 1629 3631 τὸν
1669 3577 1887 3632 ίαθέντα

314 3675 587 3728 Γεννὰδιον
608 3691 621 3704 ·
657 3674 751 3726 καὶ
777 3672 919 3725 οὕτω
950 3671 1038 3726 τὸν
1059 3672 1217 3740 λόγον
1240 3672 1374 3740 πρὸς
1403 3669 1590 3741 ἐτέρου
1611 3670 1884 3741 θαύματος

306 3767 636 3834 ἐπαγγελίαν
668 3764 1045 3836 ῥυθμίσωμεν.

306 3876 429 3930 KA'.
461 3875 601 3943 Περὶ
645 3872 978 3943 Ἰουλιανῆς
997 3870 1108 3939 τῆς
1141 3869 1402 3939 τυφλῆς,
1432 3870 1529 3924 καὶ
1560 3855 1886 3937 Ἰουέλιανῆς

785 3942 896 4010 τῆς
929 3943 1431 4011 καταφορητικῆς.

371 4037 626 4106 Θαύματι
654 4033 821 4104 διττῷ
871 4032 964 4086 καὶ
1006 4032 1246 4102 ἐξέχοντι
1279 4030 1463 4101 θαῦμα
1494 4028 1669 4084 διττὸν
1712 4047 1884 4101 προσ-

299 4131 661 4199 απτήσωμεν,
693 4127 794 4179 ούκ
838 4126 924 4193 ἐφ’
955 4125 1037 4178 ἐνὶ
1085 4123 1366 4194 προσώπῳ
1415 4123 1730 4193 γενόμενον,
1767 4121 1885 4175 ἀλλ’

299 4224 397 4275 ἐπὶ
434 4222 553 4284 δύο,
580 4219 796 4289 φύσεως
834 4218 964 4288 μιᾶς
997 4216 1090 4269 καὶ
1112 4214 1231 4278 ἐνὸς
1276 4213 1531 4297 τυχοῦσιν
1582 4213 1844 4283 ὀνόματος
1867 4230 1882 4246 ο

299 4313 398 4367 καὶ
436 4312 599 4380 φύσις
632 4310 732 4382 μὲν
762 4305 830 4380 ἦν
871 4309 1057 4370 αὐτοῖς
1104 4304 1262 4376 ἡτοῦ
1318 4303 1550 4374 θήλεως,
1593 4302 1886 4376 Ἰουλιανῆς

1992 1858 2148 1911 aliter
2192 1856 2507 1913 Gennadius
2525 1857 3027 1920 estlibereﬂectus,
3061 1858 3350 1925 martyrica
3381 1873 3566 1922 manu,

1991 1957 2046 2003 et
2075 1964 2184 2002 non
2227 1951 2377 2018 virga
2411 1950 2717 2013 camelarii,
2752 1950 3074 2004 liberatione
3119 1957 3355 2018 reperta.

2043 2039 2411 2093 'Cum‘autem
2448 2040 2624 2092 adhuc
2655 2041 2860 2095 muscis
2885 2041 3083 2094 vulnus
3115 2039 3383 2100 ablueret,
3411 2048 3464 2094 et
3488 2039 3570 2095 vir

1993 2130 2229 2184 terribili
2299 2146 2488 2184 earum
2543 2131 2724 2185 volatu
2783 2143 3178 2194 coarCIarelur,
3216 2132 3328 2200 jam
3385 2132 3566 2187 dictus

1991 2219 2234 2272 camelus
2263 2220 2416 2287 quasi
2471 2235 2536 2274 ex
2587 2220 2822 2290 quodam
2857 2221 2973 2290 jugi
3022 2232 3290 2289 praecepto
3350 2229 3567 2276 stercus

1991 2311 2192 2372 emisit,
2224 2306 2288 2364 ef
2333 2309 2439 2364 hoc.
2480 2315 2730 2378 protinus
2761 2313 2852 2381 qui
2907 2312 3197 2365 adstabant
3229 2321 3470 2381 arrepto.
3511 2320 3566 2365 et

1997 2401 2270 2453 maturius
2307 2400 2465 2468 aquis
2489 2400 2744 2462 intincto,
2791 2399 3146 2455 musciferum
3185 2401 3310 2454 illud
3368 2401 3566 2455 vulnus

1994 2489 2139 2544 facto
2178 2492 2607 2560 cataplasmateo
2655 2501 3063 2561 resperserunt,
3121 2493 3429 2561 Oppilantes
3461 2491 3568 2548 illis

1993 2583 2306 2647 introitum,
2351 2600 2418 2638 ne
2455 2585 2656 2638 iterum
2720 2600 2952 2638 reversae
3005 2584 3350 2648 introissent,
3383 2593 3440 2638 et
3485 2600 3571 2638 sc-

1993 2675 2237 2729 cundum
2272 2684 2478 2745 septem
2517 2676 2640 2729 illos
2668 2676 2898 2744 spiritus
2933 2691 3170 2745 nequam
3207 2676 3259 2728 in
3301 2676 3418 2745 ipso
3449 2691 3568 2728 ma-

1992 2775 2188 2821 nentes
2243 2775 2568 2836 operaretur
2639 2767 2942 2821 novissima
3009 2765 3196 2835 pejora
3268 2768 3566 2836 prioribus.

1993 2859 2312 2929 Impositum
2362 2868 2546 2914 autem
2587 2859 2802 2913 vulneri
2849 2859 3050 2913 factum
3107 2875 3173 2914 ex
3231 2861 3569 2915 stercoribus

1992 2953 2477 3018 medicamentum,
2516 2952 2798 3007 invisibile
2828 2953 2881 3006 id
2909 2951 3197 3005 confestim
3227 2959 3282 3005 et
3321 2952 3570 3019 incogni-

1991 3051 2104 3097 tum
2139 3043 2264 3098 fecit
2300 3059 2434 3114 pene
2477 3031 2712 3108 cunctis,
2742 3050 2798 3097 ut
2821 3042 2895 3095 ita
2915 3041 3151 3096 fateatur
3183 3041 3314 3096 illud
3346 3057 3569 3097 musca-

1991 3151 2111 3190 rum
2145 3136 2331 3190 videre
2363 3136 2675 3191 volentibus
2725 3134 3120 3196 habitaculum,
3153 3135 3302 3189 solas
3351 3134 3567 3189 excitus

1988 3227 2194 3297 figuras
2229 3227 2687 3296 rescrvans,Cyri
2717 3233 2882 3295 atque
2915 3224 3145 3279 Joannis
3176 3224 3569 3278 misericordia:

1988 3317 2408 3380 monimentum,
2432 3326 2485 3371 et
2509 3318 2752 3386 ipsorum
2781 3316 3089 3386 martyricaa
3103 3317 3360 3384 potentia:
3379 3323 3568 3371 testes.

1988 3407 2100 3462 Nos
2125 3407 2514 3473 autem,sicut
2561 3408 2615 3460 in
2660 3407 2922 3461 omnibus
2969 3405 3255 3460 miraculis
3313 3405 3566 3470 facimus,

1989 3496 2208 3568 hymnis
2233 3507 2456 3551 sanctos
2496 3495 2803 3560 laudemus,
2838 3495 3147 3576 hymnodia
3192 3496 3568 3549 communica-

1987 3596 2163 3644 torem
2197 3597 2250 3643 et
2303 3589 2495 3643 ducem
2519 3588 2610 3658 qui
2643 3595 2873 3642 sanatus
2917 3595 3002 3642 est
3036 3587 3300 3640 habentes
3349 3585 3566 3640 Genna-

1986 3680 2161 3745 dium,
2207 3687 2262 3734 et
2304 3681 2376 3734 ita
2431 3695 2739 3734 sermonem
2801 3681 2870 3734 ad
2917 3679 3283 3733 redditioncm
3339 3678 3566 3733 alterius

1987 3772 2239 3826 miraculi
2273 3769 2643 3826 moderemur.

2019 3883 2210 3940 XXIV.
2232 3885 2307 3941 De
2336 3883 2563 3939 Iuliana
2609 3900 2772 3950 mea,
2801 3890 2853 3938 et
2896 3881 3125 3937 Iuliana
3167 3880 3531 3950 cataphorica.

2060 4031 2328 4086 Miraculo
2373 4032 2578 4102 duplici
2607 4041 2660 4088 et
2687 4033 2950 4088 eminenti
2994 4033 3323 4087 miraculum
3366 4034 3564 4103 duplex

1987 4125 2280 4189 addamus,
2311 4139 2419 4179 non
2453 4124 2504 4177 in
2541 4139 2646 4178 una
2681 4139 2915 4194 persona
2940 4125 3167 4193 factum,
3199 4125 3294 4180 sed
3347 4127 3400 4180 in
3432 4129 3568 4181 duae

1987 4215 2110 4280 bus,
2141 4232 2262 4286 qua:
2299 4217 2465 4272 unius
2499 4224 2657 4270 erant
2705 4225 2940 4280 natura;
2979 4218 3141 4271 unius
3187 4225 3242 4271 et
3273 4218 3512 4272 nominis
3547 4234 3563 4280 ;

1984 4315 2040 4362 et
2090 4315 2288 4362 natura
2341 4307 2560 4377 quidem
2628 4308 2846 4362 erateis
2881 4307 3136 4371 feminea,
3180 4323 3376 4362 nomen
3439 4325 3569 4363 vero

295 4405 355 4457 δὲ
405 4404 502 4473 τῆς
547 4403 823 4472 μάρτυρος
867 4397 1082 4468 ὑπῆρχε
1139 4397 1201 4449 τὸ
1241 4396 1434 4465 ὄνομα.
1484 4395 1727 4469 Γυναίων
1775 4396 1885 4467 γὰρ

1992 4401 2248 4471 martyris
2277 4398 2528 4454 Julianar.
2563 4399 2852 4454 Mulierum
2883 4399 3087 4470 quippe
3115 4401 3352 4455 dualitas
3398 4417 3566 4455 unum

294 4497 428 4559 δυὰς
466 4492 840 4565 προσηγορίαν
889 4492 1018 4561 μίαν
1060 4487 1386 4559 κομίζουσα,
1433 4485 1527 4538 δύο
1560 4485 1616 4539 δὲ
1645 4503 1880 4556 κρατου-

300 4592 443 4661 μένη
469 4590 765 4658 νοσήμασι,
819 4587 934 4646 τοῖς
976 4581 1153 4650 ἁγίοις
1198 4579 1596 4650 προσέρχεται·
1629 4578 1877 4649 ἀμφότε-

300 4699 392 4751 ραι
423 4685 522 4751 μὲν
568 4679 856 4732 Ἰουλιαναὶ
904 4674 1263 4742 καλούμεναι,
1301 4671 1363 4723 ού
1405 4669 1585 4722 κοινὸν
1622 4669 1678 4722 δὲ
1709 4669 1770 4722 τὸ
1792 4669 1878 4722 νό-

299 4791 473 4843 σημα,
501 4772 621 4825 οὐδὲ
649 4771 709 4822 τὸ
737 4769 880 4822 κατά
907 4767 1113 4836 κόσμον
1136 4764 1375 4834 ἀξίωμα.
1413 4761 1501 4815 Ἐν
1527 4760 1741 4832 πλούτῳ
1769 4761 1878 4832 γὰρ

300 4864 335 4933 ἡ
369 4863 465 4933 μὲν
491 4860 840 4931 ἐγνωρίζετο,
869 4859 903 4928 ή
925 4857 981 4909 δὲ
1032 4854 1224 4907 πενίαν
1263 4854 1389 4923 ἔσχε
1431 4853 1712 4906 συνέστιον
1736 4867 1750 4881 ⁶
1783 4852 1878 4905 καὶ

301 4956 336 5024 ἡ
368 4956 464 5025 μὲν
507 4952 698 5015 δεινῶς
750 4949 968 5020 ἠσθένει
1027 4948 1120 5000 τὸν
1176 4946 1404 5016 θώρακα
1448 4945 1877 5016 -καταφορητικῇ

300 5045 540 5101 διαθέσει
565 5043 912 5104 δουλεύουσα,
946 5043 978 5110 ἡ
1014 5039 1072 5092 δὲ
1099 5039 1226 5100 τοὺς
1260 5035 1573 5106 ὀφθαλμοὺς
1595 5035 1879 5088 ἀπεκλείε-

1990 4491 2172 4547 fereus
2195 4493 2604 4559 vorabulum,et
2635 4493 2851 4547 duobus
2885 4492 3104 4546 detenta
3133 4493 3445 4549 nominibus
3495 4495 3570 4548 ad

1979 4593 2200 4639 sanctos
2255 4581 2488 4648 accedit,
2552 4594 2786 4654 utraque
2828 4581 3050 4638 Iuliana
3089 4593 3304 4649 vocata,
3338 4593 3390 4640 et
3416 4599 3606 4646 οοιιι-,

1980 4690 2147 4729 mune
2211 4691 2412 4730 nomen
2474 4673 2694 4745 adepta,
2769 4675 2864 4730 sed
2930 4690 3038 4728 non
3093 4676 3372 4730 communi
3444 4677 3568 4729 lau-

1979 4782 2150 4837 guore
2167 4767 2450 4837 depreSSa,
2496 4783 2596 4822 nec
2638 4767 2704 4821 ad
2762 4767 3025 4821 saeculum
3059 4767 3326 4837 dignitate
3374 4769 3566 4837 potita.

1985 4857 2042 4912 In
2118 4857 2330 4913 divitiis
2384 4861 2538 4913 enim
2588 4858 2784 4912 harum
2864 4859 3037 4913 altera
3099 4858 3299 4926 degere
3371 4873 3568 4913 nosce-

1981 4950 2166 5014 batur,
2202 4951 2373 5004 altera
2411 4965 2541 5003 vero
2566 4956 2946 5019 paupertatem
2981 4948 3432 5004 cobabitatricem
3468 4949 3568 5001 hac

1980 5041 2167 5095 bebat.
2198 5041 2266 5096 Et
2299 5042 2470 5095 altera
2517 5041 2739 5111 quidem
2775 5041 3078 5096 crudeliter
3105 5040 3487 5094 infirmabatur
3515 5041 3569 5095 in

1983 5140 2226 5202 pectore,
2266 5133 2630 5202 cataphorica:
2687 5131 2962 5186 sll'ectioni
3015 5130 3359 5195 deserviens,
3395 5131 3569 5184 altera
3595 5145 3612 5174 ι-

1979 5238 2112 5277 vero
2157 5223 2514 5277 claudebatur
2573 5223 2777 5287 oculis,
2845 5223 3148 5276 caecitatem
3199 5221 3320 5278 sine
3373 5221 3572 5276 solatio

1981 5313 2268 5383 possidens
2289 5333 2302 5378 ;
2323 5323 2376 5368 et
2397 5314 2487 5367 illa
2515 5312 2735 5383 quidem
2764 5313 2829 5368 ad
2856 5310 3244 5368 conferendam
3275 5312 3566 5368 sanitatem

1983 5406 2230 5461 medicos
2253 5407 2538 5473 evocabat,
2565 5407 2677 5460 haec
2707 5414 2890 5461 autem
2911 5405 2981 5460 ob
3003 5412 3375 5474 paupertatem
3402 5405 3568 5458 etiam

1982 5497 2574 5569 auimationehorum,
2602 5507 2656 5551 et
2721 5514 2846 5570 qua:
2908 5495 3287 5552 desiderabilis
3343 5495 3578 5550 estlau-

1983 5590 2278 5659 guentihus
2312 5590 2628 5645 visitatione
2673 5591 2920 5648 carebat.
2975 5586 3260 5642 Habebunt
3289 5602 3422 5641 sane
3457 5600 3581 5656 pas-

1985 5685 2168 5737 siones
2202 5684 2569 5739 communiter
2601 5681 2970 5748 insanabiles,
3009 5679 3134 5735 licet
3159 5679 3356 5734 medici
3387 5679 3578 5749 ciqttrlt

302 5157 365 5195 το
393 5137 668 5208 τύφλωσιν
722 5133 1150 5205 ἀπαρηγόρητον
1194 5129 1392 5198 ἔχουσα
1415 5142 1430 5157 ⁸
1461 5127 1561 5180 καὶ
1587 5128 1620 5199 ή
1666 5127 1764 5197 μὲν
1797 5128 1878 5180 ία-

299 5232 462 5305 τροὺς
485 5228 671 5283 ἐκάλει
705 5226 841 5298 πρὸς
873 5226 1040 5286 ῐασιν,
1074 5224 1108 5293 η
1133 5221 1188 5274 δὲ
1218 5220 1314 5274 καὶ
1338 5219 1438 5289 τῆς
1461 5215 1672 5271 τούτων
1735 5217 1878 5288 ψυχ-

300 5319 549 5390 αγωγίας
581 5319 676 5370 καὶ
702 5318 817 5378 τοῖς
837 5312 1093 5367 νοσοῦσιν
1125 5309 1380 5379 ποθεινῆς
1425 5307 1770 5376 ἐπισκέψεως
1792 5307 1882 5361 διὰ

301 5411 579 5482 πτωχείαν
613 5406 1110 5478 ἐστέρητο.Ἐσχον
1149 5401 1204 5455 δὲ
1253 5398 1433 5454 κοινὸν
1470 5398 1580 5452 τῶν
1606 5399 1794 5454 παθῶν
1819 5399 1881 5452 τὸ

297 5506 540 5565 ἀνίατον,
571 5505 622 5556 εί
653 5503 749 5555 καὶ
801 5501 904 5569 τὴν
942 5494 1324 5567 Μαρκελλίνου
1371 5491 1470 5562 μὲν
1515 5490 1690 5561 ίατροὶ
1721 5491 1882 5562 (οὕτω

300 5599 408 5665 γὰρ
424 5594 673 5649 ἐκαλεῖτο
693 5593 792 5662 τῆς
811 5586 1264 5660 καταφορητικῆς
1289 5585 1385 5638 καὶ
1413 5582 1677 5646 πλουσίας
1696 5586 1724 5638 ό
1747 5584 1809 5637 σύ
1816 5603 1879 5655 μ.

302 5689 460 5756 ςιος),
489 5685 590 5756 τὴν
620 5683 973 5754 πτωχοτέραν
1007 5681 1063 5734 δὲ
1104 5678 1199 5732 καὶ
1227 5677 1354 5740 τοὺς
1382 5673 1699 5744 ὀφθαλμοὺς
1742 5677 1880 5729 ἀπο-
