4020 6204
440 295 576 366 349i

1313 303 1372 362 S.
1406 299 1820 362 SOPHRONII
1844 301 2343 364 PATRIARCHJﬂ
2379 305 2780 369 HIEROSOL.

3566 308 3706 376 343?.

443 409 741 466 Marcellini
770 420 913 477 erat,
944 412 1024 467 sic
1058 411 1202 467 enim
1269 413 1501 469 maritus
1556 413 1926 481 cataphorit-ae
1953 429 2014 468 ac

2118 419 2347 470 λέσασαν
2380 419 2485 471 τῶν
2501 421 2910 492 Ἀσκληπιάδων
2940 423 3111 487 ούδεῖς
3147 426 3246 477 ἐπε
3260 424 3538 479 ικὲπτετο.
3581 428 3711 480 Ἐπ’

442 500 632 558 divitis
667 502 990 564 vocabatur,
1022 501 1311 575 adessent;
1349 517 1469 558 eam
1500 517 1634 558 vero
1659 519 1781 572 qua:
1825 519 2026 573 paupe-

443 593 559 645 rior
571 601 710 655 erat,
731 594 1035 661 oculosque
1059 593 1339 657 amiserat,
1366 594 1551 649 nullus
1572 597 1820 648 visitaret
1839 597 2027 649 Ascle-

443 683 755 750 piadarum.
814 682 868 736 In
933 684 1163 738 veritate
1192 685 1396 754 quippe
1431 685 1732 740 secundum
1769 685 2023 739 Salomo-

443 788 566 825 nem
604 774 887 841 c0piosum
923 773 976 828 in
1011 776 1277 843 sapientia
1305 785 1359 830 et
1389 779 1741 841 immensum,
1764 781 1860 848 qui
1910 793 2022 832 ma-

439 865 619 915 rinam
676 863 870 919 habuit
918 866 1104 922 cordis
1157 868 1528 934 eﬂ‘usionem;
1571 869 1730 922 amici
1791 871 2020 923 divitum

2121 508 2378 577 ἀληθείας
2407 511 2514 580 γὰρ
2556 514 2697 565 κατὰ
2749 513 3070 582 Σολομῶν-τα
3107 519 3200 568 τδν
3246 519 3304 569 ἐν
3349 517 3512 589 σοφίᾳ
3539 517 3714 573 πολὺν

2123 603 2217 655 καὶ
2243 603 2553 672 ἀμέτρητον
2584 605 2679 656 καὶ
2715 605 2866 675 χύμα
2901 607 3128 676 καρδίας
3154 609 3446 663 θαλάττιον
3490 610 3710 680 ἔχοντα,

2127 710 2148 743 ι
2181 691 2326 744 ⁴ιιίλοι
2356 694 2627 746 πλουσίων
2655 695 2860 760 πολλοὶ,
2900 717 2918 749 ι
2953 700 2980 750 ὁ
3007 697 3064 751 δὲ
3094 699 3308 767 πτωχὸς
3343 703 3441 752 καὶ
3469 700 3579 753 ἀπὸ
3607 700 3706 754 τοῦ

2119 777 2270 840 ὄντος
2302 781 2452 849 αὐτῷ
2485 782 2730 837 λείπεται
2761 801 2774 814 ·
2811 787 2906 838 καὶ
2948 786 3120 840 ταῦτα
3141 789 3238 857 μὲν
3265 791 3292 842 6
3336 789 3590 856 Σολομὼν
3624 791 3704 854 ὡς

2118 866 2231 937 ἔχει
2255 869 2324 921 τὰ
2354 871 2654 942 πράγματα
2691 878 2990 944 γέγραφεν.

443 955 625 1021 multi,
668 970 962 1027 apaupere
990 973 1140 1024 vero,
1173 967 1226 1014 et
1271 975 1432 1029 quem
1467 960 1725 1024 habebat,
1761 961 2019 1014 recessit.
2061 955 2126 1010 Et
2168 959 2282 1013 haec
2325 962 2544 1028 quidem
2575 962 2856 1027 Salomon,
2886 980 2942 1020 ut
2975 982 3034 1022 se
3076 982 3164 1022 res
3222 965 3446 1035 habent,
3501 969 3713 1027 descri-

443 1052 576 1121 psit.

488 1141 657 1197 Porro
673 1141 756 1196 ha:
769 1141 888 1196 dna:
905 1143 1181 1206 mulieres,
1206 1159 1434 1213 quarum
1455 1145 1623 1199 altera
1639 1145 1898 1215 pecunias
1921 1156 2026 1194 non

2207 1142 2287 1193 Τα
2314 1139 2407 1193 δύο
2431 1141 2487 1193 δὲ
2530 1142 2703 1194 ταῦτα
2749 1141 2965 1210 γύναια,
2993 1147 3025 1212 ή
3057 1145 3155 1213 μὲν
3187 1147 3286 1198 οὐκ
3334 1147 3534 1215 ἔχουσα
3566 1150 3707 1219 χρή-

439 1231 675 1286 habebat
696 1247 792 1301 per
816 1247 954 1300 quas
973 1235 1215 1287 medicos
1229 1235 1543 1296 advocaret,
1562 1236 1730 1288 altera
1758 1248 2014 1301 veroqua

2137 1248 2281 1300 ματα
2316 1233 2382 1284 δι’
2411 1227 2486 1285 ὧν
2545 1235 2760 1303 ἰατροὺς
2833 1238 3272 1307 προσκαλέσηται
3298 1255 3312 1270 ο
3344 1241 3376 1309 ἡ
3435 1239 3490 1292 δὲ
3532 1239 3708 1294 πολλὰ

440 1321 629 1376 multis
648 1321 890 1388 pecuniis
922 1325 1158 1390 erogatis
1197 1323 1270 1375 nil
1295 1323 1396 1376 sibi
1427 1324 1752 1393 profecerat,
1771 1325 1835 1377 ad
1859 1321 2024 1377 Joan-

443 1429 563 1468 nem
616 1423 672 1466 et
704 1411 906 1482 Cyrum
957 1414 1371 1482 potentissimos
1402 1416 1668 1481 medicos,
1706 1417 1801 1485 qui
1853 1431 2022 1486 pecu-

440 1505 656 1559 niarum
677 1518 785 1556 non
829 1514 1012 1573 egent,
1047 1520 1147 1559 nec
1177 1521 1314 1560 auro
1345 1507 1618 1562 mercedis
1641 1515 1836 1562 curant
1865 1506 2020 1561 inﬁr-

443 1611 583 1656 mos,
615 1595 938 1649 adveniunt.
1005 1595 1247 1659 Quarum
1299 1597 1610 1663 mulierum,
1646 1599 1772 1667 quia
1803 1599 2018 1652 illarum

442 1685 820 1740 inﬁrmitatem
851 1685 1020 1739 dixiin
1037 1702 1128 1749 us,
1162 1695 1332 1742 restat
1356 1697 1414 1742 ut
1441 1690 1727 1744 sanitatem
1747 1689 2017 1752 dicamus,

445 1790 609 1845 quam
648 1783 939 1844 postquam
959 1778 1025 1831 ad
1047 1777 1326 1832 basilicam
1351 1788 1619 1834 venerunt
1635 1779 1843 1851 adeptae
1867 1791 2014 1836 sunt.

2130 1324 2494 1394 δαπανήσασα
2523 1329 2785 1397 χρήματα
2813 1331 2904 1380 καὶ
2925 1329 3089 1397 μηδὲν
3122 1331 3321 1400 ἑαυτὴν
3349 1331 3706 1403 ὠφελήσασα,

2132 1415 2226 1468 ἐπὶ
2270 1411 2522 1484 Ἰωᾶννην
2563 1418 2658 1470 καὶ
2699 1416 2881 1486 Κῦρον
2931 1420 3056 1480 τοὺς
3109 1420 3433 1482 πανσθενεῖς
3484 1423 3708 1492 ίατροῦς

2133 1507 2229 1560 καὶ
2256 1508 2556 1578 χρημάτων
2587 1508 2648 1561 οὐ
2683 1509 3004 1580 χρῄζοντας,
3041 1511 3149 1563 οὐδ’
3181 1512 3273 1564 ἐπὶ
3337 1514 3526 1584 χρυσῷ
3574 1517 3704 1578 τοὺς

2131 1598 2382 1662 ἀσθενεῖς
2409 1599 2809 1668 θεραπεύοντας
2833 1596 3222 1671 ἔρχοιται.Ὦν
3251 1602 3386 1668 λέξω
3407 1603 3506 1674 τὴν
3534 1606 3702 1671 ῐασιν,

2125 1691 2317 1762 ἐπειδὴ
2346 1690 2443 1760 τὴν
2477 1692 2761 1745 ἀσθένειαν
2788 1693 3017 1762 ετπομεν
3063 1693 3224 1764 (αὕτη
3263 1695 3371 1766 γὰρ
3401 1696 3695 1766 λείπεται),

2127 1781 2268 1851 μετὰ
2290 1780 2386 1851 τὴν
2412 1782 2549 1852 πρὸς
2576 1780 2638 1834 τὸ
2683 1782 2908 1852 τέμενος
2951 1782 3156 1852 ἄφιξιν.
3189 1785 3304 1855 Πρὸ
3333 1786 3442 1856 γὰρ
3471 1790 3568 1856 τῆς
3599 1789 3699 1840 αῦ-

438 1868 573 1923 Nam
611 1868 736 1923 ante
773 1871 939 1940 hujus
984 1871 1247 1926 visionem
1271 1879 1325 1927 et
1352 1873 1418 1927 ad
1453 1888 1547 1928 eos
1579 1873 1890 1938 adventum,
1918 1890 2014 1929 nos

2121 1870 2216 1924 τοῦ
2245 1871 2374 1934 θέας
2397 1873 2491 1925 καὶ
2520 1875 2617 1943 τῆς
2647 1875 2728 1936 είς
2751 1876 2876 1936 τοὺς
2903 1875 3094 1942 ἁγίους
3145 1875 3405 1943 ἀφίξεως,
3435 1877 3696 1930 ἀσθενοῦ-

439 1963 689 2016 homines
740 1963 1103 2025 intlrmamur,
1149 1972 1204 2019 et
1265 1965 1586 2020 crudelibus
1659 1966 2016 2035 passionibus

437 2053 778 2119 detinemur;
817 2052 959 2107 hanc
1005 2063 1186 2108 autem
1225 2055 1494 2121 videntes,
1533 2064 1589 2111 et
1641 2056 2020 2110 habitantibus

440 2143 497 2196 in
523 2158 587 2197 ea
619 2143 955 2214 martyribus
1011 2145 1385 2214 procideutes.
1450 2162 1666 2200 omnem
1704 2147 2019 2217 languorem

439 2243 494 2286 et
539 2247 756 2286 omnem
791 2233 1163 2289 infirmitatem
1224 2236 1515 2291 confestim
1539 2237 1853 2306 abjicimus.
1883 2238 2019 2289 Cum

439 2339 569 2393 ergo
596 2325 896 2388 venissent,
927 2325 995 2379 de
1031 2325 1231 2394 quibus
1261 2327 1600 2388 dicebamus,
1634 2327 1700 2381 ad
1724 2327 2010 2396 templum,

443 2414 872 2469 incolumitatem
900 2431 927 2468 a
953 2416 1139 2485 templi
1159 2417 1558 2472 habitatoribus
1579 2419 1973 2486 exspectabant
2002 2433 2016 2482 ;

441 2507 606 2560 etiam
647 2505 754 2559 illic
777 2504 1135 2576 dignitatibus
1175 2508 1292 2563 suis
1317 2514 1553 2566 utentes.
1586 2509 1755 2561 altera
1787 2507 2010 2576 quidem

443 2593 668 2648 minime
697 2596 933 2660 (tumore
986 2610 1125 2650 vana
1175 2611 1270 2651 seu
1320 2595 1430 2650 Deo
1460 2595 1647 2651 odibili
1702 2613 1764 2650 ex
1818 2597 2022 2653 divitiis

444 2685 608 2753 elata)
664 2683 946 2740 inﬂatione
1003 2686 1273 2755 deposita,
1307 2693 1434 2739 ante
1498 2697 1914 2744 monumentum
1965 2687 2019 2739 in

442 2775 586 2828 lecto
608 2775 828 2844 jacebat
858 2791 874 2840 ;
906 2775 1075 2829 altera
1100 2791 1231 2830 vero
1257 2775 1457 2830 alicubi
1510 2784 1635 2830 ante
1693 2787 1903 2845 portam
1936 2777 2019 2830 vi-

443 2865 678 2918 debatur
708 2864 906 2932 ejecta,
934 2863 1237 2919 secundum
1291 2865 1443 2918 illum
1486 2880 1774 2935 pauperem
1806 2873 1860 2918 et
1891 2880 2018 2936 ege-

444 2970 572 3009 num
596 2953 860 3007 Lazarum
879 2954 970 3022 qui
1000 2955 1234 3009 Abrahae
1249 2957 1405 3012 sinus
1421 2971 1650 3012 consors
1664 2957 1889 3013 eilectus
1911 2971 2017 3014 est.

473 3040 684 3097 'Porro
705 3051 971 3113 martyres
1005 3044 1220 3114 utrique
1273 3060 1426 3113 aeque
1479 3046 1835 3116 apparebant.
1885 3049 2020 3104 alte-

449 3138 566 3190 rius
605 3135 831 3204 typhum
865 3135 1484 3204 corripientes,alterius
1506 3151 1634 3190 vero
1661 3137 2016 3192 humilitatem

447 3229 644 3282 anima:
661 3225 1026 3290 consolantes,
1061 3225 1325 3279 sanitates
1358 3233 1538 3280 tamen
1570 3225 1787 3294 utrique
1807 3226 2020 3280 donan-

443 3327 548 3371 tes.
579 3317 714 3371 Nam
743 3317 792 3369 ei
825 3330 946 3384 qua:
980 3315 1329 3384 cataphorica
1359 3322 1496 3377 erat,
1522 3323 1577 3370 et
1606 3331 1830 3371 sensum
1864 3331 2019 3372 arro-

439 3408 636 3478 gantiae
662 3408 1013 3488 possidebat,
1047 3406 1157 3461 Cur
1195 3406 1260 3460 ad
1292 3407 1692 3462 confessionem
1750 3417 2014 3477 nostram,

447 3501 726 3564 dicebant,
766 3499 1007 3553 venisti?
1042 3513 1274 3566 cumque
1322 3498 1412 3551 illa
1444 3499 1838 3568 respondisset,
1870 3499 2019 3556 desi-

443 3591 598 3645 derio
630 3591 985 3660 impetrandae
1007 3590 1260 3644 sanitatis
1298 3600 1351 3644 et
1380 3591 1688 3660 sospitatis,
1718 3589 1774 3645 Si
1802 3592 1903 3655 vis,
1936 3593 2018 3646 in-

443 3686 663 3754 quiunt,
705 3683 820 3737 haec
853 3697 883 3735 a
925 3683 1084 3737 nobis
1148 3682 1432 3751 percipere
1479 3697 1601 3751 quae
1638 3682 1849 3745 dixisti,
1881 3683 2017 3751 ejice

439 3775 724 3844 grabatum
768 3782 921 3826 tuum
969 3780 1023 3826 et
1053 3773 1105 3826 iu
1162 3774 1474 3842 pavimento
1516 3773 1794 3835 recumbe,
1825 3783 1879 3826 et
1915 3773 2016 3826 hoc

439 3855 537 3920 tibi
573 3865 770 3918 anima:
795 3875 847 3919 et
872 3863 1124 3933 corporis
1153 3864 1239 3916 liet
1274 3863 1548 3933 passionis
1574 3863 1896 3917 remedium.
1923 3861 2018 3916 Ju-

438 3957 594 4011 liana:
623 3970 751 4010 vero
805 3955 1173 4024 pauperculae.
1208 3969 1329 4024 quae
1364 3953 1566 4022 proprii
1600 3953 1804 4006 laboris
1848 3967 2013 4007 manu

433 4048 669 4112 vivebat,
717 4047 834 4101 haec
873 4055 1196 4116 apparentes
1250 4046 1474 4099 dixere:
1524 4042 1784 4097 crocodili
1819 4057 2014 4097 carnes

436 4142 652 4202 allatas,
685 4137 830 4208 ignis
867 4138 1204 4192 carbonibus
1237 4151 1390 4190 assas
1434 4144 1488 4190 et
1531 4135 1587 4189 in
1613 4133 1885 4190 mortario
1917 4134 2012 4188 ba-

434 4230 642 4292 stritas,
676 4229 729 4280 iu
756 4227 1144 4296 pulveremque
1178 4225 1450 4290 redactas,
1473 4239 1638 4294 super
1671 4225 1862 4278 oculos
1888 4231 2011 4277 tuos

433 4321 526 4389 qui
554 4319 864 4389 patiuntur,
902 4331 1154 4386 asperge.
1190 4316 1253 4370 Et
1276 4317 1388 4371 lucc
1417 4317 1635 4386 quidem
1671 4315 1845 4369 sancti
1877 4315 2012 4368 utri-

433 4424 538 4481 que
565 4423 664 4478 per
715 4408 990 4462 somnium
1021 4417 1344 4476 apparentes
1385 4409 1688 4478 jusserunt.
1721 4409 1832 4463 illae
1882 4424 2008 4463 vero

2123 1979 2224 2030 μεν
2260 1962 2309 2014 οἱ
2338 1961 2636 2032 ἄνθρωποι,
2667 1964 2762 2016 καὶ
2791 1964 2988 2026 δεινοτ;
3033 1964 3295 2028 πολλάκις
3344 1968 3694 2037 κατεχόμεθα

2121 2051 2348 2106 πάθεσιν
2369 2066 2384 2082 °
2410 2051 2569 2105 τοῦτο
2593 2053 2650 2104 δὲ
2672 2053 2982 2122 βλέποντες,
3010 2057 3232 2119 καὶτοῖς
3277 2057 3487 2110 οἰκοῦσι
3519 2075 3694 2127 προσ-

2119 2146 2410 2209 πίπτοντες
2445 2146 2705 2218 μάρτυσι,
2749 2151 2930 2204 πᾶσαν
2972 2151 3126 2204 νόσον
3171 2153 3264 2205 καὶ
3307 2154 3487 2206 πᾶσαν
3521 2154 3691 2208 ἀσθᾶ-

2119 2251 2268 2287 νειαν
2299 2236 2460 2298 εὐθὺς
2491 2237 2922 2309 ἀπορῤίπτομεν.
2941 2239 3223 2294 Ἐλθοῦσαι
3269 2242 3402 2311 γοῦν
3455 2247 3585 2316 περὶ
3613 2239 3692 2299 ὧν

2123 2324 2386 2395 ἐλέγομεν
2424 2327 2502 2390 είς
2534 2327 2595 2380 τὸ
2621 2329 2868 2398 τέμενος,
2913 2330 3012 2401 τὴν
3041 2331 3207 2402 ρὦιν
3245 2333 3408 2404 ᾔτουν
3449 2334 3542 2387 τοῦ
3587 2335 3693 2387 νεὼ

2123 2417 2233 2478 τοῖς
2287 2416 2507 2479 οἰκείοις
2552 2415 2823 2486 ἀξιώμασι
2865 2420 3247 2489 χρώμεναι.Ἡ
3285 2425 3385 2494 μὲν
3428 2427 3538 2496 γὰρ
3595 2427 3688 2478 τὸν

2119 2502 2282 2570 ὄγκον
2309 2505 2409 2557 οὐκ
2433 2507 2780 2560 ἀποϐαλοῦσα
2809 2508 2900 2562 τὸν
2925 2512 3175 2579 μάταιον,
3199 2514 3324 2566 οὒτε
3355 2517 3414 2567 τὸ
3431 2517 3494 2568 ἐκ
3525 2517 3694 2568 πλουο

2123 2593 2236 2645 σίου
2269 2593 2588 2663 θεομίσητον
2633 2597 2880 2667 φύσημα,
2916 2602 3010 2653 ἐπὶ
3061 2601 3249 2672 κλίνης
3289 2604 3395 2674 πρὸ
3421 2603 3516 2656 τοῦ
3547 2606 3684 2676 μνή-

2123 2699 2292 2753 ματος
2323 2684 2499 2738 ἔκειτο
2523 2702 2537 2717 ⁶
2568 2689 2601 2756 ὴ
2630 2687 2686 2740 δὲ
2711 2688 2816 2752 ἔξω
2843 2691 2947 2759 πρὸ
2975 2693 3069 2744 τοῦ
3088 2693 3331 2758 πυλῶνος
3369 2697 3686 2766 ἐκϐέϐλητο,

2120 2779 2260 2830 κατὰ
2295 2779 2386 2830 τὸν
2433 2779 2638 2849 πένητα
2683 2781 2777 2833 καὶ
2816 2784 3030 2852 πτωχὸν
3071 2787 3286 2840 καὶτοῦ
3321 2789 3685 2860 ’Δεραμιαίου

2119 2867 2322 2922 κόλπου
2353 2868 2662 2940 σύγκληρον
2688 2872 2958 2943 Λάζαρον.

2189 3041 2252 3095 0i
2279 3041 2335 3096 δὲ
2376 3043 2650 3114 μάρτυρες
2698 3045 2824 3110 ἴσως
2857 3048 3197 3120 ἀμφοτέραις
3247 3053 3555 3121 ἐφαίνοντο,
3587 3054 3689 3123 τῆς

2125 3128 2225 3198 μὲν
2261 3131 2352 3182 τὸν
2399 3132 2565 3201 τύφον
2613 3136 2979 3203 παιδεύοντες,
3022 3140 3122 3209 τῆς
3177 3141 3233 3195 δὲ
3298 3144 3396 3214 τὴν
3447 3146 3692 3216 ψυχικὴν

2123 3219 2565 3291 παρηγοροῦντες
2605 3226 2958 3279 ταπείνωσιν·
2985 3229 3276 3300 ἑκατέραις
3305 3232 3361 3284 δὲ
3393 3233 3489 3295 τὰς
3517 3237 3692 3299 licet;

2119 3309 2473 3380 δωρούμενοι.
2515 3314 2604 3384 Τῇ
2628 3314 2728 3385 μὲν
2755 3317 2864 3388 γὰρ
2899 3323 3315 3392 καταφορητικῇ
3357 3323 3450 3374 καὶ
3493 3325 3692 3386 ἀλαζο-

2119 3399 2267 3451 νικὸν
2296 3399 2494 3471 ἐχούσῃ
2516 3403 2574 3455 τὸ
2599 3404 2872 3474 φρόνημα,
2892 3407 2954 3458 Τί
2985 3409 3338 3478 κατείληφας,
3361 3410 3568 3478 ἔλεγον,
3599 3413 3692 3466 τὸν

2121 3489 2287 3560 σηκὸν
2328 3491 2418 3543 τὸν
2456 3493 2765 3565 ήμέτερονς
2801 3496 3216 3569 Ἀποκριθείσης
3247 3501 3325 3565 δὲ,
3357 3500 3433 3565 ὠς
3467 3500 3688 3571 Ὑγείας

2117 3582 2302 3649 τυχεῖν
2360 3581 2700 3651 ἐπιθυμοῦσα
2753 3585 2847 3637 καὶ
2885 3585 3125 3656 ρὡεωςο
3155 3588 3220 3640 El.
3266 3588 3459 3655 θέλεις,
3493 3594 3684 3660 φασὶν,

2115 3673 2287 3726 ταῦτα
2320 3674 2454 3744 πρὸς
2486 3673 2663 3744 ἡμῶν,
2697 3676 2845 3748 ἅπερ
2869 3673 3050 3741 εἴπας,
3077 3680 3427 3748 κομίσασθαι,
3472 3684 3681 3736 ἀποϐα-

2078 3762 2082 3766 ’
2115 3763 2208 3816 λοῦ
2235 3779 2328 3816 σου
2355 3764 2444 3817 τὸν
2469 3766 2739 3836 κράόατον
2771 3769 2863 3818 καὶ
2909 3769 2986 3831 εἰς
3033 3769 3296 3838 τοῦδαφος
3325 3772 3640 3842 ἁνακλίθητι
3667 3791 3683 3804 ·

2115 3859 2209 3909 καὶ
2246 3856 2401 3911 τοῦτό
2443 3875 2526 3910 σοι
2554 3859 2787 3928 ψυχικοῦ
2812 3861 3014 3924 πάθους
3041 3863 3136 3915 καὶ
3175 3865 3489 3934 σωματικοῦ
3517 3869 3683 3936 γενή-

2117 3964 2268 4002 σεται
2300 3949 2610 4020 φάρμακον.
2667 3951 2923 4023 Ἰουλιανῇ
2954 3953 3011 4005 δὲ
3045 3957 3111 4024 τῇ
3157 3959 3388 4026 πενιχρᾷ
3427 3961 3517 4011 καὶ
3550 3977 3680 4030 χερ-

2113 4039 2270 4092 νίτιδι
2303 4041 2473 4093 ταῦτα
2502 4042 2762 4108 φανέντες
2789 4045 3090 4114 εἰρήκασιν·
3129 4049 3486 4117 Κροκοδείλου
3511 4054 3679 4120 κρέας

2113 4129 2385 4196 ἐνέγκασα
2415 4131 2588 4202 πυρὸς
2621 4132 2878 4203 ἄνθραξιν
2930 4136 3189 4206 ὄπτησον,
3218 4141 3310 4191 καὶ
3354 4139 3511 4192 τοῦτο
3540 4143 3676 4193 πολὺ

2112 4222 2170 4273 ὲν
2202 4221 2327 4291 θυῖᾳ
2361 4222 2598 4276 λεάνασα
2625 4226 2718 4276 καὶ
2776 4224 2962 4295 ξήριον
3001 4229 3296 4296 ποιήσασα,
3337 4232 3458 4292 τοὺς
3481 4231 3676 4299 ὀφθαλ-

2115 4310 2247 4380 μούς
2284 4325 2377 4364 σου
2407 4312 2531 4375 τοὺς
2555 4312 2894 4375 πεπονθότας
2918 4317 3220 4385 επίχρισον.
3247 4319 3355 4370 Καὶ
3378 4319 3546 4371 ταῦτα
3577 4323 3675 4390 μὲν

2112 4403 2448 4473 ἀμφοτέραις
2476 4404 2526 4455 oi
2546 4403 2693 4471 ἅγιοι
2725 4405 2844 4456 κατ’
2876 4404 3008 4474 ὄναρ
3047 4407 3306 4475 φανέντες
3359 4409 3673 4466 ἐκέλευσαν.

433 4498 825 4569 expergefacta!
875 4514 996 4568 qum
1054 4499 1157 4553 sibi
1192 4500 1400 4554 sancita
1434 4499 1648 4554 fuerant
1678 4498 1833 4554 ocius
1857 4513 2008 4552 com-

2118 4495 2182 4545 Αἱ
2211 4494 2269 4546 δὲ
2295 4495 2402 4546 τῶν
2433 4494 2616 4548 ὕπνων
2647 4497 2938 4565 ἁφέμεναι,
2969 4500 3038 4551 τὰ
3075 4499 3434 4554 θεσπισθέντα
3483 4503 3676 4555 θᾶττον

436 4591 742 4658 pleverunt,
781 4597 836 4644 et
890 4593 1251 4659 repromissas
1313 4593 1365 4643 in
1408 4591 1694 4660 praeceptis
1741 4591 2007 4644 sanitates

431 4679 806 4734 obtinuerunt.
832 4677 899 4732 Et
913 4681 1068 4733 alteri
1095 4680 1312 4750 quidem
1337 4690 1610 4734 terrenum
1635 4681 1812 4736 cubile
1835 4680 2004 4737 ευσε-

431 4772 506 4824 cit
535 4770 600 4824 ad
640 4771 973 4834 sanitatem;
1007 4773 1163 4826 alteri
1231 4786 1361 4826 vero
1410 4787 1476 4826 ex
1537 4773 1816 4827 crocodilo
1867 4787 2002 4826 con-

433 4870 737 4916 crematum
767 4875 819 4918 et
864 4863 1170 4918 confectum
1223 4863 1528 4918 subsidium
1561 4880 1579 4930 ;
1607 4879 1730 4918 mox
1768 4865 1912 4918 enim
1945 4873 2005 4916 ttt

431 4971 494 5010 ca
530 4971 650 5024 qum
690 4957 966 5009 thoracem
1002 4955 1310 5023 patiebatur
1365 4968 1532 5023 super
1579 4960 1780 5007 terram
1841 4967 2000 5007 recu-

433 5047 554 5104 buit
582 5050 810 5118 grabato
857 5047 1073 5109 relicto,
1103 5061 1132 5099 a
1183 5046 1436 5116 passione
1484 5046 1655 5100 libera
1705 5045 1842 5100 laeta
1867 5055 1952 5100 est
1982 5064 1997 5115 ;

431 5143 559 5191 mox
584 5145 764 5189 autem
806 5144 866 5188 ut
895 5150 1038 5188 caeca
1072 5136 1345 5204 pulverem
1372 5148 1536 5200 super
1566 5133 1758 5188 oculos
1793 5134 2000 5202 posuit,

2111 4585 2454 4656 ἐπλήρωσαν,
2483 4587 2699 4650 καὶτὰς
2749 4589 2840 4640 ἐπὶ
2894 4591 3004 4651 τοῖς
3058 4590 3471 4660 προστάγμασιν
3511 4594 3677 4660 ἑπαγ-

2110 4678 2393 4746 γελθείσας
2448 4678 2618 4741 ἰάσεις
2646 4677 2961 4748 ἐδρέψαντο.
2997 4681 3106 4732 Καὶ
3140 4683 3207 4751 τῇ
3257 4681 3356 4750 μὲν
3375 4682 3612 4752 ήρκεσεν
3639 4687 3672 4754 ή

2110 4769 2462 4841 χαμαικοιτία
2492 4769 2627 4838 πρὸς
2678 4771 2888 4833 ἄκεσιν,
2923 4773 2990 4841 τῇ
3021 4771 3077 4824 δὲ
3106 4773 3166 4824 τὸ
3212 4773 3279 4825 ὲκ
3329 4774 3674 4843 κροκοδείλου

2109 4847 2450 4932 κεκαυμένον
2493 4860 2764 4933 βοήθημα.
2791 4861 2941 4932 ’Δμα
2974 4862 3083 4934 γὰρ
3115 4864 3148 4932 ἡ
3185 4864 3276 4916 τὸν
3313 4863 3537 4935 θώρακα
3570 4867 3676 4918 πά-

2111 4970 2312 5024 σχουσα
2338 4953 2431 5006 ἐπὶ
2464 4954 2566 5022 γῆς
2592 4952 2849 5023 ἀνεκλίθη
2869 4953 3102 5006 λιποῦσα
3139 4955 3232 5006 τδν
3256 4955 3550 5026 κράϐατον,
3578 4958 3674 5010 τοῦ

2108 5045 2312 5107 πάθους
2350 5045 2667 5114 ἀπήλλακτο
2686 5064 2699 5077 ν
2735 5045 2854 5115 ἅμα
2873 5045 2930 5098 δὲ
2957 5047 3052 5098 καὶ
3069 5048 3102 5116 ἡ
3135 5047 3308 5117 τυφλὴ
3333 5050 3448 5110 τοῖς
3469 5048 3672 5116 ὀφθαλ-

2110 5137 2230 5202 μοῖς
2256 5132 2586 5186 ἐπιϐαλοῦσα
2611 5133 2673 5186 τὸ
2704 5133 2914 5204 ξήριον,
2932 5134 3246 5203 ἀνέϐλεψεν.
3263 5133 3453 5204 Ἡμεῖς
3484 5136 3540 5188 δὲ
3576 5140 3676 5189 σὺν

430 5229 609 5285 visum
647 5227 874 5295 recepit.
901 5227 1073 5280 Porro
1100 5241 1200 5281 nos
1226 5241 1351 5280 cum
1371 5234 1602 5295 utraque
1626 5224 1854 5280 medicis
1882 5224 2000 5277 col-

2118 5225 2272 5292 Ξμφω
2301 5226 2424 5287 τοὺς
2454 5225 2673 5295 ἰατροὺς
2707 5225 3149 5295 εὐφημήσαντες,
3183 5226 3283 5295 τῆς
3323 5226 3432 5280 τῶν
3471 5226 3675 5280 λοιπῶν

430 5318 689 5383 laudatis,
724 5317 1058 5384 reliquorum
1100 5318 1416 5371 relationem
1448 5316 1834 5372 miraculorum
1884 5315 1998 5369 sol-

427 5407 578 5461 licite
598 5406 888 5462 faciamus.

705 5497 870 5552 XXV.
907 5498 982 5553 De
1016 5495 1265 5567 Heipidia
1310 5496 1738 5552 haemorrhois“.

509 5587 602 5640 Vis
638 5587 940 5657 Ilelpidiam
980 5590 1288 5645 invenimus
1320 5607 1334 5654 ;
1366 5592 1419 5643 in
1451 5590 1551 5644 hac
1583 5591 1724 5645 enim
1753 5588 2001 5644 multitu-

431 5677 557 5733 dine
593 5679 682 5746 qui
731 5683 904 5736 sanati
937 5689 1065 5737 sunt
1089 5682 1469 5736 occultabatur
1503 5699 1516 5736 :
1547 5682 1830 5752 deniquea
1867 5697 2003 5734 mar-

2107 5315 2399 5388 θαυμάτων
2433 5318 2775 5386 ἀπαγγελίας
2825 5321 3223 5390 φροντίσωμεν.

2153 5497 2280 5551 KE'.
2310 5496 2449 5566 Περὶ
2490 5497 2798 5564 Ἐλπιδίας
2815 5496 2925 5567 τῆς
2940 5498 3206 5567 ἐχούσης
3235 5501 3600 5570 αἱμόρῤοιαν.

2175 5588 2344 5650 Μόλις
2370 5588 2466 5659 τὴν
2487 5589 2761 5643 Ἐλπιδίαν
2791 5590 3100 5661 εὑρήκαμεν
3123 5607 3136 5622 ⁸
3169 5593 3227 5645 ὲν
3246 5594 3312 5662 τῇ
3346 5592 3546 5662 πληθύῖ
3567 5594 3677 5664 γὰρ

2112 5681 2248 5750 αῦτη
2281 5681 2390 5732 τῶν
2433 5681 2688 5734 ἱαθέντων
2718 5681 3041 5752 ἐκρύπτετο,
3099 5684 3196 5755 τὴν
3246 5685 3537 5757 θεραπείαν
3573 5688 3670 5757 μὲν
