4020 6204
293 277 435 343 3493

1198 218 1205 223 ⁸
1252 274 1391 337 ‘SS.
1423 272 1596 336 CYRI
1638 269 1733 331 ΕΤ
1774 262 2095 329 JOANNIS
2128 266 2541 331 MIRACULA.

3427 281 3573 365 3494.

293 394 421 451 τοὺς
448 387 639 457 ἁγίους
674 388 982 457 συλήσασα,
1028 380 1301 440 δεδοικυῖα
1334 385 1391 440 δὲ
1435 386 1535 440 καὶ
1589 384 1678 439 διά
1721 380 1881 435 τοῦτο

2010 381 2202 449 yribus
2241 383 2464 452 quidem
2520 387 2860 442 curationem
2894 392 3071 445 furata
3098 397 3204 459 est,
3241 393 3338 451 sed
3366 386 3582 454 timens

296 483 392 534 καὶ
423 480 701 552 τρέμουσα
726 495 739 509 ο
777 479 900 532 κατ’
931 478 1148 548 ἐκείνην
1185 476 1324 548 τάχα
1369 478 1468 548 τὴν
1516 477 1607 530 ἐπὶ
1636 474 1730 528 τοῦ
1764 474 1879 525 Σω-

295 575 463 646 τῆρος
479 571 888 644 αίμορῤοοῦσαν
908 569 1270 625 λανθάνουσα.
1288 557 1511 624 Ἐδεδίει
1529 567 1639 639 γὰρ
1665 566 1759 621 καλ⁸
1785 563 1883 619 αὖ·-

297 681 367 736 τη
403 664 611 731 σαφῶς,
645 664 845 734 μήπως
875 662 921 715 οί
954 660 1282 733 συληθέντες
1310 662 1411 733 τὴν
1454 661 1603 714 ἴασιν
1646 659 1884 727 νοήσωσι

304 755 607 825 μάρτυρες,
635 752 731 806 καὶ
758 748 1002 823 φανερὰν
1028 750 1198 822 αὐτὴν
1244 753 1358 814 τοῖς
1392 751 1526 803 πᾶσι
1559 748 1882 818 ποιήσωσιν,

300 843 493 915 ὥσπερ
528 843 791 912 κάκείνην
814 843 843 896 6
868 843 1097 916 Κύριος,
1146 843 1313 897 αὐτόν
1356 860 1414 895 τε
1453 839 1746 895 λανθάνειν
1791 839 1887 891 καὶ

304 937 515 999 πάντας
539 934 843 1005 νομίσασαν
878 936 1248 1006 ἐφανέρωσεν.
1265 932 1406 987 Ἀλλ’
1437 933 1537 985 οὐκ
1560 930 1748 985 ἔλαθεν
1774 928 1886 983 οὐδ’

302 1025 444 1096 αὕτη
478 1024 576 1078 νῦν
607 1024 736 1088 τοὺς
771 1023 1099 1089 ἀκέσαντας,
1151 1024 1227 1089 ὼς
1275 1023 1384 1078 οὐδ’
1416 1024 1601 1093 ἐκείνη
1640 1022 1763 1075 τότε
1792 1020 1887 1075 τὸν

308 1116 540 1188 Κύριον.
577 1116 642 1169 Oi
677 1117 786 1187 γὰρ
811 1117 957 1184 ἃγιοι
985 1118 1043 1170 ἐν
1076 1115 1264 1187 μέσοις
1292 1118 1407 1179 τοῖς
1435 1114 1614 1185 ὄχλοις
1650 1128 1888 1182 κρυπτο-

310 1208 483 1283 μένην
510 1206 682 1280 αὐτὴν
706 1208 1106 1280 θεωρήσαντες,
1139 1209 1359 1263 πάντων
1392 1208 1471 1270 είς
1499 1208 1662 1277 μέσον
1693 1207 1788 1259 καὶ
1812 1205 1887 1276 μὴ

304 1301 570 1357 θέλουσαν
614 1301 861 1371 ἄγουσιν,
897 1301 992 1355 καὶ
1020 1301 1238 1354 πάντων
1258 1301 1314 1353 ὲν
1337 1299 1492 1369 ὂψεσι
1520 1297 1889 1369 θριαμϐεύου-

308 1408 431 1447 σιν·
470 1392 569 1462 οὐχ
618 1390 695 1455 ὥς
758 1408 811 1444 τι
857 1390 967 1444 τῶν
1009 1390 1229 1444 ἀτόπων
1273 1390 1605 1461 ποιήσασαν,
1651 1387 1767 1441 ἀλλ’
1815 1387 1889 1451 ὡς

305 1487 491 1540 πίστει
517 1484 615 1557 τὴν
659 1484 936 1556 σωτηρίαν
967 1474 1350 1554 ’κερδάνασαη
1387 1481 1483 1536 καὶ
1522 1479 1661 1551 πρὸς
1710 1478 1891 1533 αὐτῶν

306 1576 536 1641 εἰκότως
567 1574 899 1630 ἀκούουσαν·
944 1573 1205 1645 ιΘάρσει,
1234 1573 1499 1643 θύγατερ,
1531 1572 1771 1644 ήπίστις
1798 1586 1892 1623 σου

309 1669 550 1724 σέσωκέν
580 1685 661 1734 σε,
690 1666 925 1739 πορεύου
959 1668 1039 1731 είς
1067 1667 1311 1736 εἰρήνην.
1358 1682 1376 1716 ι

1986 475 2056 529 ob
2083 474 2187 530 hoc
2216 485 2271 531 et
2302 484 2568 543 tremens,
2596 488 2761 550 atque
2791 482 3097 538 secundum
3128 484 3277 540 illam
3311 485 3569 546 fortassis

1990 567 2504 634 litetnorrlioissam,
2531 587 2652 641 qua:
2700 587 2730 627 a
2795 571 3080 630 Salvatore
3106 586 3299 632 sanata
3330 587 3414 636 est
3439 580 3567 636 lati-

1991 667 2113 713 tans
2140 675 2155 713 :
2189 659 2519 717 formidabat
2553 664 2699 718 enim
2730 672 2784 717 et
2810 664 2924 720 haec
2950 675 3094 736 apte,
3115 668 3404 738 nequando
3427 684 3567 735 marg

1991 756 2161 830 tyres,
2197 764 2226 801 a
2258 749 2462 819 quibus
2516 750 2664 806 furto
2722 754 3010 810 sanitatem
3050 756 3375 821 abstulerat,
3409 756 3569 814 intel-

1988 838 2245 910 ligerent,
2301 851 2355 895 et
2403 842 2751 898 manifestam
2802 860 2919 900 eam
2967 846 3223 904 omnibus
3300 846 3567 913 facerent,

1991 931 2135 985 sicut
2163 939 2217 984 et
2251 932 2398 986 illam
2433 931 2698 989 Dominus
2730 935 3050 1004 publicavit,
3078 952 3200 1007 qua:
3237 945 3292 992 et
3331 937 3484 993 illum
3513 946 3570 994 et

1989 1038 2182 1079 omnes
2213 1024 2380 1078 latere
2406 1026 2651 1094 putabat.
2690 1025 2796 1082 Sed
2828 1042 2931 1083 nec
2959 1028 3064 1084 ista
3106 1029 3267 1085 latuit
3296 1044 3445 1086 nunc
3471 1045 3570 1087 eos

1990 1114 2081 1183 qui
2114 1130 2172 1169 se
2195 1131 2386 1170 sanam
2416 1117 2691 1181 fecerant;
2721 1120 3182 1189 quemadmodum
3210 1137 3313 1179 nec
3328 1122 3420 1178 illa
3439 1132 3572 1179 tunc
3603 1102 3611 1107 ’

1991 1204 2278 1260 Dominum
2315 1224 2329 1273 ;
2366 1209 2543 1263 sancti
2577 1210 2722 1263 enim
2768 1211 2820 1264 in
2855 1211 3036 1267 medio
3077 1212 3368 1268 turbarum
3400 1213 3567 1269 etiam

1992 1296 2261 1351 volentem
2280 1297 2579 1362 adducunt,
2602 1309 2657 1354 et
2685 1314 2871 1355 coram
2895 1294 3538 1359 omnibusmanifestant
3551 1321 3566 1371 ;

1992 1403 2101 1443 non
2137 1390 2294 1459 quasi
2334 1389 2465 1460 quid
2506 1406 2733 1461 pravum
2766 1392 2979 1457 fecerit,
3015 1394 3113 1449 sed
3158 1404 3418 1465 tanquam
3447 1411 3569 1451 eam

1991 1496 2112 1551 quae
2144 1480 2248 1536 fide
2278 1482 2511 1537 salutem
2543 1482 2753 1537 lucrata
2781 1483 2876 1546 sit,
2907 1492 2962 1538 et
2988 1483 3057 1538 ab
3081 1484 3163 1540 eis
3184 1485 3575 1545 convenienter

1993 1572 2231 1627 audierit
2262 1589 2276 1626 :
2319 1591 2339 1633 ι
2367 1568 2613 1639 Confide,
2651 1572 2784 1638 filia,
2824 1572 2959 1629 ﬁdes
2983 1582 3074 1628 tua
3105 1582 3160 1630 te
3189 1576 3396 1631 salvam
3422 1575 3576 1640 fecit,

1997 1664 2131 1735 vade
2155 1665 2208 1717 in
2244 1679 2398 1734 pace.
2439 1683 2457 1716 ι

392 1760 636 1815 Ἐλπιδία
662 1759 772 1829 γάρ
798 1758 948 1813 τουτὶ
968 1759 1030 1813 τὸ
1061 1758 1389 1812 πιστότατον
1414 1755 1661 1824 γύναιον,
1690 1754 1751 1807 τὺ
1790 1755 1888 1824 τῆς

2065 1753 2309 1827 Helpidia
2366 1755 2515 1811 enim
2561 1756 2679 1811 haec
2731 1755 3050 1812 ﬁdelissima
3102 1757 3303 1814 mulier
3354 1757 3575 1830 sangui-

307 1854 634 1925 αἱμορροίας
665 1852 822 1922 ἔσχεν
871 1850 1238 1924 ἀρρώστημα,
1295 1848 1387 1919 ὑφ’
1417 1844 1478 1903 οὗ
1526 1846 1715 1910 δεινῶς
1766 1862 1892 1899 κατ-

308 1946 541 2017 ετήκετο
563 1944 656 1997 καὶ
687 1934 887 2014 μᾶλλον
905 1943 1137 2013 ἀφειδῶς
1155 1942 1502 2012 ἀνηλίσκετο,
1528 1939 1713 2011 πηγὴν
1741 1936 1895 1991 στελ.

308 2036 545 2107 λομένην
575 2033 667 2088 τοῦ
703 2033 913 2097 πάθους
945 2033 1046 2087 οὐκ
1067 2032 1289 2104 ἔχουσα,
1326 2032 1427 2087 οὐκ
1452 2032 1679 2085 ἀεννάου
1711 2029 1891 2099 νάμαο

308 2144 423 2193 τος,
447 2125 587 2182 ἀλλά
621 2124 877 2198 βρύοντος
903 2124 1167 2195 αἵματος·
1204 2124 1299 2179 καὶ
1352 2122 1583 2194 κρουνὸς
1620 2122 1708 2175 ἀεὶ
1754 2122 1894 2176 διαι-

312 2221 557 2292 νόμενος,
598 2219 697 2273 οὐκ
736 2216 1117 2290 ἀργυροειδέσι
1154 2219 1270 2281 τοῖς
1321 2216 1531 2280 ὕδασιν,
1568 2215 1705 2270 ἀλλά
1727 2231 1897 2283 φοινι-

319 2310 553 2381 κόχρωσι
581 2309 873 2373 στάζουσιν
901 2308 1151 2379 αἴμασιν.
1172 2305 1460 2361 Ἐντεῦθεν
1505 2306 1675 2370 νεκρὰ
1705 2306 1803 2375 μὲν
1838 2308 1896 2356 ἐν

320 2401 483 2466 ζῶειν
517 2399 792 2470 ἐφαίνετο,
821 2397 916 2453 τοῦ
949 2397 1364 2470 ἐρυθραίνοντος
1410 2398 1784 2458 ἐπιλείποντος
1820 2394 1901 2447 αἶ-

320 2509 487 2562 ματος
514 2509 529 2522 ·
562 2493 620 2545 ἐν
645 2493 863 2561 νεκροῖς
891 2489 949 2543 δὲ
1004 2489 1167 2543 πάλιν
1215 2489 1314 2543 οὐκ
1361 2488 1658 2558 ἐλογίζετο,
1691 2486 1773 2539 ἔτι
1804 2484 1899 2539 τοῦ

317 2580 554 2648 ζωτικοῦ
591 2581 894 2653 ψυχοῦντος
944 2581 1115 2651 αὐτὴν
1163 2581 1256 2634 καὶ
1297 2580 1615 2650 συνέχοντος
1648 2578 1900 2647 πνεύμαο

315 2674 431 2738 τος.
468 2675 564 2727 Ἐκ
590 2674 777 2726 τούτου
814 2675 1006 2742 φυγεῖν
1034 2671 1372 2725 θέλουσατοῦ
1406 2672 1742 2743 νοσήματος,
1775 2670 1902 2733 τοὺς

316 2765 647 2836 φυγαδεύειν
664 2764 799 2818 αὐτὸ
815 2762 1320 2834 ἐπαγγελλομένους
1345 2764 1563 2834 ίατροὺς
1582 2762 1903 2826 ἐπεδίωκεν,

316 2858 561 2922 ἐκείνους
590 2858 678 2911 ἀεὶ
727 2856 870 2927 μετά
925 2855 1187 2926 πλείστης
1239 2856 1477 2927 σπουδῆς
1525 2845 1903 2925 ἀνιχνεύουσα,

1991 1851 2079 1905 nis
2133 1848 2311 1904 ﬂuxus
2366 1848 2556 1904 habuit
2597 1850 3001 1918 aegritudinem,
3062 1865 3091 1905 a
3127 1866 3236 1922 qua
3284 1852 3576 1908 tabeliebat

1993 1942 2275 2001 atrociter.
2303 1950 2357 1994 et
2393 1940 2513 1996 sine
2540 1940 2650 1995 ulla
2684 1941 3576 2011 parcitate‘consumebatur,fon-

1996 2042 2104 2088 tem
2154 2032 2682 2102 babenspassionis
2726 2032 2820 2102 qui
2854 2047 2961 2087 non
2992 2032 3315 2100 deficiebat;
3348 2049 3457 2090 non
3491 2042 3578 2089 ta-

1995 2139 2119 2179 men
2173 2122 2433 2177 laticibus
2474 2122 2811 2193 perennibus
2849 2122 3125 2190 fluentem,
3157 2124 3255 2181 sed
3289 2125 3577 2195 sanguinis

1997 2214 2194 2269 rivulis
2252 2222 2625 2279 emanantem,
2687 2229 2864 2283 neque
2912 2216 3127 2286 argenti
3177 2217 3360 2287 specie
3402 2231 3577 2287 aquas

1997 2305 2310 2368 habentem,
2346 2302 2441 2359 sed
2477 2304 2748 2373 pltaanicei
2768 2305 2971 2360 coloris
3024 2307 3348 2377 sanguinem
3401 2306 3581 2362 distil-

1999 2391 2223 2445 lantem.
2255 2392 2335 2443 Ac
2361 2406 2456 2460 per
2482 2391 2587 2445 hoc
2615 2402 2828 2446 mortua
2890 2392 3109 2463 quidem
3165 2394 3309 2450 inter
3338 2396 3578 2452 viventes

2001 2482 2321 2553 apparebat,
2347 2481 2637 2537 deficiente
2685 2484 2979 2555 sanguine,
3009 2484 3105 2555 qui
3163 2485 3419 2541 ruborem
3459 2488 3582 2542 vul-

2003 2581 2093 2626 tus
2129 2582 2351 2643 praestat
2383 2592 2397 2628 :
2435 2583 2489 2629 et
2517 2590 2708 2631 rursus
2739 2576 2792 2630 in
2835 2577 3068 2632 mortuis
3105 2591 3228 2647 esse
3274 2593 3385 2634 non
3431 2579 3583 2634 testi-

2005 2667 2279 2731 mabatur,
2308 2680 2376 2720 eo
2398 2667 2545 2736 quod
2576 2668 2718 2722 hanc
2748 2668 2963 2723 vividus
2990 2668 3171 2723 adhuc
3198 2668 3429 2740 spiritus
3462 2671 3584 2726 ani-

2007 2768 2202 2826 maret,
2233 2768 2288 2815 et
2312 2763 2641 2816 contineret.
2673 2761 2713 2814 Α
2737 2776 2846 2831 quo
2865 2762 3131 2832 languore
3156 2761 3347 2833 fugere
3364 2764 3581 2827 volens,

2015 2852 2261 2908 medicos
2313 2850 2407 2921 qui
2454 2850 2649 2920 fugare
2687 2852 2833 2906 hunc.
2885 2853 3352 2923 repromittetent,
3396 2868 3584 2925 perse-

318 2957 446 3020 τοὺς
505 2953 573 3008 δι’
601 2953 792 3024 ἐξοχὴν
840 2950 1222 3022 ἐνδεδυμένους
1279 2952 1405 3013 τοὺς
1471 2950 1764 3021 τρίϐωνας,
1814 2949 1900 3003 καὶ

2009 2957 2134 2999 cuta
2163 2952 2270 3007 est,
2304 2944 2428 3000 illos
2482 2958 2702 3013 semper
2751 2943 2925 2998 multo
2988 2944 3174 2999 studio
3226 2944 3584 3015 investigatis,

320 3046 504 3101 πάντα
532 3045 601 3098 τά
635 3045 733 3114 τῆς
757 3044 950 3114 τέχνης
967 3042 1268 3113 αὐχοῦντας
1292 3040 1641 3105 ἐπίστασθαι,
1666 3041 1760 3095 καὶ
1781 3041 1900 3105 τοὺς

2010 3034 2103 3106 qui
2122 3042 2346 3105 propter
2385 3034 2743 3089 eminentiam
2774 3033 3086 3089 tribunibus
3111 3034 3504 3102 induebamur,
3533 3042 3590 3090 et

324 3136 620 3207 μανθάνειν
647 3134 957 3198 ἐθέλοντας,
1012 3135 1070 3187 ὲν
1098 3134 1263 3207 ὀφρύῖ
1300 3133 1410 3189 τῶν
1442 3134 1618 3203 λόγων
1643 3135 1718 3197 ὡς
1745 3136 1799 3188 ἐν
1826 3135 1904 3187 εἰ·

317 3230 470 3300 δήσει
498 3228 609 3281 τῶν
630 3226 809 3298 ἔργων
849 3226 1199 3290 διδάσκοντας
1220 3242 1236 3257 ο
1267 3224 1364 3288 οὓς
1406 3224 1771 3295 εύθηνοῦντας
1804 3225 1902 3296 μὲν

319 3320 426 3373 ἀνὰ
453 3319 552 3389 τὴν
577 3317 734 3371 πόλιν
775 3317 850 3381 ὡς
886 3317 1078 3388 ἢθελεν
1125 3316 1403 3388 εὕρισκεν,
1439 3315 1798 3382 σπανίζοντας
1846 3315 1904 3370 δέ

321 3413 458 3485 πρὸς
499 3413 643 3465 ἴασιν
670 3411 767 3481 οὐχ
788 3410 1043 3483 εὕρισκεν
1068 3410 1144 3472 ὡς
1194 3408 1482 3480 ήὸούλετο·
1508 3409 1740 3463 ἑκάστου
1794 3407 1903 3481 γὰρ

321 3502 502 3558 αὐτῶν
520 3505 715 3573 πεῖραν
750 3502 1133 3571 λαμὸἀνουσα,
1189 3500 1267 3565 ὠς
1296 3501 1359 3554 ού
1411 3500 1732 3570 πειραθεῖσα
1762 3501 1901 3571 πρὸς

322 3595 485 3648 ἄλλον
521 3595 842 3665 μετήρχετο,
876 3592 972 3646 καὶ
1001 3591 1123 3646 καθ’
1149 3590 1246 3645 ἕνα
1268 3592 1396 3655 τοὺς
1427 3591 1636 3655 πάντας
1664 3591 1905 3662 ἀμείψα-

329 3704 417 3752 σα,
445 3687 506 3741 τδ
543 3692 768 3759 κατέχον
798 3684 970 3758 αὐτὴν
997 3686 1100 3739 οὐκ
1127 3684 1329 3757 ἡλαυνε
1367 3684 1604 3756 νόσημα.

399 3948 527 4005 Ὅτε
554 3951 610 4004 δὲ
640 3950 821 4005 πάντα
847 3949 939 4005 τὸν
973 3951 1087 4023 βίον
1115 3952 1288 4022 αὐτῆς
1310 3950 1405 4005 καὶ
1435 3949 1533 4022 τὴν
1560 3948 1797 4023 ὕπαρξιν
1818 3930 1905 4015 εἰς

328 4044 547 4115 ἰατροὺς
574 4042 904 4115 ἐδαπάνησε.
937 4044 1030 4097 καὶ
1069 4044 1132 4097 τδ
1177 4042 1349 4108 πάθος
1382 4045 1577 4115 φυγεῖν
1606 4046 1706 4097 οὐκ
1737 4042 1906 4097 εὐπό-

327 4152 485 4208 ρησε,
516 4134 639 4189 οὔτε
669 4136 1026 4206 παραμυθίαν
1073 4136 1197 4190 τινὰ
1224 4139 1346 4202 ταῖς
1387 4136 1648 4208 ἀλγηδόσι
1679 4136 1908 4209 πορίσα-

327 4225 476 4292 σθαι,
516 4226 565 4278 εί
595 4227 690 4278 καὶ
714 4226 811 4297 τήν
838 4224 1075 4296 ἀπορίαν
1107 4226 1325 4281 πάντων
1377 4226 1771 4281 ἀναλωθέντων
1823 4227 1907 4291 είς

325 4316 527 4379 αὐτοὺς
556 4315 868 4388 ἐπορίσατο,
917 4318 1009 4371 ἐπὶ
1051 4317 1234 4390 Κῦρον
1276 4319 1373 4373 καὶ
1415 4317 1674 4390 Ἰωάννην
1721 4319 1908 4391 ἡρέμα

2013 3127 2200 3181 omnia
2245 3141 2369 3197 quae
2425 3135 2559 3181 sunt
2593 3126 2732 3181 artis
2759 3131 2827 3181 se'
2877 3140 3044 3182 nosse
3104 3125 3505 3198 gloriabantur,
3536 3135 3590 3181 ct

2011 3232 2109 3274 eos
2159 3219 2251 3287 qui
2297 3217 2512 3273 discere
2554 3217 2789 3283 vellent,
2839 3217 2894 3271 in
2943 3217 3244 3289 supercilio
3295 3217 3589 3273 verborum

2014 3325 2170 3380 aeque
2234 3317 2294 3363 ut
2337 3309 2393 3363 in
2457 3308 2689 3363 scicntia
2750 3321 2979 3378 operum
3056 3306 3401 3373 educebant;
3452 3321 3594 3379 quos

2022 3402 2309 3458 abundare
2332 3416 2429 3474 per
2454 3400 2755 3460 civitatem,
2773 3407 2834 3455 ut
2873 3399 3112 3467 volebat,
3136 3400 3471 3466 inveniebat,
3493 3399 3591 3455 sed

2019 3509 2179 3549 raros
2239 3494 2305 3548 ad
2363 3494 2659 3550 sanitatem
2708 3490 2939 3546 idoneos
2985 3492 3340 3560 inveniebat;
3402 3492 3595 3547 unius-

2014 3583 2287 3653 cujusque
2320 3582 2465 3637 enim
2494 3581 2712 3636 illorum
2737 3580 3120 3650 experimento
3163 3589 3407 3651 accepto,
3431 3582 3590 3652 quasi

2018 3691 2130 3731 non
2157 3682 2406 3745 experto,
2459 3672 2731 3728 transibat
2761 3671 2828 3726 ad
2877 3672 3067 3737 alium,
3091 3682 3146 3727 et
3177 3687 3276 3744 per
3318 3673 3590 3744 singulos,

2014 3784 2208 3824 omnes
2233 3766 2623 3823 remunerabat
2648 3782 2665 3833 ;
2696 3764 2791 3822 sed
2818 3765 3157 3836 languorem,
3188 3765 3282 3836 qui
3330 3779 3393 3821 se
3421 3765 3591 3822 babe-

2020 3858 2135 3921 bat,
2168 3872 2279 3912 non
2311 3857 2643 3911 minorabat.

2086 3951 2221 4005 Cum
2245 3956 2427 4003 autem
2460 3962 2675 4005 omnem
2706 3947 2911 4002 victum
2941 3962 3106 4003 suum
3129 3956 3294 4019 atque
3329 3948 3591 4005 substan-

2016 4043 2148 4097 tiam
2185 4041 2241 4096 in
2283 4040 2512 4107 medicis
2539 4040 2995 4109 consumpsisset,
3030 4046 3087 4095 et
3109 4041 3421 4110 passionem
3450 4040 3591 4097 etfu-

2016 4148 2145 4203 gere
2176 4131 2406 4186 minime
2433 4130 2719 4195 valuisset,
2753 4130 2850 4185 sed
2881 4144 2981 4185 nec
3022 4130 3268 4201 requiem
3307 4130 3594 4190 doloribus

2015 4223 2250 4279 mercari
2292 4223 2597 4294 quamlibet
2618 4222 2911 4293 potuisset,
2938 4222 3067 4277 licet
3090 4223 3264 4277 solam
3296 4231 3593 4294 egestatem

2015 4319 2276 4374 omnibus
2306 4318 2359 4373 in
2392 4332 2490 4375 eos
2524 4318 2783 4388 expensis
2832 4317 3179 4388 acquisierit,
3214 4317 3283 4373 ad
3309 4317 3510 4391 Cyrum
3540 4329 3597 4375 et

328 4422 447 4469 πως
477 4406 717 4477 ἔρχεται,
745 4408 942 4479 κλέψαι
976 4410 1260 4479 μελετῶσα
1290 4414 1355 4483 τῇ
1390 4412 1571 4465 πίστει
1593 4412 1697 4483 τὴν
1736 4413 1900 4465 ίασιν.

2014 4410 2283 4468 Joannem
2324 4410 2654 4482 pedetentim
2684 4411 2920 4501 accedit,
2969 4411 3073 4467 fide
3100 4410 3270 4468 furari
3328 4411 3599 4469 meditans

326 4496 602 4569 Εὖκαιρον
625 4498 682 4552 δὲ
735 4501 927 4570 καιρὸν
958 4500 1100 4571 πρὸς
1142 4501 1240 4571 τὴν
1288 4500 1498 4572 κλοπὴν
1540 4501 1910 4572 ἀναμένουσα,

328 4590 423 4643 καὶ
447 4590 546 4661 τὴν
569 4589 718 4662 ὥραν
741 4592 1087 4660 φυλάττουσα
1112 4592 1234 4645 καθ’
1259 4594 1324 4664 ἣν
1345 4593 1577 4664 συλῆσαι
1622 4593 1723 4666 τὴν
1752 4593 1914 4665 θερα-

326 4680 492 4733 πείαν
532 4680 786 4750 ήδύνατο,
827 4679 1127 4752 νυσταγμῷ
1179 4680 1336 4751 βαθεῖ
1389 4681 1767 4751 καταφέρεται
1817 4681 1914 4734 καὶ

331 4771 487 4842 ὕπνῳ
523 4770 776 4839 συλᾶται,
812 4774 944 4845 πρὶν
974 4773 1007 4843 ἢ
1036 4771 1262 4844 συλήσει
1298 4772 1425 4836 τοὺς
1453 4773 1737 4843 μάρτυρας
1760 4788 1774 4804 ·
1821 4772 1915 4826 καὶ

328 4863 530 4934 κλέψαι
565 4863 666 4934 τὴν
723 4863 866 4916 ἴασιν
917 4862 1170 4925 θέλουσι,
1221 4862 1361 4933 αὑτὴ
1416 4863 1727 4916 τούναντίον
1760 4862 1915 4916 ἐκλέ-

330 4973 499 5011 πτετο
523 4975 536 4986 ·
566 4959 659 5011 καὶ
689 4956 957 5009 κλαπεῖσα
994 4956 1158 5011 πάλιν
1200 4958 1330 5027 περὶ
1380 4956 1476 5025 τῆς
1517 4955 1726 5024 κλοπῆς
1762 4956 1917 5011 ἐϐου-

328 5049 541 5105 λεύετο.
582 5049 721 5102 Ἀλλ’
753 5047 937 5104 ἰδοῦσα
961 5048 1209 5113 τούτους,
1235 5047 1310 5111 ὡς
1334 5048 1606 5112 ἀκουσίως
1630 5048 1912 5115 ἐκάθευδε,

329 5141 431 5213 τὴν
461 5141 668 5214 κλοπὴν
699 5142 941 5213 ἐφοϐήθη
977 5140 1307 5213 ποιήσασθαι
1339 5158 1353 5173 ·
1384 5141 1626 5213 διορύξαι
1680 5142 1793 5214 γὰρ
1824 5142 1917 5197 τὸν

333 5232 609 5306 θησαυρὸν
661 5234 763 5287 οὐκ
806 5232 1103 5304 ἐθάρσησε,
1143 5232 1405 5305 ἀλλήλους
1466 5232 1746 5304 βλέπουσα
1786 5235 1917 5298 τοὺς

333 5326 527 5396 ἁγίους
557 5326 947 5396 φυλάττοντας,
975 5328 1071 5381 καὶ
1098 5327 1174 5398 μὴ
1212 5326 1548 5395 δυναμένους
1598 5327 1705 5380 ὑπό
1748 5344 1914 5389 τινος.

332 5424 380 5474 εἰ
410 5420 488 5493 μὴ
514 5419 742 5487 θέλοιεν,
780 5419 1132 5474 κλέπτεσθαι.

413 5602 577 5655 Αὐτοὶ
603 5600 658 5655 δὲ
694 5601 789 5654 τὸν
815 5601 1021 5665 σκοπὸν
1069 5602 1162 5656 τοῦ
1197 5605 1419 5672 γυναίου
1459 5606 1776 5676 νοήσαντες,
1825 5621 1897 5662 κα

336 5692 431 5763 τὴν
468 5693 649 5748 πίστιν
671 5692 1062 5765 ἀποδεξάμενοι
1113 5695 1205 5748 καὶ
1236 5696 1337 5766 τήν
1377 5696 1786 5768 φανερωθεῖσαν
1820 5700 1913 5753 εύ-

2026 4506 2347 4562 sanitatem.
2381 4503 2584 4561 Verum
2640 4504 2771 4560 dum
2835 4492 3054 4576 tempus
3100 4514 3476 4577 opportunum
3531 4506 3598 4562 ad

2030 4596 2340 4653 faciendum
2369 4596 2576 4652 furtum
2607 4606 2909 4667 exspectat,
2932 4599 3061 4653 dum
3085 4600 3275 4654 horam
3315 4614 3421 4670 qua
3442 4615 3602 4655 cura-
3673 4667 3681 4673 _

2029 4690 2231 4744 tionem
2266 4689 2504 4761 pradari
2535 4697 2727 4760 posset
2759 4689 3034 4754 observat,
3057 4689 3449 4747 dormitatione
3474 4705 3603 4760 pro-

2027 4782 2197 4838 funda
2254 4782 2582 4854 deprimitur
2613 4800 2628 4848 ;
2656 4791 2711 4837 et
2747 4798 2778 4837 a
2816 4797 3012 4837 somno
3035 4782 3387 4854 dispoliatur,
3420 4783 3605 4852 prius-

2026 4891 2190 4945 quam
2244 4875 2504 4946 dispoliet
2557 4881 2885 4945 martyres;
2951 4882 3004 4927 et
3084 4871 3255 4928 furari
3314 4876 3602 4929 sanitatem

2024 4968 2255 5031 volens,
2305 4966 2422 5036 ipsa
2469 4980 2502 5020 e
2549 4963 2829 5020 contrario
2898 4962 3083 5018 furtim
3144 4963 3447 5030 adimitur,
3493 4964 3608 5019 fur-

2026 5071 2192 5131 toque
2240 5058 2517 5127 adempta,
2536 5055 2604 5111 de
2657 5054 2805 5111 furto
2828 5070 3022 5111 rursus
3055 5055 3605 5118 iniebaLconsilium.

2029 5152 2135 5210 Sed
2163 5153 2249 5207 his
2272 5150 2428 5216 visis,
2457 5164 2585 5205 cum
2647 5149 2769 5204 sine
2818 5147 3096 5203 voluntate
3150 5148 3439 5214 dormiret,
3495 5146 3601 5203 fur-

2029 5258 2141 5302 tum
2195 5243 2379 5300 facere
2432 5242 2635 5308 timuit,
2693 5241 2971 5298 suffodere
3003 5255 3241 5311 namque
3286 5241 3606 5296 thesaurum

2031 5353 2141 5393 non
2185 5332 2560 5408 praesumpsit,
2620 5344 2842 5390 sanctos
2888 5335 3081 5388 videns
3133 5332 3366 5388 invicem
3416 5332 3608 5388 obser-

2030 5438 2247 5487 vantes.
2282 5438 2337 5483 et
2365 5441 2475 5482 non
2511 5441 2675 5498 posse
2731 5423 2918 5479 furtim
2946 5440 2976 5479 a
3003 5440 3305 5497 quoquam,
3351 5424 3461 5480 nisi
3512 5440 3609 5478 vo-

2030 5522 2281 5590 Iu’ssent,
2317 5514 2544 5573 auferri.

2102 5610 2209 5680 Ipsi
2241 5616 2424 5663 autem
2474 5621 2599 5663 cum
2636 5605 2881 5661 mulieris
2921 5602 3265 5661 intentiouen
3307 5602 3613 5657 intellexis-

2026 5706 2155 5760 sent
2206 5710 2260 5757 et
2316 5699 2502 5769 fidem,
2543 5713 2607 5757 ac
2649 5696 2996 5757 manifestam
3029 5698 3131 5755 sibi
3169 5706 3221 5755 et
3273 5709 3454 5753 notam
3496 5698 3615 5767 ejus
