4010 6208
353 303 486 366 3i97

1343 305 1446 364 SS.
1488 296 1662 365 CYRI
1731 304 1824 362 ET
1863 301 2184 363 JOANNIS
2242 301 2654 362 MlRlCULl.

3471 301 3612 364 3498

355 417 756 481 πανσέϐαστον,
780 417 812 489 ἡ
835 415 985 479 νόσος
1015 416 1111 486 μὲν
1149 415 1350 479 εὐθέως
1396 417 1656 487 ἠλέγχετο
1679 435 1690 446 ·
1717 414 1922 486 φανερὰ

2035 415 2278 470 norahile
2305 412 2565 482 templum
2599 426 2787 466 eorum
2833 412 3097 478 venisset,
3125 419 3180 467 et
3209 411 3442 484 languor
3481 431 3612 484 prog-

350 513 405 565 ἰὲ
432 514 541 573 τοῖς
575 511 745 566 πᾶσιν
791 509 1000 577 ἐγίνετο
1048 508 1142 562 καὶ
1187 507 1297 561 τῶν
1338 509 1540 579 ἰατρῶν
1588 510 1622 578 ἡ
1653 508 1926 578 ἀμάθεια·

351 603 474 658 καθ’
500 602 704 666 ὕπνους
762 600 871 671 γὰρ
923 601 1059 671 αύτῇ
1122 600 1505 669 παραστάντες
1541 600 1592 653 οἱ
1624 601 1926 670 μάρτυρες,

353 694 502 762 ὕδωρ
527 697 674 750 πιεῖν
703 692 810 764 πρὸ
866 691 1174 762 βρωμάτων
1219 691 1494 758 ἐκέλευον,
1534 694 1600 763 τῇ
1646 691 1804 745 πόσει
1835 690 1929 744 τοῦ

351 786 595 857 νάματος
618 785 718 856 τὴν
738 783 920 855 φυγὴν
965 783 1424 853 ἐπαγγειλάμενοι
1455 783 1552 837 τοῦ
1597 784 1927 854 νοσήματος.

366 877 427 938 Ἦ
451 877 508 932 δὲ
534 878 653 936 κατ’
675 878 904 938 ἐκεῖνον.
923 876 1108 946 φησιν,
1135 875 1227 928 τὸν
1245 875 1577 930 παυσόδυνον
1607 875 1840 946 δνειρον,
1867 875 1930 928 τὸ

351 969 500 1040 νάμα
533 971 787 1021 πέπωκεν
814 966 890 1024 ώς
909 966 1228 1019 τεθέσπιστο
1274 965 1380 1036 πρὸ
1415 965 1626 1038 τροφῆς
1665 965 1930 1030 παντοίας

352 1061 446 1118 καὶ
479 1059 805 1131 βρώματος’
866 1057 964 1113 καὶ
1008 1057 1170 1112 τοῦτο
1218 1056 1454 1113 ποιοῦσα
1498 1059 1729 1112 κινεῖται
1791 1055 1929 1126 πρὸς

349 1151 565 1219 ἔμετον,
598 1151 692 1203 καί
720 1148 812 1202 τὸν
841 1146 1039 1218 πικρὸν
1065 1149 1272 1205 ἐκεῖνον
1318 1148 1597 1216 ἀνήγαγεν
1630 1146 1926 1217 βάτραχον.

349 1241 408 1292 δν
431 1238 701 1305 ἀγνοοῦσα
731 1237 991 1292 κατέπιεν
1016 1253 1032 1270 ο
1080 1236 1175 1295 καὶ
1216 1237 1285 1289 δι’
1317 1236 1511 1311 ὓδατος
1554 1237 1792 1307 εὑροῦσα
1834 1235 1926 1288 τὸν

350 1331 592 1401 ἥλεθρον,
618 1330 686 1384 δι’
723 1327 914 1391 ῦδατος
963 1329 1060 1389 καὶ
1113 1327 1306 1396 φεύγει
1351 1327 1445 1382 τὸν
1473 1327 1698 1382 θάνατον
1723 1345 1736 1358 ·
1769 1325 1927 1384 τοῦτο

349 1418 459 1490 γὰρ
485 1418 782 1488 ἄγκιστρον
808 1417 858 1476 οἱ
889 1415 1260 1487 φιλάνθρωποι
1281 1415 1417 1488 προς
1437 1414 1535 1486 τὴν
1561 1415 1654 1470 τοῦ
1685 1416 1923 1486 θανατη-

349 1512 518 1582 φόρου
543 1509 813 1580 βατράχου
843 1508 1016 1579 Θήραν
1058 1507 1394 1578 ἐχάλκευσαν
1433 1507 1528 1560 καὶ
1561 1505 1654 1559 τοῦ
1703 1505 1925 1574 γυναίου

351 1601 629 1672 σωτηρίαν
665 1600 1064 1670 ἀνέκφραστον,
1093 1598 1121 1652 ὃ
1163 1599 1256 1652 καὶ
1278 1597 1530 1660 διάϐολος
1560 1599 1587 1650 ὁ
1613 1594 1925 1667 μισάνθρω-

348 1710 449 1758 πος
479 1693 617 1763 πρὸς
666 1690 942 1747 ἀπώλειαν
982 1691 1082 1760 τῆς
1121 1689 1404 1760 Θεοδώρας
1465 1689 1756 1760 ἐχρήσατο,
1801 1687 1923 1757 ἥτις

347 1787 481 1855 παρ’
510 1783 701 1837 ἐλπίδα
762 1778 1009 1852 φυγοῦσα
1039 1782 1130 1835 τὸν
1174 1780 1416 1852 ὄλεθρον,
1449 1781 1676 1843 καὶτοῖς
1705 1778 1924 1848 ζωγρή-

349 1893 476 1931 σασι
513 1876 748 1947 μάρτυσι
785 1873 1086 1944 σωτηρίους
1124 1871 1307 1941 φωνάς
1339 1870 1802 1944 προσενεγκοῦσα,
1828 1869 1922 1924 τοῦ

347 1967 456 2024 νεὼ
498 1964 677 2020 αύτῶν
727 1962 1094 2034 ἀνεχώρησεν.
1151 1962 1339 2032 Ἡμεῖς
1383 1961 1439 2014 δὲ
1477 1959 1756 2016 κάνταῦθα
1796 1958 1925 2028 βοὰς

347 2059 633 2129 εὐφήμους
691 2057 874 2118 αὐτοῖς
944 2054 1393 2126 μελῳδήσαντες,
1453 2053 1724 2122 μελῳδίας
1759 2051 1926 2123 ἄλλης

347 2149 602 2221 ἀφορμὴν
653 2146 1032 2219 ποιησώμεθα,
1067 2146 1196 2202 ἄλλο
1250 2145 1533 2217 τεράστιον
1577 2144 1654 2216 τῷ
1693 2144 1923 2214 παρόντι

355 2243 756 2304 συντάττοντες.
1035 2254 1039 2258 ·

357 2351 478 2411 KZ'.
518 2352 657 2421 Περὶ
707 2350 1007 2419 Θεοδώρου
1056 2353 1164 2407 τοῦ
1209 2354 1648 2420 κελευσθέντος
1693 2353 1763 2407 ἐκ
1802 2347 1924 2407 τῶν

785 2423 971 2492 ἁγίων
994 2422 1226 2478 ἀσπίδα
1246 2425 1481 2493 φαγεῖν.

419 2511 696 2582 Θεόδωρον
729 2511 819 2566 τὸν
848 2510 926 2582 τῷ
983 2511 1310 2583 προλαϐόντι
1345 2513 1553 2585 γυναίῳ
1579 2512 1921 2583 συνώνυμον,

347 2604 529 2668 καλῶς
567 2605 602 2676 ἡ
647 2604 758 2657 τῶν
810 2603 1108 2672 θαυμάτων
1135 2603 1425 2658 ἀκολουθία
1453 2607 1573 2676 μετ’
1603 2605 1812 2660 ἐκείνου
1841 2605 1922 2668 είς

346 2698 605 2771 διήγησιν
648 2699 869 2770 ἦνεγκε,
925 2699 1020 2752 καὶ
1077 2699 1191 2762 τοῖς
1235 2699 1520 2770 τρυφῶσιν
1574 2701 1632 2753 ἐν
1673 2701 1786 2762 τοῖς
1813 2697 1923 2751 τῶν

347 2790 522 2859 ἁγίων
545 2787 726 2858 ἔργοις
773 2789 868 2843 καὶ
921 2787 1186 2860 πράξεσιν
1241 2791 1322 2852 είς
1363 2790 1547 2844 ἑστίαν
1596 2790 1922 2858 ἀξιάγαστον

349 2878 650 2950 προῦθηκε,
677 2879 739 2932 ού
780 2878 939 2950 μόνον
994 2880 1076 2934 ὅτι
1131 2879 1312 2933 κοινὸν
1349 2880 1487 2952 πρὸς
1532 2880 1702 2951 αὐτὴν
1731 2879 1923 2935 ἐλαϐεν

346 2973 538 3043 ὄνομα,
567 2971 683 3024 ἀλλ’
710 2973 791 3025 ὅτι
839 2973 934 3026 καὶ
975 2973 1035 3025 τὸ
1073 2973 1196 3026 κατ’
1228 2971 1391 3026 αὐτὸν
1413 2975 1476 3026 ἐκ
1504 2973 1706 3043 μέρους
1739 2972 1922 3044 ἀρρώ-

349 3081 553 3134 στημα,
588 3063 682 3118 καὶ
718 3063 810 3118 τοῦ
849 3063 1053 3128 πάθους
1083 3066 1117 3136 ἡ
1141 3063 1416 3135 ἄφραστος
1435 3065 1576 3126 ίασες
1599 3063 1779 3134 ἔχουσί
1799 3081 1919 3118 τινα
1947 3087 1994 3149 C

345 3149 459 3208 τῶν
483 3156 569 3207 ἐπ’
609 3154 826 3222 ἐκείνης
875 3155 1174 3224 ἐμφέρειαν
1194 3169 1208 3184 ·
1244 3155 1292 3215 εἰ
1343 3155 1439 3207 καὶ
1470 3153 1640 3224 πολλή
1669 3171 1752 3216 τις
1782 3153 1920 3222 ἀγαν

347 3249 672 3318 ἀμφοτέρων
715 3248 861 3301 ἐστὶν
909 3250 941 3320 η
985 3247 1277 3318 διάκρισις,
1324 3248 1398 3310 ὼς
1439 3247 1602 3310 δείξει
1651 3247 1838 3317 προϊὸν
1864 3248 1924 3300 τὸ

347 3342 610 3412 διήγημα·

417 3523 495 3576 Τά
523 3521 806 3592 σπλάγχνα
848 3524 946 3592 μὲν
1014 3523 1122 3592 γὰρ
1184 3522 1423 3592 ἔπασχεν
1464 3524 1492 3575 ὁ
1531 3521 1828 3592 Θεόδωρος,
1859 3522 1920 3574 οῦ

353 3614 620 3685 βατράχου
650 3615 795 3676 τινὸς
829 3617 909 3677 εἰς
965 3615 1127 3667 αὐτὸν
1163 3613 1564 3685 δλισθήσαντος,
1598 3612 1692 3666 καὶ
1731 3612 1920 3670 τούτου

352 3705 532 3776 νήξεσι
577 3705 851 3768 κυκῶντός
910 3722 970 3758 τε
1032 3705 1126 3758 καὶ
1172 3704 1552 3776 ταράττοντος,
1599 3703 1694 3756 καὶ
1741 3702 1920 3766 δεινάς

348 3795 641 3863 eameam
657 3795 1163 3862 ἐντίκτοντος,ἀλλά
1189 3796 1509 3870 περιεργίας
1526 3797 1587 3848 ἐκ
1613 3793 1919 3865 βρώματος,

343 3888 554 3958 ἀνδρῶν
584 3888 644 3940 οὐ
674 3887 855 3941 καλῶν
894 3887 1294 3957 ἐγχειρήσεων,
1326 3885 1517 3957 ὀδύνην
1551 3885 1698 3956 αὐτῷ
1722 3885 1912 3952 γεννώ-

343 3995 442 4048 σης
471 3977 771 4047 ἀφόρητον.
799 3976 1067 4046 Φιλοῦμεν
1092 3977 1202 4046 γὰρ
1229 3978 1279 4034 οἱ
1305 3977 1610 4048 τρισάθλιοι
1644 3978 1718 4048 μὴ
1751 3975 1912 4047 μόνον

339 4071 618 4138 αἰκισμοῖς
646 4070 738 4122 καὶ
772 4070 1013 4136 φονικοῖς
1055 4068 1308 4138 ὀργάνοις
1350 4071 1444 4128 καὶ
1477 4068 1688 4139 ξίφεσιν
1719 4068 1920 4138 ἀμύνει

341 4162 466 4222 σθαι
519 4159 580 4214 τὸ
619 4159 908 4229 ὁμόφυλον,
935 4158 988 4212 εί
1017 4176 1068 4212 τι
1091 4159 1200 4214 τῶν
1243 4159 1556 4212 λυπούντων
1601 4159 1917 4229 εἰργάσατο,

337 4255 370 4324 ἢ
407 4254 502 4314 καὶ
532 4251 714 4322 φθόνῳ
764 4249 1077 4323 μισαδέλφῳ
1123 4249 1512 4321 κρατούμενοι,
1546 4251 1642 4304 καὶ
1671 4251 1720 4304 εί
1749 4252 1918 4323 μηδέν

337 4347 417 4406 εἰς
451 4344 601 4412 ἡμᾶς
621 4340 1066 4412 ἐπλημμέλησεν,
1110 4339 1247 4398 άλλά
1277 4342 1370 4393 καὶ
1415 4340 1790 4411 φαρμακείαις
1818 4343 1916 4395 αὐ-

2038 506 2190 562 tiuus
2225 505 2501 560 iudicatus
2547 515 2650 566 est,
2689 512 2742 559 et
2784 504 3075 559 manifesta
3111 507 3332 562 cunctis
3365 509 3610 561 medico-

2033 613 2156 651 rum
2198 597 2486 653 inscientia
2523 596 2663 652 facta
2688 606 2808 661 est;
2839 597 2895 651 in
2924 597 3136 652 somnis
3164 599 3310 652 enim
3341 599 3389 654 ei
3419 607 3614 655 astan-

2033 698 2114 744 tes
2145 689 2319 744 sancti
2347 703 2545 758 aquam
2583 689 2770 744 bibere
2807 699 3100 759 antequam
3143 704 3329 744 escam
3361 701 3609 748 sumeret

2031 787 2431 851 praeceperunt,
2494 796 2590 849 per
2664 781 2924 836 haustum
2996 782 3277 852 poculum,
3331 785 3612 854 passionis

2031 872 2212 944 fugam
2269 873 2693 935 denuntiantes:
2740 889 2860 944 quas
2909 885 3033 945 post
3072 875 3208 930 illud
3257 877 3609 934 salutiferuni

2031 962 2336 1024 somnium,
2375 961 2444 1017 de
2468 977 2610 1032 aqua
2645 961 2772 1017 fecit
2794 963 2944 1033 quod
2973 963 3127 1034 jussa
3157 972 3242 1020 est
3283 974 3414 1022 ante
3446 982 3611 1023 omne

2029 1051 2352 1106 alimentum
2393 1053 2477 1107 vel
2526 1068 2735 1108 escam.
2790 1053 2856 1108 Et
2895 1054 2998 1109 hoc
3046 1054 3214 1121 facto,
3256 1067 3509 1112 movetur
3538 1060 3607 1113 ad

2027 1143 2315 1208 vomitum,
2338 1153 2393 1199 et
2416 1159 2657 1200 amaram
2693 1146 2842 1200 illam
2880 1162 3070 1202 ranam
3099 1148 3270 1218 ejicit,
3312 1166 3474 1220 quam
3509 1168 3608 1207 ne-
3665 1219 3667 1222 γ

2029 1235 2214 1292 sciens
2271 1238 2679 1305 absorbuerat;
2733 1238 3050 1311 factumque
3094 1248 3201 1307 est,
3245 1252 3306 1296 ut
3347 1258 3469 1312 quae
3511 1260 3609 1314 per
3661 1231 3672 1324 ἐς

2033 1342 2232 1398 aquam
2293 1330 2593 1398 perniciem
2631 1332 2853 1402 reperit,
2895 1347 2991 1400 per
3037 1348 3234 1402 aquam
3270 1335 3435 1388 etiam
3464 1352 3609 1389 mor-

2031 1425 2138 1472 tem
2169 1419 2468 1490 eil'ugeret:
2501 1423 2605 1475 hoc
2637 1423 2783 1476 enim
2819 1422 2887 1476 ad
2921 1423 3156 1478 invicem
3197 1425 3272 1478 illi
3319 1425 3604 1480 hominum

2027 1518 2302 1566 amatores
2333 1513 2398 1564 ad
2431 1513 2728 1568 mortifera:
2770 1515 2918 1568 illius
2965 1529 3111 1570 rana:
3153 1517 3489 1585 captionem,
3537 1517 3606 1570 all

2028 1599 2388 1670 mulierisque
2443 1604 2678 1658 salutem
2725 1603 3059 1672 couflarunt,
3119 1624 3231 1676 quo
3260 1609 3428 1664 etiam
3475 1625 3604 1664 osor

2028 1689 2311 1745 hominum
2343 1691 2620 1753 diabolus.
2654 1694 2720 1750 ad
2753 1696 3118 1764 perditionem
3148 1715 3283 1754 usus
3311 1711 3394 1754 est
3425 1699 3608 1756 Theo-

2025 1777 2194 1834 dorte.
2239 1781 2371 1846 Qua:
2414 1797 2539 1836 eum
2592 1791 2792 1854 przcter
2835 1801 2988 1856 spem
3042 1786 3272 1842 exitium
3314 1791 3606 1853 evasisset,

2027 1884 2128 1939 pro
2178 1871 2298 1926 data
2353 1874 2530 1929 salute
2585 1877 2854 1944 prrceouia
2905 1877 3211 1935 victoribus
3269 1883 3607 1954 martyribus

2027 1959 2339 2028 obtulisset,
2394 1977 2425 2016 a
2459 1965 2664 2035 templo
2716 1981 2908 2020 eorum
2959 1968 3218 2023 recessit.
3277 1968 3452 2024 l'orro
3502 1988 3605 2026 nos

2026 2051 2192 2105 etiam
2229 2050 2358 2107 hinc
2393 2052 2476 2107 eis
2523 2053 2694 2111 bonas
2730 2055 3182 2117 laudes_vocibus
3229 2060 3602 2125 modulantes,

2027 2137 2257 2192 alterius
2309 2137 2702 2195 modulaminis
2762 2143 3046 2197 materiam
3104 2143 3397 2212 faciamus,
3453 2151 3603 2203 aliud

2027 2229 2285 2298 praesenti
2318 2228 2627 2299 prodigium
2657 2241 3035 2289 annectentes.

2025 2339 2242 2396 XXVII.
2282 2338 2357 2395 De
2387 2341 2656 2419 Theodore
2679 2347 2771 2413 qui
2797 2363 2829 2398 a
2877 2348 3082 2419 sanctis
3099 2348 3287 2419 jussus
3318 2360 3398 2405 est
3429 2369 3604 2409 come-

2607 2415 2730 2468 dere
2765 2416 3020 2484 aspidem.

2092 2502 2438 2560 Theodorum
2520 2506 2878 2574 praecellentis
2942 2511 3283 2581 mquirocum
3361 2515 3602 2579 femime,

2023 2596 2163 2652 bene
2205 2596 2601 2652 miraculorum
2653 2598 2816 2663 ordo,
2867 2613 2991 2670 post
3045 2603 3180 2658 illud
3227 2606 3295 2660 ad
3328 2607 3605 2667 narratio-

2025 2703 2150 2744 nem
2184 2687 2433 2752 deduxit,
2477 2695 2532 2743 et
2563 2697 2690 2744 ante
2735 2689 2836 2746 hos
2880 2693 2973 2761 qui
3015 2693 3068 2753 in
3118 2708 3437 2752 sanctorum
3471 2714 3606 2768 epu-

2025 2779 2125 2838 lari
2180 2781 2442 2850 operibus
2489 2791 2542 2836 et
2595 2782 2814 2838 artibus
2855 2783 3222 2853 delectantur,
3277 2789 3331 2844 iu
3377 2790 3605 2846 delicias

2025 2869 2393 2927 admiratione
2453 2873 2649 2942 dignas
2715 2875 3029 2945 proposuit,
3089 2893 3199 2933 non
3245 2881 3426 2936 solum
3474 2882 3604 2949 quia

2025 2977 2319 3018 Commune
2349 2978 2472 3018 cum
2513 2980 2577 3020 ea
2626 2966 2863 3022 sortitus
2891 2977 2978 3024 est
3018 2984 3240 3035 nomen,
3269 2971 3362 3026 sed
3395 2981 3449 3027 et
3475 2973 3604 3043 quia

2025 3062 2138 3112 tam
2188 3056 2386 3114 similis
2440 3057 2736 3116 infirmitas
2777 3074 2943 3130 quam
2987 3061 3267 3131 passionis
3309 3063 3604 3120 incl'fabilis

2027 3149 2260 3214 sanitas,
2295 3150 2497 3208 habent
2535 3152 2834 3223 quamdam
2892 3168 3083 3210 eorum
3121 3170 3243 3226 qua:
3291 3171 3459 3227 super
3513 3157 3605 3212 illa

2027 3240 2170 3295 facta
2211 3251 2340 3296 sunt
2369 3259 2434 3298 ex
2469 3254 2624 3314 parte
2653 3244 3092 3311 similitudinem,
3129 3246 3259 3302 licet
3287 3249 3456 3326 multa
3493 3249 3607 3303 val-

2026 3332 2096 3388 de
2123 3333 2196 3390 sit
2225 3342 2585 3406 utrorumque
2628 3336 2915 3403 discretio,
2958 3346 3014 3392 ut
3047 3338 3451 3398 demonstrabit
3473 3342 3606 3398 sub-

2026 3439 2264 3492 sequens
2303 3427 2608 3482 enarratio.

2098 3511 2320 3569 Viscera
2347 3516 2550 3586 quippe
2575 3519 2888 3587 patiebatur
2919 3520 3266 3588 Theodorus,
3311 3539 3420 3579 non
3469 3540 3602 3580 rana

2027 3605 2080 3660 in
2136 3621 2260 3660 eum
2301 3608 2498 3675 quavis
2527 3609 2742 3681 illapsa,
2777 3618 2831 3666 et
2877 3612 2992 3667 haec
3033 3615 3432 3671 mutationibus
3463 3632 3604 3685 qua-

2027 3697 2196 3751 tiente
2246 3705 2408 3766 atque
2468 3699 2746 3763 turbante,
2806 3702 3068 3772 dirosque
3125 3703 3347 3761 dolores
3413 3714 3604 3778 partu-

2025 3788 2223 3855 riente,
2251 3790 2346 3846 sed
2375 3791 2644 3846 maleficio
2674 3808 2784 3848 non
2809 3794 3078 3850 honorum
3115 3796 3360 3852 virorum
3386 3800 3603 3854 conati—

2024 3878 2129 3933 bus
2158 3894 2224 3935 ex
2253 3880 2376 3936 cibo
2403 3879 2680 3946 confecto,
2727 3883 2972 3939 dolorem
3005 3885 3404 3956 importahilem
3436 3905 3605 3960 gene-

2023 3979 2215 4034 rante;
2247 3984 2498 4025 amamus
2525 3971 2670 4028 enim
2714 3973 3010 4030 miserrimi
3055 3991 3164 4031 non
3195 3977 3374 4032 solum
3407 3980 3600 4036 verbeo

2023 4060 2179 4117 ribus
2208 4070 2259 4117 et
2291 4062 2735 4122 homicidialihus
2763 4065 2988 4138 organis
3011 4082 3106 4123 seu
3136 4067 3358 4139 gladiis,
3387 4074 3601 4128 contri-

2022 4154 2248 4210 bulibus
2275 4155 2536 4210 ultionem
2577 4155 2806 4223 inferre,
2847 4158 2892 4211 si
2931 4159 3087 4215 triste
3113 4159 3245 4230 quid
3273 4172 3597 4231 operentur.

2021 4245 2105 4299 vel
2145 4246 2308 4301 etiam
2341 4245 2384 4301 si
2417 4246 2552 4302 nihil
2599 4247 2652 4302 in
2691 4263 2792 4304 nos
2837 4248 3182 4322 delinquant,
3234 4252 3437 4312 invidia
3487 4253 3598 4311 odii

2024 4333 2250 4392 fraterni
2281 4336 2522 4405 detenti;
2555 4354 2745 4395 verum
2779 4339 2946 4395 etiam
2988 4343 3462 4404 incantationibus
3501 4361 3599 4403 eos

333 4435 428 4487 τὸν
459 4431 916 4506 κατεργάζεσθαι,
941 4431 1038 4506 τὴν
1069 4432 1202 4502 πρὸς
1224 4431 1313 4484 τὸν
1327 4430 1496 4494 πέλας
1515 4431 1747 4504 φυσικὴν
1761 4449 1917 4502 στορ-

2029 4427 2266 4491 inficere.
2309 4438 2364 4485 et
2411 4431 2694 4488 maleficiis
2736 4432 3025 4504 aliquoties
3084 4435 3370 4504 insectari,
3437 4446 3600 4493 natu-

333 4527 438 4598 γὴν
481 4525 884 4590 ἀπολέσαντες·
923 4526 1081 4593 εἰπερ
1114 4522 1256 4578 κατὰ
1294 4522 1498 4577 Μωσέα
1531 4523 1622 4576 τὸν
1645 4525 1916 4594 νομογρά-

335 4635 453 4686 φον,
485 4618 576 4669 τὸν
611 4615 710 4685 τῆς
742 4615 1095 4686 φιλσλληλίας
1121 4613 1420 4686 είσηγητὴν
1453 4613 1546 4666 καὶ
1572 4614 1914 4679 διδάσκαλον,

336 4711 445 4762 πᾶν
472 4708 613 4772 ζῶον
672 4708 866 4777 ἀγαπᾷ
908 4707 969 4759 τὸ
1021 4707 1228 4775 ὅμοιον,
1269 4706 1364 4758 καὶ
1398 4705 1505 4768 πᾶς
1535 4703 1822 4774 ἄνθρωπος
1855 4705 1917 4757 τὸ

333 4799 565 4869 πλησίον
598 4798 766 4851 αὐτοῦ
792 4815 805 4829 ·
840 4799 934 4853 καὶ
963 4798 1063 4868 τῆς
1087 4797 1227 4866 ὑπὲρ
1253 4797 1468 4850 πάντων
1487 4795 1594 4849 τῶν
1623 4797 1917 4866 δρωμένων

334 4894 466 4963 ἡμῖν
503 4889 800 4955 ἀπολογίας
831 4887 1110 4945 παντελῶς
1134 4885 1488 4956 ἐκλαθόμενοι
1513 4901 1526 4914 ·
1584 4887 1743 4958 εἴπερ
1774 4885 1917 4942 κατά

337 4981 548 5035 Παῦλον
575 4979 665 5032 τὸν
693 4977 1001 5048 νομομαθῆ,
1052 4978 1143 5030 τίον
1199 4977 1378 5046 πάσης
1426 4977 1628 5048 ἀρετῆς
1678 4977 1915 5047 ἐργάτην

336 5075 427 5127 καὶ
458 5074 698 5142 κήρυκα,
729 5071 927 5132 πάντες
953 5068 1031 5139 τῷ
1055 5069 1148 5127 τοῦ
1183 5067 1420 5138 Χριστοῦ
1451 5067 1916 5138 παραστησόμεθα

336 5166 564 5237 βήματι,
627 5164 782 5225 δίκας
836 5161 1051 5223 δικαίας
1103 5160 1431 5225 τιννύοντες,
1483 5160 1579 5213 καὶ
1608 5161 1730 5214 κατ’
1757 5157 1915 5224 ἀξίαν

263 5251 266 5254 ’
333 5259 441 5310 τῶν
473 5255 728 5325 πράξεων
758 5251 980 5338 ἀγαθῶν
1012 5267 1068 5304 τε
1115 5250 1211 5304 καὶ
1255 5249 1476 5320 φαύλων
1524 5249 1913 5319 λαμϐάνοντες.
1948 5317 1952 5320 _

332 5352 442 5405 Καὶ
469 5347 642 5406 ταῦτα
676 5342 772 5407 μὲν
796 5346 869 5409 ὡς
899 5345 1148 5397 λέλεκται
1171 5345 1263 5395 καὶ
1293 5343 1678 5405 πεπίστευται,
1697 5342 1916 5405 πάντως

328 5442 410 5494 ὅτι
429 5441 524 5496 καὶ
545 5433 856 5508 γενήσεται,
877 5436 981 5499 κᾶν
1005 5438 1167 5507 ἡμεῖς
1183 5435 1242 5498 οὐ
1272 5433 1590 5505 βουλώμεθα
1617 5431 1772 5504 κακῷ
1792 5451 1916 5514 συντ

330 5527 494 5580 ειδότι
527 5525 730 5596 πληττό
737 5541 908 5595 μενοι.

402 5617 675 5688 Θεόδωρος
700 5616 755 5670 δὲ
784 5614 972 5678 δεινῆς
1013 5614 1448 5687 τιμωρούμενος,
1484 5617 1579 5669 καὶ
1612 5618 1678 5686 τῇ
1712 5615 1911 5688 βρώσει

332 5707 424 5764 τοῦ
450 5707 745 5764 καυστικοῦ
772 5707 1065 5778 φαρμάκου
1111 5708 1178 5759 τὰ
1224 5707 1505 5776 σπλάγχνα
1553 5706 1910 5778 φλεγόμενος,

660 5801 930 5869 Parnm"
977 5799 1091 5858 Gn.
1144 5799 1242 5856 LX
1260 5799 1307 5856 Χ
1322 5797 1501 5867 \l'll.

2023 4519 2123 4575 rali
2161 4522 2308 4576 circa
2355 4523 2664 4592 proximum
2717 4525 2922 4582 amissa
2968 4526 3282 4583 dilectione.
3320 4529 3458 4588 Cum
3511 4545 3603 4586 se-

2021 4611 2264 4666 cundum
2315 4612 2538 4686 Moysen
2574 4615 2710 4686 legis
2745 4616 3096 4686 scriptorem,
3131 4620 3418 4692 mutuique
3448 4635 3603 4674 amo-

2020 4703 2100 4759 ris
2140 4703 2511 4762 institutorem
2542 4715 2595 4762 et
2624 4718 3044 4779 prmeeptorem,
3077 4725 3240 4767 omne
3276 4711 3478 4766 animal
3513 4713 3601 4766 di-

2021 4795 2153 4864 ligat
2187 4795 2388 4861 simile,
2431 4807 2485 4853 et
2522 4800 2704 4854 omnis
2741 4798 2906 4853 homo
2951 4800 3260 4870 proximum
3297 4818 3455 4859 suum
3487 4817 3500 4855 :
3545 4814 3600 4864 ct

2017 4887 2312 4944 reddenda:
2360 4890 2594 4946 rationis
2643 4905 2742 4960 pro
2792 4891 3052 4945 omnibus
3098 4907 3221 4961 quae
3268 4902 3537 4964 geruntur
3566 4907 3595 4945 a

2020 4977 2182 5032 nobis
2228 4979 2408 5042 obliti.
2459 4993 2586 5033 cum
2629 4979 2786 5048 juxta
2829 4978 3058 5035 Paulum
3110 4981 3243 5052 legis
3292 4983 3594 5045 doctorem,

2021 5069 2314 5140 omnisque
2361 5070 2584 5126 virtutis
2661 5080 3010 5142 uperatorem
3058 5081 3113 5126 et
3159 5073 3594 5142 praedicatorem;
3693 5070 3696 5074 ’

2021 5174 2214 5216 omnes
2245 5159 2450 5218 Christi
2481 5163 2778 5218 exhibendi
2812 5165 2988 5220 simus
3034 5173 3166 5222 ante
3188 5167 3451 5229 tribunal,
3482 5182 3599 5238 par.

2022 5266 2124 5308 nas
2157 5253 2526 5318 exsolveutes.
2552 5266 2606 5310 et
2631 5253 2944 5315 secundum
2976 5265 3199 5312 actuum
3229 5259 3442 5315 merita.
3482 5261 3600 5314 sive

2020 5342 2162 5398 bona
2204 5342 2320 5400 sive
2355 5345 2492 5397 mala
2535 5344 2894 5416 recipientcs.
2921 5343 2982 5401 Et
3017 5347 3241 5416 quidem
3271 5347 3390 5405 hate
3418 5358 3478 5403 ut
3512 5348 3598 5405 di-

2018 5445 2105 5490 cta
2141 5443 2196 5493 et
2241 5435 2446 5494 credita
2495 5445 2642 5503 sunt,
2702 5437 2891 5509 procul
2939 5437 3106 5492 dubio
3133 5437 3294 5504 flent;
3340 5442 3464 5496 licet
3495 5455 3598 5503 nos

2019 5525 2160 5581 forte
2191 5525 2452 5591 nolimus,
2487 5528 2828 5586 conscientia
2861 5541 2973 5582 non
3002 5526 3143 5583 bona
3168 5531 3428 5599 perculsi.

2090 5615 2413 5678 Theodorus
2443 5631 2623 5678 autem
2653 5635 2781 5678 cum
2817 5621 3126 5693 puniretur,
3159 5631 3213 5678 et
3241 5623 3360 5692 eius
3386 5626 3594 5684 viscera

2019 5709 2316 5769 incensorii
2355 5713 2606 5769 maleficii
2632 5716 2980 5776 comestiouc
3005 5712 3494 5783 inﬂammarentur,
3527 5719 3596 5788 ad

3173 5805 3285 5874 1.10.
