4020 6204
455 295 598 364 3503

1283 300 1341 359 S.
1394 294 1810 358 SOPHRONII
1849 284 2352 355 PATRIARCII/E
2400 296 2803 362 HIEROSOL.

3590 296 3731 360 3504

456 417 718 472 ditionem
753 414 1091 487 sequacium.
1138 412 1258 468 l\on
1290 413 1435 469 enim
1473 420 1685 468 tantum
1731 413 2030 485 impietatis

2135 412 2418 482 ἑπομένων
2441 414 2742 470 ἀπώλειαν.
2776 416 2855 468 Oi»
2884 414 3045 486 μόνον
3075 415 3182 487 γάρ
3204 414 3391 479 ἀθεῖας
3418 411 3728 484 καθηγηταί

453 508 673 564 miseris
705 505 815 561 illis
836 503 1013 560 eﬂ'ecti
1045 510 1176 558 sunt
1210 513 1600 574 praeceptores,
1646 518 1836 559 verum
1864 504 2031 559 etiam

450 596 518 651 ad
552 596 827 651 inhianter
874 592 1305 661 delinquendum
1343 602 1475 649 sunt
1511 594 1803 650 monstrati
1846 594 2036 649 detto-

444 702 562 752 res,
596 701 771 754 neque
804 682 976 739 Deum
1011 681 1205 741 adesse
1244 685 1413 742 rebus
1438 684 1713 752 dicentes,
1744 700 1921 756 neque
1941 684 2034 754 ju-

450 778 656 832 dicium
676 776 792 833 fore
825 788 1054 833 actuum
1081 778 1479 845 concedentes,
1503 779 1598 835 sed
1626 794 1804 850 neque
1835 788 2033 849 sponte

447 878 642 925 nostra
680 868 796 925 lieri
830 886 954 940 quae
987 885 1083 941 per
1120 870 1461 927 voluntatem
1506 880 1755 927 nostram
1788 870 2033 926 emi-iun-

448 977 558 1030 tnr,
590 963 683 1020 sed
715 978 812 1034 per
856 965 1137 1021 stellarem
1178 964 1518 1020 voluntatem
1551 974 1606 1020 et
1635 974 1842 1018 motum
1879 977 2033 1019 asse-

444 1066 726 1122 verantes,
777 1068 832 1113 et
885 1059 1033 1115 sicut
1091 1057 1259 1128 hujus
1307 1057 1717 1115 insubstantiva
1774 1062 2031 1126 coegerat

445 1149 732 1204 habitudo.
757 1150 862 1216 Qui
901 1150 1233 1221 quandoque
1277 1152 1400 1221 igne
1436 1151 1530 1219 qui
1577 1166 1684 1203 non
1723 1148 2031 1217 exstingui-

444 1254 556 1306 lttt‘,
590 1249 644 1295 et
674 1243 768 1311 qui
812 1258 922 1296 non
969 1241 1205 1296 moritur
1258 1241 1483 1309 penitus
1524 1253 1728 1302 verme,
1766 1238 2028 1296 factorem

444 1351 607 1390 suum
650 1343 702 1389 et
755 1334 921 1403 hujus
974 1332 1355 1388 universitatis
1383 1345 1649 1401 geneseos
1681 1338 2026 1400 Operatorem

439 1428 728 1481 erudiettte
750 1433 1124 1494 cognoscent;
1157 1424 1417 1493 quoniam
1450 1423 1538 1477 hic
1568 1437 1692 1477 eum
1722 1436 1787 1475 ex
1818 1420 2030 1488 magni-

445 1517 636 1571 tudine
690 1531 756 1571 at:
820 1513 1234 1586 pulchritudine
1284 1522 1665 1569 creaturarum
1718 1509 2024 1566 secundum

440 1611 711 1664 rationem
758 1607 1084 1679 conspicere
1125 1608 1448 1670 noluerunt,
1500 1621 1679 1675 neque
1708 1603 1889 1658 oculis
1924 1602 2026 1656 ho-

441 1704 649 1757 minum
683 1700 1037 1765 invisibilem,
1072 1699 1167 1769 qui
1211 1713 1241 1752 a
1272 1697 1559 1753 creatione
1598 1695 1791 1750 mundi
1835 1710 1931 1765 per
1959 1707 2021 1747 ea

2141 507 2253 568 τοῖς
2304 504 2510 570 ἀθλίοις
2559 506 2887 575 γεγόνασιν,
2924 506 3061 562 ἀλλά
3106 508 3199 560 καὶ
3245 505 3341 560 τοῦ
3387 506 3732 578 πλημμελεῖν

2142 598 2497 670 καταθυμίως
2537 600 2850 654 διδάσκαλοι
2872 616 2886 631 ·
2943 601 3081 671 μήτε
3114 599 3249 653 Θεὸν
3282 597 3569 669 ἐφεστῶτα
3613 600 3736 661 τοῖς

2143 691 2466 761 πράγμασιν
2495 691 2781 763 λέγοντες,
2816 692 2953 764 μήτε
2979 692 3135 761 δίκην
3164 685 3307 745 εῖναι
3343 690 3456 743 τῶν
3492 705 3736 761 πραττος

2144 782 2323 852 μένων
2366 784 2717 857 παρέχοντες,
2749 786 2888 854 μήτε
2922 784 3030 856 μὴν
3069 784 3282 838 οἴκοθεν
3324 782 3459 854 δρᾷν
3486 782 3555 836 τά
3583 781 3732 836 κατά

2140 872 2369 946 γνώμην
2420 876 2696 947 ἡμετέραν
2743 875 3044 947 γιγνόμενα
3068 916 3085 941 ,
3131 874 3270 929 ἀλλὰ
3322 873 3447 927 κατ’
3474 873 3731 945 άστρῴαν

2130 964 2397 1038 βούλησίν
2423 985 2483 1022 τε
2517 969 2611 1024 καὶ
2637 969 2853 1040 κίνησιν
2883 968 3207 1041 φράζοντες,
3237 968 3331 1022 καὶ
3362 968 3438 1031 ὡς
3463 968 3493 1020 ό
3516 965 3728 1036 ταύτης

2141 1059 2521 1130 σχηματισμὸς
2543 1059 2924 1129 ἀναγκάσειεν.
2954 1059 3068 1113 Καὶ
3097 1058 3235 1127 πυρὶ
3254 1058 3331 1128 μὴ
3348 1055 3723 1126 σϐεννυμένῳο

2142 1148 2277 1221 μηδὲ
2324 1150 2647 1205 τελευτῶντι
2693 1149 2756 1204 τδ
2803 1149 3025 1204 σύνολον
3077 1149 3341 1220 σκώληκι,
3392 1147 3482 1201 τὸν
3525 1147 3727 1202 ἑαυτὸν

2139 1245 2371 1317 ποιητὴν
2408 1247 2503 1301 καὶ
2538 1246 2691 1300 τοῦδε
2718 1246 2813 1300 τοῦ
2846 1245 3051 1310 παντὸς
3085 1244 3466 1316 γενέσιουργδν
3494 1243 3724 1298 παιδευ-

2138 1335 2427 1406 θήσονται·
2462 1338 2650 1408 ἐπειδή
2684 1338 2875 1391 τοῦτον
2917 1335 3155 1390 ἐνταῦθα
3201 1339 3267 1390 ἐκ
3318 1334 3584 1406 μεγέθους
3626 1333 3727 1388 καὶ

2136 1426 2401 1498 καλλονῆς
2430 1430 2763 1499 κτισμάτων,
2793 1431 3069 1497 ἀναλόγως
3097 1429 3324 1499 θεωρεῖν
3370 1429 3472 1481 οὐκ
3513 1426 3722 1496 ἠθέλη-

2139 1532 2262 1568 σαν·
2282 1514 2407 1570 οὔτε
2439 1518 2533 1571 τὸν
2559 1517 2857 1589 ὀφθαλμοῖς
2886 1516 3190 1589 ἀνθρώπων
3211 1516 3463 1589 ἀόρατον,
3493 1515 3586 1569 τὸν
3606 1515 3722 1568 ἀπὸ

2136 1607 2364 1671 κτίσεως
2419 1607 2628 1680 κόσμου
2686 1611 2802 1673 τοῖς
2855 1610 3119 1680 οἰκήμασι
3180 1605 3563 1678 καθορώμενον
3620 1606 3721 1660 καὶ

2135 1696 2443 1767 νοούμενον,
2478 1699 2717 1771 καθορᾷν
2738 1699 2831 1753 καὶ
2852 1702 2993 1754 νοεῖν
3021 1698 3396 1769 ἐπεθύμησαν*
3416 1697 3533 1751 ἀλλ’
3556 1699 3717 1750 ἐσκο-

380 1854 385 1857 _
436 1812 562 1866 qua:
606 1795 749 1850 facta
781 1803 944 1860 sum,
989 1767 1211 1849 videtur
1256 1799 1312 1846 et
1355 1790 1700 1861 intelligitur,
1753 1788 1942 1843 videre
1972 1794 2026 1841 et

2130 1791 2287 1862 τίσθη
2319 1794 2352 1860 ἡ
2385 1767 2643 1858 ἀσύνετος
2664 1767 2848 1847 αὐτῶν
2875 1791 3095 1864 καρδία,
3125 1767 3222 1845 καί
3248 1767 3551 1861 (ράσκοντες
3576 1786 3716 1844 εἶναι

437 1891 744 1961 intelligere
795 1891 1148 1961 eupiveauut.
1185 1886 1291 1943 Sed
1334 1895 1389 1943 et
1438 1886 1795 1941 obscuratum
1820 1893 1907 1937 est
1940 1882 2027 1936 in-

436 1984 648 2053 sipiens
670 1998 775 2038 acor
823 1997 1048 2046 eorum;
1075 1981 1324 2036 dicentes
1367 1995 1429 2035 se
1458 1978 1604 2034 enim
1647 1992 1776 2032 esse
1802 1976 2027 2046 sapien-

438 2085 540 2139 les,
571 2076 725 2131 stulti
774 2073 901 2129 lacti
934 2081 1086 2141 sunt,
1124 2082 1178 2129 et
1208 2072 1519 2129 servierunt
1548 2077 1815 2127 creaturae
1843 2068 2027 2140 potius

437 2184 602 2240 quam
616 2168 899 2224 Creatori.

509 2259 764 2315 Nemcsio
790 2268 998 2323 autem,
1027 2259 1123 2331 qui
1168 2258 1346 2329 «hujus
1378 2257 1544 2313 nobis
1571 2253 1913 2312 narrationis
1942 2260 2028 2307 est

386 2405 393 2411 .
423 2360 649 2416 auctor,
680 2351 748 2406 ad
776 2352 954 2423 ipsum
978 2352 1125 2407 enim
1156 2358 1480 2408 convertam
1514 2351 1701 2406 denuo
1726 2352 2024 2413 calamum,

441 2448 582 2500 Inter
631 2444 986 2501 Christianos
1011 2446 1170 2516 quasi
1196 2451 1651 2507 connumeratus.
1678 2444 1773 2501 sed
1802 2444 1902 2500 hos
1930 2441 2023 2512 Qui

438 2538 610 2592 fatum
661 2536 1021 2593 introducunt
1059 2537 1181 2594 sine
1236 2539 1449 2591 ratione
1508 2544 1776 2598 sectatus.
1826 2535 2026 2590 abhinc

435 2626 710 2697 supplicio
785 2627 934 2697 quod
981 2626 1063 2682 eis
1140 2633 1511 2696 przeparatum
1561 2633 1647 2681 est
1709 2625 2026 2681 tentabatur

432 2720 836 2788 (atqueoculis
870 2714 1071 2772 merito
1105 2718 1351 2787 privatus
1400 2725 1507 2782 est,
1556 2716 1764 2786 quibus
1818 2717 2020 2772 cmlnm

432 2820 695 2875 perverse
719 2805 1070 2867 observabat,
1102 2805 1437 2873 curioseque
1462 2802 1665 2858 siderei
1699 2803 1856 2858 chori
1904 2817 2023 2857 mo.

430 2907 551 2950 tum
598 2897 925 2967 inspiciebat
950 2896 1004 2966 ;)
1040 2897 1093 2949 in
1140 2895 1471 2950 oblivionem
1508 2894 1838 2965 baptismate
1870 2910 2022 2951 sum-

434 2996 550 3055 pto.
587 2997 640 3040 et
665 2988 924 3043 omnibus
965 3003 1089 3057 quae
1130 2986 1335 3041 ibidem
1367 2984 1594 3042 Christo
1624 2985 2015 3055 spoponderat.

435 3077 738 3135 Oculorum
773 3087 957 3134 antem
993 3078 1346 3134 orbationem
1387 3091 1719 3148 perpessus,
1769 3080 2019 3132 testituo-
2044 3119 2089 3177 ο

432 3171 584 3225 nium
609 3170 860 3225 Veritatis
888 3185 1023 3224 mox
1048 3168 1355 3238 Scriptura:
1386 3168 1687 3238 perhibuit,
1732 3168 1865 3223 dum
1922 3185 2018 3239 per

426 3279 547 3326 eos,
571 3278 665 3334 per
686 3277 828 3331 quos
850 3268 1190 3333 peccaverat,
1212 3260 1520 3331 puniretur.
1547 3260 1812 3330 Ignorans
1834 3272 2015 3315 autem

429 3356 696 3411 excitatis
735 3371 988 3420 causam,
1024 3366 1078 3411 et
1104 3354 1248 3426 quod
1292 3354 1567 3424 ﬂagellum
1619 3362 1767 3409 esset
1828 3340 2016 3421 injuin

430 3446 606 3511 risus,
632 3452 685 3500 et
721 3444 1001 3498 vinculum
1032 3459 1092 3500 se
1120 3444 1359 3515 puniens
1393 3451 1448 3497 et
1488 3442 1820 3512 impediens,
1854 3443 2020 3498 medi-

430 3552 622 3590 corum
652 3534 1095 3605 elegantissimos
1128 3533 1443 3597 adhibebat,
1475 3542 1528 3587 et
1562 3532 1755 3587 horum
1781 3531 2018 3602 optimos

428 3628 758 3697 optimarum
795 3626 1232 3698 repromissione
1265 3624 1585 3682 mercedum
1624 3624 1887 3689 attrahit;
1917 3623 2014 3679 sed

394 3786 400 3793 .
427 3728 483 3771 et
512 3718 645 3775 nihil
677 3734 739 3772 ex
772 3719 958 3774 studio
990 3717 1139 3789 quod
1172 3717 1281 3773 sibi
1329 3717 1478 3772 circa
1509 3716 1613 3774 hos
1648 3715 1825 3772 inerat
1857 3730 2015 3786 pror-

428 3828 523 3869 sus
553 3811 827 3878 obtinuit;
855 3826 1041 3867 caecus
1063 3810 1217 3866 enim
1251 3810 1610 3865 nihilominus
1638 3809 2012 3878 permanebat,

427 3904 592 3957 itiain
638 3904 834 3958 horum
869 3903 1256 3973 frequentibus
1285 3901 1538 3957 sericbns
1568 3900 1852 3957 admissis.

498 3993 822 4063 Quanquam
855 3992 993 4048 nihil
1047 3992 1243 4047 horum
1306 3989 1490 4046 facere
1551 3996 1834 4059 oporteret
1887 4004 2011 4044 eum

426 4086 521 4156 qui
556 4085 725 4143 fatum
752 4084 874 4141 sine
900 4082 1109 4153 pudore
1140 4083 1464 4154 dogmatum
1499 4081 1934 4152 dogmatizabat,
1956 4092 2015 4137 et

426 4184 752 4233 cunctorum
793 4191 915 4248 quae
949 4176 1140 4231 tierent
1173 4174 1495 4231 eoactitium
1547 4172 1684 4230 illud
1728 4182 1783 4230 et
1810 4189 2014 4245 pransa—

427 4286 555 4339 gum
586 4269 936 4340 praedicabat.
973 4267 1223 4339 Denique
1266 4266 1312 4323 si
1351 4266 1663 4323 certissime
1716 4282 1815 4337 per
1869 4265 2013 4320 hanc

427 4363 778 4433 disciplinam
813 4376 937 4432 quae
962 4360 1110 4415 circa
1139 4359 1313 4414 fatum
1343 4367 1429 4416 est
1453 4358 1715 4416 credebat
1749 4376 1810 4416 se
1831 4360 2013 4416 omni-

2134 1885 2287 1952 σοφοὶ
2321 1885 2742 1956 ἐμωράνθησαν,
2776 1886 2867 1940 καὶ
2898 1885 3232 1957 ἐλάτρευσαν
3259 1885 3323 1954 τῇ
3359 1882 3533 1938 κτίσει
3564 1882 3716 1953 παρά

2130 1976 2222 2031 τὸν
2261 1976 2557 2032 Κτίσαντα.

2200 2246 2490 2316 Νεμεσίων
2520 2246 2566 2302 δ’
2598 2250 2627 2302 ὁ
2651 2247 2853 2319 ταύτης
2885 2248 3017 2318 ἡμῖν
3048 2246 3149 2318 τῆς
3178 2247 3488 2318 διηγήσεως
3538 2247 3717 2310 αἴτιος

2129 2336 2240 2407 (ἐπ’
2270 2338 2432 2393 αὑτὸν
2452 2339 2562 2412 γάρ
2593 2341 2755 2398 πάλιν
2798 2339 2981 2412 τρέψω
3023 2339 3115 2392 τὸν
3160 2338 3452 2409 κάλαμον),
3484 2340 3542 2392 ἐν
3573 2339 3717 2410 Χριά

2129 2436 2365 2498 στιανοῖς
2384 2475 2400 2499 ,
2430 2435 2622 2506 φησὶν,
2654 2433 3080 2506 ἀριθμούμενος,
3117 2434 3213 2488 καὶ
3239 2437 3351 2499 τοῖς
3383 2434 3481 2505 τήν
3510 2435 3716 2505 είμαρο

2129 2527 2301 2596 μένην
2333 2527 2649 2596 εἰσάγουσιν
2676 2528 2977 2596 ἀλογίστως
3009 2526 3300 2596 ἑπόμενος,
3334 2525 3581 2580 ἐντεῦθεν
3603 2525 3713 2594 τῆς

2126 2618 2310 2681 αὐτοῖς
2342 2619 2763 2690 ἐτοιμασθείσης
2806 2619 3069 2689 ἐπειρᾶτο
3108 2616 3410 2681 κολάσεωςο
3442 2618 3537 2671 καὶ
3583 2617 3714 2681 τοὺς

2123 2708 2438 2780 ὀφθαλμοὺς
2482 2709 2706 2774 εἰκότως
2737 2711 3056 2779 ἀφαιρεῖται
3089 2707 3185 2763 τοῦ
3236 2706 3510 2778 σώματος,
3539 2708 3607 2762 δι’
3632 2703 3713 2761 ὧν

2124 2801 2312 2865 κακῶς
2341 2803 2410 2856 τά
2439 2802 2560 2857 κατ’
2583 2801 2813 2873 οὐρανὸν
2842 2801 3251 2868 ἀπεσκόπευσε,
3284 2801 3376 2855 καὶ
3399 2801 3713 2872 περιέργως

2123 2895 2272 2969 ἑώρα
2301 2896 2397 2949 τοῦ
2426 2893 2591 2967 χοροῦ
2620 2894 2731 2949 τῶν
2761 2894 3011 2964 ἀστέρων
3039 2894 3139 2964 τὴν
3157 2892 3395 2964 κίνησιν,
3418 2892 3589 2964 λήθην
3619 2892 3717 2946 λα-

2122 2985 2234 3040 ϐὼν
2266 2987 2360 3040 τοῦ
2392 2987 2787 3058 βαπτίσματος,
2821 2986 2916 3039 καὶ
2951 2986 3169 3040 πάντων
3199 2978 3275 3039 ὧν
3319 2986 3438 3038 ἐκεῖ
3464 2983 3541 3054 τῷ
3571 2984 3715 3054 Χρι-

2124 3077 2236 3148 στῷ
2281 3076 2663 3134 συνετέτακτο.
2714 3074 2912 3131 ιιαθὼν
2951 3076 3006 3130 δὲ
3038 3076 3149 3129 τῶν
3176 3075 3443 3146 ὀμμάτων
3471 3076 3569 3146 τήν
3597 3076 3713 3145 πήο

2127 3184 2315 3236 ρωσιν,
2346 3165 2733 3238 ἐμαρτύρησεν
2764 3166 2928 3231 εὐθὺς
2950 3169 3029 3238 τῇ
3060 3167 3251 3237 Γραφῇ
3291 3165 3390 3236 τὴν
3430 3164 3715 3236 ἀλήθειαν,

2121 3258 2190 3311 δι’
2216 3258 2398 3312 αὐτῶν
2432 3251 2509 3312 ὧν
2556 3258 2841 3329 ἡμάρτανε
2890 3256 3284 3328 κολαζόμενος.
3314 3256 3618 3326 ’Δγνοήσας
3654 3256 3718 3309 δὲ

2121 3353 2220 3421 τῆς
2249 3350 2509 3418 emota;
2535 3352 2596 3407 τὸ
2620 3352 2817 3414 αἴτιον,
2841 3350 2938 3405 καὶ
2967 3351 3043 3415 ὡς
3072 3347 3271 3419 μάστιξ
3293 3344 3362 3420 ἦν
3385 3349 3485 3402 καὶ
3510 3348 3717 3419 δεσμὸς

2120 3443 2315 3497 ἀδίκου
2346 3442 2583 3513 θεωρίας
2631 3444 2795 3498 αὐτὸν
2844 3443 3239 3514 τιμωρουμένη
3287 3443 3381 3495 καὶ
3424 3440 3690 3511 εἴργουσα

2119 3536 2324 3607 ἰατρῶν
2357 3536 2617 3608 ἐπιλογὴν
2647 3536 3016 3601 ἐπεδείκνυτο,
3048 3537 3174 3600 τοὺς
3216 3535 3425 3589 τούτων
3470 3534 3720 3600 ἀγαθοδς

2119 3628 2426 3701 ἐπαγγελία
2463 3628 2670 3699 μισθῶν
2712 3626 2937 3696 ἀγαθῶν
2968 3627 3362 3697 ἁφελκόμενος.
3387 3625 3530 3680 Ἀλλ’
3557 3627 3717 3680 οὐδὲν

2119 3720 2184 3773 ἐκ
2210 3720 2310 3790 τῆς
2340 3722 2473 3795 περὶ
2497 3721 2726 3784 τούτους
2754 3718 2906 3790 αὐτῷ
2941 3718 3177 3789 σπουδῆς
3220 3719 3544 3789 περιγέγονε
3563 3735 3580 3750 °
3609 3735 3715 3772 τυ·-

2120 3813 2251 3882 φλὸς
2282 3813 2392 3885 γὰρ
2438 3814 2537 3884 οὐχ
2582 3807 2746 3883 ἦττον
2772 3811 3065 3882 διέμεινεν,
3116 3810 3212 3871 καὶ
3241 3809 3449 3871 τούτων
3479 3810 3716 3880 συχνοὺς

2117 3906 2243 3968 τοὺς
2282 3904 2559 3975 ὁρμαθοὺς
2597 3901 3059 3977 προσδεχόμενος.

2186 3996 2381 4050 Καίτοι
2414 3993 2618 4048 τούτων
2662 3994 2814 4051 οὐδὲν
2847 3992 2954 4046 ἔδει
3003 3994 3181 4047 ποιεῖν
3236 3995 3329 4051 τὸν
3362 3992 3714 4066 εἱμαρμένην

2117 4085 2351 4150 ἀναιδῶς
2378 4085 2796 4153 δογματίζοντα,
2826 4084 2920 4137 καὶ
2941 4084 3158 4139 πάντων
3181 4085 3352 4156 αὐτὴν
3376 4086 3714 4153 άναγκαστι-

2115 4180 2221 4251 κὴν
2273 4180 2369 4233 καὶ
2421 4177 2762 4249 προάγγελον
2803 4177 2914 4233 τῶν
2956 4178 3261 4248 γινομένων
3299 4176 3613 4242 δοξάζοντα.
3642 4179 3711 4231 Εἰ

2118 4273 2219 4344 μὲν
2266 4272 2378 4342 γάρ
2421 4271 2675 4343 ἀκριϐῶς
2728 4272 2795 4323 ἐκ
2843 4270 2945 4341 τῆς
2992 4270 3120 4339 περὶ
3161 4268 3367 4339 ταύτην
3394 4270 3710 4341 ἐπιστήμης

2115 4363 2385 4435 ἠπίστατο
2414 4362 2490 4425 ὼς
2522 4364 2743 4424 πάντως
2773 4361 3153 4431 ῥωσθήσεται,
3183 4363 3281 4414 καὶ
3307 4360 3514 4431 ταύτην
3543 4361 3709 4416 πάλιν

427 4471 499 4511 no
526 4455 858 4517 sanandum,
896 4453 1081 4509 ethoc
1136 4467 1332 4508 rursus
1365 4451 1640 4519 visurum,
1699 4454 2010 4509 stellarem-

2126 4455 2383 4516 Βεάσοιτο,
2410 4456 2506 4508 καὶ
2533 4454 2632 4524 τὴν
2663 4453 2917 4523 ἀστρῴαν
2942 4451 3099 4515 αὖθις
3123 4450 3310 4519 ὄψοιτο
3337 4450 3574 4523 κίνησιν,
3601 4453 3709 4508 οὐκ

426 4561 532 4611 nne
567 4546 766 4599 iterum
821 4549 1030 4598 motum
1072 4549 1523 4612 conspecturum,
1557 4559 1666 4598 non
1722 4542 2011 4613 oportebat

426 4636 676 4691 medicos
730 4635 1026 4690 admittere
1086 4634 1182 4705 qui
1230 4633 1340 4690 sibi
1389 4633 2007 4691 debereut'sanitatem

426 4726 753 4793 concedere,
801 4726 897 4783 sed
944 4724 1108 4795 hujus
1136 4732 1460 4795 exspectare
1518 4726 1796 4781 decretum
1845 4726 2009 4780 etiam

426 4818 658 4899 medicis
688 4818 935 4887 exceptis
988 4826 1302 4877 venturum.
1359 4815 1494 4872 Sine
1557 4816 2011 4887 praevaricatione

424 4911 629 4984 quippe
653 4911 724 4967 ab
747 4911 829 4967 eis
860 4910 1113 4970 intonant
1153 4909 1246 4964 fati
1299 4910 1683 4980 persuasibilia
1715 4908 1912 4977 verba,
1961 4909 2009 4966 si

426 5005 588 5061 nobis
618 5012 673 5058 et
704 5002 1016 5060 volentibus
1043 5012 1100 5067 et
1125 5000 1443 5057 nolentibus
1480 4999 1756 5060 accidant.
1783 5000 1852 5054 At
1879 5015 2010 5056 vero

425 5102 471 5155 si
500 5097 791 5156 sanitatem
821 5096 926 5150 sibi
957 5112 1069 5153 non
1099 5095 1359 5158 contulit,
1409 5093 1506 5149 sed
1538 5100 1588 5149 et
1640 5093 1859 5163 penitus
1910 5093 2010 5149 ab-

425 5190 603 5256 stulit,
641 5198 703 5245 ut
730 5187 862 5259 quid
893 5186 1252 5256 Asclepiadas
1278 5184 1648 5256 congregabat
1678 5184 1765 5255 (ac
1794 5200 1891 5255 per
1914 5201 2010 5240 eos

424 5280 669 5352 genesim
713 5277 1128 5348 oppugnabat)?
1164 5278 1348 5333 sciens
1379 5275 1526 5347 quod
1576 5274 1648 5332 ab
1676 5276 1795 5346 ipsa
1824 5275 2010 5334 vince-

422 5381 597 5436 retur,
625 5370 674 5425 si
706 5369 885 5439 ipsutu
914 5368 1079 5421 etiam
1128 5368 1440 5439 Asclepium
1472 5365 1785 5436 adjutoreru
1838 5367 2010 5423 ascis-

423 5475 596 5525 ρει-ιιι.
632 5462 834 5517 Verum
874 5462 1227 5531 perspicuum
1259 5470 1398 5525 erat,
1432 5458 1580 5530 quod
1605 5473 1757 5528 spem
1790 5460 2005 5518 sanita-

426 5563 502 5617 tis
526 5556 860 5614 asideribns
910 5541 1247 5625 sumpserit;
1281 5554 1409 5608 licet
1460 5553 1610 5606 circa
1660 5550 2005 5606 vocationem

428 5650 768 5708 medicorum
791 5648 1158 5717 deciperetur,
1192 5647 1361 5701 citius
1397 5642 1537 5698 forte
1567 5656 1734 5711 quam
1758 5640 2007 5713 praedes-

434 5750 637 5803 tinatus
667 5754 830 5805 esset,
860 5742 1034 5799 visum
1062 5739 1305 5810 recipere
1324 5736 1575 5807 cupiens.

2113 4547 2281 4617 ἐχρῆν
2306 4546 2525 4617 ἰατροὺς
2553 4545 3093 4616 προσλαμϐάνεσθαι,
3122 4553 3217 4604 καὶ
3238 4544 3338 4617 τὴν
3361 4544 3529 4614 ρῶσιν
3550 4545 3707 4615 αὐτῷ

2112 4638 2542 4709 δημιουργήσειν
2573 4637 2912 4707 ὀφείλοντας,
2946 4636 3064 4692 ἀλλ’
3084 4636 3381 4707 ἀναμένειν
3410 4636 3617 4708 ταύτης
3639 4639 3707 4691 τὸ

2113 4730 2393 4801 θέσπισμα
2429 4729 2525 4783 καὶ
2555 4730 2727 4801 χωρὶς
2763 4729 2963 4801 ἰατρῶν
2993 4728 3415 4799 ἀφικνούμενον,
3448 4729 3705 4798 ’Δπαρά-

2110 4820 2253 4874 σατα
2278 4819 2389 4891 γὰρ
2413 4819 2597 4883 αὐτοῖς
2628 4820 2697 4874 τά
2730 4823 2829 4890 τῆς
2856 4818 3200 4890 εἱμαρμένης
3231 4816 3431 4890 βροντᾷ
3459 4819 3527 4871 τά
3556 4835 3705 4886 κομι

2110 4912 2368 4984 ψεύματα
2387 4954 2403 4979 ,
2431 4913 2526 4966 καὶ
2556 4911 2897 4983 βουλομένων
2927 4912 3149 4974 πάντως
3175 4910 3516 4965 ἐκϐαίνοντα.
3548 4909 3611 4963 Εἰ
3638 4912 3703 4964 δὲ

2112 5007 2210 5078 τὴν
2244 5006 2412 5078 ῥῶσιν
2435 5004 2587 5075 αὐτῷ
2622 5004 2886 5077 μηδαμῶς
2916 5004 3365 5076 προσηγόρευσεν
3385 5043 3401 5067 ,
3430 5002 3569 5057 ἀλλά
3602 5006 3701 5058 καὶ

2112 5098 2391 5163 παντελῶς
2439 5098 2763 5169 ἀπεφήνατο
2788 5135 2805 5163 ,
2857 5095 2912 5150 τί
2955 5097 3083 5160 τοὺς
3129 5094 3535 5164 mmmam;
3571 5110 3701 5148 συν-

2111 5189 2357 5261 ήθροιζε,
2390 5191 2485 5244 καὶ
2522 5189 2592 5243 δι’
2618 5188 2801 5244 αὐτῶν
2834 5186 3092 5257 ἐπολέμει
3135 5184 3234 5256 τὴν
3261 5186 3509 5253 γένεσιν;
3540 5184 3701 5245 εἰδὼς

2110 5281 2186 5345 ώς
2215 5280 2352 5351 πρὸς
2383 5280 2557 5350 αὐτῆς
2588 5278 2964 5350 νικηθήσεται,
2992 5277 3093 5331 κᾶν
3120 5277 3211 5330 τὸν
3248 5275 3576 5345 Ἀσκληπιὸν
3600 5277 3703 5328 αὐ-

2110 5372 2203 5428 τὸν
2237 5374 2553 5441 ἐπιφέροιτο
2583 5370 2889 5441 σύμμαχον.
2929 5369 3091 5437 Ἀλλά
3120 5367 3382 5439 πρόδηλος
3404 5362 3473 5437 ἦν
3505 5366 3700 5419 ἐλπίδα.

2113 5461 2333 5531 ῥώσεως
2368 5462 2434 5513 ἐκ
2458 5460 2565 5513 τῶν
2596 5461 2793 5529 ἰατρῶν
2820 5461 3166 5533 [Anastasius
3187 5458 3202 5511 ι
3224 5456 3395 5527 ’δοῦσι
3421 5456 3698 5528 άστέρωνὶ

2112 5553 2512 5622 εἰσδεξάμενος,
2546 5554 2595 5605 εἰ
2642 5554 2736 5605 καὶ
2790 5553 2919 5620 περὶ
2961 5549 3060 5621 τὴν
3106 5550 3297 5621 κλῆσιν
3342 5548 3453 5606 τῶν
3493 5548 3699 5619 ἰατρῶν

2112 5645 2511 5714 άπεσφάλλετο,
2545 5644 2841 5714 ταχύτερον
2874 5644 3012 5713 τάχα
3044 5641 3072 5713 ἡ
3106 5642 3564 5715 προετεθέσπιστο
3594 5643 3697 5706 τᾲς

2112 5737 2263 5808 (στένεις
2304 5721 2593 5798 ἀναλαϐεῖν
2634 5735 2979 5807 ἐρξγόμενος.
