4010 6208
317 276 460 356 3501

1304 285 1387 347 SS
1449 288 1625 348 CYRI
1667 291 1760 350 ET
1813 291 2135 353 JOANNIS
2171 293 2592 356 MIR.-lCUL.-\.'

3443 291 3582 360 3321.)

317 395 450 464 μηδὲ
491 393 582 449 διὰ.
610 395 848 467 Χριστὸν
877 395 1174 467 ἠθληκέναι
1213 397 1244 466 ἢ
1279 397 1473 451 παθεῖν
1503 399 1842 469 ἀπεφήνατο,
1869 399 1896 453 δ

2025 398 2066 454 le
2102 400 2224 454 illos
2251 401 2504 455 crebrius
2556 399 2862 461 deridebat,
2908 407 2959 453 et
2997 393 3104 452 non
3142 412 3265 452 esse
3317 405 3588 466 martyres

312 489 413 558 τῆς
439 488 677 560 ἐσχάτης
699 490 850 544 ἐστὶν
876 489 1213 559 ἀθλιότητοςς

391 749 511 802 Εἴτε
539 748 594 802 δὲ
621 724 795 820 πλάνῃ
817 729 926 801 τινὶ
957 747 1306 820 κρατουμένη
1333 748 1429 802 καὶ
1457 749 1738 818 φάσμασιν
1781 748 1900 802 Ἐλ-

316 840 556 910 ληνικοῖς
601 840 990 904 ὑποκλίνουσα,
1041 840 1186 896 οὕτω
1216 843 1343 904 τοὺς
1382 843 1572 908 ἁγίους
1629 843 1900 913 διέσυρεν,

318 935 428 986 εἴτε
455 933 510 986 δὲ
541 931 734 1003 φρενὸς
759 935 855 987 καὶ
877 934 1108 1004 καρδίας
1131 932 1414 1004 ἁπλότητι.
1441 933 1530 986 διὰ
1549 934 1610 986 τὸ
1637 934 1712 1004 μὴ
1745 935 1906 1004 φέρε·

318 1025 444 1079 σθαι
471 1024 687 1096 γραφὴν
717 1025 816 1094 τὴν
845 1022 987 1096 ὑπὲρ
1017 1024 1257 1096 Χριστοῦ
1307 1026 1402 1080 καὶ
1444 1025 1543 1096 τὴν
1597 1027 1908 1097 μαρτυρίαν

317 1121 448 1188 ἡμῖν
477 1117 954 1186 ἀπαγγέλλουσαν,
1012 1117 1184 1190 μόνην
1211 1117 1271 1170 δὲ
1321 1115 1478 1171 τοῦτο
1508 1117 1638 1189 βοᾷν
1668 1117 1762 1171 τοῦ
1793 1119 1906 1172 Κυ-

318 1209 502 1280 ρί).λου
533 1209 626 1264 τοῦ
653 1203 800 1263 θείου
835 1209 1196 1263 θεόπνευστον
1226 1209 1508 1280 σάλπιγγα
1533 1209 1670 1278 (l9),
1717 1207 1904 1276 λέγειν

318 1303 379 1354 οὐ
417 1301 687 1372 δύναμαιο
723 1300 862 1373 πλὴν
893 1301 1161 1374 ἐκάτερον
1199 1299 1401 1364 ἀσεϐὲς
1418 1302 1516 1356 καὶ
1540 1300 1898 1367 ἀπαίδευτον.

320 1392 384 1448 ΕΞ
414 1395 513 1465 μὲν
535 1395 644 1476 γὰρ
673 1395 816 1450 κατά
831 1395 1032 1466 τρόπον
1053 1395 1146 1448 τὸν
1166 1395 1432 1466 πρότερον
1451 1394 1654 1465 ἐδυσφή
1664 1411 1752 1465 μει
1777 1394 1906 1458 τοὺς

323 1487 629 1556 μάρτυρας,
680 1485 951 1556 πρόδηλον
983 1485 1058 1549 ὡς
1091 1485 1409 1548 δυσσεϐείας
1431 1485 1592 1540 τοῦτο
1621 1486 1717 1542 καὶ
1767 1487 1907 1540 πλά-

321 1593 421 1646 νης
468 1575 796 1648 ἐπίμεστον·
858 1577 991 1642 είδέ
1020 1577 1162 1642 κατά
1224 1577 1320 1632 τὸν
1351 1576 1624 1648 δεύτερον,
1679 1576 1739 1630 ὃν
1771 1578 1905 1630 ὐπο-

323 1667 619 1736 πεεύομεν,
647 1668 918 1738 τιμωρίας
947 1666 1072 1732 ἀξία
1101 1669 1196 1721 καὶ
1226 1666 1507 1738 μέμψεως.
1546 1668 1609 1720 Εί
1655 1667 1766 1738 γάρ
1793 1669 1905 1736 -μό-

2005 491 2306 552 asserebat.
2348 508 2524 562 neque
2570 501 2791 562 propter
2823 490 3102 562 Christum
3155 489 3469 556 decertasse
3500 487 3591 542 vel

2006 597 2199 652 passos
2249 583 2421 639 fuisse
2451 584 2862 656 pronuntiabat,
2905 582 3050 654 quod
3077 591 3160 638 est
3187 591 3446 636 extrema:
3488 582 3588 634 tui-

2007 679 2188 731 seriae.
3450 718 3457 726 .
3540 687 3543 691 ·

2081 768 2207 824 Sive
2231 782 2410 825 autem
2443 785 2634 826 errore
2665 769 2902 840 quodam
2937 768 3178 832 detenta,
3211 767 3326 822 sive
3365 765 3589 838 gentili-

2005 861 2108 916 bus
2131 862 2421 933 prarstigiis
2495 861 2814 932 perurbata,
2857 861 3064 916 sanctis
3108 861 3290 914 taliter
3333 857 3580 912 detrahe-

2007 963 2124 1018 ret;
2175 952 2290 1008 sive
2343 966 2540 1014 sensus
2583 961 2637 1006 et
2681 951 2867 1008 cordis
2914 950 3290 1021 simplicitate,
3325 965 3392 1004 eo
3440 947 3590 1018 quod

2005 1061 2112 1100 non
2171 1043 2452 1100 ferebatur
2498 1045 2774 1114 scriptura
2827 1060 2948 1114 qua:
3005 1043 3110 1098 hoc
3151 1041 3444 1104 indicaret,
3489 1055 3592 1095 nec

2005 1146 2283 1191 certamen
2346 1137 2508 1192 nobis
2547 1122 2738 1192 eorum
2791 1151 2892 1206 pro
2935 1133 3159 1190 Christo
3213 1141 3490 1202 sumptum
3537 1141 3593 1186 (τ

2007 1228 2384 1282 testimonium
2417 1227 2670 1294 referret,
2701 1227 2806 1282 nisi
2839 1227 2956 1281 sola
2997 1226 3271 1281 divinitus
3325 1223 3592 1292 inSpirata

2001 1319 2195 1389 Cyrilli
2257 1318 2618 1384 acclamatio,
2667 1317 3048 1374 sacratissima
3101 1316 3356 1388 salpinx,
3409 1314 3595 1370 dicere

2007 1425 2240 1482 nequeo.
2280 1409 2672 1466 Verumtamen
2707 1417 3002 1480 utrumque
3039 1407 3264 1478 impium
3308 1404 3472 1462 simul
3511 1414 3597 1459 est

2007 1511 2060 1558 et
2091 1499 2602 1571 indiseiplinatione
2633 1499 2917 1556 refertum.
2945 1499 3191 1568 Denique
3211 1497 3256 1552 si
3287 1495 3593 1552 secundum

2005 1591 2245 1662 priorem
2283 1589 2506 1661 quidem
2531 1587 2755 1644 modum
2782 1589 3119 1660 martyribus
3143 1587 3463 1656 derogabat,
3484 1603 3598 1642 ma-

2007 1681 2268 1738 nifestum
2305 1679 2558 1752 estquod
2608 1677 2893 1750 impietate
2935 1679 3008 1734 sit
3039 1679 3142 1733 hoc
3166 1688 3222 1733 et
3259 1692 3454 1734 errore
3481 1675 3596 1746 pie-

323 1771 448 1818 νους
472 1755 736 1824 σχοίημεν
755 1755 1044 1827 μάρτυρας
1066 1755 1160 1819 οὒς
1186 1757 1244 1810 ἐν
1273 1757 1664 1828 ὑπομνήμασιν
1691 1757 1912 1829 ἔχομεν,

2025 1787 2144 1825 num
2165 1787 2182 1837 ;
2207 1771 2252 1826 si
2277 1785 2406 1826 vero
2427 1769 2731 1826 secundum
2751 1769 3135 1840 posteriorem,
3161 1783 3322 1838 quem
3341 1777 3394 1823 et
3423 1768 3600 1838 conji-

322 1845 432 1913 ἄρα
463 1845 713 1916 ⁸Χριστὸς
756 1845 969 1922 δωρεάν
1017 1847 1319 1912 ἀπέθανεν,
1345 1849 1564 1918 ὀλίγους
1605 1849 1770 1904 αὐτοῦ
1799 1849 1910 1904 τῶν

325 1932 516 1987 παθῶν
565 1937 856 2000 κοινωνοὺς
902 1937 1314 2008 ποιησάμενοςο
1377 1938 1549 2008 ὀλίγοι
1603 1926 1714 2011 γάρ
1760 1932 1910 1994 οῦτοι

325 2025 472 2080 πάνυ
499 2029 860 2110 τυγχάνουσιν
885 2046 899 2059 ·
933 2031 990 2085 ἐν
1025 2029 1291 2096 κινδύνοις
1324 2030 1384 2090 δέ
1417 2031 1514 2086 καὶ
1561 2033 1722 2102 ἡμεῖς
1749 2049 1912 2103 γενη-

325 2118 572 2188 σόμεΟα,
757 2121 986 2192 μυριάσι
1025 2123 1320 2195 μαρτύρων
1365 2123 1784 2208 φρρυρούμενοι,
1816 2125 1912 2178 καὶ

325 2215 447 2275 ταῖς
483 2211 702 2266 οἰκείων
733 2213 982 2288 αἱμάτων
1017 2215 1378 2287 προσχύσεσι,
1407 2215 1553 2290 ,ὑπὲρ
1611 2217 1770 2288 ἡμῶν
1820 2218 1912 2272 τὸν

331 2304 564 2372 Χριστὸν
593 2305 999 2384 πρεσϐεύοντας
1022 2305 1262 2378 ἔχοντες.
1299 2307 1362 2362 Εί
1401 2306 1508 2378 γάρ
1535 2307 1632 2360 καὶ
1667 2307 1913 2380 μηδόλως

343 2397 480 2448 εἰσὶν
508 2395 872 2467 ὑπομνήματα
895 2436 909 2459 ,
963 2397 1051 2450 ενα
1083 2398 1179 2452 καὶ
1225 2397 1325 2467 τὴν
1365 2397 1634 2468 Κυρίλλου
1679 2399 1914 2471 παρήσω

333 2485 564 2553 διάλεξιν
582 2488 644 2540 τὸ
665 2487 1072 2562 πᾶνμὰρκοῦσαν
1095 2487 1493 2554 πιστώσασθαι,
1525 2487 1594 2543 τά
1611 2488 1736 2552 τοὺς
1766 2489 1914 2558 ἀγῶ-

326 2595 425 2642 νας
449 2577 560 2632 τῶν
613 2569 786 2649 ἁγίων
827 2580 1192 2651 κηρύττοντά,
1246 2581 1342 2634 καὶ
1371 2580 1472 2652 τὴν
1516 2581 1712 2650 κλῆσιν
1735 2579 1914 2634 αὐτῶν

327 2671 720 2744 ὑποφαίνοντα,
743 2673 806 2728 τι
833 2673 1036 2744 πλῆθος
1067 2673 1233 2744 ἐχρῆν
1262 2673 1371 2726 τῶν
1398 2673 1682 2744 δυνάμεων
1710 2671 1818 2725 τῶν
1846 2672 1914 2724 δι’

329 2763 512 2817 αὐτῶν
533 2747 894 2830 ἀδιαλείπτως
911 2765 1216 2836 γινόμενον,
1241 2767 1547 2837 παρασχεῖν
1565 2766 1751 2829 αὐτοῖς
1777 2782 1918 2836 μαρ-

332 2855 515 2926 τύρων
542 2855 831 2928 ὑπόληψιν.
876 2859 940 2912 Ei
991 2859 1101 2930 γὰρ
1139 2859 1280 2931 ἔργα
1319 2857 1616 2931 μαρτύρων
1645 2859 1706 2912 οὐ
1747 2858 1920 2930 πράτ-

332 2963 545 3014 τουσιν,
579 2949 674 3003 καὶ
713 2949 1030 3021 χαρίσματα
1052 2950 1338 3022 δυνάμεων
1365 2952 1468 3005 οὐκ
1497 2950 1814 3019 εἰλήφασιν,
1847 2951 1918 3004 δι’

322 3033 411 3092 ’ὧν
466 3040 592 3104 τοὺς
627 3040 992 3106 ἀσθενοῦντας
1051 3041 1415 3114 ῥωννύουσιν,
1457 3043 1506 3096 εί
1559 3043 1654 3096 καὶ
1685 3043 1820 3113 ἡμῖν
1853 3043 1916 3096 οὗ

330 3129 483 3183 δοκεῖ
509 3129 654 3202 (οὔτε
682 3132 793 3204 γὰρ
827 3132 1032 3202 ταύτης
1056 3135 1156 3205 τῆς
1179 3132 1338 3205 δόξης
1369 3131 1740 3204 ὑπάρχομεν),
1759 3131 1916 3205 ,πλὴν

337 3221 468 3293 παρ’
517 3223 703 3287 αὐτοῖς
766 3224 842 3296 μὴ
883 3224 1234 3293 λεγέσθωσαν
1283 3225 1590 3297 μάρτυρες·
1637 3227 1692 3279 εί
1741 3225 1800 3279 δέ
1827 3227 1924 3279 καὶ

340 3311 638 3385 μαρτύρων
666 3313 852 3370 πλεῖον
881 3315 1166 3388 ἐνεργοῦσι
1195 3317 1478 3387 τεράστια,
1527 3316 1634 3370 τίνι
1665 3315 1810 3387 λόγῳ
1846 3315 1921 3387 μὴ

337 3403 590 3474 λέγονται
625 3408 902 3480 μάρτυρες
919 3426 934 3475 ;

2013 1865 2216 1932 cimus,
2271 1873 2328 1920 et
2375 1865 2456 1920 sic
2501 1872 2586 1920 est
2609 1877 2774 1934 poena
2800 1873 2855 1919 et
2883 1861 3312 1934 reprehensione
3337 1861 3602 1933 dignissi-

2014 1969 2122 2010 ma.
2157 1954 2216 2010 Si
2245 1955 2392 2010 enim
2426 1955 2576 2014 solos
2598 1954 2726 2012 illos
2759 1964 3030 2027 martyres
3057 1954 3438 2018 habuerimns,
3458 1969 3602 2024 quos

2015 2045 2070 2100 in
2114 2045 2486 2100 monumentis
2525 2043 2816 2110 habemus,
2876 2059 3010 2116 ergo
3049 2043 3306 2099 Christus
3350 2052 3603 2100 mortuus

2014 2135 2188 2206 gratis
2226 2143 2334 2203 est,
2367 2149 2577 2206 paucos
2609 2133 3114 2190 eommunicatores
3137 2149 3361 2189 suarum
3396 2131 3608 2189 faciens.

2015 2225 2334 2298 passionum
2363 2241 2378 2290 ;
2409 2225 2572 2296 pauci
2599 2225 2747 2280 enim
2791 2226 2954 2282 valde
2984 2234 3114 2280 sunt
3135 2226 3246 2282 isti.
3285 2223 3392 2281 Sed
3421 2233 3476 2281 et
3501 2241 3604 2280 nos

2015 2317 2469 2388 periclitabimur,
2507 2317 2610 2372 nisi
2644 2315 2886 2372 millibus
2931 2326 3234 2387 martyrum
3267 2315 3602 2382 muniamur,

2015 2405 2110 2476 qui
2161 2407 2448 2477 sanguinis
2496 2406 2706 2478 praprii
2751 2405 3066 2462 fusionibus
3125 2405 3266 2477 apud
3319 2405 3602 2462 Christum

2016 2495 2362 2550 intercedant
2405 2511 2506 2566 pro
2539 2496 2718 2552 nobis.
2758 2495 2978 2567 Quippe
3025 2511 3174 2560 cum,
3207 2505 3263 2550 et
3291 2496 3339 2550 si
3379 2497 3608 2551 omnino

2016 2595 2374 2642 monumenta
2419 2589 2604 2643 minus
2649 2587 3044 2652 consisterent,
3079 2597 3137 2642 ut
3166 2587 3362 2659 Cyrilli
3387 2603 3606 2658 quoque

2016 2675 2450 2746 disputationem
2485 2677 2735 2732 omittam
2769 2693 2892 2748 qua:
2935 2677 3355 2735 universitatem
3397 2686 3604 2734 certam

2017 2767 2246 2824 reddere
2285 2768 2510 2835 sulﬁcit,
2555 2785 2678 2839 qua:
2727 2779 3049 2826 sanctorum
3093 2786 3299 2842 agones
3347 2769 3611 2842 praedica-

2017 2867 2162 2926 rent,
2189 2869 2580 2936 certamenque
2603 2863 2950 2918 declararent
2981 2879 2994 2926 ;
3019 2863 3428 2918 multitudinem
3448 2878 3613 2931 oper:

2021 2958 2162 3006 teret
2193 2951 2453 3005 virtu-tum
2481 2966 2602 3022 qua:
2618 2967 2714 3022 per
2730 2967 2826 3008 eos
2854 2953 3234 3007 indesinenter
3257 2951 3596 3014 eliiciunlur,

2020 3041 2266 3113 praebere
2319 3041 2430 3098 illis
2480 3051 2784 3114 martyrum
2831 3043 3322 3100 existimationem.
3361 3043 3416 3098 Si
3461 3043 3609 3097 enim

2027 3148 2194 3204 opera
2229 3141 2535 3205 martyrum
2572 3143 2678 3189 non
2709 3144 3032 3206 operantur,
3055 3145 3109 3190 ct
3137 3136 3473 3192 charismata
3501 3135 3638 3188 rir-'

1999 3234 2208 3281 -tutum
2247 3241 2357 3282 non
2399 3236 2786 3299 perceperunt.
2829 3243 2926 3298 per
2979 3245 3101 3300 quae
3156 3229 3408 3286 infirmos
3456 3230 3615 3285 rubea

2028 3325 2174 3380 rent.
2209 3317 2334 3388 licet
2365 3319 2526 3375 nobis
2567 3333 2676 3374 non
2712 3319 2794 3376 sic
2823 3319 3097 3388 videatur,
3124 3335 3304 3390 neque
3331 3323 3478 3376 enim
3514 3321 3618 3374 hu-

2028 3410 2122 3481 ius
2157 3394 2436 3483 opinionis
2476 3411 2619 3485 [cod.
2649 3411 2861 3486 gloriae]
2901 3428 3126 3488 sumus;
3176 3421 3415 3469 attamen
3470 3411 3624 3483 apud

338 3519 436 3557 eos
467 3510 738 3574 martyres
767 3519 876 3557 non
905 3502 1181 3558 dicantur.
1213 3502 1370 3569 Quod
1399 3503 1446 3558 si
1487 3502 1776 3574 plusquam
1837 3510 2110 3575 martyres
2147 3513 2443 3576 aperantur
2509 3505 2775 3561 miracula
2800 3544 2814 3572 ,
2870 3521 2978 3577 qua
3055 3505 3268 3560 ratione
3345 3514 3615 3578 martyres

344 3611 453 3650 non
489 3603 618 3652 sunt
637 3594 894 3650 dicendi?

417 3691 525 3744 Καὶ
548 3690 787 3760 μάλιστα
804 3689 898 3742 τοῦ
918 3689 1174 3761 Σωτῆρος
1195 3689 1444 3752 είπόντος
1473 3691 1608 3762 πρὸς
1640 3689 1934 3756 Ἰουδαίους

347 3783 470 3847 τοὺς
492 3785 572 3846 είς
601 3781 764 3838 αὐτὸν
797 3782 874 3854 μὴ
895 3782 1250 3847 πιστεύοντας
1269 3801 1283 3815 ·
1313 3799 1332 3834 ι
1356 3783 1420 3836 Εί
1441 3782 1514 3854 μὴ
1535 3783 1676 3836 ποιῶ
1701 3783 1770 3836 τὰ
1797 3783 1936 3854 ἔργα

346 3872 439 3926 τοῦ
467 3873 681 3947 Πατρός
737 3891 861 3946 μου,
897 3875 972 3948 μὴ
1023 3876 1306 3930 πιστεύετέ
1370 3891 1494 3948 μοι·
1525 3875 1654 3929 είδέ
1697 3876 1837 3930 ποιῶ
1865 3872 1935 3930 τὰ

349 3965 506 4033 ἔργα,
541 3965 645 4020 κάν
675 3966 802 4036 ἐμοὶ
855 3967 930 4038 μὴ
981 3967 1298 4038 πιστεύητε,
1323 3970 1439 4031 τοῖς
1463 3966 1648 4037 ἔργοις
1707 3985 1808 4036 μου
1841 3986 1933 4022 πι-

348 4053 570 4112 στεύετε
593 4077 606 4090 ο
645 4078 664 4112 ν
697 4062 792 4114 καὶ
821 4059 1114 4124 δεδωκότος
1142 4062 1274 4130 ἡμῖν
1313 4058 1532 4128 ἀπλανῆ
1569 4059 1664 4112 καὶ
1701 4058 1929 4128 βεϐαίαν

342 4149 586 4204 διάνοιαν
616 4150 709 4205 καὶ
757 4151 1026 4221 μηδέποτε
1083 4151 1426 4222 ψευδομένην
1471 4149 1770 4222 διάκρισιν,
1822 4151 1932 4204 ἀπὸ

347 4242 455 4296 τῶν
472 4241 646 4314 ἔργων
669 4243 794 4307 τοὺς
818 4243 1178 4314 ἐνεργοῦντας
1199 4243 1578 4314 στοχάζεσθαι.
1613 4261 1632 4294 ι
1655 4242 1792 4296 Ἀπὸ
1822 4241 1932 4314 γὰρ

347 4333 462 4387 τῶν
488 4333 667 4404 ἔργων
689 4335 894 4399 αὐτῶν,
931 4337 1119 4404 φησιν,
1147 4334 1522 4404 ἐπιγνώσεσθε
1562 4335 1789 4399 αὐτούς·
1837 4337 1932 4389 καὶ

349 4426 460 4480 ἀπὸ
488 4426 582 4480 τοῦ
608 4425 825 4498 καρποῦ
869 4427 930 4480 τὸ
961 4427 1176 4498 δένδρον
1204 4428 1557 4506 γινώσκεται.
1590 4447 1608 4478 ι
1637 4426 1848 4498 Εῦηθες
1875 4427 1932 4481 δὲ

2108 3687 2422 3744 Praesertim
2479 3703 2604 3743 cum
2663 3689 2918 3745 Salvator
2958 3667 3024 3744 ad
3075 3688 3296 3746 Juda‘os
3361 3690 3454 3760 qui
3507 3706 3617 3746 non

2035 3780 2333 3836 credebant
2361 3781 2414 3835 iu
2444 3796 2567 3838 eum
2589 3782 2864 3840 edixerit:
2906 3801 2925 3836 ι
2957 3782 3141 3840 Sinon
3166 3782 3490 3855 facionpera
3514 3781 3620 3837 Pa-

2035 3869 2136 3923 tris
2159 3867 2288 3934 mei,
2321 3868 2488 3924 nolite
2516 3863 2742 3926 credere
2772 3872 2938 3937 mihi;
2965 3871 3011 3926 si
3037 3883 3222 3927 autem
3252 3871 3394 3928 facio
3425 3887 3615 3944 opera.

2033 3973 2088 4014 et
2119 3961 2166 4016 si
2185 3960 2320 4016 mihi
2353 3977 2464 4016 non
2497 3962 2744 4030 creditis,
2776 3965 3036 4037 operibus
3058 3966 3194 4022 meis
3223 3966 3429 4022 credite
3461 3985 3484 4026 ι,
3521 3983 3534 4020 :
3563 3976 3620 4021 et

2039 4051 2252 4108 dederit
2277 4053 2443 4108 nobis
2477 4068 2588 4108 non
2624 4063 2902 4110 errantem
2935 4057 3031 4112 sed
3067 4059 3326 4115 stabilem
3361 4069 3623 4122 mentem,

2033 4159 2426 4216 nunquamque
2468 4145 2748 4202 fallentem
2795 4147 3184 4206 discretionem
3235 4155 3304 4208 ab
3362 4153 3626 4224 Oper-ibus

2033 4244 2350 4306 operator-es
2390 4239 2778 4294 considerandi
2817 4242 2938 4296 :Ab
2970 4243 3236 4314 operibus
3264 4245 3624 4301 enimeormn

2035 4329 2397 4399 cognoscetis,
2435 4329 2630 4400 inquit,
2653 4347 2770 4398 eos,
2793 4339 2848 4386 et
2877 4347 2908 4386 a
2941 4334 3123 4388 fructu
3149 4337 3314 4391 arbor
3333 4342 3625 4408 cognosci-

2037 4430 2146 4476 tur.
2173 4437 2192 4473 ι
2229 4418 2471 4476 Stultum
2497 4430 2821 4480 autemvere
2841 4427 3182 4493 c0nsistit,si
3205 4443 3385 4484 caecus
3405 4430 3625 4499 quidem

348 4517 512 4572 τοῦτο
559 4517 936 4590 καθέστηκεν’
997 4520 1045 4570 εί
1073 4520 1103 4572 ὁ
1146 4517 1342 4586 τυφλὸς
1377 4518 1475 4588 μὲν
1521 4499 1694 4581 ίαθεὶς
1725 4517 1921 4572 τούτων

2039 4528 2208 4569 sanus
2241 4511 2492 4580 eﬂ'ectus,
2523 4513 2612 4568 his
2643 4531 2752 4570 non
2777 4516 2987 4572 auditis
3017 4521 3281 4590 cognorit.
3311 4522 3624 4587 Dominum,

349 4611 452 4663 οὐκ
479 4609 720 4674 ἀκούσας
755 4609 972 4679 ἐπέγνω
993 4610 1085 4664 τὸν
1113 4609 1342 4680 Κύριον,
1372 4611 1466 4662 καὶ
1495 4609 1630 4662 Θεοῦ
1655 4609 1753 4680 τὴν
1781 4609 1938 4681 ἐνέρ-

349 4719 508 4771 γειαν
535 4704 788 4774 ἤκουσεν.
815 4721 834 4754 ι
850 4703 918 4755 Εἰ
945 4703 1018 4773 μὴ
1036 4703 1144 4773 γὰρ
1161 4697 1228 4772 ἦν
1243 4696 1416 4766 οὗτος.
1438 4703 1623 4772 φησιν,
1649 4701 1759 4756 ἀπὸ
1779 4700 1938 4770 Θεοῦ,

349 4795 700 4866 οὐκὴδύνατο
724 4797 896 4850 ποιεῖν
917 4795 1086 4850 οὐδέν.
1101 4815 1119 4847 ι
1143 4793 1332 4864 Ἡμεῖς
1351 4793 1405 4846 δέ
1427 4793 1631 4846 τούτων
1649 4793 1772 4848 καθ’
1793 4791 1942 4864 ὤραν

356 4887 646 4952 ἀκούοντες
674 4889 802 4952 τοὺς
837 4886 1070 4954 τυφλοὺς
1105 4888 1256 4959 ἡμᾶς
1295 4886 1512 4940 ἔσεσθαι
1534 4885 1824 4954 μέλλοντας
1856 4883 1943 4938 θε-

361 4976 760 5046 ραπεύσαντος,
793 4980 888 5033 καὶ
925 4978 1198 5044 τοσαύτας
1231 4981 1364 5051 ἡμῖν
1393 4979 1716 5048 εὐεργεσίας
1737 4977 1941 5048 δωρουο

357 5068 523 5142 privos
563 5072 638 5144 μὴ
667 5071 961 5144 γνοίημενς
1008 5073 1074 5126 Τί
1101 5073 1212 5142 γάρ
1246 5075 1392 5125 ἐστιν
1423 5070 1452 5123 ὃ
1497 5069 1666 5140 δρῶσι
1723 5071 1822 5140 μὲν
1850 5070 1944 5126 καὶ

358 5163 663 5234 πράττουσι
699 5165 1000 5236 μάρτυρες,
1027 5164 1348 5219 ἀδυνατοῦσι
1378 5163 1434 5216 δέ
1455 5161 1614 5215 τοῦτο
1645 5162 1826 5232 Κῦρος
1850 5166 1943 5218 καὶ

371 5255 624 5324 Ἰωάννης
649 5257 985 5328 ἐργάσασθαι
1006 5275 1022 5326 ;
1048 5259 1236 5312 Οὐδέν.
1253 5258 1315 5308 Εἰ
1337 5255 1393 5308 δέ.
1417 5273 1498 5320 τις
1526 5254 1754 5321 δειξάτω
1778 5272 1944 5327 προσ-

358 5344 551 5410 ελθὼν,
574 5347 667 5398 καὶ
709 5348 809 5417 τὴν
839 5348 1139 5416 ἀπολογίαν
1173 5345 1442 5417 ὑφέξομεν
1463 5362 1477 5375 ⁸
1523 5344 1704 5398 πλεῖον
1749 5347 1858 5418 γάρ
1890 5365 1941 5400 τι

358 5434 538 5505 λέγειν
572 5437 672 5491 οὐκ
709 5437 928 5510 ἔχομεν,
959 5440 1034 5502 ὡς
1060 5438 1261 5510 δρῶσιν
1293 5432 1438 5490 οὗτοί
1467 5453 1592 5490 τινα
1631 5433 1666 5488 ἃ.
1697 5438 1769 5506 μὴ
1800 5436 1942 5508 δρῶ-

2043 4603 2245 4676 Deique
2271 4607 2856 4676 operationemetlixit:
2882 4608 2972 4664 «Si
3007 4627 3115 4666 non
3142 4620 3310 4676 esset,
3348 4613 3624 4682 inquiens,

2042 4697 2132 4753 hic
2159 4713 2189 4753 a
2224 4696 2356 4763 Deo,
2393 4714 2502 4754 non
2534 4702 2800 4771 potuisset
2825 4701 3010 4758 facere
3028 4704 3363 4774 quidquam;
3398 4713 3493 4758 tet
3523 4720 3626 4758 nos

2043 4791 2138 4860 qui
2165 4791 2292 4845 caeci
2327 4789 2614 4855 fuerimus,
2648 4791 2750 4846 hos
2784 4807 2880 4861 per
2914 4794 3163 4863 singnias
3192 4795 3358 4848 horas
3394 4793 3630 4850 audien-

2047 4892 2130 4940 tes
2168 4899 2386 4950 curare,
2438 4891 2492 4940 et
2531 4893 2610 4938 tot
2649 4883 2918 4940 beneﬁcia
2976 4885 3138 4940 nobis
3179 4896 3464 4956 prwstare,
3517 4903 3628 4940 non

2045 4977 2482 5048 cognoscemus?
2515 4978 2654 5044 Quid
2697 4978 2846 5034 enim
2885 4980 2958 5034 sit
2991 4982 3138 5051 quod
3179 4988 3376 5052 gerant
3431 4990 3627 5056 agant-

2043 5087 2150 5142 que
2179 5081 2469 5142 martyres,
2507 5081 2560 5126 et
2607 5071 2713 5125 hoc
2760 5071 2938 5142 Cyrus
2966 5082 3021 5127 et
3068 5071 3308 5128 Joannes
3355 5082 3664 5140 nequeant,

2045 5163 2304 5234 operari?
2350 5161 2462 5218 Nos
2509 5163 2728 5232 quidem
2771 5166 2907 5220 nihil
2945 5165 3272 5234 conjieimus
3299 5181 3330 5228 ;,
3444 5172 3622 5220 autem

2047 5259 2172 5328 quis
2213 5257 2473 5326 Opinatus
2517 5254 2726 5320 fuerit,
2751 5257 2976 5312 accedat
3013 5266 3065 5311 et
3099 5257 3372 5316 os:emlat.
3411 5271 3628 5322 “(inquit

2050 5348 2318 5402 rationem
2357 5345 2672 5401 reddemus.
2701 5345 2954 5418 Amplius
2981 5349 3126 5402 enim
3156 5347 3454 5420 quidquam
3477 5337 3628 5404 diee-

2049 5457 2110 5496 re
2147 5441 2426 5506 uolumus,
2473 5439 2708 5511 qualiter
2745 5449 2909 5510 agam
2945 5441 3035 5496 isti
3077 5441 3322 5511 quzudam
3366 5456 3486 5513 qute
3523 5460 3628 5500 non

1885 5615 1978 5673 ΝΟ
1998 5617 2120 5674 ΓΑΕ.

436 5708 549 5778 (lii)
589 5707 827 5782 Intelle
859 5713 948 5782 (73':
970 5713 1043 5767 illi
1071 5711 1470 5768 seruiunt-nim.
1507 5709 1569 5762 ειν
1599 5711 1796 5780 quibus
1835 5728 1934 5765 nos
1964 5713 2118 5768 albi.
