  <div class='ocr_page' id='page_1' title='image "/cluster/home/n/w/nwhite01/storage/ocr_20150623/87:3/hvd.32044069650125/373.png"; bbox 0 0 4020 6204; ppageno 0'>
   <div class='ocr_carea' id='block_1_1' title="bbox 283 227 425 296">
    <p class='ocr_par' dir='ltr' id='par_1_1' title="bbox 283 227 425 296">
     <span class='ocr_line' id='line_1_1' title="bbox 283 227 425 296; baseline -0.014 0"><span class='ocrx_word' id='word_1_1' title='bbox 283 227 425 296; x_wconf 73' lang='grc' dir='ltr'><strong>3Σι19</strong></span> 
     </span>
    </p>
   </div>
   <div class='ocr_carea' id='block_1_2' title="bbox 354 337 1924 412">
    <p class='ocr_par' dir='ltr' id='par_1_2' title="bbox 354 337 1924 412">
     <span class='ocr_line' id='line_1_2' title="bbox 354 337 1924 412; baseline -0.006 -14"><span class='ocrx_word' id='word_1_2' title='bbox 354 343 450 399; x_wconf 85' lang='lat' dir='ltr'><strong>ille</strong></span> <span class='ocrx_word' id='word_1_3' title='bbox 479 354 607 397; x_wconf 79' lang='lat' dir='ltr'><strong>vero</strong></span> <span class='ocrx_word' id='word_1_4' title='bbox 631 337 1068 412; x_wconf 72' lang='lat' dir='ltr'><strong>expergefactus,</strong></span> <span class='ocrx_word' id='word_1_5' title='bbox 1095 338 1415 408; x_wconf 73' lang='lat' dir='ltr'><strong>phantasma</strong></span> <span class='ocrx_word' id='word_1_6' title='bbox 1451 339 1646 393; x_wconf 90' lang='lat' dir='ltr'><strong>iterum</strong></span> <span class='ocrx_word' id='word_1_7' title='bbox 1669 337 1850 392; x_wconf 83' lang='lat' dir='ltr'><strong>dicere</strong></span> <span class='ocrx_word' id='word_1_8' title='bbox 1882 341 1924 396; x_wconf 70' lang='grc' dir='ltr'>Α</span> 
     </span>
    </p>
   </div>
   <div class='ocr_carea' id='block_1_3' title="bbox 205 427 1862 498">
    <p class='ocr_par' dir='ltr' id='par_1_3' title="bbox 205 427 1862 498">
     <span class='ocr_line' id='line_1_3' title="bbox 205 427 1862 498; baseline -0.006 -10"><span class='ocrx_word' id='word_1_9' title='bbox 205 475 218 498; x_wconf 90' lang='grc'><strong>,</strong></span> <span class='ocrx_word' id='word_1_10' title='bbox 283 431 560 487; x_wconf 82' lang='lat' dir='ltr'><strong>somnium</strong></span> <span class='ocrx_word' id='word_1_11' title='bbox 601 427 950 491; x_wconf 77' lang='lat' dir='ltr'><strong>formidabat,</strong></span> <span class='ocrx_word' id='word_1_12' title='bbox 989 427 1136 497; x_wconf 89' lang='lat' dir='ltr'><strong>quod</strong></span> <span class='ocrx_word' id='word_1_13' title='bbox 1163 441 1224 480; x_wconf 89' lang='lat' dir='ltr'><strong>se</strong></span> <span class='ocrx_word' id='word_1_14' title='bbox 1252 436 1460 481; x_wconf 87' lang='lat' dir='ltr'><strong>certum</strong></span> <span class='ocrx_word' id='word_1_15' title='bbox 1489 427 1646 482; x_wconf 88' lang='lat' dir='ltr'><strong>tertia</strong></span> <span class='ocrx_word' id='word_1_16' title='bbox 1679 427 1862 482; x_wconf 82' lang='lat' dir='ltr'><strong>reddi-</strong></span> 
     </span>
    </p>
   </div>
   <div class='ocr_carea' id='block_1_4' title="bbox 280 516 1861 587">
    <p class='ocr_par' dir='ltr' id='par_1_4' title="bbox 280 516 1861 587">
     <span class='ocr_line' id='line_1_4' title="bbox 280 516 1861 587; baseline -0.004 -11"><span class='ocrx_word' id='word_1_17' title='bbox 280 521 438 576; x_wconf 79' lang='lat' dir='ltr'><strong>derat</strong></span> <span class='ocrx_word' id='word_1_18' title='bbox 466 520 709 583; x_wconf 77' lang='lat' dir='ltr'><strong>visione;</strong></span> <span class='ocrx_word' id='word_1_19' title='bbox 739 531 926 572; x_wconf 80' lang='lat' dir='ltr'><strong>verum</strong></span> <span class='ocrx_word' id='word_1_20' title='bbox 955 528 1010 571; x_wconf 88' lang='lat' dir='ltr'><strong>et</strong></span> <span class='ocrx_word' id='word_1_21' title='bbox 1039 517 1142 573; x_wconf 87' lang='lat' dir='ltr'><strong>hoc</strong></span> <span class='ocrx_word' id='word_1_22' title='bbox 1165 516 1344 573; x_wconf 74' lang='lat' dir='ltr'><strong>facere</strong></span> <span class='ocrx_word' id='word_1_23' title='bbox 1374 517 1674 587; x_wconf 75' lang='lat' dir='ltr'><strong>cogebatur</strong></span> <span class='ocrx_word' id='word_1_24' title='bbox 1701 517 1861 570; x_wconf 86' lang='lat' dir='ltr'><strong>amit-</strong></span> 
     </span>
    </p>
   </div>
   <div class='ocr_carea' id='block_1_5' title="bbox 282 606 1862 677">
    <p class='ocr_par' dir='ltr' id='par_1_5' title="bbox 282 606 1862 677">
     <span class='ocr_line' id='line_1_5' title="bbox 282 606 1862 677; baseline -0.004 -11"><span class='ocrx_word' id='word_1_25' title='bbox 282 611 434 668; x_wconf 95' lang='lat' dir='ltr'><strong>tendi</strong></span> <span class='ocrx_word' id='word_1_26' title='bbox 469 624 634 665; x_wconf 89' lang='lat' dir='ltr'><strong>causa</strong></span> <span class='ocrx_word' id='word_1_27' title='bbox 673 607 982 677; x_wconf 76' lang='lat' dir='ltr'><strong>languoris,</strong></span> <span class='ocrx_word' id='word_1_28' title='bbox 1021 618 1076 664; x_wconf 89' lang='lat' dir='ltr'><strong>et</strong></span> <span class='ocrx_word' id='word_1_29' title='bbox 1115 623 1182 664; x_wconf 89' lang='lat' dir='ltr'><strong>ne</strong></span> <span class='ocrx_word' id='word_1_30' title='bbox 1230 609 1296 662; x_wconf 62' lang='lat' dir='ltr'><strong>ait</strong></span> <span class='ocrx_word' id='word_1_31' title='bbox 1331 608 1470 664; x_wconf 84' lang='lat' dir='ltr'><strong>Iram</strong></span> <span class='ocrx_word' id='word_1_32' title='bbox 1514 609 1635 664; x_wconf 91' lang='lat' dir='ltr'><strong>sine</strong></span> <span class='ocrx_word' id='word_1_33' title='bbox 1679 606 1862 662; x_wconf 79' lang='lat' dir='ltr'><strong>indul-</strong></span> 
     </span>
    </p>
   </div>
   <div class='ocr_carea' id='block_1_6' title="bbox 279 699 1860 773">
    <p class='ocr_par' dir='ltr' id='par_1_6' title="bbox 279 699 1860 773">
     <span class='ocr_line' id='line_1_6' title="bbox 279 699 1860 773; baseline -0.003 -16"><span class='ocrx_word' id='word_1_34' title='bbox 279 703 462 773; x_wconf 79' lang='lat' dir='ltr'><strong>gentia</strong></span> <span class='ocrx_word' id='word_1_35' title='bbox 524 707 716 756; x_wconf 76' lang='lat' dir='ltr'><strong>contra</strong></span> <span class='ocrx_word' id='word_1_36' title='bbox 789 713 851 756; x_wconf 83' lang='lat' dir='ltr'><strong>se</strong></span> <span class='ocrx_word' id='word_1_37' title='bbox 909 707 1178 772; x_wconf 79' lang='lat' dir='ltr'><strong>martyres</strong></span> <span class='ocrx_word' id='word_1_38' title='bbox 1239 708 1630 756; x_wconf 73' lang='lat' dir='ltr'><strong>commoveret.</strong></span> <span class='ocrx_word' id='word_1_39' title='bbox 1692 699 1860 770; x_wconf 78' lang='lat' dir='ltr'><strong>Igitur</strong></span> 
     </span>
    </p>
   </div>
   <div class='ocr_carea' id='block_1_7' title="bbox 281 791 1859 870">
    <p class='ocr_par' dir='ltr' id='par_1_7' title="bbox 281 791 1859 870">
     <span class='ocr_line' id='line_1_7' title="bbox 281 791 1859 870; baseline -0.002 -23"><span class='ocrx_word' id='word_1_40' title='bbox 281 795 530 862; x_wconf 76' lang='lat' dir='ltr'><strong>sagumte</strong></span> <span class='ocrx_word' id='word_1_41' title='bbox 567 803 735 870; x_wconf 68' lang='lat' dir='ltr'><strong>super</strong></span> <span class='ocrx_word' id='word_1_42' title='bbox 765 791 1024 847; x_wconf 82' lang='lat' dir='ltr'><strong>humeros</strong></span> <span class='ocrx_word' id='word_1_43' title='bbox 1049 791 1286 856; x_wconf 75' lang='lat' dir='ltr'><strong>elevato,</strong></span> <span class='ocrx_word' id='word_1_44' title='bbox 1313 791 1576 862; x_wconf 83' lang='lat' dir='ltr'><strong>frenoque</strong></span> <span class='ocrx_word' id='word_1_45' title='bbox 1611 791 1776 862; x_wconf 83' lang='lat' dir='ltr'><strong>capiti</strong></span> <span class='ocrx_word' id='word_1_46' title='bbox 1803 797 1859 846; x_wconf 86' lang='lat' dir='ltr'><strong>et</strong></span> 
     </span>
    </p>
   </div>
   <div class='ocr_carea' id='block_1_8' title="bbox 277 880 1859 953">
    <p class='ocr_par' dir='ltr' id='par_1_8' title="bbox 277 880 1859 953">
     <span class='ocr_line' id='line_1_8' title="bbox 277 880 1859 953; baseline -0.001 -15"><span class='ocrx_word' id='word_1_47' title='bbox 277 881 360 938; x_wconf 89' lang='lat' dir='ltr'><strong>ori</strong></span> <span class='ocrx_word' id='word_1_48' title='bbox 398 880 678 950; x_wconf 88' lang='lat' dir='ltr'><strong>imposito,</strong></span> <span class='ocrx_word' id='word_1_49' title='bbox 715 880 1146 936; x_wconf 86' lang='lat' dir='ltr'><strong>tintinnabulum</strong></span> <span class='ocrx_word' id='word_1_50' title='bbox 1184 883 1237 936; x_wconf 91' lang='lat' dir='ltr'><strong>in</strong></span> <span class='ocrx_word' id='word_1_51' title='bbox 1267 881 1411 936; x_wconf 89' lang='lat' dir='ltr'><strong>collo</strong></span> <span class='ocrx_word' id='word_1_52' title='bbox 1441 881 1714 953; x_wconf 82' lang='lat' dir='ltr'><strong>portabat,</strong></span> <span class='ocrx_word' id='word_1_53' title='bbox 1743 893 1859 937; x_wconf 88' lang='lat' dir='ltr'><strong>ter-</strong></span> 
     </span>
    </p>
   </div>
   <div class='ocr_carea' id='block_1_9' title="bbox 274 970 1857 1041">
    <p class='ocr_par' dir='ltr' id='par_1_9' title="bbox 274 970 1857 1041">
     <span class='ocr_line' id='line_1_9' title="bbox 274 970 1857 1041; baseline 0.003 -19"><span class='ocrx_word' id='word_1_54' title='bbox 274 982 450 1041; x_wconf 74' lang='lat' dir='ltr'><strong>gaque</strong></span> <span class='ocrx_word' id='word_1_55' title='bbox 482 983 542 1023; x_wconf 89' lang='lat' dir='ltr'><strong>se</strong></span> <span class='ocrx_word' id='word_1_56' title='bbox 572 983 668 1038; x_wconf 89' lang='lat' dir='ltr'><strong>per</strong></span> <span class='ocrx_word' id='word_1_57' title='bbox 701 970 962 1040; x_wconf 88' lang='lat' dir='ltr'><strong>templum</strong></span> <span class='ocrx_word' id='word_1_58' title='bbox 1003 971 1277 1026; x_wconf 80' lang='lat' dir='ltr'><strong>trahentis</strong></span> <span class='ocrx_word' id='word_1_59' title='bbox 1311 978 1367 1026; x_wconf 89' lang='lat' dir='ltr'><strong>et</strong></span> <span class='ocrx_word' id='word_1_60' title='bbox 1417 971 1472 1025; x_wconf 86' lang='lat' dir='ltr'><strong>in</strong></span> <span class='ocrx_word' id='word_1_61' title='bbox 1505 970 1670 1040; x_wconf 86' lang='lat' dir='ltr'><strong>hujus</strong></span> <span class='ocrx_word' id='word_1_62' title='bbox 1699 971 1857 1027; x_wconf 87' lang='lat' dir='ltr'><strong>atriis</strong></span> 
     </span>
    </p>
   </div>
   <div class='ocr_carea' id='block_1_10' title="bbox 277 1062 1857 1136">
    <p class='ocr_par' dir='ltr' id='par_1_10' title="bbox 277 1062 1857 1136">
     <span class='ocr_line' id='line_1_10' title="bbox 277 1062 1857 1136; baseline 0.001 -19"><span class='ocrx_word' id='word_1_63' title='bbox 277 1062 591 1120; x_wconf 82' lang='lat' dir='ltr'><strong>incedentis</strong></span> <span class='ocrx_word' id='word_1_64' title='bbox 639 1064 794 1135; x_wconf 89' lang='lat' dir='ltr'><strong>pueri</strong></span> <span class='ocrx_word' id='word_1_65' title='bbox 841 1065 1194 1136; x_wconf 85' lang='lat' dir='ltr'><strong>sequebatur,</strong></span> <span class='ocrx_word' id='word_1_66' title='bbox 1225 1080 1348 1136; x_wconf 85' lang='lat' dir='ltr'><strong>quae</strong></span> <span class='ocrx_word' id='word_1_67' title='bbox 1385 1063 1574 1120; x_wconf 85' lang='lat' dir='ltr'><strong>decem</strong></span> <span class='ocrx_word' id='word_1_68' title='bbox 1609 1072 1764 1120; x_wconf 88' lang='lat' dir='ltr'><strong>erant</strong></span> <span class='ocrx_word' id='word_1_69' title='bbox 1798 1072 1857 1120; x_wconf 91' lang='lat' dir='ltr'><strong>ut</strong></span> 
     </span>
    </p>
   </div>
   <div class='ocr_carea' id='block_1_11' title="bbox 275 1153 1857 1224">
    <p class='ocr_par' dir='ltr' id='par_1_11' title="bbox 275 1153 1857 1224">
     <span class='ocr_line' id='line_1_11' title="bbox 275 1153 1857 1224; baseline 0 -16"><span class='ocrx_word' id='word_1_70' title='bbox 275 1155 428 1209; x_wconf 89' lang='lat' dir='ltr'><strong>aiunt</strong></span> <span class='ocrx_word' id='word_1_71' title='bbox 459 1155 553 1224; x_wconf 84' lang='lat' dir='ltr'><strong>qui</strong></span> <span class='ocrx_word' id='word_1_72' title='bbox 583 1154 698 1210; x_wconf 73' lang='lat' dir='ltr'><strong>haec</strong></span> <span class='ocrx_word' id='word_1_73' title='bbox 725 1153 1464 1222; x_wconf 80' lang='lat' dir='ltr'><strong>dinumeraverunl,Stultus</strong></span> <span class='ocrx_word' id='word_1_74' title='bbox 1492 1170 1634 1216; x_wconf 88' lang='lat' dir='ltr'><strong>sum.</strong></span> <span class='ocrx_word' id='word_1_75' title='bbox 1666 1155 1857 1224; x_wconf 68' lang='lat' dir='ltr'><strong>saapis-</strong></span> 
     </span>
    </p>
   </div>
   <div class='ocr_carea' id='block_1_12' title="bbox 273 1246 1855 1318">
    <p class='ocr_par' dir='ltr' id='par_1_12' title="bbox 273 1246 1855 1318">
     <span class='ocr_line' id='line_1_12' title="bbox 273 1246 1855 1318; baseline -0.001 -16"><span class='ocrx_word' id='word_1_76' title='bbox 273 1249 414 1302; x_wconf 88' lang='lat' dir='ltr'><strong>sime</strong></span> <span class='ocrx_word' id='word_1_77' title='bbox 441 1247 708 1304; x_wconf 83' lang='lat' dir='ltr'><strong>clamans.</strong></span> <span class='ocrx_word' id='word_1_78' title='bbox 731 1246 867 1304; x_wconf 86' lang='lat' dir='ltr'><strong>Cum</strong></span> <span class='ocrx_word' id='word_1_79' title='bbox 889 1261 1022 1318; x_wconf 80' lang='lat' dir='ltr'><strong>ergo</strong></span> <span class='ocrx_word' id='word_1_80' title='bbox 1043 1253 1357 1303; x_wconf 89' lang='lat' dir='ltr'><strong>sanctorum</strong></span> <span class='ocrx_word' id='word_1_81' title='bbox 1381 1247 1686 1316; x_wconf 71' lang='lat' dir='ltr'><strong>iussionem</strong></span> <span class='ocrx_word' id='word_1_82' title='bbox 1705 1262 1855 1302; x_wconf 83' lang='lat' dir='ltr'><strong>rom-</strong></span> 
     </span>
    </p>
   </div>
   <div class='ocr_carea' id='block_1_13' title="bbox 275 1337 1852 1411">
    <p class='ocr_par' dir='ltr' id='par_1_13' title="bbox 275 1337 1852 1411">
     <span class='ocr_line' id='line_1_13' title="bbox 275 1337 1852 1411; baseline 0.003 -21"><span class='ocrx_word' id='word_1_83' title='bbox 275 1338 498 1408; x_wconf 86' lang='lat' dir='ltr'><strong>plesset,</strong></span> <span class='ocrx_word' id='word_1_84' title='bbox 539 1354 664 1394; x_wconf 91' lang='lat' dir='ltr'><strong>cum</strong></span> <span class='ocrx_word' id='word_1_85' title='bbox 697 1345 964 1411; x_wconf 78' lang='lat' dir='ltr'><strong>sagmate,</strong></span> <span class='ocrx_word' id='word_1_86' title='bbox 992 1337 1166 1404; x_wconf 82' lang='lat' dir='ltr'><strong>freno,</strong></span> <span class='ocrx_word' id='word_1_87' title='bbox 1194 1349 1248 1394; x_wconf 88' lang='lat' dir='ltr'><strong>et</strong></span> <span class='ocrx_word' id='word_1_88' title='bbox 1277 1337 1666 1404; x_wconf 82' lang='lat' dir='ltr'><strong>tintinnabula,</strong></span> <span class='ocrx_word' id='word_1_89' title='bbox 1688 1337 1852 1394; x_wconf 82' lang='lat' dir='ltr'><strong>etiam</strong></span> 
     </span>
    </p>
   </div>
   <div class='ocr_carea' id='block_1_14' title="bbox 273 1428 1849 1502">
    <p class='ocr_par' dir='ltr' id='par_1_14' title="bbox 273 1428 1849 1502">
     <span class='ocr_line' id='line_1_14' title="bbox 273 1428 1849 1502; baseline -0.001 -18"><span class='ocrx_word' id='word_1_90' title='bbox 273 1428 428 1486; x_wconf 84' lang='lat' dir='ltr'><strong>dorsi</strong></span> <span class='ocrx_word' id='word_1_91' title='bbox 467 1430 784 1501; x_wconf 83' lang='lat' dir='ltr'><strong>languorem</strong></span> <span class='ocrx_word' id='word_1_92' title='bbox 815 1431 1090 1502; x_wconf 76' lang='lat' dir='ltr'><strong>deposuit,</strong></span> <span class='ocrx_word' id='word_1_93' title='bbox 1122 1439 1177 1487; x_wconf 89' lang='lat' dir='ltr'><strong>et</strong></span> <span class='ocrx_word' id='word_1_94' title='bbox 1204 1431 1495 1488; x_wconf 76' lang='lat' dir='ltr'><strong>sanitatem</strong></span> <span class='ocrx_word' id='word_1_95' title='bbox 1531 1431 1849 1502; x_wconf 81' lang='lat' dir='ltr'><strong>resumpsit,</strong></span> 
     </span>
    </p>
   </div>
   <div class='ocr_carea' id='block_1_15' title="bbox 272 1521 1847 1594">
    <p class='ocr_par' dir='ltr' id='par_1_15' title="bbox 272 1521 1847 1594">
     <span class='ocr_line' id='line_1_15' title="bbox 272 1521 1847 1594; baseline 0.003 -18"><span class='ocrx_word' id='word_1_96' title='bbox 272 1537 397 1592; x_wconf 67' lang='lat' dir='ltr'><strong>qua;</strong></span> <span class='ocrx_word' id='word_1_97' title='bbox 465 1521 606 1577; x_wconf 81' lang='lat' dir='ltr'><strong>facta</strong></span> <span class='ocrx_word' id='word_1_98' title='bbox 680 1532 768 1579; x_wconf 88' lang='lat' dir='ltr'><strong>est</strong></span> <span class='ocrx_word' id='word_1_99' title='bbox 836 1525 1127 1594; x_wconf 63' lang='lat' dir='ltr'><strong>praeceptis</strong></span> <span class='ocrx_word' id='word_1_100' title='bbox 1194 1531 1513 1582; x_wconf 88' lang='lat' dir='ltr'><strong>sanctorum</strong></span> <span class='ocrx_word' id='word_1_101' title='bbox 1577 1525 1847 1592; x_wconf 79' lang='lat' dir='ltr'><strong>amabilis,</strong></span> 
     </span>
    </p>
   </div>
   <div class='ocr_carea' id='block_1_16' title="bbox 272 1615 1231 1683">
    <p class='ocr_par' dir='ltr' id='par_1_16' title="bbox 272 1615 1231 1683">
     <span class='ocr_line' id='line_1_16' title="bbox 272 1615 1231 1683; baseline 0.007 -17"><span class='ocrx_word' id='word_1_102' title='bbox 272 1624 582 1683; x_wconf 86' lang='lat' dir='ltr'><strong>eorumque</strong></span> <span class='ocrx_word' id='word_1_103' title='bbox 619 1615 1000 1670; x_wconf 84' lang='lat' dir='ltr'><strong>sanctionibus</strong></span> <span class='ocrx_word' id='word_1_104' title='bbox 1029 1629 1231 1673; x_wconf 89' lang='lat' dir='ltr'><strong>comes.</strong></span> 
     </span>
    </p>
   </div>
   <div class='ocr_carea' id='block_1_17' title="bbox 343 1681 1923 1770">
    <p class='ocr_par' dir='ltr' id='par_1_17' title="bbox 343 1681 1923 1770">
     <span class='ocr_line' id='line_1_17' title="bbox 343 1681 1923 1770; baseline 0.003 -15"><span class='ocrx_word' id='word_1_105' title='bbox 343 1701 656 1758; x_wconf 84' lang='lat' dir='ltr'><strong>Accedente</strong></span> <span class='ocrx_word' id='word_1_106' title='bbox 687 1717 815 1759; x_wconf 75' lang='lat' dir='ltr'><strong>vero</strong></span> <span class='ocrx_word' id='word_1_107' title='bbox 847 1713 1028 1770; x_wconf 83' lang='lat' dir='ltr'><strong>nocte,</strong></span> <span class='ocrx_word' id='word_1_108' title='bbox 1053 1713 1106 1760; x_wconf 91' lang='lat' dir='ltr'><strong>et</strong></span> <span class='ocrx_word' id='word_1_109' title='bbox 1133 1705 1364 1763; x_wconf 85' lang='lat' dir='ltr'><strong>orientis</strong></span> <span class='ocrx_word' id='word_1_110' title='bbox 1389 1706 1719 1762; x_wconf 79' lang='lat' dir='ltr'><strong>succedente</strong></span> <span class='ocrx_word' id='word_1_111' title='bbox 1739 1706 1850 1761; x_wconf 83' lang='lat' dir='ltr'><strong>cla-</strong></span> <span class='ocrx_word' id='word_1_112' title='bbox 1877 1681 1923 1738; x_wconf 74' lang='grc' dir='ltr'><strong>Β</strong></span> 
     </span>
    </p>
   </div>
   <div class='ocr_carea' id='block_1_18' title="bbox 273 1792 1846 1859">
    <p class='ocr_par' dir='ltr' id='par_1_18' title="bbox 273 1792 1846 1859">
     <span class='ocr_line' id='line_1_18' title="bbox 273 1792 1846 1859; baseline 0 -11"><span class='ocrx_word' id='word_1_113' title='bbox 273 1793 456 1859; x_wconf 80' lang='lat' dir='ltr'><strong>ritate,</strong></span> <span class='ocrx_word' id='word_1_114' title='bbox 484 1793 680 1850; x_wconf 86' lang='lat' dir='ltr'><strong>iterum</strong></span> <span class='ocrx_word' id='word_1_115' title='bbox 707 1792 1000 1850; x_wconf 88' lang='lat' dir='ltr'><strong>dormienti</strong></span> <span class='ocrx_word' id='word_1_116' title='bbox 1029 1795 1192 1852; x_wconf 79' lang='lat' dir='ltr'><strong>Gesio</strong></span> <span class='ocrx_word' id='word_1_117' title='bbox 1211 1796 1380 1852; x_wconf 77' lang='lat' dir='ltr'><strong>divini</strong></span> <span class='ocrx_word' id='word_1_118' title='bbox 1412 1799 1678 1853; x_wconf 86' lang='lat' dir='ltr'><strong>assistunt</strong></span> <span class='ocrx_word' id='word_1_119' title='bbox 1709 1813 1846 1852; x_wconf 87' lang='lat' dir='ltr'><strong>mar.</strong></span> 
     </span>
    </p>
   </div>
   <div class='ocr_carea' id='block_1_19' title="bbox 275 1885 1850 1963">
    <p class='ocr_par' dir='ltr' id='par_1_19' title="bbox 275 1885 1850 1963">
     <span class='ocr_line' id='line_1_19' title="bbox 275 1885 1850 1963; baseline 0.006 -25"><span class='ocrx_word' id='word_1_120' title='bbox 275 1893 443 1954; x_wconf 54' lang='grc' dir='ltr'><strong>ιιι-οε,</strong></span> <span class='ocrx_word' id='word_1_121' title='bbox 479 1885 532 1941; x_wconf 79' lang='lat' dir='ltr'><strong>et</strong></span> <span class='ocrx_word' id='word_1_122' title='bbox 584 1895 954 1958; x_wconf 78' lang='lat' dir='ltr'><strong>perpetratum</strong></span> <span class='ocrx_word' id='word_1_123' title='bbox 1003 1887 1060 1944; x_wconf 89' lang='lat' dir='ltr'><strong>in</strong></span> <span class='ocrx_word' id='word_1_124' title='bbox 1107 1905 1168 1946; x_wconf 88' lang='lat' dir='ltr'><strong>sc</strong></span> <span class='ocrx_word' id='word_1_125' title='bbox 1223 1899 1505 1960; x_wconf 82' lang='lat' dir='ltr'><strong>peccatum</strong></span> <span class='ocrx_word' id='word_1_126' title='bbox 1570 1891 1636 1946; x_wconf 90' lang='lat' dir='ltr'><strong>ad</strong></span> <span class='ocrx_word' id='word_1_127' title='bbox 1676 1891 1850 1963; x_wconf 85' lang='lat' dir='ltr'><strong>ipsius</strong></span> 
     </span>
    </p>
   </div>
   <div class='ocr_carea' id='block_1_20' title="bbox 195 1975 1852 2055">
    <p class='ocr_par' dir='ltr' id='par_1_20' title="bbox 195 1975 1852 2055">
     <span class='ocr_line' id='line_1_20' title="bbox 195 1975 1852 2055; baseline 0.005 -25"><span class='ocrx_word' id='word_1_128' title='bbox 195 2032 205 2041; x_wconf 66' lang='grc'><strong>,</strong></span> <span class='ocrx_word' id='word_1_129' title='bbox 273 1975 609 2032; x_wconf 81' lang='lat' dir='ltr'><strong>reducebant</strong></span> <span class='ocrx_word' id='word_1_130' title='bbox 639 1979 978 2049; x_wconf 79' lang='lat' dir='ltr'><strong>gratulanter</strong></span> <span class='ocrx_word' id='word_1_131' title='bbox 1003 1983 1694 2048; x_wconf 82' lang='lat' dir='ltr'><strong>memoriam,asserentes,</strong></span> <span class='ocrx_word' id='word_1_132' title='bbox 1722 1983 1852 2055; x_wconf 86' lang='lat' dir='ltr'><strong>quia</strong></span> 
     </span>
    </p>
   </div>
   <div class='ocr_carea' id='block_1_21' title="bbox 273 2069 1850 2145">
    <p class='ocr_par' dir='ltr' id='par_1_21' title="bbox 273 2069 1850 2145">
     <span class='ocr_line' id='line_1_21' title="bbox 273 2069 1850 2145; baseline 0.004 -21"><span class='ocrx_word' id='word_1_133' title='bbox 273 2069 322 2124; x_wconf 79' lang='lat' dir='ltr'><strong>si</strong></span> <span class='ocrx_word' id='word_1_134' title='bbox 361 2069 546 2126; x_wconf 87' lang='lat' dir='ltr'><strong>omnia</strong></span> <span class='ocrx_word' id='word_1_135' title='bbox 599 2086 720 2142; x_wconf 78' lang='lat' dir='ltr'><strong>qua:</strong></span> <span class='ocrx_word' id='word_1_136' title='bbox 759 2087 788 2126; x_wconf 91' lang='lat' dir='ltr'><strong>a</strong></span> <span class='ocrx_word' id='word_1_137' title='bbox 837 2072 995 2128; x_wconf 84' lang='lat' dir='ltr'><strong>nobis</strong></span> <span class='ocrx_word' id='word_1_138' title='bbox 1039 2070 1280 2129; x_wconf 75' lang='lat' dir='ltr'><strong>remedia</strong></span> <span class='ocrx_word' id='word_1_139' title='bbox 1330 2075 1714 2145; x_wconf 80' lang='lat' dir='ltr'><strong>languentibus</strong></span> <span class='ocrx_word' id='word_1_140' title='bbox 1747 2077 1850 2130; x_wconf 59' lang='lat' dir='ltr'><strong>tri.</strong></span> 
     </span>
    </p>
   </div>
   <div class='ocr_carea' id='block_1_22' title="bbox 273 2159 1849 2235">
    <p class='ocr_par' dir='ltr' id='par_1_22' title="bbox 273 2159 1849 2235">
     <span class='ocr_line' id='line_1_22' title="bbox 273 2159 1849 2235; baseline 0.004 -21"><span class='ocrx_word' id='word_1_141' title='bbox 273 2159 540 2228; x_wconf 85' lang='lat' dir='ltr'><strong>buuntur,</strong></span> <span class='ocrx_word' id='word_1_142' title='bbox 561 2162 870 2232; x_wconf 87' lang='lat' dir='ltr'><strong>priscorum</strong></span> <span class='ocrx_word' id='word_1_143' title='bbox 901 2165 993 2234; x_wconf 86' lang='lat' dir='ltr'><strong>qui</strong></span> <span class='ocrx_word' id='word_1_144' title='bbox 1019 2163 1330 2235; x_wconf 85' lang='lat' dir='ltr'><strong>consumpti</strong></span> <span class='ocrx_word' id='word_1_145' title='bbox 1359 2175 1488 2220; x_wconf 90' lang='lat' dir='ltr'><strong>sunt</strong></span> <span class='ocrx_word' id='word_1_146' title='bbox 1510 2165 1849 2222; x_wconf 79' lang='lat' dir='ltr'><strong>medicorum</strong></span> 
     </span>
    </p>
   </div>
   <div class='ocr_carea' id='block_1_23' title="bbox 273 2253 1852 2331">
    <p class='ocr_par' dir='ltr' id='par_1_23' title="bbox 273 2253 1852 2331">
     <span class='ocr_line' id='line_1_23' title="bbox 273 2253 1852 2331; baseline 0.007 -26"><span class='ocrx_word' id='word_1_147' title='bbox 273 2253 357 2308; x_wconf 78' lang='lat' dir='ltr'><strong>vis</strong></span> <span class='ocrx_word' id='word_1_148' title='bbox 387 2268 512 2310; x_wconf 85' lang='lat' dir='ltr'><strong>esse</strong></span> <span class='ocrx_word' id='word_1_149' title='bbox 543 2255 914 2324; x_wconf 83' lang='lat' dir='ltr'><strong>inventiones,</strong></span> <span class='ocrx_word' id='word_1_150' title='bbox 944 2255 1036 2312; x_wconf 91' lang='lat' dir='ltr'><strong>dic</strong></span> <span class='ocrx_word' id='word_1_151' title='bbox 1068 2256 1159 2312; x_wconf 89' lang='lat' dir='ltr'><strong>ubi</strong></span> <span class='ocrx_word' id='word_1_152' title='bbox 1193 2257 1470 2328; x_wconf 83' lang='lat' dir='ltr'><strong>passionis</strong></span> <span class='ocrx_word' id='word_1_153' title='bbox 1501 2266 1605 2312; x_wconf 65' lang='lat' dir='ltr'><strong>tua:</strong></span> <span class='ocrx_word' id='word_1_154' title='bbox 1647 2256 1852 2331; x_wconf 85' lang='lat' dir='ltr'><strong>llippo-</strong></span> 
     </span>
    </p>
   </div>
   <div class='ocr_carea' id='block_1_24' title="bbox 271 2340 1848 2421">
    <p class='ocr_par' dir='ltr' id='par_1_24' title="bbox 271 2340 1848 2421">
     <span class='ocr_line' id='line_1_24' title="bbox 271 2340 1848 2421; baseline 0.004 -25"><span class='ocrx_word' id='word_1_155' title='bbox 271 2340 455 2400; x_wconf 71' lang='lat' dir='ltr'><strong>crates</strong></span> <span class='ocrx_word' id='word_1_156' title='bbox 478 2353 606 2401; x_wconf 79' lang='lat' dir='ltr'><strong>tntis</strong></span> <span class='ocrx_word' id='word_1_157' title='bbox 644 2343 1027 2416; x_wconf 76' lang='lat' dir='ltr'><strong>a&#39;djuvamenta</strong></span> <span class='ocrx_word' id='word_1_158' title='bbox 1049 2346 1447 2421; x_wconf 77' lang='lat' dir='ltr'><strong>descripserit?</strong></span> <span class='ocrx_word' id='word_1_159' title='bbox 1472 2349 1554 2405; x_wconf 78' lang='lat' dir='ltr'><strong>vel</strong></span> <span class='ocrx_word' id='word_1_160' title='bbox 1587 2343 1848 2419; x_wconf 73' lang='lat' dir='ltr'><strong>Galenus,</strong></span> 
     </span>
    </p>
   </div>
   <div class='ocr_carea' id='block_1_25' title="bbox 271 2436 1848 2510">
    <p class='ocr_par' dir='ltr' id='par_1_25' title="bbox 271 2436 1848 2510">
     <span class='ocr_line' id='line_1_25' title="bbox 271 2436 1848 2510; baseline 0.004 -20"><span class='ocrx_word' id='word_1_161' title='bbox 271 2437 366 2506; x_wconf 86' lang='lat' dir='ltr'><strong>qui</strong></span> <span class='ocrx_word' id='word_1_162' title='bbox 396 2436 538 2506; x_wconf 88' lang='lat' dir='ltr'><strong>apud</strong></span> <span class='ocrx_word' id='word_1_163' title='bbox 565 2445 618 2492; x_wconf 89' lang='lat' dir='ltr'><strong>te</strong></span> <span class='ocrx_word' id='word_1_164' title='bbox 643 2437 910 2494; x_wconf 84' lang='lat' dir='ltr'><strong>mirabilis</strong></span> <span class='ocrx_word' id='word_1_165' title='bbox 936 2439 1276 2510; x_wconf 86' lang='lat' dir='ltr'><strong>perhibetur,</strong></span> <span class='ocrx_word' id='word_1_166' title='bbox 1303 2440 1545 2496; x_wconf 79' lang='lat' dir='ltr'><strong>dixerit?</strong></span> <span class='ocrx_word' id='word_1_167' title='bbox 1568 2442 1660 2497; x_wconf 89' lang='lat' dir='ltr'><strong>ubi</strong></span> <span class='ocrx_word' id='word_1_168' title='bbox 1685 2442 1848 2498; x_wconf 88' lang='lat' dir='ltr'><strong>etiam</strong></span> 
     </span>
    </p>
   </div>
   <div class='ocr_carea' id='block_1_26' title="bbox 273 2527 1853 2604">
    <p class='ocr_par' dir='ltr' id='par_1_26' title="bbox 273 2527 1853 2604">
     <span class='ocr_line' id='line_1_26' title="bbox 273 2527 1853 2604; baseline 0.004 -22"><span class='ocrx_word' id='word_1_169' title='bbox 273 2529 388 2584; x_wconf 77' lang='lat' dir='ltr'><strong>lucc</strong></span> <span class='ocrx_word' id='word_1_170' title='bbox 440 2527 778 2587; x_wconf 82' lang='lat' dir='ltr'><strong>Democritus</strong></span> <span class='ocrx_word' id='word_1_171' title='bbox 831 2530 1032 2588; x_wconf 83' lang='lat' dir='ltr'><strong>elIatus</strong></span> <span class='ocrx_word' id='word_1_172' title='bbox 1085 2531 1296 2588; x_wconf 80' lang='lat' dir='ltr'><strong>fuerit?</strong></span> <span class='ocrx_word' id='word_1_173' title='bbox 1340 2541 1430 2588; x_wconf 87' lang='lat' dir='ltr'><strong>aut</strong></span> <span class='ocrx_word' id='word_1_174' title='bbox 1499 2533 1641 2590; x_wconf 84' lang='lat' dir='ltr'><strong>alius</strong></span> <span class='ocrx_word' id='word_1_175' title='bbox 1695 2535 1853 2604; x_wconf 86' lang='lat' dir='ltr'><strong>quis-</strong></span> 
     </span>
    </p>
   </div>
   <div class='ocr_carea' id='block_1_27' title="bbox 269 2621 1849 2692">
    <p class='ocr_par' dir='ltr' id='par_1_27' title="bbox 269 2621 1849 2692">
     <span class='ocr_line' id='line_1_27' title="bbox 269 2621 1849 2692; baseline 0.006 -19"><span class='ocrx_word' id='word_1_176' title='bbox 269 2631 435 2692; x_wconf 84' lang='lat' dir='ltr'><strong>quam</strong></span> <span class='ocrx_word' id='word_1_177' title='bbox 475 2636 542 2678; x_wconf 69' lang='grc' dir='ltr'><strong>ει</strong></span> <span class='ocrx_word' id='word_1_178' title='bbox 599 2621 826 2680; x_wconf 78' lang='lat' dir='ltr'><strong>faunasis</strong></span> <span class='ocrx_word' id='word_1_179' title='bbox 875 2625 1103 2680; x_wconf 90' lang='lat' dir='ltr'><strong>medicis</strong></span> <span class='ocrx_word' id='word_1_180' title='bbox 1153 2625 1348 2680; x_wconf 89' lang='lat' dir='ltr'><strong>horum</strong></span> <span class='ocrx_word' id='word_1_181' title='bbox 1399 2627 1716 2680; x_wconf 82' lang='lat' dir='ltr'><strong>memoriam</strong></span> <span class='ocrx_word' id='word_1_182' title='bbox 1770 2626 1849 2682; x_wconf 81' lang='lat' dir='ltr'><strong>fe-</strong></span> 
     </span>
    </p>
   </div>
   <div class='ocr_carea' id='block_1_28' title="bbox 271 2713 1850 2786">
    <p class='ocr_par' dir='ltr' id='par_1_28' title="bbox 271 2713 1850 2786">
     <span class='ocr_line' id='line_1_28' title="bbox 271 2713 1850 2786; baseline 0.003 -18"><span class='ocrx_word' id='word_1_183' title='bbox 271 2713 445 2768; x_wconf 78' lang='lat' dir='ltr'><strong>cerit?</strong></span> <span class='ocrx_word' id='word_1_184' title='bbox 468 2713 528 2766; x_wconf 81' lang='lat' dir='ltr'><strong>Et</strong></span> <span class='ocrx_word' id='word_1_185' title='bbox 554 2714 599 2770; x_wconf 87' lang='lat' dir='ltr'><strong>si</strong></span> <span class='ocrx_word' id='word_1_186' title='bbox 627 2714 744 2770; x_wconf 71' lang='lat' dir='ltr'><strong>haec</strong></span> <span class='ocrx_word' id='word_1_187' title='bbox 767 2715 911 2786; x_wconf 88' lang='lat' dir='ltr'><strong>apud</strong></span> <span class='ocrx_word' id='word_1_188' title='bbox 944 2731 1040 2772; x_wconf 91' lang='lat' dir='ltr'><strong>eos</strong></span> <span class='ocrx_word' id='word_1_189' title='bbox 1067 2717 1347 2772; x_wconf 82' lang='lat' dir='ltr'><strong>inveneris</strong></span> <span class='ocrx_word' id='word_1_190' title='bbox 1375 2716 1543 2781; x_wconf 84' lang='lat' dir='ltr'><strong>dicta,</strong></span> <span class='ocrx_word' id='word_1_191' title='bbox 1565 2725 1619 2772; x_wconf 89' lang='lat' dir='ltr'><strong>et</strong></span> <span class='ocrx_word' id='word_1_192' title='bbox 1638 2717 1705 2773; x_wconf 87' lang='lat' dir='ltr'><strong>de</strong></span> <span class='ocrx_word' id='word_1_193' title='bbox 1728 2719 1850 2774; x_wconf 83' lang='lat' dir='ltr'><strong>aliis</strong></span> 
     </span>
    </p>
   </div>
   <div class='ocr_carea' id='block_1_29' title="bbox 155 2803 1850 2881">
    <p class='ocr_par' dir='ltr' id='par_1_29' title="bbox 155 2803 1850 2881">
     <span class='ocr_line' id='line_1_29' title="bbox 155 2803 1850 2881; baseline 0.004 -25"><span class='ocrx_word' id='word_1_194' title='bbox 155 2873 166 2881; x_wconf 36' lang='lat'><em>.</em></span> <span class='ocrx_word' id='word_1_195' title='bbox 271 2817 488 2874; x_wconf 84' lang='lat' dir='ltr'><strong>quoque</strong></span> <span class='ocrx_word' id='word_1_196' title='bbox 522 2803 808 2861; x_wconf 86' lang='lat' dir='ltr'><strong>veritatem</strong></span> <span class='ocrx_word' id='word_1_197' title='bbox 841 2805 998 2862; x_wconf 85' lang='lat' dir='ltr'><strong>dices</strong></span> <span class='ocrx_word' id='word_1_198' title='bbox 1027 2805 1246 2862; x_wconf 75' lang='lat' dir='ltr'><strong>aﬂ&#39;atus.</strong></span> <span class='ocrx_word' id='word_1_199' title='bbox 1279 2804 1436 2873; x_wconf 82' lang='lat' dir='ltr'><strong>Quod</strong></span> <span class='ocrx_word' id='word_1_200' title='bbox 1478 2805 1526 2861; x_wconf 89' lang='lat' dir='ltr'><strong>si</strong></span> <span class='ocrx_word' id='word_1_201' title='bbox 1577 2807 1685 2861; x_wconf 88' lang='lat' dir='ltr'><strong>tale</strong></span> <span class='ocrx_word' id='word_1_202' title='bbox 1712 2807 1850 2862; x_wconf 90' lang='lat' dir='ltr'><strong>nihil</strong></span> 
     </span>
    </p>
   </div>
   <div class='ocr_carea' id='block_1_30' title="bbox 270 2893 1850 2968">
    <p class='ocr_par' dir='ltr' id='par_1_30' title="bbox 270 2893 1850 2968">
     <span class='ocr_line' id='line_1_30' title="bbox 270 2893 1850 2968; baseline 0.004 -20"><span class='ocrx_word' id='word_1_203' title='bbox 270 2893 396 2950; x_wconf 86' lang='lat' dir='ltr'><strong>illos</strong></span> <span class='ocrx_word' id='word_1_204' title='bbox 421 2895 629 2952; x_wconf 72' lang='lat' dir='ltr'><strong>dixisse</strong></span> <span class='ocrx_word' id='word_1_205' title='bbox 667 2897 1008 2968; x_wconf 83' lang='lat' dir='ltr'><strong>probaveris.</strong></span> <span class='ocrx_word' id='word_1_206' title='bbox 1047 2909 1324 2968; x_wconf 80' lang='lat' dir='ltr'><strong>cognosce</strong></span> <span class='ocrx_word' id='word_1_207' title='bbox 1371 2905 1540 2953; x_wconf 70' lang='lat' dir='ltr'><strong>tumet</strong></span> <span class='ocrx_word' id='word_1_208' title='bbox 1582 2899 1748 2953; x_wconf 87' lang='lat' dir='ltr'><strong>etiam</strong></span> <span class='ocrx_word' id='word_1_209' title='bbox 1782 2899 1850 2954; x_wconf 90' lang='lat' dir='ltr'><strong>de</strong></span> 
     </span>
    </p>
   </div>
   <div class='ocr_carea' id='block_1_31' title="bbox 271 2982 1919 3081">
    <p class='ocr_par' dir='ltr' id='par_1_31' title="bbox 271 2982 1919 3081">
     <span class='ocr_line' id='line_1_31' title="bbox 271 2982 1919 3081; baseline 0.005 -42"><span class='ocrx_word' id='word_1_210' title='bbox 271 2987 396 3041; x_wconf 89' lang='lat' dir='ltr'><strong>aliis</strong></span> <span class='ocrx_word' id='word_1_211' title='bbox 421 2982 702 3044; x_wconf 77' lang='lat' dir='ltr'><strong>exstitisse</strong></span> <span class='ocrx_word' id='word_1_212' title='bbox 731 2989 1042 3044; x_wconf 86' lang='lat' dir='ltr'><strong>mentitum.</strong></span> <span class='ocrx_word' id='word_1_213' title='bbox 1079 2989 1266 3060; x_wconf 84' lang='lat' dir='ltr'><strong>Itaque</strong></span> <span class='ocrx_word' id='word_1_214' title='bbox 1291 2991 1468 3044; x_wconf 85' lang='lat' dir='ltr'><strong>sancti</strong></span> <span class='ocrx_word' id='word_1_215' title='bbox 1509 3005 1634 3045; x_wconf 89' lang='lat' dir='ltr'><strong>cum</strong></span> <span class='ocrx_word' id='word_1_216' title='bbox 1670 2990 1850 3046; x_wconf 87' lang='lat' dir='ltr'><strong>taliter</strong></span> <span class='ocrx_word' id='word_1_217' title='bbox 1876 3023 1919 3081; x_wconf 67' lang='grc' dir='ltr'>ο</span> 
     </span>
    </p>
   </div>
   <div class='ocr_carea' id='block_1_32' title="bbox 270 3078 1851 3158">
    <p class='ocr_par' dir='ltr' id='par_1_32' title="bbox 270 3078 1851 3158">
     <span class='ocr_line' id='line_1_32' title="bbox 270 3078 1851 3158; baseline 0.005 -24"><span class='ocrx_word' id='word_1_218' title='bbox 270 3078 493 3158; x_wconf 77' lang='lat' dir='ltr'><strong>Gesium</strong></span> <span class='ocrx_word' id='word_1_219' title='bbox 525 3079 918 3149; x_wconf 71' lang='lat' dir='ltr'><strong>publicaSsent,</strong></span> <span class='ocrx_word' id='word_1_220' title='bbox 949 3086 1002 3137; x_wconf 90' lang='lat' dir='ltr'><strong>et</strong></span> <span class='ocrx_word' id='word_1_221' title='bbox 1031 3080 1482 3139; x_wconf 80' lang='lat' dir='ltr'><strong>calumniatorem</strong></span> <span class='ocrx_word' id='word_1_222' title='bbox 1503 3083 1851 3156; x_wconf 79' lang='lat' dir='ltr'><strong>esseliquido</strong></span> 
     </span>
    </p>
   </div>
   <div class='ocr_carea' id='block_1_33' title="bbox 271 3171 1395 3237">
    <p class='ocr_par' dir='ltr' id='par_1_33' title="bbox 271 3171 1395 3237">
     <span class='ocr_line' id='line_1_33' title="bbox 271 3171 1395 3237; baseline 0.005 -11"><span class='ocrx_word' id='word_1_223' title='bbox 271 3171 664 3237; x_wconf 80' lang='lat' dir='ltr'><strong>convicissent,</strong></span> <span class='ocrx_word' id='word_1_224' title='bbox 700 3173 972 3228; x_wconf 87' lang='lat' dir='ltr'><strong>somnium</strong></span> <span class='ocrx_word' id='word_1_225' title='bbox 1003 3173 1395 3232; x_wconf 86' lang='lat' dir='ltr'><strong>dissolverunt&#39;.</strong></span> 
     </span>
    </p>
   </div>
   <div class='ocr_carea' id='block_1_34' title="bbox 342 3259 1850 3332">
    <p class='ocr_par' dir='ltr' id='par_1_34' title="bbox 342 3259 1850 3332">
     <span class='ocr_line' id='line_1_34' title="bbox 342 3259 1850 3332; baseline 0.005 -20"><span class='ocrx_word' id='word_1_226' title='bbox 342 3259 439 3314; x_wconf 84' lang='lat' dir='ltr'><strong>ille</strong></span> <span class='ocrx_word' id='word_1_227' title='bbox 467 3273 597 3315; x_wconf 81' lang='lat' dir='ltr'><strong>vero</strong></span> <span class='ocrx_word' id='word_1_228' title='bbox 621 3260 786 3316; x_wconf 89' lang='lat' dir='ltr'><strong>etiam</strong></span> <span class='ocrx_word' id='word_1_229' title='bbox 814 3271 1108 3332; x_wconf 87' lang='lat' dir='ltr'><strong>soporatus</strong></span> <span class='ocrx_word' id='word_1_230' title='bbox 1143 3261 1442 3328; x_wconf 87' lang='lat' dir='ltr'><strong>obmutuit,</strong></span> <span class='ocrx_word' id='word_1_231' title='bbox 1483 3262 1618 3318; x_wconf 90' lang='lat' dir='ltr'><strong>nihil</strong></span> <span class='ocrx_word' id='word_1_232' title='bbox 1643 3263 1850 3320; x_wconf 84' lang='lat' dir='ltr'><strong>habens</strong></span> 
     </span>
    </p>
   </div>
   <div class='ocr_carea' id='block_1_35' title="bbox 273 3351 1848 3429">
    <p class='ocr_par' dir='ltr' id='par_1_35' title="bbox 273 3351 1848 3429">
     <span class='ocr_line' id='line_1_35' title="bbox 273 3351 1848 3429; baseline 0.004 -25"><span class='ocrx_word' id='word_1_233' title='bbox 273 3351 326 3404; x_wconf 84' lang='lat' dir='ltr'><strong>in</strong></span> <span class='ocrx_word' id='word_1_234' title='bbox 351 3366 460 3418; x_wconf 78' lang='lat' dir='ltr'><strong>quo</strong></span> <span class='ocrx_word' id='word_1_235' title='bbox 481 3352 814 3425; x_wconf 82' lang='lat' dir='ltr'><strong>martyribus</strong></span> <span class='ocrx_word' id='word_1_236' title='bbox 831 3354 1230 3412; x_wconf 88' lang='lat' dir='ltr'><strong>contradiceret</strong></span> <span class='ocrx_word' id='word_1_237' title='bbox 1258 3364 1346 3411; x_wconf 85' lang='lat' dir='ltr'><strong>:ct</strong></span> <span class='ocrx_word' id='word_1_238' title='bbox 1369 3371 1490 3412; x_wconf 90' lang='lat' dir='ltr'><strong>cum</strong></span> <span class='ocrx_word' id='word_1_239' title='bbox 1509 3356 1848 3429; x_wconf 75' lang='lat' dir='ltr'><strong>evigilasset,</strong></span> 
     </span>
    </p>
   </div>
   <div class='ocr_carea' id='block_1_36' title="bbox 272 3442 1850 3521">
    <p class='ocr_par' dir='ltr' id='par_1_36' title="bbox 272 3442 1850 3521">
     <span class='ocr_line' id='line_1_36' title="bbox 272 3442 1850 3521; baseline 0.003 -20"><span class='ocrx_word' id='word_1_240' title='bbox 272 3442 614 3515; x_wconf 81' lang='lat' dir='ltr'><strong>stupcllebat,</strong></span> <span class='ocrx_word' id='word_1_241' title='bbox 675 3447 1138 3518; x_wconf 85' lang='lat' dir='ltr'><strong>sapientissimam</strong></span> <span class='ocrx_word' id='word_1_242' title='bbox 1186 3448 1628 3521; x_wconf 76' lang='lat' dir='ltr'><strong>redargntionem</strong></span> <span class='ocrx_word' id='word_1_243' title='bbox 1672 3450 1850 3506; x_wconf 84' lang='lat' dir='ltr'><strong>admi-</strong></span> 
     </span>
    </p>
   </div>
   <div class='ocr_carea' id='block_1_37' title="bbox 274 3528 1887 3610">
    <p class='ocr_par' dir='ltr' id='par_1_37' title="bbox 274 3528 1887 3610">
     <span class='ocr_line' id='line_1_37' title="bbox 274 3528 1887 3610; baseline 0.004 -20"><span class='ocrx_word' id='word_1_244' title='bbox 274 3547 426 3591; x_wconf 86' lang='lat' dir='ltr'><strong>rans.</strong></span> <span class='ocrx_word' id='word_1_245' title='bbox 457 3528 686 3607; x_wconf 79' lang='lat' dir='ltr'><strong>Hymnis</strong></span> <span class='ocrx_word' id='word_1_246' title='bbox 711 3551 842 3610; x_wconf 71' lang='lat' dir='ltr'><strong>ergo</strong></span> <span class='ocrx_word' id='word_1_247' title='bbox 883 3537 1142 3594; x_wconf 79' lang='lat' dir='ltr'><strong>\irtutcm</strong></span> <span class='ocrx_word' id='word_1_248' title='bbox 1177 3547 1495 3594; x_wconf 84' lang='lat' dir='ltr'><strong>sanctorum</strong></span> <span class='ocrx_word' id='word_1_249' title='bbox 1520 3538 1846 3610; x_wconf 63' lang='lat' dir='ltr'><strong>praedicans,</strong></span> <span class='ocrx_word' id='word_1_250' title='bbox 1882 3564 1887 3569; x_wconf 75' lang='lat'><strong><em>-</em></strong></span> 
     </span>
    </p>
   </div>
   <div class='ocr_carea' id='block_1_38' title="bbox 269 3626 1851 3702">
    <p class='ocr_par' dir='ltr' id='par_1_38' title="bbox 269 3626 1851 3702">
     <span class='ocr_line' id='line_1_38' title="bbox 269 3626 1851 3702; baseline 0.003 -18"><span class='ocrx_word' id='word_1_251' title='bbox 269 3637 326 3684; x_wconf 82' lang='lat' dir='ltr'><strong>ct</strong></span> <span class='ocrx_word' id='word_1_252' title='bbox 353 3629 618 3686; x_wconf 78' lang='lat' dir='ltr'><strong>divinitus</strong></span> <span class='ocrx_word' id='word_1_253' title='bbox 657 3626 752 3687; x_wconf 85' lang='lat' dir='ltr'><strong>eos</strong></span> <span class='ocrx_word' id='word_1_254' title='bbox 782 3645 980 3687; x_wconf 82' lang='lat' dir='ltr'><strong>sanare</strong></span> <span class='ocrx_word' id='word_1_255' title='bbox 1005 3631 1096 3702; x_wconf 88' lang='lat' dir='ltr'><strong>qui</strong></span> <span class='ocrx_word' id='word_1_256' title='bbox 1128 3631 1416 3702; x_wconf 88' lang='lat' dir='ltr'><strong>patiuntur</strong></span> <span class='ocrx_word' id='word_1_257' title='bbox 1457 3631 1748 3695; x_wconf 79' lang='lat' dir='ltr'><strong>conﬁtens,</strong></span> <span class='ocrx_word' id='word_1_258' title='bbox 1781 3632 1851 3688; x_wconf 87' lang='lat' dir='ltr'><strong>ab</strong></span> 
     </span>
    </p>
   </div>
   <div class='ocr_carea' id='block_1_39' title="bbox 271 3721 1848 3780">
    <p class='ocr_par' dir='ltr' id='par_1_39' title="bbox 271 3721 1848 3780">
     <span class='ocr_line' id='line_1_39' title="bbox 271 3721 1848 3780; baseline 0.002 -5"><span class='ocrx_word' id='word_1_259' title='bbox 271 3735 466 3775; x_wconf 74' lang='lat' dir='ltr'><strong>eorum</strong></span> <span class='ocrx_word' id='word_1_260' title='bbox 507 3723 738 3778; x_wconf 77' lang='lat' dir='ltr'><strong>recessit</strong></span> <span class='ocrx_word' id='word_1_261' title='bbox 773 3721 1021 3779; x_wconf 75' lang='lat' dir='ltr'><strong>basilica.</strong></span> <span class='ocrx_word' id='word_1_262' title='bbox 1051 3722 1216 3776; x_wconf 81' lang='lat' dir='ltr'><strong>Aiunt</strong></span> <span class='ocrx_word' id='word_1_263' title='bbox 1239 3730 1421 3778; x_wconf 89' lang='lat' dir='ltr'><strong>autem</strong></span> <span class='ocrx_word' id='word_1_264' title='bbox 1449 3731 1672 3780; x_wconf 79' lang='lat' dir='ltr'><strong>sanctos</strong></span> <span class='ocrx_word' id='word_1_265' title='bbox 1709 3721 1848 3778; x_wconf 86' lang='lat' dir='ltr'><strong>Cos-</strong></span> 
     </span>
    </p>
   </div>
   <div class='ocr_carea' id='block_1_40' title="bbox 269 3813 1849 3880">
    <p class='ocr_par' dir='ltr' id='par_1_40' title="bbox 269 3813 1849 3880">
     <span class='ocr_line' id='line_1_40' title="bbox 269 3813 1849 3880; baseline 0.001 -13"><span class='ocrx_word' id='word_1_266' title='bbox 269 3826 414 3867; x_wconf 88' lang='lat' dir='ltr'><strong>tnam</strong></span> <span class='ocrx_word' id='word_1_267' title='bbox 439 3821 492 3868; x_wconf 88' lang='lat' dir='ltr'><strong>et</strong></span> <span class='ocrx_word' id='word_1_268' title='bbox 512 3813 854 3880; x_wconf 84' lang='lat' dir='ltr'><strong>Damianum,</strong></span> <span class='ocrx_word' id='word_1_269' title='bbox 892 3813 1088 3870; x_wconf 90' lang='lat' dir='ltr'><strong>horum</strong></span> <span class='ocrx_word' id='word_1_270' title='bbox 1109 3813 1459 3872; x_wconf 88' lang='lat' dir='ltr'><strong>conmedicos</strong></span> <span class='ocrx_word' id='word_1_271' title='bbox 1503 3822 1558 3870; x_wconf 89' lang='lat' dir='ltr'><strong>et</strong></span> <span class='ocrx_word' id='word_1_272' title='bbox 1589 3830 1849 3870; x_wconf 82' lang='lat' dir='ltr'><strong>conmar-</strong></span> 
     </span>
    </p>
   </div>
   <div class='ocr_carea' id='block_1_41' title="bbox 271 3899 1848 3978">
    <p class='ocr_par' dir='ltr' id='par_1_41' title="bbox 271 3899 1848 3978">
     <span class='ocr_line' id='line_1_41' title="bbox 271 3899 1848 3978; baseline 0.003 -22"><span class='ocrx_word' id='word_1_273' title='bbox 271 3913 440 3976; x_wconf 80' lang='lat' dir='ltr'><strong>tyres.</strong></span> <span class='ocrx_word' id='word_1_274' title='bbox 468 3907 576 3962; x_wconf 91' lang='lat' dir='ltr'><strong>tale</strong></span> <span class='ocrx_word' id='word_1_275' title='bbox 609 3907 740 3978; x_wconf 84' lang='lat' dir='ltr'><strong>quid</strong></span> <span class='ocrx_word' id='word_1_276' title='bbox 780 3907 1089 3978; x_wconf 75' lang='lat' dir='ltr'><strong>peregisse,</strong></span> <span class='ocrx_word' id='word_1_277' title='bbox 1136 3907 1281 3963; x_wconf 88' lang='lat' dir='ltr'><strong>sicut</strong></span> <span class='ocrx_word' id='word_1_278' title='bbox 1318 3902 1480 3962; x_wconf 90' lang='lat' dir='ltr'><strong>etiam</strong></span> <span class='ocrx_word' id='word_1_279' title='bbox 1516 3899 1648 3960; x_wconf 90' lang='lat' dir='ltr'><strong>illud</strong></span> <span class='ocrx_word' id='word_1_280' title='bbox 1682 3918 1848 3974; x_wconf 84' lang='lat' dir='ltr'><strong>para-</strong></span> 
     </span>
    </p>
   </div>
   <div class='ocr_carea' id='block_1_42' title="bbox 269 3991 1848 4070">
    <p class='ocr_par' dir='ltr' id='par_1_42' title="bbox 269 3991 1848 4070">
     <span class='ocr_line' id='line_1_42' title="bbox 269 3991 1848 4070; baseline 0 -18"><span class='ocrx_word' id='word_1_281' title='bbox 269 3998 422 4070; x_wconf 83' lang='lat' dir='ltr'><strong>lytici</strong></span> <span class='ocrx_word' id='word_1_282' title='bbox 443 4009 495 4056; x_wconf 91' lang='lat' dir='ltr'><strong>et</strong></span> <span class='ocrx_word' id='word_1_283' title='bbox 527 4012 693 4055; x_wconf 73' lang='lat' dir='ltr'><strong>mutae</strong></span> <span class='ocrx_word' id='word_1_284' title='bbox 727 3999 974 4056; x_wconf 89' lang='lat' dir='ltr'><strong>mulieris</strong></span> <span class='ocrx_word' id='word_1_285' title='bbox 1001 3999 1240 4068; x_wconf 67' lang='lat' dir='ltr'><strong>signum,</strong></span> <span class='ocrx_word' id='word_1_286' title='bbox 1262 4011 1361 4053; x_wconf 88' lang='lat' dir='ltr'><strong>nec</strong></span> <span class='ocrx_word' id='word_1_287' title='bbox 1385 4013 1495 4052; x_wconf 89' lang='lat' dir='ltr'><strong>non</strong></span> <span class='ocrx_word' id='word_1_288' title='bbox 1524 4007 1578 4052; x_wconf 90' lang='lat' dir='ltr'><strong>et</strong></span> <span class='ocrx_word' id='word_1_289' title='bbox 1607 3991 1848 4052; x_wconf 65' lang='lat' dir='ltr'><strong>Hebraea:</strong></span> 
     </span>
    </p>
   </div>
   <div class='ocr_carea' id='block_1_43' title="bbox 269 4091 1844 4161">
    <p class='ocr_par' dir='ltr' id='par_1_43' title="bbox 269 4091 1844 4161">
     <span class='ocr_line' id='line_1_43' title="bbox 269 4091 1844 4161; baseline 0 -16"><span class='ocrx_word' id='word_1_290' title='bbox 269 4107 394 4161; x_wconf 74' lang='grc' dir='ltr'><strong>ιιιιαι</strong></span> <span class='ocrx_word' id='word_1_291' title='bbox 462 4107 725 4148; x_wconf 89' lang='lat' dir='ltr'><strong>cancrum</strong></span> <span class='ocrx_word' id='word_1_292' title='bbox 779 4092 1046 4148; x_wconf 83' lang='lat' dir='ltr'><strong>habuerat</strong></span> <span class='ocrx_word' id='word_1_293' title='bbox 1095 4091 1430 4146; x_wconf 86' lang='lat' dir='ltr'><strong>intrinsecus</strong></span> <span class='ocrx_word' id='word_1_294' title='bbox 1489 4091 1844 4156; x_wconf 87' lang='lat' dir='ltr'><strong>occultatum,</strong></span> 
     </span>
    </p>
   </div>
   <div class='ocr_carea' id='block_1_44' title="bbox 228 4173 1846 4252">
    <p class='ocr_par' dir='ltr' id='par_1_44' title="bbox 228 4173 1846 4252">
     <span class='ocr_line' id='line_1_44' title="bbox 228 4173 1846 4252; baseline -0.001 -16"><span class='ocrx_word' id='word_1_295' title='bbox 228 4173 237 4198; x_wconf 87' lang='lat'><strong><em>&#39;</em></strong></span> <span class='ocrx_word' id='word_1_296' title='bbox 269 4181 447 4252; x_wconf 82' lang='lat' dir='ltr'><strong>Cyrus</strong></span> <span class='ocrx_word' id='word_1_297' title='bbox 477 4190 531 4236; x_wconf 88' lang='lat' dir='ltr'><strong>et</strong></span> <span class='ocrx_word' id='word_1_298' title='bbox 559 4179 800 4236; x_wconf 85' lang='lat' dir='ltr'><strong>Joannes</strong></span> <span class='ocrx_word' id='word_1_299' title='bbox 818 4174 1081 4250; x_wconf 72' lang='lat' dir='ltr'><strong>&#39;egerunt;</strong></span> <span class='ocrx_word' id='word_1_300' title='bbox 1107 4195 1226 4249; x_wconf 78' lang='lat' dir='ltr'><strong>qua:</strong></span> <span class='ocrx_word' id='word_1_301' title='bbox 1253 4179 1408 4233; x_wconf 90' lang='lat' dir='ltr'><strong>multi</strong></span> <span class='ocrx_word' id='word_1_302' title='bbox 1450 4184 1710 4250; x_wconf 89' lang='lat' dir='ltr'><strong>tanquam</strong></span> <span class='ocrx_word' id='word_1_303' title='bbox 1729 4179 1846 4234; x_wconf 85' lang='lat' dir='ltr'><strong>heri</strong></span> 
     </span>
    </p>
   </div>
   <div class='ocr_carea' id='block_1_45' title="bbox 267 4265 1846 4338">
    <p class='ocr_par' dir='ltr' id='par_1_45' title="bbox 267 4265 1846 4338">
     <span class='ocr_line' id='line_1_45' title="bbox 267 4265 1846 4338; baseline -0.001 -12"><span class='ocrx_word' id='word_1_304' title='bbox 267 4271 414 4326; x_wconf 77' lang='lat' dir='ltr'><strong>facta</strong></span> <span class='ocrx_word' id='word_1_305' title='bbox 447 4273 882 4328; x_wconf 83' lang='lat' dir='ltr'><strong>commemorant</strong></span> <span class='ocrx_word' id='word_1_306' title='bbox 911 4275 966 4325; x_wconf 91' lang='lat' dir='ltr'><strong>et</strong></span> <span class='ocrx_word' id='word_1_307' title='bbox 993 4269 1283 4338; x_wconf 72' lang='lat' dir='ltr'><strong>praeconiis</strong></span> <span class='ocrx_word' id='word_1_308' title='bbox 1311 4265 1566 4326; x_wconf 83' lang='lat' dir='ltr'><strong>eﬂ&#39;erunt.</strong></span> <span class='ocrx_word' id='word_1_309' title='bbox 1599 4268 1704 4325; x_wconf 82' lang='lat' dir='ltr'><strong>Sed</strong></span> <span class='ocrx_word' id='word_1_310' title='bbox 1731 4271 1846 4326; x_wconf 59' lang='lat' dir='ltr'><strong>haec</strong></span> 
     </span>
    </p>
   </div>
   <div class='ocr_carea' id='block_1_46' title="bbox 269 4453 1842 4526">
    <p class='ocr_par' dir='ltr' id='par_1_46' title="bbox 269 4453 1842 4526">
     <span class='ocr_line' id='line_1_46' title="bbox 269 4453 1842 4526; baseline 0 -17"><span class='ocrx_word' id='word_1_311' title='bbox 269 4455 738 4522; x_wconf 87' lang='lat' dir='ltr'><strong>transcurrimus;</strong></span> <span class='ocrx_word' id='word_1_312' title='bbox 779 4469 1020 4524; x_wconf 65' lang='lat' dir='ltr'><strong>praesens</strong></span> <span class='ocrx_word' id='word_1_313' title='bbox 1068 4470 1196 4510; x_wconf 74' lang='lat' dir='ltr'><strong>vero</strong></span> <span class='ocrx_word' id='word_1_314' title='bbox 1247 4453 1554 4526; x_wconf 74' lang='lat' dir='ltr'><strong>prodigium</strong></span> <span class='ocrx_word' id='word_1_315' title='bbox 1582 4453 1842 4526; x_wconf 85' lang='lat' dir='ltr'><strong>quoniam</strong></span> 
     </span>
    </p>
   </div>
   <div class='ocr_carea' id='block_1_47' title="bbox 269 4543 1847 4616">
    <p class='ocr_par' dir='ltr' id='par_1_47' title="bbox 269 4543 1847 4616">
     <span class='ocr_line' id='line_1_47' title="bbox 269 4543 1847 4616; baseline -0.004 -14"><span class='ocrx_word' id='word_1_316' title='bbox 269 4546 540 4616; x_wconf 81' lang='lat' dir='ltr'><strong>scriptum</strong></span> <span class='ocrx_word' id='word_1_317' title='bbox 584 4546 636 4601; x_wconf 93' lang='lat' dir='ltr'><strong>in</strong></span> <span class='ocrx_word' id='word_1_318' title='bbox 665 4547 745 4603; x_wconf 90' lang='lat' dir='ltr'><strong>eis</strong></span> <span class='ocrx_word' id='word_1_319' title='bbox 767 4561 878 4602; x_wconf 89' lang='lat' dir='ltr'><strong>non</strong></span> <span class='ocrx_word' id='word_1_320' title='bbox 905 4554 1008 4608; x_wconf 88' lang='lat' dir='ltr'><strong>est,</strong></span> <span class='ocrx_word' id='word_1_321' title='bbox 1041 4559 1143 4602; x_wconf 88' lang='lat' dir='ltr'><strong>nos</strong></span> <span class='ocrx_word' id='word_1_322' title='bbox 1169 4545 1366 4600; x_wconf 83' lang='lat' dir='ltr'><strong>merito</strong></span> <span class='ocrx_word' id='word_1_323' title='bbox 1400 4545 1748 4616; x_wconf 87' lang='lat' dir='ltr'><strong>scripsimus.</strong></span> <span class='ocrx_word' id='word_1_324' title='bbox 1779 4543 1847 4598; x_wconf 87' lang='lat' dir='ltr'><strong>Et</strong></span> 
     </span>
    </p>
   </div>
   <div class='ocr_carea' id='block_1_48' title="bbox 271 4633 1848 4708">
    <p class='ocr_par' dir='ltr' id='par_1_48' title="bbox 271 4633 1848 4708">
     <span class='ocr_line' id='line_1_48' title="bbox 271 4633 1848 4708; baseline 0 -14"><span class='ocrx_word' id='word_1_325' title='bbox 271 4652 452 4694; x_wconf 88' lang='lat' dir='ltr'><strong>memo</strong></span> <span class='ocrx_word' id='word_1_326' title='bbox 486 4637 717 4693; x_wconf 85' lang='lat' dir='ltr'><strong>miretur</strong></span> <span class='ocrx_word' id='word_1_327' title='bbox 759 4637 804 4694; x_wconf 89' lang='lat' dir='ltr'><strong>si</strong></span> <span class='ocrx_word' id='word_1_328' title='bbox 836 4636 1014 4694; x_wconf 86' lang='lat' dir='ltr'><strong>sancti</strong></span> <span class='ocrx_word' id='word_1_329' title='bbox 1052 4636 1297 4692; x_wconf 84' lang='lat' dir='ltr'><strong>vicenter</strong></span> <span class='ocrx_word' id='word_1_330' title='bbox 1325 4633 1425 4708; x_wconf 91' lang='lat' dir='ltr'><strong>[ita</strong></span> <span class='ocrx_word' id='word_1_331' title='bbox 1457 4636 1586 4694; x_wconf 91' lang='lat' dir='ltr'><strong>cod.</strong></span> <span class='ocrx_word' id='word_1_332' title='bbox 1624 4652 1723 4708; x_wconf 77' lang='lat' dir='ltr'><strong>pro</strong></span> <span class='ocrx_word' id='word_1_333' title='bbox 1767 4639 1848 4694; x_wconf 82' lang='lat' dir='ltr'><strong>vi-</strong></span> 
     </span>
    </p>
   </div>
   <div class='ocr_carea' id='block_1_49' title="bbox 269 4727 1848 4806">
    <p class='ocr_par' dir='ltr' id='par_1_49' title="bbox 269 4727 1848 4806">
     <span class='ocr_line' id='line_1_49' title="bbox 269 4727 1848 4806; baseline 0.001 -18"><span class='ocrx_word' id='word_1_334' title='bbox 269 4727 474 4806; x_wconf 72' lang='lat' dir='ltr'><strong>cissim]</strong></span> <span class='ocrx_word' id='word_1_335' title='bbox 498 4731 687 4789; x_wconf 84' lang='lat' dir='ltr'><strong>eadem</strong></span> <span class='ocrx_word' id='word_1_336' title='bbox 720 4742 936 4803; x_wconf 87' lang='lat' dir='ltr'><strong>patrent</strong></span> <span class='ocrx_word' id='word_1_337' title='bbox 975 4731 1237 4788; x_wconf 85' lang='lat' dir='ltr'><strong>miracula</strong></span> <span class='ocrx_word' id='word_1_338' title='bbox 1268 4747 1284 4786; x_wconf 89' lang='lat'><strong>:</strong></span> <span class='ocrx_word' id='word_1_339' title='bbox 1311 4747 1379 4786; x_wconf 78' lang='lat' dir='ltr'><strong>ex</strong></span> <span class='ocrx_word' id='word_1_340' title='bbox 1405 4746 1516 4787; x_wconf 89' lang='lat' dir='ltr'><strong>uno</strong></span> <span class='ocrx_word' id='word_1_341' title='bbox 1530 4733 1678 4790; x_wconf 90' lang='lat' dir='ltr'><strong>enim</strong></span> <span class='ocrx_word' id='word_1_342' title='bbox 1701 4733 1848 4790; x_wconf 85' lang='lat' dir='ltr'><strong>l&#39;oate</strong></span> 
     </span>
    </p>
   </div>
   <div class='ocr_carea' id='block_1_50' title="bbox 269 4815 1844 4896">
    <p class='ocr_par' dir='ltr' id='par_1_50' title="bbox 269 4815 1844 4896">
     <span class='ocr_line' id='line_1_50' title="bbox 269 4815 1844 4896; baseline 0 -18"><span class='ocrx_word' id='word_1_343' title='bbox 269 4823 450 4896; x_wconf 75' lang='lat' dir='ltr'><strong>Cyrus</strong></span> <span class='ocrx_word' id='word_1_344' title='bbox 513 4828 678 4892; x_wconf 82' lang='lat' dir='ltr'><strong>atque</strong></span> <span class='ocrx_word' id='word_1_345' title='bbox 741 4815 1017 4887; x_wconf 73' lang='lat' dir='ltr'><strong>Joannes,</strong></span> <span class='ocrx_word' id='word_1_346' title='bbox 1069 4820 1300 4884; x_wconf 76' lang='lat' dir='ltr'><strong>Cosmus</strong></span> <span class='ocrx_word' id='word_1_347' title='bbox 1374 4829 1430 4876; x_wconf 86' lang='lat' dir='ltr'><strong>et</strong></span> <span class='ocrx_word' id='word_1_348' title='bbox 1509 4820 1844 4888; x_wconf 86' lang='lat' dir='ltr'><strong>Damianus,</strong></span> 
     </span>
    </p>
   </div>
   <div class='ocr_carea' id='block_1_51' title="bbox 269 4911 1847 4983">
    <p class='ocr_par' dir='ltr' id='par_1_51' title="bbox 269 4911 1847 4983">
     <span class='ocr_line' id='line_1_51' title="bbox 269 4911 1847 4983; baseline 0 -15"><span class='ocrx_word' id='word_1_349' title='bbox 269 4915 474 4972; x_wconf 74' lang='lat' dir='ltr'><strong>Christi</strong></span> <span class='ocrx_word' id='word_1_350' title='bbox 529 4911 620 4970; x_wconf 80' lang='lat' dir='ltr'><strong>lch</strong></span> <span class='ocrx_word' id='word_1_351' title='bbox 671 4914 844 4972; x_wconf 74' lang='lat' dir='ltr'><strong>nostri</strong></span> <span class='ocrx_word' id='word_1_352' title='bbox 902 4912 1180 4983; x_wconf 81' lang='lat' dir='ltr'><strong>hauriunt,</strong></span> <span class='ocrx_word' id='word_1_353' title='bbox 1213 4922 1268 4968; x_wconf 88' lang='lat' dir='ltr'><strong>et</strong></span> <span class='ocrx_word' id='word_1_354' title='bbox 1327 4929 1494 4969; x_wconf 88' lang='lat' dir='ltr'><strong>unum</strong></span> <span class='ocrx_word' id='word_1_355' title='bbox 1556 4913 1847 4969; x_wconf 84' lang='lat' dir='ltr'><strong>Dominum</strong></span> 
     </span>
    </p>
   </div>
   <div class='ocr_carea' id='block_1_52' title="bbox 267 5005 1852 5079">
    <p class='ocr_par' dir='ltr' id='par_1_52' title="bbox 267 5005 1852 5079">
     <span class='ocr_line' id='line_1_52' title="bbox 267 5005 1852 5079; baseline -0.002 -16"><span class='ocrx_word' id='word_1_356' title='bbox 267 5007 492 5074; x_wconf 86' lang='lat' dir='ltr'><strong>habent,</strong></span> <span class='ocrx_word' id='word_1_357' title='bbox 512 5016 567 5066; x_wconf 93' lang='lat' dir='ltr'><strong>ct</strong></span> <span class='ocrx_word' id='word_1_358' title='bbox 589 5005 863 5064; x_wconf 86' lang='lat' dir='ltr'><strong>honorant</strong></span> <span class='ocrx_word' id='word_1_359' title='bbox 879 5005 1119 5079; x_wconf 88' lang='lat' dir='ltr'><strong>utrique,</strong></span> <span class='ocrx_word' id='word_1_360' title='bbox 1143 5006 1236 5078; x_wconf 88' lang='lat' dir='ltr'><strong>qui</strong></span> <span class='ocrx_word' id='word_1_361' title='bbox 1271 5021 1366 5077; x_wconf 89' lang='lat' dir='ltr'><strong>per</strong></span> <span class='ocrx_word' id='word_1_362' title='bbox 1385 5021 1484 5063; x_wconf 86' lang='lat' dir='ltr'><strong>eos</strong></span> <span class='ocrx_word' id='word_1_363' title='bbox 1511 5006 1669 5062; x_wconf 81' lang='lat' dir='ltr'><strong>nobis</strong></span> <span class='ocrx_word' id='word_1_364' title='bbox 1691 5020 1852 5062; x_wconf 86' lang='lat' dir='ltr'><strong>cura-</strong></span> 
     </span>
    </p>
   </div>
   <div class='ocr_carea' id='block_1_53' title="bbox 268 5099 1847 5171">
    <p class='ocr_par' dir='ltr' id='par_1_53' title="bbox 268 5099 1847 5171">
     <span class='ocr_line' id='line_1_53' title="bbox 268 5099 1847 5171; baseline -0.001 -16"><span class='ocrx_word' id='word_1_365' title='bbox 268 5103 448 5160; x_wconf 85' lang='lat' dir='ltr'><strong>tiones</strong></span> <span class='ocrx_word' id='word_1_366' title='bbox 492 5101 684 5168; x_wconf 88' lang='lat' dir='ltr'><strong>douat,</strong></span> <span class='ocrx_word' id='word_1_367' title='bbox 714 5110 770 5157; x_wconf 89' lang='lat' dir='ltr'><strong>et</strong></span> <span class='ocrx_word' id='word_1_368' title='bbox 815 5099 1139 5156; x_wconf 89' lang='lat' dir='ltr'><strong>multimoda</strong></span> <span class='ocrx_word' id='word_1_369' title='bbox 1184 5099 1325 5171; x_wconf 74' lang='lat' dir='ltr'><strong>gerit</strong></span> <span class='ocrx_word' id='word_1_370' title='bbox 1354 5099 1636 5170; x_wconf 74' lang='lat' dir='ltr'><strong>prodigia;</strong></span> <span class='ocrx_word' id='word_1_371' title='bbox 1685 5114 1847 5170; x_wconf 87' lang='lat' dir='ltr'><strong>quem</strong></span> 
     </span>
    </p>
   </div>
   <div class='ocr_carea' id='block_1_54' title="bbox 273 5192 1850 5266">
    <p class='ocr_par' dir='ltr' id='par_1_54' title="bbox 273 5192 1850 5266">
     <span class='ocr_line' id='line_1_54' title="bbox 273 5192 1850 5266; baseline -0.001 -18"><span class='ocrx_word' id='word_1_372' title='bbox 273 5194 516 5264; x_wconf 80' lang='lat' dir='ltr'><strong>hymnis,</strong></span> <span class='ocrx_word' id='word_1_373' title='bbox 559 5203 821 5266; x_wconf 80' lang='lat' dir='ltr'><strong>tanquam</strong></span> <span class='ocrx_word' id='word_1_374' title='bbox 853 5209 978 5248; x_wconf 86' lang='lat' dir='ltr'><strong>eum</strong></span> <span class='ocrx_word' id='word_1_375' title='bbox 1002 5193 1095 5264; x_wconf 91' lang='lat' dir='ltr'><strong>qui</strong></span> <span class='ocrx_word' id='word_1_376' title='bbox 1128 5203 1210 5250; x_wconf 87' lang='lat' dir='ltr'><strong>est</strong></span> <span class='ocrx_word' id='word_1_377' title='bbox 1245 5193 1494 5250; x_wconf 90' lang='lat' dir='ltr'><strong>omnium</strong></span> <span class='ocrx_word' id='word_1_378' title='bbox 1534 5192 1700 5258; x_wconf 86' lang='lat' dir='ltr'><strong>Deus,</strong></span> <span class='ocrx_word' id='word_1_379' title='bbox 1731 5193 1850 5247; x_wconf 80' lang='lat' dir='ltr'><strong>Iau-</strong></span> 
     </span>
    </p>
   </div>
   <div class='ocr_carea' id='block_1_55' title="bbox 269 5283 1846 5358">
    <p class='ocr_par' dir='ltr' id='par_1_55' title="bbox 269 5283 1846 5358">
     <span class='ocr_line' id='line_1_55' title="bbox 269 5283 1846 5358; baseline 0 -18"><span class='ocrx_word' id='word_1_380' title='bbox 269 5283 486 5353; x_wconf 87' lang='lat' dir='ltr'><strong>dantes,</strong></span> <span class='ocrx_word' id='word_1_381' title='bbox 533 5296 590 5342; x_wconf 89' lang='lat' dir='ltr'><strong>et</strong></span> <span class='ocrx_word' id='word_1_382' title='bbox 637 5296 914 5358; x_wconf 80' lang='lat' dir='ltr'><strong>martyres</strong></span> <span class='ocrx_word' id='word_1_383' title='bbox 971 5286 1140 5342; x_wconf 77' lang='lat' dir='ltr'><strong>veluti</strong></span> <span class='ocrx_word' id='word_1_384' title='bbox 1188 5286 1310 5356; x_wconf 90' lang='lat' dir='ltr'><strong>ejus</strong></span> <span class='ocrx_word' id='word_1_385' title='bbox 1361 5286 1544 5341; x_wconf 75' lang='lat' dir='ltr'><strong>lideles</strong></span> <span class='ocrx_word' id='word_1_386' title='bbox 1591 5285 1846 5354; x_wconf 82' lang='lat' dir='ltr'><strong>tumulos,</strong></span> 
     </span>
    </p>
   </div>
   <div class='ocr_carea' id='block_1_56' title="bbox 192 5375 1742 5449">
    <p class='ocr_par' dir='ltr' id='par_1_56' title="bbox 192 5375 1742 5449">
     <span class='ocr_line' id='line_1_56' title="bbox 192 5375 1742 5449; baseline -0.001 -17"><span class='ocrx_word' id='word_1_387' title='bbox 192 5375 200 5391; x_wconf 87' lang='lat'><em>‘</em></span> <span class='ocrx_word' id='word_1_388' title='bbox 271 5379 505 5433; x_wconf 81' lang='lat' dir='ltr'><strong>oliorum</strong></span> <span class='ocrx_word' id='word_1_389' title='bbox 544 5378 936 5436; x_wconf 87' lang='lat' dir='ltr'><strong>miraculorum</strong></span> <span class='ocrx_word' id='word_1_390' title='bbox 967 5377 1416 5449; x_wconf 83' lang='lat' dir='ltr'><strong>interpositiones</strong></span> <span class='ocrx_word' id='word_1_391' title='bbox 1454 5375 1742 5433; x_wconf 82' lang='lat' dir='ltr'><strong>faciamus.</strong></span> 
     </span>
    </p>
   </div>
   <div class='ocr_carea' id='block_1_57' title="bbox 273 5481 1848 5559">
    <p class='ocr_par' dir='ltr' id='par_1_57' title="bbox 273 5481 1848 5559">
     <span class='ocr_line' id='line_1_57' title="bbox 273 5481 1848 5559; baseline 0 -15"><span class='ocrx_word' id='word_1_392' title='bbox 273 5481 467 5544; x_wconf 58' lang='lat' dir='ltr'><strong>XXXI.</strong></span> <span class='ocrx_word' id='word_1_393' title='bbox 509 5489 584 5546; x_wconf 80' lang='lat' dir='ltr'><strong>De</strong></span> <span class='ocrx_word' id='word_1_394' title='bbox 622 5490 917 5558; x_wconf 79' lang='lat' dir='ltr'><strong>Theodoro,</strong></span> <span class='ocrx_word' id='word_1_395' title='bbox 951 5491 1042 5559; x_wconf 83' lang='lat' dir='ltr'><strong>qui</strong></span> <span class='ocrx_word' id='word_1_396' title='bbox 1078 5507 1195 5545; x_wconf 78' lang='lat' dir='ltr'><strong>cum</strong></span> <span class='ocrx_word' id='word_1_397' title='bbox 1236 5489 1674 5545; x_wconf 70' lang='lat' dir='ltr'><strong>communicasse!</strong></span> <span class='ocrx_word' id='word_1_398' title='bbox 1718 5505 1848 5544; x_wconf 75' lang='lat' dir='ltr'><strong>naso</strong></span> 
     </span>
    </p>
   </div>
   <div class='ocr_carea' id='block_1_58' title="bbox 369 5560 1746 5630">
    <p class='ocr_par' dir='ltr' id='par_1_58' title="bbox 369 5560 1746 5630">
     <span class='ocr_line' id='line_1_58' title="bbox 369 5560 1746 5630; baseline 0 -16"><span class='ocrx_word' id='word_1_399' title='bbox 369 5561 602 5614; x_wconf 68' lang='lat' dir='ltr'><strong>sonitum</strong></span> <span class='ocrx_word' id='word_1_400' title='bbox 633 5561 882 5627; x_wconf 82' lang='lat' dir='ltr'><strong>reddidit,</strong></span> <span class='ocrx_word' id='word_1_401' title='bbox 917 5571 966 5618; x_wconf 86' lang='lat' dir='ltr'><strong>et</strong></span> <span class='ocrx_word' id='word_1_402' title='bbox 995 5563 1178 5618; x_wconf 80' lang='lat' dir='ltr'><strong>statim</strong></span> <span class='ocrx_word' id='word_1_403' title='bbox 1210 5577 1378 5616; x_wconf 69' lang='lat' dir='ltr'><strong>cet-cus</strong></span> <span class='ocrx_word' id='word_1_404' title='bbox 1403 5560 1616 5630; x_wconf 68' lang='lat' dir='ltr'><strong>effectus</strong></span> <span class='ocrx_word' id='word_1_405' title='bbox 1648 5569 1746 5615; x_wconf 78' lang='lat' dir='ltr'><strong>est.</strong></span> 
     </span>
    </p>
   </div>
   <div class='ocr_carea' id='block_1_59' title="bbox 347 5649 1848 5728">
    <p class='ocr_par' dir='ltr' id='par_1_59' title="bbox 347 5649 1848 5728">
     <span class='ocr_line' id='line_1_59' title="bbox 347 5649 1848 5728; baseline 0.004 -24"><span class='ocrx_word' id='word_1_406' title='bbox 347 5649 682 5710; x_wconf 80' lang='lat' dir='ltr'><strong>Adolescens</strong></span> <span class='ocrx_word' id='word_1_407' title='bbox 701 5651 1043 5723; x_wconf 80' lang='lat' dir='ltr'><strong>Theodorus,</strong></span> <span class='ocrx_word' id='word_1_408' title='bbox 1061 5653 1151 5728; x_wconf 81' lang='lat' dir='ltr'><strong>qui</strong></span> <span class='ocrx_word' id='word_1_409' title='bbox 1173 5654 1454 5726; x_wconf 62' lang='lat' dir='ltr'><strong>prementis</strong></span> <span class='ocrx_word' id='word_1_410' title='bbox 1473 5653 1630 5710; x_wconf 57' lang='lat' dir='ltr'><strong>nobis</strong></span> <span class='ocrx_word' id='word_1_411' title='bbox 1661 5669 1776 5710; x_wconf 76' lang='lat' dir='ltr'><strong>nari</strong></span> <span class='ocrx_word' id='word_1_412' title='bbox 1793 5670 1848 5709; x_wconf 88' lang='lat' dir='ltr'><strong>a-</strong></span> 
     </span>
    </p>
   </div>
   <div class='ocr_carea' id='block_1_60' title="bbox 1197 220 2700 288">
    <p class='ocr_par' dir='ltr' id='par_1_60' title="bbox 1197 220 2700 288">
     <span class='ocr_line' id='line_1_60' title="bbox 1197 220 2700 288; baseline 0.003 -4"><span class='ocrx_word' id='word_1_413' title='bbox 1197 225 1261 286; x_wconf 89' lang='lat' dir='ltr'><strong>S.</strong></span> <span class='ocrx_word' id='word_1_414' title='bbox 1295 223 1710 286; x_wconf 72' lang='lat' dir='ltr'><strong>SOPHRONH</strong></span> <span class='ocrx_word' id='word_1_415' title='bbox 1752 220 2256 286; x_wconf 63' lang='lat' dir='ltr'><strong>PATRIARCHE</strong></span> <span class='ocrx_word' id='word_1_416' title='bbox 2297 225 2700 288; x_wconf 74' lang='lat' dir='ltr'><strong>IUEROSOL.</strong></span> 
     </span>
    </p>
   </div>
   <div class='ocr_carea' id='block_1_61' title="bbox 2034 335 3539 408">
    <p class='ocr_par' dir='ltr' id='par_1_61' title="bbox 2034 335 3539 408">
     <span class='ocr_line' id='line_1_61' title="bbox 2034 335 3539 408; baseline -0.001 -18"><span class='ocrx_word' id='word_1_417' title='bbox 2034 337 2092 390; x_wconf 85' lang='lat'><strong>&#39;0</strong></span> <span class='ocrx_word' id='word_1_418' title='bbox 2110 337 2165 391; x_wconf 75' lang='grc' dir='ltr'><strong>δὲ</strong></span> <span class='ocrx_word' id='word_1_419' title='bbox 2183 337 2472 408; x_wconf 74' lang='grc' dir='ltr'><strong>γενόμενος</strong></span> <span class='ocrx_word' id='word_1_420' title='bbox 2503 338 2753 404; x_wconf 77' lang='grc' dir='ltr'><strong>ἔξυπνος,</strong></span> <span class='ocrx_word' id='word_1_421' title='bbox 2785 337 2978 407; x_wconf 57' lang='lat' dir='ltr'><strong>eam:</strong></span> <span class='ocrx_word' id='word_1_422' title='bbox 3004 335 3163 390; x_wconf 75' lang='grc' dir='ltr'><strong>πάλιν</strong></span> <span class='ocrx_word' id='word_1_423' title='bbox 3193 335 3369 388; x_wconf 82' lang='grc' dir='ltr'><strong>εἰπεῖν</strong></span> <span class='ocrx_word' id='word_1_424' title='bbox 3396 335 3539 388; x_wconf 72' lang='grc' dir='ltr'><strong>ἔδει·⁵</strong></span> 
     </span>
    </p>
   </div>
   <div class='ocr_carea' id='block_1_62' title="bbox 1963 423 3532 498">
    <p class='ocr_par' dir='ltr' id='par_1_62' title="bbox 1963 423 3532 498">
     <span class='ocr_line' id='line_1_62' title="bbox 1963 423 3532 498; baseline 0.001 -22"><span class='ocrx_word' id='word_1_425' title='bbox 1963 424 2050 478; x_wconf 88' lang='grc' dir='ltr'><strong>λία</strong></span> <span class='ocrx_word' id='word_1_426' title='bbox 2078 427 2170 479; x_wconf 63' lang='grc' dir='ltr'><strong>τὸν</strong></span> <span class='ocrx_word' id='word_1_427' title='bbox 2200 427 2429 498; x_wconf 69' lang='grc' dir='ltr'><strong>ὄνειρον,</strong></span> <span class='ocrx_word' id='word_1_428' title='bbox 2461 425 2538 497; x_wconf 82' lang='grc' dir='ltr'><strong>τῷ</strong></span> <span class='ocrx_word' id='word_1_429' title='bbox 2569 425 2776 498; x_wconf 81' lang='grc' dir='ltr'><strong>τρισσῷ</strong></span> <span class='ocrx_word' id='word_1_430' title='bbox 2815 425 3186 497; x_wconf 76' lang='grc' dir='ltr'><strong>βεϐαιωθέντα</strong></span> <span class='ocrx_word' id='word_1_431' title='bbox 3215 425 3313 490; x_wconf 80' lang='grc' dir='ltr'><strong>τῆς</strong></span> <span class='ocrx_word' id='word_1_432' title='bbox 3331 423 3532 494; x_wconf 64' lang='grc' dir='ltr'><strong>ὅψεως,</strong></span> 
     </span>
    </p>
   </div>
   <div class='ocr_carea' id='block_1_63' title="bbox 1962 512 3536 593">
    <p class='ocr_par' dir='ltr' id='par_1_63' title="bbox 1962 512 3536 593">
     <span class='ocr_line' id='line_1_63' title="bbox 1962 512 3536 593; baseline -0.001 -23"><span class='ocrx_word' id='word_1_433' title='bbox 1962 517 2056 570; x_wconf 79' lang='grc' dir='ltr'><strong>καὶ</strong></span> <span class='ocrx_word' id='word_1_434' title='bbox 2109 515 2266 570; x_wconf 76' lang='grc' dir='ltr'><strong>τοῦτο</strong></span> <span class='ocrx_word' id='word_1_435' title='bbox 2297 519 2473 570; x_wconf 83' lang='grc' dir='ltr'><strong>ποιεῖν</strong></span> <span class='ocrx_word' id='word_1_436' title='bbox 2521 517 2864 587; x_wconf 76' lang='grc' dir='ltr'><strong>ἠναγκάζετο</strong></span> <span class='ocrx_word' id='word_1_437' title='bbox 2915 519 3016 582; x_wconf 80' lang='grc' dir='ltr'><strong>τῆς</strong></span> <span class='ocrx_word' id='word_1_438' title='bbox 3077 513 3404 593; x_wconf 80' lang='grc' dir='ltr'><strong>ἀπαλλαγῆς</strong></span> <span class='ocrx_word' id='word_1_439' title='bbox 3441 512 3536 569; x_wconf 78' lang='grc' dir='ltr'><strong>τοῦ</strong></span> 
     </span>
    </p>
   </div>
   <div class='ocr_carea' id='block_1_64' title="bbox 1961 601 3539 677">
    <p class='ocr_par' dir='ltr' id='par_1_64' title="bbox 1961 601 3539 677">
     <span class='ocr_line' id='line_1_64' title="bbox 1961 601 3539 677; baseline -0.002 -18"><span class='ocrx_word' id='word_1_440' title='bbox 1961 605 2263 676; x_wconf 76' lang='grc' dir='ltr'><strong>νοσήματος</strong></span> <span class='ocrx_word' id='word_1_441' title='bbox 2290 604 2475 668; x_wconf 66' lang='grc' dir='ltr'><strong>ἕνεκα,</strong></span> <span class='ocrx_word' id='word_1_442' title='bbox 2536 606 2631 660; x_wconf 75' lang='grc' dir='ltr'><strong>καὶ</strong></span> <span class='ocrx_word' id='word_1_443' title='bbox 2649 605 2736 659; x_wconf 78' lang='grc' dir='ltr'><strong>ἵνα</strong></span> <span class='ocrx_word' id='word_1_444' title='bbox 2763 605 2838 677; x_wconf 75' lang='grc' dir='ltr'><strong>μὴ</strong></span> <span class='ocrx_word' id='word_1_445' title='bbox 2887 605 3024 676; x_wconf 70' lang='grc' dir='ltr'><strong>πρὸς</strong></span> <span class='ocrx_word' id='word_1_446' title='bbox 3055 601 3226 677; x_wconf 81' lang='grc' dir='ltr'><strong>ὀργὴν</strong></span> <span class='ocrx_word' id='word_1_447' title='bbox 3283 602 3539 674; x_wconf 53' lang='lat' dir='ltr'><strong>aduncit-</strong></span> 
     </span>
    </p>
   </div>
   <div class='ocr_carea' id='block_1_65' title="bbox 1963 690 3538 768">
    <p class='ocr_par' dir='ltr' id='par_1_65' title="bbox 1963 690 3538 768">
     <span class='ocr_line' id='line_1_65' title="bbox 1963 690 3538 768; baseline 0.003 -22"><span class='ocrx_word' id='word_1_448' title='bbox 1963 695 2264 765; x_wconf 69' lang='grc' dir='ltr'><strong>ρητονκαθ*</strong></span> <span class='ocrx_word' id='word_1_449' title='bbox 2284 695 2480 750; x_wconf 77' lang='grc' dir='ltr'><strong>ἑαυτοῦ</strong></span> <span class='ocrx_word' id='word_1_450' title='bbox 2517 698 2713 768; x_wconf 77' lang='grc' dir='ltr'><strong>κινήσῃ</strong></span> <span class='ocrx_word' id='word_1_451' title='bbox 2751 697 2879 761; x_wconf 73' lang='grc' dir='ltr'><strong>τοὺς</strong></span> <span class='ocrx_word' id='word_1_452' title='bbox 2907 697 3216 768; x_wconf 86' lang='grc' dir='ltr'><strong>μάρτυρας.</strong></span> <span class='ocrx_word' id='word_1_453' title='bbox 3251 690 3325 750; x_wconf 80' lang='grc' dir='ltr'><strong>Τδ</strong></span> <span class='ocrx_word' id='word_1_454' title='bbox 3347 697 3538 767; x_wconf 81' lang='grc' dir='ltr'><strong>σᾶγμα</strong></span> 
     </span>
    </p>
   </div>
   <div class='ocr_carea' id='block_1_66' title="bbox 1959 785 3540 860">
    <p class='ocr_par' dir='ltr' id='par_1_66' title="bbox 1959 785 3540 860">
     <span class='ocr_line' id='line_1_66' title="bbox 1959 785 3540 860; baseline 0.001 -20"><span class='ocrx_word' id='word_1_455' title='bbox 1959 785 2092 857; x_wconf 80' lang='grc' dir='ltr'><strong>γοῦν</strong></span> <span class='ocrx_word' id='word_1_456' title='bbox 2133 789 2219 840; x_wconf 77' lang='grc' dir='ltr'><strong>ἐπ’</strong></span> <span class='ocrx_word' id='word_1_457' title='bbox 2251 785 2437 860; x_wconf 80' lang='grc' dir='ltr'><strong>ὤμους</strong></span> <span class='ocrx_word' id='word_1_458' title='bbox 2473 789 2568 842; x_wconf 78' lang='grc' dir='ltr'><strong>καὶ</strong></span> <span class='ocrx_word' id='word_1_459' title='bbox 2602 789 2772 843; x_wconf 82' lang='grc' dir='ltr'><strong>νῶτον</strong></span> <span class='ocrx_word' id='word_1_460' title='bbox 2793 789 3116 860; x_wconf 51' lang='grc' dir='ltr'><strong>’ἀράμενος</strong></span> <span class='ocrx_word' id='word_1_461' title='bbox 3147 788 3250 841; x_wconf 80' lang='grc' dir='ltr'><strong>κάν</strong></span> <span class='ocrx_word' id='word_1_462' title='bbox 3283 787 3362 858; x_wconf 80' lang='grc' dir='ltr'><strong>τῷ</strong></span> <span class='ocrx_word' id='word_1_463' title='bbox 3407 803 3540 858; x_wconf 78' lang='grc' dir='ltr'><strong>τραιι</strong></span> 
     </span>
    </p>
   </div>
   <div class='ocr_carea' id='block_1_67' title="bbox 1959 877 3534 952">
    <p class='ocr_par' dir='ltr' id='par_1_67' title="bbox 1959 877 3534 952">
     <span class='ocr_line' id='line_1_67' title="bbox 1959 877 3534 952; baseline -0.002 -18"><span class='ocrx_word' id='word_1_464' title='bbox 1959 879 2108 950; x_wconf 84' lang='grc' dir='ltr'><strong>χήλῳ</strong></span> <span class='ocrx_word' id='word_1_465' title='bbox 2141 881 2378 952; x_wconf 73' lang='grc' dir='ltr'><strong>φορέσας</strong></span> <span class='ocrx_word' id='word_1_466' title='bbox 2407 879 2500 934; x_wconf 79' lang='grc' dir='ltr'><strong>τὺν</strong></span> <span class='ocrx_word' id='word_1_467' title='bbox 2535 879 2797 946; x_wconf 77' lang='grc' dir='ltr'><strong>κῴδωνα,·</strong></span> <span class='ocrx_word' id='word_1_468' title='bbox 2821 879 2919 934; x_wconf 75' lang='grc' dir='ltr'><strong>καὶ</strong></span> <span class='ocrx_word' id='word_1_469' title='bbox 2945 881 3037 933; x_wconf 82' lang='grc' dir='ltr'><strong>τὸν</strong></span> <span class='ocrx_word' id='word_1_470' title='bbox 3089 878 3306 950; x_wconf 74' lang='grc' dir='ltr'><strong>χαλινὸν</strong></span> <span class='ocrx_word' id='word_1_471' title='bbox 3358 877 3534 941; x_wconf 71' lang='grc' dir='ltr'><strong>ἐνθεὶς</strong></span> 
     </span>
    </p>
   </div>
   <div class='ocr_carea' id='block_1_68' title="bbox 1957 969 3537 1042">
    <p class='ocr_par' dir='ltr' id='par_1_68' title="bbox 1957 969 3537 1042">
     <span class='ocr_line' id='line_1_68' title="bbox 1957 969 3537 1042; baseline -0.001 -18"><span class='ocrx_word' id='word_1_472' title='bbox 1957 973 2023 1042; x_wconf 79' lang='grc' dir='ltr'><strong>τῇ</strong></span> <span class='ocrx_word' id='word_1_473' title='bbox 2048 971 2256 1042; x_wconf 77' lang='grc' dir='ltr'><strong>κεφαλῇ</strong></span> <span class='ocrx_word' id='word_1_474' title='bbox 2293 971 2388 1025; x_wconf 73' lang='grc' dir='ltr'><strong>καὶ</strong></span> <span class='ocrx_word' id='word_1_475' title='bbox 2419 971 2496 1041; x_wconf 81' lang='grc' dir='ltr'><strong>τῷ</strong></span> <span class='ocrx_word' id='word_1_476' title='bbox 2531 971 2786 1042; x_wconf 83' lang='grc' dir='ltr'><strong>στόματι,</strong></span> <span class='ocrx_word' id='word_1_477' title='bbox 2817 971 2912 1024; x_wconf 76' lang='grc' dir='ltr'><strong>τοῦ</strong></span> <span class='ocrx_word' id='word_1_478' title='bbox 2944 970 3135 1034; x_wconf 70' lang='grc' dir='ltr'><strong>παιδὸς</strong></span> <span class='ocrx_word' id='word_1_479' title='bbox 3201 969 3427 1024; x_wconf 81' lang='grc' dir='ltr'><strong>δπισθεν</strong></span> <span class='ocrx_word' id='word_1_480' title='bbox 3463 971 3537 1023; x_wconf 74' lang='grc' dir='ltr'><strong>εἷο</strong></span> 
     </span>
    </p>
   </div>
   <div class='ocr_carea' id='block_1_69' title="bbox 1960 1065 3536 1140">
    <p class='ocr_par' dir='ltr' id='par_1_69' title="bbox 1960 1065 3536 1140">
     <span class='ocr_line' id='line_1_69' title="bbox 1960 1065 3536 1140; baseline 0.002 -20"><span class='ocrx_word' id='word_1_481' title='bbox 1960 1085 2092 1122; x_wconf 91' lang='grc' dir='ltr'><strong>πετο</strong></span> <span class='ocrx_word' id='word_1_482' title='bbox 2121 1067 2225 1122; x_wconf 74' lang='grc' dir='ltr'><strong>ἁνὰ</strong></span> <span class='ocrx_word' id='word_1_483' title='bbox 2252 1069 2312 1122; x_wconf 85' lang='grc' dir='ltr'><strong>τδ</strong></span> <span class='ocrx_word' id='word_1_484' title='bbox 2335 1065 2564 1140; x_wconf 86' lang='grc' dir='ltr'><strong>τέμενος</strong></span> <span class='ocrx_word' id='word_1_485' title='bbox 2589 1069 2838 1138; x_wconf 79' lang='grc' dir='ltr'><strong>ἁγοντος,</strong></span> <span class='ocrx_word' id='word_1_486' title='bbox 2890 1069 2993 1122; x_wconf 76' lang='grc' dir='ltr'><strong>κάν</strong></span> <span class='ocrx_word' id='word_1_487' title='bbox 3015 1069 3190 1140; x_wconf 81' lang='grc' dir='ltr'><strong>τούτῳ</strong></span> <span class='ocrx_word' id='word_1_488' title='bbox 3218 1069 3348 1132; x_wconf 73' lang='grc' dir='ltr'><strong>τοὺς</strong></span> <span class='ocrx_word' id='word_1_489' title='bbox 3367 1067 3536 1124; x_wconf 77' lang='grc' dir='ltr'><strong>διαύο-</strong></span> 
     </span>
    </p>
   </div>
   <div class='ocr_carea' id='block_1_70' title="bbox 1955 1156 3536 1232">
    <p class='ocr_par' dir='ltr' id='par_1_70' title="bbox 1955 1156 3536 1232">
     <span class='ocr_line' id='line_1_70' title="bbox 1955 1156 3536 1232; baseline 0 -20"><span class='ocrx_word' id='word_1_490' title='bbox 1955 1158 2081 1224; x_wconf 84' lang='grc' dir='ltr'><strong>λους</strong></span> <span class='ocrx_word' id='word_1_491' title='bbox 2099 1158 2358 1224; x_wconf 78' lang='grc' dir='ltr'><strong>ἀνύοντος</strong></span> <span class='ocrx_word' id='word_1_492' title='bbox 2385 1159 2539 1232; x_wconf 86' lang='grc' dir='ltr'><strong>(δέκα</strong></span> <span class='ocrx_word' id='word_1_493' title='bbox 2576 1159 2633 1214; x_wconf 76' lang='grc' dir='ltr'><strong>δὲ</strong></span> <span class='ocrx_word' id='word_1_494' title='bbox 2651 1156 2813 1232; x_wconf 73' lang='grc' dir='ltr'><strong>ἦσαν,</strong></span> <span class='ocrx_word' id='word_1_495' title='bbox 2844 1158 2921 1224; x_wconf 88' lang='grc' dir='ltr'><strong>ῶς</strong></span> <span class='ocrx_word' id='word_1_496' title='bbox 2953 1176 3124 1230; x_wconf 84' lang='grc' dir='ltr'><strong>φασιν</strong></span> <span class='ocrx_word' id='word_1_497' title='bbox 3149 1161 3199 1213; x_wconf 87' lang='grc' dir='ltr'><strong>οἱ</strong></span> <span class='ocrx_word' id='word_1_498' title='bbox 3232 1161 3536 1231; x_wconf 81' lang='grc' dir='ltr'><strong>μετρήσαν-</strong></span> 
     </span>
    </p>
   </div>
   <div class='ocr_carea' id='block_1_71' title="bbox 1954 1245 3537 1324">
    <p class='ocr_par' dir='ltr' id='par_1_71' title="bbox 1954 1245 3537 1324">
     <span class='ocr_line' id='line_1_71' title="bbox 1954 1245 3537 1324; baseline 0 -22"><span class='ocrx_word' id='word_1_499' title='bbox 1954 1249 2188 1319; x_wconf 78' lang='grc' dir='ltr'><strong>τες),τδ,</strong></span> <span class='ocrx_word' id='word_1_500' title='bbox 2211 1245 2410 1324; x_wconf 84' lang='grc' dir='ltr'><strong>Μωρός</strong></span> <span class='ocrx_word' id='word_1_501' title='bbox 2459 1253 2574 1321; x_wconf 85' lang='grc' dir='ltr'><strong>εἰμι</strong></span> <span class='ocrx_word' id='word_1_502' title='bbox 2619 1251 2838 1322; x_wconf 79' lang='grc' dir='ltr'><strong>κράζων</strong></span> <span class='ocrx_word' id='word_1_503' title='bbox 2872 1250 3196 1322; x_wconf 78' lang='grc' dir='ltr'><strong>συχνὸτατα.</strong></span> <span class='ocrx_word' id='word_1_504' title='bbox 3233 1249 3537 1322; x_wconf 82' lang='grc' dir='ltr'><strong>Πληρώσας</strong></span> 
     </span>
    </p>
   </div>
   <div class='ocr_carea' id='block_1_72' title="bbox 1953 1336 3535 1415">
    <p class='ocr_par' dir='ltr' id='par_1_72' title="bbox 1953 1336 3535 1415">
     <span class='ocr_line' id='line_1_72' title="bbox 1953 1336 3535 1415; baseline -0.002 -19"><span class='ocrx_word' id='word_1_505' title='bbox 1953 1341 2047 1396; x_wconf 81' lang='grc' dir='ltr'><strong>οὖν</strong></span> <span class='ocrx_word' id='word_1_506' title='bbox 2075 1342 2182 1396; x_wconf 83' lang='grc' dir='ltr'><strong>τῶν</strong></span> <span class='ocrx_word' id='word_1_507' title='bbox 2206 1343 2375 1412; x_wconf 82' lang='grc' dir='ltr'><strong>ἁγίων</strong></span> <span class='ocrx_word' id='word_1_508' title='bbox 2400 1343 2500 1414; x_wconf 80' lang='grc' dir='ltr'><strong>τὴν</strong></span> <span class='ocrx_word' id='word_1_509' title='bbox 2531 1343 2802 1410; x_wconf 83' lang='grc' dir='ltr'><strong>κέλευσιν,</strong></span> <span class='ocrx_word' id='word_1_510' title='bbox 2837 1343 2934 1397; x_wconf 71' lang='grc' dir='ltr'><strong>σὺν</strong></span> <span class='ocrx_word' id='word_1_511' title='bbox 2955 1343 3032 1415; x_wconf 83' lang='grc' dir='ltr'><strong>τῷ</strong></span> <span class='ocrx_word' id='word_1_512' title='bbox 3056 1341 3296 1415; x_wconf 69' lang='grc' dir='ltr'><strong>σάγματι.</strong></span> <span class='ocrx_word' id='word_1_513' title='bbox 3329 1336 3425 1397; x_wconf 68' lang='grc' dir='ltr'><strong>καὶ</strong></span> <span class='ocrx_word' id='word_1_514' title='bbox 3456 1341 3535 1411; x_wconf 83' lang='grc' dir='ltr'><strong>τῷ</strong></span> 
     </span>
    </p>
   </div>
   <div class='ocr_carea' id='block_1_73' title="bbox 1953 1429 3535 1506">
    <p class='ocr_par' dir='ltr' id='par_1_73' title="bbox 1953 1429 3535 1506">
     <span class='ocr_line' id='line_1_73' title="bbox 1953 1429 3535 1506; baseline -0.001 -18"><span class='ocrx_word' id='word_1_515' title='bbox 1953 1432 2154 1505; x_wconf 78' lang='grc' dir='ltr'><strong>χαλινῷ</strong></span> <span class='ocrx_word' id='word_1_516' title='bbox 2188 1429 2282 1489; x_wconf 81' lang='grc' dir='ltr'><strong>καί</strong></span> <span class='ocrx_word' id='word_1_517' title='bbox 2321 1434 2398 1506; x_wconf 86' lang='grc' dir='ltr'><strong>τῷ</strong></span> <span class='ocrx_word' id='word_1_518' title='bbox 2429 1434 2660 1498; x_wconf 81' lang='grc' dir='ltr'><strong>κώδωνι,</strong></span> <span class='ocrx_word' id='word_1_519' title='bbox 2681 1435 2801 1489; x_wconf 85' lang='grc' dir='ltr'><strong>.κα“ι</strong></span> <span class='ocrx_word' id='word_1_520' title='bbox 2853 1433 2952 1506; x_wconf 80' lang='grc' dir='ltr'><strong>τὴν</strong></span> <span class='ocrx_word' id='word_1_521' title='bbox 3005 1433 3322 1488; x_wconf 77' lang='grc' dir='ltr'><strong>έπινώτειον</strong></span> <span class='ocrx_word' id='word_1_522' title='bbox 3379 1435 3535 1488; x_wconf 83' lang='grc' dir='ltr'><strong>νόσον</strong></span> 
     </span>
    </p>
   </div>
   <div class='ocr_carea' id='block_1_74' title="bbox 1951 1522 3533 1597">
    <p class='ocr_par' dir='ltr' id='par_1_74' title="bbox 1951 1522 3533 1597">
     <span class='ocr_line' id='line_1_74' title="bbox 1951 1522 3533 1597; baseline -0.001 -21"><span class='ocrx_word' id='word_1_523' title='bbox 1951 1522 2204 1588; x_wconf 70' lang='grc' dir='ltr'><strong>ἀπέθετο,</strong></span> <span class='ocrx_word' id='word_1_524' title='bbox 2236 1524 2331 1576; x_wconf 77' lang='grc' dir='ltr'><strong>καὶ</strong></span> <span class='ocrx_word' id='word_1_525' title='bbox 2363 1524 2462 1597; x_wconf 76' lang='grc' dir='ltr'><strong>τὴν</strong></span> <span class='ocrx_word' id='word_1_526' title='bbox 2487 1524 2658 1594; x_wconf 79' lang='grc' dir='ltr'><strong>ρῶσιν</strong></span> <span class='ocrx_word' id='word_1_527' title='bbox 2680 1525 2995 1595; x_wconf 74' lang='grc' dir='ltr'><strong>ἀνείληφεν,</strong></span> <span class='ocrx_word' id='word_1_528' title='bbox 3027 1525 3130 1594; x_wconf 80' lang='grc' dir='ltr'><strong>τὴν</strong></span> <span class='ocrx_word' id='word_1_529' title='bbox 3164 1525 3325 1595; x_wconf 78' lang='grc' dir='ltr'><strong>φίλην</strong></span> <span class='ocrx_word' id='word_1_530' title='bbox 3349 1523 3533 1579; x_wconf 74' lang='grc' dir='ltr'><strong>αὐτῶν</strong></span> 
     </span>
    </p>
   </div>
   <div class='ocr_carea' id='block_1_75' title="bbox 1952 1615 3528 1688">
    <p class='ocr_par' dir='ltr' id='par_1_75' title="bbox 1952 1615 3528 1688">
     <span class='ocr_line' id='line_1_75' title="bbox 1952 1615 3528 1688; baseline 0.001 -19"><span class='ocrx_word' id='word_1_531' title='bbox 1952 1619 2066 1679; x_wconf 79' lang='grc' dir='ltr'><strong>τοῖς</strong></span> <span class='ocrx_word' id='word_1_532' title='bbox 2106 1615 2525 1687; x_wconf 79' lang='grc' dir='ltr'><strong>προστάγμασιν</strong></span> <span class='ocrx_word' id='word_1_533' title='bbox 2555 1615 2651 1669; x_wconf 81' lang='grc' dir='ltr'><strong>καὶ</strong></span> <span class='ocrx_word' id='word_1_534' title='bbox 2673 1615 2965 1688; x_wconf 78' lang='grc' dir='ltr'><strong>σύνδρομον</strong></span> <span class='ocrx_word' id='word_1_535' title='bbox 2985 1620 3098 1680; x_wconf 82' lang='grc' dir='ltr'><strong>τοῖς</strong></span> <span class='ocrx_word' id='word_1_536' title='bbox 3125 1615 3528 1687; x_wconf 76' lang='grc' dir='ltr'><strong>θεσπίσμασιν.</strong></span> 
     </span>
    </p>
   </div>
   <div class='ocr_carea' id='block_1_76' title="bbox 2033 1705 3530 1783">
    <p class='ocr_par' dir='ltr' id='par_1_76' title="bbox 2033 1705 3530 1783">
     <span class='ocr_line' id='line_1_76' title="bbox 2033 1705 3530 1783; baseline 0 -23"><span class='ocrx_word' id='word_1_537' title='bbox 2033 1705 2396 1778; x_wconf 80' lang='grc' dir='ltr'><strong>Ἐπελθούσης</strong></span> <span class='ocrx_word' id='word_1_538' title='bbox 2421 1705 2479 1760; x_wconf 72' lang='grc' dir='ltr'><strong>δὲ</strong></span> <span class='ocrx_word' id='word_1_539' title='bbox 2502 1707 2602 1778; x_wconf 85' lang='grc' dir='ltr'><strong>τῆς</strong></span> <span class='ocrx_word' id='word_1_540' title='bbox 2633 1707 2848 1772; x_wconf 77' lang='grc' dir='ltr'><strong>νυκτὸς,</strong></span> <span class='ocrx_word' id='word_1_541' title='bbox 2884 1707 2978 1761; x_wconf 73' lang='grc' dir='ltr'><strong>καὶ</strong></span> <span class='ocrx_word' id='word_1_542' title='bbox 3002 1707 3102 1778; x_wconf 77' lang='grc' dir='ltr'><strong>τὴν</strong></span> <span class='ocrx_word' id='word_1_543' title='bbox 3120 1707 3342 1783; x_wconf 49' lang='grc' dir='ltr'><strong>,τῆςέω</strong></span> <span class='ocrx_word' id='word_1_544' title='bbox 3367 1706 3530 1772; x_wconf 79' lang='grc' dir='ltr'><strong>δεξα·</strong></span> 
     </span>
    </p>
   </div>
   <div class='ocr_carea' id='block_1_77' title="bbox 1953 1793 3530 1868">
    <p class='ocr_par' dir='ltr' id='par_1_77' title="bbox 1953 1793 3530 1868">
     <span class='ocr_line' id='line_1_77' title="bbox 1953 1793 3530 1868; baseline -0.002 -17"><span class='ocrx_word' id='word_1_545' title='bbox 1953 1796 2123 1868; x_wconf 84' lang='grc' dir='ltr'><strong>μένης</strong></span> <span class='ocrx_word' id='word_1_546' title='bbox 2152 1793 2506 1868; x_wconf 69' lang='grc' dir='ltr'><strong>φαιδρότητα,</strong></span> <span class='ocrx_word' id='word_1_547' title='bbox 2543 1795 2704 1851; x_wconf 84' lang='grc' dir='ltr'><strong>πάλιν</strong></span> <span class='ocrx_word' id='word_1_548' title='bbox 2739 1795 2912 1866; x_wconf 85' lang='grc' dir='ltr'><strong>Γεσίῳ</strong></span> <span class='ocrx_word' id='word_1_549' title='bbox 2967 1795 3284 1850; x_wconf 81' lang='grc' dir='ltr'><strong>καθεύδοντι</strong></span> <span class='ocrx_word' id='word_1_550' title='bbox 3318 1796 3367 1848; x_wconf 86' lang='grc' dir='ltr'><strong>οί</strong></span> <span class='ocrx_word' id='word_1_551' title='bbox 3395 1794 3530 1850; x_wconf 84' lang='grc' dir='ltr'><strong>θεῖοι</strong></span> 
     </span>
    </p>
   </div>
   <div class='ocr_carea' id='block_1_78' title="bbox 1951 1883 3530 1960">
    <p class='ocr_par' dir='ltr' id='par_1_78' title="bbox 1951 1883 3530 1960">
     <span class='ocr_line' id='line_1_78' title="bbox 1951 1883 3530 1960; baseline -0.001 -19"><span class='ocrx_word' id='word_1_552' title='bbox 1951 1883 2317 1956; x_wconf 71' lang='grc' dir='ltr'><strong>παρίστανται</strong></span> <span class='ocrx_word' id='word_1_553' title='bbox 2365 1888 2666 1959; x_wconf 82' lang='grc' dir='ltr'><strong>μάρτυρες,</strong></span> <span class='ocrx_word' id='word_1_554' title='bbox 2714 1887 2810 1942; x_wconf 73' lang='grc' dir='ltr'><strong>καὶ</strong></span> <span class='ocrx_word' id='word_1_555' title='bbox 2846 1887 2948 1960; x_wconf 69' lang='grc' dir='ltr'><strong>τὴν</strong></span> <span class='ocrx_word' id='word_1_556' title='bbox 2989 1887 3068 1952; x_wconf 80' lang='grc' dir='ltr'><strong>εἰς</strong></span> <span class='ocrx_word' id='word_1_557' title='bbox 3117 1885 3314 1950; x_wconf 74' lang='grc' dir='ltr'><strong>αὐτοὺς</strong></span> <span class='ocrx_word' id='word_1_558' title='bbox 3346 1887 3530 1959; x_wconf 73' lang='grc' dir='ltr'><strong>ἁμαρο</strong></span> 
     </span>
    </p>
   </div>
   <div class='ocr_carea' id='block_1_79' title="bbox 1949 1979 3527 2053">
    <p class='ocr_par' dir='ltr' id='par_1_79' title="bbox 1949 1979 3527 2053">
     <span class='ocr_line' id='line_1_79' title="bbox 1949 1979 3527 2053; baseline 0.001 -21"><span class='ocrx_word' id='word_1_559' title='bbox 1949 1980 2074 2034; x_wconf 83' lang='grc' dir='ltr'><strong>τίαν</strong></span> <span class='ocrx_word' id='word_1_560' title='bbox 2094 1981 2392 2052; x_wconf 76' lang='grc' dir='ltr'><strong>χαριέντως</strong></span> <span class='ocrx_word' id='word_1_561' title='bbox 2407 1997 2522 2044; x_wconf 82' lang='grc' dir='ltr'><strong>πως</strong></span> <span class='ocrx_word' id='word_1_562' title='bbox 2540 1980 2702 2034; x_wconf 78' lang='grc' dir='ltr'><strong>αὐτὸν</strong></span> <span class='ocrx_word' id='word_1_563' title='bbox 2714 1981 3144 2052; x_wconf 82' lang='grc' dir='ltr'><strong>ἀνεμίμνησκον.</strong></span> <span class='ocrx_word' id='word_1_564' title='bbox 3164 1981 3382 2052; x_wconf 82' lang='grc' dir='ltr'><strong>Ἐπειδὴ</strong></span> <span class='ocrx_word' id='word_1_565' title='bbox 3397 1979 3527 2053; x_wconf 82' lang='grc' dir='ltr'><strong>γὰρ,</strong></span> 
     </span>
    </p>
   </div>
   <div class='ocr_carea' id='block_1_80' title="bbox 1951 2069 3530 2146">
    <p class='ocr_par' dir='ltr' id='par_1_80' title="bbox 1951 2069 3530 2146">
     <span class='ocr_line' id='line_1_80' title="bbox 1951 2069 3530 2146; baseline 0.001 -22"><span class='ocrx_word' id='word_1_566' title='bbox 1951 2069 2194 2140; x_wconf 87' lang='grc' dir='ltr'><strong>λέγουσι,</strong></span> <span class='ocrx_word' id='word_1_567' title='bbox 2225 2072 2404 2127; x_wconf 82' lang='grc' dir='ltr'><strong>πάντα</strong></span> <span class='ocrx_word' id='word_1_568' title='bbox 2424 2071 2491 2126; x_wconf 86' lang='grc' dir='ltr'><strong>τὰ</strong></span> <span class='ocrx_word' id='word_1_569' title='bbox 2521 2073 2657 2146; x_wconf 78' lang='grc' dir='ltr'><strong>πρὸς</strong></span> <span class='ocrx_word' id='word_1_570' title='bbox 2691 2071 2848 2143; x_wconf 82' lang='grc' dir='ltr'><strong>ήμῶν</strong></span> <span class='ocrx_word' id='word_1_571' title='bbox 2880 2074 2994 2137; x_wconf 77' lang='grc' dir='ltr'><strong>τοῖς</strong></span> <span class='ocrx_word' id='word_1_572' title='bbox 3037 2072 3252 2128; x_wconf 78' lang='grc' dir='ltr'><strong>νοσοῦσι</strong></span> <span class='ocrx_word' id='word_1_573' title='bbox 3277 2072 3530 2142; x_wconf 84' lang='grc' dir='ltr'><strong>διδόμενα</strong></span> 
     </span>
    </p>
   </div>
   <div class='ocr_carea' id='block_1_81' title="bbox 1951 2161 3528 2237">
    <p class='ocr_par' dir='ltr' id='par_1_81' title="bbox 1951 2161 3528 2237">
     <span class='ocr_line' id='line_1_81' title="bbox 1951 2161 3528 2237; baseline -0.001 -17"><span class='ocrx_word' id='word_1_574' title='bbox 1951 2165 2236 2236; x_wconf 80' lang='grc' dir='ltr'><strong>φάρμακα,</strong></span> <span class='ocrx_word' id='word_1_575' title='bbox 2255 2163 2366 2222; x_wconf 87' lang='grc' dir='ltr'><strong>τῶν</strong></span> <span class='ocrx_word' id='word_1_576' title='bbox 2385 2165 2554 2220; x_wconf 84' lang='grc' dir='ltr'><strong>πάλαι</strong></span> <span class='ocrx_word' id='word_1_577' title='bbox 2585 2164 2955 2237; x_wconf 77' lang='grc' dir='ltr'><strong>φθειρομένων</strong></span> <span class='ocrx_word' id='word_1_578' title='bbox 2976 2163 3176 2236; x_wconf 75' lang='grc' dir='ltr'><strong>ἰατρῶν</strong></span> <span class='ocrx_word' id='word_1_579' title='bbox 3195 2161 3334 2219; x_wconf 83' lang='grc' dir='ltr'><strong>εῐναι</strong></span> <span class='ocrx_word' id='word_1_580' title='bbox 3355 2163 3528 2230; x_wconf 82' lang='grc' dir='ltr'><strong>θέλεις</strong></span> 
     </span>
    </p>
   </div>
   <div class='ocr_carea' id='block_1_82' title="bbox 1951 2255 3530 2330">
    <p class='ocr_par' dir='ltr' id='par_1_82' title="bbox 1951 2255 3530 2330">
     <span class='ocr_line' id='line_1_82' title="bbox 1951 2255 3530 2330; baseline 0.001 -18"><span class='ocrx_word' id='word_1_581' title='bbox 1951 2259 2258 2330; x_wconf 80' lang='grc' dir='ltr'><strong>εὑρήματα,</strong></span> <span class='ocrx_word' id='word_1_582' title='bbox 2281 2258 2407 2328; x_wconf 91' lang='grc' dir='ltr'><strong>λέγε</strong></span> <span class='ocrx_word' id='word_1_583' title='bbox 2437 2257 2540 2312; x_wconf 81' lang='grc' dir='ltr'><strong>ποῦ</strong></span> <span class='ocrx_word' id='word_1_584' title='bbox 2558 2257 2626 2312; x_wconf 81' lang='grc' dir='ltr'><strong>τὰ</strong></span> <span class='ocrx_word' id='word_1_585' title='bbox 2636 2257 2729 2312; x_wconf 82' lang='grc' dir='ltr'><strong>τοῦ</strong></span> <span class='ocrx_word' id='word_1_586' title='bbox 2749 2257 2950 2322; x_wconf 83' lang='grc' dir='ltr'><strong>πάθους</strong></span> <span class='ocrx_word' id='word_1_587' title='bbox 2964 2255 3059 2311; x_wconf 79' lang='grc' dir='ltr'><strong>τοῦ</strong></span> <span class='ocrx_word' id='word_1_588' title='bbox 3089 2257 3183 2312; x_wconf 83' lang='grc' dir='ltr'><strong>σοῦ</strong></span> <span class='ocrx_word' id='word_1_589' title='bbox 3205 2257 3530 2330; x_wconf 72' lang='grc' dir='ltr'><strong>βοηθήματα</strong></span> 
     </span>
    </p>
   </div>
   <div class='ocr_carea' id='block_1_83' title="bbox 1961 2347 3533 2422">
    <p class='ocr_par' dir='ltr' id='par_1_83' title="bbox 1961 2347 3533 2422">
     <span class='ocr_line' id='line_1_83' title="bbox 1961 2347 3533 2422; baseline -0.001 -18"><span class='ocrx_word' id='word_1_590' title='bbox 1961 2348 2326 2422; x_wconf 81' lang='grc' dir='ltr'><strong>Ἱπποκράτης</strong></span> <span class='ocrx_word' id='word_1_591' title='bbox 2373 2351 2404 2404; x_wconf 81' lang='grc' dir='ltr'><strong><em>ὁ</em></strong></span> <span class='ocrx_word' id='word_1_592' title='bbox 2459 2347 2549 2412; x_wconf 78' lang='grc' dir='ltr'><strong>σὸς</strong></span> <span class='ocrx_word' id='word_1_593' title='bbox 2567 2348 2930 2420; x_wconf 63' lang='grc' dir='ltr'><strong>ἀνεγράψατο,</strong></span> <span class='ocrx_word' id='word_1_594' title='bbox 2963 2349 2998 2419; x_wconf 74' lang='grc' dir='ltr'>ἢ</span> <span class='ocrx_word' id='word_1_595' title='bbox 3032 2348 3270 2420; x_wconf 69' lang='grc' dir='ltr'><strong>Γαληνὸς</strong></span> <span class='ocrx_word' id='word_1_596' title='bbox 3312 2351 3341 2402; x_wconf 83' lang='grc' dir='ltr'>ὁ</span> <span class='ocrx_word' id='word_1_597' title='bbox 3378 2349 3533 2420; x_wconf 81' lang='grc' dir='ltr'><strong>παρὰ</strong></span> 
     </span>
    </p>
   </div>
   <div class='ocr_carea' id='block_1_84' title="bbox 1953 2439 3525 2515">
    <p class='ocr_par' dir='ltr' id='par_1_84' title="bbox 1953 2439 3525 2515">
     <span class='ocr_line' id='line_1_84' title="bbox 1953 2439 3525 2515; baseline -0.003 -18"><span class='ocrx_word' id='word_1_598' title='bbox 1953 2444 2033 2497; x_wconf 75' lang='grc' dir='ltr'><strong>σοὶ</strong></span> <span class='ocrx_word' id='word_1_599' title='bbox 2063 2441 2476 2514; x_wconf 76' lang='grc' dir='ltr'><strong>θαυμαζόμενος</strong></span> <span class='ocrx_word' id='word_1_600' title='bbox 2498 2439 2719 2513; x_wconf 81' lang='grc' dir='ltr'><strong>εἴρηκεν</strong></span> <span class='ocrx_word' id='word_1_601' title='bbox 2742 2458 2756 2507; x_wconf 90' lang='grc'><strong>;</strong></span> <span class='ocrx_word' id='word_1_602' title='bbox 2783 2441 2886 2496; x_wconf 78' lang='grc' dir='ltr'><strong>ποῦ</strong></span> <span class='ocrx_word' id='word_1_603' title='bbox 2909 2441 3162 2497; x_wconf 75' lang='grc' dir='ltr'><strong>δὲταῦτα</strong></span> <span class='ocrx_word' id='word_1_604' title='bbox 3181 2441 3525 2515; x_wconf 81' lang='grc' dir='ltr'><strong>Δημόκριτος</strong></span> 
     </span>
    </p>
   </div>
   <div class='ocr_carea' id='block_1_85' title="bbox 1949 2530 3525 2606">
    <p class='ocr_par' dir='ltr' id='par_1_85' title="bbox 1949 2530 3525 2606">
     <span class='ocr_line' id='line_1_85' title="bbox 1949 2530 3525 2606; baseline 0.003 -22"><span class='ocrx_word' id='word_1_605' title='bbox 1949 2531 2188 2603; x_wconf 74' lang='grc' dir='ltr'><strong>ἔφησεν;</strong></span> <span class='ocrx_word' id='word_1_606' title='bbox 2214 2532 2247 2600; x_wconf 72' lang='grc' dir='ltr'><strong>ἢ</strong></span> <span class='ocrx_word' id='word_1_607' title='bbox 2277 2531 2385 2586; x_wconf 88' lang='grc' dir='ltr'><strong>τῶν</strong></span> <span class='ocrx_word' id='word_1_608' title='bbox 2418 2530 2594 2588; x_wconf 74' lang='grc' dir='ltr'><strong>ἄλλων</strong></span> <span class='ocrx_word' id='word_1_609' title='bbox 2619 2549 2704 2596; x_wconf 91' lang='grc' dir='ltr'><strong>τις</strong></span> <span class='ocrx_word' id='word_1_610' title='bbox 2733 2530 3011 2604; x_wconf 77' lang='grc' dir='ltr'><strong>ᾀδομένων</strong></span> <span class='ocrx_word' id='word_1_611' title='bbox 3043 2533 3246 2604; x_wconf 87' lang='grc' dir='ltr'><strong>ίατρῶν</strong></span> <span class='ocrx_word' id='word_1_612' title='bbox 3275 2533 3525 2606; x_wconf 79' lang='grc' dir='ltr'><strong>ἐμνημό-</strong></span> 
     </span>
    </p>
   </div>
   <div class='ocr_carea' id='block_1_86' title="bbox 1950 2620 3528 2698">
    <p class='ocr_par' dir='ltr' id='par_1_86' title="bbox 1950 2620 3528 2698">
     <span class='ocr_line' id='line_1_86' title="bbox 1950 2620 3528 2698; baseline 0.001 -19"><span class='ocrx_word' id='word_1_613' title='bbox 1950 2642 2180 2691; x_wconf 86' lang='grc' dir='ltr'><strong>νευσεν;</strong></span> <span class='ocrx_word' id='word_1_614' title='bbox 2221 2625 2327 2679; x_wconf 71' lang='grc' dir='ltr'><strong>Καὶ</strong></span> <span class='ocrx_word' id='word_1_615' title='bbox 2353 2626 2402 2679; x_wconf 87' lang='grc' dir='ltr'><strong>εί</strong></span> <span class='ocrx_word' id='word_1_616' title='bbox 2439 2623 2615 2680; x_wconf 83' lang='grc' dir='ltr'><strong>ταῦτα</strong></span> <span class='ocrx_word' id='word_1_617' title='bbox 2645 2620 2774 2696; x_wconf 72' lang='grc' dir='ltr'><strong>παρ’</strong></span> <span class='ocrx_word' id='word_1_618' title='bbox 2809 2625 2993 2690; x_wconf 78' lang='grc' dir='ltr'><strong>αὐτοῖς</strong></span> <span class='ocrx_word' id='word_1_619' title='bbox 3029 2624 3208 2698; x_wconf 75' lang='grc' dir='ltr'><strong>εὕροις</strong></span> <span class='ocrx_word' id='word_1_620' title='bbox 3236 2625 3528 2698; x_wconf 81' lang='grc' dir='ltr'><strong>λεγόμενα,</strong></span> 
     </span>
    </p>
   </div>
   <div class='ocr_carea' id='block_1_87' title="bbox 1952 2710 3530 2788">
    <p class='ocr_par' dir='ltr' id='par_1_87' title="bbox 1952 2710 3530 2788">
     <span class='ocr_line' id='line_1_87' title="bbox 1952 2710 3530 2788; baseline 0.001 -17"><span class='ocrx_word' id='word_1_621' title='bbox 1952 2717 2046 2772; x_wconf 71' lang='grc' dir='ltr'><strong>καὶ</strong></span> <span class='ocrx_word' id='word_1_622' title='bbox 2078 2715 2341 2788; x_wconf 77' lang='grc' dir='ltr'><strong>περὶτῶν</strong></span> <span class='ocrx_word' id='word_1_623' title='bbox 2371 2715 2548 2771; x_wconf 76' lang='grc' dir='ltr'><strong>ἄλλων</strong></span> <span class='ocrx_word' id='word_1_624' title='bbox 2587 2710 2912 2787; x_wconf 78' lang='grc' dir='ltr'><strong>ἁληθεύσεις</strong></span> <span class='ocrx_word' id='word_1_625' title='bbox 2952 2717 3356 2788; x_wconf 75' lang='grc' dir='ltr'><strong>φθεγγόμενοςο</strong></span> <span class='ocrx_word' id='word_1_626' title='bbox 3384 2719 3434 2772; x_wconf 86' lang='grc' dir='ltr'><strong>εί</strong></span> <span class='ocrx_word' id='word_1_627' title='bbox 3468 2717 3530 2773; x_wconf 70' lang='grc' dir='ltr'><strong>δὲ</strong></span> 
     </span>
    </p>
   </div>
   <div class='ocr_carea' id='block_1_88' title="bbox 1949 2806 3526 2878">
    <p class='ocr_par' dir='ltr' id='par_1_88' title="bbox 1949 2806 3526 2878">
     <span class='ocr_line' id='line_1_88' title="bbox 1949 2806 3526 2878; baseline 0.003 -18"><span class='ocrx_word' id='word_1_628' title='bbox 1949 2806 2190 2861; x_wconf 82' lang='grc' dir='ltr'><strong>τοιοῦτον</strong></span> <span class='ocrx_word' id='word_1_629' title='bbox 2233 2807 2388 2862; x_wconf 72' lang='grc' dir='ltr'><strong>οὐδὲν</strong></span> <span class='ocrx_word' id='word_1_630' title='bbox 2437 2806 2680 2872; x_wconf 75' lang='grc' dir='ltr'><strong>ἐκείνους</strong></span> <span class='ocrx_word' id='word_1_631' title='bbox 2727 2806 2984 2877; x_wconf 88' lang='grc' dir='ltr'><strong>λέγοντας</strong></span> <span class='ocrx_word' id='word_1_632' title='bbox 3031 2807 3394 2876; x_wconf 68' lang='grc' dir='ltr'><strong>ἀποδείξεως,</strong></span> <span class='ocrx_word' id='word_1_633' title='bbox 3440 2809 3526 2878; x_wconf 84' lang='grc' dir='ltr'><strong>γί-</strong></span> 
     </span>
    </p>
   </div>
   <div class='ocr_carea' id='block_1_89' title="bbox 1951 2899 3526 2973">
    <p class='ocr_par' dir='ltr' id='par_1_89' title="bbox 1951 2899 3526 2973">
     <span class='ocr_line' id='line_1_89' title="bbox 1951 2899 3526 2973; baseline 0.003 -21"><span class='ocrx_word' id='word_1_634' title='bbox 1951 2915 2164 2969; x_wconf 86' lang='grc' dir='ltr'><strong>γνωσκε</strong></span> <span class='ocrx_word' id='word_1_635' title='bbox 2200 2899 2397 2953; x_wconf 73' lang='grc' dir='ltr'><strong>σαυτὸν</strong></span> <span class='ocrx_word' id='word_1_636' title='bbox 2431 2899 2526 2952; x_wconf 79' lang='grc' dir='ltr'><strong>καὶ</strong></span> <span class='ocrx_word' id='word_1_637' title='bbox 2565 2900 2694 2968; x_wconf 81' lang='grc' dir='ltr'><strong>περὶ</strong></span> <span class='ocrx_word' id='word_1_638' title='bbox 2733 2900 2843 2954; x_wconf 89' lang='grc' dir='ltr'><strong>τῶν</strong></span> <span class='ocrx_word' id='word_1_639' title='bbox 2877 2899 3052 2955; x_wconf 77' lang='grc' dir='ltr'><strong>ἄλλων</strong></span> <span class='ocrx_word' id='word_1_640' title='bbox 3080 2899 3428 2973; x_wconf 70' lang='grc' dir='ltr'><strong>ψευδόμενον.</strong></span> <span class='ocrx_word' id='word_1_641' title='bbox 3461 2901 3526 2957; x_wconf 89' lang='grc' dir='ltr'><strong>οι</strong></span> 
     </span>
    </p>
   </div>
   <div class='ocr_carea' id='block_1_90' title="bbox 1956 2984 3526 3062">
    <p class='ocr_par' dir='ltr' id='par_1_90' title="bbox 1956 2984 3526 3062">
     <span class='ocr_line' id='line_1_90' title="bbox 1956 2984 3526 3062; baseline 0.002 -19"><span class='ocrx_word' id='word_1_642' title='bbox 1956 2990 2056 3062; x_wconf 76' lang='grc' dir='ltr'><strong>μὲν</strong></span> <span class='ocrx_word' id='word_1_643' title='bbox 2083 2987 2178 3044; x_wconf 77' lang='grc' dir='ltr'><strong>οὖν</strong></span> <span class='ocrx_word' id='word_1_644' title='bbox 2217 2989 2364 3057; x_wconf 80' lang='grc' dir='ltr'><strong>ᾰγιοι</strong></span> <span class='ocrx_word' id='word_1_645' title='bbox 2394 2984 2539 3043; x_wconf 74' lang='grc' dir='ltr'><strong>οὕτω</strong></span> <span class='ocrx_word' id='word_1_646' title='bbox 2583 2990 2676 3044; x_wconf 70' lang='grc' dir='ltr'><strong>τὸν</strong></span> <span class='ocrx_word' id='word_1_647' title='bbox 2702 2987 2892 3044; x_wconf 88' lang='grc' dir='ltr'><strong>Γέσιον</strong></span> <span class='ocrx_word' id='word_1_648' title='bbox 2937 2991 3388 3062; x_wconf 86' lang='grc' dir='ltr'><strong>στηλιτεύσαντες</strong></span> <span class='ocrx_word' id='word_1_649' title='bbox 3430 2995 3526 3048; x_wconf 69' lang='grc' dir='ltr'><strong>καὶ</strong></span> 
     </span>
    </p>
   </div>
   <div class='ocr_carea' id='block_1_91' title="bbox 1955 3077 3623 3153">
    <p class='ocr_par' dir='ltr' id='par_1_91' title="bbox 1955 3077 3623 3153">
     <span class='ocr_line' id='line_1_91' title="bbox 1955 3077 3623 3153; baseline 0.001 -17"><span class='ocrx_word' id='word_1_650' title='bbox 1955 3081 2300 3153; x_wconf 69' lang='grc' dir='ltr'><strong>συκοφάντην</strong></span> <span class='ocrx_word' id='word_1_651' title='bbox 2349 3082 2608 3152; x_wconf 67' lang='grc' dir='ltr'><strong>ἐμφανῶς</strong></span> <span class='ocrx_word' id='word_1_652' title='bbox 2651 3077 3044 3152; x_wconf 79' lang='grc' dir='ltr'><strong>διελέγξαντες,</strong></span> <span class='ocrx_word' id='word_1_653' title='bbox 3091 3083 3293 3138; x_wconf 70' lang='grc' dir='ltr'><strong>ἔλυσαν</strong></span> <span class='ocrx_word' id='word_1_654' title='bbox 3333 3085 3394 3139; x_wconf 77' lang='grc' dir='ltr'><strong>τὸ</strong></span> <span class='ocrx_word' id='word_1_655' title='bbox 3437 3087 3526 3140; x_wconf 74' lang='grc' dir='ltr'><strong>ένο</strong></span> <span class='ocrx_word' id='word_1_656' title='bbox 3615 3133 3623 3138; x_wconf 93' lang='grc'><strong>.</strong></span> 
     </span>
    </p>
   </div>
   <div class='ocr_carea' id='block_1_92' title="bbox 1953 3190 2166 3226">
    <p class='ocr_par' dir='ltr' id='par_1_92' title="bbox 1953 3190 2166 3226">
     <span class='ocr_line' id='line_1_92' title="bbox 1953 3190 2166 3226; baseline 0 0"><span class='ocrx_word' id='word_1_657' title='bbox 1953 3191 1982 3226; x_wconf 84' lang='grc' dir='ltr'>υ</span> <span class='ocrx_word' id='word_1_658' title='bbox 1991 3190 2144 3226; x_wconf 85' lang='grc' dir='ltr'><strong>πνιον</strong></span> <span class='ocrx_word' id='word_1_659' title='bbox 2151 3212 2166 3226; x_wconf 80' lang='grc' dir='ltr'><strong>ο</strong></span> 
     </span>
    </p>
   </div>
   <div class='ocr_carea' id='block_1_93' title="bbox 2033 3265 3527 3340">
    <p class='ocr_par' dir='ltr' id='par_1_93' title="bbox 2033 3265 3527 3340">
     <span class='ocr_line' id='line_1_93' title="bbox 2033 3265 3527 3340; baseline 0.001 -20"><span class='ocrx_word' id='word_1_660' title='bbox 2033 3265 2092 3320; x_wconf 89' lang='lat' dir='ltr'><strong>&#39;O</strong></span> <span class='ocrx_word' id='word_1_661' title='bbox 2121 3265 2177 3318; x_wconf 74' lang='grc' dir='ltr'><strong>δὲ</strong></span> <span class='ocrx_word' id='word_1_662' title='bbox 2211 3265 2306 3319; x_wconf 78' lang='grc' dir='ltr'><strong>καὶ</strong></span> <span class='ocrx_word' id='word_1_663' title='bbox 2333 3265 2518 3320; x_wconf 81' lang='grc' dir='ltr'><strong>ὑπνῶν</strong></span> <span class='ocrx_word' id='word_1_664' title='bbox 2541 3265 2859 3338; x_wconf 75' lang='grc' dir='ltr'><strong>ὑπεφήνατο</strong></span> <span class='ocrx_word' id='word_1_665' title='bbox 2883 3267 3186 3337; x_wconf 68' lang='grc' dir='ltr'><strong>ἀντιλέγειν</strong></span> <span class='ocrx_word' id='word_1_666' title='bbox 3209 3268 3362 3324; x_wconf 73' lang='grc' dir='ltr'><strong>οὐδὲν</strong></span> <span class='ocrx_word' id='word_1_667' title='bbox 3385 3267 3527 3340; x_wconf 75' lang='grc' dir='ltr'><strong>ἔχων</strong></span> 
     </span>
    </p>
   </div>
   <div class='ocr_carea' id='block_1_94' title="bbox 1950 3356 3530 3432">
    <p class='ocr_par' dir='ltr' id='par_1_94' title="bbox 1950 3356 3530 3432">
     <span class='ocr_line' id='line_1_94' title="bbox 1950 3356 3530 3432; baseline 0.003 -22"><span class='ocrx_word' id='word_1_668' title='bbox 1950 3359 2062 3421; x_wconf 79' lang='grc' dir='ltr'><strong>τοῖς</strong></span> <span class='ocrx_word' id='word_1_669' title='bbox 2095 3358 2382 3428; x_wconf 85' lang='grc' dir='ltr'><strong>μάρτυσιν,</strong></span> <span class='ocrx_word' id='word_1_670' title='bbox 2421 3356 2519 3412; x_wconf 82' lang='grc' dir='ltr'><strong>καὶ</strong></span> <span class='ocrx_word' id='word_1_671' title='bbox 2564 3357 2904 3424; x_wconf 76' lang='grc' dir='ltr'><strong>διυπνισθεὶς</strong></span> <span class='ocrx_word' id='word_1_672' title='bbox 2950 3358 3326 3430; x_wconf 68' lang='grc' dir='ltr'><strong>ἐξεπλήττετο,</strong></span> <span class='ocrx_word' id='word_1_673' title='bbox 3367 3359 3530 3432; x_wconf 84' lang='grc' dir='ltr'><strong>τεθη-</strong></span> 
     </span>
    </p>
   </div>
   <div class='ocr_carea' id='block_1_95' title="bbox 1951 3446 3528 3525">
    <p class='ocr_par' dir='ltr' id='par_1_95' title="bbox 1951 3446 3528 3525">
     <span class='ocr_line' id='line_1_95' title="bbox 1951 3446 3528 3525; baseline 0.003 -23"><span class='ocrx_word' id='word_1_674' title='bbox 1951 3450 2068 3514; x_wconf 78' lang='grc' dir='ltr'><strong>πὼς</strong></span> <span class='ocrx_word' id='word_1_675' title='bbox 2095 3451 2185 3504; x_wconf 72' lang='grc' dir='ltr'><strong>τὸν</strong></span> <span class='ocrx_word' id='word_1_676' title='bbox 2215 3449 2528 3518; x_wconf 72' lang='grc' dir='ltr'><strong>σοορὼτατον</strong></span> <span class='ocrx_word' id='word_1_677' title='bbox 2568 3446 2813 3522; x_wconf 76' lang='grc' dir='ltr'><strong>ἔλεγχον.</strong></span> <span class='ocrx_word' id='word_1_678' title='bbox 2860 3451 3142 3524; x_wconf 86' lang='grc' dir='ltr'><strong>’Υμνήσας</strong></span> <span class='ocrx_word' id='word_1_679' title='bbox 3172 3453 3216 3507; x_wconf 80' lang='grc' dir='ltr'><strong>δ’</strong></span> <span class='ocrx_word' id='word_1_680' title='bbox 3257 3447 3350 3508; x_wconf 73' lang='grc' dir='ltr'><strong>οὖν</strong></span> <span class='ocrx_word' id='word_1_681' title='bbox 3375 3455 3528 3525; x_wconf 78' lang='grc' dir='ltr'><strong>ὅμως</strong></span> 
     </span>
    </p>
   </div>
   <div class='ocr_carea' id='block_1_96' title="bbox 1947 3541 3527 3618">
    <p class='ocr_par' dir='ltr' id='par_1_96' title="bbox 1947 3541 3527 3618">
     <span class='ocr_line' id='line_1_96' title="bbox 1947 3541 3527 3618; baseline 0.003 -21"><span class='ocrx_word' id='word_1_682' title='bbox 1947 3542 2056 3597; x_wconf 86' lang='grc' dir='ltr'><strong>τῶν</strong></span> <span class='ocrx_word' id='word_1_683' title='bbox 2087 3541 2257 3612; x_wconf 88' lang='grc' dir='ltr'><strong>ἁγίων</strong></span> <span class='ocrx_word' id='word_1_684' title='bbox 2289 3543 2388 3617; x_wconf 77' lang='grc' dir='ltr'><strong>τήν</strong></span> <span class='ocrx_word' id='word_1_685' title='bbox 2413 3543 2667 3614; x_wconf 88' lang='grc' dir='ltr'><strong>δύναμιν,</strong></span> <span class='ocrx_word' id='word_1_686' title='bbox 2703 3545 2797 3599; x_wconf 68' lang='grc' dir='ltr'><strong>καὶ</strong></span> <span class='ocrx_word' id='word_1_687' title='bbox 2822 3543 3008 3600; x_wconf 80' lang='grc' dir='ltr'><strong>θεόθεν</strong></span> <span class='ocrx_word' id='word_1_688' title='bbox 3039 3546 3238 3610; x_wconf 74' lang='grc' dir='ltr'><strong>αὐτοὺς</strong></span> <span class='ocrx_word' id='word_1_689' title='bbox 3263 3545 3527 3618; x_wconf 81' lang='grc' dir='ltr'><strong>ὁμολογή·</strong></span> 
     </span>
    </p>
   </div>
   <div class='ocr_carea' id='block_1_97' title="bbox 1951 3631 3527 3707">
    <p class='ocr_par' dir='ltr' id='par_1_97' title="bbox 1951 3631 3527 3707">
     <span class='ocr_line' id='line_1_97' title="bbox 1951 3631 3527 3707; baseline 0.003 -21"><span class='ocrx_word' id='word_1_690' title='bbox 1951 3648 2049 3696; x_wconf 91' lang='grc' dir='ltr'><strong>σας</strong></span> <span class='ocrx_word' id='word_1_691' title='bbox 2107 3631 2290 3688; x_wconf 75' lang='grc' dir='ltr'><strong>ἰᾶσθαι</strong></span> <span class='ocrx_word' id='word_1_692' title='bbox 2337 3634 2466 3698; x_wconf 75' lang='grc' dir='ltr'><strong>τοὺς</strong></span> <span class='ocrx_word' id='word_1_693' title='bbox 2511 3634 2847 3706; x_wconf 77' lang='grc' dir='ltr'><strong>πάσχοντας,</strong></span> <span class='ocrx_word' id='word_1_694' title='bbox 2895 3635 2992 3690; x_wconf 82' lang='grc' dir='ltr'><strong>τοῦ</strong></span> <span class='ocrx_word' id='word_1_695' title='bbox 3039 3636 3299 3707; x_wconf 80' lang='grc' dir='ltr'><strong>τεμένους</strong></span> <span class='ocrx_word' id='word_1_696' title='bbox 3347 3636 3527 3690; x_wconf 79' lang='grc' dir='ltr'><strong>αὐτῶν</strong></span> 
     </span>
    </p>
   </div>
   <div class='ocr_carea' id='block_1_98' title="bbox 1949 3724 3528 3798">
    <p class='ocr_par' dir='ltr' id='par_1_98' title="bbox 1949 3724 3528 3798">
     <span class='ocr_line' id='line_1_98' title="bbox 1949 3724 3528 3798; baseline 0.003 -20"><span class='ocrx_word' id='word_1_697' title='bbox 1949 3724 2315 3796; x_wconf 81' lang='grc' dir='ltr'><strong>ἀνεχώρησεν.</strong></span> <span class='ocrx_word' id='word_1_698' title='bbox 2347 3725 2484 3780; x_wconf 76' lang='grc' dir='ltr'><strong>Φασὶ</strong></span> <span class='ocrx_word' id='word_1_699' title='bbox 2520 3725 2576 3780; x_wconf 66' lang='grc' dir='ltr'><strong>δὲ</strong></span> <span class='ocrx_word' id='word_1_700' title='bbox 2601 3727 2694 3780; x_wconf 76' lang='grc' dir='ltr'><strong>καὶ</strong></span> <span class='ocrx_word' id='word_1_701' title='bbox 2721 3727 2954 3796; x_wconf 80' lang='grc' dir='ltr'><strong>Κοσμᾶν</strong></span> <span class='ocrx_word' id='word_1_702' title='bbox 2983 3731 3080 3782; x_wconf 73' lang='grc' dir='ltr'><strong>καὶ</strong></span> <span class='ocrx_word' id='word_1_703' title='bbox 3101 3726 3374 3798; x_wconf 82' lang='grc' dir='ltr'><strong>Δαμιανδν</strong></span> <span class='ocrx_word' id='word_1_704' title='bbox 3400 3727 3528 3790; x_wconf 80' lang='grc' dir='ltr'><strong>τοὺς</strong></span> 
     </span>
    </p>
   </div>
   <div class='ocr_carea' id='block_1_99' title="bbox 1949 3815 3528 3888">
    <p class='ocr_par' dir='ltr' id='par_1_99' title="bbox 1949 3815 3528 3888">
     <span class='ocr_line' id='line_1_99' title="bbox 1949 3815 3528 3888; baseline -0.001 -16"><span class='ocrx_word' id='word_1_705' title='bbox 1949 3816 2138 3883; x_wconf 83' lang='grc' dir='ltr'><strong>ἁγίους</strong></span> <span class='ocrx_word' id='word_1_706' title='bbox 2169 3817 2493 3888; x_wconf 78' lang='grc' dir='ltr'><strong>συνιατροὺς</strong></span> <span class='ocrx_word' id='word_1_707' title='bbox 2519 3816 2610 3872; x_wconf 77' lang='grc' dir='ltr'><strong>καὶ</strong></span> <span class='ocrx_word' id='word_1_708' title='bbox 2641 3815 3042 3888; x_wconf 87' lang='grc' dir='ltr'><strong>συμμάρτυρας</strong></span> <span class='ocrx_word' id='word_1_709' title='bbox 3064 3815 3304 3870; x_wconf 81' lang='grc' dir='ltr'><strong>τοιοῦτόν</strong></span> <span class='ocrx_word' id='word_1_710' title='bbox 3329 3833 3382 3871; x_wconf 89' lang='grc' dir='ltr'><strong>τι</strong></span> <span class='ocrx_word' id='word_1_711' title='bbox 3413 3817 3528 3870; x_wconf 81' lang='grc' dir='ltr'><strong>δια-</strong></span> 
     </span>
    </p>
   </div>
   <div class='ocr_carea' id='block_1_100' title="bbox 1949 3902 3525 3978">
    <p class='ocr_par' dir='ltr' id='par_1_100' title="bbox 1949 3902 3525 3978">
     <span class='ocr_line' id='line_1_100' title="bbox 1949 3902 3525 3978; baseline 0.001 -19"><span class='ocrx_word' id='word_1_712' title='bbox 1949 3902 2281 3978; x_wconf 77' lang='grc' dir='ltr'><strong>πράξασθαι,</strong></span> <span class='ocrx_word' id='word_1_713' title='bbox 2313 3906 2506 3978; x_wconf 89' lang='grc' dir='ltr'><strong>ῶσπερ</strong></span> <span class='ocrx_word' id='word_1_714' title='bbox 2537 3907 2633 3961; x_wconf 81' lang='grc' dir='ltr'><strong>καὶ</strong></span> <span class='ocrx_word' id='word_1_715' title='bbox 2659 3905 2755 3960; x_wconf 82' lang='grc' dir='ltr'><strong>τοῦ</strong></span> <span class='ocrx_word' id='word_1_716' title='bbox 2781 3907 3028 3977; x_wconf 85' lang='grc' dir='ltr'><strong>παρέτου</strong></span> <span class='ocrx_word' id='word_1_717' title='bbox 3075 3905 3170 3960; x_wconf 76' lang='grc' dir='ltr'><strong>καὶ</strong></span> <span class='ocrx_word' id='word_1_718' title='bbox 3198 3907 3296 3978; x_wconf 85' lang='grc' dir='ltr'><strong>τῆς</strong></span> <span class='ocrx_word' id='word_1_719' title='bbox 3326 3907 3525 3961; x_wconf 75' lang='grc' dir='ltr'><strong>ἀλάλου</strong></span> 
     </span>
    </p>
   </div>
   <div class='ocr_carea' id='block_1_101' title="bbox 1947 3995 3526 4070">
    <p class='ocr_par' dir='ltr' id='par_1_101' title="bbox 1947 3995 3526 4070">
     <span class='ocr_line' id='line_1_101' title="bbox 1947 3995 3526 4070; baseline -0.001 -18"><span class='ocrx_word' id='word_1_720' title='bbox 1947 3997 2206 4070; x_wconf 84' lang='grc' dir='ltr'><strong>γυναικός</strong></span> <span class='ocrx_word' id='word_1_721' title='bbox 2224 4015 2242 4033; x_wconf 87' lang='grc'><strong>·</strong></span> <span class='ocrx_word' id='word_1_722' title='bbox 2267 3999 2328 4052; x_wconf 83' lang='grc' dir='ltr'><strong>οὐ</strong></span> <span class='ocrx_word' id='word_1_723' title='bbox 2363 3998 2470 4070; x_wconf 80' lang='grc' dir='ltr'><strong>μὴν</strong></span> <span class='ocrx_word' id='word_1_724' title='bbox 2494 3997 2630 4054; x_wconf 78' lang='grc' dir='ltr'><strong>ἀλλά</strong></span> <span class='ocrx_word' id='word_1_725' title='bbox 2655 3997 2750 4052; x_wconf 68' lang='grc' dir='ltr'><strong>καὶ</strong></span> <span class='ocrx_word' id='word_1_726' title='bbox 2768 3995 2830 4052; x_wconf 83' lang='grc' dir='ltr'><strong>τδ</strong></span> <span class='ocrx_word' id='word_1_727' title='bbox 2853 3998 2952 4070; x_wconf 83' lang='grc' dir='ltr'><strong>τῆς</strong></span> <span class='ocrx_word' id='word_1_728' title='bbox 2977 3997 3232 4068; x_wconf 77' lang='grc' dir='ltr'><strong>Έδραίας</strong></span> <span class='ocrx_word' id='word_1_729' title='bbox 3248 3997 3348 4066; x_wconf 83' lang='grc' dir='ltr'><strong>τῆς</strong></span> <span class='ocrx_word' id='word_1_730' title='bbox 3372 3995 3526 4068; x_wconf 77' lang='grc' dir='ltr'><strong>ἐχού-</strong></span> 
     </span>
    </p>
   </div>
   <div class='ocr_carea' id='block_1_102' title="bbox 1949 4085 3528 4162">
    <p class='ocr_par' dir='ltr' id='par_1_102' title="bbox 1949 4085 3528 4162">
     <span class='ocr_line' id='line_1_102' title="bbox 1949 4085 3528 4162; baseline -0.003 -17"><span class='ocrx_word' id='word_1_731' title='bbox 1949 4107 2048 4162; x_wconf 88' lang='grc' dir='ltr'><strong>σης</strong></span> <span class='ocrx_word' id='word_1_732' title='bbox 2067 4090 2159 4144; x_wconf 78' lang='grc' dir='ltr'><strong>τὸν</strong></span> <span class='ocrx_word' id='word_1_733' title='bbox 2179 4089 2442 4160; x_wconf 80' lang='grc' dir='ltr'><strong>καρκίνον</strong></span> <span class='ocrx_word' id='word_1_734' title='bbox 2461 4089 2570 4144; x_wconf 75' lang='grc' dir='ltr'><strong>ἔσω</strong></span> <span class='ocrx_word' id='word_1_735' title='bbox 2589 4089 2990 4162; x_wconf 83' lang='grc' dir='ltr'><strong>κρυπτόμενον.</strong></span> <span class='ocrx_word' id='word_1_736' title='bbox 3019 4087 3200 4160; x_wconf 81' lang='grc' dir='ltr'><strong>Κῦρος</strong></span> <span class='ocrx_word' id='word_1_737' title='bbox 3223 4085 3319 4144; x_wconf 74' lang='grc' dir='ltr'><strong>καὶ</strong></span> <span class='ocrx_word' id='word_1_738' title='bbox 3347 4090 3528 4142; x_wconf 67' lang='grc' dir='ltr'><strong>Ἰωάνα</strong></span> 
     </span>
    </p>
   </div>
   <div class='ocr_carea' id='block_1_103' title="bbox 1947 4176 3526 4253">
    <p class='ocr_par' dir='ltr' id='par_1_103' title="bbox 1947 4176 3526 4253">
     <span class='ocr_line' id='line_1_103' title="bbox 1947 4176 3526 4253; baseline -0.004 -17"><span class='ocrx_word' id='word_1_739' title='bbox 1947 4198 2044 4253; x_wconf 89' lang='grc' dir='ltr'><strong>νης</strong></span> <span class='ocrx_word' id='word_1_740' title='bbox 2106 4180 2452 4251; x_wconf 76' lang='grc' dir='ltr'><strong>πεπράκασι·</strong></span> <span class='ocrx_word' id='word_1_741' title='bbox 2503 4180 2650 4252; x_wconf 79' lang='grc' dir='ltr'><strong>άπερ</strong></span> <span class='ocrx_word' id='word_1_742' title='bbox 2708 4177 2896 4232; x_wconf 80' lang='grc' dir='ltr'><strong>πολλοὶ</strong></span> <span class='ocrx_word' id='word_1_743' title='bbox 2947 4178 3025 4240; x_wconf 80' lang='grc' dir='ltr'><strong>ὡς</strong></span> <span class='ocrx_word' id='word_1_744' title='bbox 3074 4176 3204 4248; x_wconf 85' lang='grc' dir='ltr'><strong>χθὲς</strong></span> <span class='ocrx_word' id='word_1_745' title='bbox 3265 4176 3526 4246; x_wconf 76' lang='grc' dir='ltr'><strong>γεγονότα</strong></span> 
     </span>
    </p>
   </div>
   <div class='ocr_carea' id='block_1_104' title="bbox 1950 4265 3528 4343">
    <p class='ocr_par' dir='ltr' id='par_1_104' title="bbox 1950 4265 3528 4343">
     <span class='ocr_line' id='line_1_104' title="bbox 1950 4265 3528 4343; baseline -0.004 -19"><span class='ocrx_word' id='word_1_746' title='bbox 1950 4271 2262 4343; x_wconf 87' lang='grc' dir='ltr'><strong>μέμνηνται·</strong></span> <span class='ocrx_word' id='word_1_747' title='bbox 2281 4272 2377 4326; x_wconf 72' lang='grc' dir='ltr'><strong>καὶ</strong></span> <span class='ocrx_word' id='word_1_748' title='bbox 2404 4268 2794 4340; x_wconf 80' lang='grc' dir='ltr'><strong>κηρύττουσιν.</strong></span> <span class='ocrx_word' id='word_1_749' title='bbox 2817 4266 2984 4322; x_wconf 82' lang='grc' dir='ltr'><strong>Ἀλλὰ</strong></span> <span class='ocrx_word' id='word_1_750' title='bbox 3004 4265 3180 4321; x_wconf 84' lang='grc' dir='ltr'><strong>ταῦτα</strong></span> <span class='ocrx_word' id='word_1_751' title='bbox 3209 4265 3308 4336; x_wconf 73' lang='grc' dir='ltr'><strong>μὲν</strong></span> <span class='ocrx_word' id='word_1_752' title='bbox 3331 4265 3406 4330; x_wconf 83' lang='grc' dir='ltr'><strong>ὡς</strong></span> <span class='ocrx_word' id='word_1_753' title='bbox 3431 4265 3528 4320; x_wconf 77' lang='grc' dir='ltr'><strong>καὶ</strong></span> 
     </span>
    </p>
   </div>
   <div class='ocr_carea' id='block_1_105' title="bbox 184 4355 1853 4434">
    <p class='ocr_par' dir='ltr' id='par_1_105' title="bbox 184 4355 1841 4433">
     <span class='ocr_line' id='line_1_105' title="bbox 184 4355 1841 4433; baseline 0.001 -18"><span class='ocrx_word' id='word_1_754' title='bbox 184 4396 193 4408; x_wconf 80' lang='grc'><em>.</em></span> <span class='ocrx_word' id='word_1_755' title='bbox 267 4364 512 4432; x_wconf 85' lang='lat' dir='ltr'><strong>quidem,</strong></span> <span class='ocrx_word' id='word_1_756' title='bbox 559 4363 860 4433; x_wconf 66' lang='lat' dir='ltr'><strong>quaeinter</strong></span> <span class='ocrx_word' id='word_1_757' title='bbox 903 4358 1118 4416; x_wconf 88' lang='lat' dir='ltr'><strong>illorum</strong></span> <span class='ocrx_word' id='word_1_758' title='bbox 1152 4361 1354 4431; x_wconf 83' lang='lat' dir='ltr'><strong>scripta</strong></span> <span class='ocrx_word' id='word_1_759' title='bbox 1395 4367 1524 4417; x_wconf 89' lang='lat' dir='ltr'><strong>sunt</strong></span> <span class='ocrx_word' id='word_1_760' title='bbox 1557 4355 1841 4425; x_wconf 83' lang='lat' dir='ltr'><strong>miracula,</strong></span> 
     </span>
    </p>
   </div>
   <div class='ocr_carea' id='block_1_106' title="bbox 1952 4355 3523 4434">
    <p class='ocr_par' dir='ltr' id='par_1_106' title="bbox 1952 4357 3523 4434">
     <span class='ocr_line' id='line_1_106' title="bbox 1952 4357 3523 4434; baseline -0.004 -18"><span class='ocrx_word' id='word_1_761' title='bbox 1952 4364 2062 4426; x_wconf 78' lang='grc' dir='ltr'><strong>τοῖς</strong></span> <span class='ocrx_word' id='word_1_762' title='bbox 2095 4361 2320 4417; x_wconf 70' lang='grc' dir='ltr'><strong>ἐκείνων</strong></span> <span class='ocrx_word' id='word_1_763' title='bbox 2351 4359 2785 4434; x_wconf 78' lang='grc' dir='ltr'><strong>ὲγγεγραμμένα</strong></span> <span class='ocrx_word' id='word_1_764' title='bbox 2807 4358 3051 4429; x_wconf 86' lang='grc' dir='ltr'><strong>θαύμασι</strong></span> <span class='ocrx_word' id='word_1_765' title='bbox 3076 4357 3523 4429; x_wconf 83' lang='grc' dir='ltr'><strong>παρεδράμομεν·</strong></span> 
     </span>
    </p>
   </div>
   <div class='ocr_carea' id='block_1_107' title="bbox 1945 4451 3526 4525">
    <p class='ocr_par' dir='ltr' id='par_1_107' title="bbox 1945 4451 3526 4525">
     <span class='ocr_line' id='line_1_107' title="bbox 1945 4451 3526 4525; baseline -0.004 -16"><span class='ocrx_word' id='word_1_766' title='bbox 1945 4453 2006 4509; x_wconf 79' lang='grc' dir='ltr'><strong>τὺ</strong></span> <span class='ocrx_word' id='word_1_767' title='bbox 2035 4453 2208 4525; x_wconf 76' lang='grc' dir='ltr'><strong>παρὸν</strong></span> <span class='ocrx_word' id='word_1_768' title='bbox 2234 4452 2290 4506; x_wconf 79' lang='grc' dir='ltr'><strong>δὲ</strong></span> <span class='ocrx_word' id='word_1_769' title='bbox 2317 4453 2602 4525; x_wconf 82' lang='grc' dir='ltr'><strong>τεράστιον</strong></span> <span class='ocrx_word' id='word_1_770' title='bbox 2624 4451 2701 4516; x_wconf 82' lang='grc' dir='ltr'><strong>ὡς</strong></span> <span class='ocrx_word' id='word_1_771' title='bbox 2732 4451 2808 4523; x_wconf 82' lang='grc' dir='ltr'><strong>μὴ</strong></span> <span class='ocrx_word' id='word_1_772' title='bbox 2835 4451 3046 4523; x_wconf 78' lang='grc' dir='ltr'><strong>γραφὲν</strong></span> <span class='ocrx_word' id='word_1_773' title='bbox 3070 4453 3128 4504; x_wconf 79' lang='grc' dir='ltr'><strong>ὲν</strong></span> <span class='ocrx_word' id='word_1_774' title='bbox 3154 4451 3339 4513; x_wconf 78' lang='grc' dir='ltr'><strong>αὐτοῖς</strong></span> <span class='ocrx_word' id='word_1_775' title='bbox 3365 4451 3526 4522; x_wconf 73' lang='grc' dir='ltr'><strong>ἡμεῖς</strong></span> 
     </span>
    </p>
   </div>
   <div class='ocr_carea' id='block_1_108' title="bbox 1945 4539 3526 4616">
    <p class='ocr_par' dir='ltr' id='par_1_108' title="bbox 1945 4539 3526 4616">
     <span class='ocr_line' id='line_1_108' title="bbox 1945 4539 3526 4616; baseline -0.005 -17"><span class='ocrx_word' id='word_1_776' title='bbox 1945 4543 2356 4616; x_wconf 70' lang='grc' dir='ltr'><strong>ἀνεγράψαμεν.</strong></span> <span class='ocrx_word' id='word_1_777' title='bbox 2386 4542 2494 4598; x_wconf 77' lang='grc' dir='ltr'><strong>Καὶ</strong></span> <span class='ocrx_word' id='word_1_778' title='bbox 2533 4539 2864 4614; x_wconf 79' lang='grc' dir='ltr'><strong>θαυμαζέτω</strong></span> <span class='ocrx_word' id='word_1_779' title='bbox 2891 4541 3084 4614; x_wconf 72' lang='grc' dir='ltr'><strong>μηδεὶς</strong></span> <span class='ocrx_word' id='word_1_780' title='bbox 3108 4541 3157 4594; x_wconf 90' lang='grc' dir='ltr'><strong>εί</strong></span> <span class='ocrx_word' id='word_1_781' title='bbox 3193 4539 3442 4612; x_wconf 78' lang='grc' dir='ltr'><strong>ἀλλήλοις</strong></span> <span class='ocrx_word' id='word_1_782' title='bbox 3475 4539 3526 4592; x_wconf 80' lang='lat' dir='ltr'><strong>oi</strong></span> 
     </span>
    </p>
   </div>
   <div class='ocr_carea' id='block_1_109' title="bbox 1947 4633 3525 4707">
    <p class='ocr_par' dir='ltr' id='par_1_109' title="bbox 1947 4633 3525 4707">
     <span class='ocr_line' id='line_1_109' title="bbox 1947 4633 3525 4707; baseline -0.004 -15"><span class='ocrx_word' id='word_1_783' title='bbox 1947 4637 2092 4706; x_wconf 74' lang='grc' dir='ltr'><strong>ἅγιοι</strong></span> <span class='ocrx_word' id='word_1_784' title='bbox 2125 4636 2194 4692; x_wconf 70' lang='grc' dir='ltr'><strong>τά</strong></span> <span class='ocrx_word' id='word_1_785' title='bbox 2223 4633 2361 4691; x_wconf 75' lang='grc' dir='ltr'><strong>αὐτὰ</strong></span> <span class='ocrx_word' id='word_1_786' title='bbox 2383 4635 2805 4707; x_wconf 88' lang='grc' dir='ltr'><strong>διαπράττοντες</strong></span> <span class='ocrx_word' id='word_1_787' title='bbox 2835 4633 3092 4704; x_wconf 86' lang='grc' dir='ltr'><strong>θαύματα</strong></span> <span class='ocrx_word' id='word_1_788' title='bbox 3137 4635 3226 4702; x_wconf 80' lang='grc' dir='ltr'><strong>(ὲκ</strong></span> <span class='ocrx_word' id='word_1_789' title='bbox 3253 4635 3382 4705; x_wconf 77' lang='grc' dir='ltr'><strong>μιᾶς</strong></span> <span class='ocrx_word' id='word_1_790' title='bbox 3419 4633 3525 4704; x_wconf 67' lang='grc' dir='ltr'><strong>γὰρ</strong></span> 
     </span>
    </p>
   </div>
   <div class='ocr_carea' id='block_1_110' title="bbox 1948 4727 3526 4803">
    <p class='ocr_par' dir='ltr' id='par_1_110' title="bbox 1948 4727 3526 4803">
     <span class='ocr_line' id='line_1_110' title="bbox 1948 4727 3526 4803; baseline -0.003 -18"><span class='ocrx_word' id='word_1_791' title='bbox 1948 4732 2132 4803; x_wconf 78' lang='grc' dir='ltr'><strong>πηγῆς</strong></span> <span class='ocrx_word' id='word_1_792' title='bbox 2169 4730 2352 4802; x_wconf 82' lang='grc' dir='ltr'><strong>Κῦρός</strong></span> <span class='ocrx_word' id='word_1_793' title='bbox 2379 4747 2441 4784; x_wconf 87' lang='grc' dir='ltr'><strong>τε</strong></span> <span class='ocrx_word' id='word_1_794' title='bbox 2487 4729 2585 4784; x_wconf 77' lang='grc' dir='ltr'><strong>καὶ</strong></span> <span class='ocrx_word' id='word_1_795' title='bbox 2625 4730 2904 4801; x_wconf 84' lang='grc' dir='ltr'><strong>Ἰωάννης,</strong></span> <span class='ocrx_word' id='word_1_796' title='bbox 2943 4728 3172 4800; x_wconf 81' lang='grc' dir='ltr'><strong>Κοσμᾶς</strong></span> <span class='ocrx_word' id='word_1_797' title='bbox 3203 4744 3263 4780; x_wconf 86' lang='grc' dir='ltr'><strong>τε</strong></span> <span class='ocrx_word' id='word_1_798' title='bbox 3299 4727 3395 4782; x_wconf 74' lang='grc' dir='ltr'><strong>καὶ</strong></span> <span class='ocrx_word' id='word_1_799' title='bbox 3419 4730 3526 4782; x_wconf 88' lang='grc' dir='ltr'><strong>Δα-</strong></span> 
     </span>
    </p>
   </div>
   <div class='ocr_carea' id='block_1_111' title="bbox 1953 4818 3526 4894">
    <p class='ocr_par' dir='ltr' id='par_1_111' title="bbox 1953 4818 3526 4894">
     <span class='ocr_line' id='line_1_111' title="bbox 1953 4818 3526 4894; baseline -0.003 -18"><span class='ocrx_word' id='word_1_800' title='bbox 1953 4821 2163 4894; x_wconf 80' lang='grc' dir='ltr'><strong>μιανδς,</strong></span> <span class='ocrx_word' id='word_1_801' title='bbox 2190 4821 2450 4894; x_wconf 84' lang='grc' dir='ltr'><strong>Χριστοῦ)</strong></span> <span class='ocrx_word' id='word_1_802' title='bbox 2470 4820 2563 4875; x_wconf 77' lang='grc' dir='ltr'><strong>τοῦ</strong></span> <span class='ocrx_word' id='word_1_803' title='bbox 2587 4819 2724 4875; x_wconf 80' lang='grc' dir='ltr'><strong>Θεοῦ</strong></span> <span class='ocrx_word' id='word_1_804' title='bbox 2749 4822 2784 4893; x_wconf 74' lang='grc' dir='ltr'><strong>ἡ</strong></span> <span class='ocrx_word' id='word_1_805' title='bbox 2794 4819 2911 4892; x_wconf 90' lang='grc' dir='ltr'><strong>μῶν</strong></span> <span class='ocrx_word' id='word_1_806' title='bbox 2923 4818 3192 4892; x_wconf 80' lang='grc' dir='ltr'><strong>’ἀρύονται</strong></span> <span class='ocrx_word' id='word_1_807' title='bbox 3209 4818 3276 4873; x_wconf 82' lang='grc' dir='ltr'><strong>τὰ</strong></span> <span class='ocrx_word' id='word_1_808' title='bbox 3301 4819 3526 4890; x_wconf 84' lang='grc' dir='ltr'><strong>ἰάματα,</strong></span> 
     </span>
    </p>
   </div>
   <div class='ocr_carea' id='block_1_112' title="bbox 1950 4910 3526 4986">
    <p class='ocr_par' dir='ltr' id='par_1_112' title="bbox 1950 4910 3526 4986">
     <span class='ocr_line' id='line_1_112' title="bbox 1950 4910 3526 4986; baseline -0.003 -18"><span class='ocrx_word' id='word_1_809' title='bbox 1950 4916 2045 4969; x_wconf 76' lang='grc' dir='ltr'><strong>καὶ</strong></span> <span class='ocrx_word' id='word_1_810' title='bbox 2076 4915 2171 4969; x_wconf 78' lang='grc' dir='ltr'><strong>ἕνα</strong></span> <span class='ocrx_word' id='word_1_811' title='bbox 2204 4913 2482 4986; x_wconf 85' lang='grc' dir='ltr'><strong>Δεσπότην</strong></span> <span class='ocrx_word' id='word_1_812' title='bbox 2515 4913 2696 4986; x_wconf 72' lang='grc' dir='ltr'><strong>ἔχουσί</strong></span> <span class='ocrx_word' id='word_1_813' title='bbox 2742 4927 2800 4967; x_wconf 83' lang='grc' dir='ltr'><strong>τε</strong></span> <span class='ocrx_word' id='word_1_814' title='bbox 2849 4913 2946 4966; x_wconf 77' lang='grc' dir='ltr'><strong>καὶ</strong></span> <span class='ocrx_word' id='word_1_815' title='bbox 2977 4910 3210 4982; x_wconf 87' lang='grc' dir='ltr'><strong>τιμῶσιν</strong></span> <span class='ocrx_word' id='word_1_816' title='bbox 3251 4911 3526 4981; x_wconf 77' lang='grc' dir='ltr'><strong>ἑκάτεροι,</strong></span> 
     </span>
    </p>
   </div>
   <div class='ocr_carea' id='block_1_113' title="bbox 1951 5000 3529 5074">
    <p class='ocr_par' dir='ltr' id='par_1_113' title="bbox 1951 5000 3529 5074">
     <span class='ocr_line' id='line_1_113' title="bbox 1951 5000 3529 5074; baseline -0.004 -16"><span class='ocrx_word' id='word_1_817' title='bbox 1951 5003 2041 5058; x_wconf 63' lang='grc' dir='ltr'><strong>τὸν</strong></span> <span class='ocrx_word' id='word_1_818' title='bbox 2071 5004 2138 5058; x_wconf 80' lang='grc' dir='ltr'><strong>δι’</strong></span> <span class='ocrx_word' id='word_1_819' title='bbox 2170 5003 2353 5058; x_wconf 79' lang='grc' dir='ltr'><strong>αὐτῶν</strong></span> <span class='ocrx_word' id='word_1_820' title='bbox 2385 5005 2520 5074; x_wconf 86' lang='grc' dir='ltr'><strong>ήμῖν</strong></span> <span class='ocrx_word' id='word_1_821' title='bbox 2545 5001 2646 5067; x_wconf 78' lang='grc' dir='ltr'><strong>τὰς</strong></span> <span class='ocrx_word' id='word_1_822' title='bbox 2689 5003 2995 5074; x_wconf 81' lang='grc' dir='ltr'><strong>θεραπείας</strong></span> <span class='ocrx_word' id='word_1_823' title='bbox 3035 5000 3404 5072; x_wconf 86' lang='grc' dir='ltr'><strong>δωρούμενον,</strong></span> <span class='ocrx_word' id='word_1_824' title='bbox 3433 5001 3529 5072; x_wconf 77' lang='grc' dir='ltr'><strong>καὶ</strong></span> 
     </span>
    </p>
   </div>
   <div class='ocr_carea' id='block_1_114' title="bbox 1950 5092 3529 5167">
    <p class='ocr_par' dir='ltr' id='par_1_114' title="bbox 1950 5092 3529 5167">
     <span class='ocr_line' id='line_1_114' title="bbox 1950 5092 3529 5167; baseline -0.001 -19"><span class='ocrx_word' id='word_1_825' title='bbox 1950 5093 2166 5167; x_wconf 85' lang='grc' dir='ltr'><strong>δρῶντα</strong></span> <span class='ocrx_word' id='word_1_826' title='bbox 2191 5094 2259 5149; x_wconf 79' lang='grc' dir='ltr'><strong>τὰ</strong></span> <span class='ocrx_word' id='word_1_827' title='bbox 2287 5092 2603 5164; x_wconf 85' lang='grc' dir='ltr'><strong>πολύτροπα</strong></span> <span class='ocrx_word' id='word_1_828' title='bbox 2633 5093 2840 5166; x_wconf 89' lang='grc' dir='ltr'><strong>τέρατα</strong></span> <span class='ocrx_word' id='word_1_829' title='bbox 2857 5111 2871 5126; x_wconf 74' lang='grc' dir='ltr'><strong>ο</strong></span> <span class='ocrx_word' id='word_1_830' title='bbox 2895 5093 2954 5148; x_wconf 77' lang='grc' dir='ltr'><strong>ὃν</strong></span> <span class='ocrx_word' id='word_1_831' title='bbox 2995 5094 3069 5158; x_wconf 87' lang='grc' dir='ltr'><strong>ὡς</strong></span> <span class='ocrx_word' id='word_1_832' title='bbox 3098 5093 3206 5148; x_wconf 88' lang='grc' dir='ltr'><strong>τῶν</strong></span> <span class='ocrx_word' id='word_1_833' title='bbox 3233 5092 3369 5148; x_wconf 84' lang='grc' dir='ltr'><strong>ὅλων</strong></span> <span class='ocrx_word' id='word_1_834' title='bbox 3397 5093 3529 5146; x_wconf 66' lang='grc' dir='ltr'><strong>Θεὸν</strong></span> 
     </span>
    </p>
   </div>
   <div class='ocr_carea' id='block_1_115' title="bbox 1951 5184 3592 5260">
    <p class='ocr_par' dir='ltr' id='par_1_115' title="bbox 1951 5184 3592 5260">
     <span class='ocr_line' id='line_1_115' title="bbox 1951 5184 3592 5260; baseline -0.002 -18"><span class='ocrx_word' id='word_1_835' title='bbox 1951 5184 2081 5242; x_wconf 74' lang='grc' dir='ltr'><strong>ὄντα</strong></span> <span class='ocrx_word' id='word_1_836' title='bbox 2117 5187 2482 5259; x_wconf 80' lang='grc' dir='ltr'><strong>ὑμνήσαντες,</strong></span> <span class='ocrx_word' id='word_1_837' title='bbox 2535 5186 2630 5240; x_wconf 75' lang='grc' dir='ltr'><strong>καὶ</strong></span> <span class='ocrx_word' id='word_1_838' title='bbox 2671 5186 2801 5250; x_wconf 78' lang='grc' dir='ltr'><strong>τοὺς</strong></span> <span class='ocrx_word' id='word_1_839' title='bbox 2849 5186 3138 5260; x_wconf 87' lang='grc' dir='ltr'><strong>μάρτυρας</strong></span> <span class='ocrx_word' id='word_1_840' title='bbox 3175 5185 3251 5249; x_wconf 84' lang='grc' dir='ltr'><strong>ῶς</strong></span> <span class='ocrx_word' id='word_1_841' title='bbox 3302 5185 3528 5248; x_wconf 77' lang='grc' dir='ltr'><strong>πιστοὺς</strong></span> <span class='ocrx_word' id='word_1_842' title='bbox 3583 5215 3592 5229; x_wconf 77' lang='grc' dir='ltr'><strong><em>ο</em></strong></span> 
     </span>
    </p>
   </div>
   <div class='ocr_carea' id='block_1_116' title="bbox 1951 5277 3527 5351">
    <p class='ocr_par' dir='ltr' id='par_1_116' title="bbox 1951 5277 3527 5351">
     <span class='ocr_line' id='line_1_116' title="bbox 1951 5277 3527 5351; baseline -0.003 -15"><span class='ocrx_word' id='word_1_843' title='bbox 1951 5279 2117 5336; x_wconf 75' lang='grc' dir='ltr'><strong>αὐτοῦ</strong></span> <span class='ocrx_word' id='word_1_844' title='bbox 2149 5280 2442 5350; x_wconf 78' lang='grc' dir='ltr'><strong>γεγονότας</strong></span> <span class='ocrx_word' id='word_1_845' title='bbox 2481 5277 2840 5350; x_wconf 85' lang='grc' dir='ltr'><strong>θεράποντας,</strong></span> <span class='ocrx_word' id='word_1_846' title='bbox 2867 5281 3070 5351; x_wconf 77' lang='grc' dir='ltr'><strong>ἐτέρων</strong></span> <span class='ocrx_word' id='word_1_847' title='bbox 3101 5279 3396 5350; x_wconf 83' lang='grc' dir='ltr'><strong>θαυμάτων</strong></span> <span class='ocrx_word' id='word_1_848' title='bbox 3431 5277 3527 5342; x_wconf 75' lang='grc' dir='ltr'><strong>τὰς</strong></span> 
     </span>
    </p>
   </div>
   <div class='ocr_carea' id='block_1_117' title="bbox 1953 5371 2639 5446">
    <p class='ocr_par' dir='ltr' id='par_1_117' title="bbox 1953 5371 2639 5446">
     <span class='ocr_line' id='line_1_117' title="bbox 1953 5371 2639 5446; baseline 0 -18"><span class='ocrx_word' id='word_1_849' title='bbox 1953 5373 2285 5446; x_wconf 79' lang='grc' dir='ltr'><strong>παραθέσεις</strong></span> <span class='ocrx_word' id='word_1_850' title='bbox 2317 5371 2639 5443; x_wconf 86' lang='grc' dir='ltr'><strong>ποιούμεθα.</strong></span> 
     </span>
    </p>
   </div>
   <div class='ocr_carea' id='block_1_118' title="bbox 1953 5486 3525 5561">
    <p class='ocr_par' dir='ltr' id='par_1_118' title="bbox 1953 5486 3525 5561">
     <span class='ocr_line' id='line_1_118' title="bbox 1953 5486 3525 5561; baseline 0.001 -17"><span class='ocrx_word' id='word_1_851' title='bbox 1953 5487 2079 5544; x_wconf 75' lang='lat' dir='ltr'><strong>AA&#39;.</strong></span> <span class='ocrx_word' id='word_1_852' title='bbox 2113 5487 2254 5561; x_wconf 65' lang='grc' dir='ltr'><strong>Περί</strong></span> <span class='ocrx_word' id='word_1_853' title='bbox 2289 5486 2732 5561; x_wconf 21' lang='grc' dir='ltr'><strong>Θεοδώρουμτοῦ</strong></span> <span class='ocrx_word' id='word_1_854' title='bbox 2757 5488 2922 5561; x_wconf 51' lang='grc' dir='ltr'><strong>μετὰ-</strong></span> <span class='ocrx_word' id='word_1_855' title='bbox 2945 5487 3010 5544; x_wconf 80' lang='grc' dir='ltr'><strong>τὸ</strong></span> <span class='ocrx_word' id='word_1_856' title='bbox 3045 5491 3408 5556; x_wconf 69' lang='grc' dir='ltr'><strong>κοινωνῆσαι</strong></span> <span class='ocrx_word' id='word_1_857' title='bbox 3435 5495 3525 5561; x_wconf 70' lang='lat' dir='ltr'><strong>[St-</strong></span> 
     </span>
    </p>
   </div>
   <div class='ocr_carea' id='block_1_119' title="bbox 1989 5557 3477 5636">
    <p class='ocr_par' dir='ltr' id='par_1_119' title="bbox 1989 5557 3477 5636">
     <span class='ocr_line' id='line_1_119' title="bbox 1989 5557 3477 5636; baseline 0.003 -22"><span class='ocrx_word' id='word_1_858' title='bbox 1989 5576 2131 5614; x_wconf 78' lang='grc' dir='ltr'><strong>νοκτ</strong></span> <span class='ocrx_word' id='word_1_859' title='bbox 2141 5557 2508 5624; x_wconf 65' lang='grc' dir='ltr'><strong>ινπήσέιιντος,</strong></span> <span class='ocrx_word' id='word_1_860' title='bbox 2523 5557 2618 5612; x_wconf 79' lang='grc' dir='ltr'><strong>καὶ</strong></span> <span class='ocrx_word' id='word_1_861' title='bbox 2650 5557 3013 5629; x_wconf 57' lang='grc' dir='ltr'><strong>παραχρῆικι</strong></span> <span class='ocrx_word' id='word_1_862' title='bbox 3043 5557 3477 5636; x_wconf 57' lang='grc' dir='ltr'><strong>τυμλωθέιητοξι.</strong></span> 
     </span>
    </p>
   </div>
   <div class='ocr_carea' id='block_1_120' title="bbox 2039 5649 3523 5730">
    <p class='ocr_par' dir='ltr' id='par_1_120' title="bbox 2039 5649 3523 5730">
     <span class='ocr_line' id='line_1_120' title="bbox 2039 5649 3523 5730; baseline 0.003 -24"><span class='ocrx_word' id='word_1_863' title='bbox 2039 5649 2096 5706; x_wconf 88' lang='grc' dir='ltr'>ὐ</span> <span class='ocrx_word' id='word_1_864' title='bbox 2127 5651 2341 5717; x_wconf 72' lang='grc' dir='ltr'><strong>νεανίας</strong></span> <span class='ocrx_word' id='word_1_865' title='bbox 2372 5651 2646 5723; x_wconf 73' lang='grc' dir='ltr'><strong>Θεόδωρος</strong></span> <span class='ocrx_word' id='word_1_866' title='bbox 2677 5653 2702 5707; x_wconf 71' lang='grc' dir='ltr'><strong>ὁ</strong></span> <span class='ocrx_word' id='word_1_867' title='bbox 2735 5655 2826 5726; x_wconf 76' lang='grc' dir='ltr'><strong>τῆς</strong></span> <span class='ocrx_word' id='word_1_868' title='bbox 2865 5655 3148 5728; x_wconf 65' lang='grc' dir='ltr'><strong>παρούσης</strong></span> <span class='ocrx_word' id='word_1_869' title='bbox 3187 5656 3314 5728; x_wconf 69' lang='grc' dir='ltr'><strong>ἡμῖν</strong></span> <span class='ocrx_word' id='word_1_870' title='bbox 3341 5657 3523 5730; x_wconf 69' lang='grc' dir='ltr'><strong>διηγή-</strong></span> 
     </span>
    </p>
   </div>
  </div>
