4010 6208
433 263 581 331 3521
623 324 626 326 ν

1459 282 1563 345 ss.
1604 284 1779 347 CYRI
1810 244 1907 349 ET
1928 289 2248 354 JOANNIS
2276 294 2691 363 MIRACULA.

3535 304 3680 369 3522

431 394 568 441 asto;
592 378 784 444 αίτιος,
802 382 1062 456 κμεγάλης
1088 384 1351 457 ὠφελείας
1368 391 1577 459 γίνεται
1605 398 1866 469 πρόξενος
1888 404 1995 468 τοῖς

2104 404 2268 460 tionis
2316 414 2402 462 est
2445 417 2657 477 auctor,
2684 425 2894 483 magnte
2934 409 3189 467 utilitatis
3225 408 3459 467 eﬂlcitar
3501 426 3677 468 causa

429 467 490 521 ού
521 469 816 566 παρέργως
856 472 970 566 τῶν
1013 474 1324 549 λεγομένων
1369 467 1663 542 ἀκούουσιξ
1691 485 1857 557 Οὗτος
1896 494 2006 566 γὰρ

431 561 510 652 εἰς
538 560 600 614 τὸ
623 561 733 614 τῶν
770 564 944 632 ἁγίων
974 568 1265 640 γενόμενος
1309 574 1556 646 τέμενος,
1595 581 1734 650 μετὰ
1763 583 1864 652 τὴν

432 650 711 715 (monoth
750 656 985 725 Χριστοῦ
1024 664 1344 734 μυστηρίων
1377 668 1700 741 μετάληψιν,
1728 650 1873 739 ὅθεν,
1906 677 2009 732 οὐκ

432 741 610 811 ἴσμεν,
651 746 994 821 κινούμενος,
1021 751 1133 805 εἴτε
1158 754 1303 820 τινὸς
1329 757 1494 813 αὑτὸν
1518 761 1657 832 πρὸς
1677 764 1847 836 θυμὸν
1868 784 2009 839 παρ-

429 836 767 907 οτρύνοντος,
849 844 1018 914 μανίᾳ
1048 847 1299 922 ⁸μεγίστῃ
1348 851 1700 923 φλεγόμενος,
1740 859 1833 912 καλ⁵
1869 836 2007 927 ζέων

431 930 743 1020 τῇκινησει
783 932 878 986 τοῦ
917 937 1046 1006 περὶ
1079 939 1305 1009 καρδίαν
1346 943 1708 1015 καχλάζοντος
1752 950 2004 1020 αἵματος,

431 1019 493 1071 ού
506 1019 685 1089 λόγοις
712 1021 896 1092 μόνοις
915 1025 975 1079 τδ
1000 1027 1154 1081 Θεῖον
1176 1032 1203 1083 ὁ
1221 1031 1453 1098 δείλαιος
1476 1035 1690 1108 ὕϐρισε,
1706 1019 2006 1113 δυσφημῶν

430 1112 461 1164 ό
497 1113 828 1184 τρισάθλιος,
861 1118 956 1174 καὶ
981 1117 1059 1183 ὼς
1088 1121 1228 1177 κατὰ
1265 1122 1552 1180 συνδούλου
1583 1128 1726 1194 τινὸς
1764 1112 2006 1195 regio:-

431 1202 616 1272 δορίας
650 1205 996 1276 ποιούμενος,
1025 1210 1160 1263 ἀλλὰ
1190 1213 1285 1267 καὶ
1334 1217 1402 1288 τῇ
1438 1215 1528 1269 διὰ
1561 1218 1726 1288 ῥινῶν
1754 1220 2005 1293 ἀναρρω-

431 1299 595 1366 φήσει
640 1296 735 1350 τοῦ
771 1298 1083 1370 πνεύματος
1111 1304 1319 1359 κτύπον
1358 1307 1636 1364 ἀποτελῶν
1678 1311 1874 1384 βροντῇ
1909 1331 2005 1385 φο·

430 1385 567 1458 ϐερᾷ
597 1388 1000 1459 παραπλήσιον,
1025 1391 1117 1446 τὸν
1144 1394 1387 1466 φρίττειν
1415 1398 1575 1465 εὐθὺς
1625 1402 2005 1471 ἀναγκάζοντα

431 1476 639 1539 πάντας
670 1478 798 1541 τοὺς
831 1481 1106 1551 παρόντας
1128 1484 1222 1537 καὶ
1257 1485 1575 1556 βλέποντας,
1611 1494 1838 1559 καὶτοῖς
1868 1495 2004 1550 ὠσὶν

430 1567 703 1631 ἀκουσίως
753 1568 1070 1635 ἀκούοντας.
1110 1574 1300 1630 Πολλοὶ
1351 1577 1408 1631 δέ
1455 1580 1632 1650 τοῦτοξ
1659 1584 2004 1657 Χριστιανῶν

429 1658 880 1729 διαπράττονται,
917 1654 1281 1735 βλασφημεῖν,
1329 1668 1405 1733 ὡς
1437 1666 1613 1743 οἴμαι,
1667 1654 1998 1746 νομίζοντες,

2109 493 2196 550 l.is
2248 496 2340 564 qui
2395 512 2502 552 non
2555 493 2877 557 transitorie
2909 516 3032 572 quae
3086 501 3349 556 dicuntur
3388 501 3678 556 audierint.

2108 581 2209 638 Hic
2243 586 2390 640 enim
2418 586 2473 642 iu
2508 588 2792 645 basilicam
2824 600 3144 647 sanctorum
3182 590 3407 646 veniens
3438 597 3562 659 post
3595 591 3679 645 vi-

2108 674 2389 731 viﬁcorum
2444 676 2653 735 Christi
2710 689 3182 739 sacramentorum
3246 680 3676 752 perceptionem,

2108 768 2250 825 ttude
2316 780 2496 825 motus
2552 770 2849 835 nescimus,
2895 772 3014 828 sive
3071 772 3218 827 hunc
3268 772 3556 842 quisquam
3609 772 3681 826 ad

2108 854 2349 913 furorem
2369 858 2704 926 incitaveril,
2718 863 2833 917 sive
2851 879 3010 919 nemo
3022 862 3450 928 exacerbaverit,
3463 863 3679 919 insania

2106 950 2346 1006 maxima
2370 949 2741 1010 inﬂammatus
2764 962 2866 1018 est,
2893 962 2948 1009 et
2968 957 3167 1011 amens
3191 962 3338 1012 motu
3369 956 3677 1025 sanguinis,

2105 1039 2199 1106 qui
2230 1040 2377 1093 circa
2404 1054 2501 1095 cor
2533 1041 2749 1109 ebullit,
2782 1058 2891 1098 non
2920 1044 3055 1099 solis
3086 1042 3279 1103 infelix
3314 1046 3498 1100 verbis
3535 1044 3678 1100 divi-

2106 1129 2262 1185 nitati
2336 1131 2723 1203 blaSpbemans
2781 1136 3040 1207 iniuriam
3098 1137 3319 1203 iutulit,
3395 1146 3451 1195 et
3519 1131 3681 1209 quasi

2104 1220 2370 1279 adversus
2442 1239 2771 1281 conservum
2852 1243 3182 1305 quemquam
3264 1230 3680 1288 maledictiones

2105 1312 2345 1381 intorsit,
2369 1316 2465 1372 sed
2495 1324 2551 1373 et
2576 1318 2775 1388 spiritu
2810 1334 2907 1390 per
2944 1335 3106 1376 nares
3140 1335 3360 1376 sursum
3394 1322 3678 1393 absorpto,

2103 1415 2168 1457 ex
2197 1418 2258 1458 se
2287 1404 2529 1460 sonitum
2562 1406 2819 1473 reddidit,
2855 1408 3101 1466 touitruo
3141 1410 3369 1465 terribili
3421 1411 3677 1475 similem.

2103 1493 2196 1563 qui
2232 1493 2461 1551 horrere
2487 1497 2673 1553 statim
2698 1513 2889 1555 omnes
2911 1501 3111 1570 coegit,
3141 1510 3443 1570 praesentes
3469 1505 3682 1558 scilicet

2103 1593 2157 1638 et
2212 1585 2519 1653 intuentes,
2568 1595 2624 1644 et
2671 1587 2859 1644 invitis
2910 1590 3139 1645 auribus
3180 1591 3489 1647 audientes.
3527 1591 3676 1646 Multi

2105 1684 2287 1732 autem
2358 1679 2461 1733 hoc
2515 1679 2952 1733 Christianorum
3027 1689 3248 1751 gerunt,
3300 1681 3680 1752 blasphemare

430 1749 753 1817 ἀγνοοῦντες
779 1752 836 1806 δέ
869 1754 1151 1820 παντελῶς
1178 1758 1239 1811 τὸ
1267 1764 1661 1835 πραττόμενον⁸
1690 1768 1826 1840 ὅπερ
1852 1772 1995 1844 ἀκρι·

2103 1767 2320 1837 quidem
2357 1777 2418 1823 ut
2464 1784 2588 1826 reor
2618 1749 3211 1839 existimantequuod
3259 1781 3441 1829 autem
3499 1773 3681 1843 agitur

429 1841 540 1904 ϐὡς
563 1843 611 1894 εί
652 1841 967 1912 ἐγίνωσκον,
997 1846 1097 1900 οὐκ
1143 1846 1208 1901 ἂν
1236 1851 1370 1904 αὐτὸ
1406 1853 1546 1924 μετὰ
1592 1857 1794 1928 μυρίας
1830 1841 2003 1930 βασά-

430 1949 557 1995 νους
585 1933 929 2003 είργάσαντο.

502 2024 611 2077 Καὶ
638 2025 776 2094 τάχα
813 2026 1096 2098 διασαφεῖν
1124 2031 1184 2084 τδ
1211 2032 1381 2087 κακὸν
1404 2035 1505 2091 οὐκ
1539 2037 1799 2111 ἀνόνητον
1823 2058 1836 2075 ·
1872 2043 2003 2108 ἴσως

426 2110 537 2201 γάρ
569 2128 714 2175 τινες
756 2115 1122 2184 μανθάνοντες
1147 2121 1312 2175 αύτοῦ
1341 2122 1441 2195 τὴν
1485 2110 1765 2201 ποιότητα,
1806 2133 1900 2185 καὶ
1927 2132 2003 2197 ὡς

437 2199 879 2271 Ἐλληνικῆςέστι
898 2207 1210 2276 δυσσεϐείας
1220 2213 1441 2279 ἐπάξιον
1455 2214 1590 2290 εὖρη
1599 2199 1694 2290 μα,
1710 2221 1807 2293 τῆς
1821 2224 2001 2278 τοιαύ-

428 2307 527 2383 της
578 2294 806 2383 ἐαυτοθς
863 2299 1285 2369 φρενοϐλαϐείας
1329 2307 1675 2375 φυλάξαιντο.
1712 2313 1849 2377 Τοὺς
1873 2314 2003 2368 Ἔλ-

432 2376 614 2470 ληνας,
660 2376 825 2453 φησὶν
862 2389 890 2441 ό
925 2389 1255 2463 Πορφύριος,
1289 2396 1387 2461 τὰς
1423 2400 1639 2469 ἐναγεῖς
1665 2376 1857 2469 θυσίας
1886 2409 2001 2470 τοῖς

429 2469 669 2570 εἰδωλοις
693 2476 1106 2553 προσφέροντας
1131 2484 1477 2556 ρινοκτυπεῖν
1501 2491 1998 2570 ἐντονώτατα,όλκῇ

427 2559 580 2632 βιαία
607 2565 703 2618 καὶ
727 2567 954 2639 δυνάμει
984 2571 1079 2626 τοῦ
1105 2575 1417 2647 πνεύματος
1448 2581 1540 2635 τὸν
1561 2584 1767 2641 τοιόνδε

425 2652 822 2741 προφέροντας,
856 2656 1024 2728 ὕμνον
1064 2664 1333 2719 ποιεῖσθαι
1373 2668 1690 2741 σεϐάσμιον,
1722 2673 1798 2741 ὡς
1818 2676 2002 2735 ἐντεῦ-

425 2737 517 2837 θεν
540 2742 741 2837 πολλὴν
763 2746 908 2817 ἔχειν
930 2752 1055 2814 τοὺς
1081 2752 1313 2820 θύοντας
1349 2737 1561 2829 ἄδειαν,
1582 2763 1674 2818 καὶ
1700 2737 1803 2837 τὴν
1837 2766 1998 2837 ἆμιλ-

366 2860 369 2863 -
423 2829 523 2928 λαν
568 2831 764 2903 ζηλοῦν
794 2838 1124 2907 ἱκανώτατα,
1167 2845 1252 2909 τίς
1296 2849 1618 2924 ρινοκτυπίᾳ
1661 2829 2000 2928 νίκησα-τὸν

423 2918 640 3019 ἕτερον,
670 2924 737 2976 ἵν’
767 2928 795 2979 ό
822 2926 1096 2997 βέλτιστος
1128 2934 1341 3005 πρῶτος
1379 2918 1650 3012 ἀκούοιτο,
1687 2918 1782 2999 καί
1808 2946 1998 3019 δαίμο-

425 3027 511 3063 σιν
536 3012 771 3084 ύπάρχοι
808 3019 1166 3086 γλυκύτατος.
1199 3026 1350 3098 Αὕτη
1381 3030 1490 3085 τῶν
1522 3034 1744 3089 τοιῶνδε
1772 3037 1996 3094 κτύπων

423 3101 1051 3201 ηποιότηςκαᾼθέστηκεν
1071 3116 1205 3185 πρὸς
1225 3115 1522 3188 θεραπείαν
1536 3122 1805 3194 δαιμόνων
1826 3127 2000 3201 ὑπάρ-

423 3192 585 3287 ξασα,
630 3197 722 3250 καὶ
775 3197 1039 3270 δαίμονας
1089 3205 1431 3277 ἀκαθάρτους
1471 3192 1660 3281 ὑμνεῖν
1696 3192 1999 3287 λεληθότως

422 3283 548 3345 τοὺς
574 3288 906 3355 προεμένους
926 3291 1095 3364 αὐτὴν
1123 3296 1524 3366 ἀναγκάζουσα.
1544 3302 1705 3358 Ὅθεν
1723 3306 1849 3371 τοὺς
1869 3309 1997 3362 ταύ-

530 3381 848 3449 χρωμένους
898 3386 1308 3459 προτρέπομεν,
1382 3392 1658 3463 μαθόντας
1710 3400 1882 3469 αὐτῆς
1935 3402 1997 3456 τὸ

422 3465 718 3563 βλαπτικὸν
776 3475 871 3527 καὶ
920 3476 1204 3549 ὀλέθριον,
1264 3483 1337 3546 ὡς
1399 3485 1748 3559 ψυχοφθόρου
1799 3465 1993 3563 λύττης

421 3557 771 3624 άφέστασθαι.
799 3581 818 3614 ι
843 3565 939 3630 Τίς
965 3567 1072 3643 γὰρ
1118 3573 1367 3627 κοινωνία
1396 3578 1535 3645 φωτὶ
1562 3557 1696 3649 προς
1722 3557 1988 3651 σκότοςςψι

422 3648 516 3700 καὶ
545 3652 613 3704 τά
636 3652 785 3722 ἑξῆς,
1370 3678 1375 3683 “

487 3830 676 3902 Τούτῳ
705 3831 780 3904 τῷ
826 3835 1017 3907 κτύπῳ
1041 3836 1316 3911 Θεόδωρος
1353 3840 1431 3920 τῷ
1470 3842 1710 3917 βδελυρῷ
1739 3847 1833 3901 καὶ
1872 3849 1993 3919 φιλ-

414 3921 629 3994 ειδώλῳ,
656 3926 794 3995 μετὰ
831 3926 930 3999 τὴν
973 3929 1073 3999 τῆς
1135 3932 1406 4007 ἀχράντου
1455 3938 1740 4003 κοινωνίας
1785 3939 1991 4014 βρῶσιν

414 4015 780 4086 χρησάμενος,
832 4021 995 4084 εὐθὺς
1039 4024 1315 4097 ἐστερεῖτο
1348 4030 1454 4082 τῶν
1496 4029 1694 4099 δψεων,
1737 4035 1832 4085 καὶ
1882 4035 1990 4089 τῶν

411 4106 675 4198 ὀμμάτων
697 4110 947 4183 ἐχήρευε,
981 4113 1281 4188 σύνδρομον
1301 4122 1366 4189 τῇ
1388 4120 1671 4194 δυσφημίᾳ
1694 4124 1793 4198 τὴν
1818 4142 1990 4196 τιμω-

418 4197 539 4266 ρίαν
567 4200 870 4272 εὑράμενος
889 4221 903 4235 ·
935 4207 1030 4260 καὶ
1067 4200 1257 4263 τούτου
1288 4212 1595 4282 συμϐάντος
1646 4215 1721 4280 ὡς
1752 4197 1985 4288 ἔφημεν,

412 4288 613 4359 τρόμος
645 4290 891 4357 ἅπαντας
919 4296 1046 4360 τοὺς
1080 4300 1358 4369 παρόντας
1389 4302 1714 4373 ἐλάμϐανεν,
1749 4308 1845 4360 καὶ
1883 4308 1984 4380 φό-

2105 1858 2460 1927 ignorantes;
2497 1862 2644 1932 quod
2680 1861 2727 1919 si
2778 1862 2985 1918 certius
3026 1863 3306 1919 novissent
3339 1880 3446 1920 non
3492 1867 3680 1935 utique

2107 1945 2157 2000 id
2199 1956 2321 2017 post
2352 1956 2432 2005 tot
2467 1950 2635 2007 tuillia
2667 1960 3060 2007 tormentorum
3093 1953 3357 2024 egissent.

2174 2037 2241 2093 Et
2264 2037 2404 2095 forte
2436 2041 2540 2095 hoc
2571 2041 2867 2111 explanare
2898 2044 3123 2108 malum,
3151 2058 3257 2099 non
3283 2052 3368 2099 est
3395 2044 3675 2114 ineptum;

2105 2125 2359 2184 fortassis
2388 2128 2535 2185 enim
2567 2130 2687 2199 ejus
2745 2130 2996 2186 nonnulli
3038 2133 3259 2203 cognita
3310 2136 3598 2201 qualitate.
3622 2143 3679 2188 et

2102 2219 2244 2289 quod
2286 2220 2476 2291 gentili
2515 2221 2784 2292 condigna
2823 2221 3101 2292 impietate
3150 2224 3223 2281 sit
3267 2224 3605 2290 adinventio,
3645 2242 3678 2282 a

2103 2308 2196 2363 tali
2231 2309 2558 2380 semetipsos
2586 2326 2850 2366 sensuum
2899 2310 3121 2368 laesione
3157 2312 3488 2378 custodierit.
3529 2315 3678 2371 Gen-

2101 2399 2225 2454 tiles
2251 2399 2530 2453 immunda
2552 2400 2826 2455 sacrilicia
2854 2399 3017 2456 idolis
3042 2399 3356 2460 oll‘erentes.
3377 2404 3674 2460 vehemem

2102 2490 2319 2547 tissime
2371 2490 2615 2546 sonitum
2680 2488 2863 2546 facere
2921 2505 3081 2557 naso,
3129 2490 3262 2548 dicit
3318 2492 3675 2566 Porphyrius,

2102 2581 2303 2639 virtute
2351 2581 2530 2639 valida
2582 2581 2815 2652 spiritus
2852 2591 2906 2637 et
2940 2581 3170 2651 ingenti,
3202 2588 3255 2638 et
3294 2582 3675 2653 hujuscemodi

2101 2673 2344 2729 sonitum
2366 2673 2731 2745 proferentes,
2750 2674 3012 2743 hymnum
3030 2673 3209 2729 facere
3226 2675 3672 2744 celeberrimum;

2099 2769 2174 2822 ita
2219 2774 2277 2822 ut
2328 2764 2459 2823 hinc
2514 2766 2743 2825 multam
2798 2765 3038 2822 habeant
3092 2766 3144 2822 hi
3193 2769 3287 2838 qui
3350 2769 3667 2827 sacrificant

2099 2857 2604 2920 concertationem,
2654 2857 2813 2927 quasi
2895 2856 3112 2912 narium
3192 2859 3376 2916 sonitu
3453 2871 3675 2931 superet

2100 2948 2354 3013 alterum,
2397 2956 2454 3002 ut
2507 2949 2750 3018 optimus
2800 2947 3011 3018 primus
3057 2947 3337 3017 audiatur,
3368 2956 3422 3005 et
3465 2950 3671 3007 ἀτειηο-

2101 3038 2262 3094 nibus
2297 3039 2371 3096 sit
2421 3038 2801 3096 dulcissimus.
2840 3037 2963 3096 llaec
3020 3046 3105 3098 est
3170 3039 3365 3100 horum
3412 3057 3672 3098 sonorum
3766 3084 3779 3093 .

2101 3129 2358 3200 qualitas,
2390 3145 2511 3201 quae
2540 3128 2607 3184 ad
2640 3128 3000 3201 piscationem
3027 3128 3422 3189 dmnmuiorum
3456 3131 3672 3186 iuventa

2098 3213 2464 3291 cst,quteque'
2501 3220 2783 3275 daemonas
2831 3217 3144 3277 immundos
3192 3220 3398 3275 sensim
3453 3221 3674 3277 laudare

2096 3312 2355 3382 cOgiteos
2383 3313 2477 3382 qui
2511 3311 2652 3368 hanc
2679 3318 2986 3370 sectantur.
3022 3308 3173 3366 Unde
3193 3310 3286 3382 qui
3313 3312 3411 3367 hac
3433 3313 3670 3379 utimini,

2095 3403 2452 3457 cohortamur
2498 3412 2556 3460 ut
2605 3417 2730 3459 cum
2775 3401 3213 3471 cjuslaesionem
3261 3403 3674 3476 perniciemque

2095 3491 2421 3554 didiceritis,
2439 3492 2509 3545 ab
2531 3505 2592 3549 ea
2629 3500 2890 3561 tanquam
2910 3492 2979 3546 ab
2996 3494 3305 3546 animarum
3331 3508 3414 3549 co:
3430 3497 3673 3565 ruptrice

2095 3583 2247 3637 rabie
2278 3583 2572 3648 recedatis,
2607 3599 2676 3639 ne
2707 3599 2806 3654 per
2840 3583 2982 3638 hanc
3019 3583 3325 3640 idololatrm
3363 3589 3673 3643 constitua-

2095 3675 2248 3730 mini.
2281 3674 2411 3746 Qua:
2444 3675 2590 3731 enim
2629 3677 3065 3732 communicatio
3114 3676 3224 3732 luci
3273 3678 3341 3733 ad
3372 3680 3672 3737 tenebras?

2093 3775 2147 3821 Cl
2180 3776 2372 3821 caetera
2382 3807 2396 3820 .

2163 3859 2279 3916 Hoc
2323 3859 2691 3919 abominanda
2735 3872 2790 3918 et
2832 3861 2993 3919 idolis
3041 3871 3197 3934 grato
3234 3879 3392 3931 sono,
3428 3870 3551 3935 post
3582 3864 3670 3918 in-

2093 3959 2429 4007 teremerata:
2471 3954 2876 4011 communionis
2909 3955 3094 4009 cibum
3130 3954 3456 4012 Theodorus
3510 3972 3666 4020 usus,

2090 4058 2212 4098 mox
2244 4044 2490 4114 privatus
2526 4045 2835 4111 obtutibus,
2868 4046 3045 4100 oculis
3071 4046 3366 4102 deStitutus
3394 4056 3499 4113 est,
3532 4062 3667 4102 con-

2089 4143 2344 4190 currente
2398 4151 2521 4190 cum
2577 4123 2933 4206 blasphemia
2967 4150 3127 4206 pmna
3172 4146 3430 4207 reperta;
3468 4153 3577 4206 quo
3612 4146 3671 4192 ut

2088 4225 2328 4282 diximus
2363 4227 2666 4291 accidente,
2693 4236 2898 4283 tremor
2948 4228 3238 4283 universos
3286 4227 3380 4297 qui
3437 4228 3668 4283 aderant

2087 4317 2519 4389 comprehendit,
2544 4329 2598 4375 et
2625 4321 2790 4374 timor
2815 4335 2921 4375 non
2965 4320 3363 4390 qualiscunque
3408 4320 3669 4389 depa-tus

411 4377 505 4441 60;
531 4381 627 4450 οὐχ
644 4382 673 4434 ό
698 4383 876 4454 τυχὼν
897 4386 1217 4457 ἐπενέμετο,
1245 4390 1319 4461 μὴ
1351 4394 1445 4446 καὶ
1464 4394 1617 4449 αὐτοὶ
1645 4398 1758 4460 τοῖς
1779 4377 1986 4467 ὁμοίοις

2099 4377 2307 4473 esu-ne
2352 4417 2408 4465 et
2461 4410 2565 4480 ipsi
2629 4410 2944 4466 laberentur
2983 4377 3039 4465 in
3082 4410 3208 4465 talia
3246 4409 3427 4464 taliter
3474 4412 3668 4465 crebro

408 4471 695 4541 ἐμπέσωσι
748 4475 977 4531 τοιαῦτα
1029 4480 1241 4550 συχνῶς
1290 4483 1727 4558 ἁμαρτάνοντες·
1779 4492 1874 4544 καὶ
1918 4491 1985 4546 δι’

407 4561 529 4625 ἔθος
555 4564 656 4632 τὴν
690 4566 891 4641 πρᾶξιν
930 4568 1028 4640 οὐχ
1056 4571 1330 4649 ἁμαρτίαν
1363 4575 1655 4648 ἡγούμενοι
1676 4596 1688 4609 ο
1727 4581 1897 4636 πολλά
1925 4600 1986 4636 τε

403 4655 516 4708 τῶν
550 4657 831 4730 παρόντων
857 4662 1087 4727 ἕκαστος
1109 4666 1293 4737 ἐξέχεε
1319 4668 1549 4741 δάκρυα,
1579 4673 1816 4745 Χριστὸν
1843 4675 1986 4747 ὑπὲρ

406 4747 607 4802 ἐαυτοῦ
634 4752 728 4805 καὶ
756 4753 883 4817 τοὺς
922 4756 1203 4827 μάρτυρας
1238 4758 1606 4832 ίλασκόμενοι,
1638 4765 1734 4819 καὶ
1763 4764 1857 4819 τοῦ
1887 4783 1985 4820 πε-

403 4840 663 4906 πονθότος
695 4842 855 4917 χάριν
874 4845 1143 4918 δεόμενοι,
1169 4850 1317 4917 ὅπως
1340 4852 1417 4916 ὡς
1442 4852 1572 4917 Θεὸς
1594 4857 1869 4927 οἰκτείρας
1891 4858 1982 4911 τὸν

404 4929 588 4986 ἄθλιον
629 4935 998 5003 μετανοοῦντα
1020 4941 1408 5016 προσδέξηται,
1434 4945 1531 5008 καὶ
1551 4945 1640 5001 διά
1670 4948 1778 5010 τῶν
1806 4949 1981 5019 ἁγίων

401 5022 569 5078 πάλιν
602 5024 664 5079 τὸ
695 5026 917 5097 βλέπειν
948 5032 1267 5104 χαρίσηται.

480 5204 874 5298 Ἐπιφανέντες
896 5206 989 5266 οὖν
1011 5213 1136 5269 καθ’
1159 5213 1364 5281 ὕπνους
1398 5218 1447 5272 oi
1475 5221 1751 5295 μάρτυρες
1776 5224 1852 5296 τῷ
1879 5226 1978 5298 τὴν

396 5292 586 5362 ὅρασιν
608 5297 958 5367 άπολέσαντι,
995 5303 1091 5367 Τίς
1125 5292 1683 5380 σὲ,φασὶν,ἐργάτην,
1715 5308 1759 5367 ὦ
1792 5292 1972 5381 ἄθλιε,

394 5386 664 5458 τοσαύτης
695 5394 946 5462 μυσαρᾶς
969 5395 1262 5464 εἰργάσατο
1289 5399 1540 5471 πράξεως
1559 5399 1666 5475 ;’ἦς
1691 5405 1794 5459 ἔδει
1825 5409 1977 5480 παρὰ

394 5477 575 5531 πάντα
616 5480 720 5550 μὲν
751 5481 993 5550 ἅπαντας
1018 5490 1110 5541 τὸν
1135 5489 1249 5560 βίον
1276 5491 1600 5564 ἀπέχεσθαι,
1626 5496 1702 5562 ὡς
1735 5477 1975 5572 Ἐλληνι-

394 5568 498 5638 κῆς
514 5571 605 5624 καὶ
629 5573 789 5645 φίλης
809 5579 924 5641 τοῖς
943 5577 1196 5649 δαίμοσιν
1215 5598 1229 5612 ⁸
1254 5583 1347 5636 καὶ
1376 5585 1425 5636 εί
1446 5587 1504 5638 ἐν
1536 5588 1730 5660 ἀγνοίᾳ
1758 5568 1973 5645 ποιούν-

2090 4506 2408 4567 pcccantes,
2464 4508 2516 4552 et
2577 4508 2798 4570 propter
2863 4499 3314 4555 consuetudinem
3384 4508 3667 4568 peccatum

2091 4591 2319 4645 minimc
2372 4590 2515 4660 quod
2578 4600 2837 4663 ageretur
2882 4592 3304 4659 existimantes;
3359 4592 3670 4663 multasque

2088 4684 2287 4756 singuli
2323 4696 2621 4754 praesentes
2653 4686 2925 4758 lacrymas
2963 4686 3343 4750 effundebant.
3384 4687 3664 4742 Christum

2086 4790 2184 4847 pro
2211 4791 2271 4832 sc
2305 4792 2368 4832 ac
2397 4786 2667 4850 martyres
2708 4781 2953 4847 placatos
2991 4780 3173 4838 facere
3198 4789 3582 4852 procurantes,
3605 4787 3663 4835 et

2085 4867 2132 4920 ei
2160 4866 2251 4937 qui
2280 4882 2475 4937 passus
2501 4868 2676 4929 fuerat
2704 4870 2936 4941 gratiam
2973 4870 3358 4940 imprecantes,
3388 4886 3500 4940 quo
3541 4878 3665 4923 tau-

2085 4970 2248 5021 quam
2285 4955 2427 5011 Deus
2451 4973 2614 5026 super
2641 4959 2844 5014 misero
2875 4961 3256 5020 misericordia
3283 4971 3486 5024 motus,
3519 4960 3663 5014 hunc

2083 5045 2432 5115 ptenitentem
2457 5048 2742 5120 reciperet,
2771 5061 2825 5105 et
2856 5067 2954 5121 per
3001 5059 3223 5107 sanctos
3253 5052 3449 5107 iterum
3482 5050 3667 5107 videre

2087 5140 2370 5199 tribueret.
2834 5195 2849 5203 -

2151 5232 2493 5302 Apparcutrs
2516 5247 2645 5304 ergo
2672 5242 2942 5305 martyres
2966 5234 3019 5291 in
3048 5235 3258 5292 somnis
3289 5235 3337 5291 ei
3361 5234 3455 5306 qui
3483 5234 3659 5290 visum

2079 5315 2359 5391 amiserat,
2377 5325 2512 5392 Quis
2535 5334 2605 5390 te,
2634 5326 2907 5397 iuquittnt,
2933 5344 2966 5381 o
2992 5328 3158 5384 miser
3179 5339 3521 5398 Operatoretu
3552 5335 3662 5381 tam

2079 5416 2427 5472 exsecranda:
2455 5428 2713 5489 cperatus
2751 5428 2834 5475 est
2862 5421 3137 5476 actionis?
3164 5436 3194 5475 a
3234 5436 3340 5493 qua
3374 5422 3662 5478 universos

2080 5506 2364 5576 oportebat
2398 5510 2655 5566 omnibus
2689 5513 2971 5569 abstinere
3002 5513 3219 5577 diebus,
3255 5523 3314 5569 ut
3348 5515 3531 5585 plures
3568 5532 3664 5586 pt-r

2079 5595 2442 5667 ignorantiam
2500 5598 2746 5660 faciunt:
2794 5605 3097 5676 praesertim
3153 5620 3279 5659 cum
3322 5605 3483 5676 hujus
3521 5624 3662 5677 opus

395 5673 483 5719 ται
501 5660 707 5733 ταύτην
722 5666 770 5719 oi
802 5667 1065 5737 πλείονες,
1092 5671 1325 5741 μάλιστα
1350 5674 1406 5728 δὲ
1426 5675 1629 5749 ταύτης
1641 5678 1737 5753 τὴν
1757 5682 1974 5754 ποίησιν

2102 5703 2209 5743 unc
2245 5691 2483 5750 maxime
2513 5705 2770 5763 oporteat
2794 5660 3156 5765 'abominari,
3186 5682 3420 5775 quando
3451 5703 3663 5769 Christi
