4020 6204
402 293 538 362 3527

1335 304 1396 364 S.
1420 297 1837 362 SOPHRONII
1869 297 2374 357 PATRIARCH/E
2399 297 2801 359 HlEROSOL.

3527 294 3671 356 3528

405 412 480 465 ita
514 417 576 464 ut
621 415 678 464 et
705 408 943 481 linguam
977 425 1198 482 quoque
1247 414 1521 485 paralysis
1567 421 1834 484 tangeret,
1865 426 1986 482 qum

2092 411 2229 464 ὥστε
2260 411 2355 466 καὶ
2387 411 2486 477 τῆς
2515 412 2760 479 γλώττης
2796 409 2896 479 τὴν
2923 408 3154 479 πάρεσιν
3205 406 3502 469 ἆττεσθαι,
3547 409 3667 478 ἣτις

399 499 514 569 jam
556 507 705 554 tanto
753 502 1069 557 solvebatur
1115 503 1350 574 ﬂagello,
1388 521 1580 562 vocem
1632 522 1742 560 nou
1795 505 1984 559 valens

404 591 745 647 articulatam
791 592 1136 661 depromere,
1174 597 1299 651 licet
1345 597 1466 668 ipse
1521 611 1631 654 non
1684 599 1792 650 vita
1826 610 1986 650 exce-

403 681 577 743 deret,
612 680 708 736 sed
740 685 1004 738 atrociter
1033 687 1344 755 puniretur,
1373 690 1664 745 consilium
1693 703 1722 742 a
1754 689 1983 758 quibus-

403 770 528 825 dam
553 770 763 838 accepit
790 771 856 826 ad
884 771 1084 844 Cyrum
1125 773 1505 848 Joatmemque
1539 785 1814 848 martyres
1857 792 1983 846 pro-r

401 860 650 930 perandi,
686 869 948 932 tanquam
975 867 1068 935 qui
1089 878 1352 936 posscnta
1377 870 1634 942 passione
1655 869 1980 931 seliberare,

402 950 448 1004 si
480 965 604 1007 cum
642 951 745 1006 {ide
773 953 839 1007 ad
877 970 974 1010 eos
1003 967 1055 1011 et
1096 957 1356 1030 lacrymis
1401 959 1750 1015 accessisset.
1793 959 1862 1017 At
1893 959 1984 1014 ille

401 1041 726 1098 maledictus
786 1046 989 1101 timens
1044 1051 1334 1119 nequando
1385 1066 1512 1104 eum
1558 1059 1821 1122 tanquam
1884 1066 1982 1121 pa-

401 1147 604 1201 ganum
671 1134 1011 1204 iudicarent,
1065 1139 1130 1193 ad
1189 1151 1411 1198 sanctos
1454 1143 1640 1198 venire
1681 1142 1978 1209 nolentem,

403 1223 702 1280 simulabat
734 1226 880 1278 enim
913 1241 972 1280 se
999 1243 1122 1283 esse
1151 1229 1551 1298 Christianum,
1585 1241 1639 1288 et
1671 1233 1808 1302 pelle
1839 1241 1982 1304 tege-

404 1312 567 1367 batur
607 1315 790 1376 ovina,
840 1316 969 1372 licet
1027 1319 1190 1389 lupus
1242 1323 1516 1378 veraciter
1553 1323 1754 1392 impius
1785 1339 1984 1378 nosce-

407 1412 580 1468 retur,
620 1406 908 1461 consilium
956 1408 1202 1477 admisit,
1249 1419 1306 1468 et
1353 1414 1559 1468 exitum
1597 1414 1712 1469 ﬁeri
1767 1414 1979 1478 annuit.

407 1494 576 1548 latere
622 1511 718 1561 per
749 1497 854 1550 hoc
882 1498 1133 1556 homines
1156 1503 1432 1572 opinatus.
1459 1511 1514 1558 et
1547 1505 1808 1560 seducere
1833 1520 1979 1558 mar.

407 1594 555 1655 tyres
585 1585 907 1653 arbitratus,
937 1599 1198 1659 tanquam
1223 1593 1469 1648 deilicam
1497 1595 1670 1650 nostri
1693 1595 1978 1651 scientiam

404 1690 514 1728 non
551 1676 842 1740 habentes,
877 1679 970 1734 sed
1001 1681 1100 1736 hos
1129 1683 1337 1740 similes
1359 1684 1465 1740 diis
1497 1686 1612 1741 suis
1633 1687 1978 1759 existimans,

404 1769 498 1836 qui
533 1784 639 1821 non
661 1770 837 1824 solum
863 1785 984 1839 quae
1011 1776 1198 1840 procul
1217 1784 1347 1830 sunt
1376 1777 1458 1832 vel
1481 1778 1663 1833 abdita
1686 1780 1988 1843 hominum,

407 1857 499 1912 sed
530 1875 627 1912 nec
660 1875 722 1913 ea
756 1877 878 1930 quae
911 1861 964 1915 iu
999 1866 1416 1932 prmseutiarum
1448 1879 1576 1922 sunt
1613 1876 1837 1924 norunt.
1871 1869 1990 1924 «Si-

407 1951 648 2008 mulacra
673 1953 877 2022 quippe
897 1956 1139 2023 gentium
1173 1968 1460 2027 argentum
1492 1967 1545 2015 et
1574 1974 1790 2026 aurum,
1824 1975 1988 2030 opera

407 2057 664 2098 manuum
709 2043 1032 2110 hominum;
1063 2063 1126 2101 os
1180 2047 1390 2104 habent
1427 2058 1482 2104 et
1521 2064 1628 2108 non
1670 2052 1988 2122 loquentur;

389 2123 599 2189 oculos
622 2135 826 2188 habent
856 2143 910 2189 et
941 2151 1050 2191 non
1084 2138 1350 2206 audient;
1379 2156 1540 2196 nares
1571 2143 1773 2197 habent
1798 2153 1852 2197 et
1881 2161 1988 2199 non

404 2224 746 2288 odorabunt;
777 2240 972 2280 manus
1004 2228 1274 2284 habentet
1303 2237 1411 2284 non
1446 2232 1748 2302 palpabunt
1774 2251 1790 2301 ;
1826 2236 1990 2305 pedes

405 2315 606 2370 habent
632 2326 687 2373 et
720 2332 828 2370 non
865 2317 1263 2387 ambulabunt;
1295 2337 1403 2376 non
1437 2323 1757 2379 clamabunt
1785 2325 1838 2380 in
1863 2335 1988 2396 gut-

405 2412 526 2456 ture
552 2417 672 2456 suo.
702 2421 718 2451 ο
751 2401 965 2469 Quibus
996 2415 1079 2460 est
1115 2407 1426 2462 suliinferre
1457 2409 1794 2465 conveniens
1822 2415 1987 2466 etiam

403 2495 537 2548 illud
573 2513 586 2554 ;
631 2514 649 2545 ι
703 2491 925 2550 Similes
953 2496 1059 2550 illis
1087 2497 1219 2554 ﬁant
1242 2501 1334 2574 qui
1361 2498 1570 2558 faciunt
1598 2517 1684 2570 ea,
1712 2511 1768 2561 et
1796 2518 1988 2562 omnes

403 2587 496 2654 qui
524 2585 809 2644 conﬁdunt
834 2585 890 2642 in
922 2589 1026 2644 eis.
1062 2606 1081 2641 ι

471 2843 992 2916 Deprelieudebatur
1021 2846 1189 2916 igitur
1216 2847 1383 2904 miser
1417 2864 1477 2905 se
1502 2849 1680 2921 ipsum
1715 2853 1986 2908 seducens

404 2957 511 2994 mm
554 2951 847 3010 martyras,
879 2955 1050 3011 seque
1078 2941 1248 2997 latere
1282 2941 1492 2999 faciens
1531 2950 1584 2998 ct
1613 2958 1721 2999 non
1762 2959 1860 3000 eos
1891 2945 1984 3016 qui

406 3031 550 3084 hanc
572 3032 895 3116 .opinionem
926 3032 1218 3116 habebant
1255 3033 1322 3089 de
1369 3035 1508 3104 ipso.
1541 3035 1676 3090 Cu-m
1727 3038 1887 3094 enim-
1916 3041 1984 3095 ad

405 3214 507 3272 hos
540 3213 817 3271 dormiens
847 3215 1166 3272 intuebatur
1198 3216 1248 3270 iu
1279 3217 1470 3275 habitu
1495 3219 1840 3278 Christodori
1873 3224 1986 3280 dis-

406 3309 782 3377 pensationem
826 3308 1082 3366 habentis
1111 3310 1376 3374 ecclesiaz,
1407 3328 1503 3382 per
1537 3315 1797 3384 templum
1838 3317 1985 3372 ince-

405 3401 597 3453 dentes
636 3406 689 3452 et
724 3399 834 3458 Deo
865 3400 1150 3457 adolentes
1186 3401 1436 3464 incensa,
1467 3402 1531 3458 ad
1579 3419 1637 3459 se
1669 3421 1796 3460 z'ero
1826 3421 1984 3462 accc-

404 3493 625 3558 drntes,
697 3500 750 3548 et
821 3491 982 3550 minis
1040 3494 1353 3549 acrioribus
1417 3497 1821 3566 quodammodo
1879 3500 1982 3557 sibi

405 3584 689 3653 "oquentes
721 3592 882 3660 atque
923 3583 1173 3644 dicentes
1213 3603 1227 3639 :
1280 3587 1420 3654 Quid
1475 3588 1538 3640 ad
1593 3604 1716 3654 nos,
1757 3605 1789 3644 ο
1820 3593 1984 3646 totius

404 3676 625 3742 pietatis
663 3674 858 3740 aliene,
899 3677 1159 3746 omnique
1221 3679 1634 3734 ahcminatione
1689 3681 1846 3748 plene
1890 3698 1982 3737 ve-

406 3769 573 3823 nisti?
605 3766 862 3820 Deridere
918 3769 1080 3827 etiam
1141 3784 1240 3825 nos
1292 3770 1600 3828 advenisti?
1631 3769 1734 3825 Per
1775 3773 1899 3830 caeli
1931 3784 1987 3828 et

405 3868 564 3913 terrm
609 3856 922 3911 Creatorem
974 3865 1028 3914 et
1076 3857 1287 3914 hahital
1325 3875 1460 3924 rem,
1495 3869 1548 3913 et
1594 3861 1814 3917 deitatis
1864 3863 1985 3932 ejus

403 3965 526 4018 qua:
579 3949 666 4002 hic
714 3956 798 4002 est
851 3957 904 4002 et
942 3945 1142 4018 uhiq'ue
1179 3950 1462 4013 virtutem,
1496 3965 1601 4006 non
1648 3967 1748 4007 nos
1785 3952 1982 4025 fugies,

405 4049 459 4092 nt
487 4039 796 4103 aestimasti,
832 4038 927 4094 sed
961 4055 1129 4110 super
1155 4040 1379 4099 dorsum
1411 4048 1462 4099 te
1492 4043 1707 4111 publice
1742 4043 1982 4114 ﬂagella-

406 4130 606 4192 bimus,
637 4141 1034 4201 ut.c03noscas
1074 4128 1336 4201 liquidius
1377 4133 1578 4203 quibus
1609 4133 1778 4191 lueris
1812 4151 1984 4195 ausus

407 4223 654 4278 illudcre.
684 4222 748 4276 Et
788 4237 921 4288 cum,
945 4223 1058 4278 haec
1089 4224 1360 4282 adversus
1385 4240 1508 4281 eum
1538 4227 1714 4286 sancti
1741 4228 1985 4286 intimas-

403 4323 521 4368 s.:nt
541 4355 556 4379 ,
581 4315 853 4368 abierunt.

475 4426 538 4479 At
575 4426 666 4480 ille
710 4442 834 4480 cum
872 4426 1067 4482 timore
1099 4428 1231 4496 quin
1279 4436 1334 4484 et
1380 4440 1614 4486 tremore
1658 4447 1981 4496 conversus.
2021 4453 2062 4507 ι)

410 4515 689 4568 innueudo
723 4523 774 4568 et
807 4516 1162 4572 balbutiendo
1193 4528 1391 4574 cuncta
1416 4523 1846 4592 obscquentibus
1883 4525 1986 4579 sibi

406 4605 697 4671 disseruit;
733 4615 788 4662 et
831 4622 956 4661 cum
993 4610 1347 4680 dispensator
1393 4617 1526 4667 hora
1569 4616 1776 4670 incensi
1809 4625 1990 4671 trans-

407 4696 530 4759 iret,
582 4705 636 4750 et
681 4697 1020 4754 thurilmlum
1083 4703 1364 4766 retineret.
1412 4704 1598 4760 habito
1647 4708 1700 4760 iu
1755 4722 1990 4777 praecor-

369 4787 514 4842 -diis
545 4803 745 4858 paa'ore
775 4791 1072 4859 minarum,
1105 4805 1320 4850 vertere
1367 4794 1520 4850 illum
1571 4798 1822 4852 ministro
1852 4814 1992 4868 pra»

404 4883 549 4951 cepit
571 4924 588 4948 ,
614 4890 666 4937 et
694 4898 890 4938 versus
915 4901 1040 4938 eum
1069 4889 1422 4956 respexisset,
1454 4888 1796 4944 Christodori
1826 4893 1990 4961 pedes

406 4972 499 5041 qui
536 4974 601 5024 ad
641 4989 765 5028 eum
798 4983 1020 5032 venerat
1047 4977 1431 5046 apprehendit,
1475 4987 1532 5032 et
1584 4995 1650 5034 ne
1693 4979 1990 5051 ﬂagellaret

407 5077 467 5117 se
496 5063 880 5134 supplicabat,
932 5065 1108 5132 ipsum
1159 5066 1302 5125 enim
1353 5068 1684 5136 opinabatur
1726 5085 1850 5125 esse
1894 5072 1988 5141 qui

406 5169 464 5209 se
500 5155 554 5208 in
587 5155 799 5208 somnis
827 5154 1206 5224 flagellaturus
1233 5159 1698 5216 comminabatur.
1728 5161 1991 5231 Ignorans

408 5256 586 5303 autem
639 5246 1052 5313 Christodorus,
1087 5251 1271 5313 omnia
1314 5253 1464 5311 enim
1502 5268 1531 5306 a
1579 5269 1748 5322 puero
1777 5254 1987 5321 didicit,

409 5337 712 5400 mirabatur
781 5340 1002 5409 quidem
1071 5343 1216 5412 quod
1275 5345 1584 5407 dicebatur,
1642 5362 1750 5400 non
1809 5357 1988 5402 autem

410 5439 696 5498 percutere
729 5431 905 5496 illum,
937 5441 992 5486 ut
1025 5436 1449 5511 supplicavetat,
1470 5437 1833 5507 jurejurando
1863 5455 1991 5509 spo-

411 5521 622 5587 pendit.

482 5609 609 5664 Post
661 5627 770 5665 non
809 5614 1035 5669 multum
1087 5631 1218 5669 vero
1266 5619 1530 5688 temporis
1585 5619 1833 5675 infirmus
1865 5622 1989 5692 quis

411 5713 554 5754 esset
588 5700 694 5755 inn.
720 5705 820 5756 tuit
855 5724 867 5758 :
915 5708 1199 5761 rcruSahat
1240 5711 1386 5765 extim
1432 5711 1483 5768 in
1517 5713 1783 5769 harreseos
1825 5717 1982 5790 quasi

2094 501 2280 556 λοιπὸν
2318 505 2386 572 τῇ
2441 502 2665 572 μάστιγι
2709 500 3000 562 διελέλυτο,
3036 499 3220 573 φωνὴν
3255 498 3334 551 ἔτι
3379 497 3673 569 διαρθροῦν

2091 592 2192 645 οὐκ
2230 591 2526 662 ἰσχύουσα·
2577 591 2672 645 καὶ
2729 591 2819 643 τὸν
2875 590 2990 660 βίον
3041 590 3202 652 αὐτὸς
3245 590 3345 642 οὐκ
3386 589 3670 660 ἐξήρχετο,

2091 682 2209 736 ἀλλ’
2265 681 2407 736 οὕτω
2452 681 2640 745 δεινῶς
2695 681 2982 746 ἐκολάζετο
3009 699 3021 712 ·
3052 679 3486 749 συμϐουλεύεται
3535 681 3674 747 πρός

2090 791 2252 830 τινων
2287 773 2422 843 πρὸς
2451 773 2632 844 Κῦρον
2663 773 2842 826 ἐλθεῖν
2891 774 2985 826 καλ⁵
3033 773 3288 839 Ἰωάννην
3341 773 3470 834 τοὺς
3525 772 3670 842 μάρ-

2090 884 2284 937 τυρας,
2327 867 2402 927 ὡς
2438 865 2771 937 δυναμένους
2821 865 2985 920 αὑτὸν
3019 864 3112 918 τοῦ
3161 864 3366 928 πάθους
3393 864 3674 936 λυτρώσα·

2093 958 2238 1018 σθαι,
2273 959 2320 1010 el
2355 958 2494 1027 μετὰ
2517 959 2754 1020 πίστεως
2776 957 2975 1019 αὐτοὺς
3000 956 3094 1009 καὶ
3115 955 3368 1024 δακρύων
3393 955 3670 1024 ἀφίκοιτο.

2103 1049 2162 1103 Ὀ
2198 1050 2254 1103 δέ
2282 1049 2564 1104 δειλαίνων
2598 1051 2795 1120 μήπως
2823 1049 2986 1102 αὑτὸν
3009 1047 3083 1111 ὡς
3113 1047 3350 1117 Ἕλληνα
3391 1047 3671 1118 κρίνωσιν,

2090 1142 2172 1204 είς
2204 1141 2330 1203 τοὺς
2373 1140 2561 1208 ἁγίους
2613 1141 2790 1194 ἐλθεῖν
2827 1142 2902 1209 μὴ
2953 1139 3304 1210 βουλόμενον)
3350 1139 3676 1210 ὑπεκρίνετο

2090 1233 2201 1303 γάρ
2238 1232 2332 1286 τὸν
2364 1233 2688 1302 Χριστιανὸν
2717 1235 2744 1286 ὁ
2773 1233 3048 1303 ἐπάρατος
3068 1272 3084 1298 ,
3131 1231 3311 1286 καὶτὸ
3347 1230 3442 1284 τοῦ
3469 1232 3679 1302 προεάο

2088 1340 2183 1376 του
2237 1324 2618 1394 περιεϐάλλετο
2683 1323 2898 1387 κώδιον,
2954 1325 3004 1382 εἰ
3052 1325 3144 1384 καὶ
3199 1323 3363 1386 λύκος
3404 1323 3621 1393 άληθῶς
3647 1327 3676 1376 ὁ

2088 1415 2357 1484 δυσσεϐὴς
2399 1414 2786 1486 ἐγνωρὶζετο),
2825 1414 2926 1486 τὴν
2971 1415 3166 1485 βουλὴν
3211 1415 3533 1479 εἰσεδέξατο,
3575 1417 3673 1468 καὶ

2087 1503 2190 1574 τὴν
2239 1504 2420 1569 ἔξοδον
2467 1505 2728 1558 ἐπένευσε
2777 1503 3050 1573 γίνεσθαι,
3094 1503 3380 1558 λανθάνειν
3435 1505 3536 1575 μὲν
3584 1505 3672 1558 Cui

2088 1596 2278 1650 τούτου
2303 1596 2430 1660 τοὺς
2463 1595 2782 1668 ἀνθρώπους
2810 1596 3077 1664 οἰόμενος,
3105 1597 3323 1668 άπατᾷν
3346 1597 3402 1650 δέ
3427 1597 3668 1666 νομίζων

2088 1689 2215 1752 τοὺς
2251 1690 2555 1760 μάρτυρας,
2587 1689 2662 1750 ὡς
2684 1689 2886 1757 γνῶσιν
2915 1689 3024 1742 τῶν
3053 1688 3177 1744 καθ’
3210 1691 3358 1760 ἡμᾶς
3385 1690 3486 1743 οὐκ
3517 1689 3666 1759 ἔχον·

2091 1796 2186 1843 τας
2240 1779 2457 1834 ἔνθεον·
2519 1780 2654 1834 ἀλλὰ
2689 1779 2914 1843 τούτους
2943 1781 3087 1833 κατὰ
3116 1779 3242 1842 τοὺς
3273 1779 3469 1833 ἑαυτοῦ
3509 1781 3665 1841 θεοὺς

2092 1869 2472 1939 λογισάμενος,
2536 1870 2662 1933 τοὺς
2717 1869 2793 1940 μὴ
2860 1869 3023 1938 μόνον
3059 1871 3128 1928 τὰ
3179 1869 3462 1942 πόρρωθεν
3491 1871 3525 1940 ἢ
3564 1871 3673 1928 τῶν

2091 1958 2396 2029 ἀνθρώπων
2447 1960 2515 2015 τὰ
2565 1958 2795 2031 κρύφια,
2847 1958 2963 2012 ἀλλ’
2997 1958 3122 2018 οὔτε
3149 1958 3217 2012 τά
3252 1959 3480 2029 κείμενα
3521 1959 3673 2034 παρὰ

2091 2049 2259 2115 πόδας
2291 2050 2655 2120 γινώσκοντας
2679 2065 2692 2080 °
2733 2068 2752 2102 ι
2781 2049 2860 2102 Τά
2883 2049 2992 2120 γάρ
3013 2048 3208 2108 εἴδωλα
3244 2049 3350 2102 τῶν
3383 2048 3552 2102 ἐθνῶν
3582 2050 3672 2119 ἀρ.

2092 2140 2282 2211 γύριον
2331 2140 2426 2194 καὶ
2463 2139 2711 2210 χρυσίον,
2749 2139 2886 2211 ἔργα
2910 2140 3110 2211 χειρῶν
3136 2138 3437 2217 ἀνθρώπων
3459 2155 3474 2169 ·
3499 2140 3673 2209 στόμα

2093 2233 2298 2303 ἔχουσι,
2342 2231 2439 2285 καὶ
2470 2231 2533 2283 οὗ
2584 2231 2917 2299 λαλήσουσι·
2969 2229 3282 2299 ὀφθαλμοὺς
3326 2231 3531 2301 ἔχουσι,
3576 2232 3673 2288 καὶ

2091 2324 2192 2379 οὐκ
2239 2321 2489 2395 δνζιονταιο
2519 2316 2634 2375 ὦτα
2658 2321 2867 2391 ἔχουσι,
2917 2323 3011 2374 καὶ
3044 2322 3144 2375 οὐκ
3187 2322 3668 2389 ἐνωτισθήσονται·

2091 2416 2279 2485 χεῖρας
2303 2413 2506 2484 ἔχουσι,
2545 2414 2640 2466 καὶ
2677 2413 2737 2466 οὐ
2784 2413 3228 2483 ψηλαφήσουσινο
3264 2412 3431 2476 πόδας
3464 2413 3670 2482 ἔχουσι,

2091 2507 2186 2563 καὶ
2222 2505 2284 2558 ού
2330 2506 2795 2576 περιπατήσουσιν
2822 2519 2838 2536 ⁸
2884 2505 2944 2558 ού
2997 2506 3339 2576 φωνήσουσιν
3379 2507 3438 2558 ἐν
3466 2504 3544 2575 τῷ
3571 2504 3670 2566 λᾲο

2094 2613 2257 2667 ρυγγι
2287 2595 2492 2648 αὐτῶν·
2528 2613 2544 2646 ι
2577 2590 2658 2660 οἷς
2702 2597 3030 2664 ἐπενεγκεῖν
3075 2596 3226 2648 ἐστιν
3257 2594 3550 2648 ἀκόλουθον
3574 2595 3671 2652 καὶ

2095 2687 2177 2740 τόο
2224 2706 2241 2738 ι
2277 2687 2502 2757 Ὅμοιον
2534 2685 2714 2739 αὐτῶν
2740 2687 2978 2754 γένοιντο
2999 2687 3048 2738 οἱ
3080 2683 3361 2749 ποιοῦντες
3391 2684 3548 2752 αὐτὰ,
3579 2685 3672 2742 καὶΙ

2092 2781 2289 2842 πάντες
2317 2780 2364 2831 οῖ
2396 2779 2715 2841 πεποιθότες
2755 2779 2842 2831 ἐπ’
2876 2778 3081 2842 αὐτοῖς.
3115 2795 3134 2830 ι

2165 2870 2318 2931 ’Ἡλω
2355 2871 2535 2931 τοίνυν
2566 2872 2594 2923 ὁ
2621 2869 2854 2934 δείλαιος
2881 2869 3074 2923 ἐαυτὺν
3107 2870 3168 2926 ού
3201 2886 3330 2933 τους
3363 2871 3669 2942 μάρτυρας,

2091 2964 2185 3017 καὶ
2225 2962 2503 3018 λανθάνων
2545 2961 2736 3016 ἑαυτὸν
2777 2963 2838 3017 ού
2885 2963 3014 3024 τοὺς
3050 2961 3256 3030 ταύτην
3293 2962 3515 3033 ἔχοντας
3547 2962 3674 3032 περὶ

2042 3097 2060 3117 ,
2093 3055 2259 3109 αὑτοῦ
2301 3055 2401 3125 τὴν
2441 3053 2733 3124 ὑπόληψιν.
2763 3053 3084 3125 Τενόμενος
3112 3055 3220 3126 γὰρ
3265 3057 3346 3119 εἰς
3373 3055 3434 3108 τὸ
3483 3054 3672 3123 Κύρου

403 3123 532 3193 Cyri
572 3105 636 3177 ἐι
667 3122 898 3180 Joannis
926 3102 1367 3180 sacratissimam
1391 3102 1646 3183 venisset
1674 3129 1981 3200 basilicam,
2016 3102 2061 3157 (ί

2093 3147 2186 3198 καὶ
2218 3147 2466 3206 Ἰωάννου
2499 3145 2771 3204 θειότατον
2803 3147 3051 3216 τέμενος,
3086 3145 3314 3204 ἔϐλεπεν
3343 3147 3401 3200 ἐν
3434 3146 3676 3217 σχήματι

2093 3238 2474 3309 Χριστοὸὡρου
2505 3238 2600 3296 τοῦ
2629 3238 2726 3310 τὴν
2756 3239 3023 3310 διοίκησιν
3058 3239 3271 3310 ἔχοντος
3300 3239 3391 3292 τὸν
3419 3239 3552 3292 νεὼν
3580 3255 3680 3290 πεῳ

2097 3331 2384 3400 ριάγοντας
2441 3330 2534 3386 καὶ
2581 3330 2894 3400 θυμιῶντας
2961 3329 3082 3400 Θεῷ
3135 3329 3482 3401 θυμιάμασι·
3545 3331 3677 3399 παρ’

2093 3421 2240 3489 αὐτῷ
2267 3421 2322 3474 δὲ
2339 3422 2648 3489 γεγονότας,
2675 3421 3174 3492 άπειλητικώτερόν
3196 3439 3310 3484 πως
3327 3421 3476 3491 αύτῷ
3499 3421 3680 3474 διαλει-

2093 3512 2287 3578 ξασθαι
2323 3530 2336 3542 ·
2365 3513 2428 3565 Τί
2453 3513 2587 3582 πρὸς
2613 3515 2783 3583 ἡμᾶς,
2814 3515 2842 3565 ὁ
2869 3515 3047 3586 πάσης
3088 3513 3370 3575 εὐσεϐείας
3405 3513 3676 3583 ἀλλότριε,

2093 3608 2186 3658 καὶ
2243 3605 2420 3673 πάσης
2464 3605 2748 3676 βδελυρίας
2784 3604 3018 3667 άνάπλεε
3045 3606 3456 3676 παραγέγοναςς
3484 3605 3680 3675 χλευάο

2093 3696 2206 3759 ζειν
2242 3699 2336 3754 καὶ
2357 3699 2501 3775 ἡμᾶς
2530 3697 2882 3768 εἰσελήλυθας
2907 3715 2922 3762 ς
2949 3697 3042 3750 Μὰ
3064 3697 3153 3750 τὸν
3183 3695 3410 3768 ούρανοῦ
3442 3698 3536 3750 καὶ
3573 3696 3679 3766 γῆς

2095 3789 2332 3858 Ποιητὴν
2372 3791 2466 3842 καὶ
2503 3791 2762 3858 οἰκήτορα
2796 3790 2892 3842 καὶ
2921 3789 3018 3858 τὴν
3058 3788 3245 3842 ἐνθάδε
3271 3789 3367 3841 καὶ
3403 3787 3678 3856 πανταχοῦ

2092 3881 2191 3950 τῆς
2227 3880 2391 3935 caua
2431 3880 2684 3950 θεότητος
2709 3880 2958 3948 δύναμιν,
2991 3882 3052 3933 οὐ
3085 3880 3160 3951 μὴ
3192 3880 3386 3949 φύγοις
3424 3882 3570 3950 ἡμεῖς
3597 3880 3676 3942 ὼε

2094 3972 2383 4035 ὑπὲλαξες,
2425 3971 2540 4025 ἀλλ’
2571 3973 2665 4025 ἐπὶ
2709 3971 2878 4025 νῶτόν
2926 3989 2984 4025 σε
3009 3971 3282 4041 δημοσίως
3316 3971 3674 4042 μαστίξομεν.

2094 4065 2181 4117 ἵνα
2229 4065 2414 4134 γνοίης
2461 4067 2799 4135 σαφέστερον
2846 4064 2988 4118 τίσιν
3017 4064 3283 4134 ἐμπαῖξαι
3311 4064 3672 4133 τετόλμηκας,

2094 4158 2205 4213 Καὶ
2243 4157 2419 4214 ταῦτα
2454 4157 2992 4234 προσαπειλήσαντες
3015 4156 3258 4234 ἀπῆλθον
3289 4158 3338 4210 οἱ
3374 4155 3538 4231 ἅγιοι,

2178 4448 2238 4502 '0
2271 4448 2328 4502 δὲ
2359 4449 2622 4522 στραφεὶς
2651 4449 2889 4520 ἔμφοϐος
2920 4449 2999 4503 ἔτι
3034 4449 3126 4503 καὶ
3157 4449 3438 4521 ἔντρομος,
3465 4448 3672 4514 νεύμα-

2095 4558 2182 4593 σιν
2236 4540 2461 4596 ἅπαντα
2519 4543 2614 4595 καὶ
2661 4541 3018 4613 ψελλίσμασιν
3066 4545 3178 4600 τοῖς
3237 4541 3678 4612 διακονουμένοις

2090 4630 2240 4700 αὐτῷ
2263 4631 2623 4702 διεσάφησεν
2655 4633 2858 4687 καὶτοῦ
2887 4634 3174 4704 οἰκονόμου
3199 4632 3340 4686 κατὰ
3361 4632 3456 4686 τὸν
3482 4633 3677 4701 καιρίν

2091 4723 2383 4792 παριόντος
2433 4723 2529 4774 τοῦ
2583 4722 2959 4794 θυμιάματος,
3031 4726 3126 4778 καὶ
3193 4725 3255 4777 τὸ
3313 4724 3674 4794 θυμιατήριον

2091 4811 2327 4881 ἔχοντος,
2363 4812 2503 4884 ἔχων
2558 4814 2658 4884 τῆς
2689 4816 2922 4885 ἀπειλῆς
2945 4815 3004 4868 τὸ
3036 4815 3156 4879 δέος
3179 4816 3489 4888 ἐγκάρδιον,
3523 4816 3676 4886 στρέ-

2091 4919 2215 4969 φειν
2245 4903 2406 4956 αὑτὸν
2442 4902 2520 4973 τῷ
2555 4905 2804 4978 ὑπηρέτῃ
2849 4906 3060 4972 διέταξε
3084 4923 3099 4938 °
3141 4907 3236 4960 καὶ
3271 4907 3550 4978 στραφεὶς,
3597 4907 3676 4968 ἀς

2089 4994 2350 5060 διένευσε,
2380 4997 2494 5048 τοῖν
2537 4997 2914 5070 Χριστοδώρου
2947 4999 3127 5052 ποδοῖν
3173 5001 3303 5070 παρ’
3335 4998 3486 5070 αύτῷ
3514 5015 3677 5066 γεγο-

2091 5089 2239 5151 νὸτος
2268 5089 2552 5160 ἐδράξατο.
2591 5089 2680 5142 καὶ
2707 5090 2780 5160 μὴ
2810 5089 3091 5157 μαστίζειν
3125 5091 3357 5144 ἱκέτευεν
3379 5091 3540 5154 αὐτὸς
3565 5090 3676 5162 γὰρ

2090 5180 2227 5250 ᾤετο
2256 5181 2382 5244 τοὺς
2415 5182 2536 5235 κατ’
2570 5181 2705 5248 ὄναρ
2725 5181 2885 5235 αὑτὸν
2921 5181 3221 5252 μαστιγοῦν
3248 5184 3680 5255 ἀπειλήσαντας.

2091 5273 2328 5340 Ἀγνοῶν
2347 5273 2402 5326 δὲ
2435 5275 2464 5326 ὁ
2491 5273 2867 5344 Χριστόδωρος
2902 5274 3100 5343 (πάντα
3127 5276 3235 5344 γὰρ
3264 5275 3399 5347 πρὸς
3429 5275 3518 5330 τοῦ
3549 5293 3672 5330 παι-

2091 5364 2176 5426 δὸς
2202 5363 2405 5432 ἔμαθεν
2441 5363 2717 5434 ὕστερον),
2751 5364 3032 5434 ἐθαύμαζε
3067 5366 3165 5436 μὲν
3186 5367 3573 5438 τὸλεγόμενον,
3594 5369 3671 5441 μὴ

2090 5457 2315 5509 τύπτειν
2349 5457 2405 5510 δὲ
2437 5457 2602 5510 αὑτὸν
2632 5457 2707 5522 ὡς
2739 5458 2978 5516 ἱκέτευεν
3009 5457 3244 5530 ὤμοσεν.

2163 5631 2296 5684 Μετ’
2331 5632 2391 5686 οὐ
2430 5632 2566 5688 πολὺ
2596 5635 2653 5688 δὲ
2678 5637 2786 5699 τοῖς
2815 5637 3098 5691 ἀσθενέσιν
3127 5639 3274 5703 ὅστις
3303 5642 3546 5720 ὑπῆρχεν
3581 5661 3671 5711 γι.

2096 5721 2398 5793 γνὼσκεται
2426 5739 2439 5753 ·
2487 5725 2580 5777 καὶ
2612 5725 2719 5793 γὰρ
2752 5725 2850 5796 τὴν
2908 5727 3016 5779 τῶν
3049 5728 3328 5794 ζωοποιῶν
3372 5733 3668 5802 ἀπηρνεῖτο
