4010 6208
370 214 513 279 35⁸ἶ3

1395 202 1498 266 ss.
1534 192 1708 265 CYRI
1738 190 1834 262 ET
1870 182 2188 260 teANNts
2224 188 2642 258 MIRACULA,
2692 154 2697 157 ’

3488 187 3627 252 353‘

372 327 482 398 γὰρ
519 322 598 396 τῷ
628 321 794 396 ῥοίζῳ
824 319 945 375 τότε
983 318 1078 372 τοῦ
1110 316 1427 387 πτώματος,
1460 317 1553 369 καὶ
1595 313 1774 367 πάντα
1812 311 1949 381 αὐτῇ
1985 356 1988 370 ,

2093 326 2179 366 um
2228 310 2316 365 illa
2378 317 2623 364 recreata
2670 302 2953 376 paululum
3009 299 3362 371 respirasset,
3414 306 3626 354 tuortua

372 420 439 473 τὰ
467 419 602 473 ὀστᾶ
639 414 955 482 διελέλυτο),
989 415 1070 474 εἰς
1119 409 1275 464 πόλιν
1324 409 1690 480 ἀποστρέφειν
1734 406 1787 458 οἱ
1831 419 1955 456 συν-

375 512 527 574 όντες
548 508 862 582 ἠϐούλοντο,
898 506 982 559 ἵνα
1012 503 1212 575 θερμὰ,
1239 503 1427 573 φησιν,
1470 499 1699 571 ἔχουσαν
1754 495 1835 549 ἔτι
1884 493 1954 546 τὰ

375 601 685 673 τραύματα,
726 598 864 669 πρὸς
898 597 1116 667 ἰατροὺς
1145 595 1546 662 ἀπενέγκωσιν,
1585 591 1676 644 καὶ
1712 587 1788 660 μὴ
1818 584 1959 658 μετά

377 694 539 764 ψύξιν
566 694 659 747 καὶ⁸
706 693 994 761 νέκρωσιν.
1026 686 1283 741 Δοκοῦσιν
1311 684 1420 755 γὰρ
1464 682 1534 736 τὰ
1555 681 1667 735 τῶν
1718 678 1961 750 τραυμά·

377 805 487 841 των
512 785 844 858 θερμότερα.
874 781 1123 851 καὶπρὸς
1155 779 1300 833 ῐασιν
1324 775 1665 846 ἑτοιμότερα,
1700 772 1795 825 και
1820 771 1957 841 μήτε

379 877 632 931 τοσοῦτον
666 876 871 944 ἰατροῖς
906 871 1169 942 παρέχειν
1195 869 1288 923 τὸν
1336 867 1605 932 κάματον,
1654 864 1795 935 μήτε
1852 860 1961 931 μὴν

381 967 544 1035 ἆλτος
574 966 826 1035 ἐμποιεῖν
872 959 1129 1015 τοσοῦτον
1175 959 1290 1022 τοῖς
1346 957 1669 1026 πάσχουσινς
1714 953 1837 1005 ὅσον
1893 948 1963 1002 τὰ

385 1058 523 1131 μετὰ
565 1057 761 1126 πλῆξιν
804 1053 1126 1124 ψυχούμενα
1179 1052 1274 1105 καὶ
1322 1048 1656 1121 βραδύνοντα
1703 1042 1962 1109 δέξασθαι

382 1151 694 1222 φάρμακον.
714 1148 780 1200 Ἢ
806 1146 863 1198 δὲ
893 1145 990 1213 τὴν
1028 1142 1269 1212 ἐκκοπὴν
1312 1141 1414 1210 τῆς
1461 1140 1540 1203 είς
1594 1137 1722 1200 τοὺς
1777 1135 1965 1204 ἁγίους

383 1241 642 1312 ἀφίξεως,
673 1236 927 1308 δαίμονος
958 1235 1120 1306 ἔργον
1150 1229 1291 1287 εἶναι
1350 1233 1617 1313 νοήσασας
1659 1227 1823 1282 πάλιν
1872 1243 1962 1279 νο-

387 1335 532 1384 στεῖν
561 1331 664 1383 οὐκ
689 1327 972 1396 ἠνέσχετο,
1011 1324 1118 1396 πρὸ
1146 1324 1246 1394 τῆς
1266 1320 1360 1376 τοῦ
1393 1321 1559 1375 πόθου
1604 1315 1962 1390 πληρώσεως.

389 1422 558 1477 Πάλιν
579 1417 674 1475 οὖν
703 1420 797 1472 ἐπὶ
826 1418 886 1471 re
909 1418 1105 1487 κτῆνος
1130 1417 1299 1485 αὐτὴν
1333 1412 1473 1486 μετὰ
1496 1410 1815 1481 δυσχερείας
1848 1407 1971 1462 πολι

389 1514 487 1583 λῆς
514 1511 927 1579 ἀνενέγκαντες,
987 1507 1267 1579 ἐμπροσθέ
1313 1524 1373 1559 τε
1420 1505 1515 1559 καὶ
1561 1501 1775 1562 δπισθε.
1831 1499 1973 1570 μετὰ

391 1604 595 1675 πολλῆς
625 1601 924 1673 ἀσφαλείας
956 1601 1302 1671 κατέχοντες.
1331 1597 1417 1651 διὰ
1438 1595 1498 1650 τὸ
1546 1592 1830 1655 παντελῶς
1877 1591 1973 1645 αύ-

2056 404 2199 458 cnim
2225 410 2345 457 erat
2368 415 2481 470 prae
2506 412 2705 469 magno
2732 397 2937 466 impetu
2977 408 3166 456 casus,
3210 399 3266 445 et
3298 391 3481 444 omnia
3506 392 3629 445 οδες.

2056 492 2177 561 ejus
2215 493 2433 547 fuerant
2473 489 2773 549 dissoluta,
2803 486 2858 540 in
2883 485 3105 540 civitate
3152 483 3248 553 qui
3294 482 3459 536 simul
3508 481 3634 535 adc—

2058 589 2181 637 rant
2238 581 2500 651 repedare
2549 579 2823 642 volebant,
2876 587 2937 630 ut
2966 576 3091 629 dum
3120 575 3319 637 calida,
3357 572 3636 642 inquiunt,

2061 673 2225 728 habet
2249 671 2430 726 adhuc
2458 671 2708 735 vulnera,
2734 669 2800 722 ad
2829 665 3070 721 medicos
3114 665 3408 726 referatur,
3434 675 3482 717 et
3528 678 3636 716 non

2063 772 2187 836 post
2209 762 2646 832 congelationem
2696 769 2752 814 et
2807 758 3325 822 mortiﬁcationem;
3381 756 3638 810 videntur

2060 855 2205 910 enim
2231 853 2493 908 calidiora
2521 851 2765 913 vulnera,
2797 861 2851 907 et
2878 849 2944 905 ad
2978 847 3285 903 sanandum
3314 848 3484 917 magis
3518 862 3641 902 esSe

2067 946 2275 1012 facilia,
2306 952 2362 1001 ct
2399 944 2633 1000 medicis
2654 953 2763 998 tam
2794 958 3053 1012 magnum
3083 954 3192 997 non
3214 950 3475 1012 prmstare
3498 940 3643 993 labo-

2065 1055 2202 1103 rem,
2231 1053 2407 1108 neque
2436 1047 2650 1091 tantum
2692 1037 2779 1092 his
2802 1036 2894 1106 qui
2931 1033 3213 1106 patiuntur
3255 1032 3460 1089 inferre
3488 1032 3645 1088 dolo-

2068 1140 2205 1197 rem,
2238 1140 2505 1201 quantum
2544 1146 2664 1200 qum
2694 1138 2815 1200 post
2861 1128 3271 1200 percussionem
3319 1126 3644 1196 frigescunt.

2067 1231 2124 1276 et
2156 1223 2452 1276 admittunt
2500 1222 2657 1276 tarde
2703 1219 2965 1276 remedia.
3012 1219 3145 1284 Quae
3197 1217 3646 1289 impedimentum

2071 1313 2431 1384 profectionis
2454 1314 2518 1367 ad
2540 1323 2765 1369 sanctos
2788 1311 3033 1386 agendae,
3069 1311 3336 1366 daemonis
3361 1326 3487 1366 esse
3510 1325 3649 1381 Opus

2073 1403 2404 1475 intelligens.
2448 1402 2626 1457 redire
2659 1402 2983 1456 nullatenus
3015 1400 3323 1471 patiebatur
3347 1407 3475 1454 ante
3499 1398 3648 1452 desi-

2071 1494 2284 1548 derium
2309 1493 2686 1562 adimpletum.
2718 1491 2931 1546 Rursus
2952 1506 3083 1561 ergo
3105 1502 3226 1546 catn
3249 1505 3414 1560 supra
3435 1489 3654 1559 jumen-

2074 1592 2190 1641 ttttn
2226 1594 2351 1639 cum
2377 1586 2545 1639 umlta
2578 1584 2895 1639 diflicultate
2934 1585 3298 1654 imponentes,
3331 1591 3568 1652 anteque
3590 1595 3655 1633 ac

392 1695 493 1766 τὴν
530 1670 783 1762 κατέχειν
816 1690 1017 1761 ἑαυτὴν
1045 1670 1132 1743 ιτς
1175 1688 1359 1758 ἀλόγῳ
1409 1686 1485 1756 μὴ
1521 1679 1806 1743 δύνασθαι,
1872 1680 1972 1732 σὺν

2093 1690 2226 1735 retro
2259 1694 2383 1732 cum
2416 1678 2621 1746 ingenti
2647 1676 2862 1732 cautela
2894 1677 3218 1742 retinentes,
3250 1690 3318 1730 eo
3347 1674 3493 1744 quod
3522 1687 3655 1727 con-

393 1784 625 1854 κινδύνῳ
659 1782 841 1855 πολλῷ
876 1783 1011 1848 πρὸς,
1067 1781 1187 1843 ὀὓς
1247 1779 1533 1850 μάρτυρας
1579 1777 1808 1845 ἤγαγον.
1870 1770 1977 1824 Καὶ

396 1874 852 1947 προσευξαμένην
879 1872 1072 1939 αυτὴν,
1098 1873 1186 1925 καὶ
1210 1871 1310 1940 τὴν
1339 1868 1520 1923 αὐτῶν
1550 1866 1707 1937 σορὸν
1725 1879 1975 1935 προσκυ-

397 1969 665 2038 νήσασαν,
690 1965 782 2019 ἐπὶ
808 1964 869 2017 τὸ
892 1964 1027 2019 ἄστυ
1064 1961 1229 2019 πάλιν
1259 1963 1606 2033 εἰσήνεγκαν,
1638 1956 1979 2027 παραμένειν

393 2056 477 2127 τῷ
496 2056 615 2127 ’νεῷ
649 2056 809 2126 μέχρι
849 2054 1069 2126 ῥώσεως
1112 2054 1175 2107 ού
1228 2053 1556 2123 θελήσασανς
1628 2049 1765 2104 ἀλλὰ
1823 2045 1982 2100 τοῦτο

396 2150 536 2223 πρὸς
563 2149 690 2211 τοὺς
718 2147 906 2210 ἁγίους
940 2146 1267 2200 ἀστειότατα
1292 2144 1526 2209 λέξισαν
1547 2157 1563 2173 ο

479 2316 670 2371 Πολλοὶ
698 2315 822 2388 μὲν,
852 2309 899 2369 ὧ
948 2312 1188 2386 Χριστοῧ
1223 2312 1461 2385 μιμηταὶ
1503 2313 1602 2367 καὶ
1655 2300 1983 2384 θεράποντες

416 2412 715 2482 μάρτυρες,
744 2407 1029 2472 νοσοῦντες
1055 2405 1190 2478 πρὸς
1214 2406 1360 2477 ὑμᾶς
1387 2403 1798 2476 ἀφικνούμενοι,
1848 2401 1987 2473 μετὰ

411 2497 632 2575 ῥώσεως
657 2502 751 2554 καὶ
776 2499 949 2571 χαρᾶ;
974 2496 1404 2570 ὑποστρέφουσιν
1432 2512 1446 2525 ⁸
1478 2494 1592 2565 ἐγὼ
1614 2494 1672 2549 δὶ
1705 2492 1845 2565 μετά

411 2610 549 2657 σεως
581 2591 873 2658 ἐξελθοῦσα
904 2590 1004 2660 τῆς
1055 2589 1288 2656 πόλεως,
1348 2588 1484 2659 πρὸς
1544 2588 1691 2658 ὑμᾶς
1733 2583 1986 2647 ἐλθοῦσα,

408 2682 616 2750 ταύτης
651 2680 981 2751 ποιῆσασθαι
1014 2679 1288 2749 φύλακας,
1323 2679 1463 2750 μετὰ
1505 2678 1674 2732 πόσου
1702 2744 1707 2750 ¹
1734 2673 1986 2731 κινδύνου

412 2781 507 2829 καὶ
542 2775 850 2844 νοσήματος
884 2774 1261 2845 ἐπανέρχομαι
1289 2771 1304 2825 ι
1334 2771 1444 2825 Καὶ
1465 2769 1562 2824 νῦν
1595 2771 1645 2822 εί
1676 2768 1778 2840 μὲν
1823 2767 1989 2821 ἀσθε-

413 2863 584 2917 νοῦσα
610 2865 709 2935 τῆς
739 2863 922 2928 ἑστίας
959 2863 1219 2933 ἐλήλυθα,
1253 2862 1564 2933 παρέμενον
1589 2860 1655 2915 ἂν
1686 2860 1881 2931 μέχρις
1926 2849 1990 2911 οὗ

413 2957 627 3011 τελείαν
649 2956 994 3027 ἐκομισάμην
1027 2956 1123 3027 τὴν
1156 2955 1303 3009 ἴασιν
1326 2972 1339 2986 ο
1375 2953 1563 3025 ἐπειδὴ
1587 2953 1645 3007 δὲ
1672 2953 1810 3023 πρὸς
1842 2951 1990 3022 ὑμᾶς

416 3051 478 3103 ού
518 3049 723 3114 πάθους
742 3050 906 3104 ἕνεκα
929 3051 1023 3103 καὶ
1058 3048 1384 3119 παραμονῆς
1436 3046 1810 3118 παραγέγονα,
1867 3044 1987 3099 ἀλλ’

418 3140 584 3214 εὐχῆς
608 3144 706 3196 καὶ
732 3143 1181 3212 προσκυνήσεως,
1238 3142 1306 3212 ἢν
1352 3143 1379 3195 ὁ
1420 3140 1711 3211 μισόκαλος
1749 3137 1991 3192 κωλῦσαι

420 3235 736 3304 τεθέὶηκεν,
764 3233 879 3287 ἀλλ’
914 3234 1013 3286 οὐκ
1037 3232 1279 3302 ίσχυσενδ
1306 3231 1407 3302 τὴν
1434 3230 1590 3302 ὑμῶν
1620 3230 1798 3301 εύρὼν
1829 3228 1993 3294 συζυ-

420 3325 548 3393 γίαν
578 3324 873 3378 ἀντίπαλον
899 3364 917 3389 ,
950 3323 1156 3394 ταύτην
1202 3322 1279 3387 ὡς
1337 3321 1652 3392 ἠϐουλόμην
1703 3320 1993 3382 τελέσασα,

421 3416 585 3472 πάλιν
615 3417 796 3471 οἴκαδε
847 3416 1173 3488 πορεύομαι,
1227 3416 1329 3469 οὐκ
1380 3413 1571 3476 ἄλλους
1626 3413 1843 3483 ἰατροὺς
1902 3410 1994 3465 τοῦ

422 3505 560 3579 ἐμοῦ
593 3507 940 3580 ποιησαμένη
974 3506 1306 3577 νοσήματος,
1344 3503 1458 3557 ἀλλ’
1488 3503 1632 3573 ὑμᾶς
1656 3502 1830 3554 ἐλθεῖν
1858 3502 1998 3553 ἐκεῖ·

424 3614 484 3651 σε
510 3598 914 3671 προτρέπουσα,
944 3598 1039 3650 καὶ
1068 3596 1165 3667 τὴν
1190 3593 1342 3666 ὑμῶν
1365 3595 1587 3665 ἀρωγὴν
1624 3593 1995 3663 ἀναμένουσα,

432 3691 493 3743 ἰν·
517 3688 708 3760 ὥσπερ
745 3689 1067 3762 ἐρρωμένην
1107 3704 1175 3759 με
1200 3680 1299 3757 τῆς
1330 3686 1515 3764 satia;
1565 3684 1850 3754 είλήφατε,
1910 3681 2004 3735 οὓ-

427 3798 532 3846 τως
565 3783 746 3834 ὲκείσε
776 3781 1108 3851 γιγνομένην
1146 3777 1393 3849 ἰάσησθε.
1421 3776 1606 3829 Ταῦτα
1652 3774 1784 3846 πρὸς
1819 3774 2001 3844 Κῦρον

427 3877 523 3926 καὶ
563 3871 817 3942 Ἰωάννην
855 3872 980 3934 τοὺς
1029 3870 1315 3942 μάρτυρας
1369 3870 1616 3938 φήσασα,
1657 3867 1749 3919 τὸν
1795 3865 2001 3918 τούτων

427 3963 566 4018 νεὼν
594 3962 979 4028 καταλέλοιπε,
1015 3965 1109 4016 καὶ
1144 3963 1239 4015 σὺν
1271 3960 1457 4029 πολλῴ
1487 3960 1586 4027 τὴν
1615 3958 1770 4011 πόλιν
1824 3955 2003 4010 κινδύ-

428 4072 509 4125 νῳ
539 4053 886 4123 κατείληφεν,
922 4051 1259 4114 ἀδιστάκτως
1306 4048 1637 4102 πιστεύουσα
1668 4047 1743 4109 ὡς
1786 4046 2004 4108 πάντως

428 4144 677 4207 ἐλθόντες
716 4145 766 4197 oi
794 4143 965 4212 ἅγιοι,
996 4144 1119 4197 κατ’
1147 4138 1297 4196 οἷκον
1322 4140 1498 4210 αὐτὴν
1544 4136 1960 4210 θεραπεύσωσιν
1986 4152 2001 4167 ο

426 4236 457 4288 ὃ
489 4237 583 4288 καὶ
626 4235 941 4304 γεγένηται.

2080 1769 2255 1823 tinere
2287 1784 2347 1823 se
2372 1768 2543 1839 ipsam
2581 1782 2742 1838 supra
2784 1766 3098 1835 jnmentum
3131 1765 3285 1821 nullo
3334 1764 3497 1820 modo
3532 1778 3659 1833 pos-

2082 1869 2186 1921 set,
2222 1873 2346 1912 cum
2389 1857 2563 1912 multo
2594 1856 2841 1926 periculo
2873 1851 2954 1911 ad'
2986 1862 3257 1927 martyres
3287 1853 3659 1909 adduxerunt.

2083 1953 2149 2008 Et
2174 1957 2572 2017 etttnorassct.
2615 1964 2918 2020 eorumque
2952 1950 3225 2003 tumttlunt
3256 1948 3569 2011 adorasset,
3607 1950 3660 2003 in

2084 2044 2275 2098 urbem
2336 2042 2480 2097 hanc
2546 2041 2742 2097 iterum
2802 2038 3182 2103 introducunt,
3245 2053 3567 2109 permanere
3604 2038 3661 2093 in

2084 2131 2288 2204 templo
2309 2146 2484 2201 nSque
2512 2131 2576 2183 ad
2621 2130 3061 2186 incolumitatem
3093 2130 3391 2194 nolentem,
3425 2129 3521 2186 sed
3560 2130 3662 2185 hoc

2084 2223 2152 2279 ad
2191 2230 2414 2280 sanctos
2445 2221 2656 2277 urbane
2682 2221 2954 2277 dicentem
3001 2227 3017 2275 ‘:
3333 2229 3341 2239 -

2158 2316 2315 2372 Multi
2370 2315 2614 2387 quidem,
2666 2330 2700 2370 ο
2743 2314 2952 2371 Christi
2981 2316 3328 2371 aemulatores
3366 2322 3422 2369 et
3473 2315 3661 2371 famuli

2088 2408 2264 2466 sancti
2297 2415 2587 2479 martyres,
2610 2407 2800 2478 aegroti
2831 2406 2898 2461 ad
2924 2421 3019 2461 vos
3058 2404 3360 2471 venientes,
3405 2419 3530 2460 cum
3575 2420 3668 2460 so-

2070 2499 2304 2571 spitatis
2322 2498 2527 2570 gaudio
2544 2505 2923 2563 revertuntur;
2954 2511 3054 2566 ego
3084 2505 3266 2550 autem
3295 2511 3417 2567 quae
3437 2497 3505 2549 de
3532 2496 3669 2551 civi-

2091 2601 2203 2649 tate
2232 2608 2358 2647 cum
2389 2591 2769 2647 incolumitate
2789 2605 3007 2662 egressa
3043 2606 3188 2654 sum,
3213 2599 3268 2645 et
3295 2593 3361 2645 ad
3392 2606 3488 2646 vos
3519 2592 3665 2650 veni,

2093 2683 2283 2754 hujus
2306 2698 2407 2740 vos
2443 2683 2656 2738 factura
2686 2682 2966 2744 custodes.
3003 2697 3129 2737 cum
3165 2692 3374 2753 quanto
3421 2683 3669 2754 periculo

2093 2785 2143 2829 et
2174 2775 2438 2846 languore
2473 2775 2755 2829 revertor!
2792 2772 2854 2827 Et
2880 2788 3029 2828 nunc
3053 2774 3100 2828 si
3135 2774 3350 2827 infirma
3386 2773 3609 2845 quidem
3638 2792 3668 2828 a

2094 2866 2259 2923 domo
2306 2864 2546 2936 profecta
2600 2863 2850 2928 fuissem,
2893 2879 3304 2934 perseverarent
3344 2865 3535 2934 utique
3560 2880 3670 2934 quo

2096 2975 2270 3026 usque
2295 2958 2592 3028 perfectam
2622 2955 2920 3025 reciperem
2943 2955 3260 3021 sanitatem;
3292 2955 3417 3025 quia
3453 2970 3582 3010 vero
3604 2957 3671 3009 ad

2097 3067 2196 3107 vos
2229 3065 2336 3105 non
2361 3049 2639 3120 pa~sionis
2662 3055 2718 3103 et
2750 3050 3171 3119 perseverantiae
3195 3064 3363 3104 causa
3390 3050 3536 3113 veni,
3577 3051 3672 3105 sed

2095 3144 2362 3200 orationis
2376 3151 2431 3197 ct
2445 3141 2804 3204 adorationis,
2822 3157 2986 3212 quam
3000 3157 3129 3198 osor
3145 3143 3414 3197 bonorum
3430 3144 3676 3198 inhibere

2097 3238 2287 3302 voluit,
2310 3234 2404 3291 sed
2429 3251 2536 3290 non
2553 3235 2744 3298 valuit,
2763 3242 2999 3290 vestram
3016 3235 3303 3291 inveniens
3320 3237 3679 3292 combinatio-

2099 3343 2223 3382 nem
2266 3327 2578 3391 adversam,
2603 3326 2745 3381 hunc
2784 3325 2929 3381 sicut
2959 3327 3103 3382 volui
3137 3331 3544 3392 consummavi,
3575 3327 3679 3381 do-

2099 3436 2246 3475 mum
2263 3420 2559 3490 regrediar,
2573 3434 2684 3473 non
2695 3419 2835 3473 alios
2852 3418 3094 3473 medicos
3110 3421 3212 3474 mei
3232 3419 3444 3474 factura
3460 3421 3683 3490 languo-

2102 3513 2198 3577 ris,
2213 3511 2308 3567 sed
2331 3525 2431 3566 vos
2455 3510 2755 3566 exhortans
2776 3510 2985 3574 venire,
3007 3520 3063 3565 et
3091 3521 3331 3566 vestrum
3359 3512 3682 3582 praestolans

2102 3605 2456 3674 adiutorium,
2503 3611 2774 3673 quatenus
2805 3603 2947 3658 sicut
2987 3618 3072 3658 me
3100 3618 3129 3656 a
3176 3603 3342 3657 deum
3389 3603 3682 3671 accepistis

2104 3697 2456 3759 incolumem,
2490 3695 2562 3749 ita
2615 3695 2748 3749 illuc
2777 3704 3154 3750 remanentem
3210 3695 3438 3748 sanctis.
3479 3693 3573 3747 llis
3613 3695 3679 3746 ad

2103 3789 2306 3860 Cyrum
2346 3796 2400 3841 et
2437 3785 2706 3841 Joannem
2744 3798 3019 3858 martyres
3051 3784 3237 3846 dictis,
3269 3786 3547 3839 basilicam
3584 3787 3681 3837 ln-

2108 3895 2227 3933 rum
2269 3877 2541 3942 deseruit,
2595 3884 2650 3930 ct
2688 3891 2813 3930 cum
2859 3876 3039 3930 multo
3069 3876 3137 3930 ad
3177 3878 3455 3930 civitatem
3489 3877 3688 3931 discri-

2107 3971 2257 4025 mine
2290 3970 2457 4033 venit,
2499 3967 2875 4035 indubitanter
2907 3971 3139 4023 credens
3188 3970 3333 4037 quod
3364 3970 3543 4023 sancti
3586 3970 3685 4021 do-

2108 4076 2254 4117 mum
2285 4059 2522 4125 vcnturi,
2555 4075 2614 4116 se
2640 4058 2819 4114 forent
2841 4058 3026 4129 procul
3057 4058 3223 4113 dubio
3250 4059 3519 4121 curaturi,
3542 4059 3687 4129 quod

2106 4157 2161 4201 et
2194 4149 2394 4205 factum
2428 4157 2531 4203 est.

502 4326 722 4396 κυροῦν
752 4326 861 4396 γὰρ
886 4326 986 4396 τὴν
1016 4324 1199 4377 πίστιν
1222 4324 1334 4378 τῶν
1363 4326 1451 4389 είς
1487 4323 1686 4388 αὐτοὺς
1719 4320 1988 4375 πιστευόνι

2182 4327 2438 4383 Stabilire
2463 4327 2665 4398 quippe
2689 4324 2847 4381 ﬁdem
2876 4324 2927 4379 in
2956 4339 3016 4381 se
3040 4324 3379 4381 crcdeutimn
3411 4332 3697 4396 satagunt.

430 4435 539 4473 των
573 4417 988 4481 σπουδάζουσιν,
1015 4415 1161 4486 ἔργῳ
1190 4414 1428 4486 δρῶντες
1459 4416 1610 4486 ἅπερ
1670 4415 1869 4466 ἐκεῖνοι
1922 4429 2009 4464 πι-

2116 4435 2283 4491 opere
2314 4429 2566 4493 gerentes
2600 4434 2722 4489 quae
2757 4419 2831 4473 illi
2877 4417 3133 4485 credunt,
3187 4427 3243 4474 et
3291 4417 3564 4473 fideliores
3596 4433 3693 4474 eos

434 4512 737 4575 στεύουσιν,
766 4511 861 4564 καὶ
892 4510 1243 4582 πιστοτέρους
1269 4511 1467 4574 αύτούς
1516 4509 1617 4580 τῆς
1654 4508 1763 4562 τῶν
1786 4524 1988 4561 manu.

2117 4510 2203 4565 his
2228 4509 2320 4579 qui
2357 4508 2707 4564 crediderant
2738 4507 2956 4562 collatis
3006 4508 3326 4564 muneribus
3378 4518 3690 4579 Operames.

433 4604 635 4659 θέντων
672 4604 879 4674 δωρεᾶς
919 4603 1300 4674 ἐργαζόμενοι.
1366 4602 1500 4656 Κατ’
1532 4601 1702 4672 αὐτὴν
1748 4603 1859 4672 γὰρ
1911 4600 2011 4671 τὴν

433 4694 605 4748 νύκτα
631 4694 907 4764 σχήμασιν
937 4693 1139 4761 ίατρῶν
1178 4694 1521 4762 ἀφικόμενοι,
1568 4693 1619 4745 τί
1650 4693 1716 4747 ἂν
1740 4694 1877 4763 ἔχοι,
1910 4694 2010 4763 τὴν

437 4785 752 4858 Κοσμιανὴν
828 4784 1197 4839 καθεύδουσαν
1270 4784 1664 4854 ἦροντο.Ἦδὲ
1714 4784 1775 4837 τὸ
1840 4783 2011 4845 πάθος

433 4874 768 4945 ἀπήγγελλε,
804 4874 898 4929 καὶ
931 4877 1042 4937 τοῖς
1083 4872 1280 4941 ἁγίοις,
1311 4874 1501 4943 φησὶν,
1541 4873 1914 4943 ἐπεμέμφετο,
1936 4871 2012 4935 ὡς

433 4968 547 5030 τοῖς
585 4965 685 5036 μὲν
715 4965 896 5029 ἄλλοις
918 4964 1171 5019 ἀσθενέσι
1200 4965 1299 5034 τὴν
1324 4965 1493 5035 ρὦιν
1528 4965 1884 5036 παρέχουσιν,
1914 4964 2010 5018 αύ⁹

434 5060 536 5129 τὴν
566 5058 625 5111 δὲ
686 5058 855 5129 μόνην
894 5056 1219 5129 ἐρρωμένην
1275 5058 1654 5129 συντρίψασιν.
1712 5057 2012 5122 Μειδιάσας

435 5149 494 5202 δὲ
526 5151 556 5203 ό
606 5148 705 5221 τὴν
726 5149 823 5203 τοῦ
856 5148 1276 5219 καθηγουμένου
1327 5151 1485 5216 τάξιν
1513 5150 1609 5203 καὶ
1639 5150 1699 5202 τὺ
1748 5150 2011 5221 διδασρια-

436 5241 591 5293 λικθιν
622 5241 817 5309 φανεὶς
848 5238 1062 5309 ἐπέχων
1089 5239 1329 5308 ἀξίωμα.
1362 5238 1439 5311 τῷ
1474 5240 1810 5311 μαθητιῶντι
1844 5256 2012 5310 προσ-

437 5330 596 5396 ἔταξε
621 5347 637 5363 ο
674 5330 942 5402 Πάρελθε,
974 5331 1161 5400 φησὶν,
1192 5332 1287 5385 καὶ
1316 5330 1512 5385 θᾶττον
1539 5330 1708 5402 αὐτὴν
1748 5334 1847 5405 τῆς
1866 5332 2010 5402 πλη-

434 5426 540 5496 γῆς
562 5423 949 5495 ἐλευθέρωσον.
989 5420 1050 5474 '0
1072 5423 1129 5476 δὲ
1162 5423 1382 5495 πληρῶν
1431 5425 1492 5477 τὸ
1528 5424 1828 5495 ἐπίταγμα,
1891 5426 2016 5499 δρο-

438 5518 599 5586 pain;
632 5515 802 5568 ἐλθὼν
830 5514 929 5586 τὴν
978 5498 1229 5583 σιαγόνα.
1256 5518 1482 5587 πζ.ήττει
1539 5517 1867 5588 ραπίσματι,
1920 5498 2014 5570 καὶ

442 5608 548 5675 τὴν
569 5594 882 5678 ἐλευθερίαν
912 5610 977 5679 τῇ
1008 5607 1238 5679 νοσούσῃ
1262 5609 1565 5679 χαρίζεται.
1610 5610 1672 5662 Ἥ
1696 5609 1753 5660 δὲ
1785 5612 1852 5681 τῇ
1879 5609 2014 5681 πλη-

2116 4601 2317 4660 Eadem
2350 4586 2515 4668 igitur
2556 4607 2714 4654 nocte
2740 4598 2794 4653 in
2827 4598 3016 4653 habitu
3053 4597 3444 4653 monachorum
3476 4599 3698 4654 venien-

2117 4699 2222 4754 tes,
2269 4690 2535 4761 quidnam
2561 4689 2793 4745 haberet
2831 4689 3181 4744 Cosmianam
3209 4689 3574 4744 dormientem
3607 4690 3696 4744 in-

2114 4791 2558 4868 terrogaverunt.
2630 4783 2699 4836 At
2747 4783 2839 4838 illa
2914 4782 3229 4852 passionem
3286 4782 3579 4849 referebat,
3645 4795 3703 4840 et

2116 4889 2282 4945 super
2328 4873 2536 4928 sanctis
2569 4873 2692 4928 cmii
2739 4872 3069 4943 quctitahat,
3110 4871 3255 4942 quod
3303 4873 3426 4929 aliis
3477 4875 3697 4945 quidem

2116 4965 2353 5021 infirmis
2395 4965 2690 5020 sanitatem
2727 4965 3106 5034 pncstiterint.
3151 4981 3212 5023 se
3245 4983 3372 5024 vero
3400 4970 3693 5024 solanrsa-

2117 5071 2243 5109 nam
2274 5054 2655 5110 contriverint.
2691 5054 2996 5112 Subridens
3032 5064 3217 5112 autem
3261 5058 3309 5114 is
3342 5059 3434 5129 qui
3490 5075 3697 5129 praece-

2115 5148 2291 5216 ptoris
2316 5145 2564 5201 ordinem
2595 5155 2651 5201 et
2682 5145 3067 5201 didascalicam
3128 5152 3450 5210 noscebatur
3473 5153 3699 5222 dignita-

2119 5248 2226 5294 tem
2266 5238 2487 5305 habere,
2515 5237 2564 5293 ei
2598 5240 2691 5308 qui
2732 5239 3036 5309 discipulus
3064 5241 3351 5296 videbatur
3387 5256 3530 5308 csse,
3564 5260 3702 5315 pra:-

2118 5332 2301 5401 eepit:
2329 5331 2555 5397 Adesto,
2599 5332 2877 5400 inquiens,
2910 5342 2966 5388 ct
2999 5335 3157 5390 ocius
3188 5350 3309 5390 cam
3348 5350 3378 5390 a
3408 5339 3701 5392 contritio»

2118 5424 2282 5478 nibus
2314 5424 2507 5479 libera.
2529 5423 2631 5490 Qui
2659 5439 2784 5478 cum
2815 5437 3147 5496 pra-ceptum
3178 5427 3478 5499 implesset,
3502 5440 3556 5484 et
3575 5446 3702 5483 eur-

2120 5531 2248 5571 rcus
2276 5518 2540 5580 venisset,
2572 5517 2852 5572 maxillam
2885 5519 3119 5589 percutit
3142 5518 3319 5589 alapa,
3346 5529 3402 5577 et
3425 5521 3707 5593 languenti

2122 5610 2315 5669 triltuit
2351 5597 2678 5665 libertatem.
2731 5610 2793 5666 AI
2844 5612 2934 5666 illa
2977 5611 3087 5665 ictu
3144 5614 3369 5669 vertitur
3415 5616 3608 5687 alapa,
3652 5618 3708 5669 in
