4010 6208
299 447 433 509 31⁸3⁸1

1221 415 1227 421 ’
1323 447 1427 507 ss.
1475 446 1771 535 crater
1799 444 2121 509 JOANNIS
2151 451 2564 513 mancum.

3413 454 3554 517 3538

302 561 543 627 ράματος
576 554 812 619 ἔκλαιεν,
848 555 1148 623 καὶτούτῳ
1176 554 1238 608 rb
1261 553 1481 626 εὕρημα
1527 556 1788 628 παρέχειν
1834 556 1867 625 ή

1986 556 2223 623 fratrem,
2252 563 2424 631 quasi'
2452 561 2708 632 quiddam
2758 576 3016 630 magnum
3072 576 3234 616 manu
3277 564 3548 631 portabat.

303 650 480 718 μήτηρ
533 644 839 711 ἐκέλευσεν,
876 646 961 699 ἴνα
991 645 1084 699 τοῦ
1127 646 1451 717 μικροτέρου
1508 646 1694 709 παιδὸς
1745 648 1877 699 ἀνα-

299 740 480 811 στείλῃ
514 739 576 792 τὸ
621 738 879 806 δάκρυον.
946 738 1140 792 θᾶττον
1165 737 1265 810 τὴν
1312 742 1468 810 χεῖρα
1509 743 1880 809 προσενέγκας

298 832 373 904 τῷ
398 832 648 902 στόματι,
663 831 725 884 rb
739 830 845 884 ὠὸν
877 829 1084 894 εὐθέως
1112 830 1405 885 καταπίνει
1423 830 1514 884 τοῦ
1542 831 1738 898 ὖφεως,
1773 848 1875 901 με·

304 920 658 995 μορφωμένον
678 920 780 992 ήδη
813 922 905 977 καὶ
924 920 1130 975 τέλειον
1158 920 1283 991 ἕχον
1315 920 1462 975 ἔνδον
1481 921 1540 974 rb
1566 922 1663 990 τῆς
1689 920 1881 974 τεκού-

303 1030 399 1086 σης
443 1013 696 1084 ὁμοίωμα
716 1028 731 1043 ο
758 1011 852 1065 καὶ
882 1011 1153 1083 μητρικοῦ
1187 1011 1544 1082 παρακούσας
1596 1014 1880 1082 προστάγ-

305 1121 475 1172 ματος
500 1145 516 1169 ,
563 1103 794 1158 θάνατον
834 1101 1118 1173 παρακοῆς
1176 1101 1383 1169 ἰτρύγα
1417 1100 1480 1155 rb
1542 1101 1832 1173 βλάστημα
1863 1120 1876 1133 ⁸

302 1198 350 1251 εἰ
378 1197 451 1266 μὴ
482 1194 665 1266 Κῦρος
694 1193 856 1247 αὐτὸν
879 1192 975 1245 καὶ
1018 1191 1275 1263 Ἰωάννης
1298 1194 1347 1247 οί
1384 1196 1662 1264 μάρτυρες
1698 1195 1760 1247 rb
1792 1194 1881 1248 θα.

303 1285 602 1357 νατηφόρον
640 1283 863 1338 ἐκδῦναι
895 1283 1202 1355 πεποίηκαν
1232 1285 1448 1338 δίκτυον
1477 1302 1490 1314 ·
1523 1281 1643 1340 εἶτα
1669 1288 1729 1338 rb
1767 1285 1880 1340 λοι-

304 1378 401 1431 πὸν
432 1377 531 1448 τῆς
559 1375 789 1448 πορείας
836 1374 1153 1441 ἀνύσαντες,
1194 1378 1275 1440 είς
1322 1377 1381 1431 τὸ
1432 1378 1657 1449 τέμενος
1699 1377 1882 1447 τίνον-

303 1486 414 1523 ται.

382 1562 470 1626 Ὠς
507 1560 563 1613 δὲ
589 1558 748 1614 τοῦτο
789 1559 1109 1627 κατέλαϐον,
1136 1560 1229 1615 καὶ
1275 1560 1375 1624 τάς
1404 1561 1716 1631 προσευχὰς
1763 1561 1882 1632 Θεῷ

306 1669 364 1705 τε
393 1652 795 1723 προσήνεγκαν,
828 1652 921 1705 καὶ
949 1651 1041 1704 τὸν
1069 1652 1177 1706 τῶν
1208 1652 1379 1721 ἁγίων
1403 1654 1573 1722 τάφον
1606 1655 1884 1723 ἠσπάσαν-

306 1760 385 1808 το,
427 1744 543 1812 μετ’
569 1743 632 1795 οὐ
662 1741 795 1795 πολὺ
834 1745 933 1812 τῆς
964 1744 1410 1813 προσκυνήσεως,
1459 1744 1528 1798 τά
1590 1744 1882 1814 σπλάγχνα

310 1837 490 1889 πονεῖν
515 1837 545 1889 ὀ
567 1834 889 1898 Καλλίνικος
917 1834 1145 1907 ήρξατο,
1179 1836 1521 1905 ἀνοιχθέντος
1549 1838 1607 1888 ὲν
1645 1840 1713 1908 τῇ
1741 1836 1883 1891 τού-

1984 646 2048 702 Ει
2076 651 2336 719 quoniam
2370 649 2537 705 frater
2582 651 2836 721 captione
2874 651 3171 705 frustratus
3214 652 3480 721 plorabat,
3504 666 3558 712 et

1983 738 2108 793 huic
2150 740 2519 796 inventionem
2542 752 2802 812 praestare
2829 750 3003 795 mater
3029 741 3272 808 iubebat,
3300 755 3356 799 ut
3384 747 3567 803 mino-

1982 826 2059 879 ris
2108 826 2202 879 filii
2242 827 2513 897 lacrymas
2545 837 2879 892 removeret;
2914 827 3080 885 citius
3115 844 3337 884 manum
3381 833 3566 901 appli-

1979 928 2116 970 cans
2141 918 2247 980 ori,
2287 931 2448 971 ovum
2483 914 2688 972 statim
2710 917 2971 974 absorbet
3005 918 3302 988 serpentis,
3355 919 3560 976 forma.

1982 1016 2092 1063 tam
2114 1005 2226 1075 jarh
2260 1018 2314 1062 et
2338 1006 2637 1078 perfectam
2687 1008 2897 1064 habens
2939 1008 3088 1062 intus
3115 1008 3385 1077 parientis
3406 1011 3558 1066 simi-

1984 1098 2294 1153 litudinem.
2328 1099 2392 1153 Et
2418 1105 2724 1153 maternum
2749 1106 3176 1171 praetergressus
3204 1110 3555 1172 praeceptum,

1983 1200 2214 1245 mortem
2274 1189 2658 1247 inobedicntiae
2699 1206 2797 1261 per
2856 1191 3045 1248 foetum
3088 1201 3387 1264 captasset,
3451 1196 3556 1249 nisi

1983 1278 2160 1352 Cyrus
2208 1295 2334 1336 eum
2397 1292 2561 1352 atque
2614 1265 2857 1338 Jdan'nes
2896 1292 3167 1355 martyres
3216 1284 3556 1341 mortiferum

1983 1370 2214 1427 evadere
2247 1380 2360 1427 rete
2390 1374 2674 1429 fecissent.
2708 1373 2915 1431 Deinde
2946 1374 3166 1430 residuo
3197 1376 3298 1431 viae
3316 1387 3556 1446 peracto.

1984 1464 2050 1520 ad
2085 1464 2372 1519 basilicam
2404 1466 2659 1520 veniunt.

2051 1554 2300 1626 Cumque
2332 1555 2400 1610 ad
2435 1554 2576 1611 hanc
2603 1557 3003 1625 pervenissent,
3031 1555 3253 1627 Deoquc
3281 1559 3559 1614 orationes

1981 1647 2334 1709 obtulissent,
2379 1661 2488 1701 non
2534 1647 2766 1701 multum
2822 1655 2946 1717 post
2982 1648 3292 1704 orationem
3346 1649 3556 1706 viscera

1982 1738 2167 1795 dolere
2218 1737 2522 1793 Callinicus
2556 1738 2744 1807 erepit,
2775 1752 2901 1793 cum
2938 1737 3053 1808 jam
3090 1753 3255 1793 ovum
3288 1738 3342 1794 in
3398 1738 3558 1811 hujus

1984 1838 2174 1886 ventre
2189 1837 2438 1901 apertqu
2465 1838 2632 1893 esset,
2656 1836 2711 1884 et
2737 1829 3057 1886 thesaurum
3088 1831 3237 1886 illum
3261 1833 3557 1902 pessimum

307 1942 398 1979 του
431 1927 630 1996 γαστρὶ
668 1928 761 1980 τοῦ
792 1927 923 1989 ὠοῦ,
957 1929 1051 1981 καὶ
1082 1929 1174 1981 rbv
1205 1928 1464 1984 κάκιστον
1510 1930 1719 1983 ἐκεῖνον
1779 1930 1878 2000 θη-

1986 1918 2338 1975 evomuisset.
2371 1918 2437 1972 Et
2476 1917 2696 1987 quidem
2733 1918 2886 1973 initia
2931 1919 3187 1976 dolorum
3233 1920 3559 1978 tortionibus

311 2017 508 2088 σαυρδν
569 2017 945 2086 ὲξεμέσαντος.
1001 2021 1112 2072 Καὶ
1142 2020 1399 2090 στρόφους
1441 2018 1542 2088 μὲν
1610 2021 1667 2074 αἱ
1705 2021 1874 2092 ἀρχαὶ

307 2111 415 2163 τῶν
493 2110 799 2179 ἀλγηδόνων
869 2111 1133 2183 ὲῴκεισαν
1161 2127 1175 2141 ·
1223 2114 1346 2176 ταῖς
1408 2113 1477 2167 δὲ
1514 2113 1656 2170 κατὰ
1717 2113 1882 2189 μέρος

310 2196 600 2266 αὐξῆσεσιν
630 2199 740 2252 τῶν
769 2201 867 2270 μὲν
905 2202 1153 2272 στρόφων
1193 2203 1535 2276 παρῃτοῦντο
1580 2205 1640 2259 rb
1678 2205 1880 2278 γνώρι-

314 2303 446 2356 σμα,
474 2291 584 2351 τοῖς
619 2289 677 2343 δὲ
701 2290 972 2359 δαιμόνων
999 2291 1297 2361 ὠμοιοῦντο
1317 2293 1702 2365 στρεϐλώσεσι.
1721 2298 1881 2368 Ἀρτι

315 2377 425 2448 γὰρ
462 2378 553 2431 τοῦ
585 2380 931 2452 περιέχοντος
956 2383 1370 2452 ὀστρακοειδοῦς
1393 2385 1588 2456 ύμένος
1634 2386 1880 2458 ὲκκύψαν

315 2468 375 2520 rb
404 2470 750 2540 παγχάλεπον
769 2472 1042 2547 γέννημα,
1071 2473 1167 2526 καὶ
1195 2474 1271 2546 μὴ
1297 2477 1581 2547 παροῦσαν
1629 2479 1881 2549 εὑρίσκον

310 2558 408 2629 τὴν
439 2560 710 2629 φύσασαν,
735 2562 873 2632 πρὸς
899 2562 996 2633 τὴν
1043 2562 1246 2635 ταύτης
1270 2560 1429 2636 εἷρπε
1457 2566 1637 2640 κακὴν
1677 2568 1881 2641 ἀναξήο

311 2664 489 2718 τησιν,
538 2651 634 2705 καὶ
660 2652 788 2723 τῇδε
819 2653 1047 2706 κάκεῖσε
1073 2653 1171 2707 τοῦ
1224 2655 1418 2719 παιδὸς
1450 2657 1531 2719 ,τά
1592 2657 1878 2730 σπλάγχνα

307 2735 481 2791 διέθεε
505 2752 520 2766 ο
562 2737 704 2808 τάχα
743 2740 800 2793 δὲ
828 2740 923 2794 καὶ
952 2741 1252 2808 διέδακνεν,
1282 2746 1465 2816 εὑρεῖν
1486 2747 1544 2800 έν
1569 2747 1751 2812 αὐτοῖς
1778 2751 1879 2820 τὴν

309 2827 506 2898 τροφὸν
541 2829 603 2882 οὐ
635 2829 953 2901 δυνάμενον.
993 2831 1155 2886 Ὅθεν
1201 2834 1269 2888 τὰ
1314 2835 1507 2907 πρῶτα
1547 2838 1646 2906 μὲν
1671 2838 1877 2905 ἔκλαιε,

309 2916 600 2985 προϐαῖνον
624 2918 688 3004 es
711 2920 923 2989 μείζοσι
950 2926 1219 2993 κραυγαῖς
1248 2920 1378 2995 ηὗξε
1432 2927 1493 2979 rb
1512 2926 1745 2998 δάκρυον
1770 2947 1783 2961 ’
1803 2931 1880 2997 ὡς

303 3006 365 3061 bl
397 3007 684 3077 βαστάζειν
712 3010 875 3067 πλέον
897 3013 992 3067 τοῦ
1030 3014 1204 3083 ϐφεως
1234 3017 1333 3082 τὰς
1361 3018 1518 3083 ἀνίας
1538 3022 1638 3075 οὐκ
1667 3023 1875 3094 ῖσκυσε,

310 3096 492 3151 πεσὼν
528 3100 608 3161 είς
649 3099 755 3170 γῆν
816 3099 1084 3169 ἐκυλίετο,
1138 3105 1533 3177 ὲσπαράττετο,
1584 3112 1878 3178 πολυειδῶς

1981 2018 2141 2067 erant
2170 2008 2344 2081 paria,
2372 2025 2495 2079 qua:
2520 2009 2574 2064 in
2608 2009 2963 2069 incrementis
3007 2014 3203 2084 partim
3241 2014 3557 2071 earumdem

1981 2100 2279 2158 tortionum
2330 2100 2676 2171 denegabant
2707 2102 2982 2168 notitiam,
3032 2104 3233 2173 partim
3278 2120 3409 2161 vero
3450 2105 3558 2160 daa-

1982 2208 2196 2250 monum
2230 2191 2563 2249 tortionibus
2585 2199 2744 2265 erant
2776 2192 2999 2247 similia.
3041 2192 3176 2248 Cum
3210 2195 3356 2249 enim
3390 2204 3559 2249 κρεισ-

1981 2303 2092 2342 ceae
2132 2286 2319 2342 formae
2350 2287 2670 2343 membrana
2709 2287 3143 2344 circumdaretur
3175 2289 3418 2359 prorupit
3453 2304 3557 2344 sat-

1981 2377 2265 2433 vissimum
2304 2379 2580 2450 genimcu,
2622 2389 2680 2435 et
2729 2388 3054 2450 praesentem
3107 2394 3216 2439 non
3273 2381 3557 2437 inveniens

1979 2477 2232 2532 matrem,
2260 2469 2328 2523 ad
2358 2470 2523 2541 hujus
2564 2469 2760 2526 malam
2791 2471 3088 2541 repedabat
3116 2471 3552 2542 inquisitionem.

1979 2568 2036 2616 et
2068 2560 2174 2615 hac
2197 2560 2434 2632 illacque
2459 2561 2674 2617 viscera
2710 2562 2861 2635 pueri
2891 2561 3218 2634 peragrabat
3244 2563 3471 2619 forsitan
3502 2570 3559 2619 et

1981 2651 2287 2719 mordebat,
2320 2653 2570 2709 invenire
2623 2654 2679 2709 in
2719 2653 2828 2711 illis
2878 2656 3144 2711 nutricem
3194 2672 3302 2711 non
3334 2657 3554 2721 valens;

1982 2746 2121 2799 unde
2148 2758 2282 2815 puer
2301 2743 2488 2801 dolore
2517 2760 2764 2816 pressus,
2800 2746 2854 2800 in
2889 2746 3202 2816 primordiis
3228 2745 3443 2814 quidem
3472 2747 3559 2802 ος·
3586 2812 3591 2816 ι

1980 2837 2094 2901 bat,
2131 2837 2456 2908 procedente
2496 2851 2627 2891 vero
2660 2847 2905 2909 tempore
2951 2839 3253 2907 majoribus
3286 2839 3557 2909 lacrymas

1979 2930 2213 3001 angebat
2250 2929 2609 2985 clamoribus.
2648 2927 2822 2983 Porro
2875 2945 2997 2984 cum
3051 2939 3271 3012 portare
3317 2927 3558 2999 amplius

1979 3023 2247 3093 serpentis
2276 3022 2558 3077 cruciatus
2588 3036 2695 3076 non
2728 3033 2933 3091 posset,
2982 3022 3189 3078 cadens
3240 3023 3294 3077 in
3348 3028 3553 3077 terram

1982 3113 2358 3176 volutabatur,
2388 3111 2826 3183 discerpebatur,
2856 3112 3269 3170 multiformiter
3299 3113 3560 3169 membris

308 3189 417 3251 τοῖς
449 3187 666 3258 μέλεσιν
696 3191 1028 3260 ὲτυλίσσετο,
1060 3194 1135 3260 ὡς
1165 3196 1300 3267 μηδὲ
1351 3202 1535 3269 φωνὴν
1568 3203 1734 3256 αὑτὸν.
1780 3206 1874 3257 ἐκ·

1986 3205 2379 3271 involvebatur,
2412 3206 2486 3261 ita
2514 3213 2574 3260 ut
2599 3204 2947 3275 postmodum
2981 3222 3081 3261 nec
3103 3221 3289 3261 vocem
3312 3206 3560 3262 emittere

311 3279 550 3349 πέμπειν
578 3282 660 3345 είς
691 3281 915 3355 ὕστερον
948 3280 1232 3353 emacem,
1266 3289 1403 3345 ἀλλὰ
1435 3290 1689 3363 θνήσκειν
1715 3295 1874 3359 εὐθὺς

307 3372 419 3434 τοῖς
448 3371 649 3442 δρῶσιν
682 3374 1014 3445 νομίζεσθαι.

373 3464 626 3535 Δωροθέα
667 3463 725 3520 δι
758 3467 791 3538 ἡ
845 3467 1036 3524 τοῦτον
1077 3473 1172 3525 καὶ
1211 3473 1305 3526 τὸν
1345 3474 1688 3544 άδελφδν,ώς
1716 3478 1875 3549 ἔφην,

308 3551 565 3617 ιὶδίνασα,
612 3555 937 3613 Καλλινίκου
970 3560 1041 3615 τὰ
1081 3563 1362 3632 σπλάγχνα
1394 3564 1555 3619 πλέον
1597 3568 1879 3633 ὲδάπτετο,

312 3644 479 3709 οὕτως
504 3647 752 3713 ἐλεεινῶς
772 3649 865 3704 τὸν
900 3651 1017 3705 υἱὸν
1045 3654 1420 3724 ἀπολλύμενον
1445 3656 1716 3726 βλέπουσα
1743 3675 1759 3692 ο
1790 3661 1883 3713 καὶ

319 3738 684 3806 προσελθοῦσα
732 3740 925 3797 θᾶττον
958 3745 1071 3806 τοῖς
1121 3745 1392 3817 μάρτυσιν
1432 3746 1573 3817 μττά
1625 3747 1883 3818 κραυγῶν

312 3828 407 3879 καὶ
435 3828 684 3899 δακρύων
707 3831 804 3896 τὰς
852 3833 1090 3897 ἱκετείαν,
1140 3834 1493 3908 προσέφερεν.
1528 3838 1701 3892 Βαϐαῖ
1728 3843 1835 3910 γὰρ
1865 3880 1881 3903 ,

307 3918 515 3987 ἔλεγεν,
532 3921 676 3991 άγιοι
701 3924 715 3978 l
748 3924 864 3988 πῶς
883 3942 983 3997 μου
1004 3926 1105 3997 τὴν
1135 3926 1323 3981 θυσίαν
1348 3928 1600 3994 ἐδέξασθε
1628 3947 1643 3995 ;
1674 3930 1836 4001 βαϐαί
1865 3934 1878 3986 !

306 4011 479 4064 rrein
509 4030 576 4083 με
603 4013 823 4085 δωρεῶν
850 4016 1119 4086 ἠξιώσατε
1145 4034 1163 4084 ;
1192 4018 1354 4089 βαϐαί
1371 4021 1385 4075 ε
1404 4021 1561 4092 ποίας
1583 4038 1673 4088 μοι
1699 4021 1886 4087 δεξιώ-

306 4118 448 4167 σεως
480 4105 819 4175 μετεδώκατε
843 4110 1070 4177 ς’Δὶλαι
1091 4115 1345 4180 γυναῖκες
1375 4113 1538 4167 τέκνα
1569 4113 1643 4185 μὴ
1669 4114 1885 4185 ἔχουσαι

307 4197 443 4267 πρὸς
469 4198 612 4268 ὑμᾶς
634 4202 1074 4272 καταφεύγουσαι
1121 4204 1395 4260 τίκτουσιν
1415 4219 1427 4234 ·
1461 4206 1570 4275 ἐγὼ
1592 4206 1648 4260 δὲ
1683 4206 1776 4261 δύο
1803 4206 1888 4260 δο-

304 4293 661 4365 ρυφρουμένη
682 4294 799 4363 (sic)
821 4294 1047 4350 τάνθάδε
1071 4296 1393 4361 κατέλαϐον,
1414 4299 1506 4351 καὶ
1530 4298 1650 4369 μεθ’
1668 4298 1808 4363 ἑνὸς,
1840 4302 1889 4353 εἰ

306 4377 386 4448 μὴ
414 4381 721 4448 σπεύσοιτε,
756 4383 869 4438 τῶν
894 4385 1104 4440 ἐνθένδε
1127 4386 1469 4459 ἀπέρχομαι.
1506 4389 1688 4442 ’Ἄλλοι
1721 4389 1889 4446 θανά-

304 4485 403 4522 του
454 4472 711 4537 πνέοντες
761 4473 1036 4546 έρχονται,
1087 4478 1181 4531 καὶ
1233 4478 1423 4532 τούτου
1477 4480 1892 4550 καταγελῶντες

1980 3307 2187 3369 posset,
2236 3295 2600 3352 moribundus
2670 3296 2932 3351 continuo
2976 3312 3006 3352 a
3062 3296 3372 3353 videntibus
3415 3297 3561 3352 aesti-

1980 3399 2180 3444 matus.

2051 3483 2321 3540 Dorothea
2358 3499 2488 3540 vero
2517 3500 2637 3552 quae
2672 3484 2821 3541 hunc
2848 3493 2902 3542 et
2952 3482 3203 3545 fratrem,
3246 3479 3396 3551 sicut
3442 3479 3555 3535 dixi

1983 3582 2290 3644 pepererat,
2336 3574 2462 3644 plus
2491 3576 2752 3638 membris
2777 3590 2939 3646 quam
2978 3572 3282 3631 Callinicus
3341 3572 3556 3626 morde-

1983 3662 2165 3730 batur,
2201 3672 2309 3717 tam
2364 3662 2754 3719 miserabiliter
2787 3661 2961 3717 tilium
3013 3659 3283 3731 perditum
3321 3656 3558 3712 intuens.

1985 3753 2050 3808 Et
2074 3754 2340 3810 accedens
2364 3755 2474 3810 cito
2504 3755 2573 3811 ad
2609 3766 2912 3825 martyres,
2948 3750 3385 3824 supplicationes
3431 3761 3557 3800 cum

1985 3842 2323 3898 clamoribus
2358 3849 2414 3898 et
2445 3841 2706 3913 lacrymis
2754 3838 3041 3901 offerebat.
3098 3836 3322 3891 Dicebat
3365 3834 3508 3889 enim
3545 3852 3557 3887 :

1988 3931 2103 3989 Heu
2139 3932 2267 4001 heu,
2306 3933 2507 4000 sancti,
2530 3930 2805 3998 quomodo
2837 3927 3170 3987 sacrificium
3229 3941 3408 3982 meum
3462 3925 3559 3979 aii-

1987 4025 2267 4082 misistis?
2298 4026 2401 4080 heu
2435 4023 2539 4081 heu
2561 4021 2818 4094 qualibus
2861 4035 2946 4076 me
2972 4019 3189 4091 dignam
3245 4015 3562 4071 muneribus

1989 4116 2347 4174 reddidistis!
2391 4116 2496 4173 heu
2520 4115 2628 4171 heu
2654 4128 2825 4186 quam
2862 4112 2996 4168 mihi
3025 4110 3427 4180 susceptionem
3457 4108 3559 4163 tri-

1990 4210 2229 4266 buistis‘l
2263 4210 2399 4265 Alia:
2428 4208 2687 4265 mulieres
2716 4214 2876 4263 natos
2905 4219 3014 4259 non
3044 4202 3309 4258 habentes
3339 4216 3463 4254 cum
3492 4197 3560 4253 ad

1989 4316 2089 4356 vos
2118 4299 2469 4371 confugerint
2506 4298 2753 4371 pariunt,
2782 4311 2884 4370 ego
2917 4301 3099 4350 autem
3141 4292 3281 4348 duos
3311 4292 3560 4347 olilatnra

1990 4394 2099 4449 huc
2128 4394 2276 4455 veni,
2307 4401 2362 4448 et
2393 4408 2516 4448 cum
2555 4406 2664 4448 uno
2695 4392 2827 4446 hinc
2856 4388 2962 4444 nisi
2989 4384 3431 4451 acceleraveritis
3475 4399 3560 4437 re-

1991 4487 2232 4557 grediar.
2289 4484 2394 4539 Alii
2426 4485 2578 4541 necis
2606 4485 2886 4555 spirantes
2920 4480 3212 4541 accedunt,
3270 4478 3364 4533 sed
3417 4477 3561 4531 hanc

303 4561 638 4634 ἀπέρχονται
681 4582 696 4597 ο
727 4566 861 4638 ἐμοῦ
889 4568 945 4622 δὲ
988 4569 1087 4639 τῆς
1124 4568 1316 4633 άθλίας
1352 4569 1414 4624 rb
1459 4572 1648 4642 νήπιον
1685 4574 1879 4638 παῖζον

1986 4575 2319 4641 deridentes,
2345 4575 2688 4641 abscedunt;
2749 4587 2903 4628 meus
2937 4579 3120 4627 autem
3176 4568 3366 4624 infelix
3424 4583 3559 4638 pue-

301 4649 441 4725 ἦκεν
464 4657 599 4727 πρὸς
621 4658 765 4729 ὑμᾶς
798 4660 895 4714 καὶ
922 4660 1253 4732 ὀρχούμενον
1274 4700 1291 4726 ,
1328 4664 1424 4717 καὶ
1456 4665 1674 4731 πάντως
1696 4668 1887 4740 τεθνή-

305 4746 478 4811 ξεται.
530 4746 627 4802 ἑάν
659 4749 815 4819 ὑμεῖς
851 4751 913 4804 ού
951 4752 1302 4824 λυτρώσησὼ
1327 4771 1342 4787 ·
1387 4743 1501 4810 καῖ’
1525 4758 1625 4829 τὴν
1664 4759 1781 4814 ὁδὸν
1819 4760 1886 4832 ἢν

302 4837 555 4910 ἐλήλυθε,
592 4841 752 4895 πάλιν
781 4841 889 4906 ζῶν
927 4845 988 4897 οὐ
1032 4846 1380 4917 πορεύσεται.
1409 4848 1621 4919 Ἥρατέ
1658 4868 1759 4922 μου
1791 4853 1884 4908 τοῦ

303 4931 514 4999 γήρους
544 4931 607 4985 rb
655 4934 957 5005 στήριγμα,
989 4936 1089 5005 τῆς
1138 4936 1424 5002 ἀσθενείας
1449 4940 1549 5011 τὴν
1582 4941 1886 5016 βακτηρίαν

302 5020 554 5088 ἐλάϐετε,
613 5023 714 5096 τὴν
774 5025 967 5082 ἐλπίδα
1015 5027 1116 5099 τῆς
1168 5029 1228 5081 ἐν
1281 5030 1528 5101 ἐσχάτοις
1567 5033 1888 5107 ἀναπαύλης

302 5113 594 5183 ήρπάσατε
620 5131 634 5145 ·
659 5117 752 5170 τὸν
785 5116 1008 5188 τρέφειν
1030 5135 1099 5191 με
1125 5119 1264 5189 μετά
1292 5121 1422 5177 Θεὸν
1443 5124 1887 5196 προσδοκώμενον

297 5203 483 5272 ἔχετε.
524 5206 588 5261 Et
632 5206 766 5276 ἐγὼ,
813 5210 1112 5281 μάρτυρες,
1158 5210 1413 5280 ἔπι-αισα,
1452 5214 1504 5268 τί
1530 5232 1633 5287 μου
1672 5218 1732 5270 τὸ
1758 5235 1886 5273 παι-

299 5293 416 5347 δίον
447 5293 704 5359 κολάζετε
747 5312 763 5364 ;
796 5299 845 5350 εί
876 5299 988 5366 ἐγὼ
1018 5298 1288 5370 ἥμαρτον,
1321 5301 1422 5371 ἐμὲ
1446 5303 1834 5375 τιμωρήσασθε
1868 5311 1913 5335 ·“

299 5382 357 5434 τί
387 5384 593 5456 μητρὸς
637 5386 914 5458 ἁμαρτίας
944 5387 1199 5457 ἀγνοοῦσι
1228 5389 1440 5454 τέκνοις
1481 5391 1719 5461 ὲπάγετε
1746 5411 1762 5462 ;
1796 5392 1886 5449 διά

295 5471 357 5525 τί
382 5475 627 5545 κατάρας
651 5477 878 5548 νομικῆς
897 5479 993 5532 καὶ
1012 5480 1314 5552 Μωσαῖκῆς
1336 5481 1590 5550 γίγνεσθε
1616 5486 1884 5556 κατακρί-

300 5579 447 5627 σεως
499 5563 705 5620 ἔκδικοι
738 5582 753 5633 ;
796 5567 1098 5640 ’Λμαρτίας
1126 5569 1254 5642 γάρ,
1274 5571 1458 5641 φησὶν,
1485 5573 1738 5646 πατέρων
1792 5578 1885 5631 ἐπὶ

304 5654 495 5710 τέκνα.
544 5654 685 5711 ’Δλλ’
733 5659 799 5712 ὲκ
847 5658 946 5731 τῆς
988 5660 1243 5733 κατάρας
1290 5662 1386 5717 τοῦ
1439 5664 1603 5736 νόμου
1651 5667 1883 5738 Χριστὸς

301 5748 458 5818 ἡμᾶς
481 5739 836 5821 ἐξηγόρασεν,
868 5752 1006 5824 ὑπὲρ
1025 5754 1058 5823 ἡ
1068 5753 1183 5823 μῶν
1201 5754 1416 5827 κατάρα
1444 5756 1765 5827 γενόμενος·
1789 5763 1883 5815 καὶ

301 5837 515 5911 ταύτην
563 5839 653 5895 διά
702 5840 794 5894 τοῦ
852 5843 1135 5914 προφήτου
1177 5846 1273 5916 τὴν
1320 5848 1644 5918 κατάκρισιν
1693 5849 1882 5906 ἔλυσεν

1989 4670 2147 4724 rulus
2190 4668 2281 4736 qui
2332 4667 2527 4724 ludens
2564 4666 2714 4722 venit
2745 4674 2800 4721 ct
2859 4665 3090 4728 saltans,
3148 4661 3340 4733 procul
3394 4660 3562 4715 dubio

1987 4761 2276 4826 morietur,
2320 4759 2427 4816 nisi
2459 4774 2558 4815 vos
2585 4756 2977 4823 liberaveritis,
3021 4764 3075 4810 et
3114 4755 3205 4811 via
3246 4768 3354 4824 qua
3414 4753 3563 4807 venit

1986 4863 2096 4904 non
2142 4849 2302 4904 vivus
2331 4848 2524 4902 abibit.
2584 4845 2817 4901 Tulistis
2864 4841 3166 4903 senectutis
3200 4855 3334 4896 mea:
3375 4839 3559 4893 firma-

1987 4946 2260 5005 mentum,
2320 4937 2660 5013 infirmitatis
2716 4935 2975 4991 baculum
3030 4930 3347 5002 accepistis,
3408 4946 3557 5001 δρα-ιιι

1985 5030 2185 5100 quietis
2211 5037 2515 5084 extremam
2574 5026 2859 5096 rapuistis,
2898 5031 2954 5080 et
3021 5038 3145 5079 eum
3203 5038 3368 5093 quem
3437 5031 3561 5092 post

1988 5123 2155 5180 Deum
2213 5122 2425 5178 nutrire
2472 5136 2559 5176 me
2621 5117 2979 5191 praestolabar
3044 5115 3278 5172 habetis.
3344 5113 3401 5167 Si
3460 5127 3563 5182 ego

1986 5224 2256 5285 martyres
2281 5210 2524 5283 culpavi,
2562 5217 2623 5264 ut
2665 5207 2796 5279 quid
2831 5222 3057 5277 puerum
3114 5220 3294 5259 meum
3342 5202 3556 5257 crucia-

1984 5303 2094 5359 tis?
2130 5302 2185 5358 Si
2209 5318 2312 5375 ego
2343 5301 2586 5373 peccavi,
2616 5316 2702 5355 me
2736 5300 2948 5370 punitc.
2982 5299 3163 5364 Quare
3189 5306 3414 5368 peccata
3448 5312 3561 5349 ma-

1984 5396 2084 5452 tris
2115 5393 2494 5466 ignorantibus
2547 5390 2695 5447 natis
2747 5389 3009 5446 infertis?
3042 5402 3217 5460 quare
3279 5385 3559 5442 condem—

1986 5487 2224 5544 nationis
2249 5484 2444 5560 legalis
2473 5492 2639 5557 atque
2665 5482 2919 5538 mosaicrc
2967 5479 3371 5537 maledictionis
3393 5477 3562 5533 ellici-
3606 5478 3615 5529 .”
3658 5474 3671 5481 “

1987 5580 2118 5634 mini
2158 5578 2527 5635 defensores?
2572 5583 2858 5648 peccatum
2905 5570 3052 5631 enim
3108 5572 3285 5644 inquit
3342 5578 3557 5641 patrum

1986 5668 2041 5723 in
2074 5669 2234 5724 filios.
2285 5666 2389 5723 Sed
2422 5682 2486 5724 ex
2525 5664 2823 5721 maledicto
2849 5664 2987 5736 legis
3034 5661 3294 5716 Ch‘ristus
3322 5674 3424 5714 nos
3472 5675 3559 5715 rc-

1985 5759 2179 5826 demit,
2210 5774 2311 5831 pro
2341 5758 2500 5817 nobis
2525 5754 2856 5821 adveniens,
2890 5762 2945 5810 et
2979 5766 3073 5821 per
3096 5749 3414 5821 prophetam
3438 5763 3564 5801 con-

1984 5849 2391 5907 dcmnatiuncttt
2451 5845 2727 5913 dissolvit,
2805 5843 3095 5905 manifeste
3137 5842 3367 5900 dicens.
3423 5838 3569 5907 quod
