4020 6204
439 453 582 518 3539

1307 456 1366 515 S.
1406 454 1757 518 SOPHRON
1768 458 1827 517 II
1854 452 2359 534 PATRIARCH
2400 452 2801 513 HIEKOSOL.

3569 457 3710 520 3540

441 573 582 621 ultra
617 583 721 618 nou
745 572 891 619 esset
919 563 1148 619 dicenda
1179 567 1438 636 parabola
1465 567 1578 621 haec
1609 584 1621 620 :
1652 588 1669 618 ι
1700 566 1892 623 Patres
1927 582 2017 621 co-

2128 564 2417 636 Βιαρῤήδην
2450 564 2640 631 εἰπὼν,
2673 564 2749 628 ὡς
2780 563 2966 618 οὐκέτι
2994 564 3316 636 λεχθήσεται
3355 570 3387 638 ή
3423 572 3708 641 παραϐολὴ

443 659 734 712 utcderttttt
777 672 910 712 uvas
947 659 1198 720 acerbas,
1225 669 1278 712 et
1310 661 1504 714 dentes
1556 660 1794 714 liliorum
1827 661 2022 715 obstu-

443 756 693 818 pueruut.
722 764 741 796 ι
771 744 914 815 Ergo
931 760 1039 800 non
1070 746 1213 802 alius
1236 763 1334 818 pro
1353 747 1480 812 alio,
1511 747 1605 804 sed
1639 748 2022 818 unusquisque

441 855 544 907 pro
574 852 632 892 se
671 839 942 892 rationem
980 837 1170 893 reddet
1232 838 1384 909 Deo;
1418 850 1472 895 et
1503 842 1684 895 anima
1712 857 1834 911 quae
1895 854 2022 910 ροσε

439 932 670 996 caverit,
711 932 829 1000 ipsa
861 933 1149 996 morietur,
1168 945 1233 988 'et
1267 949 1376 987 non
1423 933 1569 989 alius
1595 935 1884 1004 quisquam
1918 947 2021 1003 pro

440 1037 502 1075 ea
539 1022 837 1078 sustinebit
867 1022 1140 1092 judicium
1185 1025 1272 1080 vel
1310 1033 1668 1080 tormentum.
1735 1024 1840 1078 Alii
1887 1032 2019 1078 sunt

441 1115 533 1182 qui
579 1114 870 1168 maledicto
917 1115 1052 1185 legis
1098 1115 1439 1181 deserviunt,
1500 1115 1554 1169 hi
1615 1114 2019 1184 videlicet,qui

442 1209 792 1262 liberatorem
819 1207 1100 1263 Christum
1134 1209 1228 1266 Dei
1257 1208 1456 1286 Filium
1492 1224 1598 1262 non
1631 1213 2017 1276 susceperunt.

444 1300 556 1356 Nos
589 1309 771 1354 autem
811 1300 1048 1354 liliorum
1077 1300 1429 1370 adoptionem
1465 1315 1560 1370 per
1589 1299 1766 1368 ipsum
1803 1299 2022 1352 lucran-

447 1401 550 1455 tes,
609 1407 714 1444 ιιοιι
748 1390 1001 1459 spiritum
1029 1390 1316 1445 servitutis
1351 1392 1408 1444 in
1442 1390 1643 1443 timore
1675 1388 2017 1458 accepimus,

445 1485 539 1539 sed
567 1485 825 1554 spiritum
859 1483 1172 1555 adoptionis
1202 1484 1441 1537 llliorum
1463 1483 1516 1536 in
1548 1497 1656 1552 quo
1684 1481 2018 1537 clamamus:

444 1572 600 1626 Abba
626 1567 784 1626 Pater
815 1587 830 1636 ;
858 1572 1048 1640 sicque
1081 1570 1150 1625 de
1187 1581 1387 1625 caetero
1420 1569 1577 1624 liberi
1613 1568 1899 1622 constituti
1928 1583 2024 1621 su-

453 1680 577 1718 mus
605 1663 858 1718 libertate
874 1678 976 1717 cur
999 1663 1256 1718 Christus
1296 1677 1398 1716 nos
1422 1661 1699 1716 liberavit.
1761 1658 1900 1729 Ergo
1927 1667 2021 1712 aut

448 1770 533 1808 me
555 1753 818 1816 cruciate,
851 1753 1131 1824 liliumque
1147 1754 1430 1817 dimittite,
1449 1763 1543 1808 aut
1564 1768 1688 1808 cum
1714 1755 1832 1823 ipso
1854 1753 2021 1808 etiam

445 1861 532 1900 me
562 1844 772 1915 puuite,
801 1860 868 1901 ne
898 1846 1086 1899 vivens
1114 1846 1218 1903 mei
1251 1846 1464 1900 videam
1496 1845 1856 1916 perditionem
1901 1844 2019 1899 lilii.

449 1941 504 1993 Si
541 1956 672 1994 vero
721 1939 860 1994 nihil
911 1939 1110 1994 lterum
1144 1939 1394 2008 patimini
1431 1954 1614 2011 agere,
1651 1939 1854 1994 donate
1891 1937 2021 1991 tuihi

449 2033 648 2086 iterum
708 2046 939 2102 puerqu
975 2039 1280 2086 amatorem
1321 2032 1698 2086 miserationis
1732 2031 1900 2087 Deum
1927 2045 2026 2085 no-

445 2133 619 2178 strum
656 2133 710 2180 et
769 2121 1060 2176 Dominum
1087 2122 1389 2190 imitantes.

516 2214 654 2268 Cum
691 2223 872 2274 autem
915 2217 1030 2275 haec
1059 2224 1113 2272 et
1162 2215 1249 2272 his
1306 2218 1462 2285 plura
1507 2214 1741 2270 dixisset
1774 2213 1840 2268 ad
1880 2228 2027 2266 tuar-

445 2314 617 2376 tyres,
653 2315 710 2360 et
764 2323 865 2378 per
903 2317 1076 2363 letam
1129 2315 1346 2364 noctem
1396 2307 1673 2376 larrymas
1710 2305 2023 2366 obtulisset,

369 2443 379 2453 .
445 2401 724 2454 modicum
751 2400 900 2455 circa
933 2400 1240 2456 diluculum
1286 2398 1648 2462 obdormivit,
1683 2415 1794 2453 non
1851 2398 2022 2451 animi

443 2490 794 2556 defectionis,
826 2499 881 2546 et
918 2491 1122 2548 laboris
1145 2491 1288 2546 victa
1314 2491 1554 2560 sagittis,
1589 2491 1684 2545 sed
1719 2499 1779 2543 ut
1803 2499 2024 2544 sancto-

447 2599 564 2637 ιιιιιι
598 2583 971 2639 visitationem
1004 2584 1296 2654 aspiceret,
1329 2584 1421 2653 qui
1476 2584 1826 2646 assistentes,
1879 2583 2024 2636 sicut

443 2676 705 2730 omnibus
747 2667 930 2732 facere
990 2691 1350 2740 consuevere,
1412 2675 1559 2730 circa
1601 2675 1792 2728 horam
1851 2672 2021 2727 ferme

443 2767 665 2821 tertiam
692 2766 800 2834 diei
830 2767 999 2821 lilium
1035 2765 1273 2822 educere
1302 2784 1353 2819 a-
1378 2765 1579 2834 templo
1627 2764 1938 2833 jusserunt,
1969 2772 2022 2814 et

447 2871 649 2924 ponere
672 2860 774 2915 sub
799 2857 924 2912 divo
957 2859 1197 2912 medium
1229 2858 1282 2911 in
1325 2857 1586 2911 exteriori
1621 2857 1764 2910 atrio
1814 2871 2023 2925 prtere-

447 2957 665 3016 perunt.
699 2949 918 3006 nemine
940 2949 1042 3011 illi,
1069 2936 1171 3004 nec
1206 2951 1322 3020 ipsa
1351 2958 1527 3002 matre
1571 2949 2020 3018 appropinquan-

445 3050 518 3102 te,
556 3037 650 3094 sed
680 3039 986 3105 obsidente,
1034 3041 1250 3106 modico
1308 3039 1635 3109 interposito
1692 3039 1871 3107 spatio
1931 3037 2016 3090 vi-

444 3147 576 3186 sura
641 3132 946 3202 prodigium
991 3132 1138 3202 quod
1193 3119 1311 3193 erat
1372 3133 1427 3186 in
1481 3147 1548 3186 eo
1615 3131 1884 3186 divinitus
1940 3129 2020 3182 l‘a-

2125 657 2265 728 αῦτη
2289 675 2304 689 ο
2349 677 2366 709 ι
2397 659 2459 712 Οἱ
2493 657 2730 729 πατέρες
2751 656 2956 728 ἔφαγον
2995 657 3240 728 ὄμφακα,
3279 661 3375 714 καὶ
3403 663 3451 714 οἱ
3499 664 3713 728 ὀδόντες

2123 749 2236 802 τῶν
2261 749 2469 802 τέκνων
2489 747 2810 819 ῄμωδίασαν
2831 751 2991 802 ἰκαὶ
3025 749 3213 804 λοιπὸν
3245 753 3345 805 οὐκ
3377 753 3535 817 ἄλλος
3567 755 3712 824 ὑπὲρ

2125 841 2310 905 ἄλλου,
2357 839 2475 894 ἀλλ’
2517 840 2749 903 ἕκαστος
2797 840 2938 910 ὑπὲρ
2988 841 3183 894 ἑαυτοῦ
3234 842 3392 912 λόγον
3426 843 3588 907 δώσει
3629 845 3712 915 τῷ

2123 934 2244 1004 Θεῷ
2270 950 2284 964 ·
2332 935 2428 986 καὶ
2473 932 2621 1002 ψυχὴ
2660 935 2694 1002 ή
2728 934 3142 1004 ἁμαρτάνουσα,
3167 935 3303 1006 αὐτή
3328 937 3707 1006 ἀποθανεῖται,

2124 1029 2217 1080 καὶ
2259 1027 2361 1079 οὐκ
2393 1025 2552 1088 ἄλλος
2578 1043 2667 1089 τις
2699 1025 2840 1096 ὑπὲρ
2867 1026 3038 1096 αὐτῆς
3069 1027 3254 1093 ὑφέξει
3299 1028 3454 1098 δίκην
3490 1032 3583 1082 καὶ
3613 1031 3706 1083 κό-

2122 1116 2298 1170 λασιν.
2335 1116 2517 1169 ’Δλλοι
2536 1116 2675 1169 είσὶν
2701 1117 2750 1169 οἱ
2777 1119 2844 1188 τῇ
2867 1117 3085 1186 κατάρα
3112 1118 3207 1170 τοῦ
3238 1119 3403 1187 νόμου
3430 1120 3708 1174 δουλεύονο

2122 1225 2234 1273 τες,
2270 1209 2321 1260 oi
2364 1208 2456 1262 rbv
2487 1207 2857 1279 ὲλευθερωτὴν
2888 1210 3123 1280 Χριστὸν
3151 1211 3242 1264 τὸν
3281 1212 3378 1264 τοῦ
3407 1212 3543 1266 Θεοῦ
3577 1214 3709 1268 Υξὸν

2122 1299 2184 1352 οὗ
2212 1297 2511 1370 δεξάμενοι.
2532 1299 2725 1369 Ἡμεῖς
2753 1299 2810 1352 δὲ
2844 1299 2942 1370 τὴν
2973 1300 3042 1352 δι’
3073 1300 3240 1354 αὑτοῦ
3263 1302 3532 1355 υἱοθεσίαν
3569 1321 3704 1372 κερο

2121 1391 2376 1454 δάναντες
2417 1391 2478 1444 οὐ
2509 1390 2727 1460 πνεῦμα
2775 1391 3018 1454 δουλείας
3060 1393 3138 1456 είς
3186 1393 3350 1462 φόϐον
3399 1394 3705 1464 ὲλάΰομεν,

2121 1483 2258 1536 ἀλλὰ
2275 1483 2494 1554 πνεῦμα
2508 1483 2798 1546 υίοθεσίας,
2820 1484 2878 1538 ὲν
2893 1477 2937 1552 ᾧ
2957 1483 3429 1552 κράζομεν”Λ66ᾶ
3447 1488 3475 1539 ὁ
3493 1488 3642 1557 Πατή
3653 1505 3705 1557 ρ’

2129 1577 2225 1628 καὶ
2254 1577 2316 1628 τὸ
2356 1574 2544 1628 λοιπὸν
2577 1573 2853 1648 ἐλεύθεροι
2885 1570 2919 1650 ᾖ
2951 1576 3184 1646 Χριστὸς
3213 1577 3364 1646 ἡμᾶς
3402 1576 3711 1646 ἠλευθέρω-

2127 1671 2318 1724 σεν.Ἥ
2345 1667 2438 1721 οὖν
2469 1667 2569 1738 ἐμὲ
2612 1657 2880 1722 κολάσατε
2907 1706 2923 1730 ,
2963 1669 3059 1721 καὶ⁸
3110 1667 3172 1720 τὺ
3196 1667 3384 1721 τέκνον
3415 1668 3634 1729 ἐάσατε,
3669 1669 3706 1738 ἦ

2126 1762 2222 1814 σὺν
2271 1760 2418 1830 αὐτῷ
2459 1760 2604 1830 κάμὲ
2647 1760 3058 1831 τιμωρήσασθε,
3093 1760 3180 1813 ἵνα
3223 1760 3298 1830 μὴ
3330 1761 3479 1824 ζῶσα
3519 1761 3707 1832 βλέπω

2122 1849 2221 1904 τοῦ
2255 1849 2390 1922 ἐμοῦ
2430 1851 2618 1914 παιδὸς
2650 1850 2748 1921 τὴν
2783 1850 3060 1905 ἀπώλειαν
3081 1869 3095 1884 ο
3145 1853 3194 1905 εί
3235 1853 3292 1906 δὲ
3323 1853 3527 1907 τούτων
3550 1854 3711 1907 οὐδὲν

2129 1939 2387 2011 ἀνέχεσθε
2434 1940 2857 2012 διαπράξασθαι,
2887 1940 3047 1994 πάλιν
3095 1958 3197 2010 μου
3229 1942 3318 1995 τὸν
3347 1942 3514 1994 παῖδα
3545 1941 3706 2011 χαρί-

2130 2033 2335 2093 σασθε,
2395 2032 2488 2086 τὸν
2545 2033 2822 2101 φίλοικτον
2875 2033 3006 2086 Θεὸν
3058 2035 3152 2086 xui.
3198 2035 3476 2103 Δεσπότην
3549 2034 3710 2103 ὑμῶν

2128 2127 2259 2194 ὲκμι
2267 2124 2367 2194 μού
2376 2129 2547 2194 μενοι.

2199 2214 2385 2268 Ταῦτα
2439 2215 2531 2267 καὶ
2577 2213 2782 2266 τούτων
2830 2213 3048 2266 πλείονα
3095 2215 3232 2284 πρὸς
3267 2215 3392 2284 τοὺς
3420 2215 3708 2287 μάρτυρας

2127 2305 2380 2374 λέγουσα,
2413 2306 2508 2359 καὶ⁵
2553 2304 2620 2358 δι’
2653 2305 2782 2374 ὅλης
2814 2305 3010 2368 νυκτὸς
3059 2305 3302 2376 φέρουσα
3326 2307 3558 2377 δάκρυα,
3613 2323 3709 2376 μι·

2127 2395 2259 2466 κρὸν
2309 2395 2438 2464 περὶ
2473 2394 2567 2446 τὸν
2598 2394 2792 2465 ὄρθρον
2824 2392 3143 2462 ἀφύπνωσε,
3191 2395 3292 2448 οὑκ
3332 2395 3575 2464 ἀθυμίας
3607 2399 3708 2448 καὶ

2124 2487 2294 2540 κόπου
2349 2484 2632 2553 νικηθεῖσα
2683 2487 2796 2546 τοῖς
2826 2483 3056 2553 βέλεσιν,
3107 2484 3224 2538 ἀλλ’
3264 2485 3353 2539 ῖνα
3378 2485 3486 2538 τῶν
3529 2483 3706 2553 ἀγίων

2124 2578 2308 2633 θεάσοι
2349 2576 2444 2646 τὴν
2496 2574 2821 2644 ἐπίσκεψιν·
2879 2575 2930 2628 οἳ
2982 2577 3378 2646 παραστάντες,
3411 2576 3488 2640 ὡς
3533 2579 3706 2630 πᾶσιν

2124 2668 2399 2730 εἰώθασιν,
2431 2667 2504 2730 ὡς
2529 2667 2658 2738 περὶ
2693 2665 2843 2737 ὤραν
2866 2667 3056 2736 τρίτην
3081 2667 3180 2737 τῆς
3199 2668 3413 2738 ἡμέρας
3445 2668 3538 2722 τὸν
3572 2669 3705 2722 Tib»

2123 2758 2324 2824 ἑξοῖσαι
2341 2757 2434 2812 τοῦ
2456 2757 2716 2828 τεμένους
2739 2758 3060 2823 ἐκέλευσαν,
3087 2761 3182 2812 καὶ
3209 2758 3396 2814 θέσθαι
3428 2758 3594 2829 μέσον
3619 2760 3702 2824 εἰς

2121 2853 2180 2906 rb
2223 2849 2488 2921 ἐξώτερον
2540 2849 2808 2920 ὕπαιθρον
2833 2849 3223 2921 προσέταττον,
3278 2851 3508 2922 μηδενὸς
3543 2851 3698 2921 αύτῷ

2120 2940 2574 3012 προσεγγίζοντος
2600 2980 2615 3006 ,
2650 2940 2788 3010 μηδὲ
2831 2940 2932 3010 τῆς
2959 2940 3224 3011 τεκούσης
3256 2941 3446 3011 αὐτῆς,
3488 2941 3605 2996 ἀλλ’
3633 2943 3701 2996 έκ

2124 3031 2320 3104 μικροῦ
2370 3033 2739 3102 διαστήματος
2783 3031 3304 3103 παρακαθέζεσθαι,
3345 3033 3441 3085 καὶ
3471 3031 3702 3104 θεωρεῖν

2121 3128 2184 3182 rb
2208 3127 2533 3198 γιγνόμενον
2565 3129 2653 3180 ἐπ’
2675 3127 2825 3198 αύτῷ
2849 3127 3032 3181 θεόθεν
3054 3127 3356 3196 τεράστιον.
3387 3128 3497 3180 Καὶ
3524 3126 3702 3189 ταῦτα

444 3222 727 3295 ciendum.
788 3222 855 3276 Et
893 3222 1005 3276 hare
1043 3223 1268 3292 quidem
1299 3223 1562 3288 dixerunt
1620 3231 1916 3292 martyres,
1962 3230 2016 3274 et

2128 3223 2224 3291 μὲν
2265 3217 2420 3274 εἷπον
2459 3221 2510 3273 oi
2551 3221 2827 3292 μάρτυρες
2855 3260 2870 3284 ,
2923 3220 3018 3274 καὶ
3058 3221 3305 3284 εἰπόντες
3350 3221 3700 3291 ἀπέπτησαν.

443 3316 697 3370 dicentes
747 3316 1126 3371 avolaverunt.
1181 3315 1453 3370 Dorothea
1511 3331 1637 3375 vero
1676 3329 1770 3383 per
1799 3313 1913 3381 jam
1939 3311 2021 3365 di-

451 3413 594 3472 etam
628 3404 817 3458 horam
872 3407 1216 3460 sanctionem
1241 3406 1458 3476 agebat,
1499 3418 1838 3474 puerumque
1891 3418 2022 3458 sus-

450 3503 669 3574 ceptum
717 3497 908 3552 eduxit
936 3514 966 3552 e
1002 3498 1227 3568 templo,
1263 3506 1322 3553 et
1377 3497 1430 3552 in
1467 3497 1731 3568 prtcdicto
1769 3496 1890 3552 loco
1937 3509 2024 3548 re-

451 3591 707 3652 cumbere
737 3588 892 3652 fecit,
925 3590 1028 3645 hac
1058 3591 1262 3660 illaque
1312 3588 1648 3645 creberrime
1683 3587 2019 3649 volutatum,

456 3680 584 3747 quia
616 3679 802 3734 multis
819 3681 1041 3750 quidem
1071 3681 1208 3736 mori
1235 3679 1690 3752 exspectabatur,
1712 3677 1812 3733 sed
1844 3691 1873 3730 a
1903 3693 2020 3741 tua-

454 3788 536 3828 tre
564 3773 747 3838 vivere
797 3773 1144 3840 credebatur.
1473 3839 1482 3847 .

519 3863 693 3918 Porro
723 3879 846 3918 cum
880 3865 1057 3920 media
1093 3865 1251 3934 quasi
1285 3863 1422 3919 hora
1448 3863 1806 3935 praeterisset,
1871 3868 2025 3932 post-

449 3974 614 4027 quam
645 3973 785 4028 puer
817 3957 1022 4013 ibidem
1075 3957 1350 4022 recubuit,
1385 3954 1743 4010 multitudine
1797 3955 2022 4024 c0piosa

451 4036 660 4115 praesto.
697 4048 1012 4116 assistente,
1046 4056 1210 4117 atque
1257 4053 1615 4116 permanente
1661 4044 1849 4099 visura
1897 4057 2025 4113 pro-

453 4148 704 4204 ventum,
739 4155 868 4200 ecce
899 4125 1173 4196 dracaena.
1209 4151 1330 4206 qua
1363 4151 1525 4190 ovum
1559 4135 1691 4191 illud
1725 4151 2026 4207 generave-

449 4242 560 4296 rat,
593 4219 757 4300 hujus
784 4230 991 4298 faciens
1012 4228 1451 4296 inquisitionem,
1483 4244 1680 4297 repens
1710 4239 1765 4283 et
1792 4227 2025 4282 sibilans

450 4326 624 4390 venit,
678 4335 949 4390 revocans
1008 4321 1059 4375 id
1121 4336 1272 4376 more
1323 4319 1593 4385 mulieris,
1647 4335 1769 4390 qua
1823 4321 2026 4375 amisso

451 4413 680 4489 parvulo
717 4428 840 4466 cum
893 4410 1098 4481 cjulatu
1134 4419 1188 4466 et
1216 4421 1410 4482 cocyto
1455 4410 1633 4465 facere
1669 4412 1890 4467 allectat
1930 4410 2026 4466 de-

450 4505 671 4566 siderati
724 4502 1072 4574 scrutinium.
1107 4501 1172 4556 Et
1200 4503 1524 4558 exteriorem
1553 4505 1770 4571 ianuam
1805 4501 2025 4558 eviden-

2135 3309 2388 3383 Δωροθέα
2432 3309 2488 3364 δὲ
2535 3310 2679 3364 κατά
2736 3311 2835 3383 τὴν
2869 3312 3152 3382 λεχθεῖσαν
3183 3313 3333 3384 ὥραν
3360 3312 3490 3384 ἕδρα
3520 3312 3584 3364 rb
3611 3310 3706 3364 θέ-

2126 3419 2366 3474 σπισμα,
2397 3402 2492 3456 καὶ
2517 3403 2610 3456 τὸν
2634 3403 2802 3457 παῖδα
2818 3403 3075 3469 λαϐοῦσα,
3096 3404 3190 3457 τοῦ
3216 3405 3474 3475 τεμένους
3503 3403 3705 3474 ἐξήγα-

2124 3511 2240 3564 γεν,
2283 3495 2380 3548 καὶ⁷
2410 3496 2470 3548 ἐν
2511 3494 2590 3566 τῷ
2633 3494 2854 3566 ῥηθέντι
2891 3495 3042 3566 τύπῳ
3084 3496 3422 3560 κατέκλινεν,
3446 3495 3576 3549 ἔνθα
3607 3497 3708 3549 καὶ

2125 3589 2255 3644 ἔνθα
2301 3588 2539 3660 συνεχῶς
2581 3587 3016 3659 κυλινδούμενον,
3065 3587 3303 3651 καὶτοῖς
3331 3589 3428 3659 μὲν
3475 3587 3699 3653 πολλοῖς

2127 3681 2310 3734 θανεῖν
2344 3679 2792 3753 προσδοκώμενον
2813 3721 2827 3746 ,
2857 3683 2926 3753 τῇ
2962 3680 3018 3734 δὲ
3056 3681 3224 3752 μητρὶ
3253 3679 3351 3752 ζῇν
3375 3680 3707 3750 πιστευόμε-

2127 3791 2236 3829 νον.

2206 3866 2295 3934 ᾯς
2321 3864 2593 3936 ήμιωρίου
2621 3864 2676 3918 δὲ
2701 3865 2902 3935 μικροῦ
2927 3863 3465 3936 διοδεύσαντος,μετὰ
3489 3863 3591 3933 τὴν
3617 3879 3710 3930 γε.

2125 3956 2359 4027 νομένήν
2392 3957 2572 4010 ἐκεῖσε
2599 3956 2790 4010 τούτου
2823 3957 3176 4020 κατάκλισιν,
3227 3956 3469 4027 πλήθους
3499 3955 3707 4009 πολλοῦ

2127 4047 2499 4116 παρεστῶτος,
2541 4048 2926 4119 περιμένοντος
2977 4049 3103 4102 ίδεῖν
3131 4047 3230 4118 τὴν
3265 4048 3554 4110 ἀπόϐασιν,
3590 4047 3708 4100 ἰδοὺ

2125 4143 2158 4214 ή
2179 4140 2238 4194 rb
2258 4141 2363 4194 ὠὸν
2383 4143 2558 4194 έκεῖνο
2576 4141 2884 4212 γεννήσασα
2903 4142 3185 4211 δράκαινα,
3201 4142 3391 4196 τούτου
3410 4140 3709 4216 ποιουμένη

2125 4236 2225 4305 τὴν
2251 4233 2500 4305 ζήτησιν,
2546 4234 2794 4304 ἓρπουσά
2826 4230 2885 4287 τε
2926 4235 3020 4288 καὶ
3049 4235 3373 4305 συρίττουσα
3404 4233 3711 4304 παραγίνε-

2126 4342 2237 4390 ται,
2269 4323 2614 4379 ἀνακαλοῦσα
2644 4325 2788 4380 καθά
2817 4325 2911 4396 καὶ
2953 4324 3089 4394 γυνὴ
3114 4326 3306 4394 νήπιον
3328 4324 3708 4392 ἀπολλύμενον

2130 4417 2227 4468 σὺν
2257 4413 2485 4485 ὀλολυγῇ
2514 4413 2608 4466 καὶ
2659 4413 2891 4484 κωκυτῷ
2921 4413 3190 4467 ποιεῖσθαι
3216 4414 3362 4482 φιλεῖ
3387 4412 3480 4466 τοῦ
3508 4413 3709 4464 ποθου-

2133 4506 2292 4576 μένου
2326 4506 2426 4577 rip:
2463 4504 2713 4576 ἔρευναν.
2760 4505 2871 4558 Καὶ
2906 4503 3007 4574 τῆς
3042 4505 3147 4569 ἔξω
3193 4505 3364 4576 θύρας
3408 4504 3708 4574 προφανῶς

453 4605 536 4666 ter
568 4595 811 4664 ingressa
858 4601 1128 4648 astantem
1182 4595 1438 4664 populum
1495 4593 1792 4664 separavit,
1862 4601 1916 4648 et
1969 4595 2021 4648 in

2131 4597 2392 4659 ἐλάσασα,
2431 4596 2525 4650 καὶ
2571 4595 2663 4648 τὸν
2700 4595 2988 4665 ἐφεστῶτα
3024 4578 3161 4649 λεὼν
3209 4595 3570 4666 διαστήσασα,
3605 4596 3708 4648 καὶ

451 4684 633 4754 fugam
685 4700 807 4750 mox
851 4694 910 4738 ut
958 4686 1073 4739 visa
1102 4693 1186 4740 est
1225 4687 1406 4752 vertit,
1447 4687 1514 4741 ad
1555 4701 1892 4757 puerumque
1921 4701 2022 4740 cu-

448 4777 626 4838 currit
657 4776 958 4843 inllrmum,
999 4787 1053 4832 et
1088 4777 1235 4833 hunc
1300 4763 1617 4848 frequenter
1666 4778 2029 4847 circumiens,

450 4869 612 4939 modo
659 4869 878 4940 quidem
915 4870 980 4924 ad
1021 4887 1208 4926 aurem
1242 4873 1584 4944 susurrabat,
1643 4871 1807 4925 modo
1841 4879 2022 4924 autem

447 4963 528 5016 ori
558 4962 1050 5032 appropinquabat,
1083 4974 1136 5019 et
1193 4963 1360 5017 lilium
1391 4964 1573 5034 quiete
1611 4963 1862 5025 vocabat,
1922 4961 2024 5014 ali-

447 5053 573 5110 cubi
604 5045 858 5110 deorsum
885 5055 1179 5126 jaeeutem,
1218 5063 1272 5110 et
1302 5055 1354 5109 itt
1394 5065 1584 5110 ventre
1611 5055 1763 5124 ptteri
1789 5068 2023 5117 conver-

449 5157 686 5213 santem.
741 5147 844 5214 Qui
898 5161 1220 5219 prasentem
1267 5150 1510 5218 sentiens
1562 5139 1891 5211 matrem,et
1923 5150 2018 5202 hu-

443 5241 536 5308 jus
570 5231 774 5313 slbilos'
836 5255 1254 5310 recognoscens,
1290 5243 1495 5297 cursim
1551 5242 1817 5306 ascendit,
1862 5249 1916 5295 et
1954 5240 2020 5294 ad

449 5330 623 5398 ipsum
654 5346 749 5400 per
777 5345 838 5385 os
866 5332 996 5396 exit,
1038 5341 1294 5402 tanquam
1351 5335 1516 5390 semel
1573 5342 1734 5392 natus
1779 5343 1832 5387 et
1881 5332 2021 5408 ultra

450 5409 502 5476 in
565 5432 751 5478 ventre
801 5424 926 5499 jure
982 5411 1155 5479 teneri
1227 5427 1456 5496 uolens;
1522 5427 1632 5495 imo
1702 5436 2020 5499 sanctorum

454 5498 818 5582 pra-ceptum.
855 5529 1180 5598 agnosqcus,
1254 5517 1358 5571 hoc
1410 5517 1556 5570 enim
1607 5519 1788 5574 dicere
1849 5517 2022 5587 magis

451 5604 596 5676 pium
625 5621 641 5671 ;
679 5606 765 5660 cui
797 5617 852 5660 et
885 5622 1082 5680 parens
1102 5607 1382 5674 famulata,
1418 5611 1484 5665 ad
1512 5612 1684 5676 ipsius
1709 5610 2020 5680 inquisitio-

452 5711 574 5748 nem
643 5699 970 5766 compendio
1037 5711 1446 5769 properaverat,
1506 5714 1558 5756 et
1605 5704 1853 5773 geniuten
1909 5703 2020 5772 jatu

454 5800 676 5839 manere
726 5786 780 5839 in
813 5787 1139 5854 visceribus,
1165 5793 1328 5845 etiam
1358 5795 1402 5847 si
1439 5796 1617 5857 vellet,
1657 5810 1762 5846 non
1790 5803 2018 5862 poterat.

451 5871 584 5938 Cum
635 5885 814 5929 autem
863 5877 1096 5947 genitrix
1148 5898 1270 5937 cum
1328 5885 1544 5939 vidisset
1606 5887 1671 5940 ab
1719 5901 1811 5938 ore
1873 5888 2019 5955 put-ri

2134 4689 2270 4759 πρὸς
2314 4685 2490 4756 φυγὴν
2520 4685 2673 4755 παρὰ
2712 4685 2780 4738 τὰ
2826 4685 3090 4757 προοίμια
3133 4685 3400 4755 τρέψασα,
3432 4684 3571 4756 πρὸς
3610 4685 3706 4737 τὸν

2130 4781 2295 4845 παῖδα
2331 4779 2515 4852 τρέχει
2543 4779 2633 4832 τὸν
2668 4778 2967 4851 ἄρρωστον,
3013 4779 3107 4832 καὶ
3144 4777 3333 4831 τοῦτον
3367 4775 3577 4846 πυκνῶς
3607 4794 3711 4829 πει

2133 4875 2404 4947 ριθέουσα,
2428 4873 2556 4926 ποτὲ
2577 4873 2674 4943 μὲν
2704 4873 2836 4941 πρὸς
2859 4871 2920 4924 rb
2947 4866 3040 4934 οὖς
3063 4869 3362 4940 ἐψιθύριζε,
3390 4869 3519 4922 ποτὶ
3623 4867 3709 4949 τῷ

2132 4971 2360 5040 στόματι
2411 4967 2837 5039 προσεπέλαζεν,
2884 4965 3108 5019 καὶτὸν
3157 4965 3272 5017 υἱὸν
3329 4963 3572 5034 ήσυχίηως
3609 4963 3707 5025 ἀνθ
3771 4993 3783 5004 -

2130 5057 2329 5130 έκραζε
2349 5059 2498 5113 κάτω
2519 5073 2619 5110 που
2653 5055 2923 5126 κείμενον,
2947 5056 3040 5108 καὶ
3067 5057 3133 5126 τῇ
3157 5055 3354 5124 γαστρὶ
3382 5051 3479 5106 τοῦ
3510 5051 3708 5115 παιδὸς

2130 5151 2542 5223 ὲντρεφόμενον.
2571 5150 2669 5212 ’ος
2710 5147 2992 5219 παρούσης
3023 5147 3123 5217 τῆς
3153 5146 3356 5216 μητρὸς
3377 5143 3709 5212 ἐπαισθόμε-

2130 5261 2239 5310 νος,
2270 5245 2365 5296 καὶ
2409 5242 2481 5296 τὰ
2515 5240 2720 5311 ταύτης
2761 5241 3034 5310 γνωρίσας
3083 5238 3416 5310 συρέσματα,
3442 5235 3709 5307 δρομαῖος

2129 5336 2439 5406 ἀνέρχεται,
2471 5335 2566 5388 καὶ
2589 5335 2722 5403 πρὸς
2755 5334 2926 5403 αὐτὴν
2951 5331 3039 5384 διὰ
3057 5331 3152 5384 τοῦ
3187 5331 3452 5401 στόματος
3481 5328 3706 5394 ἔξεισιν,

2129 5428 2205 5491 ὡς
2228 5427 2372 5493 ἅπαξ
2413 5424 2626 5496 τεχθεὶς
2662 5424 2758 5477 καὶ
2787 5424 3069 5493 κυοφορεῖν
3114 5419 3310 5493 μηκέτι
3337 5417 3659 5489 βουλόμενος
3688 5433 3704 5447 ·

2133 5519 2332 5588 μᾶλλον
2360 5519 2416 5571 δὲ
2446 5518 2556 5571 τῶν
2581 5516 2750 5584 ἁγίων
2779 5517 2941 5584 γνοὺς
2967 5514 3028 5567 τὸ
3058 5514 3338 5582 ἐπίταγμα
3387 5510 3566 5580 (τοῦτο
3593 5507 3708 5578 γὰρ

2131 5603 2302 5662 εἰπεῖν
2349 5608 2736 5679 εὐσεϐέστερον
2759 5647 2773 5670 ,
2812 5599 2856 5674 ᾧ
2890 5605 2985 5659 καὶ
3019 5607 3052 5674 ή
3085 5603 3319 5657 τεκοῦσα
3353 5601 3707 5664 δουλεύουσα,

2133 5702 2266 5771 πρ³ις
2297 5701 2394 5769 τὴν
2417 5699 2584 5754 αὑτοῦ
2609 5699 2888 5768 συντόμως
2911 5697 3135 5765 ἀφίκετο
3157 5694 3432 5765 ζήτησιν),
3463 5692 3558 5746 καὶ
3591 5692 3709 5744 λοι-

2140 5790 2240 5845 πλν
2291 5793 2473 5862 μένειν
2503 5793 2844 5863 ἔγγάστριος,
2886 5788 2979 5843 καὶ
3007 5791 3056 5842 εἰ
3088 5788 3348 5866 βούλοιτο,
3370 5785 3446 5856 μὴ
3480 5784 3711 5853 δυνάμε-

2133 5903 2239 5947 νος.
2284 5885 2695 5954 Ἐκπηδήσαντα
2730 5884 2783 5936 δὲ
2812 5883 2903 5936 τοῦ
2941 5882 3204 5954 στόματι),
3231 5879 3305 5944 ὡς
3341 5879 3447 5932 ίδεν
3483 5876 3644 5931 αὐτὸν
3671 5882 3708 5954 ή
