4020 6204
375 388 507 455 3M1

1369 387 1471 447 SS.
1503 385 1678 445 CYRI
1712 384 1806 445 ET
1845 382 2170 446 JOANNIS
2191 382 2603 442 MIRACULA.

3493 372 3634 436 3542

375 505 704 572 γεννήσασα,
763 502 860 556 καὶ
911 503 984 565 ὡς
1039 502 1170 556 αὐτὸ
1211 503 1476 573 τυγχάνον
1526 502 1845 572 γνωρίσασα
1891 499 1951 552 τὸ

2074 513 2418 576 :xsilientem,
2448 521 2500 566 et
2533 513 2710 582 ipsum
2736 525 2860 566 esse
2881 509 3133 580 genimen
3157 506 3460 579 proprium,
3485 506 3632 575 quod

379 595 576 646 οἰκεῖον
617 593 708 644 καὶ
736 593 867 662 παρ’
901 593 1074 663 αὐτῆς
1107 593 1441 662 ζητούμενον
1464 595 1729 661 γέννημα,
1765 591 1954 644 ἀνελο-

2074 619 2091 656 ι
2137 618 2196 657 se
2230 604 2630 672 inquirebatur,
2679 615 3011 672 agnoscens,
3049 607 3269 667 stnnpto
3298 612 3385 660 eo,
3420 611 3544 649 mox
3580 606 3640 649 ut

385 682 522 752 μένη
559 699 619 734 τε
667 681 861 735 θᾶττον
889 683 1019 736 αὐτὸ
1069 685 1167 738 σὺν
1197 687 1264 754 τῇ
1291 685 1388 755 θέᾳ
1412 683 1486 754 τῷ
1514 685 1765 754 στόματι,
1800 700 1956 754 σκιρ-

384 776 533 829 τῶσα
558 775 650 828 καὶ
678 775 944 846 χαίρουσα
985 775 1124 844 πρὸς
1169 777 1260 829 τὸν
1287 777 1458 848 αὐτῆς
1502 778 1707 846 φωλεὸν
1741 776 1949 845 ἀνεχώ-

387 882 573 933 ρησεν.
602 865 760 918 Κατὰ
795 864 983 918 τοῦτον
1009 866 1099 920 τὸν
1123 867 1322 936 τρόπον
1354 867 1447 920 καὶ
1477 868 1729 938 Δωροθέσ.
1767 867 1828 918 τὸ
1857 866 1958 933 γύ-

384 970 552 1019 νάιον,
579 955 669 1007 τὸν
689 954 890 1025 ἑαυτῆς
918 956 1032 1008 υἱὸν
1054 957 1396 1028 παραχρῆμα
1416 958 1690 1029 ρωσθέντα
1712 957 1960 1010 Καλλίνι-

387 1061 504 1109 κον,
539 1045 679 1114 μετὰ
726 1047 826 1116 τὴν
865 1047 961 1101 τοῦ
989 1049 1366 1120 δρακοντιαίου
1398 1052 1732 1120 γεννήματος
1759 1049 1958 1115 ἔξοδον,

392 1137 717 1208 ἀνελομένη,
763 1141 858 1193 καὶ
905 1143 1002 1195 σὺν
1027 1142 1179 1211 αὑτῷ
1205 1143 1302 1213 τὴν
1344 1143 1503 1214 χάριν
1529 1147 1638 1205 τοῖς
1666 1145 1962 1196 σεσωκόσιν

387 1233 588 1304 ᾅσασαο
609 1236 899 1305 μάρτυσιν,
933 1237 1274 1309 ἀγαλλομένη
1313 1243 1408 1292 καὶ
1437 1238 1702 1310 χαίρουσα
1749 1239 1846 1308 τήν
1881 1241 1963 1301 είς

389 1323 543 1376 πόλιν
586 1325 704 1378 ὁδὸν
729 1327 1042 1396 ἐποιήσατο.
1082 1328 1142 1381 Ἠ
1185 1329 1242 1382 δὲ
1287 1331 1409 1384 τότε
1441 1332 1688 1403 παροῦσα
1728 1331 1956 1401 πληθὺς,

2063 695 2200 749 vidit
2228 697 2281 748 in
2319 710 2434 757 ore,
2473 694 2760 749 exsultans
2785 704 2838 748 et
2871 693 3117 764 gaudens
3149 690 3218 756 ad
3253 689 3490 743 latebras
3511 703 3640 741 snas

2063 786 2310 839 recessit.
2358 783 2468 837 lloe
2517 783 2679 837 modo
2707 792 2762 838 et
2812 782 3084 838 Dorothea
3131 781 3330 835 mulier
3375 779 3641 834 Callinico

2069 879 2178 932 lilio
2208 893 2309 932 suo
2343 885 2463 946 post
2495 877 2831 932 dracontalis
2859 876 3150 948 geniminis
3174 877 3402 937 exitum,
3438 875 3643 944 sospite

2067 985 2188 1023 mox
2227 979 2463 1038 recepto,
2495 984 2620 1023 cum
2643 983 2708 1024 eo
2730 971 2936 1036 gratias
2963 968 3293 1024 sanantibus
3328 967 3473 1020 hunc
3500 981 3644 1019 mar-

2067 1062 2280 1132 tyribus
2313 1062 2614 1116 concinens
2642 1061 3021 1125 etexsultaus,
3043 1059 3266 1124 domum
3294 1074 3420 1114 cum
3446 1057 3644 1128 gaudio

2065 1153 2352 1209 remeavit.
2406 1151 2578 1207 l’orro
2614 1153 2926 1218 multitudo,
2958 1161 3080 1222 qua;
3128 1165 3370 1222 praesens
3428 1149 3642 1211 aderat,

2066 1245 2364 1314 inspeetrix
2396 1245 2589 1302 clTecta
2639 1246 2914 1309 miraculi,
2960 1245 3275 1317 evangelica
3303 1258 3436 1298 voce
3465 1243 3646 1296 conti-

2058 1351 2166 1388 nuo
2182 1337 2414 1391 cecinit:
2443 1337 2599 1403 Vere,
2618 1339 2887 1402 dicentes,
2907 1335 3146 1391 vidimus
3163 1333 3432 1389 mirabilia
3461 1331 3643 1387 hodie.

390 1414 593 1486 θεωρὸς
633 1418 902 1489 γενομένη
946 1419 1041 1472 τοῦ
1076 1420 1370 1486 θαύματος,
1399 1422 1496 1491 τὴν
1524 1425 1580 1474 ἐν
1613 1422 1962 1490 Βύαγγελέοις

2074 1425 2140 1480 )h
2156 1443 2296 1495 quae,
2319 1428 2483 1483 Deum
2501 1439 2551 1483 et
2574 1439 2868 1500 martyras,
2889 1437 2947 1482 ut
2968 1437 3079 1482 erat
3101 1425 3361 1497 possibile
3376 1423 3648 1486 collauda-

389 1506 574 1575 φωνὴν
608 1506 952 1578 ὲκελάδησεν,
984 1512 1216 1576 ’οντως,
1246 1513 1512 1580 λέγοντες,
1536 1513 1755 1581 εἴδαμεν
1785 1514 1962 1580 παρά·

2074 1519 2156 1572 vit.
2191 1519 2326 1574 Cum
2343 1536 2446 1589 qua
2465 1529 2518 1574 et
2547 1535 2669 1586 nos,
2697 1519 3022 1574 decentibus
3038 1516 3262 1572 Christo
3291 1513 3400 1570 Deo
3433 1522 3628 1567 nostra

391 1596 518 1660 δοξα
556 1599 796 1667 σήμερον
830 1619 842 1629 ’
879 1603 964 1670 ἐφ’
988 1598 1068 1666 οἷς
1089 1604 1222 1656 Θεὸν
1245 1621 1302 1656 τε
1334 1605 1426 1656 καὶ
1462 1604 1746 1673 μάρτυρας
1778 1605 1854 1666 ὡς
1877 1599 1967 1656 οἷά

2074 1610 2320 1664 audibus
2375 1613 2695 1682 sanctisque
2726 1612 2902 1681 ipsius
2958 1611 3159 1665 oblatis
3198 1606 3555 1678 martyribus,
3580 1604 3647 1656 ad

390 1707 446 1741 τε
465 1686 530 1759 ἦν
560 1692 914 1765 ἀνευφήμησε
943 1712 956 1726 ο
982 1695 1102 1766 μεθ’
1125 1692 1192 1769 ἦς
1230 1699 1325 1750 καὶ
1354 1701 1512 1768 ἡμεῖς
1530 1698 1630 1760 τάς
1664 1697 1967 1768 πρεπῶδεις

2074 1702 2356 1770 proposita:
2378 1703 2700 1757 intentionis
2729 1701 3148 1773 pr0perabimus
3178 1698 3644 1768 supplementum.

389 1786 662 1856 εύφημίας
684 1788 904 1859 Χριστῷ
929 1790 1007 1860 τῷ
1035 1790 1154 1860 Θεῷ
1197 1791 1356 1862 ήμῶν
1396 1793 1487 1843 καὶ
1518 1793 1628 1852 τοῖς
1651 1792 1828 1858 ἁγίοις
1859 1788 2024 1842 αὑτοῦ
2055 1794 2440 1862 προσοίσαντες
2502 1796 2794 1867 μάρτυσιν,
2852 1795 2988 1868 πρὸς
3043 1794 3144 1865 τήν
3208 1792 3302 1846 τοῦ
3363 1787 3652 1862 προτεθέν-

390 1897 479 1943 τος
500 1880 706 1935 σκοποῦ
741 1882 1032 1954 βαδιοΰμεν
1064 1885 1434 1956 ἐκπλήρωσιν.

389 2005 509 2056 AE'.
538 2007 673 2074 Περὶ
702 2006 991 2089 Θεοφίλου
1018 2006 1122 2058 τοῦ
1154 2004 1272 2089 άπὸ
1293 2007 1540 2089 μαγείας
1558 2001 1957 2068 συνδεθέντος

2074 2016 2282 2072 XXXV.
2349 2019 2423 2074 De
2478 2019 2762 2087 Theophila
2822 2019 2915 2089 qui
2981 2036 3014 2072 a
3077 2019 3254 2088 magia
3311 2013 3554 2070 ntam'bus
3599 2022 3648 2068 et

735 2073 839 2142 tiri;
860 2075 1061 2144 χεῖρας
1092 2077 1187 2129 καὶ
1222 2075 1362 2140 τοὺς
1394 2073 1603 2140 πόδας.

456 2170 780 2238 Θαυμαστὸς
814 2173 842 2222 ὁ
873 2171 1129 2241 Θεόφιλος
1151 2169 1388 2239 ἀληθῶς,
1411 2172 1502 2223 καλ⁹
1526 2170 1836 2240 θαυμαστὸν
1868 2169 1962 2222 καὶ

387 2263 448 2315 τὸ
495 2261 621 2315 κατ’
657 2262 818 2315 αὐτόν
865 2265 985 2314 ἐστι
1017 2261 1302 2332 διήγημα⁹
1355 2261 1448 2313 καὶ
1483 2261 1622 2329 τάχα
1673 2259 1760 2311 διὰ
1805 2256 1961 2309 τοῦτο

392 2356 693 2408 τελευταῖον
743 2358 876 2424 ἡμῖν
915 2355 1108 2408 ἑαυτὸν
1141 2353 1479 2425 διετήρησεν,
1518 2353 1717 2422 μᾶλλον
1761 2351 1818 2404 δὲ
1862 2351 1961 2404 οὐκ

389 2447 549 2511 αὐτὸς
572 2448 764 2501 ἑαυτὸν
790 2446 916 2500 θστε
927 2455 1017 2517 ρον
1042 2447 1268 2516 ἢγαγεν,
1291 2445 1408 2499 ἀλλ’
1434 2446 1482 2498 oi
1515 2444 1806 2510 θαυμάσιοι
1830 2443 1964 2512 μάρ-

377 2556 565 2610 τυρες.
597 2539 920 2592 Τελευταῖον
959 2538 1016 2591 δὲ
1061 2538 1221 2608 μόνον
1278 2537 1386 2591 τῶν
1429 2537 1514 2589 ἐπ’
1557 2533 1963 2604 Ἀλεξανδρεῦσι

385 2634 705 2704 γραφέντων
734 2634 1058 2702 εἰρήκαμεν,
1092 2632 1180 2685 ἵνα
1224 2633 1318 2686 καὶ
1355 2631 1422 2683 τὰ
1463 2629 1804 2701 προλαϐόντα
1835 2627 1967 2681 θαύ-

281 2765 290 2781 ,
387 2743 530 2797 ματα
562 2724 975 2787 καλλωπίσειεν,
994 2725 1090 2778 καὶ
1119 2723 1387 2786 πλουσίως
1419 2721 1685 2792 εὐφραίνῃ
1711 2721 1804 2773 καὶ
1826 2720 1962 2790 λαμο

384 2817 540 2888 πρῶς
578 2818 700 2879 τοὺς
731 2814 1050 2879 ἀκούοντας,
1087 2814 1182 2867 καὶ
1206 2815 1345 2884 πρὸς
1370 2813 1533 2866 αὑτὸν
1563 2812 1650 2865 ἀεὶ
1675 2813 1784 2864 πᾶν
1808 2811 1837 2864 ὃ
1860 2813 1963 2881 ὲμ-

389 2908 691 2978 πεφόρευτο
724 2905 909 2976 ἑτέρου
939 2907 1125 2976 γραφῇ
1155 2908 1230 2974 μὴ
1268 2905 1620 2976 σκεπόμενος.
1657 2903 1966 2972 Ἀγασάμε-

385 3016 470 3052 νοι
502 2999 679 3052 τοίνυν
729 2998 824 3051 καὶ
863 3000 1026 3067 ἡμεῖς
1066 2996 1228 3052 αὑτὸν
1277 2996 1378 3066 τῆς
1415 2995 1701 3060 συνέσεως,
1745 2994 1813 3048 τά
1844 2994 1965 3046 κατ’

387 3091 552 3144 αὑτὸν
589 3091 945 3162 διηγούμεθα,
1000 3090 1267 3160 στέφανον
1313 3090 1477 3144 αὐτὸν
1515 3087 1827 3158 θαυμαστὸν
1855 3089 1967 3150 τοῖς

386 3185 780 3254 προγραφεῖσιν
806 3183 1120 3250 ἐπάγοντεςο
1157 3182 1214 3235 '0
1230 3183 1326 3248 τῆς
1355 3181 1765 3252 μισανθρωπίας
1787 3179 1968 3250 πατὴρ

387 3277 484 3329 καὶ
512 3275 613 3343 τῆς
649 3275 1002 3346 μισαδελφίας
1030 3274 1369 3338 διδάσκαλος,
1401 3277 1429 3328 ὁ
1456 3275 1513 3341 ἐξ
1547 3276 1721 3344 ἀρχῆς
1756 3272 1964 3342 πλανή-

2535 2089 2754 2160 pedibus
2787 2091 2990 2143 vinctus
3016 2098 3115 2143 est.

2135 2184 2400 2240 Miraliilis
2452 2201 2579 2241 vere
2633 2185 2997 2256 TheOphilus,
3046 2183 3316 2238 mirabilis
3370 2189 3453 2237 est
3497 2189 3551 2237 ct
3580 2177 3649 2233 de

2063 2277 2184 2348 ipso
2211 2278 2472 2332 narratio.
2523 2276 2588 2331 Et
2640 2277 2781 2332 forte
2816 2277 3028 2331 idcirco
3063 2262 3430 2330 novissimum
3487 2273 3645 2327 nobis

2065 2383 2186 2423 sese
2233 2369 2501 2434 servatit,
2553 2369 2662 2424 imo
2727 2385 2835 2424 non
2894 2369 3012 2440 ipse
3068 2384 3126 2424 se
3171 2367 3348 2438 ipsum
3400 2374 3648 2435 postmo‘

2065 2453 2194 2509 dum
2226 2456 2428 2520 intulit,
2464 2456 2557 2512 sed
2585 2456 2864 2512 mirabiles
2901 2456 3098 2512 sancti.
3148 2453 3518 2509 Novissimum
3552 2467 3650 2504 au-

2066 2555 2172 2602 tem
2219 2547 2369 2600 illum
2395 2563 2588 2602 eorum
2618 2549 2890 2604 duntaxat
2945 2565 3070 2605 esse
3123 2545 3524 2618 perhibuimus.
3553 2543 3650 2612 qui

2067 2637 2211 2694 inter
2243 2640 2649 2696 Alexandrinos
2678 2642 2943 2712 descripti
2983 2651 3134 2704 sunt,
3166 2651 3224 2694 ιιι
3248 2647 3301 2695 et
3338 2637 3651 2708 praeceden-

2067 2732 2140 2785 tia
2175 2741 2430 2787 renustet
2479 2735 2771 2801 miracula,
2833 2745 2886 2790 et
2939 2735 3146 2790 clarius
3204 2749 3269 2788 ac
3323 2731 3652 2802 locupletius

2067 2823 2300 2877 la‘titlcet
2345 2823 2650 2891 audientes,
2686 2833 2742 2880 et
2783 2825 2852 2880 ab
2877 2826 2960 2881 eis
2994 2839 3215 2893 semper
3273 2823 3329 2877 in
3386 2822 3652 2876 memoria

2068 2916 2164 2982 sit,
2196 2915 2426 2970 alterius
2463 2917 2738 2987 scriptura
2767 2917 2992 2972 minime
3021 2925 3221 2972 tectus.
3251 2913 3514 2969 Mirantes
3547 2913 3651 2984 igi-

2069 3021 2158 3064 tttr
2181 3019 2233 3062 et
2258 3025 2358 3063 nos
2382 3011 2708 3080 sapientiam
2747 3011 2890 3079 ejus.
2942 3025 3064 3080 qua!
3117 3010 3263 3065 circa
3316 3023 3441 3063 eum
3499 3014 3652 3077 gesta

2067 3108 2196 3154 sunt
2228 3099 2642 3164 enarrabimus,
2679 3115 2943 3154 coronam
2997 3100 3150 3154 illum
3207 3098 3515 3152 mirabilem
3565 3095 3654 3150 his

2068 3207 2189 3260 quae
2215 3192 2538 3262 praescripta
2569 3200 2699 3246 sunt
2724 3193 3100 3249 conferentes.
3134 3190 3182 3245 Is
3208 3191 3299 3262 qui
3326 3198 3411 3246 est
3460 3190 3652 3244 huma-

2067 3283 2256 3338 uitatis
2286 3284 2395 3338 odii
2431 3293 2606 3354 pater,
2639 3293 2693 3340 et
2726 3285 3028 3340 inimicitia:
3091 3284 3452 3340 fraternitatis
3480 3281 3654 3352 magi.

390 3386 489 3433 σας
513 3369 603 3421 τὸν
623 3367 930 3440 ἄνθρωπον,
956 3368 1051 3422 καὶ
1078 3367 1284 3438 γυμνὸν
1310 3367 1473 3420 αὐτὸν
1499 3367 1560 3419 τὸ
1583 3367 1706 3420 ὅσον
1727 3365 1811 3434 ἐφ’
1834 3367 1962 3419 ἑαυ-

2074 3384 2200 3441 ster,
2228 3376 2320 3444 qui
2353 3376 2420 3429 ab
2449 3377 2608 3431 initio
2636 3378 2850 3448 decepit
2878 3377 3180 3443 hominem,
3206 3377 3299 3449 qui
3329 3391 3453 3431 eum
3476 3389 3654 3444 quan-

387 3459 466 3530 τῷ
503 3458 652 3522 θείας
695 3459 1068 3530 ἐργασάμενος
1098 3459 1341 3530 χάριτος,
1381 3459 1445 3527 τῇ
1483 3455 1619 3527 πρὸς
1648 3456 1967 3527 ἀνθρώπους

388 3553 568 3624 οἰκείᾳ
621 3554 789 3625 μανία
838 3570 932 3606 και
971 3551 1130 3622 θυμῷ
1170 3551 1247 3622 μὴ
1292 3549 1653 3620 ἀρκούμενος,
1691 3550 1785 3602 καὶ
1817 3549 1968 3611 ὅσαις

394 3646 590 3711 αὐτοὺς
647 3646 939 3709 ἀπαύστως
983 3643 1300 3714 περιϐάλλει
1346 3644 1652 3712 συμφοραῖς
1691 3642 1786 3694 καὶ
1830 3657 1993 3714 συμση

397 3740 700 3810 πτώμασιν,
732 3739 806 3802 ὡς
842 3737 964 3801 Ἰὼϐ
992 3753 1157 3806 φησιν
1183 3736 1212 3788 ό
1241 3735 1526 3796 θεσπέσιος
1551 3751 1564 3764 ·
1589 3733 1722 3786 ἀλλὰ
1747 3734 1839 3786 καὶ
1873 3732 1970 3785 αὐο-

393 3832 515 3894 τοὺς
539 3831 626 3884 ἐπ’
644 3829 902 3900 ἀλλήλους
927 3829 1129 3898 ἐγείρει
1148 3827 1488 3898 συχνότερον,
1510 3823 1765 3894 ἐμϐαλὼν
1788 3825 1970 3888 αὐτοῖς

391 3921 492 3991 τῆς
526 3919 692 3974 αὐτοῦ
752 3916 1162 3990 μισανθρωπίας
1200 3916 1269 3970 τὰ
1315 3919 1630 3985 σπέρματα,
1662 3914 1736 3976 ὡς
1767 3915 1861 3966 καὶ
1892 3915 1972 3976 είς

393 4010 646 4064 τοσοῦτον
699 4011 895 4071 αὐτοὺς
948 4008 1159 4061 ἐκκαίει
1217 4007 1354 4079 πρὸς
1411 4007 1510 4078 τὴν
1571 4005 1814 4074 ἀλλήλων
1863 4005 1973 4058 ἀπ-

399 4102 636 4174 έχθειαν,
666 4102 740 4164 ὡς
766 4104 859 4156 καὶ
888 4103 1050 4156 αὐτὸν
1078 4101 1351 4173 αἱρεῖσθαι
1377 4101 1475 4170 τῆς
1504 4099 1712 4162 οἰκείας
1752 4098 1973 4170 μήνιδος

408 4195 716 4266 σύμμαχον,
745 4195 837 4248 καὶ
873 4193 1122 4266 πρώτους
1153 4195 1379 4257 ἑαυτοὺς
1424 4192 1682 4264 βλάπτειν
1714 4193 1781 4245 τὰ
1819 4191 1975 4270 μέγι-

397 4307 495 4342 στα
513 4288 711 4360 (ψυχῆς
722 4288 830 4358 γὰρ
845 4290 874 4341 ὁ
887 4287 1114 4352 θάνατος
1127 4286 1369 4340 τίκτεται
1385 4283 1494 4358 [ὲκ]
1507 4285 1604 4356 τῆς
1621 4285 1755 4354 πρὸς
1767 4286 1974 4339 ἐκεῖνον

394 4384 717 4454 συμϐάσεως
745 4385 788 4455 ).
821 4384 916 4438 καὶ
939 4383 1083 4437 οὕτω
1108 4383 1234 4448 τοὺς
1262 4382 1524 4456 ἀδελφοὺς
1542 4380 1634 4445 οὓς
1659 4382 1878 4452 ἀγαπᾷν
1899 4381 1976 4446 ὡς

285 4525 306 4542 ,
394 4478 618 4541 ἑαυτοὺς
648 4475 1117 4548 προσετάχθημεν.

463 4657 666 4712 Τοῦτόν
708 4674 853 4720 τινες
902 4656 1158 4725 ἀδικῆσαι
1201 4654 1461 4723 Θεόφιλον
1505 4653 1782 4717 θέλοντες,
1819 4646 1863 4721 ᾧ
1893 4655 1974 4706 οῖς-

395 4747 693 4802 κειὼσαντο
718 4744 855 4816 μετά
877 4746 974 4814 τῆς
1004 4744 1169 4798 αὑτοῦ
1201 4745 1442 4814 πονηρᾶς
1469 4742 1844 4813 προαιρέσεως
1865 4759 1878 4772 ·
1907 4745 1974 4816 ἦν

395 4841 679 4908 ἐκτελέσαι
713 4839 1104 4902 σπουδάζοντες
1133 4837 1328 4908 βοηθὸν
1360 4835 1524 4890 αὐτὸν
1550 4837 1687 4907 πρὸς
1717 4837 1813 4907 τὴν
1850 4837 1970 4890 ἐπι-

395 4932 593 5004 ϐουλὴν
626 4929 1049 5000 ὲπεσύρυντο.⁹0
1073 4928 1130 4980 δὲ
1162 4927 1404 4987 πεισθεὶς
1443 4928 1564 4988 ταῖς
1602 4927 1828 4995 μιαραϊς
1872 4926 1971 4978 αὑο

394 5023 503 5083 τῶν
528 5020 903 5089 ἑπικλήσεσιν,
926 5019 986 5072 ού
1021 5017 1256 5089 μετρίως
1289 5015 1492 5070 ἐκάκου
1551 5015 1640 5068 τὸν
1661 5014 1968 5086 ἄνθρωπον,

393 5117 582 5186 χεῖρας
608 5112 700 5166 καὶ
729 5111 897 5174 πόδας
920 5109 1194 5186 συνδήσας
1217 5107 1313 5161 τοῦ
1345 5107 1616 5178 σώματος,
1650 5108 1741 5159 καὶ
1771 5107 1970 5169 δειναῖς

392 5185 652 5274 ἀλγηδόσι
705 5185 990 5272 βαστάζων
1045 5199 1121 5264 ὡς
1167 5198 1374 5272 ήθελεν,
1423 5199 1516 5258 καὶ
1549 5199 1691 5269 τάχα
1718 5198 1817 5268 οὐχ
1845 5199 1969 5252 ὅσον

393 5293 586 5364 ἢθελεν
635 5293 728 5346 καὶ
755 5291 1014 5362 ἠϐούλετο
1040 5291 1239 5362 (ἀνεῖλε
1275 5291 1378 5362 γὰρ
1411 5291 1574 5345 αὑτὸν
1613 5293 1662 5344 εί
1693 5290 1968 5361 ήδύνατο),

391 5382 509 5437 ἀλλ’
522 5385 644 5440 ὅσον
665 5383 821 5453 ἀνιᾷν
839 5382 974 5453 πρὸς
991 5381 1124 5434 Θεοῦ
1151 5379 1627 5453 συνε[κε]χώρητο.
1647 5379 1825 5433 Ἀλλ’ὀ
1845 5379 1975 5433 Θεό·

391 5473 547 5542 φιλος
574 5473 672 5544 τὴν
699 5473 876 5527 αἰτίαν
893 5471 1102 5541 ἀγνοῶν
1121 5470 1217 5525 τοῦ
1245 5473 1571 5543 νοσήματος,
1604 5471 1726 5536 τοὺς
1755 5471 1971 5542 ἰατροὺς

395 5567 811 5636 μετεπέμπετο,
849 5566 942 5618 καὶ
999 5564 1211 5634 βοηθεῖν
1253 5564 1328 5627 ὡς
1381 5563 1564 5626 σθένος
1609 5564 1838 5630 ἱκέτευε,
1877 5566 1969 5619 καὶ

395 5655 592 5731 σώζειν
628 5655 702 5719 ὡς
737 5658 899 5726 τάχος
939 5655 1136 5721 ἐδέετο,
1175 5655 1342 5731 ἀργὸν
1374 5655 1468 5710 xui.
1492 5655 1746 5727 ἀκίνητον
1775 5656 1964 5726 κείμε-

504 5836 547 5870 ’⁷
579 5834 680 5892 Joh
711 5852 798 5905 XL,
832 5853 937 5905 χιι,
965 5832 1186 5904 passim.

2071 3477 2182 3519 tum
2247 3467 2301 3521 in
2359 3483 2419 3522 se
2482 3467 2585 3521 fuit
2641 3466 2824 3523 divina
2871 3469 3048 3540 gratia
3103 3470 3288 3532 exuit,
3335 3465 3553 3537 propria
3603 3473 3658 3518 et

2072 3557 2369 3611 furibunda
2441 3558 2494 3611 iu
2572 3558 2825 3615 lioiuincs
2907 3561 3160 3615 detentus
3237 3557 3486 3615 insania,
3544 3572 3650 3607 nun

2071 3648 2246 3701 solum
2298 3649 2516 3717 magnis
2552 3649 2900 3706 incessanter
2956 3662 3050 3704 eos
3109 3647 3272 3702 allicit
3321 3647 3540 3701 casibus
3601 3654 3658 3698 et

2071 3739 2506 3803 calamitatibus,
2570 3741 3030 3810 quemadmodum
3076 3739 3179 3794 Joh
3207 3739 3281 3794 ait
3313 3738 3565 3808 egregius
3590 3739 3652 3800 ³⁷,

2073 3829 2166 3886 sed
2230 3840 2284 3884 et
2344 3831 2470 3886 illos
2515 3833 2786 3888 adversus
2841 3849 2899 3888 se
2953 3832 3185 3887 invicem
3256 3829 3508 3885 crebrius
3544 3830 3654 3882 eri-

2071 3919 2170 3987 git,
2221 3919 2516 3979 imtnittens
2563 3921 2706 3975 inter
2744 3935 2840 3976 eos
2873 3938 2972 3978 sua
3016 3921 3263 3976 homines
3288 3919 3528 3976 odirnlia
3568 3927 3655 3972 se-

2076 4010 2262 4076 ntina;
2319 4010 2412 4078 qui
2463 4012 2630 4066 etiam
2679 4028 2777 4068 eos
2809 4013 2948 4068 adeo
2994 4014 3280 4069 succendit
3313 4012 3381 4064 ad
3410 4023 3654 4064 mutuam

2075 4099 2435 4162 inimicitiam,
2479 4111 2538 4156 ut
2609 4113 2664 4158 et
2705 4105 2826 4175 ipse
2877 4121 3093 4177 quoque
3144 4106 3434 4160 multoties
3491 4106 3660 4175 eliga-

2078 4200 2167 4246 tur
2207 4195 2412 4264 proprii
2471 4195 2674 4252 furoris
2703 4200 2998 4254 auxiliator
3045 4199 3115 4254 ab
3166 4199 3250 4254 his
3277 4200 3370 4270 qui
3399 4199 3572 4270 prium
3601 4215 3659 4252 se

2076 4285 2228 4354 ipsos
2278 4287 2512 4343 maxime
2569 4288 2772 4343 laedunt
2823 4289 3050 4360 (aninne
3099 4292 3303 4362 quippe
3356 4307 3502 4343 mors
3555 4307 3653 4342 ua-

2081 4377 2254 4431 scitur
2307 4394 2338 4434 e
2388 4383 2754 4437 conventione
2795 4398 2916 4450 qua:
2970 4399 3094 4437 cum
3155 4383 3274 4451 ipso
3329 4383 3657 4447 conﬁt-itur)

2075 4475 2131 4521 et
2158 4467 2236 4523 sic
2273 4465 2487 4535 fratres,
2539 4485 2677 4540 quos
2718 4471 2944 4543 diligere
2983 4474 3127 4528 sicut
3157 4491 3257 4529 nos
3292 4477 3438 4546 ipsos
3471 4490 3660 4528 sumus

2078 4559 2354 4630 praecepti.

2150 4647 2309 4702 llune
2367 4648 2609 4719 quidam,
2655 4652 2964 4722 opprimere
3022 4653 3386 4725 Theophilum
3453 4656 3657 4728 injuste

2080 4741 2348 4804 volentes,
2396 4749 2454 4795 ut
2507 4754 2795 4812 patronum
2850 4747 3128 4815 pr0prium
3181 4749 3452 4804 asciscere
3499 4764 3657 4802 cura-

2082 4842 2295 4896 verunt,
2329 4849 2452 4888 cum
2506 4835 2679 4904 ipsius
2734 4836 2922 4906 iniquo
2978 4840 3278 4906 proposito,
3323 4840 3468 4916 quod
3519 4854 3654 4892 con-

2080 4937 2355 4976 summare
2407 4932 2739 4992 satagentes,
2781 4925 3081 4993 adjutorem
3127 4926 3274 4980 illum
3319 4928 3384 4980 ad
3429 4928 3658 4986 insidias

2078 5021 2445 5068 attraxerant.
2486 5017 2553 5066 At
2597 5014 2688 5069 ille
2734 5014 2897 5072 laedis
2938 5017 3392 5074 advocationibus
3436 5034 3653 5088 parens,

2079 5118 2188 5159 non
2241 5104 2593 5160 mediocriter
2649 5104 2926 5163 hominem
2991 5107 3297 5179 amigebat,
3350 5126 3547 5165 manus
3603 5121 3656 5164 et

2081 5197 2245 5268 pedes
2275 5198 2524 5268 corporis
2558 5200 2828 5268 vinciens,
2868 5201 3112 5276 dirisque
3145 5205 3430 5262 doloribus
3459 5207 3653 5262 verbe-

2082 5302 2230 5352 rans,
2270 5294 2329 5342 ut
2366 5287 2618 5355 volebat;
2670 5299 2724 5345 et
2765 5289 2907 5347 forte
2953 5307 3062 5348 non
3109 5304 3374 5364 quantum
3419 5295 3655 5360 volebat,

2078 5381 2164 5435 vel
2197 5381 2509 5451 appetebat,
2547 5397 2671 5436 nam
2705 5385 2998 5454 perimeret
3042 5387 3194 5441 illum
3233 5387 3279 5443 si
3317 5397 3525 5458 posset,
3558 5389 3654 5444 sed
3713 5380 3724 5451 ξ

2079 5483 2343 5542 quantum
2397 5473 2649 5529 cruciare
2707 5490 2736 5529 a
2790 5475 2899 5532 Deo
2956 5478 3391 5546 permittebatur.
3455 5476 3653 5533 Verum

2077 5564 2416 5636 TheOphilus
2471 5581 2693 5622 causam
2753 5567 3034 5636 languoris
3083 5571 3364 5640 ignorans,
3416 5572 3656 5627 medicas

2076 5658 2433 5726 accersiebat,
2477 5668 2533 5716 et
2581 5658 2843 5733 adiuvare
2887 5671 3152 5734 quantum
3207 5665 3347 5719 vires
3399 5675 3655 5735 suppete-
