4010 6208
349 238 491 303 3545

1345 238 1450 299 SS.
1481 237 1654 297 CYRI
1696 237 1792 295 ΕΤ
1831 236 2152 297 JOANNIS
2186 239 2600 301 MIRACULA.

3465 247 3603 312 354i

346 366 500 419 γημα
531 365 542 378 ·
584 345 707 400 οὔτε
752 346 1051 416 νομοθέτην
1100 347 1314 401 ἀστεῖον
1371 351 1462 400 καὶ
1515 345 1666 417 παρά
1720 348 1908 406 πάντας

2030 348 2174 405 cium
2232 352 2377 421 quod
2425 364 2541 406 erat
2597 352 2937 408 simillimum
2987 355 3167 409 Inanis
3217 366 3271 410 et
3323 356 3605 427 Mau‘n-is,

349 441 652 513 πραότερον
681 437 1025 510 ἀνθρώπους,
1058 439 1132 503 ὡς
1166 438 1453 502 δέδεικται,
1484 439 1600 493 ἀλλ’
1624 438 1824 507 ἄνομόν
1868 456 1921 492 τι

346 536 439 587 καὶ
463 534 782 604 δαιμονικῆς
805 532 1128 603 ἀγριότητος
1161 531 1367 602 κύημα.
1401 534 1577 602 Ὅπερ
1607 535 1635 585 6
1666 531 1923 596 ἀλιεύσας

342 624 554 692 ἀγνοῶν
580 663 594 685 ,
620 624 714 676 καὶ
746 626 841 677 σὺν
871 623 1022 693 αὐτῷ
1052 623 1214 677 πάλιν
1244 625 1273 677 ό
1297 624 1598 695 ἄρρωστος,
1653 622 1779 693 περὶ
1822 621 1925 687 τῆς

339 716 513 786 θήκης
530 717 814 785 ἐμάχοντο,
831 718 858 768 ὁ
877 716 995 784 μὲν.
1018 716 1092 778 ὼς
1117 716 1190 768 Οὐ
1213 714 1392 783 θίϐην,
1417 714 1609 782 λέγων,
1630 713 1744 766 ἀλλ’
1774 712 1924 782 ίχθὺν

340 807 710 877 ἀνερχόμενον
764 807 1025 874 πέπρακα
1049 823 1064 839 ο
1123 808 1153 859 6
1202 807 1258 859 δὲ
1310 806 1503 868 νοσῶν,
1543 806 1619 870 ὡς
1656 807 1717 859 οὐ
1761 807 1923 875 μόνον

342 898 516 967 ἰχθὺν,
546 897 684 951 ἀ).λά
710 899 804 951 καὶ
838 898 867 951 6
898 897 947 952 δ’
971 898 1037 951 ἀν
1062 898 1275 951 ἀνέλθοι
1320 899 1544 967 φάσκων
1577 897 1916 967 ὠνήσασθαι.

341 990 559 1044 Ἔτικτε
578 992 685 1062 γὰρ
716 992 898 1053 αὐτοῖς
923 991 985 1044 οὐ
1009 991 1167 1061 μόνον
1188 993 1220 1060 ἡ
1246 991 1370 1060 θίϐη
1395 989 1486 1043 τὸν
1510 990 1746 1059 πόλεμον
1776 988 1921 1059 ἔχειν

338 1098 392 1134 τι
436 1081 543 1133 τῶν
577 1082 892 1150 ἀναγκαίων
930 1081 1077 1135 ἔνδον
1129 1081 1492 1153 ἐμφαίνουσα,
1554 1080 1692 1134 ἀλλά
1739 1080 1832 1133 καὶ
1885 1080 1918 1151 ή

341 1172 631 1242 περίεργος
669 1172 871 1243 ταύτης
918 1172 1207 1239 ἀσφάλεια.
1252 1173 1328 1226 Οὐ
1357 1173 1520 1242 μόνον
1555 1170 1666 1242 γὰρ
1697 1169 1917 1224 κλειδώ-

337 1275 460 1316 σεσι
507 1261 921 1331 περιέσφιγκτο,
971 1260 1107 1315 ἀλλά
1136 1261 1230 1314 καὶ
1258 1263 1519 1332 σφραγῖσι
1578 1257 1910 1331 μολιϐδίναις

336 1352 636 1423 έστόμωτο.

2029 453 2207 508 neque
2282 440 2648 507 legislatorem
2730 444 3231 514 elegantissimum,
3309 459 3363 500 et
3440 465 3605 517 διῳκι-

2029 544 2224 587 omnes
2298 531 2549 590 homines
2605 537 3147 600 mansuetissimam,
3203 537 3298 592 sed
3355 539 3600 607 iniquum

2027 620 2159 688 quid
2187 629 2241 675 et
2272 621 2589 678 daemonica:
2636 625 2868 681 feritatis
2897 627 3174 696 genitum.
3215 625 3368 693 Quod
3421 631 3601 699 pisca-

2030 717 2118 761 tor
2154 718 2209 764 et
2249 726 2373 764 cum
2418 727 2483 765 eo
2527 728 2721 770 rursus
2766 716 3014 770 inﬁrmus
3052 717 3389 785 ignorantes,
3439 734 3603 788 super

2033 796 2292 851 ﬁscellam
2353 808 2542 854 mutuo
2598 804 2946 870 rixabantur;
3007 806 3143 859 alter
3190 807 3410 875 quidem
3458 808 3602 877 quod

2030 899 2141 939 non
2194 887 2479 954 ﬁscellam,
2517 891 2611 945 sed
2675 893 2877 959 piscem
2927 895 3017 961 qui
3076 902 3221 949 esset
3274 911 3606 951 ascensurus

2026 978 2341 1038 vendiderit
2392 982 2612 1048 dicens;
2655 987 2794 1040 alter
2836 1000 2988 1049 vero,
3046 985 3100 1040 id
3158 977 3242 1041 est
3292 987 3601 1057 languidus,

2037 1071 2181 1138 quod
2208 1087 2315 1127 nou
2334 1077 2513 1129 solum
2532 1077 2757 1146 piscem,
2780 1080 2871 1134 sed
2890 1088 2942 1135 et
2961 1080 3222 1149 quidquid
3242 1096 3598 1136 ascensurum

2032 1160 2171 1217 foret
2186 1169 2379 1220 emerit
2394 1183 2717 1227 asseverans
2738 1189 2751 1225 :
2772 1173 3017 1242 pariebat
3034 1174 3180 1227 enim
3201 1174 3280 1227 eis
3302 1174 3452 1227 litem
3492 1190 3598 1226 non

2027 1253 2206 1308 solum
2248 1256 2475 1326 ﬁscella,
2503 1278 2623 1329 qum
2663 1263 2863 1317 habere
2908 1279 2967 1318 se
2997 1262 3129 1332 quid
3164 1265 3601 1318 necessariorum

2021 1345 2368 1406 intrinsecus
2398 1356 2743 1422 ostendebat,
2779 1357 2872 1414 sed
2899 1366 2953 1412 et
2973 1357 3414 1412 curiosissimum
3434 1355 3602 1425 hujus

337 1443 638 1510 munimen,
668 1460 775 1499 non
808 1443 990 1500 solum
1023 1445 1225 1517 quippe
1257 1446 1430 1500 clavis
1465 1445 1674 1499 circum
1705 1440 2100 1512 stringebatur,
2133 1444 2227 1498 sed
2258 1452 2311 1500 et
2340 1448 2640 1517 signaculis
2668 1453 2938 1522 plumbeis
2967 1451 3378 1508 obstruebatur.

417 1538 506 1602 Ὠς
534 1539 579 1591 δ’
604 1538 695 1592 ἐπὶ⁸
721 1540 856 1593 πολὺ
886 1539 1392 1612 φιλομαχησάμενοι
1420 1541 1625 1594 πείθειν
1650 1537 1913 1609 ἀλλήλους

332 1634 435 1685 οὐκ
475 1632 680 1702 ἴσχυον,
722 1633 845 1687 οὐδὲ
877 1634 1039 1687 πάλιν
1072 1635 1423 1705 παραχωρεῖν
1458 1633 1712 1704 ἀλλήλοις
1760 1632 1911 1702 ἠνεί-

2089 1537 2335 1609 Cumque
2377 1542 2584 1597 diutius
2621 1545 2828 1614 jttrgati
2869 1545 3008 1617 [σού.
3045 1546 3345 1617 ohjurgati]
3378 1546 3600 1614 acquie-

2018 1640 2173 1683 scere
2218 1638 2411 1687 tuutuo
2462 1635 2684 1689 minime
2726 1636 3061 1702 valuissent,
3112 1636 3207 1689 sed
3258 1650 3360 1689 nec
3408 1636 3602 1690 cedere

332 1739 512 1792 χοντο,
556 1723 693 1794 πρὸς
730 1722 822 1776 τὸν
864 1723 1252 1793 οἱκονομοῦντα
1286 1725 1349 1777 τὸ
1385 1724 1610 1793 τέμενος
1642 1724 1908 1795 ἔρχονται,

2018 1723 2214 1776 iterum
2281 1726 2513 1781 invicem
2568 1730 2963 1798 pertulissent,
3034 1731 3101 1785 ad
3160 1731 3598 1800 disiiensatoretn

333 1816 527 1889 κριτὴν
555 1817 717 1871 αὐτὸν
741 1816 841 1887 τῆς
872 1817 1029 1888 δίκης
1072 1818 1385 1889 ληψόμενοι.
1436 1818 1492 1871 ὐ
1511 1817 1566 1872 δὲ
1593 1819 1705 1872 τοῖν
1732 1818 1911 1887 ἀμφο-

332 1910 515 1981 τέροιν
558 1908 739 1978 λόγοιν
788 1908 1111 1980 πυθόμενος,
1148 1909 1207 1962 ού
1262 1909 1530 1980 πρότερον
1582 1908 1681 1978 τὴν
1736 1906 1914 1976 ψῆφον

331 2004 598 2071 ἠνείχετο,
618 2001 681 2054 Ei
702 2000 777 2071 μὴ
796 1999 893 2072 τὴν
919 1999 1129 2071 χειλὲον
1145 2001 1362 2068 ἀνοίξω,
1384 2001 1567 2071 φησὶν,
1594 2000 1687 2052 καὶ⁵
1709 1997 1915 2069 ταύτης

332 2090 480 2145 ἔνδον
512 2090 797 2161 θεάσομαι.
848 2089 1089 2156 Ἀνοίξας
1123 2086 1215 2145 οὖν
1258 2092 1478 2144 πάντων
1506 2092 1565 2143 ὲν
1594 2088 1780 2160 ὄψεσιν
1818 2092 1915 2143 σὺν

335 2185 488 2254 κόπῳ
517 2182 697 2255 πολλῷ
722 2184 783 2236 τὸ
805 2182 1080 2246 κιϐώτιον,
1108 2181 1288 2253 θέαμα
1319 2182 1490 2235 δεινὸν
1519 2184 1612 2235 καὶ
1640 2181 1913 2252 παγχάλε-

343 2292 440 2327 πον
471 2274 740 2346 εὒρισκεν,
779 2276 931 2330 οὐδὲν
973 2269 1049 2329 ὧν
1096 2280 1145 2333 ei
1191 2278 1534 2347 εὑρίσκοντες
1575 2274 1843 2343 ἐνόμιζον,
1879 2274 1910 2345 ἢ

342 2366 532 2430 πάντες
583 2368 631 2419 oi
680 2368 1031 2438 παρεστῶτες
1080 2370 1174 2422 καὶ
1208 2368 1519 2439 βλέποντες,
1553 2367 1668 2423 ἀλλ’
1696 2367 1833 2435 ὅπερ
1864 2366 1913 2418 οί

335 2458 476 2526 ἅγιοι
518 2458 931 2530 φιλανθρωπίας
980 2461 1209 2527 πελάγει
1264 2462 1563 2532 νηχόμενον
1597 2462 1662 2512 ὲκ
1700 2458 1915 2512 κόλπων

333 2548 533 2621 βυθίων
558 2551 856 2621 ἀνήγαγον.
889 2551 1087 2607 Ξόανον
1115 2548 1182 2622 ἦν
1212 2551 1587 2622 ἀνδρείκελον,
1620 2541 1913 2620 ἐκχαλκοῦ

330 2640 494 2711 λαχξιν
517 2642 616 2711 τὴν
644 2642 966 2711 ὑπόστασιν,
997 2643 1261 2707 είκονίζον
1297 2645 1480 2713 μορφῇ
1511 2642 1603 2696 τὸν
1631 2640 1912 2712 Θεόφιλον.

331 2736 427 2787 καί
469 2734 631 2804 ἥλους
665 2737 790 2787 ποσὶ
821 2736 918 2789 καὶ
951 2737 1109 2806 χερσὶ
1140 2733 1556 2806 καθηλωθέντας
1598 2733 1761 2806 ἔφερε
1788 2733 1913 2785 τέτ-

328 2842 524 2895 ταρας,
550 2828 682 2897 ἧλου
725 2828 842 2891 ἑνὸς
890 2828 1013 2883 καθ’
1039 2829 1276 2882 ἑκάστου
1326 2826 1522 2898 μέλους
1555 2827 1911 2897 ὑπάρχοντος.

332 2919 515 2989 Ὅπερ
541 2920 590 2970 οί
620 2920 885 2989 παρόντες
911 2919 1195 2990 θεώμενοι,
1225 2918 1579 2991 πολυτρόπως
1612 2918 1911 2985 ἐξίσταντο,

2019 1811 2208 1883 templi
2258 1824 2545 1881 venerunt,
2595 1818 2740 1874 hunc
2786 1819 3029 1887 judicem
3080 1822 3472 1876 controversia:
3511 1836 3602 1875 ac-

2017 1905 2254 1971 cepturi.
2305 1908 2373 1960 At
2422 1908 2512 1961 ille
2561 1910 2849 1964 amborum
2899 1912 3082 1975 verbis
3130 1913 3446 1983 compertis,
3492 1929 3601 1967 non

2017 1996 2172 2065 prius
2214 1997 2348 2054 dare
2394 2003 2721 2056 sententiam
2774 2005 3105 2074 patiebatur,
3140 2005 3245 2059 nisi
3278 2006 3596 2075 operculum

2018 2104 2327 2158 aperuero,
2384 2093 2597 2162 inquit,
2654 2102 2707 2149 et
2767 2111 2890 2164 qua:
2945 2096 3221 2152 introrsus
3285 2106 3415 2152 sunt
3478 2099 3601 2167 ejus

2018 2193 2307 2249 aspexero.
2343 2187 2543 2252 Aperta
2588 2200 2720 2253 ergo
2750 2201 2872 2240 eum
2916 2187 3103 2242 labore
3144 2188 3313 2243 multo
3343 2188 3446 2243 sub
3479 2204 3600 2242 om-

2019 2270 2167 2324 niutu
2202 2271 2379 2328 oculis
2424 2276 2634 2337 arcula,
2679 2277 2943 2331 visionem
2986 2286 3225 2333 atrocem
3261 2288 3315 2332 et
3357 2279 3600 2334 saevissi-

2019 2374 2159 2412 mam
2188 2362 2516 2430 reperiebat,
2542 2374 2595 2418 ct
2627 2365 2701 2419 nil
2746 2382 2932 2420 eorum
2966 2384 3087 2437 quae
3123 2367 3175 2420 hi
3213 2367 3304 2436 qui
3341 2382 3597 2438 reppere-

2018 2458 2141 2503 rant
2174 2453 2556 2516 autumabant,
2590 2455 2697 2510 nisi
2752 2458 2895 2526 quod
2955 2473 3149 2513 omnes
3195 2459 3287 2528 qui
3341 2462 3599 2513 astabant

2017 2538 2203 2593 intuiti
2258 2552 2408 2607 sunt,
2453 2547 2709 2616 quodque
2763 2549 2942 2605 sancti
2989 2551 3361 2606 miserationis
3411 2551 3600 2621 pelago

2018 2638 2236 2698 natans,
2286 2649 2317 2688 e
2374 2635 2667 2705 profundis
2725 2640 2943 2694 sinibus
2995 2642 3324 2702 eduxerunt.
3377 2642 3602 2697 simula-

2017 2736 2171 2776 crum
2225 2725 2496 2793 videlicet,
2549 2731 2649 2783 viri
2693 2734 3008 2800 exprimens
3054 2731 3389 2800 forntaut,et
3430 2734 3598 2787 sorti-

2018 2822 2130 2867 tqu
2156 2831 2222 2869 ex
2249 2829 2552 2874 atramento
2595 2823 2988 2888 sub5tantiam,
3014 2834 3067 2879 et
3094 2824 3400 2895 imaginans
3424 2824 3597 2894 ﬁgura

2018 2900 2407 2989 TbeOphilum,
2433 2920 2488 2965 et
2514 2921 2752 2981 quatuor
2776 2914 2958 2970 ferens
2991 2915 3221 2986 pedibus
3252 2932 3318 2970 ac
3344 2916 3599 2971 manibus

328 3006 383 3063 τί
424 3008 472 3062 δ’
494 3004 563 3079 ἦν
590 3009 650 3064 τὸ
683 3011 1007 3081 φαινόμενον
1035 3012 1137 3066 οὐκ
1164 3012 1463 3080 ὶγίνωσκον
1486 3027 1499 3041 ·
1529 3010 1651 3065 ὅθεν
1693 3009 1908 3064 καύτῶν

2016 2996 2203 3052 clavos
2230 2998 2448 3062 inﬁxos,
2484 3003 2685 3074 singuli
2718 3005 2863 3060 enim
2897 3007 3129 3077 singulis
3159 3014 3317 3062 erant
3341 3009 3599 3063 membris

332 3100 656 3170 μαχομένων
672 3104 701 3155 6
723 3101 958 3173 πόλεμος
979 3103 1275 3170 πέπαυται,
1294 3102 1699 3175 φανερωθέντος
1725 3103 1913 3164 αὐτοῖς

327 3189 425 3248 τοῦ
455 3192 589 3264 εὑρη
597 3210 790 3263 ματος.

398 3469 509 3524 Καὶ
557 3468 757 3539 μικροῦ
781 3467 846 3522 ἀν
871 3468 1004 3522 αὐτὸ
1029 3467 1439 3522 ὲνθαλαττεύειν
1496 3466 1773 3531 ἐνέϐαλον,
1812 3466 1908 3520 καὶ

334 3558 537 3629 κύμασι
569 3563 630 3614 τδ
649 3561 911 3620 δυσσεϐὲς
934 3559 1179 3631 ἔκρυψαν
1206 3559 1412 3630 θέαμα,
1437 3558 1707 3627 Θεοφίλου
1738 3558 1907 3628 μηδε-

336 3651 463 3720 μίαν
518 3651 769 3723 εὑρόντος
822 3651 1108 3718 ὠφέλειαν,
1160 3653 1208 3703 εί
1253 3651 1330 3721 μὴ
1357 3650 1520 3703 πάλιν
1542 3652 1594 3702 οι
1629 3650 1905 3719 μάρτυρες

332 3740 423 3798 τὸν
453 3744 733 3811 οἰκονόμον
762 3744 1102 3812 κινήσαντες,
1125 3743 1185 3795 τδ
1202 3743 1252 3794 τί
1283 3742 1351 3795 ἂν
1373 3737 1484 3795 εἷεν
1514 3742 1565 3793 οἱ
1586 3737 1708 3813 ἧλοι
1738 3740 1905 3809 ζητῆ-

330 3848 423 3887 σαι
446 3834 497 3885 οἱ
522 3834 977 3903 προσπεπηγότες
1027 3835 1283 3904 τέτρασιν
1343 3833 1661 3904 ἀνδριάντος
1681 3835 1795 3895 τοῖς
1815 3834 1907 3903 μέ-

326 3924 475 3977 λεσιν
490 3942 502 3954 ·
524 3925 645 3978 ὅθεν
662 3926 770 3980 τῶν
798 3925 1161 3996 παρεστώτων
1178 3928 1285 3980 τιν)⁵
1303 3927 1579 3997 ἀποσπᾷν,
1599 3928 1648 3979 εί
1664 3924 1901 3989 δύναιτο,

324 4014 451 4077 τοὺς
479 4015 643 4085 ἥλους
675 4016 985 4070 ικέλευσεν.
1016 4017 1103 4081 Ὠς
1131 4017 1187 4070 δὲ
1208 4018 1300 4070 τὸν
1331 4018 1626 4089 ἀνδριάντα
1677 4016 1908 4087 δεξάμε-

326 4122 414 4168 νος
436 4105 568 4175 ἧλου
590 4123 648 4159 τε
666 4107 759 4160 τοῦ
786 4111 852 4178 τῇ
875 4108 1026 4179 δεξιᾷ
1047 4110 1191 4179 χειρὶ
1213 4110 1525 4178 πεπηγότος
1538 4108 1901 4180 δραξάμενος,

326 4196 427 4249 σὺν
454 4194 680 4265 δυνάμει
707 4197 874 4268 πολλῇ
908 4198 1097 4267 βιαίως
1121 4199 1352 4262 ἑλκύσας
1368 4199 1661 4269 ἀφήλωσεν
1682 4214 1696 4231 ο
1732 4194 1907 4269 οὗπερ

324 4287 791 4352 ἀποσπασθέντος,
827 4291 859 4358 ἠ
895 4288 1044 4355 δεξιά
1069 4288 1331 4357 Θεοφίλου
1394 4289 1518 4360 χεὶρ
1572 4288 1737 4352 εὐθὺς
1786 4290 1896 4342 ἀπ-

2013 3085 2187 3142 iuﬁxi.
2214 3088 2368 3153 Quod
2408 3092 2501 3160 qui
2545 3093 2776 3149 aderant
2804 3097 3269 3166 contemplantes,
3303 3095 3546 3152 ntultil‘ar
3567 3115 3601 3152 e

2009 3179 2409 3249 stupcﬁebant,
2452 3184 2582 3253 quid
2631 3195 2813 3242 autem
2867 3199 3018 3245 esset
3066 3192 3215 3260 quod
3268 3202 3598 3261 apparuerat

2010 3271 2369 3341 ignorabant;
2422 3276 2566 3332 unde
2605 3287 2661 3333 et
2714 3279 3047 3349 litigantium
3102 3297 3310 3353 pugna.
3340 3297 3469 3339 cum
3514 3284 3599 3338 in-

2010 3363 2200 3417 ventio
2232 3364 2338 3419 sibi
2369 3368 2741 3435 apparuisset,
2773 3372 2958 3427 soluta
2992 3383 3095 3429 est.

2082 3450 2150 3505 Et
2188 3457 2585 3524 propemodum
2617 3475 2738 3514 eam
2783 3476 2979 3517 rursus
3015 3463 3069 3518 in
3103 3479 3260 3519 mare
3285 3465 3593 3521 demersam

1988 3534 2456 3612 summisissent,
2511 3546 2851 3608 etﬂuctibus
2907 3552 3105 3609 fmdam
3155 3555 3302 3609 illam
3352 3557 3591 3625 speciem

2007 3635 2418 3703 occultassent,
2470 3636 2778 3710 Theophilo
2837 3644 3048 3700 nullum
3109 3646 3417 3714 reperiente
3463 3661 3592 3717 pro-

2011 3725 2235 3791 fectum,
2267 3727 2373 3782 nisi
2408 3729 2589 3785 denuo
2619 3741 2891 3804 martyres
2918 3745 3332 3792 commoventes
3370 3738 3593 3807 dispen-

2008 3825 2270 3884 satorem,
2312 3826 2372 3873 ut
2413 3821 2638 3890 quinam
2675 3833 2864 3883 essent
2892 3826 3032 3880 clavi
3061 3834 3330 3896 quaereret
3351 3830 3589 3886 excitas-

2009 3914 2154 3972 sent,
2182 3910 2275 3978 qui
2308 3910 2457 3966 inﬁxi
2485 3922 2726 3999 quatuor
2752 3918 3052 3973 statunculi
3081 3919 3343 3975 membris
3368 3921 3597 3994 essiste-

2009 4006 2161 4065 rent;
2199 4000 2343 4055 unde
2382 4003 2604 4059 cuidam
2653 4009 3038 4063 assistentium
3088 4009 3259 4080 jussit
3301 4015 3589 4069 extrahere

2007 4092 2215 4158 clavos,
2245 4094 2293 4149 si
2328 4106 2535 4166 posset.
2568 4096 2671 4163 Qui
2700 4114 2824 4154 cum
2851 4104 3227 4158 statunculqu
3258 4106 3586 4175 accepisset.

2007 4183 2336 4255 clavumque
2371 4188 2467 4258 qui
2518 4188 2571 4242 in
2623 4189 2849 4245 dextera
2899 4207 3066 4248 manu
3115 4193 3314 4249 inﬁxus
3349 4204 3467 4250 erat
3499 4210 3584 4265 ap-

2008 4276 2417 4344 prehendisset.
2448 4294 2572 4334 cum
2615 4282 2819 4338 virtute
2856 4285 3027 4338 multa
3068 4286 3337 4341 violenter
3374 4286 3588 4341 abstra-

323 4377 532 4445 ιλύετο,
564 4380 657 4432 καὶ
685 4350 785 4449 τῆς
819 4350 1014 4451 ὀδύνης
1047 4381 1138 4434 τὸν
1187 4350 1349 4449 όγκον
1381 4350 1678 4445 ἀπέϐαλλε,
1712 4350 1809 4435 καὶ
1836 4381 1897 4434 τὸ

2016 4378 2150 4424 :tum
2172 4371 2362 4440 procul
2383 4374 2658 4440 excussit;
2689 4374 2931 4449 Quidum
2954 4378 3388 4442 abstraheretur,
3415 4377 3588 4435 Theo-

326 4471 467 4538 μετὰ
497 4471 595 4539 τῆς
618 4470 809 4541 ὀδύνης
832 4472 1109 4542 ἀκίνητον.
1141 4474 1276 4527 Τότε
1305 4474 1475 4527 πᾶσιν
1503 4471 1754 4543 ἐγνώσθη
1776 4475 1900 4547 τοῖς

325 4558 612 4628 βλέπουσιν
640 4562 673 4632 ἡ
702 4562 783 4624 είς
814 4562 977 4615 αὐτὸν
1013 4566 1236 4634 μυσαρά
1259 4563 1574 4633 περιεργία,
1605 4563 1671 4634 ἢν
1690 4563 1740 4615 οἱ
1771 4562 1899 4632 γόη-

312 4665 415 4714 ’τες
444 4652 644 4705 ἐκείνοι
675 4653 773 4707 σὺν
796 4656 1009 4724 μιαροῖς
1050 4658 1144 4707 καὶ
1168 4654 1447 4718 κακίστοις
1470 4646 1724 4725 δαίμοσιν
1754 4653 1897 4723 πρά-

324 4742 535 4807 ξαντες,
584 4743 853 4815 θαλαττίῳ
906 4744 1053 4815 βυθῷ
1118 4745 1194 4809 ὼς
1254 4746 1356 4798 οὐκ
1410 4744 1898 4815 ἀναλυθησομένην

321 4830 595 4890 ἐνέϐαλον.
626 4832 767 4885 Ἀλλ’
801 4833 1048 4899 ἀσθενεῖς
1079 4835 1173 4888 καὶ
1205 4832 1495 4904 μανιώδεις
1525 4833 1897 4905 ἠλέγχθησάν,

322 4920 508 4993 Κύρου
569 4923 756 4993 σαφῶς
796 4925 999 4988 αὐτοὺς
1048 4925 1441 4996 διελέγξαντος,
1500 4926 1594 4977 καὶ
1642 4924 1893 4980 Ἰωάννου

321 5014 415 5067 τοῦ
474 5014 658 5085 Κύρου
710 5017 1101 5088 συμμάρτυρος
1125 5034 1140 5048 ·
1176 5018 1270 5070 καὶ
1302 5016 1580 5089 δείξαντες
1624 5017 1897 5087 ἐναργῶς,

267 5129 283 5141 ο
316 5105 397 5167 ὡς
426 5105 578 5159 οὐδὲν
605 5105 784 5160 αὐτῶν
812 5108 922 5160 τῶν
960 5108 1018 5160 ιν
1040 5107 1338 5177 κτίσμασιν
1353 5108 1581 5169 ἄϐατον,
1614 5107 1714 5159 οὐκ
1735 5107 1896 5178 οὐρα-

326 5197 431 5260 νὸς,
461 5196 523 5250 ού
552 5200 645 5268 γῆ,
679 5198 780 5252 οὐκ
802 5200 933 5268 ἀὴρ,
965 5199 1030 5252 οὑ
1059 5199 1192 5270 πῦρ,
1215 5200 1314 5270 οὐχ
1347 5198 1519 5269 ὕδωρ.
1550 5199 1611 5252 οὑ
1635 5198 1897 5263 θάλαττα,

320 5285 457 5340 ἀλλὰ
518 5288 697 5341 πάντα
752 5287 1064 5360 διέρχονται
1123 5291 1250 5353 τοὺς
1281 5290 1524 5352 εὐσεϐεῖς
1551 5290 1642 5342 καὶ
1669 5292 1895 5354 πιστοὺς

319 5377 697 5442 διασώζοντες.
738 5381 847 5433 Καὶ
888 5380 1064 5435 ταῦτα
1091 5381 1188 5450 μὲν
1219 5379 1430 5452 φανερά
1457 5382 1572 5444 τοῖς
1602 5380 1731 5435 πᾶσι
1763 5381 1894 5435 καθ-

321 5471 543 5540 έστηκε,
574 5471 678 5533 κᾶν
709 5475 867 5542 ἡμεῖς
903 5473 978 5543 μὴ
1013 5472 1362 5544 κηρύξωμεν.

2007 4461 2143 4530 pliili
2197 4478 2394 4518 manus
2444 4464 2637 4520 dextra
2691 4466 2955 4522 continuo
3003 4469 3337 4533 solvebatur,
3392 4473 3583 4539 sicque

2004 4552 2212 4607 doloris
2244 4554 2439 4610 molem
2479 4555 2753 4623 deposuit,
2785 4567 2840 4614 et
2881 4576 3006 4614 cttm
3054 4561 3246 4616 dolore
3291 4564 3584 4618 immobili-

2006 4651 2194 4700 tatetn.
2227 4642 2383 4700 Tunc
2424 4648 2706 4712 omnibus,
2744 4652 2833 4720 qui
2872 4651 2976 4707 hoc
3019 4652 3296 4717 viderunt,
3344 4654 3584 4709 innotuit

2002 4733 2226 4799 infanda
2278 4737 2575 4796 curiositas
2626 4757 2749 4811 quae
2792 4751 2987 4797 contra
3033 4759 3159 4799 eum
3207 4745 3385 4801 fuerat
3426 4746 3585 4800 adin-

2002 4838 2185 4895 venta,
2228 4846 2394 4902 quam
2435 4833 2645 4888 scilicet
2681 4834 2761 4889 illi
2796 4835 3027 4890 maleﬁci
3074 4848 3203 4890 cum
3245 4836 3579 4905 importunis

2000 4928 2054 4976 et
2104 4922 2359 4991 pessimis
2407 4932 2588 4979 actam
2641 4925 2982 4982 daemonibus
3036 4927 3251 4982 marino
3300 4926 3569 4996 profundo

1999 5014 2428 5081 summiserant,
2485 5018 2650 5086 quasi
2710 5033 2992 5089 nunquam
3042 5018 3341 5090 aliquando
3388 5019 3580 5075 dissol-

1999 5107 2253 5163 vendam.
2292 5109 2397 5165 Sed
2442 5119 2503 5166 ut
2554 5110 2756 5167 inﬁrmi
2791 5121 2845 5167 et
2879 5114 3056 5169 insani
3106 5114 3379 5186 redarguti
3426 5126 3575 5179 sum,

1994 5197 2140 5270 Cyro
2167 5215 2264 5255 eos
2294 5211 2347 5256 et
2370 5199 2583 5259 Joanne
2621 5203 2749 5276 Cyri
2791 5215 3157 5278 commartyre
3194 5206 3404 5276 liquido
3445 5223 3577 5259 con-

2000 5292 2371 5359 vincentibus,
2412 5305 2637 5354 ostenso
2681 5297 2918 5356 dilucide
2967 5300 3115 5371 quod
3164 5298 3300 5354 nihil
3347 5302 3420 5353 sit
3468 5300 3578 5353 illis

2000 5384 2053 5439 in
2092 5387 2363 5441 creaturis
2401 5403 2508 5443 non
2550 5389 2817 5460 pervium.
2850 5407 2956 5447 non
3001 5390 3225 5451 etclam,
3262 5404 3368 5443 non
3403 5398 3571 5448 terra.

1997 5492 2107 5531 non
2140 5494 2258 5543 aer,
2292 5495 2401 5535 non
2445 5481 2608 5552 ignis,
2641 5498 2749 5539 non
2783 5497 2945 5553 aqua.
2978 5498 3083 5536 non
3126 5480 3365 5551 denique
3401 5497 3570 5543 mare.

320 5562 413 5615 sed
456 5563 637 5617 omnia
676 5573 960 5621 transeunt
992 5567 1270 5621 salvantes
1323 5567 1440 5635 pios
1485 5576 1648 5635 atque
1710 5566 1917 5622 ﬁdeles.
1976 5568 2038 5624 Et
2091 5572 2310 5641 quidem
2358 5573 2484 5629 huic
2538 5578 2826 5635 manifesta
2878 5576 3093 5629 cunctis
3168 5573 3361 5629 eﬁecta
3420 5584 3570 5635 sunt,

319 5656 440 5714 licet
479 5658 566 5710 illa
599 5673 699 5713 nos
736 5658 959 5713 minime
994 5660 1370 5729 pradicemns.
