4020 6204
383 263 520 328 354⁵7

1239 268 1298 327 S.
1333 265 1752 326 SOPHRONII
1779 265 2284 326 PATlllARCIl/E
2308 263 2715 325 HIEROSOL.

3522 252 3665 315 3548

455 378 725 431 Caeterum
780 376 817 430 ii
875 377 967 446 qui
1019 387 1148 431 tunc
1196 393 1321 430 cum
1377 376 1762 451 dispensatore
1803 377 1973 432 habe-

2150 379 2215 430 Οί
2250 376 2372 430 τότε
2407 375 2463 428 δὲ
2503 376 2630 446 περὶ
2687 375 2780 426 τὸν
2831 371 3122 442 οἰκονόμον
3166 369 3552 438 τυγχάνοντες,
3591 367 3670 430 ὡς

388 471 610 535 bantur,
644 483 772 524 cum
816 469 1120 524 maleﬁcum
1156 468 1448 536 vidissent,
1489 477 1543 524 et
1581 463 1971 540 coguo'visseut

339 573 342 575 ‘
385 575 606 614 manum
643 559 888 613 dextram
923 573 1140 613 movere
1172 557 1559 630 Theophilum,
1596 568 1671 633 et.
1701 570 1972 631 martyres

391 651 773 715 Iaudaveruut,
823 649 1177 720 reliquosque
1233 652 1418 708 clavos
1464 653 1698 709 evellere
1745 654 1974 708 festina-

388 731 605 797 verunt.
668 741 805 796 llum
863 752 1044 798 autem
1109 746 1211 799 hos
1275 745 1657 810 exsolverent,
1724 746 1974 799 inﬁrmus

389 849 608 903 quoque
639 849 666 886 a
707 833 941 890 vinculis
975 844 1028 889 et
1065 837 1358 891 tormentis
1391 837 1594 906 pariter
1633 837 1970 900 solvebatur,

388 941 676 994 quousque
707 942 899 981 omnes
938 929 1110 981 evulsi
1149 938 1314 992 sunt;
1360 930 1550 998 sicque
1591 929 1858 998 languens
1906 930 1976 984 ab

389 1017 539 1070 oinni
583 1017 845 1074 liberatus
879 1028 962 1074 est
993 1020 1265 1072 diabolica
1312 1022 1634 1090 operatione
1682 1020 1883 1088 pariter
1919 1028 1976 1074 et

390 1110 625 1176 tingi-llo.
661 1108 797 1164 Cum
841 1112 984 1166 enim
1019 1113 1231 1165 clavum
1256 1092 1411 1166 item:
1446 1113 1742 1167 statunculi
1779 1126 1976 1167 manus

391 1203 786 1267 abstulissent,
848 1207 1035 1258 laevam
1095 1205 1348 1273 protinus
1411 1206 1457 1259 is
1511 1207 1603 1275 qui
1666 1205 1978 1275 patiebatur

390 1293 636 1347 extendit
675 1312 686 1347 :
720 1303 773 1347 et
804 1309 997 1347 rursus
1026 1309 1149 1347 cum
1179 1310 1275 1348 eos
1309 1296 1402 1364 qui
1433 1295 1662 1364 pedibus
1692 1295 1976 1350 simulacri

389 1395 545 1440 erant
583 1386 722 1439 allix'i
774 1386 1202 1449 abstraxissent,
1249 1387 1414 1455 pedes
1448 1386 1699 1441 inﬁrmus
1731 1386 1848 1441 sine
1880 1386 1979 1440 do-

392 1478 503 1530 lore
546 1477 903 1532 nihilominus
967 1479 1154 1532 movit.
1198 1475 1353 1532 Unde
1401 1475 1630 1532 festinus
1676 1489 1978 1548 exsurgens

391 1567 458 1621 ad
499 1567 905 1624 confessionem
960 1580 1277 1624 sanctorum
1327 1572 1594 1638 cucurrit,
1644 1578 1980 1639 sanctosque

395 1673 588 1727 magna
625 1673 755 1713 voce
795 1657 1060 1725 laudavit,
1092 1661 1146 1714 in
1192 1659 1362 1713 altum
1419 1675 1615 1716 manus
1655 1659 1978 1720 extendens,

2079 470 2189 524 ῖδον
2235 470 2327 524 καὶ
2364 469 2566 539 ἔμαθον
2598 469 2662 520 τὸ
2694 466 3086 537 κακούργημα,
3142 464 3234 517 καὶ
3264 465 3422 533 χεῖρα
3449 463 3549 532 τὴν
3576 460 3671 514 δε-

2081 557 2201 624 ξιὰν
2231 558 2488 612 κινοῦντα
2513 558 2799 628 Θεόφιλον,
2860 557 3182 627 περιχαρεῖς
3221 554 3507 622 γεγονότες
3537 552 3672 614 τοὺς

2083 652 2367 722 μάρτυρας
2397 651 2622 723 ᾔνεσαν,
2652 649 2945 720 ἀφηλῶσαί
2969 665 3026 700 τε
3061 648 3188 710 τοὺς
3229 645 3453 708 λοιποὺς
3503 644 3674 715 ἦλους

2080 743 2446 797 ἐσπούδασαν.
2514 741 2800 813 Πρδςὸδὲ
2858 740 3082 803 τούτους
3149 737 3389 805 ἐξέλυον,
3441 737 3506 790 ἐκ
3559 737 3675 789 τῶν

2079 836 2296 906 δεσμῶν
2315 838 2343 889 6
2371 836 2657 909 ἄρρωστος
2707 835 2801 888 καὶ
2832 833 3082 904 βασάνων
3113 830 3300 884 ἐλύετο
3321 847 3334 860 ο
3372 829 3570 900 μέχρις
3604 820 3676 882 οὗ

2081 929 2293 990 πάντας
2359 928 2678 980 ἀνέσπασαν
2702 945 2714 957 ο
2750 926 2846 978 καὶ
2866 924 3041 987 οὕτως
3071 925 3098 976 6
3127 921 3300 976 νοσῶν
3329 921 3508 990 πάσης
3543 922 3676 973 ἐλυ-

2080 1016 2268 1088 τρώθη
2291 1017 2605 1085 διαϐολικῆς
2633 1015 2952 1086 περιεργίας
2982 1015 3077 1066 καὶ
3098 1013 3384 1082 μάστιγος.
3419 1010 3526 1061 Τὸν
3556 1007 3677 1078 γὰρ

2083 1111 2177 1164 ἐπὶ
2203 1113 2303 1181 τῆς
2332 1109 2495 1173 λαιᾶς
2523 1109 2706 1180 χειρὸς
2747 1107 2843 1160 τοῦ
2872 1105 3192 1178 ἀνδριάντος
3213 1103 3530 1174 ἐξάραντες,
3564 1099 3675 1169 τὴν

2082 1201 2240 1255 λαιὰν
2259 1202 2420 1266 εὐθὺς
2439 1205 2467 1254 6
2489 1202 2714 1271 πάσχων
2735 1201 3011 1266 ἐξέτεινεν
3035 1215 3048 1231 ·
3075 1200 3169 1252 καὶ
3205 1197 3365 1251 πάλιν
3395 1197 3522 1259 τοὺς
3554 1195 3677 1256 τοῖς

2084 1295 2213 1346 ποσὶ
2233 1293 2326 1347 τοῦ
2353 1293 2544 1358 ξοάνου
2581 1293 3042 1364 προσηλωμένους
3072 1292 3235 1362 ἥλους
3265 1289 3676 1348 ὲκσπάσαντες,

2083 1387 2210 1449 τοὺς
2233 1386 2397 1447 πόδας
2419 1387 2447 1438 6
2486 1385 2766 1457 ἄρρωστος
2800 1385 2992 1457 ὀδύνης
3011 1384 3211 1455 --χωρὶς
3242 1382 3336 1435 καὶ
3365 1378 3671 1449 ἀλγηδόνος

2084 1478 2535 1549 ἐκίνησεν.”Οθεν’
2552 1477 2806 1548 δρομαῖος
2835 1476 3097 1540 ἀναστάς,
3130 1477 3196 1546 τῇ
3233 1472 3378 1544 σορῷ
3415 1471 3524 1524 τῶν
3559 1470 3680 1523 λει-

2083 1568 2271 1637 ψάνων
2299 1568 2410 1621 τῶν
2443 1568 2617 1636 ἁγίων
2646 1566 3020 1639 προσέδραμε,
3057 1565 3153 1620 καὶ
3189 1565 3316 1628 τοὺς
3343 1563 3536 1630 ἁγίους
3568 1577 3673 1631 με-

2087 1658 2418 1728 γαλοφώνως
2450 1658 2755 1729 ἀνύμνησε,
2825 1658 3139 1729 μετεώρους
3202 1655 3424 1718 καὶτὰς
3473 1657 3675 1725 χεῖρας

389 1758 444 1804 et
475 1751 858 1806 eollaudautes
891 1767 986 1807 eos
1025 1752 1120 1822 qui
1169 1751 1417 1807 viderant
1467 1753 1693 1808 habens.
1731 1750 1843 1807 Nos
1877 1769 1971 1806 au-

2085 1750 2414 1818 ποιούμενος,
2446 1752 2540 1804 κα.)⁸
2567 1753 2976 1821 συνυμνοῦντας
3002 1751 3142 1822 ἔχων
3177 1752 3297 1814 τοὺς
3334 1749 3667 1820 βλέποντας.

391 1854 498 1895 tem
535 1853 802 1914 martyres
835 1857 1094 1915 tanquam
1135 1853 1390 1919 potentes
1419 1844 1616 1900 iterum
1649 1846 1975 1916 hymnizan-

392 1945 496 1996 tes,
537 1944 593 1990 et
651 1945 973 2005 praesentem
1038 1938 1434 2003 narrationem,
1493 1938 1650 2007 quasi
1716 1953 1975 1992 coronam

395 2027 676 2082 miraculis
706 2043 827 2098 quae
850 2028 902 2081 in
933 2027 1338 2082 Alexandrinos
1363 2043 1392 2082 a
1418 2029 1578 2083 nobis
1603 2028 1809 2098 scripta
1846 2037 1975 2083 sunt

393 2117 684 2173 ailerentes
711 2159 726 2182 ,
753 2133 816 2172 ea
846 2134 968 2187 quae
1027 2118 1080 2172 in
1113 2117 1402 2190 Egyptios
1437 2128 1487 2173 te
1538 2117 1740 2192 Libyes
1772 2122 1976 2188 scripta

393 2218 522 2260 sunt
571 2207 909 2278 jamjamque
969 2208 1300 2278 incipimus,
1353 2207 1634 2264 Christum
1687 2209 1974 2264 Dominum

395 2310 645 2353 nostrum
692 2300 1008 2368 largitorem
1049 2300 1210 2354 nobis
1249 2300 1401 2354 verbi
1442 2301 1554 2354 fieri
1592 2301 1974 2370 deprecantes,

394 2392 666 2462 simulque
703 2390 908 2463 Cyrum
955 2407 1020 2447 ac
1068 2391 1335 2448 Joannem
1391 2402 1660 2464 martyres
1711 2393 1976 2448 miracula

395 2502 460 2539 ex
496 2486 614 2552 ipso
651 2491 952 2555 patrantes.

395 2617 661 2672 INITIUM
709 2614 1221 2670 MIRACULORUM
1261 2615 1429 2680 QllIE
1477 2616 1546 2670 ΙΝ
1599 2615 1978 2674 ὶΕϐΥΡΤΙΟὸ

750 2686 835 2740 ET
871 2685 1120 2742 LIBYOS
1153 2685 1449 2742 SCRIPTA
1488 2684 1695 2744 SUNT.

463 2801 709 2858 XXXVI.
763 2801 841 2857 De
897 2801 1174 2926 Tlteodlorg
1228 2801 1554 2922 stubdiacono
1613 2804 1909 2874 podagram

1088 2891 1141 2926 ia
1177 2889 1240 2926 en
1266 2890 1313 2926 e.

1088 2889 1313 2926 iaoeme.

465 2985 851 3040 Alexandriam
887 2985 1103 3058 Egypti
1138 2995 1304 3057 atque
1338 2986 1630 3058 Libyarum
1668 2988 1832 3042 audio
1857 3000 1981 3043 esse

2092 1842 2284 1913 Ἡμεῖς
2313 1842 2370 1896 δὲ
2399 1844 2568 1896 πάλιν
2609 1844 2736 1906 τοὺς
2766 1843 3054 1914 μάρτυρας
3076 1844 3150 1907 ὡς
3177 1841 3398 1896 δυνατὸν
3421 1839 3678 1909 ἀνυμνή-

2080 1952 2294 2000 σαντες,
2352 1935 2446 1988 καὶ
2497 1935 2598 2006 τὴν
2639 1936 2922 2005 παροῦσαν
2965 1935 3219 2006 διήγησιν
3243 1931 3515 2004 κορωνίδα
3549 1933 3672 2000 τοῖς

2079 2025 2351 2097 θαύμασιν
2405 2029 2517 2091 τοῖς
2563 2027 2643 2090 είς
2708 2027 3101 2098 ’Λλεξανδρέας
3156 2027 3450 2098 γραφεῖσιν
3506 2023 3676 2094 ἡμῶν

2079 2118 2504 2186 ἐπενέγκαντες,
2530 2119 2640 2171 τῶν
2668 2120 2748 2180 είς
2767 2117 3098 2186 Αἰγυπτίους
3120 2118 3217 2170 καὶ
3240 2115 3451 2178 Λίϐυας
3481 2115 3682 2167 λοιπὸν

2078 2209 2472 2278 ἀπαρξώμεθα,
2502 2210 2734 2279 Χριστὸν
2764 2209 2857 2262 τὸν
2891 2208 3024 2262 Θεὺν
3053 2208 3214 2279 ἡμῶν
3246 2207 3486 2278 χορηγὸν
3532 2207 3680 2276 ἡμῖν

2076 2299 2172 2354 τοῦ
2201 2301 2360 2368 λόγου
2385 2300 2638 2368 γενέσθαι
2669 2300 3131 2371 πρεσϐεύσαντες,
3153 2299 3391 2362 καὶτοὺς
3414 2299 3475 2365 ἐξ
3503 2297 3677 2352 αὐτοῦ

2077 2392 2320 2458 δρῶντας
2345 2391 2412 2444 τὰ
2442 2390 2698 2462 θαύματα
2747 2393 2930 2466 Κῦρον
2956 2393 3051 2448 καὶ
3083 2393 3339 2464 Ἰωάννην
3363 2392 3491 2455 τοὺς
3516 2391 3666 2462 μάρ-

2079 2502 2276 2557 τυρας.

2078 2618 2268 2675 ΑΡΧΗ
2311 2616 2450 2670 ΤΩΝ
2486 2618 2594 2670 ΕΙΣ
2629 2617 3044 2672 ΑΙΓΥΠΊἸΟΥΣ
3075 2619 3196 2670 ΚΑΙ
3228 2616 3482 2670 ΛΙΒΥΛΣ
3513 2616 3675 2670 ΓΡΛ-

2513 2689 2649 2742 ΦΕΝ
2654 2689 2791 2742 ΤΩΝ
2829 2688 3237 2742 ΘΑΥΜΛΤΩΝ.

2079 2763 2219 2872 Δεῖν.
2251 2802 2392 2872 Περί
2431 2799 2880 2926 Θεοδώρουέτοῦ
2909 2801 3320 2857 ὑποδιακόνου
3359 2800 3670 2871 ποδάγραν

2774 2889 3012 2926 γον-τοο.

2769 2889 3012 2942 κοντος.

2163 2987 2576 3060 Ἀλεξάνδρειαν
2632 2989 2914 3057 Λίγύπτου
2943 2988 3039 3042 καὶ
3089 2986 3307 3041 Λιϐύων
3345 2987 3530 3042 ἀκούω
3562 3004 3672 3058 μη-

395 3080 764 3149 metropolim,
813 3088 866 3134 et
923 3083 993 3134 ab
1052 3080 1152 3134 hac
1214 3078 1553 3148 soparandos
1612 3096 1717 3134 non
1767 3079 1976 3149 justum

2085 3081 2341 3151 τρόπολιν
2390 3081 2554 3154 (21),’
2587 3082 2683 3134 καὶ
2725 3079 2932 3150 ταύτης
2960 3080 3219 3150 χωρίζειν
3241 3080 3301 3132 οὐ
3329 3079 3537 3133 δίκαιον
3563 3078 3664 3134 Δί-

393 3168 682 3241 Ᾱῐεγριίοε
733 3179 828 3226 aut
884 3169 1090 3243 Libyos
1144 3170 1422 3234 duxerim,
1456 3185 1692 3240 quorum
1742 3185 1866 3224 cum
1908 3171 1978 3227 sit

393 3271 578 3332 caput,
612 3263 791 3328 radix,
829 3265 962 3334 quin
999 3264 1163 3318 etiam
1197 3263 1424 3334 crepido
1469 3263 1634 3318 simul
1680 3273 1736 3317 et
1779 3263 1980 3320 funda-

397 3363 664 3420 mentum,
705 3354 824 3411 sine
883 3357 972 3410 his
1019 3355 1148 3424 quia
1202 3371 1304 3410 nec
1359 3357 1477 3426 ipsa
1525 3356 1640 3409 vult
1693 3370 1980 3427 apparere,

397 3460 498 3501 nec
532 3448 740 3516 absque
772 3446 873 3501 hac
917 3447 1106 3519 Libya,
1140 3447 1222 3501 vel
1268 3445 1561 3518 Egyptns,
1595 3447 1855 3516 quoniam
1887 3463 1984 3504 ne-

395 3553 502 3608 que
529 3553 737 3616 corpus
782 3539 917 3595 vivit
947 3554 976 3592 a
1025 3541 1205 3610 capite
1249 3547 1588 3608 separatum,
1625 3554 1801 3607 neque
1844 3540 1979 3594 rami

357 3627 425 3679 'a
471 3627 662 3684 radice
712 3629 874 3685 recisi
927 3637 1250 3700 permanent
1301 3629 1606 3696 fructuosi;
1646 3631 1778 3701 quin
1815 3631 1979 3686 etiam

399 3718 488 3772 ubi
516 3718 738 3788 crepido
765 3719 1026 3786 defuerit,
1051 3720 1405 3774 simulacrum
1427 3735 1537 3774 non
1565 3720 1684 3774 sine
1709 3735 1841 3776 casu
1866 3728 1984 3775 sta-

401 3813 499 3875 bit,
533 3812 997 3882 quemadmodum
1051 3827 1154 3867 nec
1214 3812 1571 3867 fundamento
1616 3827 1810 3866 carens
1865 3827 1985 3866 ma-

400 3916 529 3956 nere
592 3903 789 3970 poterit
848 3901 1178 3966 aediﬁcium;
1238 3901 1386 3955 unde
1445 3915 1789 3968 consequens
1859 3903 2024 3954 esse'

401 4009 525 4048 reor
561 4003 612 4047 rt
646 3995 880 4064 justum,
915 4001 973 4048 ut
1021 3995 1167 4048 sicut
1207 3994 1372 4062 capiti
1414 4007 1639 4061 corpus,
1679 3991 1846 4045 radici
1893 4007 1984 4044 ra-

400 4101 542 4150 mus,
576 4086 843 4156 crepidini
892 4085 1272 4148 simulacrum,
1315 4091 1370 4138 et
1417 4083 1773 4136 fundamento
1811 4082 1983 4137 aedili-

397 4177 568 4238 cium,
603 4176 862 4229 haerentia
901 4176 1049 4229 clara
1090 4183 1220 4230 sunt
1261 4183 1318 4229 et
1368 4174 1489 4228 sine
1530 4172 1874 4237 discrimine,
1910 4175 1983 4228 ita

2081 3173 2347 3243 γυπτίους
2391 3171 2630 3245 ἠγοῦμαι
2685 3175 2780 3226 καὶ
2840 3172 3064 3238 Λίϐυας,
3109 3166 3185 3226 ὧν
3233 3173 3448 3243 κεφαλή
3481 3190 3541 3225 τε
3575 3173 3673 3226 καῖΙ

2086 3266 2211 3337 ῥίζα
2228 3267 2596 3336 τυγχάνουσα.
2623 3265 2686 3318 ού
2719 3264 2828 3336 μὴν
2851 3263 2988 3318 ἀλλὰ
3041 3265 3138 3318 καὶ
3162 3265 3368 3336 κρηπὶς
3394 3265 3489 3318 καὶ
3511 3263 3681 3335 θεμέ-

2083 3360 2197 3421 λιος
2215 3373 2230 3387 ⁸
2261 3358 2468 3411 τούτων
2489 3357 2644 3420 ἐκτὸς
2673 3356 2786 3410 οὐδ’
2813 3357 2950 3427 αὐτὴ
2975 3355 3224 3425 βούλεται
3241 3355 3519 3424 γενέσθαι,
3552 3354 3683 3408 οὐδὲ

2083 3447 2291 3518 ταύτης
2317 3445 2491 3517 Λιϐύη
2513 3448 2610 3499 καὶ
2639 3447 2935 3514 Λίγυπτος,
2966 3445 3089 3497 ἐπεὶ⁸
3129 3444 3262 3516 μηδὲ
3295 3445 3456 3514 σῶμα
3478 3443 3544 3515 ζῇ
3575 3444 3685 3513 τῆς

2085 3539 2330 3609 κεφαλῆς
2390 3538 2784 3608 χωριζόμενον,
2844 3537 2978 3608 μηδὲ
3013 3536 3169 3608 ῥίζης
3201 3538 3250 3590 οἱ
3272 3535 3457 3589 κλάδοι
3480 3535 3688 3606 τεμνό-

2088 3645 2239 3699 μενοι
2269 3629 2522 3698 μένουσιν
2541 3628 2832 3698 ἔγκαρποι,
2865 3628 3002 3698 μήτε
3025 3629 3131 3698 μὴν
3154 3627 3421 3698 κρηπῖδος
3449 3625 3628 3696 ληφθε
3639 3626 3688 3677 ί-

2087 3737 2187 3791 σης
2209 3721 2462 3776 ἄπτωτον
2508 3721 2732 3792 ἄγαλμα
2765 3723 3045 3791 στήσεται,
3083 3721 3220 3791 μήτε
3261 3719 3518 3790 θεμελίου
3556 3736 3689 3772 στε-

2089 3813 2350 3883 ρούμενον
2367 3811 2548 3884 μένειν
2571 3812 2910 3882 οἰκοδόμημα
2938 3810 3363 3867 δύναται.”Οθεν
3391 3811 3690 3865 ἀκόλουθον

2086 3903 2240 3974 οἶμαι
2274 3906 2369 3958 καὶ
2398 3905 2635 3969 δίκαιον,
2665 3903 2740 3967 ὼς
2769 3904 2982 3975 κεφαλῇ
3015 3905 3076 3958 τὸ
3105 3904 3263 3974 σῶμα
3291 3903 3686 3974 συγκείμενον,

2095 3998 2194 4051 καὶ
2248 3997 2373 4069 ῥίζῃ
2402 3996 2492 4050 τὸν
2524 3997 2768 4068 θρπηκα,
2829 3997 2924 4051 καὶ
2955 3997 3183 4069 κρηπῖδι
3209 3997 3270 4049 τὸ
3296 3995 3541 4064 ἄγαλμα,
3590 3996 3691 4047 καὶ

2087 4090 2325 4161 θεμελίῳ
2355 4089 2414 4143 τὸ
2447 4089 2677 4160 οἴκημα,
2712 4089 2944 4161 λαμπρά
2972 4089 3030 4142 τέ
3059 4092 3178 4142 ἐστι
3235 4089 3330 4143 καὶ
3381 4088 3640 4142 ἀκίνδυνα
3665 4105 3684 4118 ·

2086 4182 2260 4246 οὕτως
2303 4180 2683 4253 Ἀλεξανδρείᾳ
2734 4181 2912 4252 Λιϐύη
2961 4180 3364 4252 συνταττομένη
3385 4181 3479 4233 καὶ
3509 4180 3688 4246 Λίγυ-

394 4277 451 4320 et
503 4283 630 4320 cum
681 4267 1034 4329 Alexandria,
1072 4266 1242 4338 Libya
1294 4267 1377 4322 vel
1433 4265 1706 4337 Aigyptus
1757 4268 1810 4321 in
1854 4265 1979 4339 Cyri

2091 4289 2222 4334 πτος
2248 4273 2306 4323 ἐν
2343 4274 2455 4335 τοῖς
2499 4270 2608 4323 τῶν
2637 4269 2934 4341 θαυμάτων
2957 4269 3140 4340 Κύρου
3164 4271 3258 4323 καὶ
3282 4269 3532 4322 Ἰωάννου
3559 4284 3689 4318 συν-

397 4357 736 4428 .Ioanuisque
776 4358 1172 4414 miraculorum
1226 4359 1390 4424 serie,
1422 4359 1674 4414 ordinate
1710 4362 1979 4430 gaudeant

2090 4365 2394 4434 τάγμασιν,
2446 4363 2699 4433 χαίρουσι
2738 4380 2798 4416 τε
2852 4364 2947 4416 καὶ
3007 4362 3305 4433 τέρπονται
3357 4363 3424 4431 τῇ
3480 4359 3689 4428 ταύτης

398 4459 452 4504 et
505 4451 1069 4520 delectentur,.hujus
1115 4453 1370 4508 claritate
1425 4451 1716 4524 fulgentes,
1751 4463 1806 4508 et
1855 4464 1979 4508 tan-

2087 4455 2408 4526 φαιδρότητι
2459 4455 2956 4527 λαμπρυνόμεναι,
2992 4456 3087 4510 καὶ
3144 4454 3220 4517 ὡς
3277 4453 3557 4515 κοινωνοῖς
3600 4468 3690 4504 σε-

399 4558 564 4609 quam
603 4543 769 4597 sociae
820 4543 1120 4613 gloriantes
1174 4558 1340 4613 super
1394 4552 1711 4599 sanctorum
1772 4545 1979 4600 liberali

2091 4547 2420 4617 μνυνόμεναι
2457 4547 2552 4600 τοῦ
2585 4546 2696 4599 τῶν
2725 4547 2895 4616 ἁγίων
2927 4547 3332 4618 μεγαλόφρονος
3383 4544 3690 4614 κτήματος.

403 4633 734 4688 mirabilium
789 4636 1141 4705 possessione
1177 4645 1479 4706 gestorum.
1534 4635 1672 4705 Ergo
1723 4639 1979 4691 uniantur

2089 4639 2300 4694 οὐκοῦν
2359 4641 2702 4695 ἑνούσθωσαν
2733 4640 3176 4710 Ἀλεξανδρεῦσιν
3227 4639 3539 4707 Αἲγύπτιοι,
3595 4637 3694 4689 καὶ

400 4713 787 4782 Alexandrinis
815 4728 1084 4800 Egyptii,
1117 4737 1171 4783 et
1217 4729 1287 4784 ab
1317 4729 1401 4784 his
1431 4728 1590 4800 Libyi
1626 4745 1731 4783 non
1769 4729 1979 4783 abscin-

2089 4733 2301 4786 τούτων
2331 4733 2380 4785 οἱ
2400 4732 2598 4796 Λίϐυες
2618 4731 2692 4802 μὴ
2710 4731 3121 4802 τεμνέσθωσαν,
3147 4730 3224 4793 ὡς
3245 4728 3464 4797 γονεῦσι
3493 4726 3689 4789 παῖδες

403 4823 624 4880 dantur.
672 4821 836 4876 veluti
889 4822 985 4875 lilii
1022 4831 1278 4892 parentes
1308 4822 1528 4885 sectati,
1557 4831 1612 4876 et
1642 4822 1889 4876 eamdem
1933 4821 1979 4875 in

2093 4824 2387 4894 ἀγόμενοι,
2423 4823 2516 4876 καὶ
2567 4821 2667 4892 τὴν
2708 4820 2877 4891 αὐτὴν
2926 4820 3020 4873 ἐπὶ
3075 4821 3188 4882 τοῖς
3223 4819 3466 4889 μάρτυσι
3522 4813 3691 4879 δόξαν

405 4915 739 4985 mmtyribus
772 4915 1080 4970 claritatem
1109 4923 1421 4984 carpentes,
1455 4919 1511 4968 et
1555 4915 1785 4982 gloriam
1822 4931 1979 4969 unam

2095 4913 2494 4985 καρπούμενοι,
2524 4913 2620 4966 καὶ
2654 4911 2809 4976 κλέος
2835 4911 2896 4964 ἓν
2921 4910 3219 4981 ἀμέριστον
3237 4908 3484 4979 ¹ἔχοντες.

403 5019 448 5061 ιιι
489 5007 877 5077 impartibilem
913 5007 1288 5078 possidentes.

477 5099 801 5168 l’rml‘ulgeat
854 5099 1022 5170 igitur
1073 5099 1129 5154 in
1181 5099 1561 5169 IEgyptiorum
1603 5106 1656 5151 et
1695 5096 1979 5167 Libyoruu

2173 5091 2554 5164 Προλαμπέτω
2612 5091 2793 5145 τοίνυν
2833 5089 3151 5158 Λίγυπτὶων
3184 5088 3323 5159 ὁμοῦ
3350 5088 3444 5142 καὶ
3470 5087 3692 5142 Λιϐύων

406 5196 688 5250 miraculis
712 5194 1062 5260 Theodorus,
1095 5195 1189 5260 qui
1220 5195 1288 5248 ab
1317 5191 1537 5265 Egypti
1571 5192 1792 5246 civitate
1812 5191 1979 5244 Their

2100 5188 2158 5240 ὲν
2188 5186 2462 5256 θαύμασιν
2481 5187 2509 5237 6
2535 5185 2602 5237 ἐκ
2625 5183 2897 5252 Θεννήσου
2911 5181 3187 5248 Θεόδωρος
3217 5179 3396 5250 (πόλις
3427 5179 3566 5250 αὕτη
3592 5180 3694 5249 τῆς

409 5301 540 5340 ueso
580 5286 802 5343 nomine
841 5285 1066 5358 prodiit,
1106 5287 1201 5357 qui
1246 5294 1378 5340 tunc
1410 5284 1627 5356 quidem
1674 5299 1797 5338 eum
1836 5283 1979 5337 laici!

2099 5280 2376 5347 Δίγύπτου
2405 5278 2835 5349 καθέστηκεν),ὁ
2857 5276 2978 5330 τότε
2999 5275 3096 5347 μὲν
3117 5277 3176 5329 ἐν
3193 5273 3402 5337 λαῖκοῖς
3426 5270 3695 5345 ἀριθμού-

408 5378 934 5447 connumerabatur,
970 5387 1025 5436 et
1071 5378 1160 5436 his
1194 5378 1286 5450 qui
1331 5393 1391 5433 se
1428 5393 1459 5431 a
1498 5376 1768 5431 catholica
1804 5374 1979 5429 Eccle-

2108 5389 2267 5445 μενος
2289 5371 2383 5425 καὶ
2408 5374 2522 5436 τοῖς
2555 5370 2885 5441 Ἐκκλησίας
2914 5369 3014 5438 τῆς
3038 5366 3338 5438 καθολικῆς
3361 5362 3695 5434 ἀποσχίζω-

1963 5551 2194 5608 NOTAE.

483 5645 777 5712 (2|)lluuc
812 5648 990 5703 locum
1027 5649 1130 5704 sub
1178 5650 1355 5721 sancti
1414 5647 1710 5721 Sophronii
1764 5646 2164 5721 archiepiscopi
2225 5644 2709 5716 llierosolymitani
2747 5643 2996 5701 ‘nomine
3060 5641 3249 5697 laudat
3305 5635 3546 5696 secunda
3598 5634 3691 5690 Ni-

417 5733 564 5771 neua
591 5721 854 5785 synodus.
890 5729 998 5776 act.
1024 5722 1076 5786 4,
1115 5731 1152 5774 t.
1191 5719 1325 5787 Xlll,
1361 5720 1446 5775 ed.
1484 5719 1729 5774 Florent.
1765 5719 1868 5772 col.
1907 5718 1997 5771 57.
