4020 6204
407 310 552 376 3549

1408 317 1513 379 SS.
1556 318 1732 380 CYHI
1760 320 1854 379 ET
1891 319 2214 379 JOANNIS
2238 321 2655 383 MIRACULA.

3532 327 3675 390 3550

408 447 512 495 σιν,
535 429 653 482 νυνὶ
677 428 733 482 δὲ
766 428 902 484 Θεοῦ
933 431 1116 501 χάριτι
1143 431 1237 485 καὶ
1270 435 1565 506 μαρτύρων
1591 434 1860 506 φωτισμῷ
1892 436 1988 489 καὶ

2108 437 2172 491 tia
2202 437 2494 504 scindunt;
2537 452 2686 492 nunc
2719 447 2902 491 autem
2930 436 3024 492 Dei
3075 446 3247 507 gratia
3275 453 3330 496 et
3374 449 3674 510 martyrum

407 520 809 593 προστάγματι,
831 523 927 575 καὶ
955 524 1016 578 ὲν
1050 524 1163 587 τοῖς
1188 516 1399 594 ταύτης
1422 526 1579 579 παισὶ
1608 525 1985 596 λογιζόμενος,

409 612 505 669 καὶ
530 612 744 683 βαθμοῦ
764 612 944 684 τυχὼν
968 608 1249 685 ἱερατικοῦ
1265 615 1361 669 τοῦ
1391 617 1533 687 μετά
1555 617 1685 680 τοὺς
1707 617 1992 679 διακόνους

406 703 767 775 ὑπάρχοντος.
833 704 930 757 καὶ⁸
979 705 1313 775 λειτουργῶν
1340 706 1415 771 ὼς
1438 706 1788 769 ύποδιάκονος
1824 706 1883 759 ὲν
1913 705 1992 776 τῷ

409 795 731 866 σεπτῷ’τῶν
763 796 937 863 ἀγίων
967 797 1251 869 οίκήματι.
1281 791 1470 861 Οὗτος,
1494 797 1567 861 ὥς
1594 814 1777 866 φασιν,
1799 799 1828 851 ό
1859 797 1991 851 Θεό-

407 887 578 958 δωρος
608 888 671 941 ὲκ
700 886 828 951 νέας
885 887 1101 959 ἡλικίας
1138 887 1216 958 τῷ
1275 888 1387 942 τῶν
1438 887 1615 942 ποδῶν
1672 888 1992 959 περιπίπτει

408 977 700 1050 νοσήματι,
750 978 889 1050 ὅπερ
950 979 1124 1049 ἰατροὶ
1167 978 1471 1048 ποδάγραν,
1502 978 1577 1041 ὠς
1603 974 1778 1047 οἶμαι,
1811 978 1993 1044 καλῶς

414 1070 891 1140 προσηγόρευσαν,
929 1068 1022 1123 διά
1043 1071 1144 1140 τήν
1187 1068 1283 1123 τοῦ
1322 1069 1528 1135 πάθους
1558 1069 1759 1141 πολλὴν
1806 1070 1994 1142 ἀγριό-

411 1173 569 1229 τητα.
604 1159 819 1229 Ὠσπερ
869 1161 978 1231 γὰρ
1028 1160 1136 1212 τῶν
1173 1158 1356 1231 θηρῶν
1393 1160 1709 1231 ἀγριώτεροι
1745 1160 1992 1229 φυσικῶς

413 1250 766 1321 τὸάνήμερον
810 1251 1005 1321 ἔχοντα
1058 1253 1173 1315 τοῖς
1226 1252 1470 1325 ἡμεροῦν
1534 1254 1811 1309 ἐθέλουσίν
1853 1257 1992 1309 εἰσιν

414 1343 763 1399 ἀνυπότακτα
792 1341 1185 1397 τιθασσεύοντα
1240 1342 1454 1413 χαλινὸν
1501 1343 1766 1415 δεχόμενα
1798 1363 1813 1377 ο
1850 1344 1993 1399 οὕτω

416 1433 687 1488 καὶτοῦτο
713 1433 775 1487 τὸ
797 1435 1073 1506 ἀνήμερον
1102 1435 1335 1506 νόσημα,
1366 1436 1554 1489 παισὶν
1583 1436 1782 1507 ἰατρῶν
1810 1437 1990 1507 ὑπάρ-

416 1543 510 1596 χον
552 1525 867 1593 ἀτίθασσον,
939 1527 1128 1595 ὑγείας
1178 1527 1397 1598 χαλινὸν
1424 1527 1525 1581 οὐκ
1574 1527 1849 1599 ἀνέχεται,
1875 1529 1991 1584 ἀλλ’

416 1621 612 1684 αὐτοὺς
632 1621 759 1684 τοὺς
799 1619 1276 1691 προσφερομένους
1304 1619 1451 1690 αὖτῷ
1478 1622 1595 1684 τοῖς
1626 1619 1992 1693 βοηθήμασιν,

415 1712 606 1785 ῶσπερ
634 1713 694 1780 ἐξ
721 1714 967 1784 ἀράχνης
1007 1712 1164 1774 ὄντας
1189 1712 1497 1784 περικόψαν
1528 1713 1855 1784 ἀπέρχεται,
1886 1713 1987 1786 τὴν

416 1805 624 1860 οἰκείαν
653 1803 918 1859 ἀναλαϐὸν
950 1804 1271 1875 ἀγριότητα.

446 1920 451 1927 ·
489 1894 679 1965 Τούτῳ
708 1893 1026 1965 περιπεσὼν
1048 1896 1076 1946 ὀ
1095 1894 1371 1965 Θεόδωρος
1388 1895 1452 1947 ὲκ
1470 1893 1728 1966 βραχείας
1753 1895 1993 1964 ἡλικίας,

417 1990 494 2052 ὡς
515 1987 748 2058 ἔφημεν,
774 1985 1081 2058 προκόπτον
1110 1981 1223 2056 εἶχε
1242 1985 1306 2039 τὸ
1335 1985 1507 2049 πάθος
1535 1986 1831 2057 ἀφόρητον·
1858 1987 1996 2057 ὅπερ

420 2080 560 2136 κατὰ
594 2079 705 2132 τῶν
752 2078 905 2144 ζώων
930 2078 1264 2148 γεννήματα,
1299 2076 1396 2131 καὶ
1438 2077 1621 2144 φυτῶν
1647 2076 1742 2130 καὶ
1761 2076 1997 2146 δένδρων

427 2172 775 2242 βλαστήματα
801 2169 871 2223 τά
898 2168 997 2241 τήν
1025 2169 1234 2223 οἰκείαν
1254 2168 1464 2239 ἀρετὴν
1496 2167 1593 2222 καὶ
1619 2167 1905 2234 εὐγένειαν
1935 2169 2000 2221 ὲκ

428 2264 723 2337 προοιμίων
768 2262 931 2326 εὐθὺς
980 2259 1392 2329 ἐνδεικνύμενα,
1453 2261 1520 2332 ἠν
1569 2259 1714 2331 ἔχειν
1771 2258 1999 2328 εὐφυΐαν

426 2358 614 2414 ἔπειτα
648 2354 954 2427 μέλλουσιν,
986 2356 1097 2417 τοῖς
1117 2353 1313 2406 εἰδόσιν
1338 2353 1469 2423 ὁρᾷν
1502 2354 1567 2406 ἐκ
1596 2354 1807 2423 μήτρας
1832 2351 2000 2421 αὐτῆς

424 2451 520 2506 καὶ
531 2449 673 2519 φυῆς
694 2447 1210 2520 παραστράπτοντα·
1241 2446 1336 2499 καὶ
1358 2446 1491 2500 αὐτὸ
1516 2446 1576 2498 τδ
1603 2444 1800 2498 ἑαυτοῦ
1832 2443 2001 2512 φανὲν

426 2541 838 2614 προσεδείκνυεν
889 2540 1137 2610 μέγεθος,
1163 2540 1237 2603 ὡς
1267 2538 1470 2609 πόρους
1529 2537 1691 2599 εὐθὺς
1739 2535 2002 2599 δυσειδεῖς

426 2633 521 2687 καὶ
569 2631 971 2703 προκόπτοντας
1035 2627 1125 2684 ἐπί
1142 2646 1203 2682 τε
1232 2626 1408 2682 ποδῶν
1434 2627 1529 2680 καὶ
1554 2625 1755 2697 χειρῶν
1795 2628 1862 2697 τῇ
1892 2626 2003 2679 τῶν

426 2716 733 2791 ἀλγηδόνων
767 2714 1424 2793 βλαστῆσαιισφοδρότητι
1469 2714 1560 2767 καὶ
1590 2717 1655 2784 τῇ
1689 2714 2005 2786 πανομερέᾳ

424 2814 523 2868 τοῦ
549 2812 756 2883 συχνῶς
781 2810 1213 2875 καταστάζοντος
1244 2808 1533 2882 ῥεύματος.
1555 2808 2006 2865 Μετεπλάττοντο

429 2907 537 2977 γάρ
565 2903 713 2975 αὐτῷ
750 2902 884 2974 πρὸς
933 2902 1099 2955 λίθων
1129 2902 1410 2973 ἀμορφίαν
1439 2901 1490 2953 οί
1518 2899 1797 2962 δάκτυλοι,
1837 2900 2005 2970 μήπω

429 2997 640 3060 τελείας
672 2995 927 3066 τυχόντες
956 2992 1241 3063 αὐξήσεως
1261 3010 1275 3025 ο
1311 2992 1406 3046 καὶ
1435 2991 1545 3045 τῶν
1580 2990 1760 3045 ποδῶν
1795 2993 1843 3044 οί
1878 3007 2007 3060 ταρ-

2096 527 2496 583 illuminatione
2543 538 2708 598 atque
2747 537 3041 598 pracepto,
3070 536 3125 583 et
3171 544 3297 585 cum
3344 531 3510 601 hujus
3548 533 3678 589 ﬁliis

2092 616 2385 692 deputatus
2414 628 2692 674 sacratum
2745 620 2996 690 gradum,
3021 620 3115 689 qui
3146 629 3232 674 est
3264 630 3389 690 post
3417 623 3677 679 diacones

2094 716 2445 773 consecutus,
2476 718 2530 764 et
2561 710 2837 765 ministrat
2884 717 2944 765 ut
2991 711 3367 768 subdiaconus
3406 713 3460 767 iu
3512 730 3677 769 vene-

2094 800 2254 856 rabili
2300 810 2616 856 sanctorum
2662 802 3001 858 habitaculo.
3045 802 3144 858 Hic
3196 812 3256 858 ut
3295 804 3469 861 fertur
3501 804 3680 861 Theo-

2094 891 2265 948 dorus
2298 893 2365 945 ab
2398 892 2622 947 ineunte
2650 901 2809 947 atate
2841 894 3038 963 pedum
3071 895 3386 965 languorem
3419 897 3675 960 incurrit.

2095 1001 2257 1055 quem
2272 984 2423 1061 obene
2446 992 2505 1038 ut
2536 999 2661 1039 reor
2689 984 2886 1041 medici
2913 985 3207 1056 podagram
3239 988 3676 1057 appellaverunt.

2093 1076 2164 1131 ob
2221 1075 2448 1129 multam
2503 1075 2717 1130 scilicet
2773 1076 3118 1146 aegritudinis
3169 1076 3462 1134 feritatem.
3520 1078 3680 1134 Sicut

2094 1167 2239 1222 enim
2268 1166 2565 1223 ferociores
2607 1166 2793 1223 bestiae
2828 1175 3022 1222 natura
3059 1168 3296 1225 immites
3326 1171 3679 1234 exsistentes.

2093 1265 2150 1314 et
2199 1257 2283 1312 his
2313 1257 2405 1326 qui
2436 1257 2535 1312 has
2563 1256 2977 1313 mansuefacere
2998 1258 3188 1312 volunt
3211 1274 3273 1314 se
3295 1260 3519 1316 minime
3545 1263 3682 1316 sub-

2093 1347 2249 1413 dunt,
2266 1354 2320 1402 et
2336 1347 2463 1401 dum
2480 1346 2717 1417 mitigari
2736 1355 3039 1410 tentantur,
3059 1346 3272 1403 frenum
3294 1365 3402 1403 non
3420 1350 3683 1421 recipien-

2096 1450 2180 1495 tes
2211 1440 2508 1504 resultant;
2542 1438 2613 1492 ita
2651 1446 2705 1493 et
2737 1438 2825 1493 hic
2858 1439 3263 1495 immitissimus
3291 1441 3525 1512 languor
3549 1459 3678 1498 cum

2093 1532 2166 1587 sit
2186 1531 2475 1601 discipulis
2495 1531 2829 1586 medicorum
2850 1545 3079 1602 prorsus
3102 1532 3351 1597 immitis,
3377 1535 3682 1592 curationis

2096 1625 2248 1679 frena
2287 1638 2397 1678 non
2429 1624 2683 1685 sustinet.
2719 1624 2813 1678 sed
2840 1638 2968 1678 cum
3000 1624 3118 1678 haec
3159 1623 3264 1678 sibi
3293 1625 3458 1679 allata
3491 1625 3546 1679 in
3586 1640 3684 1680 att-

2099 1717 2288 1771 xilium
2315 1702 2551 1779 fuerint,
2584 1714 2745 1784 quiasi
2800 1731 2865 1769 ex
2898 1730 3097 1769 aranea
3127 1723 3385 1769 contexta
3412 1715 3608 1772 recidit
3631 1727 3686 1774 et

2101 1807 2397 1862 indomitus
2426 1805 2648 1869 recedit,
2674 1804 2892 1874 propria
2923 1804 3134 1859 feritate
3159 1812 3465 1874 resumpta.

2171 1897 2329 1953 Hunc
2358 1913 2482 1953 cum
2514 1897 2837 1951 incurrisset
2868 1911 2896 1949 a
2930 1910 3095 1965 parva
3126 1905 3186 1950 ut
3217 1896 3500 1950 innuimus
3527 1902 3688 1950 atate

2103 1989 2449 2055 Thr-odorus,
2502 2003 2823 2060 processum
2872 1988 3106 2043 habebat
3143 1987 3566 2052 intolerabilem,
3592 1985 3685 2056 qui

2105 2080 2407 2136 secundum
2456 2077 2776 2131 animalium
2823 2077 3101 2148 genimina
3155 2086 3211 2131 et
3270 2074 3579 2146 plantarum
3633 2083 3689 2130 ct

2105 2168 2366 2223 arborum
2396 2167 2664 2239 germina,
2698 2182 2820 2236 quae
2848 2167 3125 2235 propriam
3154 2167 3413 2222 virtutem
3443 2175 3499 2221 et
3525 2165 3688 2221 nobi-

2105 2260 2311 2315 litatem
2352 2274 2476 2313 mox
2511 2264 2548 2311 a'
2575 2257 2861 2327 principiis
2889 2257 3172 2322 exhibent,
3196 2272 3361 2325 quam
3403 2256 3689 2312 habiturus

2107 2350 2347 2407 indolem
2378 2357 2546 2413 esset,
2578 2349 2924 2420 postmodum
2954 2348 3041 2402 his
3067 2348 3158 2418 qui
3189 2346 3373 2402 videre
3405 2355 3688 2413 noverant,

2105 2459 2171 2496 ex
2213 2443 2332 2513 ipso
2372 2449 2525 2495 utero
2546 2448 2600 2495 et
2634 2440 2918 2494 nativitate
2958 2439 3419 2508 praemonstravit.
3454 2437 3691 2507 Ipseque

2109 2549 2380 2605 apparens
2419 2548 2574 2588 suam
2599 2531 2713 2601 jam
2751 2531 3186 2602 magnitudinem
3233 2529 3583 2594 ostendebat,
3615 2528 3692 2584 ita

2112 2639 2173 2685 ut
2214 2639 2427 2685 meatus
2475 2643 2597 2682 mox
2646 2627 2776 2682 findi
2812 2635 3151 2697 rumpentes,
3193 2635 3304 2681 tam
3353 2626 3408 2680 in
3460 2625 3694 2695 pedibus

2113 2737 2278 2792 quam
2313 2721 2368 2774 in
2400 2719 2654 2773 manibus
2676 2733 2743 2773 ex
2772 2717 3021 2772 dolormn
3051 2717 3382 2787 pullularent
3412 2715 3694 2771 nimietate

2113 2828 2264 2868 more
2318 2812 2620 2876 imbrium,
2680 2807 2954 2866 indefesse
3010 2816 3257 2863 reumate
3310 2806 3689 2862 distillantes:

2112 2901 2659 2972 transligurabantur
2694 2900 2841 2956 enim
2871 2900 2921 2955 ei
2952 2900 3111 2971 digiti
3143 2900 3197 2954 in
3228 2899 3470 2968 lapidum
3508 2895 3694 2953 defor-

2113 2995 2382 3060 mitatem,
2426 2993 2592 3047 etiam
2640 2991 2880 3047 nondum
2935 2991 3180 3060 perfecto
3222 2990 3567 3044 incremento
3606 2988 3693 3043 sui

432 3090 515 3144 σοὶ
542 3087 837 3159 ἐμιμοῦντο
863 3086 933 3139 τά
947 3086 1047 3156 τῆς
1066 3087 1169 3155 γῆς
1213 3085 1577 3154 ἀναστήματα
1595 3099 1612 3117 ·
1652 3082 1747 3137 καλ⁸
1771 3082 1911 3152 τάχα
1941 3082 1999 3135 ἂν

2116 3095 2406 3158 percepto;
2445 3094 2502 3140 et
2548 3085 2747 3155 pedum
2785 3084 3005 3153 plantae,
3036 3091 3196 3138 terra:
3228 3081 3481 3138 cumulos
3516 3080 3699 3135 imita-

430 3174 664 3236 οἱπόδες
687 3172 838 3244 αὐτῷ
866 3173 961 3226 καὶ
993 3174 1089 3226 σὺν
1108 3171 1319 3235 τούτοις
1348 3173 1404 3225 αἱ
1439 3174 1621 3243 χεῖρες
1650 3173 1787 3242 πρὸς
1833 3170 1999 3225 ταῦτα

2116 3180 2333 3234 bantur.
2366 3176 2431 3231 Et
2459 3176 2696 3233 fortasse
2721 3176 2885 3246 pedes
2912 3177 2961 3232 ei
2988 3185 3042 3230 et
3070 3189 3179 3230 una
3218 3190 3345 3231 cum
3376 3175 3463 3232 his
3501 3187 3698 3229 manus

436 3265 753 3339 μετέδαλον,
792 3266 893 3337 τὴν
934 3264 1141 3319 οίκείαν
1164 3320 1176 3335 ε
1200 3263 1418 3334 μορςνήν
1475 3262 1871 3333 ἀρνησάμενοι,
1914 3262 1999 3315 καῖ

2110 3272 2177 3326 ad
2204 3272 2316 3325 bzcc
2338 3272 2622 3325 translatae
2667 3267 2923 3333 fuissent,
2951 3267 3125 3322 forma
3151 3267 3373 3338 propria
3410 3265 3698 3336 denegata,

430 3359 494 3412 τὸ
531 3357 680 3426 σφῶν
703 3350 844 3421 εἶδος
873 3354 1146 3418 παντελῶς
1174 3352 1558 3418 διαλλάξαντες
1580 3370 1596 3386 ν
1633 3353 1684 3405 εί
1711 3352 1786 3423 μὴ
1826 3351 1999 3423 Κῦροι

2111 3368 2166 3413 et
2209 3359 2393 3428 specie
2434 3373 2533 3414 sua
2575 3357 2795 3428 penitus
2837 3357 3337 3422 commutata,‘~nisi
3377 3356 3580 3426 Cyrum
3610 3354 3699 3409 in-

436 3440 591 3519 εῦρεν
608 3449 675 3518 τῇ
692 3447 831 3517 νόσῳ
860 3446 1189 3517 μαχόμενον,
1222 3446 1316 3499 καὶ
1349 3443 1607 3514 Ἰωάννην
1628 3442 1721 3495 τὸν
1746 3442 1999 3514 μάρτυρα

2111 3453 2358 3508 venisset
2403 3459 2596 3507 contra
2652 3451 2903 3505 morbum
2940 3438 3299 3521 pugnantem,
3331 3460 3384 3504 et
3426 3446 3697 3503 Joannem

438 3538 526 3592 τὸν
548 3536 741 3591 τούτου
776 3534 1083 3606 συνόμι).ον.
1582 3594 1589 3600 ,

2117 3552 2408 3610 martyrem
2441 3541 2807 3599 sacratissimi
2837 3541 2965 3612 Cyri
2999 3540 3348 3595 consocium.

520 3631 747 3702 ’ἰατροῖς
803 3629 903 3700 μὲν
952 3626 1066 3698 γάρ
1115 3626 1308 3682 ἑαυτὸν
1333 3625 1394 3681 τὸ
1426 3625 1646 3696 πρῶτον
1671 3625 1970 3683 ἐκδέδωκεν
1995 3641 2011 3655 ο

440 3723 553 3777 ἀλλ’
598 3721 673 3786 ὡς
706 3722 813 3776 ἴδεν
846 3719 1082 3792 κρατοῦν
1134 3718 1298 3773 αὑτὸν
1320 3718 1381 3771 τὸ
1401 3716 1751 3789 ἀρρώστημα
1787 3718 1882 3772 καὶ
1910 3718 2013 3787 τῆς

438 3811 633 3883 τέχνης
677 3809 936 3883 ἐμφανῶς
983 3807 1460 3878 περιγιγνόμενον,
1514 3806 1644 3878 πρὶν
1667 3806 1702 3878 ἦ
1733 3808 1828 3861 καὶ
1850 3807 2017 3861 αὐτοῦ

440 3904 822 3976 περιγένηται,
873 3901 1010 3972 πρὸς
1042 3901 1171 3964 τοὺς
1225 3899 1417 3970 ἀγίους
1469 3899 1772 3970 κατέφυγε,
1826 3899 2021 3970 μόνους

445 3998 585 4070 μετά
600 3997 756 4062 Θεὸν,
783 3998 830 4050 εί
852 3994 1160 4067 θελήσαιεν,
1185 3992 1446 4052 δύνασθαι
1469 3992 1822 4057 κατευνάζειν
1842 3991 1903 4045 τὸ
1925 3991 2023 4044 πάι

444 4091 535 4154 θος
565 4088 887 4159 πυθόμενος,
908 4087 1125 4159 χαλινὸν
1148 4085 1438 4155 ὀρέγοντας
1469 4082 1671 4149 ἔνθεον,
1697 4084 1793 4139 καὶ
1810 4083 1873 4136 ού
1901 4083 2024 4153 βρο-

2188 3633 2321 3689 Nam
2354 3634 2530 3702 primo
2553 3630 2776 3701 quidem
2804 3647 2864 3687 se
2903 3630 3132 3685 medicis
3165 3630 3413 3692 tradidit,
3451 3627 3701 3682 sed‘cum

2118 3726 2350 3781 vidisset
2378 3722 2527 3793 quod
2546 3731 2602 3777 et
2630 3722 2756 3776 illos
2772 3730 3086 3791 superaret,
3116 3728 3172 3775 et
3196 3727 3369 3792 artem
3404 3717 3703 3772 manifeste

2119 3818 2369 3872 vinceret
2410 3815 2642 3885 languor
2670 3829 2687 3879 ;
2722 3812 2879 3883 prius
2922 3827 3086 3884 quam
3116 3819 3172 3866 et
3203 3827 3265 3866 se
3291 3818 3513 3880 quoilue
3546 3808 3705 3879 peni-

2121 3918 2211 3966 tus
2240 3909 2532 3969 obtineret,
2574 3905 2642 3961 ad
2673 3913 2895 3962 sanctos
2929 3904 3180 3976 confugit
3207 3904 3355 3960 solos
3378 3913 3503 3973 post
3532 3901 3700 3956 Deum

2123 4002 2169 4056 si
2242 4001 2446 4055 vellent
2492 4013 2655 4069 posse
2708 3997 3024 4067 passionem
3082 4010 3436 4065 compescere
3497 3996 3705 4055 sciens,

2122 4092 2370 4146 divinum
2414 4089 2756 4158 porrigentes
2805 4085 3045 4152 frenum,
3086 4097 3141 4140 et
3184 4101 3291 4140 non
3351 4085 3591 4139 humano
3639 4097 3707 4136 ex

443 4182 596 4246 τείας
623 4183 687 4235 ἐκ
712 4180 908 4249 τέχνης
929 4177 1242 4247 γενόμενον.
1276 4175 1476 4229 Ἐλθὼν
1528 4173 1622 4230 οῦν
1648 4175 1829 4228 αὐτῶν
1859 4177 1937 4237 εἰς
1963 4177 1999 4228 τέ

2125 4182 2358 4238 artificio
2400 4179 2628 4236 factum.
2677 4177 2815 4233 Cum
2860 4177 2929 4233 ad
2966 4179 3226 4247 templum
3287 4193 3418 4247 ergo
3447 4176 3707 4242 venisset,

444 4272 690 4341 τέμενος,
717 4267 1011 4340 θεραπείας
1041 4269 1222 4336 τυχεῖν
1251 4266 1395 4335 μετά
1425 4265 1638 4326 πάντων
1658 4263 1857 4319 ἐδέετο.
1873 4264 1934 4317 Οἱ
1966 4264 1999 4318 δ]

2127 4275 2466 4331 curationem
2496 4271 2758 4340 consequi
2790 4286 2915 4325 cum
2946 4270 3203 4324 onmibus
3238 4270 3585 4339 precabatur.
3610 4268 3711 4322 Ast

446 4359 819 4432 φιλάνθρωποι
869 4357 1144 4428 μάρτυρες
1171 4354 1549 4424 παραστάντες
1572 4352 1723 4423 αύτῷ
1765 4352 1994 4407 πολλάκι

2131 4360 2630 4418 misericordissimi
2707 4368 2977 4431 martyres
3042 4360 3365 4415 assistentes
3448 4359 3497 4412 ei
3568 4373 3711 4427 sape

450 4451 782 4515 καθεύδοντι,
814 4452 881 4521 τῇ
911 4447 1175 4523 καθολικῇ
1200 4448 1478 4503 κοινωνεῖν
1522 4443 1824 4515 Ἐκκλησία
1855 4460 1996 4514 προσ

2129 4451 2422 4510 dormienti
2504 4450 2790 4508 catholica:
2841 4452 3252 4505 communirare
3311 4450 3701 4520 praecipiebant

449 4546 694 4606 έταττον,
717 4542 786 4597 δι’
817 4542 996 4613 ὅρκων
1054 4535 1541 4608 ἐπαγγελλόμενοι,
1585 4533 1661 4598 ῶς
1696 4536 1745 4588 εί
1777 4532 1999 4591 πεισθείη

2131 4546 2413 4611 Ecclesiae,
2457 4534 2823 4615 jurejtfrando
2870 4559 2930 4600 se
2954 4544 3301 4614 pollicentes,
3330 4544 3376 4598 si
3427 4542 3531 4597 sibi
3584 4542 3713 4597 obe-

450 4637 638 4697 αὑτοῐς
666 4633 798 4705 περὶ
830 4632 1070 4693 πίστεως
1111 4629 1278 4701 ὀρθῆς
1338 4626 1488 4698 αὐτῷ
1541 4625 1999 4697 συμδουλεύουσιν

2131 4639 2304 4694 disset
2351 4637 2421 4694 de
2451 4637 2556 4693 fide
2605 4648 2755 4693 recta
2779 4636 2828 4692 ei
2881 4635 3174 4691 consilium
3226 4634 3617 4699 tribuentibus,
3661 4644 3716 4688 et

450 4729 546 4783 καὶ
575 4728 677 4798 τὴν
724 4724 894 4798 ρῶσιν
946 4723 1287 4794 χαρίσονται,
1343 4721 1439 4774 καὶ
1472 4719 1684 4790 δωρεάς
1721 4717 1858 4790 πρὸς
1883 4718 1996 4789 ζωὴ

2131 4728 2422 4783 sanitatem
2466 4726 2549 4782 illi
2589 4726 2914 4790 donaturos,
2949 4734 3002 4780 et
3042 4724 3373 4779 donationes
3406 4724 3531 4778 vita:
3569 4738 3713 4793 prae-

454 4818 815 4881 συντελούσας
844 4816 945 4887 τὴν
981 4832 1056 4869 πα
1065 4814 1262 4885 ροῦσαν
1297 4811 1646 4883 παρέξουσιν,
1684 4815 1782 4865 καὶ
1813 4810 1999 4881 κλήρω

2134 4820 2309 4876 sentis
2352 4833 2627 4889 congruas
2673 4818 3037 4887 praestituros,
3069 4822 3125 4871 et
3147 4823 3277 4871 eum‘
3305 4817 3459 4870 clero
3490 4816 3714 4884 dignum

454 4909 746 4984 ἱερατικῶν
771 4909 1094 4975 ἀξιώσουσιν
1120 4922 1135 4937 ο
1170 4906 1269 4974 τῆς
1299 4903 1408 4975 γὰρ
1442 4902 1730 4957 Ἰουλιανοῦ
1760 4901 1856 4956 τοῦ
1885 4901 1998 4957 Ἀλι

2139 4924 2300 4967 sacro
2323 4907 2571 4963 facturos
2607 4922 2624 4974 ;
2673 4902 2878 4960 Juliani
2920 4905 3122 4975 quippe
3149 4903 3593 4960 Halicarnasseos
3608 4914 3727 4953 erat

453 5001 804 5076 καρνασσέως
836 4998 1081 5070 ὑπῆρχεν
1120 4994 1408 5067 αἱρέσεως.
1442 4996 1501 5049 '0
1521 4993 1579 5048 δὲ
1626 4992 1831 5048 τούτων
1860 4991 1999 5047 ἁπάν

2138 5001 2431 5055 haereseos.
2461 4998 2533 5051 At
2559 4996 2650 5050 ille
2679 4994 2875 5050 horum
2904 4994 3150 5048 omnium
3189 4989 3717 5061 repromissionibus

452 5112 564 5150 των
603 5096 702 5160 τὰς
757 5092 876 5165 μεθ’
908 5094 1087 5161 ὅρκων
1133 5087 1465 5157 ἐπαγγελίας
1507 5084 1833 5155 πυθόμενος,
1879 5084 1999 5137 οὐδὲ

2137 5107 2264 5148 cum
2309 5088 2641 5161 jnramentis
2686 5085 2912 5149 auditis,
2948 5083 3309 5140 nihilominus
3356 5082 3714 5137 incurvabilis

454 5180 616 5257 ἦττον
640 5182 873 5254 ἀπειθὴς
898 5181 993 5236 καὶ
1022 5177 1354 5251 ἀμετάθετος
1381 5176 1790 5248 έμεινεν.”(]θεν
1813 5176 1863 5228 υἱ
1894 5173 1999 5246 μάρ

2134 5192 2191 5241 et
2220 5181 2578 5239 immutabilis
2620 5180 2846 5236 mansit.
2889 5176 3043 5233 Unde
3090 5183 3359 5246 martyres
3387 5188 3514 5230 cum
3550 5174 3716 5228 nullis

454 5295 619 5350 τυρες
662 5276 737 5341 ῶς
765 5275 944 5345 λόγοις
994 5272 1157 5327 αὐτὸν
1188 5272 1290 5327 οὐκ
1329 5269 1547 5329 ἔπειθον
1574 5269 1871 5341 χρώμενοι,
1916 5270 1999 5329 sal

2138 5274 2491 5332 sermonibus
2571 5271 2913 5328 inllexissent
2955 5311 2971 5336 ,
3039 5266 3375 5323 verberibus
3438 5265 3720 5320 tentabant

456 5373 558 5442 τῆς
589 5369 875 5433 ἀσθενείας
898 5365 1192 5439 ἐπείραζον
1223 5360 1477 5435 μάστιξιν
1501 5379 1516 5393 ·
1543 5362 1619 5426 ῶς
1638 5362 1696 5415 δὲ
1733 5361 1858 5432 μηδ’
1885 5360 1999 5414 οὔτι

2141 5363 2505 5421 infirmitatis.
2530 5362 2669 5419 Cum
2706 5370 2888 5416 autem
2914 5376 3015 5415 nec
3054 5358 3135 5413 sic
3164 5358 3423 5414 fecissent
3446 5357 3716 5411 hominem

459 5462 553 5525 τὸν
597 5460 884 5533 ἄνθρωπον
933 5457 1180 5521 ἔπεισαν,
1235 5455 1405 5520 δείξαι
1464 5452 1788 5517 θεσπίζουσι
1823 5453 1923 5523 τῆς
1953 5454 1999 5506 οξ

2138 5457 2566 5527 conquiescere,
2614 5452 2993 5509 demonstrare
3050 5451 3354 5506 decernunt
3390 5447 3723 5502 infirmitatis

460 5551 615 5617 κειας
666 5551 946 5614 ἀσθενείας
991 5550 1052 5602 τὸ
1113 5546 1365 5620 μεγέθος,
1430 5546 1517 5599 ἵνα
1577 5545 1671 5598 καὶ
1723 5544 1867 5598 οὓτω
1920 5543 1999 5596 δει

2141 5549 2376 5619 propria:
2403 5544 2931 5615 magnitudinem,ut
2958 5542 3036 5597 vel
3070 5543 3147 5598 sic
3179 5541 3363 5599 futura
3394 5555 3719 5612 pavescens,

460 5644 657 5716 λιάσας
701 5644 769 5716 τά
833 5642 1096 5716 μέλλοντα
1130 5683 1144 5707 ,
1200 5637 1477 5709 πειθήνιον
1536 5634 1733 5691 ἑαυτὸν
1784 5634 1999 5706 ἀπεργά

2143 5651 2317 5700 semet
2346 5637 2627 5696 exhiberet
2657 5636 3028 5693 obedientem.

466 5734 633 5806 σοιτο.
