4010 6208
249 245 390 308 3553

1258 244 1361 305 ss.
1395 246 1567 324 crat
1604 246 1697 306 ET
1736 246 2054 307 JUANNIS
2095 219 2506 310 MIRAClilA.

3374 237 3512 299 3554

251 363 407 433 ἔρχῃ,
442 361 627 428 φασὶν.
659 359 705 411 εί
740 360 840 428 τῆς
897 358 1036 411 κατὰ
1093 355 1185 409 σοῦ
1243 357 1626 427 μελετωμὲνης
1663 357 1830 425 ὀργῆς

1951 357 2168 422 recedis,
2209 344 2382 413 aiunt.
2436 358 2667 426 siquam
2723 349 3050 405 meditantur
3088 348 3225 402 iram
3252 347 3509 400 adversus

252 451 616 519 ἁπολύσωμεν
667 466 681 514 ;
723 449 832 500 Καὶ
896 446 1224 514 συνθέμενον
1277 445 1439 498 αὐτὸν
1487 444 1838 497 ἀπολύουσιν.

254 544 522 612 Στραιρείς
553 540 610 593 δὲ
646 541 782 609 μετὰ
813 540 904 591 τὸν
952 539 1185 607 διειρον,
1221 536 1475 607 περιδεὴς
1506 535 1583 587 ἔτι
1617 534 1711 586 καὶ
1749 532 1839 583 ἕν-

253 646 453 700 τρομος
482 630 552 682 τὰ
585 630 705 682 κατ’
736 628 871 699 ὄναρ
905 628 1142 693 φανέντα
1167 625 1291 679 καθ’
1318 625 1510 678 ἑαυτὸν
1529 625 1802 691 ἐλογίζετο
1822 640 1835 654 ·

254 715 408 768 οὕτω
461 715 520 769 δὲ
585 717 869 777 πέπειστο,
931 713 1389 784 ἁλλ’-ἀμφίϐολον
1456 708 1604 782 εἶχεν
1654 714 1840 783 ἀκμὴν

254 806 353 876 τὴν
379 806 643 871 διάνοιαν,
677 807 770 860 καὶ
819 806 910 859 τὸν
933 806 1194 877 λογισμὸν
1228 807 1357 877 τῇδε
1411 807 1631 860 κάκεῖσε
1676 806 1840 875 φερό-

256 914 441 969 μενον.
546 962 559 973 ρ
1113 960 1129 968 ,

339 992 566 1062 Ἐνὸσῳ
588 991 645 1044 δι
695 990 764 1044 τὰ
818 993 952 1063 περὶ
998 991 1203 1045 τούτων
1263 991 1578 1055 ἐσκέπτετο,
1633 991 1764 1060 πρὶν
1802 991 1836 1061 ἢ

256 1080 594 1154 ταλαντεύσῃ
649 1081 709 1135 τὸ
738 1084 1030 1153 χρήσιμον,
1057 1082 1152 1136 καὶ
1204 1080 1268 1135 τὸ
1300 1082 1574 1153 πρακτέον
1608 1080 1841 1151 βεϐαίως

256 1173 566 1242 ψηφίσοιτο,
594 1174 757 1227 πάλιν
812 1172 1129 1243 ἀφύπνωσε,
1163 1174 1259 1228 καὶ⁵
1300 1173 1462 1228 πάλιν
1493 1173 1682 1242 βλέπει
1713 1173 1839 1235 τοὺς

261 1266 566 1338 μάρτυρας,
615 1268 675 1319 ὲν
715 1264 1003 1320 Ἰουλιανοῦ
1030 1263 1125 1319 τοῦ
1156 1265 1405 1318 διακόνου
1452 1266 1550 1335 θέᾳ
1583 1265 1676 1317 καὶ
1704 1265 1840 1334 σχή-

264 1376 413 1427 ματι,
445 1359 504 1422 ὃς
532 1359 657 1413 κατ’
688 1359 865 1410 ἐκεῖνο
916 1357 1110 1428 καιροῦ
1138 1356 1473 1427 λειτουργεῖν
1511 1358 1569 1412 ὲν
1614 1355 1692 1426 τῷ
1725 1353 1840 1424 ναῷ

262 1451 679 1522 προκεχειριστο
709 1488 725 1515 ,
754 1449 1110 1520 παρεστῶτας
1164 1451 1260 1504 καὶ
1316 1448 1575 1518 λέγοντας
1600 1463 1614 1479 ο
1643 1447 1837 1518 Δεῦρο,

258 1544 395 1612 πρὸς
425 1544 487 1595 τὸ
516 1545 621 1613 μνῆ
631 1559 705 1612 μα
733 1542 842 1595 τῶν
858 1541 1031 1610 ἁγίων
1046 1541 1301 1613 ,ἐλθόντες
1322 1538 1628 1610 εὐξώμεθα.
1650 1538 1837 1594 Ταῦτα

256 1630 312 1684 δὲ
378 1632 514 1702 πρὸς
560 1632 722 1685 αὑτὸν
780 1631 1104 1700 διελέγοντο,
1159 1629 1544 1701 δοκιμάζοντες
1588 1632 1750 1685 αὐτὸν
1788 1632 1839 1684 εί

1946 455 1998 500 te
2047 447 2405 502 relaxannts?
2457 448 2518 500 lit
2564 444 2922 514 spondentem
2976 441 3124 493 illum
3164 437 3514 493 dimiserunt.
3595 455 3599 459 ·

1941 538 2255 593 Conversus
2288 549 2470 591 autem
2502 545 2625 606 post
2671 536 2969 597 somnium,
3020 546 3224 602 pavens
3253 528 3432 583 adhuc
3460 539 3516 583 et

1943 635 2202 692 tremens,
2238 643 2362 698 qua:
2412 628 2513 682 sibi
2549 636 2915 696 apparuerant
2941 625 2994 676 in
3032 623 3151 674 visu
3192 635 3377 675 secum
3410 631 3514 672 tra—

1941 719 2125 773 ctabat
2156 736 2170 785 ;
2227 718 2471 773 nondum
2504 727 2683 771 tamen
2722 717 3002 776 credebat,
3035 713 3129 767 sed
3159 711 3385 765 dubium
3419 708 3514 762 ad-

1941 808 2049 863 huc
2073 810 2316 863 animum
2342 807 2681 878 possidebat,
2713 815 2767 861 et
2810 805 3196 876 cogitationem
3227 803 3333 856 huc
3356 802 3519 855 illuc-

1939 916 2047 971 que
2076 899 2307 955 l‘erebat.
2340 884 2345 890 ’

2013 990 2182 1044 Porro
2248 990 2379 1045 dum
2443 990 2512 1045 de
2572 989 2659 1045 his
2719 986 3141 1051 consideraret,
3195 983 3515 1056 priusquam

1940 1082 2322 1152 perpendisset
2349 1081 2496 1151 quod
2528 1090 2675 1137 esset
2707 1082 2920 1145 utilius,
2943 1087 2996 1132 et
3022 1076 3152 1147 quid
3181 1078 3320 1132 l'oret
3349 1091 3519 1147 agen-

1940 1174 2066 1228 dum
2125 1175 2481 1241 decerneret,
2540 1176 2736 1230 iterum
2786 1174 3139 1237 obdormivit,
3201 1180 3256 1225 et
3323 1170 3518 1225 iterum

1942 1275 2211 1337 martyres
2233 1266 2450 1336 aspicit,
2476 1266 2528 1319 in
2551 1266 2737 1320 habitu
2763 1275 2817 1318 et
2848 1264 3249 1334 specieJuliani
3277 1262 3517 1325 diaconi,

1940 1356 2034 1425 qui
2086 1371 2184 1424 per
2217 1357 2357 1411 idem
2405 1365 2623 1426 tempus
2669 1354 2735 1409 ad
2779 1356 3191 1424 obsequendum
3230 1353 3284 1407 in
3317 1355 3523 1421 templo

1942 1448 2182 1517 ipsorum
2208 1459 2507 1518 provectus
2531 1450 2838 1510 exstiterat,
2869 1456 3113 1502 astantes
3140 1455 3303 1517 atque
3331 1445 3523 1499 dicen-

1941 1548 2022 1594 tes
2056 1558 2069 1594 :
2120 1540 2251 1595 Heia
2282 1541 2347 1596 ad
2385 1540 2699 1596 memoriam
2741 1547 3058 1595 sanctorum
3093 1538 3373 1592 venientes
3401 1552 3525 1591 ore-

1940 1644 2082 1683 mus.
2146 1632 2272 1685 litec
2328 1645 2462 1685 vero
2509 1631 2575 1684 ad
2624 1646 2747 1685 eum
2795 1630 3177 1701 disputabant,
3230 1629 3524 1698 probantes

262 1725 539 1793 μετέθετο,
571 1725 664 1779 καὶ
708 1724 996 1797 ρπειθήνιος
1026 1725 1211 1789 αὐτοῖς
1242 1724 1381 1795 μετὰ
1424 1723 1679 1792 τοιαύτην
1713 1725 1837 1794 ὄψιν

1951 1721 2116 1785 illum,
2148 1722 2194 1776 si
2228 1730 2467 1776 mutatus
2500 1731 2663 1785 esset,
2690 1729 2744 1775 et
2782 1721 3044 1776 obediens
3068 1720 3172 1776 sibi
3206 1728 3326 1790 post
3354 1720 3518 1774 talem

257 1817 542 1887 γεγένητο.
605 1816 824 1887 Ἀμέλει
884 1814 1011 1884 γοῦν
1048 1817 1140 1868 ἐπὶ
1190 1816 1290 1888 τὴν
1320 1817 1478 1886 σορὸν
1525 1816 1704 1869 αὐτῶν
1737 1817 1837 1886 τὴν

258 1908 448 1977 τιμίαν
478 1907 782 1978 ἐρχόμενοι,
809 1908 904 1961 καὶ
962 1908 1060 1961 σὺν
1095 1908 1283 1971 αὐτοῖς
1325 1906 1720 1961 ἀκολουθοῦντα
1747 1907 1837 1959 τὸν

262 1999 543 2068 Θεόδωρον
573 1999 811 2068 ἔχοντες,
837 1999 945 2069 πρὸ
995 1997 1092 2052 τοῦ
1133 1998 1496 2069 φωτιστηρίον
1529 1999 1834 2067 γενόμενοι,

257 2092 386 2147 ἔνθα
430 2092 672 2155 ζωοποιὰ
701 2090 939 2161 Χριστοῦ
989 2093 1168 2144 κεῖται
1215 2091 1512 2161 μυστήρια,
1574 2091 1838 2143 εἰσελθεῖν

259 2184 424 2237 αὐτὸν
457 2185 549 2235 καὶ
583 2181 906 2252 μεταλαϐεῖν
934 2181 1357 2253 προετρέποντο,
1378 2173 1597 2234 Εἰσελθε
1615 2222 1630 2246 ,
1652 2180 1839 2249 λέγον-

265 2288 376 2335 τες,
400 2274 495 2324 σὺν
539 2274 672 2342 ήμῖν
715 2271 813 2326 καὶ
854 2272 962 2325 τῶν
1012 2273 1185 2341 ἁγίων
1234 2270 1473 2343 Χριστοῦ
1522 2266 1841 2343 μυστηρίων

274 2363 558 2433 μετάλαϐε.
592 2362 652 2418 '0
688 2362 766 2427 δὲ,
799 2362 901 2429 Οὐ,
927 2364 1111 2434 φησὶν,
1127 2364 1228 2417 οὐκ
1257 2363 1575 2433 είσέρχομαι
1602 2381 1616 2397 ·
1646 2364 1841 2434 ἑτέρας

268 2455 378 2526 γὰρ
399 2453 507 2523 ἐγὼ
538 2454 697 2525 δόξης
751 2453 1090 2526 καθέστηκα,
1122 2455 1216 2508 καὶ
1260 2454 1321 2507 οὐ
1350 2454 1446 2509 τοῦ
1475 2453 1576 2525 τῆς
1611 2454 1843 2525 Ἐκκλη-

263 2548 386 2610 σίας
416 2547 773 2619 κηρύγματος
793 2562 814 2607 ο,
834 2545 1123 2618 προσδοκῶ
1164 2547 1221 2600 δὲ
1260 2548 1501 2619 σήμερον
1519 2548 1620 2618 τὴν
1647 2550 1842 2628 γεννή-

262 2656 457 2706 σασαν,
487 2643 555 2693 τὰ
603 2642 703 2711 τῆς
761 2639 1117 2710 μεταλήψεῶς
1166 2656 1257 2710 μοι
1285 2639 1435 2710 δῶρα
1484 2640 1837 2711 κομίζουσαν.

275 2732 417 2787 Ἀλλ’
446 2732 606 2785 ἔασόν
631 2748 697 2800 με
728 2732 886 2795 τέως,
908 2731 1043 2802 πρὸς
1064 2732 1156 2782 τὸν
1183 2731 1346 2783 αὑτὸν
1360 2731 1604 2785 διάκονον
1633 2730 1839 2800 ἔλεγεν,

260 2825 411 2887 ὅπως
441 2826 499 2877 ἐν
525 2825 636 2895 ὅσῳ
693 2823 763 2900 τὰ
810 2822 903 2875 τοῦ
934 2823 1219 2893 μνήματος
1241 2822 1510 2893 ἠνέῳκται
1549 2823 1841 2890 κὰνκελλα,

260 2914 522 2970 εἰσελθὼν
551 2916 613 2969 τὸ
640 2915 742 2985 τῆς
790 2914 1060 2984 κανδήλας
1106 2913 1286 2968 ἔλαιον
1345 2913 1609 2985 δὲξωμαι.
1646 2914 1840 2968 Πολλοὶ

259 3010 373 3081 γὰρ
394 3007 553 3061 τοῦτο
581 3007 687 3060 τῶν
714 3008 784 3059 ὀὐ
812 3005 1147 3059 κοινωνικῶν
1193 3005 1641 3076 διαπράττονται,
1686 3007 1744 3060 ὲν
1774 3009 1841 3078 τῇ

1946 1813 2212 1868 visionem
2240 1815 2551 1869 exsisteret.
2599 1813 2841 1881 Denique
2885 1813 2953 1868 ad
3004 1814 3303 1883 pretiosum
3334 1826 3523 1867 eorum

1945 1908 2216 1959 tumulmn
2267 1907 2678 1969 convenientes,
2731 1915 2785 1961 et
2814 1916 3131 1976 sequentem
3175 1905 3524 1961 Theodotum

1945 2014 2131 2055 secum
2187 2001 2470 2059 habentes.
2528 2016 2652 2056 cum
2705 2009 2832 2056 ante
2880 2000 3335 2055 illuminatorinm
3395 1999 3523 2055 facti

1946 2092 2206 2159 fuissent,
2261 2093 2352 2148 tibi
2398 2093 2607 2149 vivilica
2633 2093 2837 2149 Christi
2863 2094 3041 2165 posita
3088 2101 3217 2149 sunt
3242 2095 3523 2164 mysteria,

1946 2185 2174 2242 introire
2210 2188 2354 2242 hunc
2383 2197 2437 2240 et
2468 2186 2879 2243 communicare
2925 2187 3358 2243 adhortabautur
3387 2205 3400 2240 :
3437 2189 3529 2241 ln-

1946 2278 2195 2349 gredere,
2228 2277 2494 2342 dicentes,
2519 2278 2821 2344 nobiscum,
2853 2287 2906 2333 et
2942 2286 3135 2333 sancta
3163 2277 3371 2332 Christi
3411 2293 3530 2348 my-

1946 2373 2113 2427 steria
2159 2374 2395 2443 percipe.
2436 2371 2508 2427 At
2546 2372 2673 2427 ille:
2704 2370 2862 2437 Non,
2910 2371 3105 2441 inquit,
3151 2386 3257 2425 non
3303 2386 3529 2440 prorsus

1948 2462 2227 2533 ingredior
2261 2480 2277 2530 ;
2313 2463 2541 2518 alterius
2572 2462 2717 2518 enim
2747 2479 2848 2535 ego
2886 2463 3164 2533 Opinionis
3208 2464 3443 2523 exsisto.
3474 2470 3529 2516 et

1949 2570 2057 2609 non
2087 2555 2493 2626 praedicationis
2530 2555 2825 2623 Ecclesite;
2863 2565 3123 2625 exspecto
3157 2564 3340 2611 autem
3367 2557 3528 2611 hodie

1949 2649 2296 2719 genitricem,
2320 2649 2726 2704 communionis
2751 2649 2881 2702 mihi
2906 2663 3135 2704 munera
3167 2647 3524 2704 deferentem.

1952 2742 2056 2800 Séd
2089 2743 2306 2819 dimitte
2352 2759 2437 2798 me
2468 2742 2709 2804 interim,
2744 2742 2810 2796 ad
2851 2740 3103 2796 eumdem
3156 2741 3375 2819 dicebat
3413 2742 3531 2797 dia-

1950 2850 2172 2898 conum,
2220 2818 2279 2888 υί
2313 2836 2442 2905 quia
2491 2837 2833 2889 monumenti
2882 2824 3115 2888 cancelli
3159 2835 3332 2904 aperti
3362 2818 3528 2901 sunt,

1950 2927 2234 2996 ingressus
2270 2927 2450 2982 oleum
2486 2926 2727 2981 candelae
2758 2926 3077 2995 suscipiam.
3109 2924 3263 2979 Multi
3288 2926 3434 2981 enim
3461 2943 3529 2982 ex

1955 3018 2040 3073 itis
2073 3021 2164 3088 qui
2193 3035 2299 3073 non
2336 3018 2764 3078 communicant,
2813 3017 2866 3071 id
2901 3026 3064 3086 agunt
3100 3034 3115 3085 ;
3148 3018 3351 3085 oleum,
3384 3016 3530 3089 quod

262 3077 374 3156 τῶν
399 3100 572 3168 ἁγίων
608 3098 843 3169 κανδήλᾳ
871 3097 1160 3168 καιόμενον
1195 3098 1394 3161 ἔλαιον,
1427 3098 1547 3151 ἀντὶ
1591 3077 1843 3167 σώματος

1951 3125 2003 3179 in
2055 3120 2373 3164 sanctorum
2410 3110 2564 3164 ardet
2624 3109 2874 3175 candela,
2921 3125 3022 3186 pro
3052 3126 3287 3182 corpore
3337 3124 3532 3168 sancto

265 3193 426 3261 ἁγίου
449 3192 544 3245 καὶ
577 3192 809 3260 αἵματος
856 3187 1096 3260 Χριστοῦ
1146 3186 1242 3241 τοῦ
1269 3186 1489 3241 πάντων
1521 3188 1679 3258 ήμῶν
1707 3187 1843 3242 Θεοῦ

262 3284 361 3338 καὶ
404 3283 656 3351 Σωτῆρος
699 3280 978 3351 δεχόμενοι
1008 3279 1121 3349 (22)
1149 3295 1163 3309 ·
1185 3279 1308 3349 μηδ’
1332 3279 1360 3333 δ
1391 3280 1746 3350 πράττουσιν,
1769 3280 1846 3344 ὡς

263 3373 446 3446 οἶμαι,
470 3374 854 3442 γινώσκοντες,
887 3374 1022 3444 μήτε
1044 3372 1104 3425 τὸ
1132 3373 1230 3442 τῆς
1257 3371 1462 3442 βλάϐης
1491 3372 1846 3443 ἐπιστάμενοι

269 3466 523 3539 μέγεθος.

350 3558 616 3627 Ἥγιάσθη
639 3555 737 3627 μὲν
766 3555 898 3627 γὰρ,
926 3554 1071 3622 λέγω
1092 3553 1378 3627 κὰγὼ,[τδ]
1397 3554 1496 3624 τῆς
1542 3553 1648 3607 τῶν
1680 3554 1850 3622 ἁγίων

275 3650 542 3722 κανδήλας
573 3648 773 3712 ἔλαιον,
806 3647 940 3701 ἀλλὰ
959 3645 1012 3699 τί
1041 3645 1198 3698 τοῦτο
1216 3646 1353 3715 πρὸς
1375 3646 1467 3698 τὸν
1505 3646 1630 3705 τοὺς
1659 3644 1850 3712 ἁγίους

277 3739 471 3801 αὐτοὺς
499 3739 791 3807 ἁγιάζοντα
822 3753 838 3802 ;
875 3735 984 3787 Καὶ⁸
1016 3733 1246 3803 δύναμιν
1275 3732 1407 3785 αὐτὸ
1434 3731 1578 3786 κςῖτὰ
1609 3731 1851 3802 νοσημὰο

1944 3207 2001 3255 et
2062 3201 2329 3270 sanguine
2374 3199 2575 3255 Christi
2608 3204 2852 3256 omnium
2908 3210 3155 3256 nostrum
3204 3199 3297 3256 Dei
3321 3215 3373 3256 et
3408 3200 3532 3257 Sal-

1948 3290 2153 3345 vatoris
2175 3299 2670 3361 sumentes.neque
2690 3290 2833 3360 quod
2854 3301 3023 3362 agunt
3047 3300 3104 3345 ut
3128 3306 3252 3346 reor
3268 3291 3543 3357 scientes,

1949 3396 2127 3450 neque
2159 3380 2401 3436 laesionis
2432 3380 2864 3451 magnitudinem
2892 3389 3310 3452 cognoscentes.

2021 3553 2241 3608 Etenim
2287 3552 2688 3609 sanctificatum
2726 3553 2947 3623 quidem
2979 3568 3123 3615 esse.
3155 3544 3283 3607 dico
3309 3564 3361 3608 et
3395 3569 3520 3623 ego,

1952 3653 2269 3700 sanctorum
2322 3645 2561 3699 candela:
2610 3646 2835 3714 oleum;
2891 3646 2984 3700 sed
3026 3643 3156 3715 quid
3194 3653 3277 3699 est
3312 3646 3533 3708 hoc,ad

1951 3737 2415 3808 comparationem
2471 3737 2591 3804 ejus
2617 3738 2707 3805 qui
2748 3736 2896 3805 ipsos
2925 3744 3147 3789 sanctos
3174 3734 3478 3791 sanctiﬁcat
3513 3736 3538 3789 ἲ

268 3848 383 3883 τυν
419 3831 561 3900 ἔχειν
608 3826 871 3899 τιθέμεθα
903 3826 1039 3897 (25),
1071 3827 1208 3878 ἁλλὰ
1237 3825 1289 3878 τί
1331 3824 1468 3893 πρὸς
1498 3825 1733 3895 Χριστὸν
1757 3823 1845 3879 τοῦ

1954 3829 2021 3883 Et
2049 3830 2301 3884 virtutem
2339 3829 2389 3881 id
2427 3836 2615 3882 contra
2651 3829 2946 3895 languores
2978 3827 3179 3889 habere
3213 3828 3480 3882 conﬁteor
3516 3845 3532 3894 ;

267 3921 407 3976 Θεοῦ
432 3921 622 3989 σοφίαν
652 3920 778 3972 ὄντα
801 3919 892 3972 κα)⁸
919 3917 1172 3988 δύναμιν,
1204 3916 1297 3969 τὸν
1327 3915 1420 3969 καὶ
1454 3915 1723 3987 μάρτυσιν
1753 3915 1845 3968 αύ-

1954 3919 2049 3976 sed
2081 3917 2212 3990 quid
2240 3917 2307 3972 ad
2356 3918 2703 3973 collationem
2733 3917 2960 3980 Christi,
2989 3916 3082 3987 qui
3113 3927 3198 3973 est
3233 3917 3327 3974 Dei
3353 3921 3529 3974 virtus

265 4015 385 4077 τοῖς
407 4013 723 4084 χαρίσματα
780 4010 1064 4079 δυνάμεων
1093 4008 1325 4079 νέμοντα
1350 4024 1365 4071 ;
1395 4007 1554 4076 Λέγω
1593 4006 1650 4061 δὲ
1690 4009 1845 4078 τιμῆς

1954 4021 2008 4066 et
2060 4010 2327 4080 sapientia
2358 4009 2382 4062 ’ί
2434 4008 2526 4078 qui
2563 4016 2616 4063 et
2655 4008 2790 4078 ipsis
2811 4024 3031 4079 quoque
3049 4009 3384 4076 martyribus
3412 4012 3525 4063 vir-

266 4106 422 4171 ἄξιον
435 4104 511 4167 ὡς
527 4104 711 4157 ἐπάνω
729 4102 824 4169 τῆς
844 4099 1019 4171 θήκης
1045 4100 1356 4168 καιόμενον,
1383 4098 1508 4157 ἀλλὰ
1529 4099 1580 4151 τί
1607 4099 1742 4170 πρὸς
1763 4100 1845 4152 τὸν

1959 4111 2133 4156 lutum
2180 4099 2512 4155 charismata
2560 4099 2775 4154 tribuit.
2820 4099 2950 4154 Dico
2974 4111 3152 4154 autem
3198 4109 3254 4155 et
3286 4100 3536 4170 quodest

266 4199 365 4249 ἐπὶ
390 4195 501 4249 τῶν
548 4192 829 4265 Χερουϐὶμ
857 4191 1258 4261 καθεξόμενονς
1303 4190 1398 4243 καὶ
1426 4190 1481 4243 τί
1511 4190 1571 4243 τὸ
1599 4191 1699 4259 τῆς
1720 4207 1845 4244 καν·

1960 4194 2168 4247 honore
2218 4192 2466 4261 dignum,
2511 4200 2773 4259 tanquam
2812 4192 2864 4245 id
2916 4191 3061 4261 quod
3094 4206 3261 4261 supra
3297 4191 3538 4247 loculum

263 4287 435 4357 δὴλας
458 4285 634 4337 ἔλαιον
652 4283 761 4336 τῶν
783 4282 951 4350 ἁγίων
980 4280 1455 4351 παραφερόμενον,
1473 4279 1506 4349 ἣ
1524 4280 1651 4341 τοὺς
1668 4279 1845 4346 ἁγίους

1960 4283 2163 4347 ardet;
2217 4281 2312 4337 sed
2357 4280 2487 4351 quid
2541 4280 2607 4333 ad
2665 4279 3030 4351 aequalitatem
3067 4279 3208 4350 ejus.
3247 4274 3342 4353 qtti
3389 4283 3541 4337 sedet

264 4377 468 4439 αὐτοὺς
516 4374 641 4436 τοὺς
672 4371 782 4444 [τὸ]
811 4371 911 4441 τῆς
961 4369 1232 4440 κανδήλας
1269 4368 1593 4435 ἁγιάζοντας
1641 4366 1845 4431 ἔλαιονς

1961 4390 2126 4444 super
2159 4373 2454 4428 Cherubim
2497 4374 2521 4427 7
2548 4370 2610 4425 Et
2636 4372 2766 4443 quid
2804 4372 3045 4427 candelae
3076 4385 3392 4428 sanctorum
3414 4372 3542 4428 aﬂe~

268 4465 390 4523 Πᾶν
420 4466 528 4537 γὰρ
554 4466 692 4534 ὅπερ
729 4462 988 4531 κτίσματι
1007 4460 1288 4524 τέτακται,
1317 4459 1379 4512 οὐ
1409 4458 1567 4528 μόνον
1593 4459 1855 4525 ἐπίγειον,

268 4560 411 4615 ἀλλὰ
438 4560 503 4630 δὴ
544 4558 638 4611 καὶ
670 4559 727 4610 ού
739 4557 939 4628 ρὰνιον,
975 4558 1088 4609 εἴτε
1117 4553 1330 4625 Θρόνοι,
1352 4552 1462 4605 εἴτε
1497 4551 1690 4623 Ἀρχαὶ
1713 4592 1726 4613 ,
1750 4551 1859 4602 εἴτε

283 4650 578 4715 Ἐξουσίαι,
609 4651 718 4703 εἴτε
746 4649 1104 4718 κυριότητες.
1128 4646 1237 4698 εἴτε
1259 4645 1526 4714 Δυνάμεις
1550 4640 1857 4711 ἀγγελικαὶ,

272 4740 369 4791 καὶ
403 4739 556 4808 παρὰ
590 4737 795 4799 ταύτας
824 4735 1029 4806 ἕτεραι,
1060 4735 1169 4786 εἴτε
1202 4732 1339 4785 αὐτὰ
1363 4732 1641 4803 Χερουϐὶμ
1670 4731 1764 4784 καὶ
1789 4730 1856 4783 τὰ

274 4830 529 4901 Σεραφὶμ
579 4830 648 4882 τὰ
692 4827 1057 4897 πολυόμματα
1103 4824 1216 4888 ζῶα
1250 4824 1343 4878 καὶ
1381 4823 1751 4891 ἐξαπτὲρυγα,
1783 4821 1855 4874 τὰ

273 4922 386 4975 τῶν
439 4920 651 4974 πολλῶν
712 4920 1026 4988 κτισμάτων
1070 4917 1203 4970 πολὺ
1251 4915 1572 4986 τιμιώτερα,
1627 4914 1719 4967 καὶ
1764 4913 1855 4966 διὰ

272 5012 439 5067 τοῦτο
463 5012 597 5065 Θεὸν
625 5009 994 5081 ὲποχούμενον
1033 5008 1226 5078 ἔχοντα
1243 5023 1258 5037 ·
1308 5007 1419 5060 είτε
1448 5022 1534 5069 τις
1566 5007 1625 5058 ἐν
1648 5007 1859 5076 νοητοῖς

278 5105 442 5175 ἑτέρα
473 5103 649 5166 κτίσις
695 5101 1027 5171 καθέστηκε,
1055 5097 1176 5169 Θεῴ
1216 5098 1315 5170 μὲν
1349 5097 1560 5169 φανερὰ
1586 5096 1665 5167 τῷ
1702 5099 1859 5168 ποιή-

278 5209 460 5258 σαντι,
480 5192 613 5263 ἡμῖν
633 5190 689 5245 δι
722 5192 834 5253 τοϊς
849 5188 1161 5260 ἀνθρώποις
1189 5188 1529 5258 ἁπόκρυφος.
1568 5187 1856 5257 ἀγαπητὸν

276 5286 494 5357 ήγεῐται
544 5285 642 5338 καὶ
700 5281 922 5353 εὔχεται
961 5281 1023 5335 τὺ
1050 5280 1290 5336 δούλειον
1335 5280 1491 5348 ἄγειν
1540 5279 1724 5348 ζυγὸν,
1762 5282 1858 5335 καὶ

1960 4470 2133 4524 rimus
2152 4469 2353 4533 oleum,
2381 4467 2727 4539 potiusquam
2755 4477 2980 4522 sanctos
3011 4469 3159 4538 ipsos
3176 4468 3266 4538 qui
3299 4467 3539 4523 candelae

1958 4560 2307 4615 sanctilicant
2349 4559 2570 4613 oleum?
2601 4560 2773 4613 Umne
2796 4558 2996 4629 quippe
3027 4562 3171 4629 quod
3204 4560 3345 4614 inter
3378 4575 3535 4614 crea-
3595 4608 3601 4619 ι

1957 4661 2107 4707 tutas
2129 4652 2527 4717 dinumeratur,
2561 4665 2666 4705 non
2696 4654 2871 4704 solum
2902 4662 3204 4717 terrenum,
3226 4650 3319 4705 sed
3351 4659 3405 4705 et
3428 4666 3543 4705 rce—

1954 4744 2110 4808 leste,
2128 4745 2242 4798 sive
2262 4742 2489 4807 Throni,
2531 4744 2645 4798 sive
2684 4742 3053 4812 Principatns,
3100 4741 3216 4797 sive
3239 4741 3545 4796 Potestatcs

1961 4835 2075 4890 sive
2103 4833 2536 4899 Dominationes,
2561 4834 2678 4901 sive
2708 4833 2947 4887 Virtutes
2976 4832 3252 4902 angelica,
3276 4841 3331 4885 et
3350 4844 3546 4901 praeter

1963 4922 2061 4977 has
2088 4923 2228 4989 alia,
2245 4924 2356 4978 sive
2384 4925 2485 4994 ipsi
2516 4923 2812 4978 Cheruhim
2843 4931 2897 4976 et
2915 4922 3223 4991 Seraphim,
3245 4923 3543 4977 multorum

1960 5014 2242 5068 oculorum
2261 5029 2627 5084 senarumque
2645 5014 2852 5067 alarum
2878 5013 3158 5078 animalia,
3174 5012 3268 5081 qui
3290 5028 3412 5067 cum
3432 5014 3546 5068 sint

1961 5103 2315 5173 pretiosiores
2360 5118 2525 5174 quam
2574 5103 2760 5158 multa:
2802 5114 3066 5159 creatura:
3088 5145 3103 5169 ,
3137 5104 3307 5159 Deum
3338 5104 3548 5159 idcirco

1959 5195 2156 5250 vehere
2177 5196 2563 5260 dinoscuntur,
2599 5196 2682 5250 vel
2720 5196 2890 5267 siqua
2931 5197 2984 5250 in
3035 5195 3403 5251 invisibilibus
3434 5195 3546 5250 alia

1961 5295 2211 5342 creatura
2230 5286 2441 5344 eSt'Deo
2458 5287 2747 5343 manifesta
2762 5288 2854 5359 qui
2881 5286 3030 5355 fecit,
3048 5297 3102 5344 et
3127 5286 3288 5343 nobis
3303 5287 3541 5354 occulta,

1722 5366 1749 5403 ’
1764 5372 1997 5431 NOTAE.

351 5467 466 5537 (Ξῖ)
484 5467 687 5524 Confer
716 5469 820 5524 hoc
846 5468 1124 5539 egregium
1154 5467 1218 5520 de
1242 5479 1474 5539 corpore
1502 5472 1555 5518 et
1589 5465 1855 5539 sanguine

285 5536 525 5603 Domini,
580 5540 641 5594 in
675 5536 1012 5594 eucharistia
1064 5536 1444 5606 praesentibus,
1474 5536 1852 5589 testimonium

285 5608 741 5678 Sophronii,cum
771 5609 880 5663 alio
907 5608 959 5662 in
1004 5606 1400 5678 COllltthIIlal'iO
1428 5606 1671 5678 ejusdem
1703 5608 1874 5678 litur-_

285 5675 426 5749 δίου.
470 5694 632 5749 quem
666 5680 770 5748 ipsi
802 5678 1074 5735 edidimus
1108 5692 1124 5742 ;
1164 5677 1401 5745 itemque
1428 5676 1480 5729 in
1526 5677 1719 5729 mirae.
1756 5675 1851 5729 58.

2035 5469 2147 5542 (25)
2168 5470 2339 5527 Viden
2379 5471 2772 5543 Sephronium,
2810 5472 2901 5543 qui
2943 5470 3217 5543 oleoante
3245 5486 3434 5527 sacras
3456 5464 3565 5543 τοτ’

1964 5540 2162 5609 Ιίιιυὶηε
2211 5540 2741 5613 ἰηοεηεανίνιυιεηι
2789 5540 3190 5613 medicinalem,
3245 5540 3549 5613 martyrum

1965 5614 2177 5667 scilicet
2212 5613 2429 5670 meritis
2463 5612 2837 5682 eonetliatam,
2873 5613 2957 5682 pic
2989 5611 3229 5666 tribuit?
