  <div class='ocr_page' id='page_1' title='image "/cluster/home/n/w/nwhite01/storage/ocr_20150623/87:3/hvd.32044069650125/391.png"; bbox 0 0 4020 6204; ppageno 0'>
   <div class='ocr_carea' id='block_1_1' title="bbox 521 219 668 286">
    <p class='ocr_par' dir='ltr' id='par_1_1' title="bbox 521 219 668 286">
     <span class='ocr_line' id='line_1_1' title="bbox 521 219 668 286; baseline -0.014 1"><span class='ocrx_word' id='word_1_1' title='bbox 521 219 668 286; x_wconf 77' lang='lat'><strong>3555</strong></span> 
     </span>
    </p>
   </div>
   <div class='ocr_carea' id='block_1_2' title="bbox 1374 206 2866 279">
    <p class='ocr_par' dir='ltr' id='par_1_2' title="bbox 1374 206 2866 279">
     <span class='ocr_line' id='line_1_2' title="bbox 1374 206 2866 279; baseline -0.003 0"><span class='ocrx_word' id='word_1_2' title='bbox 1374 216 1435 279; x_wconf 86' lang='lat' dir='ltr'><strong>S.</strong></span> <span class='ocrx_word' id='word_1_3' title='bbox 1465 206 1882 279; x_wconf 76' lang='lat' dir='ltr'><strong>SOPHRONU</strong></span> <span class='ocrx_word' id='word_1_4' title='bbox 1917 207 2421 276; x_wconf 59' lang='lat' dir='ltr'><strong>PATRIARCHJE</strong></span> <span class='ocrx_word' id='word_1_5' title='bbox 2462 212 2866 275; x_wconf 81' lang='lat' dir='ltr'><strong>HIEROSOL.</strong></span> 
     </span>
    </p>
   </div>
   <div class='ocr_carea' id='block_1_3' title="bbox 3613 221 3727 285">
    <p class='ocr_par' dir='ltr' id='par_1_3' title="bbox 3613 221 3727 285">
     <span class='ocr_line' id='line_1_3' title="bbox 3613 221 3727 285; baseline 0.018 -2"><span class='ocrx_word' id='word_1_6' title='bbox 3613 221 3727 285; x_wconf 71' lang='lat'><strong>3556</strong></span> 
     </span>
    </p>
   </div>
   <div class='ocr_carea' id='block_1_4' title="bbox 521 329 2106 405">
    <p class='ocr_par' dir='ltr' id='par_1_4' title="bbox 521 332 2106 403">
     <span class='ocr_line' id='line_1_4' title="bbox 521 332 2106 403; baseline -0.006 -10"><span class='ocrx_word' id='word_1_7' title='bbox 521 335 759 393; x_wconf 70' lang='lat' dir='ltr'><strong>amabile</strong></span> <span class='ocrx_word' id='word_1_8' title='bbox 812 333 1134 400; x_wconf 76' lang='lat' dir='ltr'><strong>arbitratur,</strong></span> <span class='ocrx_word' id='word_1_9' title='bbox 1178 341 1234 389; x_wconf 90' lang='lat' dir='ltr'><strong>et</strong></span> <span class='ocrx_word' id='word_1_10' title='bbox 1262 341 1415 403; x_wconf 84' lang='lat' dir='ltr'><strong>optat</strong></span> <span class='ocrx_word' id='word_1_11' title='bbox 1442 333 1642 389; x_wconf 81' lang='lat' dir='ltr'><strong>servile</strong></span> <span class='ocrx_word' id='word_1_12' title='bbox 1671 332 1871 389; x_wconf 89' lang='lat' dir='ltr'><strong>ducere</strong></span> <span class='ocrx_word' id='word_1_13' title='bbox 1894 334 2106 403; x_wconf 75' lang='lat' dir='ltr'><strong>iugum,</strong></span> 
     </span>
    </p>
   </div>
   <div class='ocr_carea' id='block_1_5' title="bbox 2207 329 3726 405">
    <p class='ocr_par' dir='ltr' id='par_1_5' title="bbox 2211 329 3726 405">
     <span class='ocr_line' id='line_1_5' title="bbox 2211 329 3726 405; baseline 0.005 -19"><span class='ocrx_word' id='word_1_14' title='bbox 2211 331 2397 386; x_wconf 85' lang='grc' dir='ltr'>δοῦλον</span> <span class='ocrx_word' id='word_1_15' title='bbox 2423 332 2570 389; x_wconf 72' lang='grc' dir='ltr'>εῖναι</span> <span class='ocrx_word' id='word_1_16' title='bbox 2601 331 2696 384; x_wconf 74' lang='grc' dir='ltr'>καὶ</span> <span class='ocrx_word' id='word_1_17' title='bbox 2755 332 3017 398; x_wconf 72' lang='grc' dir='ltr'>λέγεσθαι</span> <span class='ocrx_word' id='word_1_18' title='bbox 3052 329 3149 384; x_wconf 88' lang='grc' dir='ltr'><strong>τοῦ</strong></span> <span class='ocrx_word' id='word_1_19' title='bbox 3180 332 3500 386; x_wconf 76' lang='grc' dir='ltr'>Δεσποτικοῦ</span> <span class='ocrx_word' id='word_1_20' title='bbox 3525 336 3726 405; x_wconf 78' lang='grc' dir='ltr'>Χριστοῦ</span> 
     </span>
    </p>
   </div>
   <div class='ocr_carea' id='block_1_6' title="bbox 520 420 2110 490">
    <p class='ocr_par' dir='ltr' id='par_1_6' title="bbox 520 420 2110 490">
     <span class='ocr_line' id='line_1_6' title="bbox 520 420 2110 490; baseline -0.004 -9"><span class='ocrx_word' id='word_1_21' title='bbox 520 436 577 483; x_wconf 78' lang='lat' dir='ltr'><strong>et</strong></span> <span class='ocrx_word' id='word_1_22' title='bbox 604 423 885 490; x_wconf 78' lang='lat' dir='ltr'><strong>famulari,</strong></span> <span class='ocrx_word' id='word_1_23' title='bbox 915 432 970 478; x_wconf 90' lang='lat' dir='ltr'><strong>et</strong></span> <span class='ocrx_word' id='word_1_24' title='bbox 997 422 1257 477; x_wconf 84' lang='lat' dir='ltr'><strong>dominici</strong></span> <span class='ocrx_word' id='word_1_25' title='bbox 1281 421 1482 477; x_wconf 91' lang='lat' dir='ltr'><strong>Christi</strong></span> <span class='ocrx_word' id='word_1_26' title='bbox 1529 420 1621 476; x_wconf 89' lang='lat' dir='ltr'><strong>Dei</strong></span> <span class='ocrx_word' id='word_1_27' title='bbox 1654 423 1830 477; x_wconf 89' lang='lat' dir='ltr'><strong>nostri</strong></span> <span class='ocrx_word' id='word_1_28' title='bbox 1860 421 2110 490; x_wconf 88' lang='lat' dir='ltr'><strong>corporis</strong></span> 
     </span>
    </p>
   </div>
   <div class='ocr_carea' id='block_1_7' title="bbox 521 512 2106 583">
    <p class='ocr_par' dir='ltr' id='par_1_7' title="bbox 521 512 2106 583">
     <span class='ocr_line' id='line_1_7' title="bbox 521 512 2106 583; baseline -0.003 -12"><span class='ocrx_word' id='word_1_29' title='bbox 521 519 828 573; x_wconf 81' lang='lat' dir='ltr'><strong>membrum</strong></span> <span class='ocrx_word' id='word_1_30' title='bbox 884 513 1087 578; x_wconf 76' lang='lat' dir='ltr'><strong>vocari,</strong></span> <span class='ocrx_word' id='word_1_31' title='bbox 1133 527 1241 582; x_wconf 84' lang='lat' dir='ltr'><strong>non</strong></span> <span class='ocrx_word' id='word_1_32' title='bbox 1301 522 1482 569; x_wconf 91' lang='lat' dir='ltr'><strong>autem</strong></span> <span class='ocrx_word' id='word_1_33' title='bbox 1533 513 1581 568; x_wconf 88' lang='lat' dir='ltr'><strong>ei</strong></span> <span class='ocrx_word' id='word_1_34' title='bbox 1633 513 1966 583; x_wconf 85' lang='lat' dir='ltr'><strong>comparari,</strong></span> <span class='ocrx_word' id='word_1_35' title='bbox 2023 512 2106 568; x_wconf 82' lang='lat' dir='ltr'><strong>vel</strong></span> 
     </span>
    </p>
   </div>
   <div class='ocr_carea' id='block_1_8' title="bbox 521 603 2110 678">
    <p class='ocr_par' dir='ltr' id='par_1_8' title="bbox 521 603 2110 678">
     <span class='ocr_line' id='line_1_8' title="bbox 521 603 2110 678; baseline -0.004 -14"><span class='ocrx_word' id='word_1_36' title='bbox 521 608 908 678; x_wconf 77' lang='lat' dir='ltr'><strong>:equalitutem,</strong></span> <span class='ocrx_word' id='word_1_37' title='bbox 955 604 1003 657; x_wconf 87' lang='lat' dir='ltr'><strong>si</strong></span> <span class='ocrx_word' id='word_1_38' title='bbox 1043 603 1192 658; x_wconf 92' lang='lat' dir='ltr'><strong>velut</strong></span> <span class='ocrx_word' id='word_1_39' title='bbox 1249 603 1380 675; x_wconf 92' lang='lat' dir='ltr'><strong>quid</strong></span> <span class='ocrx_word' id='word_1_40' title='bbox 1412 619 1554 675; x_wconf 86' lang='lat' dir='ltr'><strong>pene</strong></span> <span class='ocrx_word' id='word_1_41' title='bbox 1602 604 1784 659; x_wconf 84' lang='lat' dir='ltr'><strong>simile</strong></span> <span class='ocrx_word' id='word_1_42' title='bbox 1835 605 1928 669; x_wconf 87' lang='lat' dir='ltr'><strong>sit,</strong></span> <span class='ocrx_word' id='word_1_43' title='bbox 1973 603 2110 659; x_wconf 81' lang='lat' dir='ltr'><strong>velle</strong></span> 
     </span>
    </p>
   </div>
   <div class='ocr_carea' id='block_1_9' title="bbox 522 694 2109 770">
    <p class='ocr_par' dir='ltr' id='par_1_9' title="bbox 522 694 2109 770">
     <span class='ocr_line' id='line_1_9' title="bbox 522 694 2109 770; baseline -0.004 -15"><span class='ocrx_word' id='word_1_44' title='bbox 522 702 871 770; x_wconf 74' lang='lat' dir='ltr'><strong>aliquatenus</strong></span> <span class='ocrx_word' id='word_1_45' title='bbox 924 694 1205 766; x_wconf 90' lang='lat' dir='ltr'><strong>applicare</strong></span> <span class='ocrx_word' id='word_1_46' title='bbox 1240 711 1257 761; x_wconf 89' lang='lat'><strong>;</strong></span> <span class='ocrx_word' id='word_1_47' title='bbox 1309 696 1455 766; x_wconf 90' lang='lat' dir='ltr'><strong>quod</strong></span> <span class='ocrx_word' id='word_1_48' title='bbox 1496 710 1675 766; x_wconf 91' lang='lat' dir='ltr'><strong>neque</strong></span> <span class='ocrx_word' id='word_1_49' title='bbox 1714 696 1758 749; x_wconf 91' lang='lat' dir='ltr'><strong>si</strong></span> <span class='ocrx_word' id='word_1_50' title='bbox 1804 695 1930 764; x_wconf 90' lang='lat' dir='ltr'><strong>quis</strong></span> <span class='ocrx_word' id='word_1_51' title='bbox 1961 702 2109 750; x_wconf 85' lang='lat' dir='ltr'><strong>esset</strong></span> 
     </span>
    </p>
   </div>
   <div class='ocr_carea' id='block_1_10' title="bbox 519 785 2107 860">
    <p class='ocr_par' dir='ltr' id='par_1_10' title="bbox 519 785 2107 860">
     <span class='ocr_line' id='line_1_10' title="bbox 519 785 2107 860; baseline -0.003 -16"><span class='ocrx_word' id='word_1_52' title='bbox 519 790 611 860; x_wconf 87' lang='lat' dir='ltr'><strong>qui</strong></span> <span class='ocrx_word' id='word_1_53' title='bbox 661 787 949 858; x_wconf 68' lang='lat' dir='ltr'><strong>praeberet.</strong></span> <span class='ocrx_word' id='word_1_54' title='bbox 1004 788 1288 857; x_wconf 77' lang='lat' dir='ltr'><strong>percipere</strong></span> <span class='ocrx_word' id='word_1_55' title='bbox 1343 788 1738 842; x_wconf 81' lang='lat' dir='ltr'><strong>consensisset.</strong></span> <span class='ocrx_word' id='word_1_56' title='bbox 1788 785 1886 840; x_wconf 92' lang='lat' dir='ltr'><strong>llic</strong></span> <span class='ocrx_word' id='word_1_57' title='bbox 1911 800 2107 842; x_wconf 87' lang='lat' dir='ltr'><strong>sensus</strong></span> 
     </span>
    </p>
   </div>
   <div class='ocr_carea' id='block_1_11' title="bbox 517 877 2105 950">
    <p class='ocr_par' dir='ltr' id='par_1_11' title="bbox 517 877 2105 950">
     <span class='ocr_line' id='line_1_11' title="bbox 517 877 2105 950; baseline -0.002 -14"><span class='ocrx_word' id='word_1_58' title='bbox 517 891 603 937; x_wconf 89' lang='lat' dir='ltr'><strong>est</strong></span> <span class='ocrx_word' id='word_1_59' title='bbox 636 880 811 935; x_wconf 85' lang='lat' dir='ltr'><strong>hostis</strong></span> <span class='ocrx_word' id='word_1_60' title='bbox 840 878 1080 949; x_wconf 78' lang='lat' dir='ltr'><strong>antiqui,</strong></span> <span class='ocrx_word' id='word_1_61' title='bbox 1118 894 1215 950; x_wconf 90' lang='lat' dir='ltr'><strong>per</strong></span> <span class='ocrx_word' id='word_1_62' title='bbox 1250 892 1408 949; x_wconf 88' lang='lat' dir='ltr'><strong>quem</strong></span> <span class='ocrx_word' id='word_1_63' title='bbox 1434 889 1488 934; x_wconf 89' lang='lat' dir='ltr'><strong>et</strong></span> <span class='ocrx_word' id='word_1_64' title='bbox 1522 879 1637 949; x_wconf 88' lang='lat' dir='ltr'><strong>ipse</strong></span> <span class='ocrx_word' id='word_1_65' title='bbox 1677 879 1921 949; x_wconf 79' lang='lat' dir='ltr'><strong>rapinam</strong></span> <span class='ocrx_word' id='word_1_66' title='bbox 1957 877 2105 933; x_wconf 87' lang='lat' dir='ltr'><strong>arbi-</strong></span> 
     </span>
    </p>
   </div>
   <div class='ocr_carea' id='block_1_12' title="bbox 518 969 2104 1039">
    <p class='ocr_par' dir='ltr' id='par_1_12' title="bbox 518 969 2104 1039">
     <span class='ocr_line' id='line_1_12' title="bbox 518 969 2104 1039; baseline -0.001 -15"><span class='ocrx_word' id='word_1_67' title='bbox 518 979 698 1025; x_wconf 85' lang='lat' dir='ltr'><strong>tratus</strong></span> <span class='ocrx_word' id='word_1_68' title='bbox 726 983 852 1024; x_wconf 87' lang='lat' dir='ltr'><strong>esse</strong></span> <span class='ocrx_word' id='word_1_69' title='bbox 875 984 935 1024; x_wconf 91' lang='lat' dir='ltr'><strong>se</strong></span> <span class='ocrx_word' id='word_1_70' title='bbox 964 970 1229 1039; x_wconf 61' lang='lat' dir='ltr'><strong>aequalem</strong></span> <span class='ocrx_word' id='word_1_71' title='bbox 1275 969 1405 1034; x_wconf 85' lang='lat' dir='ltr'><strong>Deo,</strong></span> <span class='ocrx_word' id='word_1_72' title='bbox 1445 978 1500 1024; x_wconf 91' lang='lat' dir='ltr'><strong>et</strong></span> <span class='ocrx_word' id='word_1_73' title='bbox 1537 970 1750 1025; x_wconf 90' lang='lat' dir='ltr'><strong>sedium</strong></span> <span class='ocrx_word' id='word_1_74' title='bbox 1783 969 2104 1025; x_wconf 87' lang='lat' dir='ltr'><strong>similitudi-</strong></span> 
     </span>
    </p>
   </div>
   <div class='ocr_carea' id='block_1_13' title="bbox 518 1060 2101 1131">
    <p class='ocr_par' dir='ltr' id='par_1_13' title="bbox 518 1060 2101 1131">
     <span class='ocr_line' id='line_1_13' title="bbox 518 1060 2101 1131; baseline -0.001 -16"><span class='ocrx_word' id='word_1_75' title='bbox 518 1077 641 1117; x_wconf 85' lang='lat' dir='ltr'><strong>nem</strong></span> <span class='ocrx_word' id='word_1_76' title='bbox 701 1075 869 1128; x_wconf 80' lang='lat' dir='ltr'><strong>super</strong></span> <span class='ocrx_word' id='word_1_77' title='bbox 918 1060 1092 1115; x_wconf 90' lang='lat' dir='ltr'><strong>nubes</strong></span> <span class='ocrx_word' id='word_1_78' title='bbox 1145 1062 1515 1131; x_wconf 69' lang='lat' dir='ltr'><strong>prtetendens,</strong></span> <span class='ocrx_word' id='word_1_79' title='bbox 1553 1061 1623 1115; x_wconf 87' lang='lat' dir='ltr'><strong>ab</strong></span> <span class='ocrx_word' id='word_1_80' title='bbox 1667 1060 1856 1115; x_wconf 88' lang='lat' dir='ltr'><strong>abside</strong></span> <span class='ocrx_word' id='word_1_81' title='bbox 1885 1060 2101 1117; x_wconf 64' lang='lat' dir='ltr'><strong>caelesti</strong></span> 
     </span>
    </p>
   </div>
   <div class='ocr_carea' id='block_1_14' title="bbox 518 1148 2105 1221">
    <p class='ocr_par' dir='ltr' id='par_1_14' title="bbox 518 1148 2105 1221">
     <span class='ocr_line' id='line_1_14' title="bbox 518 1148 2105 1221; baseline 0.002 -16"><span class='ocrx_word' id='word_1_82' title='bbox 518 1166 644 1205; x_wconf 91' lang='lat' dir='ltr'><strong>cum</strong></span> <span class='ocrx_word' id='word_1_83' title='bbox 684 1159 813 1203; x_wconf 89' lang='lat' dir='ltr'><strong>ante</strong></span> <span class='ocrx_word' id='word_1_84' title='bbox 844 1148 1009 1203; x_wconf 87' lang='lat' dir='ltr'><strong>fuerit</strong></span> <span class='ocrx_word' id='word_1_85' title='bbox 1039 1148 1237 1203; x_wconf 87' lang='lat' dir='ltr'><strong>lucifer</strong></span> <span class='ocrx_word' id='word_1_86' title='bbox 1258 1151 1481 1214; x_wconf 88' lang='lat' dir='ltr'><strong>cecidit,</strong></span> <span class='ocrx_word' id='word_1_87' title='bbox 1520 1162 1572 1206; x_wconf 91' lang='lat' dir='ltr'><strong>et</strong></span> <span class='ocrx_word' id='word_1_88' title='bbox 1604 1151 1816 1221; x_wconf 86' lang='lat' dir='ltr'><strong>primos</strong></span> <span class='ocrx_word' id='word_1_89' title='bbox 1847 1161 2105 1221; x_wconf 85' lang='lat' dir='ltr'><strong>parentes</strong></span> 
     </span>
    </p>
   </div>
   <div class='ocr_carea' id='block_1_15' title="bbox 517 1240 2103 1313">
    <p class='ocr_par' dir='ltr' id='par_1_15' title="bbox 517 1240 2103 1313">
     <span class='ocr_line' id='line_1_15' title="bbox 517 1240 2103 1313; baseline 0.001 -17"><span class='ocrx_word' id='word_1_90' title='bbox 517 1250 742 1297; x_wconf 87' lang='lat' dir='ltr'><strong>nostros</strong></span> <span class='ocrx_word' id='word_1_91' title='bbox 775 1241 830 1295; x_wconf 91' lang='lat' dir='ltr'><strong>iu</strong></span> <span class='ocrx_word' id='word_1_92' title='bbox 882 1240 1139 1311; x_wconf 84' lang='lat' dir='ltr'><strong>paradiso</strong></span> <span class='ocrx_word' id='word_1_93' title='bbox 1178 1240 1452 1297; x_wconf 84' lang='lat' dir='ltr'><strong>scducens</strong></span> <span class='ocrx_word' id='word_1_94' title='bbox 1493 1243 1731 1313; x_wconf 77' lang='lat' dir='ltr'><strong>pellexit.</strong></span> <span class='ocrx_word' id='word_1_95' title='bbox 1763 1242 1878 1297; x_wconf 87' lang='lat' dir='ltr'><strong>Hoc</strong></span> <span class='ocrx_word' id='word_1_96' title='bbox 1919 1253 2103 1299; x_wconf 86' lang='lat' dir='ltr'><strong>autem</strong></span> 
     </span>
    </p>
   </div>
   <div class='ocr_carea' id='block_1_16' title="bbox 518 1331 2101 1413">
    <p class='ocr_par' dir='ltr' id='par_1_16' title="bbox 518 1331 2101 1413">
     <span class='ocr_line' id='line_1_16' title="bbox 518 1331 2101 1413; baseline 0.001 -25"><span class='ocrx_word' id='word_1_97' title='bbox 518 1334 756 1389; x_wconf 86' lang='lat' dir='ltr'><strong>dicimus</strong></span> <span class='ocrx_word' id='word_1_98' title='bbox 805 1348 910 1386; x_wconf 89' lang='lat' dir='ltr'><strong>non</strong></span> <span class='ocrx_word' id='word_1_99' title='bbox 973 1331 1361 1413; x_wconf 68' lang='lat' dir='ltr'><strong>praedictorum</strong></span> <span class='ocrx_word' id='word_1_100' title='bbox 1430 1348 1650 1390; x_wconf 85' lang='lat' dir='ltr'><strong>errores</strong></span> <span class='ocrx_word' id='word_1_101' title='bbox 1694 1334 2034 1403; x_wconf 77' lang='lat' dir='ltr'><strong>corrigentcs</strong></span> <span class='ocrx_word' id='word_1_102' title='bbox 2085 1351 2101 1402; x_wconf 92' lang='lat'><strong>;</strong></span> 
     </span>
    </p>
   </div>
   <div class='ocr_carea' id='block_1_17' title="bbox 475 1423 2105 1498">
    <p class='ocr_par' dir='ltr' id='par_1_17' title="bbox 475 1423 2105 1498">
     <span class='ocr_line' id='line_1_17' title="bbox 475 1423 2105 1498; baseline 0.004 -24"><span class='ocrx_word' id='word_1_103' title='bbox 475 1493 481 1498; x_wconf 28' lang='lat'>.</span> <span class='ocrx_word' id='word_1_104' title='bbox 517 1424 650 1493; x_wconf 87' lang='lat' dir='ltr'><strong>quid</strong></span> <span class='ocrx_word' id='word_1_105' title='bbox 678 1423 826 1479; x_wconf 88' lang='lat' dir='ltr'><strong>enim</strong></span> <span class='ocrx_word' id='word_1_106' title='bbox 854 1424 984 1477; x_wconf 92' lang='lat' dir='ltr'><strong>mihi</strong></span> <span class='ocrx_word' id='word_1_107' title='bbox 1015 1438 1112 1479; x_wconf 90' lang='lat' dir='ltr'><strong>eos</strong></span> <span class='ocrx_word' id='word_1_108' title='bbox 1138 1424 1231 1493; x_wconf 90' lang='lat' dir='ltr'><strong>qui</strong></span> <span class='ocrx_word' id='word_1_109' title='bbox 1255 1423 1391 1480; x_wconf 90' lang='lat' dir='ltr'><strong>foris</strong></span> <span class='ocrx_word' id='word_1_110' title='bbox 1424 1434 1554 1479; x_wconf 88' lang='lat' dir='ltr'><strong>sunt</strong></span> <span class='ocrx_word' id='word_1_111' title='bbox 1576 1424 1850 1495; x_wconf 84' lang='lat' dir='ltr'><strong>judicare,</strong></span> <span class='ocrx_word' id='word_1_112' title='bbox 1881 1433 1939 1480; x_wconf 93' lang='lat' dir='ltr'><strong>ut</strong></span> <span class='ocrx_word' id='word_1_113' title='bbox 1971 1427 2105 1481; x_wconf 88' lang='lat' dir='ltr'><strong>dicit</strong></span> 
     </span>
    </p>
   </div>
   <div class='ocr_carea' id='block_1_18' title="bbox 518 1512 2099 1585">
    <p class='ocr_par' dir='ltr' id='par_1_18' title="bbox 518 1512 2099 1585">
     <span class='ocr_line' id='line_1_18' title="bbox 518 1512 2099 1585; baseline 0.003 -18"><span class='ocrx_word' id='word_1_114' title='bbox 518 1514 815 1585; x_wconf 81' lang='lat' dir='ltr'><strong>Apostolus</strong></span> <span class='ocrx_word' id='word_1_115' title='bbox 859 1513 882 1567; x_wconf 83' lang='lat'><strong>?</strong></span> <span class='ocrx_word' id='word_1_116' title='bbox 935 1512 1030 1568; x_wconf 88' lang='lat' dir='ltr'><strong>sed</strong></span> <span class='ocrx_word' id='word_1_117' title='bbox 1080 1513 1277 1569; x_wconf 81' lang='lat' dir='ltr'><strong>fratres</strong></span> <span class='ocrx_word' id='word_1_118' title='bbox 1324 1524 1543 1570; x_wconf 89' lang='lat' dir='ltr'><strong>nostros</strong></span> <span class='ocrx_word' id='word_1_119' title='bbox 1571 1522 1763 1571; x_wconf 90' lang='lat' dir='ltr'><strong>cautos</strong></span> <span class='ocrx_word' id='word_1_120' title='bbox 1785 1516 2099 1579; x_wconf 88' lang='lat' dir='ltr'><strong>reddentes,</strong></span> 
     </span>
    </p>
   </div>
   <div class='ocr_carea' id='block_1_19' title="bbox 518 1604 2100 1678">
    <p class='ocr_par' dir='ltr' id='par_1_19' title="bbox 518 1604 2100 1678">
     <span class='ocr_line' id='line_1_19' title="bbox 518 1604 2100 1678; baseline 0 -15"><span class='ocrx_word' id='word_1_121' title='bbox 518 1624 586 1664; x_wconf 91' lang='lat' dir='ltr'><strong>ne</strong></span> <span class='ocrx_word' id='word_1_122' title='bbox 614 1607 753 1662; x_wconf 87' lang='lat' dir='ltr'><strong>forte</strong></span> <span class='ocrx_word' id='word_1_123' title='bbox 781 1605 905 1660; x_wconf 92' lang='lat' dir='ltr'><strong>illos</strong></span> <span class='ocrx_word' id='word_1_124' title='bbox 937 1604 1039 1660; x_wconf 92' lang='lat' dir='ltr'><strong>hoc</strong></span> <span class='ocrx_word' id='word_1_125' title='bbox 1068 1606 1269 1676; x_wconf 60' lang='lat' dir='ltr'><strong>sepius</strong></span> <span class='ocrx_word' id='word_1_126' title='bbox 1303 1605 1482 1662; x_wconf 76' lang='lat' dir='ltr'><strong>facere</strong></span> <span class='ocrx_word' id='word_1_127' title='bbox 1505 1607 1952 1678; x_wconf 83' lang='lat' dir='ltr'><strong>contemplantes,</strong></span> <span class='ocrx_word' id='word_1_128' title='bbox 1975 1623 2100 1663; x_wconf 90' lang='lat' dir='ltr'><strong>cum</strong></span> 
     </span>
    </p>
   </div>
   <div class='ocr_carea' id='block_1_20' title="bbox 2211 419 3730 494">
    <p class='ocr_par' dir='ltr' id='par_1_20' title="bbox 2211 419 3730 494">
     <span class='ocr_line' id='line_1_20' title="bbox 2211 419 3730 494; baseline 0.005 -21"><span class='ocrx_word' id='word_1_129' title='bbox 2211 420 2306 473; x_wconf 90' lang='grc' dir='ltr'><strong>τοῦ</strong></span> <span class='ocrx_word' id='word_1_130' title='bbox 2332 420 2467 474; x_wconf 87' lang='grc' dir='ltr'>Θεοῦ</span> <span class='ocrx_word' id='word_1_131' title='bbox 2499 420 2658 492; x_wconf 76' lang='grc' dir='ltr'>ἡμῶν</span> <span class='ocrx_word' id='word_1_132' title='bbox 2687 419 2937 490; x_wconf 85' lang='grc' dir='ltr'>σώματος</span> <span class='ocrx_word' id='word_1_133' title='bbox 2961 435 2975 450; x_wconf 85' lang='lat'><strong><em>°</em></strong></span> <span class='ocrx_word' id='word_1_134' title='bbox 3011 420 3086 492; x_wconf 83' lang='grc' dir='ltr'>μὴ</span> <span class='ocrx_word' id='word_1_135' title='bbox 3120 419 3228 490; x_wconf 79' lang='grc' dir='ltr'>μὴν</span> <span class='ocrx_word' id='word_1_136' title='bbox 3264 420 3390 474; x_wconf 69' lang='grc' dir='ltr'>αὐτο</span> <span class='ocrx_word' id='word_1_137' title='bbox 3432 425 3730 494; x_wconf 68' lang='grc' dir='ltr'>παραϐάλλε-</span> 
     </span>
    </p>
   </div>
   <div class='ocr_carea' id='block_1_21' title="bbox 2212 510 3731 585">
    <p class='ocr_par' dir='ltr' id='par_1_21' title="bbox 2212 510 3731 585">
     <span class='ocr_line' id='line_1_21' title="bbox 2212 510 3731 585; baseline 0.001 -21"><span class='ocrx_word' id='word_1_138' title='bbox 2212 511 2357 576; x_wconf 85' lang='grc' dir='ltr'>σθαι,</span> <span class='ocrx_word' id='word_1_139' title='bbox 2389 511 2486 565; x_wconf 83' lang='grc' dir='ltr'><strong>καί</strong></span> <span class='ocrx_word' id='word_1_140' title='bbox 2521 511 2584 563; x_wconf 83' lang='grc' dir='ltr'>τὸ</span> <span class='ocrx_word' id='word_1_141' title='bbox 2612 511 2726 565; x_wconf 74' lang='grc' dir='ltr'>ἴσον</span> <span class='ocrx_word' id='word_1_142' title='bbox 2756 510 2789 581; x_wconf 79' lang='grc' dir='ltr'>ἢ</span> <span class='ocrx_word' id='word_1_143' title='bbox 2832 511 2983 581; x_wconf 62' lang='grc' dir='ltr'>παρὰ</span> <span class='ocrx_word' id='word_1_144' title='bbox 3024 512 3219 580; x_wconf 79' lang='grc' dir='ltr'>μικρὸν</span> <span class='ocrx_word' id='word_1_145' title='bbox 3256 510 3604 582; x_wconf 80' lang='grc' dir='ltr'><strong>ἀποφέρεσθαι</strong></span> <span class='ocrx_word' id='word_1_146' title='bbox 3630 516 3731 585; x_wconf 79' lang='grc' dir='ltr'>βού-</span> 
     </span>
    </p>
   </div>
   <div class='ocr_carea' id='block_1_22' title="bbox 2209 600 3734 674">
    <p class='ocr_par' dir='ltr' id='par_1_22' title="bbox 2209 600 3734 674">
     <span class='ocr_line' id='line_1_22' title="bbox 2209 600 3734 674; baseline 0.003 -18"><span class='ocrx_word' id='word_1_147' title='bbox 2209 602 2396 656; x_wconf 89' lang='grc' dir='ltr'>λεσθαι</span> <span class='ocrx_word' id='word_1_148' title='bbox 2415 620 2429 633; x_wconf 89' lang='grc'><strong>·</strong></span> <span class='ocrx_word' id='word_1_149' title='bbox 2461 603 2598 673; x_wconf 83' lang='grc' dir='ltr'>ὅπερ</span> <span class='ocrx_word' id='word_1_150' title='bbox 2623 603 2742 656; x_wconf 72' lang='grc' dir='ltr'>οὐδέ</span> <span class='ocrx_word' id='word_1_151' title='bbox 2789 620 2875 666; x_wconf 86' lang='grc' dir='ltr'><strong>τις</strong></span> <span class='ocrx_word' id='word_1_152' title='bbox 2907 600 2973 674; x_wconf 82' lang='grc' dir='ltr'>ἦν</span> <span class='ocrx_word' id='word_1_153' title='bbox 3005 604 3034 655; x_wconf 76' lang='grc' dir='ltr'><strong>ὁ</strong></span> <span class='ocrx_word' id='word_1_154' title='bbox 3085 602 3337 672; x_wconf 79' lang='grc' dir='ltr'><strong>παρέχων</strong></span> <span class='ocrx_word' id='word_1_155' title='bbox 3367 604 3636 674; x_wconf 75' lang='grc' dir='ltr'><strong>ἐτύγχανεν</strong></span> <span class='ocrx_word' id='word_1_156' title='bbox 3661 609 3734 661; x_wconf 77' lang='grc' dir='ltr'>λαο</span> 
     </span>
    </p>
   </div>
   <div class='ocr_carea' id='block_1_23' title="bbox 2209 692 3735 771">
    <p class='ocr_par' dir='ltr' id='par_1_23' title="bbox 2209 692 3735 771">
     <span class='ocr_line' id='line_1_23' title="bbox 2209 692 3735 771; baseline 0.001 -22"><span class='ocrx_word' id='word_1_157' title='bbox 2209 696 2325 749; x_wconf 73' lang='grc' dir='ltr'>σειν</span> <span class='ocrx_word' id='word_1_158' title='bbox 2351 696 2691 759; x_wconf 73' lang='grc' dir='ltr'><strong>κατεδέξατο.</strong></span> <span class='ocrx_word' id='word_1_159' title='bbox 2725 696 2895 750; x_wconf 86' lang='grc' dir='ltr'>Τοῦτο</span> <span class='ocrx_word' id='word_1_160' title='bbox 2917 696 3026 766; x_wconf 74' lang='grc' dir='ltr'><strong>γὰρ</strong></span> <span class='ocrx_word' id='word_1_161' title='bbox 3070 692 3164 749; x_wconf 84' lang='grc' dir='ltr'><strong>τοῦ</strong></span> <span class='ocrx_word' id='word_1_162' title='bbox 3213 696 3512 767; x_wconf 81' lang='grc' dir='ltr'>άρχεκάκου</span> <span class='ocrx_word' id='word_1_163' title='bbox 3535 697 3590 751; x_wconf 66' lang='lat' dir='ltr'><strong>th</strong></span> <span class='ocrx_word' id='word_1_164' title='bbox 3624 701 3735 771; x_wconf 78' lang='grc' dir='ltr'>φρό-</span> 
     </span>
    </p>
   </div>
   <div class='ocr_carea' id='block_1_24' title="bbox 2208 784 3735 861">
    <p class='ocr_par' dir='ltr' id='par_1_24' title="bbox 2208 784 3735 861">
     <span class='ocr_line' id='line_1_24' title="bbox 2208 784 3735 861; baseline 0.005 -21"><span class='ocrx_word' id='word_1_165' title='bbox 2208 806 2381 860; x_wconf 85' lang='grc' dir='ltr'>νημα,</span> <span class='ocrx_word' id='word_1_166' title='bbox 2443 789 2512 843; x_wconf 75' lang='grc' dir='ltr'><strong>δι’</strong></span> <span class='ocrx_word' id='word_1_167' title='bbox 2566 784 2628 844; x_wconf 81' lang='grc' dir='ltr'><strong>οῦ</strong></span> <span class='ocrx_word' id='word_1_168' title='bbox 2674 791 2770 845; x_wconf 76' lang='grc' dir='ltr'>καὶ</span> <span class='ocrx_word' id='word_1_169' title='bbox 2797 789 2959 852; x_wconf 79' lang='grc' dir='ltr'>αὐτὸς</span> <span class='ocrx_word' id='word_1_170' title='bbox 2987 789 3087 860; x_wconf 76' lang='grc' dir='ltr'>τὴν</span> <span class='ocrx_word' id='word_1_171' title='bbox 3140 789 3358 857; x_wconf 80' lang='grc' dir='ltr'>ἰσότητα</span> <span class='ocrx_word' id='word_1_172' title='bbox 3397 789 3489 861; x_wconf 79' lang='grc' dir='ltr'>τὴν</span> <span class='ocrx_word' id='word_1_173' title='bbox 3512 793 3735 861; x_wconf 68' lang='grc' dir='ltr'>πρὸςτδν</span> 
     </span>
    </p>
   </div>
   <div class='ocr_carea' id='block_1_25' title="bbox 2207 881 3735 955">
    <p class='ocr_par' dir='ltr' id='par_1_25' title="bbox 2207 881 3735 955">
     <span class='ocr_line' id='line_1_25' title="bbox 2207 881 3735 955; baseline 0.003 -20"><span class='ocrx_word' id='word_1_174' title='bbox 2207 883 2342 936; x_wconf 84' lang='grc' dir='ltr'>Θεὸν</span> <span class='ocrx_word' id='word_1_175' title='bbox 2397 881 2690 955; x_wconf 79' lang='grc' dir='ltr'>ἁρπαγμὸν</span> <span class='ocrx_word' id='word_1_176' title='bbox 2755 883 3123 952; x_wconf 63' lang='grc' dir='ltr'>ἡγησάμειος,</span> <span class='ocrx_word' id='word_1_177' title='bbox 3156 883 3251 934; x_wconf 72' lang='grc' dir='ltr'>καὶ</span> <span class='ocrx_word' id='word_1_178' title='bbox 3297 882 3483 953; x_wconf 84' lang='grc' dir='ltr'>θρόνου</span> <span class='ocrx_word' id='word_1_179' title='bbox 3511 886 3735 954; x_wconf 79' lang='grc' dir='ltr'>ὁμοίωσιν</span> 
     </span>
    </p>
   </div>
   <div class='ocr_carea' id='block_1_26' title="bbox 2208 973 3737 1049">
    <p class='ocr_par' dir='ltr' id='par_1_26' title="bbox 2208 973 3737 1049">
     <span class='ocr_line' id='line_1_26' title="bbox 2208 973 3737 1049; baseline 0.003 -22"><span class='ocrx_word' id='word_1_180' title='bbox 2208 974 2348 1046; x_wconf 69' lang='grc' dir='ltr'>ὑπὲρ</span> <span class='ocrx_word' id='word_1_181' title='bbox 2370 976 2505 1044; x_wconf 82' lang='grc' dir='ltr'>νέφη</span> <span class='ocrx_word' id='word_1_182' title='bbox 2529 973 2936 1045; x_wconf 77' lang='grc' dir='ltr'>φανταζόμενος</span> <span class='ocrx_word' id='word_1_183' title='bbox 2958 974 3059 1043; x_wconf 79' lang='grc' dir='ltr'>τῆς</span> <span class='ocrx_word' id='word_1_184' title='bbox 3086 974 3336 1045; x_wconf 80' lang='grc' dir='ltr'><strong>οὐρανίου</strong></span> <span class='ocrx_word' id='word_1_185' title='bbox 3363 975 3560 1046; x_wconf 75' lang='grc' dir='ltr'>ἁψῖδος,</span> <span class='ocrx_word' id='word_1_186' title='bbox 3587 980 3614 1031; x_wconf 79' lang='grc' dir='ltr'><strong>ὁ</strong></span> <span class='ocrx_word' id='word_1_187' title='bbox 3632 982 3737 1049; x_wconf 76' lang='grc' dir='ltr'>πρὶν</span> 
     </span>
    </p>
   </div>
   <div class='ocr_carea' id='block_1_27' title="bbox 2206 1064 3735 1138">
    <p class='ocr_par' dir='ltr' id='par_1_27' title="bbox 2206 1064 3735 1138">
     <span class='ocr_line' id='line_1_27' title="bbox 2206 1064 3735 1138; baseline 0 -18"><span class='ocrx_word' id='word_1_188' title='bbox 2206 1066 2485 1135; x_wconf 79' lang='grc' dir='ltr'><strong>ἑωσφόρος</strong></span> <span class='ocrx_word' id='word_1_189' title='bbox 2499 1065 2855 1119; x_wconf 78' lang='grc' dir='ltr'>ἐκπέπτωκεο</span> <span class='ocrx_word' id='word_1_190' title='bbox 2877 1066 3118 1128; x_wconf 72' lang='grc' dir='ltr'>καὶτοὺς</span> <span class='ocrx_word' id='word_1_191' title='bbox 3147 1064 3307 1129; x_wconf 76' lang='grc' dir='ltr'>ὄντας</span> <span class='ocrx_word' id='word_1_192' title='bbox 3335 1066 3475 1137; x_wconf 74' lang='grc' dir='ltr'>ἡμᾶς</span> <span class='ocrx_word' id='word_1_193' title='bbox 3505 1070 3560 1120; x_wconf 72' lang='grc' dir='ltr'><strong>ἰν</strong></span> <span class='ocrx_word' id='word_1_194' title='bbox 3588 1085 3735 1138; x_wconf 81' lang='grc' dir='ltr'>παρα-</span> 
     </span>
    </p>
   </div>
   <div class='ocr_carea' id='block_1_28' title="bbox 2204 1154 3737 1227">
    <p class='ocr_par' dir='ltr' id='par_1_28' title="bbox 2204 1154 3737 1227">
     <span class='ocr_line' id='line_1_28' title="bbox 2204 1154 3737 1227; baseline 0.002 -16"><span class='ocrx_word' id='word_1_195' title='bbox 2204 1158 2369 1226; x_wconf 80' lang='grc' dir='ltr'>δείσῳ</span> <span class='ocrx_word' id='word_1_196' title='bbox 2400 1157 2773 1227; x_wconf 77' lang='grc' dir='ltr'><strong>προπάτορας,</strong></span> <span class='ocrx_word' id='word_1_197' title='bbox 2803 1156 2883 1218; x_wconf 81' lang='grc' dir='ltr'><strong>εἰς</strong></span> <span class='ocrx_word' id='word_1_198' title='bbox 2900 1155 3112 1225; x_wconf 78' lang='grc' dir='ltr'>φθοράν</span> <span class='ocrx_word' id='word_1_199' title='bbox 3135 1154 3394 1220; x_wconf 80' lang='grc' dir='ltr'><strong>δελεάσας</strong></span> <span class='ocrx_word' id='word_1_200' title='bbox 3408 1159 3737 1214; x_wconf 77' lang='grc' dir='ltr'>κατέσπασεν.</span> 
     </span>
    </p>
   </div>
   <div class='ocr_carea' id='block_1_29' title="bbox 2206 1248 3738 1321">
    <p class='ocr_par' dir='ltr' id='par_1_29' title="bbox 2206 1248 3738 1321">
     <span class='ocr_line' id='line_1_29' title="bbox 2206 1248 3738 1321; baseline 0.001 -19"><span class='ocrx_word' id='word_1_201' title='bbox 2206 1248 2394 1303; x_wconf 88' lang='grc' dir='ltr'>Ταῦτα</span> <span class='ocrx_word' id='word_1_202' title='bbox 2418 1248 2477 1301; x_wconf 77' lang='grc' dir='ltr'>δὲ</span> <span class='ocrx_word' id='word_1_203' title='bbox 2497 1248 2750 1318; x_wconf 81' lang='grc' dir='ltr'>λέγομεν,</span> <span class='ocrx_word' id='word_1_204' title='bbox 2767 1248 2830 1301; x_wconf 77' lang='grc' dir='ltr'>οὐ</span> <span class='ocrx_word' id='word_1_205' title='bbox 2847 1248 2915 1301; x_wconf 82' lang='grc' dir='ltr'><strong>τά</strong></span> <span class='ocrx_word' id='word_1_206' title='bbox 2943 1248 3051 1301; x_wconf 85' lang='grc' dir='ltr'><strong>τῶν</strong></span> <span class='ocrx_word' id='word_1_207' title='bbox 3074 1248 3382 1319; x_wconf 71' lang='grc' dir='ltr'><strong>εἰρημένων</strong></span> <span class='ocrx_word' id='word_1_208' title='bbox 3405 1248 3738 1321; x_wconf 77' lang='grc' dir='ltr'><strong>διορθούμενοι</strong></span> 
     </span>
    </p>
   </div>
   <div class='ocr_carea' id='block_1_30' title="bbox 2207 1337 3741 1409">
    <p class='ocr_par' dir='ltr' id='par_1_30' title="bbox 2207 1337 3741 1409">
     <span class='ocr_line' id='line_1_30' title="bbox 2207 1337 3741 1409; baseline 0 -17"><span class='ocrx_word' id='word_1_209' title='bbox 2207 1339 2499 1409; x_wconf 83' lang='grc' dir='ltr'>σφάλματα</span> <span class='ocrx_word' id='word_1_210' title='bbox 2517 1338 2590 1408; x_wconf 91' lang='grc' dir='ltr'>(τί</span> <span class='ocrx_word' id='word_1_211' title='bbox 2618 1338 2726 1409; x_wconf 82' lang='grc' dir='ltr'>γάρ</span> <span class='ocrx_word' id='word_1_212' title='bbox 2761 1355 2851 1409; x_wconf 81' lang='grc' dir='ltr'><strong>μοι</strong></span> <span class='ocrx_word' id='word_1_213' title='bbox 2907 1338 3033 1401; x_wconf 84' lang='grc' dir='ltr'>τοὺς</span> <span class='ocrx_word' id='word_1_214' title='bbox 3071 1337 3177 1403; x_wconf 72' lang='grc' dir='ltr'><strong>ἔξω</strong></span> <span class='ocrx_word' id='word_1_215' title='bbox 3224 1337 3464 1408; x_wconf 87' lang='grc' dir='ltr'>κρίνειν,</span> <span class='ocrx_word' id='word_1_216' title='bbox 3498 1338 3570 1397; x_wconf 79' lang='grc' dir='ltr'>ὥς</span> <span class='ocrx_word' id='word_1_217' title='bbox 3603 1356 3741 1408; x_wconf 81' lang='grc' dir='ltr'>φησιν</span> 
     </span>
    </p>
   </div>
   <div class='ocr_carea' id='block_1_31' title="bbox 2204 1414 3741 1499">
    <p class='ocr_par' dir='ltr' id='par_1_31' title="bbox 2204 1414 3741 1499">
     <span class='ocr_line' id='line_1_31' title="bbox 2204 1414 3741 1499; baseline -0.003 -16"><span class='ocrx_word' id='word_1_218' title='bbox 2204 1432 2234 1483; x_wconf 88' lang='grc' dir='ltr'><strong>ὁ</strong></span> <span class='ocrx_word' id='word_1_219' title='bbox 2260 1428 2580 1493; x_wconf 78' lang='grc' dir='ltr'>Ἀπόστολος</span> <span class='ocrx_word' id='word_1_220' title='bbox 2591 1428 2794 1499; x_wconf 77' lang='grc' dir='ltr'>ς),άλλὰ</span> <span class='ocrx_word' id='word_1_221' title='bbox 2816 1428 2941 1491; x_wconf 78' lang='grc' dir='ltr'>τοὺς</span> <span class='ocrx_word' id='word_1_222' title='bbox 2957 1426 3115 1498; x_wconf 79' lang='grc' dir='ltr'>ήμῶν</span> <span class='ocrx_word' id='word_1_223' title='bbox 3132 1428 3395 1496; x_wconf 75' lang='grc' dir='ltr'>ἀδελφοὺς</span> <span class='ocrx_word' id='word_1_224' title='bbox 3409 1414 3741 1497; x_wconf 68' lang='grc' dir='ltr'>ἀσφαλιζόμε-</span> 
     </span>
    </p>
   </div>
   <div class='ocr_carea' id='block_1_32' title="bbox 2204 1518 3741 1594">
    <p class='ocr_par' dir='ltr' id='par_1_32' title="bbox 2204 1518 3741 1594">
     <span class='ocr_line' id='line_1_32' title="bbox 2204 1518 3741 1594; baseline -0.003 -18"><span class='ocrx_word' id='word_1_225' title='bbox 2204 1540 2308 1588; x_wconf 90' lang='grc' dir='ltr'>νοι,</span> <span class='ocrx_word' id='word_1_226' title='bbox 2340 1524 2539 1594; x_wconf 81' lang='grc' dir='ltr'><strong>μήπως</strong></span> <span class='ocrx_word' id='word_1_227' title='bbox 2564 1521 2761 1584; x_wconf 80' lang='grc' dir='ltr'>αὐτοὺς</span> <span class='ocrx_word' id='word_1_228' title='bbox 2783 1520 2940 1574; x_wconf 86' lang='grc' dir='ltr'>τοῦτο</span> <span class='ocrx_word' id='word_1_229' title='bbox 2971 1518 3258 1582; x_wconf 79' lang='grc' dir='ltr'>ποιοῦντας</span> <span class='ocrx_word' id='word_1_230' title='bbox 3298 1519 3607 1589; x_wconf 85' lang='grc' dir='ltr'>συχνότερον</span> <span class='ocrx_word' id='word_1_231' title='bbox 3637 1519 3741 1589; x_wconf 79' lang='grc' dir='ltr'>βλέ-</span> 
     </span>
    </p>
   </div>
   <div class='ocr_carea' id='block_1_33' title="bbox 2206 1609 3796 1681">
    <p class='ocr_par' dir='ltr' id='par_1_33' title="bbox 2206 1609 3796 1681">
     <span class='ocr_line' id='line_1_33' title="bbox 2206 1609 3796 1681; baseline 0 -15"><span class='ocrx_word' id='word_1_232' title='bbox 2206 1631 2420 1681; x_wconf 83' lang='grc' dir='ltr'>ποντες,</span> <span class='ocrx_word' id='word_1_233' title='bbox 2444 1615 2542 1667; x_wconf 81' lang='grc' dir='ltr'>σὺν</span> <span class='ocrx_word' id='word_1_234' title='bbox 2598 1613 2782 1677; x_wconf 83' lang='grc' dir='ltr'>αὐτοῖς</span> <span class='ocrx_word' id='word_1_235' title='bbox 2809 1611 3172 1681; x_wconf 79' lang='grc' dir='ltr'>άσεϐήσωσιν.</span> <span class='ocrx_word' id='word_1_236' title='bbox 3218 1609 3359 1665; x_wconf 78' lang='grc' dir='ltr'>Ἀλλ’</span> <span class='ocrx_word' id='word_1_237' title='bbox 3389 1610 3482 1664; x_wconf 76' lang='grc' dir='ltr'><strong>ἐπὶ</strong></span> <span class='ocrx_word' id='word_1_238' title='bbox 3503 1610 3563 1664; x_wconf 82' lang='grc' dir='ltr'><strong>τδ</strong></span> <span class='ocrx_word' id='word_1_239' title='bbox 3583 1610 3742 1666; x_wconf 83' lang='grc' dir='ltr'>λειπό-</span> <span class='ocrx_word' id='word_1_240' title='bbox 3791 1652 3796 1665; x_wconf 83' lang='grc'><strong>.</strong></span> 
     </span>
    </p>
   </div>
   <div class='ocr_carea' id='block_1_34' title="bbox 520 1674 2106 1777">
    <p class='ocr_par' dir='ltr' id='par_1_34' title="bbox 520 1674 2103 1769">
     <span class='ocr_line' id='line_1_34' title="bbox 520 1674 2103 1769; baseline 0 -14"><span class='ocrx_word' id='word_1_241' title='bbox 520 1699 608 1755; x_wconf 86' lang='lat' dir='ltr'><strong>eis</strong></span> <span class='ocrx_word' id='word_1_242' title='bbox 631 1697 800 1769; x_wconf 89' lang='lat' dir='ltr'><strong>impie</strong></span> <span class='ocrx_word' id='word_1_243' title='bbox 826 1707 1011 1768; x_wconf 88' lang='lat' dir='ltr'><strong>agant.</strong></span> <span class='ocrx_word' id='word_1_244' title='bbox 1032 1674 1240 1754; x_wconf 38' lang='lat' dir='ltr'><strong>Sed—ad</strong></span> <span class='ocrx_word' id='word_1_245' title='bbox 1260 1698 1595 1755; x_wconf 86' lang='lat' dir='ltr'><strong>narrationis</strong></span> <span class='ocrx_word' id='word_1_246' title='bbox 1616 1674 1894 1755; x_wconf 78' lang='lat' dir='ltr'><strong>residuum</strong></span> <span class='ocrx_word' id='word_1_247' title='bbox 1916 1701 2103 1756; x_wconf 87' lang='lat' dir='ltr'><strong>venia-</strong></span> 
     </span>
    </p>
   </div>
   <div class='ocr_carea' id='block_1_35' title="bbox 2207 1674 3282 1777">
    <p class='ocr_par' dir='ltr' id='par_1_35' title="bbox 2208 1674 3282 1777">
     <span class='ocr_line' id='line_1_35' title="bbox 2208 1674 3282 1777; baseline -0.001 -18"><span class='ocrx_word' id='word_1_248' title='bbox 2208 1674 2531 1777; x_wconf 47' lang='grc' dir='ltr'>μενονῖχμίν</span> <span class='ocrx_word' id='word_1_249' title='bbox 2557 1703 2656 1775; x_wconf 86' lang='grc' dir='ltr'><strong>τῆς</strong></span> <span class='ocrx_word' id='word_1_250' title='bbox 2682 1674 2987 1774; x_wconf 61' lang='grc' dir='ltr'>διήγήσεως</span> <span class='ocrx_word' id='word_1_251' title='bbox 3017 1702 3282 1774; x_wconf 75' lang='grc' dir='ltr'><strong>ἔλθωμεν.</strong></span> 
     </span>
    </p>
   </div>
   <div class='ocr_carea' id='block_1_36' title="bbox 523 1805 666 1846">
    <p class='ocr_par' dir='ltr' id='par_1_36' title="bbox 523 1805 666 1846">
     <span class='ocr_line' id='line_1_36' title="bbox 523 1805 666 1846; baseline -0.021 0"><span class='ocrx_word' id='word_1_252' title='bbox 523 1805 666 1846; x_wconf 84' lang='lat' dir='ltr'><strong>ntus.</strong></span> 
     </span>
    </p>
   </div>
   <div class='ocr_carea' id='block_1_37' title="bbox 587 1879 2091 1953">
    <p class='ocr_par' dir='ltr' id='par_1_37' title="bbox 587 1879 2091 1953">
     <span class='ocr_line' id='line_1_37' title="bbox 587 1879 2091 1953; baseline 0.003 -19"><span class='ocrx_word' id='word_1_253' title='bbox 587 1879 885 1939; x_wconf 73' lang='lat' dir='ltr'><strong>Audientes</strong></span> <span class='ocrx_word' id='word_1_254' title='bbox 931 1896 1063 1953; x_wconf 89' lang='lat' dir='ltr'><strong>ergo</strong></span> <span class='ocrx_word' id='word_1_255' title='bbox 1111 1887 1403 1952; x_wconf 85' lang='lat' dir='ltr'><strong>martyres,</strong></span> <span class='ocrx_word' id='word_1_256' title='bbox 1469 1880 1562 1952; x_wconf 87' lang='lat' dir='ltr'><strong>qui</strong></span> <span class='ocrx_word' id='word_1_257' title='bbox 1618 1882 1776 1952; x_wconf 83' lang='lat' dir='ltr'><strong>quasi</strong></span> <span class='ocrx_word' id='word_1_258' title='bbox 1830 1880 2091 1939; x_wconf 84' lang='lat' dir='ltr'><strong>Julianus</strong></span> 
     </span>
    </p>
   </div>
   <div class='ocr_carea' id='block_1_38' title="bbox 517 1971 2108 2042">
    <p class='ocr_par' dir='ltr' id='par_1_38' title="bbox 517 1971 2108 2042">
     <span class='ocr_line' id='line_1_38' title="bbox 517 1971 2108 2042; baseline 0.001 -16"><span class='ocrx_word' id='word_1_259' title='bbox 517 1971 789 2027; x_wconf 85' lang='lat' dir='ltr'><strong>diaconus</strong></span> <span class='ocrx_word' id='word_1_260' title='bbox 853 1971 1132 2042; x_wconf 80' lang='lat' dir='ltr'><strong>languenti</strong></span> <span class='ocrx_word' id='word_1_261' title='bbox 1203 1979 1599 2041; x_wconf 83' lang='lat' dir='ltr'><strong>apparuerunt,</strong></span> <span class='ocrx_word' id='word_1_262' title='bbox 1659 1972 1802 2041; x_wconf 85' lang='lat' dir='ltr'><strong>quod</strong></span> <span class='ocrx_word' id='word_1_263' title='bbox 1864 1972 2108 2027; x_wconf 65' lang='lat' dir='ltr'><strong>candelae</strong></span> 
     </span>
    </p>
   </div>
   <div class='ocr_carea' id='block_1_39' title="bbox 519 2063 2110 2132">
    <p class='ocr_par' dir='ltr' id='par_1_39' title="bbox 519 2063 2110 2132">
     <span class='ocr_line' id='line_1_39' title="bbox 519 2063 2110 2132; baseline -0.002 -10"><span class='ocrx_word' id='word_1_264' title='bbox 519 2082 632 2122; x_wconf 73' lang='lat' dir='ltr'><strong>sua:</strong></span> <span class='ocrx_word' id='word_1_265' title='bbox 659 2066 839 2120; x_wconf 87' lang='lat' dir='ltr'><strong>oleum</strong></span> <span class='ocrx_word' id='word_1_266' title='bbox 873 2065 1039 2119; x_wconf 81' lang='lat' dir='ltr'><strong>vellet</strong></span> <span class='ocrx_word' id='word_1_267' title='bbox 1087 2063 1357 2132; x_wconf 84' lang='lat' dir='ltr'><strong>accipere,</strong></span> <span class='ocrx_word' id='word_1_268' title='bbox 1404 2063 1649 2132; x_wconf 62' lang='lat' dir='ltr'><strong>inaditu</strong></span> <span class='ocrx_word' id='word_1_269' title='bbox 1699 2063 1793 2132; x_wconf 88' lang='lat' dir='ltr'><strong>qui</strong></span> <span class='ocrx_word' id='word_1_270' title='bbox 1847 2071 1932 2118; x_wconf 84' lang='lat' dir='ltr'><strong>est</strong></span> <span class='ocrx_word' id='word_1_271' title='bbox 1981 2073 2110 2119; x_wconf 88' lang='lat' dir='ltr'><strong>ante</strong></span> 
     </span>
    </p>
   </div>
   <div class='ocr_carea' id='block_1_40' title="bbox 519 2152 2106 2218">
    <p class='ocr_par' dir='ltr' id='par_1_40' title="bbox 519 2152 2106 2218">
     <span class='ocr_line' id='line_1_40' title="bbox 519 2152 2106 2218; baseline -0.001 -7"><span class='ocrx_word' id='word_1_272' title='bbox 519 2156 792 2211; x_wconf 83' lang='lat' dir='ltr'><strong>cancellos</strong></span> <span class='ocrx_word' id='word_1_273' title='bbox 833 2153 1212 2218; x_wconf 89' lang='lat' dir='ltr'><strong>monumenti,</strong></span> <span class='ocrx_word' id='word_1_274' title='bbox 1273 2153 1564 2217; x_wconf 90' lang='lat' dir='ltr'><strong>assistunt,</strong></span> <span class='ocrx_word' id='word_1_275' title='bbox 1615 2161 1668 2207; x_wconf 91' lang='lat' dir='ltr'><strong>et</strong></span> <span class='ocrx_word' id='word_1_276' title='bbox 1721 2152 2004 2207; x_wconf 82' lang='lat' dir='ltr'><strong>introitum</strong></span> <span class='ocrx_word' id='word_1_277' title='bbox 2055 2155 2106 2209; x_wconf 90' lang='lat' dir='ltr'><strong>ei</strong></span> 
     </span>
    </p>
   </div>
   <div class='ocr_carea' id='block_1_41' title="bbox 521 2242 2107 2315">
    <p class='ocr_par' dir='ltr' id='par_1_41' title="bbox 521 2242 2107 2315">
     <span class='ocr_line' id='line_1_41' title="bbox 521 2242 2107 2315; baseline 0 -16"><span class='ocrx_word' id='word_1_278' title='bbox 521 2245 900 2315; x_wconf 80' lang='lat' dir='ltr'><strong>prohibebant,</strong></span> <span class='ocrx_word' id='word_1_279' title='bbox 936 2244 991 2297; x_wconf 92' lang='lat' dir='ltr'><strong>in</strong></span> <span class='ocrx_word' id='word_1_280' title='bbox 1033 2242 1226 2298; x_wconf 89' lang='lat' dir='ltr'><strong>faciem</strong></span> <span class='ocrx_word' id='word_1_281' title='bbox 1284 2243 1630 2308; x_wconf 87' lang='lat' dir='ltr'><strong>resistentes,</strong></span> <span class='ocrx_word' id='word_1_282' title='bbox 1679 2252 1734 2297; x_wconf 90' lang='lat' dir='ltr'><strong>et</strong></span> <span class='ocrx_word' id='word_1_283' title='bbox 1785 2242 2107 2314; x_wconf 75' lang='lat' dir='ltr'><strong>ingredienti</strong></span> 
     </span>
    </p>
   </div>
   <div class='ocr_carea' id='block_1_42' title="bbox 519 2318 2106 2405">
    <p class='ocr_par' dir='ltr' id='par_1_42' title="bbox 519 2318 2106 2405">
     <span class='ocr_line' id='line_1_42' title="bbox 519 2318 2106 2405; baseline 0.002 -18"><span class='ocrx_word' id='word_1_284' title='bbox 519 2320 785 2391; x_wconf 77' lang='lat' dir='ltr'><strong>velociter</strong></span> <span class='ocrx_word' id='word_1_285' title='bbox 816 2342 1220 2399; x_wconf 84' lang='lat' dir='ltr'><strong>occurrentes;</strong></span> <span class='ocrx_word' id='word_1_286' title='bbox 1273 2341 1328 2389; x_wconf 91' lang='lat' dir='ltr'><strong>et</strong></span> <span class='ocrx_word' id='word_1_287' title='bbox 1375 2333 1540 2389; x_wconf 89' lang='lat' dir='ltr'><strong>modo</strong></span> <span class='ocrx_word' id='word_1_288' title='bbox 1587 2334 1808 2405; x_wconf 90' lang='lat' dir='ltr'><strong>quidem</strong></span> <span class='ocrx_word' id='word_1_289' title='bbox 1853 2335 1920 2390; x_wconf 91' lang='lat' dir='ltr'><strong>ad</strong></span> <span class='ocrx_word' id='word_1_290' title='bbox 1966 2318 2106 2391; x_wconf 79' lang='lat' dir='ltr'><strong>sini-</strong></span> 
     </span>
    </p>
   </div>
   <div class='ocr_carea' id='block_1_43' title="bbox 522 2425 2108 2498">
    <p class='ocr_par' dir='ltr' id='par_1_43' title="bbox 522 2425 2108 2498">
     <span class='ocr_line' id='line_1_43' title="bbox 522 2425 2108 2498; baseline -0.001 -14"><span class='ocrx_word' id='word_1_291' title='bbox 522 2437 719 2489; x_wconf 89' lang='lat' dir='ltr'><strong>stram,</strong></span> <span class='ocrx_word' id='word_1_292' title='bbox 756 2427 923 2483; x_wconf 86' lang='lat' dir='ltr'><strong>modo</strong></span> <span class='ocrx_word' id='word_1_293' title='bbox 949 2441 1077 2482; x_wconf 90' lang='lat' dir='ltr'><strong>vero</strong></span> <span class='ocrx_word' id='word_1_294' title='bbox 1106 2427 1161 2480; x_wconf 91' lang='lat' dir='ltr'><strong>in</strong></span> <span class='ocrx_word' id='word_1_295' title='bbox 1192 2425 1470 2481; x_wconf 79' lang='lat' dir='ltr'><strong>dexteram</strong></span> <span class='ocrx_word' id='word_1_296' title='bbox 1515 2436 1885 2493; x_wconf 88' lang='lat' dir='ltr'><strong>transeuntes,</strong></span> <span class='ocrx_word' id='word_1_297' title='bbox 1914 2437 1969 2483; x_wconf 92' lang='lat' dir='ltr'><strong>et</strong></span> <span class='ocrx_word' id='word_1_298' title='bbox 2014 2443 2108 2498; x_wconf 90' lang='lat' dir='ltr'><strong>per</strong></span> 
     </span>
    </p>
   </div>
   <div class='ocr_carea' id='block_1_44' title="bbox 522 2516 2106 2589">
    <p class='ocr_par' dir='ltr' id='par_1_44' title="bbox 522 2516 2106 2589">
     <span class='ocr_line' id='line_1_44' title="bbox 522 2516 2106 2589; baseline -0.001 -14"><span class='ocrx_word' id='word_1_299' title='bbox 522 2520 857 2589; x_wconf 86' lang='lat' dir='ltr'><strong>semetipsos</strong></span> <span class='ocrx_word' id='word_1_300' title='bbox 915 2518 1199 2573; x_wconf 87' lang='lat' dir='ltr'><strong>introitum</strong></span> <span class='ocrx_word' id='word_1_301' title='bbox 1256 2517 1634 2572; x_wconf 89' lang='lat' dir='ltr'><strong>obstruentes.</strong></span> <span class='ocrx_word' id='word_1_302' title='bbox 1712 2516 1848 2573; x_wconf 91' lang='lat' dir='ltr'><strong>Cum</strong></span> <span class='ocrx_word' id='word_1_303' title='bbox 1924 2526 2106 2575; x_wconf 84' lang='lat' dir='ltr'><strong>autem</strong></span> 
     </span>
    </p>
   </div>
   <div class='ocr_carea' id='block_1_45' title="bbox 524 2610 2105 2673">
    <p class='ocr_par' dir='ltr' id='par_1_45' title="bbox 524 2610 2105 2673">
     <span class='ocr_line' id='line_1_45' title="bbox 524 2610 2105 2673; baseline -0.001 -6"><span class='ocrx_word' id='word_1_304' title='bbox 524 2612 729 2667; x_wconf 90' lang='lat' dir='ltr'><strong>multos</strong></span> <span class='ocrx_word' id='word_1_305' title='bbox 780 2611 1052 2667; x_wconf 89' lang='lat' dir='ltr'><strong>transitus</strong></span> <span class='ocrx_word' id='word_1_306' title='bbox 1101 2610 1387 2673; x_wconf 88' lang='lat' dir='ltr'><strong>fecissent,</strong></span> <span class='ocrx_word' id='word_1_307' title='bbox 1438 2610 1506 2665; x_wconf 88' lang='lat' dir='ltr'><strong>ad</strong></span> <span class='ocrx_word' id='word_1_308' title='bbox 1561 2610 2013 2666; x_wconf 85' lang='lat' dir='ltr'><strong>illuminatorium</strong></span> <span class='ocrx_word' id='word_1_309' title='bbox 2055 2612 2105 2666; x_wconf 91' lang='lat' dir='ltr'><strong>ei</strong></span> 
     </span>
    </p>
   </div>
   <div class='ocr_carea' id='block_1_46' title="bbox 524 2699 2110 2773">
    <p class='ocr_par' dir='ltr' id='par_1_46' title="bbox 524 2699 2110 2773">
     <span class='ocr_line' id='line_1_46' title="bbox 524 2699 2110 2773; baseline -0.001 -15"><span class='ocrx_word' id='word_1_310' title='bbox 524 2716 772 2773; x_wconf 88' lang='lat' dir='ltr'><strong>pergere,</strong></span> <span class='ocrx_word' id='word_1_311' title='bbox 826 2708 882 2755; x_wconf 90' lang='lat' dir='ltr'><strong>et</strong></span> <span class='ocrx_word' id='word_1_312' title='bbox 938 2699 1144 2756; x_wconf 82' lang='lat' dir='ltr'><strong>Christi</strong></span> <span class='ocrx_word' id='word_1_313' title='bbox 1197 2711 1539 2755; x_wconf 85' lang='lat' dir='ltr'><strong>sacramenta</strong></span> <span class='ocrx_word' id='word_1_314' title='bbox 1595 2702 1874 2772; x_wconf 77' lang='lat' dir='ltr'><strong>percipere</strong></span> <span class='ocrx_word' id='word_1_315' title='bbox 1926 2703 2110 2763; x_wconf 90' lang='lat' dir='ltr'><strong>minus</strong></span> 
     </span>
    </p>
   </div>
   <div class='ocr_carea' id='block_1_47' title="bbox 524 2792 2107 2864">
    <p class='ocr_par' dir='ltr' id='par_1_47' title="bbox 524 2792 2107 2864">
     <span class='ocr_line' id='line_1_47' title="bbox 524 2792 2107 2864; baseline 0.001 -18"><span class='ocrx_word' id='word_1_316' title='bbox 524 2801 953 2864; x_wconf 88' lang='lat' dir='ltr'><strong>persuaserunt;</strong></span> <span class='ocrx_word' id='word_1_317' title='bbox 1005 2807 1194 2847; x_wconf 89' lang='lat' dir='ltr'><strong>verum</strong></span> <span class='ocrx_word' id='word_1_318' title='bbox 1246 2792 1630 2846; x_wconf 78' lang='lat' dir='ltr'><strong>concedebant</strong></span> <span class='ocrx_word' id='word_1_319' title='bbox 1680 2793 1757 2847; x_wconf 93' lang='lat' dir='ltr'><strong>illi</strong></span> <span class='ocrx_word' id='word_1_320' title='bbox 1818 2793 2107 2848; x_wconf 80' lang='lat' dir='ltr'><strong>introitum</strong></span> 
     </span>
    </p>
   </div>
   <div class='ocr_carea' id='block_1_48' title="bbox 524 2883 2106 2956">
    <p class='ocr_par' dir='ltr' id='par_1_48' title="bbox 524 2883 2106 2956">
     <span class='ocr_line' id='line_1_48' title="bbox 524 2883 2106 2956; baseline 0 -16"><span class='ocrx_word' id='word_1_321' title='bbox 524 2886 618 2956; x_wconf 88' lang='lat' dir='ltr'><strong>qui</strong></span> <span class='ocrx_word' id='word_1_322' title='bbox 664 2885 730 2939; x_wconf 91' lang='lat' dir='ltr'><strong>ad</strong></span> <span class='ocrx_word' id='word_1_323' title='bbox 763 2886 1047 2956; x_wconf 89' lang='lat' dir='ltr'><strong>proprium</strong></span> <span class='ocrx_word' id='word_1_324' title='bbox 1085 2884 1355 2938; x_wconf 91' lang='lat' dir='ltr'><strong>tumulum</strong></span> <span class='ocrx_word' id='word_1_325' title='bbox 1400 2883 1728 2939; x_wconf 83' lang='lat' dir='ltr'><strong>deducebat.</strong></span> <span class='ocrx_word' id='word_1_326' title='bbox 1774 2883 1947 2951; x_wconf 85' lang='lat' dir='ltr'><strong>Quem</strong></span> <span class='ocrx_word' id='word_1_327' title='bbox 1980 2899 2106 2940; x_wconf 90' lang='lat' dir='ltr'><strong>cum</strong></span> 
     </span>
    </p>
   </div>
   <div class='ocr_carea' id='block_1_49' title="bbox 2290 1878 3745 1948">
    <p class='ocr_par' dir='ltr' id='par_1_49' title="bbox 2290 1878 3745 1948">
     <span class='ocr_line' id='line_1_49' title="bbox 2290 1878 3745 1948; baseline -0.001 -13"><span class='ocrx_word' id='word_1_328' title='bbox 2290 1878 2659 1943; x_wconf 31' lang='grc' dir='ltr'>Ἀκούσαντες,</span> <span class='ocrx_word' id='word_1_329' title='bbox 2682 1878 2813 1948; x_wconf 77' lang='grc' dir='ltr'>γοῦν</span> <span class='ocrx_word' id='word_1_330' title='bbox 2836 1879 2887 1931; x_wconf 86' lang='grc' dir='ltr'><strong>οἰ</strong></span> <span class='ocrx_word' id='word_1_331' title='bbox 2933 1878 3211 1948; x_wconf 90' lang='grc' dir='ltr'>μάρτυρες</span> <span class='ocrx_word' id='word_1_332' title='bbox 3248 1878 3301 1931; x_wconf 86' lang='grc' dir='ltr'><strong>οἰ</strong></span> <span class='ocrx_word' id='word_1_333' title='bbox 3335 1879 3410 1943; x_wconf 77' lang='grc' dir='ltr'><strong>ώς</strong></span> <span class='ocrx_word' id='word_1_334' title='bbox 3443 1880 3745 1944; x_wconf 75' lang='grc' dir='ltr'>Ἰουλιανδςό</span> 
     </span>
    </p>
   </div>
   <div class='ocr_carea' id='block_1_50' title="bbox 2204 1970 3747 2043">
    <p class='ocr_par' dir='ltr' id='par_1_50' title="bbox 2204 1970 3747 2043">
     <span class='ocr_line' id='line_1_50' title="bbox 2204 1970 3747 2043; baseline -0.001 -16"><span class='ocrx_word' id='word_1_335' title='bbox 2204 1973 2451 2036; x_wconf 85' lang='grc' dir='ltr'>διάκονος</span> <span class='ocrx_word' id='word_1_336' title='bbox 2474 1972 2550 2041; x_wconf 88' lang='grc' dir='ltr'>τῷ</span> <span class='ocrx_word' id='word_1_337' title='bbox 2571 1970 2814 2024; x_wconf 83' lang='grc' dir='ltr'>νοσοῦντι</span> <span class='ocrx_word' id='word_1_338' title='bbox 2841 1971 3179 2040; x_wconf 79' lang='grc' dir='ltr'>φαινόμενοι,</span> <span class='ocrx_word' id='word_1_339' title='bbox 3203 1970 3280 2035; x_wconf 91' lang='grc' dir='ltr'><strong>ώς</strong></span> <span class='ocrx_word' id='word_1_340' title='bbox 3299 1972 3360 2025; x_wconf 81' lang='grc' dir='ltr'>τὸ</span> <span class='ocrx_word' id='word_1_341' title='bbox 3388 1971 3487 2041; x_wconf 77' lang='grc' dir='ltr'>τῆς</span> <span class='ocrx_word' id='word_1_342' title='bbox 3513 1972 3747 2043; x_wconf 74' lang='grc' dir='ltr'>κανδήλας</span> 
     </span>
    </p>
   </div>
   <div class='ocr_carea' id='block_1_51' title="bbox 2206 2059 3750 2132">
    <p class='ocr_par' dir='ltr' id='par_1_51' title="bbox 2206 2059 3750 2132">
     <span class='ocr_line' id='line_1_51' title="bbox 2206 2059 3750 2132; baseline -0.002 -16"><span class='ocrx_word' id='word_1_343' title='bbox 2206 2062 2384 2116; x_wconf 68' lang='grc' dir='ltr'>ἔλαιον</span> <span class='ocrx_word' id='word_1_344' title='bbox 2413 2060 2662 2132; x_wconf 86' lang='grc' dir='ltr'>βούλεται</span> <span class='ocrx_word' id='word_1_345' title='bbox 2713 2059 2993 2127; x_wconf 81' lang='grc' dir='ltr'>δέξασθαι,</span> <span class='ocrx_word' id='word_1_346' title='bbox 3023 2061 3104 2122; x_wconf 89' lang='grc' dir='ltr'><strong>εἰς</strong></span> <span class='ocrx_word' id='word_1_347' title='bbox 3156 2059 3250 2112; x_wconf 82' lang='grc' dir='ltr'>τὸν</span> <span class='ocrx_word' id='word_1_348' title='bbox 3314 2059 3522 2131; x_wconf 82' lang='grc' dir='ltr'>βατῆρα</span> <span class='ocrx_word' id='word_1_349' title='bbox 3548 2060 3631 2114; x_wconf 80' lang='grc' dir='ltr'>τὸν</span> <span class='ocrx_word' id='word_1_350' title='bbox 3660 2061 3750 2130; x_wconf 76' lang='grc' dir='ltr'>πρὸ</span> 
     </span>
    </p>
   </div>
   <div class='ocr_carea' id='block_1_52' title="bbox 2204 2148 3751 2219">
    <p class='ocr_par' dir='ltr' id='par_1_52' title="bbox 2204 2148 3751 2219">
     <span class='ocr_line' id='line_1_52' title="bbox 2204 2148 3751 2219; baseline -0.003 -13"><span class='ocrx_word' id='word_1_351' title='bbox 2204 2154 2316 2206; x_wconf 85' lang='grc' dir='ltr'><strong>τῶν</strong></span> <span class='ocrx_word' id='word_1_352' title='bbox 2340 2151 2655 2206; x_wconf 86' lang='grc' dir='ltr'>κανκέλλων</span> <span class='ocrx_word' id='word_1_353' title='bbox 2709 2150 2841 2204; x_wconf 77' lang='grc' dir='ltr'>ὅντα</span> <span class='ocrx_word' id='word_1_354' title='bbox 2890 2148 2986 2202; x_wconf 89' lang='grc' dir='ltr'><strong>τοῦ</strong></span> <span class='ocrx_word' id='word_1_355' title='bbox 3046 2150 3335 2219; x_wconf 74' lang='grc' dir='ltr'>μνήματος</span> <span class='ocrx_word' id='word_1_356' title='bbox 3391 2148 3644 2216; x_wconf 84' lang='grc' dir='ltr'>ἵστανται,</span> <span class='ocrx_word' id='word_1_357' title='bbox 3669 2150 3751 2202; x_wconf 81' lang='grc' dir='ltr'>καὶ</span> 
     </span>
    </p>
   </div>
   <div class='ocr_carea' id='block_1_53' title="bbox 2204 2239 3751 2316">
    <p class='ocr_par' dir='ltr' id='par_1_53' title="bbox 2204 2239 3751 2316">
     <span class='ocr_line' id='line_1_53' title="bbox 2204 2239 3751 2316; baseline -0.004 -18"><span class='ocrx_word' id='word_1_358' title='bbox 2204 2243 2305 2316; x_wconf 81' lang='grc' dir='ltr'>τὴν</span> <span class='ocrx_word' id='word_1_359' title='bbox 2331 2242 2537 2297; x_wconf 72' lang='grc' dir='ltr'>εἴσοδον</span> <span class='ocrx_word' id='word_1_360' title='bbox 2568 2241 2748 2295; x_wconf 83' lang='grc' dir='ltr'>αὐτῶν</span> <span class='ocrx_word' id='word_1_361' title='bbox 2772 2239 3067 2294; x_wconf 82' lang='grc' dir='ltr'>διεκώλυον</span> <span class='ocrx_word' id='word_1_362' title='bbox 3100 2241 3181 2303; x_wconf 87' lang='grc' dir='ltr'><strong>εἰς</strong></span> <span class='ocrx_word' id='word_1_363' title='bbox 3209 2240 3336 2309; x_wconf 79' lang='grc' dir='ltr'>ϐψιν</span> <span class='ocrx_word' id='word_1_364' title='bbox 3360 2241 3643 2311; x_wconf 75' lang='grc' dir='ltr'>γινόμενοι..</span> <span class='ocrx_word' id='word_1_365' title='bbox 3669 2242 3751 2293; x_wconf 78' lang='grc' dir='ltr'>καὶ</span> 
     </span>
    </p>
   </div>
   <div class='ocr_carea' id='block_1_54' title="bbox 2205 2330 3753 2406">
    <p class='ocr_par' dir='ltr' id='par_1_54' title="bbox 2205 2330 3753 2406">
     <span class='ocr_line' id='line_1_54' title="bbox 2205 2330 3753 2406; baseline -0.005 -16"><span class='ocrx_word' id='word_1_366' title='bbox 2205 2336 2426 2390; x_wconf 78' lang='grc' dir='ltr'>εἰσιόντι</span> <span class='ocrx_word' id='word_1_367' title='bbox 2459 2332 2874 2406; x_wconf 78' lang='grc' dir='ltr'>προτρέχοντες,</span> <span class='ocrx_word' id='word_1_368' title='bbox 2922 2332 3017 2386; x_wconf 71' lang='grc' dir='ltr'>καὶ</span> <span class='ocrx_word' id='word_1_369' title='bbox 3076 2331 3208 2385; x_wconf 83' lang='grc' dir='ltr'>ποτὲ</span> <span class='ocrx_word' id='word_1_370' title='bbox 3233 2331 3339 2401; x_wconf 74' lang='grc' dir='ltr'>μὲν</span> <span class='ocrx_word' id='word_1_371' title='bbox 3367 2332 3447 2394; x_wconf 86' lang='grc' dir='ltr'><strong>εἰς</strong></span> <span class='ocrx_word' id='word_1_372' title='bbox 3473 2331 3613 2394; x_wconf 72' lang='grc' dir='ltr'>λαιὰ,</span> <span class='ocrx_word' id='word_1_373' title='bbox 3639 2330 3753 2384; x_wconf 63' lang='grc' dir='ltr'>ποτε</span> 
     </span>
    </p>
   </div>
   <div class='ocr_carea' id='block_1_55' title="bbox 2205 2422 3752 2496">
    <p class='ocr_par' dir='ltr' id='par_1_55' title="bbox 2205 2422 3752 2496">
     <span class='ocr_line' id='line_1_55' title="bbox 2205 2422 3752 2496; baseline -0.004 -15"><span class='ocrx_word' id='word_1_374' title='bbox 2205 2427 2265 2483; x_wconf 84' lang='grc' dir='ltr'>δὲ</span> <span class='ocrx_word' id='word_1_375' title='bbox 2292 2424 2371 2492; x_wconf 76' lang='grc' dir='ltr'><strong>εἰς</strong></span> <span class='ocrx_word' id='word_1_376' title='bbox 2390 2426 2571 2493; x_wconf 79' lang='grc' dir='ltr'>δεξιάν</span> <span class='ocrx_word' id='word_1_377' title='bbox 2599 2424 3044 2496; x_wconf 88' lang='grc' dir='ltr'>μεταϐαίνοντες,</span> <span class='ocrx_word' id='word_1_378' title='bbox 3075 2423 3169 2477; x_wconf 75' lang='grc' dir='ltr'>καὶ</span> <span class='ocrx_word' id='word_1_379' title='bbox 3198 2422 3307 2493; x_wconf 80' lang='grc' dir='ltr'>τὴν</span> <span class='ocrx_word' id='word_1_380' title='bbox 3329 2423 3530 2477; x_wconf 76' lang='grc' dir='ltr'>εἴσοδον</span> <span class='ocrx_word' id='word_1_381' title='bbox 3557 2422 3618 2476; x_wconf 78' lang='grc' dir='ltr'>δι’</span> <span class='ocrx_word' id='word_1_382' title='bbox 3649 2425 3752 2476; x_wconf 78' lang='grc' dir='ltr'>ἑαυ-</span> 
     </span>
    </p>
   </div>
   <div class='ocr_carea' id='block_1_56' title="bbox 2204 2514 3755 2588">
    <p class='ocr_par' dir='ltr' id='par_1_56' title="bbox 2204 2514 3755 2588">
     <span class='ocr_line' id='line_1_56' title="bbox 2204 2514 3755 2588; baseline -0.003 -16"><span class='ocrx_word' id='word_1_383' title='bbox 2204 2524 2313 2572; x_wconf 87' lang='grc' dir='ltr'><strong>τῶν</strong></span> <span class='ocrx_word' id='word_1_384' title='bbox 2345 2517 2800 2588; x_wconf 86' lang='grc' dir='ltr'>ἀναφράττοντες.</span> <span class='ocrx_word' id='word_1_385' title='bbox 2840 2515 2929 2579; x_wconf 84' lang='grc' dir='ltr'>Ὠς</span> <span class='ocrx_word' id='word_1_386' title='bbox 2961 2514 3019 2568; x_wconf 76' lang='grc' dir='ltr'>δὲ</span> <span class='ocrx_word' id='word_1_387' title='bbox 3042 2514 3240 2579; x_wconf 85' lang='grc' dir='ltr'>πολλὰς</span> <span class='ocrx_word' id='word_1_388' title='bbox 3270 2515 3590 2585; x_wconf 89' lang='grc' dir='ltr'>μεταϐάσεις</span> <span class='ocrx_word' id='word_1_389' title='bbox 3616 2516 3755 2586; x_wconf 70' lang='grc' dir='ltr'>ποιή-</span> 
     </span>
    </p>
   </div>
   <div class='ocr_carea' id='block_1_57' title="bbox 2210 2605 3753 2680">
    <p class='ocr_par' dir='ltr' id='par_1_57' title="bbox 2210 2605 3753 2680">
     <span class='ocr_line' id='line_1_57' title="bbox 2210 2605 3753 2680; baseline -0.002 -17"><span class='ocrx_word' id='word_1_390' title='bbox 2210 2626 2404 2673; x_wconf 88' lang='grc' dir='ltr'>σαντες</span> <span class='ocrx_word' id='word_1_391' title='bbox 2431 2608 2568 2680; x_wconf 80' lang='grc' dir='ltr'>πρὸς</span> <span class='ocrx_word' id='word_1_392' title='bbox 2596 2607 2658 2660; x_wconf 85' lang='grc' dir='ltr'><strong>τδ</strong></span> <span class='ocrx_word' id='word_1_393' title='bbox 2685 2607 3046 2677; x_wconf 81' lang='grc' dir='ltr'>φωτιστήριον</span> <span class='ocrx_word' id='word_1_394' title='bbox 3076 2605 3257 2659; x_wconf 86' lang='grc' dir='ltr'>αὐτῶν</span> <span class='ocrx_word' id='word_1_395' title='bbox 3287 2605 3536 2659; x_wconf 80' lang='grc' dir='ltr'>ἀπελθεῖν</span> <span class='ocrx_word' id='word_1_396' title='bbox 3560 2606 3753 2660; x_wconf 76' lang='grc' dir='ltr'>καὶτῶν</span> 
     </span>
    </p>
   </div>
   <div class='ocr_carea' id='block_1_58' title="bbox 2208 2697 3754 2773">
    <p class='ocr_par' dir='ltr' id='par_1_58' title="bbox 2208 2697 3754 2773">
     <span class='ocr_line' id='line_1_58' title="bbox 2208 2697 3754 2773; baseline -0.005 -17"><span class='ocrx_word' id='word_1_397' title='bbox 2208 2701 2445 2773; x_wconf 78' lang='grc' dir='ltr'>Χριστοῦ</span> <span class='ocrx_word' id='word_1_398' title='bbox 2482 2699 2795 2771; x_wconf 79' lang='grc' dir='ltr'>μυστηρίων</span> <span class='ocrx_word' id='word_1_399' title='bbox 2852 2697 3179 2769; x_wconf 88' lang='grc' dir='ltr'>μεταλαϐεῖν</span> <span class='ocrx_word' id='word_1_400' title='bbox 3233 2698 3339 2750; x_wconf 84' lang='grc' dir='ltr'>οὐκ</span> <span class='ocrx_word' id='word_1_401' title='bbox 3369 2698 3608 2760; x_wconf 80' lang='grc' dir='ltr'>ἔπεισαν.</span> <span class='ocrx_word' id='word_1_402' title='bbox 3635 2714 3754 2766; x_wconf 69' lang='grc' dir='ltr'>παρα</span> 
     </span>
    </p>
   </div>
   <div class='ocr_carea' id='block_1_59' title="bbox 2208 2789 3755 2867">
    <p class='ocr_par' dir='ltr' id='par_1_59' title="bbox 2208 2789 3755 2867">
     <span class='ocr_line' id='line_1_59' title="bbox 2208 2789 3755 2867; baseline -0.006 -17"><span class='ocrx_word' id='word_1_403' title='bbox 2208 2795 2450 2867; x_wconf 89' lang='grc' dir='ltr'>εχώρουν</span> <span class='ocrx_word' id='word_1_404' title='bbox 2484 2792 2635 2863; x_wconf 85' lang='grc' dir='ltr'>αύτῷ</span> <span class='ocrx_word' id='word_1_405' title='bbox 2689 2792 2789 2862; x_wconf 79' lang='grc' dir='ltr'>τὴν</span> <span class='ocrx_word' id='word_1_406' title='bbox 2839 2790 2933 2843; x_wconf 67' lang='grc' dir='ltr'><strong>ἐπὶ</strong></span> <span class='ocrx_word' id='word_1_407' title='bbox 2987 2789 3088 2861; x_wconf 80' lang='grc' dir='ltr'>τὴν</span> <span class='ocrx_word' id='word_1_408' title='bbox 3115 2789 3324 2843; x_wconf 77' lang='grc' dir='ltr'>οἰκείαν</span> <span class='ocrx_word' id='word_1_409' title='bbox 3372 2789 3527 2861; x_wconf 77' lang='grc' dir='ltr'>σορὸν</span> <span class='ocrx_word' id='word_1_410' title='bbox 3546 2790 3755 2854; x_wconf 73' lang='grc' dir='ltr'>ἄγουσαν</span> 
     </span>
    </p>
   </div>
   <div class='ocr_carea' id='block_1_60' title="bbox 2209 2882 3752 2954">
    <p class='ocr_par' dir='ltr' id='par_1_60' title="bbox 2209 2882 3752 2954">
     <span class='ocr_line' id='line_1_60' title="bbox 2209 2882 3752 2954; baseline -0.006 -10"><span class='ocrx_word' id='word_1_411' title='bbox 2209 2889 2436 2944; x_wconf 82' lang='grc' dir='ltr'>εἰσοδον.</span> <span class='ocrx_word' id='word_1_412' title='bbox 2494 2887 2603 2939; x_wconf 76' lang='grc' dir='ltr'><strong>Καὶ</strong></span> <span class='ocrx_word' id='word_1_413' title='bbox 2653 2883 2859 2954; x_wconf 88' lang='grc' dir='ltr'>ταύτην</span> <span class='ocrx_word' id='word_1_414' title='bbox 2902 2883 2960 2936; x_wconf 84' lang='grc' dir='ltr'>δὲ</span> <span class='ocrx_word' id='word_1_415' title='bbox 3004 2882 3328 2952; x_wconf 83' lang='grc' dir='ltr'>περάσαντα</span> <span class='ocrx_word' id='word_1_416' title='bbox 3366 2883 3457 2936; x_wconf 83' lang='grc' dir='ltr'>τὸν</span> <span class='ocrx_word' id='word_1_417' title='bbox 3489 2882 3752 2952; x_wconf 83' lang='grc' dir='ltr'>Θεόδωρον.</span> 
     </span>
    </p>
   </div>
   <div class='ocr_carea' id='block_1_61' title="bbox 526 2973 2106 3078">
    <p class='ocr_par' dir='ltr' id='par_1_61' title="bbox 526 2975 2106 3047">
     <span class='ocr_line' id='line_1_61' title="bbox 526 2975 2106 3047; baseline 0.001 -16"><span class='ocrx_word' id='word_1_418' title='bbox 526 2975 851 3033; x_wconf 83' lang='lat' dir='ltr'><strong>Theodorus</strong></span> <span class='ocrx_word' id='word_1_419' title='bbox 904 2976 1321 3047; x_wconf 85' lang='lat' dir='ltr'><strong>pertransisset,</strong></span> <span class='ocrx_word' id='word_1_420' title='bbox 1354 2975 1750 3046; x_wconf 75' lang='lat' dir='ltr'><strong>ingressusque</strong></span> <span class='ocrx_word' id='word_1_421' title='bbox 1791 2976 1940 3033; x_wconf 86' lang='lat' dir='ltr'><strong>fores</strong></span> <span class='ocrx_word' id='word_1_422' title='bbox 1972 2977 2106 3033; x_wconf 86' lang='lat' dir='ltr'><strong>fuis-</strong></span> 
     </span>
    </p>
   </div>
   <div class='ocr_carea' id='block_1_62' title="bbox 2207 2973 3756 3078">
    <p class='ocr_par' dir='ltr' id='par_1_62' title="bbox 2211 2973 3756 3047">
     <span class='ocr_line' id='line_1_62' title="bbox 2211 2973 3756 3047; baseline -0.008 -11"><span class='ocrx_word' id='word_1_423' title='bbox 2211 2983 2303 3037; x_wconf 74' lang='grc' dir='ltr'><strong>καὶ</strong></span> <span class='ocrx_word' id='word_1_424' title='bbox 2346 2978 2655 3034; x_wconf 82' lang='grc' dir='ltr'>εἰσελθόντα</span> <span class='ocrx_word' id='word_1_425' title='bbox 2697 2977 2759 3030; x_wconf 83' lang='grc' dir='ltr'>τὸ</span> <span class='ocrx_word' id='word_1_426' title='bbox 2792 2975 3083 3047; x_wconf 84' lang='grc' dir='ltr'>πρόθυρον,</span> <span class='ocrx_word' id='word_1_427' title='bbox 3136 2974 3268 3046; x_wconf 74' lang='grc' dir='ltr'>πρὶν</span> <span class='ocrx_word' id='word_1_428' title='bbox 3309 2974 3344 3045; x_wconf 82' lang='grc' dir='ltr'><strong>ἢ</strong></span> <span class='ocrx_word' id='word_1_429' title='bbox 3393 2973 3672 3029; x_wconf 87' lang='grc' dir='ltr'>καταλάϐοι</span> <span class='ocrx_word' id='word_1_430' title='bbox 3698 2973 3756 3024; x_wconf 78' lang='grc' dir='ltr'><strong>τά</strong></span> 
     </span>
    </p>
   </div>
   <div class='ocr_carea' id='block_1_63' title="bbox 527 3066 2103 3138">
    <p class='ocr_par' dir='ltr' id='par_1_63' title="bbox 527 3066 2103 3138">
     <span class='ocr_line' id='line_1_63' title="bbox 527 3066 2103 3138; baseline 0.001 -16"><span class='ocrx_word' id='word_1_431' title='bbox 527 3074 632 3133; x_wconf 88' lang='lat' dir='ltr'><strong>set,</strong></span> <span class='ocrx_word' id='word_1_432' title='bbox 664 3068 981 3138; x_wconf 86' lang='lat' dir='ltr'><strong>priusquam</strong></span> <span class='ocrx_word' id='word_1_433' title='bbox 1030 3067 1096 3121; x_wconf 91' lang='lat' dir='ltr'><strong>ad</strong></span> <span class='ocrx_word' id='word_1_434' title='bbox 1146 3066 1424 3122; x_wconf 89' lang='lat' dir='ltr'><strong>cancellos</strong></span> <span class='ocrx_word' id='word_1_435' title='bbox 1483 3068 1843 3137; x_wconf 84' lang='lat' dir='ltr'><strong>pervenisset,</strong></span> <span class='ocrx_word' id='word_1_436' title='bbox 1892 3069 2103 3133; x_wconf 87' lang='lat' dir='ltr'><strong>oleum-</strong></span> 
     </span>
    </p>
   </div>
   <div class='ocr_carea' id='block_1_64' title="bbox 525 3156 2106 3228">
    <p class='ocr_par' dir='ltr' id='par_1_64' title="bbox 525 3156 2106 3228">
     <span class='ocr_line' id='line_1_64' title="bbox 525 3156 2106 3228; baseline -0.001 -14"><span class='ocrx_word' id='word_1_437' title='bbox 525 3174 634 3227; x_wconf 86' lang='lat' dir='ltr'><strong>que</strong></span> <span class='ocrx_word' id='word_1_438' title='bbox 663 3158 1016 3228; x_wconf 89' lang='lat' dir='ltr'><strong>sumpsisset,</strong></span> <span class='ocrx_word' id='word_1_439' title='bbox 1066 3157 1342 3226; x_wconf 86' lang='lat' dir='ltr'><strong>posterius</strong></span> <span class='ocrx_word' id='word_1_440' title='bbox 1386 3156 1506 3226; x_wconf 86' lang='lat' dir='ltr'><strong>ejus</strong></span> <span class='ocrx_word' id='word_1_441' title='bbox 1535 3158 1918 3213; x_wconf 87' lang='lat' dir='ltr'><strong>vestimentum</strong></span> <span class='ocrx_word' id='word_1_442' title='bbox 1954 3173 2106 3213; x_wconf 91' lang='lat' dir='ltr'><strong>com-</strong></span> 
     </span>
    </p>
   </div>
   <div class='ocr_carea' id='block_1_65' title="bbox 526 3245 2106 3320">
    <p class='ocr_par' dir='ltr' id='par_1_65' title="bbox 526 3245 2106 3320">
     <span class='ocr_line' id='line_1_65' title="bbox 526 3245 2106 3320; baseline 0.002 -18"><span class='ocrx_word' id='word_1_443' title='bbox 526 3249 952 3319; x_wconf 81' lang='lat' dir='ltr'><strong>prehendentcs,</strong></span> <span class='ocrx_word' id='word_1_444' title='bbox 986 3253 1045 3301; x_wconf 84' lang='lat' dir='ltr'><strong>ut</strong></span> <span class='ocrx_word' id='word_1_445' title='bbox 1086 3245 1154 3301; x_wconf 91' lang='lat' dir='ltr'><strong>ad</strong></span> <span class='ocrx_word' id='word_1_446' title='bbox 1188 3261 1284 3302; x_wconf 90' lang='lat' dir='ltr'><strong>eos</strong></span> <span class='ocrx_word' id='word_1_447' title='bbox 1333 3255 1686 3303; x_wconf 86' lang='lat' dir='ltr'><strong>convertatur</strong></span> <span class='ocrx_word' id='word_1_448' title='bbox 1731 3258 1998 3320; x_wconf 85' lang='lat' dir='ltr'><strong>egerunt;</strong></span> <span class='ocrx_word' id='word_1_449' title='bbox 2050 3258 2106 3305; x_wconf 90' lang='lat' dir='ltr'><strong>et</strong></span> 
     </span>
    </p>
   </div>
   <div class='ocr_carea' id='block_1_66' title="bbox 522 3324 2106 3410">
    <p class='ocr_par' dir='ltr' id='par_1_66' title="bbox 522 3324 2106 3410">
     <span class='ocr_line' id='line_1_66' title="bbox 522 3324 2106 3410; baseline 0.002 -17"><span class='ocrx_word' id='word_1_450' title='bbox 522 3324 725 3395; x_wconf 73' lang='lat' dir='ltr'><strong>rursus</strong></span> <span class='ocrx_word' id='word_1_451' title='bbox 780 3353 839 3393; x_wconf 90' lang='lat' dir='ltr'><strong>se</strong></span> <span class='ocrx_word' id='word_1_452' title='bbox 890 3336 1326 3393; x_wconf 86' lang='lat' dir='ltr'><strong>cohortabantur</strong></span> <span class='ocrx_word' id='word_1_453' title='bbox 1377 3336 1588 3402; x_wconf 87' lang='lat' dir='ltr'><strong>audire,</strong></span> <span class='ocrx_word' id='word_1_454' title='bbox 1650 3348 1706 3393; x_wconf 91' lang='lat' dir='ltr'><strong>et</strong></span> <span class='ocrx_word' id='word_1_455' title='bbox 1758 3338 1863 3393; x_wconf 81' lang='lat' dir='ltr'><strong>sibi</strong></span> <span class='ocrx_word' id='word_1_456' title='bbox 1921 3339 2106 3410; x_wconf 89' lang='lat' dir='ltr'><strong>potius</strong></span> 
     </span>
    </p>
   </div>
   <div class='ocr_carea' id='block_1_67' title="bbox 527 3426 2101 3500">
    <p class='ocr_par' dir='ltr' id='par_1_67' title="bbox 527 3426 2101 3500">
     <span class='ocr_line' id='line_1_67' title="bbox 527 3426 2101 3500; baseline 0.002 -18"><span class='ocrx_word' id='word_1_457' title='bbox 527 3443 693 3499; x_wconf 88' lang='lat' dir='ltr'><strong>quatn</strong></span> <span class='ocrx_word' id='word_1_458' title='bbox 741 3427 825 3482; x_wconf 89' lang='lat' dir='ltr'><strong>his</strong></span> <span class='ocrx_word' id='word_1_459' title='bbox 851 3427 945 3500; x_wconf 86' lang='lat' dir='ltr'><strong>qui</strong></span> <span class='ocrx_word' id='word_1_460' title='bbox 987 3427 1220 3497; x_wconf 65' lang='lat' dir='ltr'><strong>prppria:</strong></span> <span class='ocrx_word' id='word_1_461' title='bbox 1256 3435 1552 3497; x_wconf 57' lang='lat' dir='ltr'><strong>praeessent</strong></span> <span class='ocrx_word' id='word_1_462' title='bbox 1599 3426 1815 3493; x_wconf 62' lang='lat' dir='ltr'><strong>haeresi,</strong></span> <span class='ocrx_word' id='word_1_463' title='bbox 1856 3429 2101 3486; x_wconf 86' lang='lat' dir='ltr'><strong>obedire.</strong></span> 
     </span>
    </p>
   </div>
   <div class='ocr_carea' id='block_1_68' title="bbox 527 3517 2105 3589">
    <p class='ocr_par' dir='ltr' id='par_1_68' title="bbox 527 3517 2105 3589">
     <span class='ocr_line' id='line_1_68' title="bbox 527 3517 2105 3589; baseline 0.002 -15"><span class='ocrx_word' id='word_1_464' title='bbox 527 3518 778 3589; x_wconf 87' lang='lat' dir='ltr'><strong>Cumque</strong></span> <span class='ocrx_word' id='word_1_465' title='bbox 818 3533 921 3574; x_wconf 89' lang='lat' dir='ltr'><strong>nec</strong></span> <span class='ocrx_word' id='word_1_466' title='bbox 975 3520 1058 3574; x_wconf 89' lang='lat' dir='ltr'><strong>sic</strong></span> <span class='ocrx_word' id='word_1_467' title='bbox 1106 3533 1231 3573; x_wconf 90' lang='lat' dir='ltr'><strong>eum</strong></span> <span class='ocrx_word' id='word_1_468' title='bbox 1295 3517 1643 3576; x_wconf 84' lang='lat' dir='ltr'><strong>obedientem</strong></span> <span class='ocrx_word' id='word_1_469' title='bbox 1699 3521 1985 3586; x_wconf 86' lang='lat' dir='ltr'><strong>vidissent,</strong></span> <span class='ocrx_word' id='word_1_470' title='bbox 2038 3522 2105 3577; x_wconf 87' lang='lat' dir='ltr'><strong>ad</strong></span> 
     </span>
    </p>
   </div>
   <div class='ocr_carea' id='block_1_69' title="bbox 526 3606 2103 3681">
    <p class='ocr_par' dir='ltr' id='par_1_69' title="bbox 526 3606 2103 3681">
     <span class='ocr_line' id='line_1_69' title="bbox 526 3606 2103 3681; baseline 0.002 -15"><span class='ocrx_word' id='word_1_471' title='bbox 526 3610 840 3680; x_wconf 83' lang='lat' dir='ltr'><strong>sepulcrum</strong></span> <span class='ocrx_word' id='word_1_472' title='bbox 899 3609 1152 3681; x_wconf 83' lang='lat' dir='ltr'><strong>pregredi</strong></span> <span class='ocrx_word' id='word_1_473' title='bbox 1216 3608 1569 3667; x_wconf 89' lang='lat' dir='ltr'><strong>dimiserunt.</strong></span> <span class='ocrx_word' id='word_1_474' title='bbox 1628 3606 1732 3679; x_wconf 86' lang='lat' dir='ltr'><strong>Qui</strong></span> <span class='ocrx_word' id='word_1_475' title='bbox 1782 3625 2103 3677; x_wconf 89' lang='lat' dir='ltr'><strong>conversus,</strong></span> 
     </span>
    </p>
   </div>
   <div class='ocr_carea' id='block_1_70' title="bbox 527 3698 2106 3770">
    <p class='ocr_par' dir='ltr' id='par_1_70' title="bbox 527 3698 2106 3770">
     <span class='ocr_line' id='line_1_70' title="bbox 527 3698 2106 3770; baseline 0.003 -16"><span class='ocrx_word' id='word_1_476' title='bbox 527 3701 818 3757; x_wconf 82' lang='lat' dir='ltr'><strong>obseratos</strong></span> <span class='ocrx_word' id='word_1_477' title='bbox 844 3698 992 3755; x_wconf 91' lang='lat' dir='ltr'><strong>videt</strong></span> <span class='ocrx_word' id='word_1_478' title='bbox 1023 3701 1364 3755; x_wconf 89' lang='lat' dir='ltr'><strong>monumenti</strong></span> <span class='ocrx_word' id='word_1_479' title='bbox 1402 3701 1703 3770; x_wconf 88' lang='lat' dir='ltr'><strong>cancellos,</strong></span> <span class='ocrx_word' id='word_1_480' title='bbox 1734 3713 1789 3758; x_wconf 85' lang='lat' dir='ltr'><strong>et</strong></span> <span class='ocrx_word' id='word_1_481' title='bbox 1808 3703 1876 3758; x_wconf 90' lang='lat' dir='ltr'><strong>de</strong></span> <span class='ocrx_word' id='word_1_482' title='bbox 1905 3710 2106 3759; x_wconf 63' lang='lat' dir='ltr'><strong>caetero</strong></span> 
     </span>
    </p>
   </div>
   <div class='ocr_carea' id='block_1_71' title="bbox 529 3789 2104 3860">
    <p class='ocr_par' dir='ltr' id='par_1_71' title="bbox 529 3789 2104 3860">
     <span class='ocr_line' id='line_1_71' title="bbox 529 3789 2104 3860; baseline 0.006 -18"><span class='ocrx_word' id='word_1_483' title='bbox 529 3803 638 3845; x_wconf 83' lang='lat' dir='ltr'><strong>non</strong></span> <span class='ocrx_word' id='word_1_484' title='bbox 665 3789 887 3845; x_wconf 83' lang='lat' dir='ltr'><strong>invento</strong></span> <span class='ocrx_word' id='word_1_485' title='bbox 915 3791 1150 3860; x_wconf 85' lang='lat' dir='ltr'><strong>qualiter</strong></span> <span class='ocrx_word' id='word_1_486' title='bbox 1176 3790 1418 3846; x_wconf 64' lang='lat' dir='ltr'><strong>candelae</strong></span> <span class='ocrx_word' id='word_1_487' title='bbox 1454 3802 1699 3847; x_wconf 88' lang='lat' dir='ltr'><strong>sumeret</strong></span> <span class='ocrx_word' id='word_1_488' title='bbox 1726 3794 1927 3859; x_wconf 81' lang='lat' dir='ltr'><strong>oleum,</strong></span> <span class='ocrx_word' id='word_1_489' title='bbox 1955 3809 2104 3851; x_wconf 83' lang='lat' dir='ltr'><strong>rece-</strong></span> 
     </span>
    </p>
   </div>
   <div class='ocr_carea' id='block_1_72' title="bbox 528 3879 2106 3940">
    <p class='ocr_par' dir='ltr' id='par_1_72' title="bbox 528 3879 2106 3940">
     <span class='ocr_line' id='line_1_72' title="bbox 528 3879 2106 3940; baseline 0.003 -5"><span class='ocrx_word' id='word_1_490' title='bbox 528 3879 693 3938; x_wconf 84' lang='lat' dir='ltr'><strong>debat</strong></span> <span class='ocrx_word' id='word_1_491' title='bbox 722 3888 953 3936; x_wconf 74' lang='lat' dir='ltr'><strong>incestus</strong></span> <span class='ocrx_word' id='word_1_492' title='bbox 992 3890 1047 3936; x_wconf 92' lang='lat' dir='ltr'><strong>et</strong></span> <span class='ocrx_word' id='word_1_493' title='bbox 1089 3882 1285 3937; x_wconf 85' lang='lat' dir='ltr'><strong>tristis.</strong></span> <span class='ocrx_word' id='word_1_494' title='bbox 1317 3880 1490 3936; x_wconf 88' lang='lat' dir='ltr'><strong>Porro</strong></span> <span class='ocrx_word' id='word_1_495' title='bbox 1521 3891 1795 3939; x_wconf 85' lang='lat' dir='ltr'><strong>amatores</strong></span> <span class='ocrx_word' id='word_1_496' title='bbox 1825 3884 2106 3940; x_wconf 89' lang='lat' dir='ltr'><strong>hominum</strong></span> 
     </span>
    </p>
   </div>
   <div class='ocr_carea' id='block_1_73' title="bbox 529 3971 2110 4043">
    <p class='ocr_par' dir='ltr' id='par_1_73' title="bbox 529 3971 2110 4043">
     <span class='ocr_line' id='line_1_73' title="bbox 529 3971 2110 4043; baseline 0.004 -18"><span class='ocrx_word' id='word_1_497' title='bbox 529 3977 797 4042; x_wconf 80' lang='lat' dir='ltr'><strong>martyres</strong></span> <span class='ocrx_word' id='word_1_498' title='bbox 827 3985 1170 4043; x_wconf 84' lang='lat' dir='ltr'><strong>nequaquam</strong></span> <span class='ocrx_word' id='word_1_499' title='bbox 1198 3971 1410 4027; x_wconf 89' lang='lat' dir='ltr'><strong>desidia</strong></span> <span class='ocrx_word' id='word_1_500' title='bbox 1460 3974 1655 4042; x_wconf 91' lang='lat' dir='ltr'><strong>pressi,</strong></span> <span class='ocrx_word' id='word_1_501' title='bbox 1682 3974 1777 4029; x_wconf 86' lang='lat' dir='ltr'><strong>sed</strong></span> <span class='ocrx_word' id='word_1_502' title='bbox 1818 3982 1945 4031; x_wconf 87' lang='lat' dir='ltr'><strong>ante</strong></span> <span class='ocrx_word' id='word_1_503' title='bbox 1983 3976 2110 4031; x_wconf 84' lang='lat' dir='ltr'><strong>illu-</strong></span> 
     </span>
    </p>
   </div>
   <div class='ocr_carea' id='block_1_74' title="bbox 529 4060 2108 4134">
    <p class='ocr_par' dir='ltr' id='par_1_74' title="bbox 529 4060 2108 4134">
     <span class='ocr_line' id='line_1_74' title="bbox 529 4060 2108 4134; baseline 0.003 -17"><span class='ocrx_word' id='word_1_504' title='bbox 529 4063 885 4118; x_wconf 88' lang='lat' dir='ltr'><strong>minatorium</strong></span> <span class='ocrx_word' id='word_1_505' title='bbox 915 4075 1352 4134; x_wconf 88' lang='lat' dir='ltr'><strong>perseverantes,</strong></span> <span class='ocrx_word' id='word_1_506' title='bbox 1386 4061 1586 4116; x_wconf 89' lang='lat' dir='ltr'><strong>iterum</strong></span> <span class='ocrx_word' id='word_1_507' title='bbox 1610 4060 1899 4119; x_wconf 81' lang='lat' dir='ltr'><strong>exeuntem</strong></span> <span class='ocrx_word' id='word_1_508' title='bbox 1930 4079 1960 4118; x_wconf 88' lang='lat' dir='ltr'><strong>a</strong></span> <span class='ocrx_word' id='word_1_509' title='bbox 1988 4080 2108 4121; x_wconf 87' lang='lat' dir='ltr'><strong>mo-</strong></span> 
     </span>
    </p>
   </div>
   <div class='ocr_carea' id='block_1_75' title="bbox 529 4152 2109 4224">
    <p class='ocr_par' dir='ltr' id='par_1_75' title="bbox 529 4152 2109 4224">
     <span class='ocr_line' id='line_1_75' title="bbox 529 4152 2109 4224; baseline 0.002 -15"><span class='ocrx_word' id='word_1_510' title='bbox 529 4164 795 4209; x_wconf 88' lang='lat' dir='ltr'><strong>numento</strong></span> <span class='ocrx_word' id='word_1_511' title='bbox 853 4154 1123 4224; x_wconf 81' lang='lat' dir='ltr'><strong>rogabant</strong></span> <span class='ocrx_word' id='word_1_512' title='bbox 1192 4161 1248 4208; x_wconf 88' lang='lat' dir='ltr'><strong>et</strong></span> <span class='ocrx_word' id='word_1_513' title='bbox 1315 4152 1676 4208; x_wconf 88' lang='lat' dir='ltr'><strong>hortabantur</strong></span> <span class='ocrx_word' id='word_1_514' title='bbox 1737 4154 2006 4211; x_wconf 87' lang='lat' dir='ltr'><strong>doctrinis</strong></span> <span class='ocrx_word' id='word_1_515' title='bbox 2054 4165 2109 4212; x_wconf 91' lang='lat' dir='ltr'><strong>et</strong></span> 
     </span>
    </p>
   </div>
   <div class='ocr_carea' id='block_1_76' title="bbox 530 4244 2108 4315">
    <p class='ocr_par' dir='ltr' id='par_1_76' title="bbox 530 4244 2108 4315">
     <span class='ocr_line' id='line_1_76' title="bbox 530 4244 2108 4315; baseline 0.004 -16"><span class='ocrx_word' id='word_1_516' title='bbox 530 4246 755 4300; x_wconf 83' lang='lat' dir='ltr'><strong>monitis</strong></span> <span class='ocrx_word' id='word_1_517' title='bbox 807 4246 996 4300; x_wconf 86' lang='lat' dir='ltr'><strong>multis</strong></span> <span class='ocrx_word' id='word_1_518' title='bbox 1054 4252 1294 4300; x_wconf 91' lang='lat' dir='ltr'><strong>utentes.</strong></span> <span class='ocrx_word' id='word_1_519' title='bbox 1356 4244 1606 4315; x_wconf 83' lang='lat' dir='ltr'><strong>Cumque</strong></span> <span class='ocrx_word' id='word_1_520' title='bbox 1660 4245 1924 4302; x_wconf 90' lang='lat' dir='ltr'><strong>vidissent</strong></span> <span class='ocrx_word' id='word_1_521' title='bbox 1963 4248 2108 4305; x_wconf 90' lang='lat' dir='ltr'><strong>hunc</strong></span> 
     </span>
    </p>
   </div>
   <div class='ocr_carea' id='block_1_77' title="bbox 2210 3061 3756 3136">
    <p class='ocr_par' dir='ltr' id='par_1_77' title="bbox 2210 3061 3756 3136">
     <span class='ocr_line' id='line_1_77' title="bbox 2210 3061 3756 3136; baseline -0.008 -9"><span class='ocrx_word' id='word_1_522' title='bbox 2210 3072 2481 3127; x_wconf 83' lang='grc' dir='ltr'>κάνκελλα</span> <span class='ocrx_word' id='word_1_523' title='bbox 2511 3070 2606 3124; x_wconf 75' lang='grc' dir='ltr'>καὶ</span> <span class='ocrx_word' id='word_1_524' title='bbox 2638 3069 2699 3121; x_wconf 87' lang='grc' dir='ltr'><strong>τδ</strong></span> <span class='ocrx_word' id='word_1_525' title='bbox 2738 3067 2918 3120; x_wconf 75' lang='grc' dir='ltr'>ἔλαιον</span> <span class='ocrx_word' id='word_1_526' title='bbox 2947 3065 3189 3136; x_wconf 73' lang='grc' dir='ltr'>δέξηται,</span> <span class='ocrx_word' id='word_1_527' title='bbox 3230 3066 3345 3119; x_wconf 84' lang='grc' dir='ltr'><strong>τῶν</strong></span> <span class='ocrx_word' id='word_1_528' title='bbox 3373 3066 3590 3119; x_wconf 81' lang='grc' dir='ltr'>ὄπισθεν</span> <span class='ocrx_word' id='word_1_529' title='bbox 3613 3061 3756 3118; x_wconf 73' lang='grc' dir='ltr'>αὑτοῦ</span> 
     </span>
    </p>
   </div>
   <div class='ocr_carea' id='block_1_78' title="bbox 2205 3152 3758 3231">
    <p class='ocr_par' dir='ltr' id='par_1_78' title="bbox 2205 3152 3758 3231">
     <span class='ocr_line' id='line_1_78' title="bbox 2205 3152 3758 3231; baseline -0.008 -14"><span class='ocrx_word' id='word_1_530' title='bbox 2205 3163 2459 3225; x_wconf 80' lang='grc' dir='ltr'>λαϐόντες</span> <span class='ocrx_word' id='word_1_531' title='bbox 2477 3161 2691 3231; x_wconf 78' lang='grc' dir='ltr'>ἱμάτιον</span> <span class='ocrx_word' id='word_1_532' title='bbox 2712 3157 3025 3230; x_wconf 80' lang='grc' dir='ltr'>στραφῆναι</span> <span class='ocrx_word' id='word_1_533' title='bbox 3057 3156 3191 3227; x_wconf 84' lang='grc' dir='ltr'>πρὸς</span> <span class='ocrx_word' id='word_1_534' title='bbox 3213 3156 3416 3219; x_wconf 75' lang='grc' dir='ltr'>αὐτοὺς</span> <span class='ocrx_word' id='word_1_535' title='bbox 3448 3152 3758 3226; x_wconf 84' lang='grc' dir='ltr'>παρεσκεύα-</span> 
     </span>
    </p>
   </div>
   <div class='ocr_carea' id='block_1_79' title="bbox 2208 3246 3756 3319">
    <p class='ocr_par' dir='ltr' id='par_1_79' title="bbox 2208 3246 3756 3319">
     <span class='ocr_line' id='line_1_79' title="bbox 2208 3246 3756 3319; baseline -0.008 -10"><span class='ocrx_word' id='word_1_536' title='bbox 2208 3272 2308 3309; x_wconf 89' lang='grc' dir='ltr'><strong>σαν</strong></span> <span class='ocrx_word' id='word_1_537' title='bbox 2328 3271 2340 3284; x_wconf 87' lang='grc'><strong>·</strong></span> <span class='ocrx_word' id='word_1_538' title='bbox 2369 3254 2463 3307; x_wconf 81' lang='grc' dir='ltr'><strong>καί</strong></span> <span class='ocrx_word' id='word_1_539' title='bbox 2501 3252 2661 3306; x_wconf 86' lang='grc' dir='ltr'>πάλιν</span> <span class='ocrx_word' id='word_1_540' title='bbox 2677 3249 2855 3303; x_wconf 80' lang='grc' dir='ltr'>αὐτῶν</span> <span class='ocrx_word' id='word_1_541' title='bbox 2877 3246 3098 3303; x_wconf 81' lang='grc' dir='ltr'>ἀκούειν</span> <span class='ocrx_word' id='word_1_542' title='bbox 3122 3248 3504 3319; x_wconf 81' lang='grc' dir='ltr'>προέτρεπον,</span> <span class='ocrx_word' id='word_1_543' title='bbox 3534 3247 3624 3301; x_wconf 82' lang='grc' dir='ltr'>καὶ</span> <span class='ocrx_word' id='word_1_544' title='bbox 3652 3246 3756 3298; x_wconf 85' lang='grc' dir='ltr'>πεί-</span> 
     </span>
    </p>
   </div>
   <div class='ocr_carea' id='block_1_80' title="bbox 2206 3329 3759 3411">
    <p class='ocr_par' dir='ltr' id='par_1_80' title="bbox 2206 3329 3759 3411">
     <span class='ocr_line' id='line_1_80' title="bbox 2206 3329 3759 3411; baseline -0.005 -15"><span class='ocrx_word' id='word_1_545' title='bbox 2206 3342 2397 3396; x_wconf 89' lang='grc' dir='ltr'>θεσθαι</span> <span class='ocrx_word' id='word_1_546' title='bbox 2433 3340 2635 3411; x_wconf 80' lang='grc' dir='ltr'>μᾶλλον</span> <span class='ocrx_word' id='word_1_547' title='bbox 2657 3340 2841 3402; x_wconf 82' lang='grc' dir='ltr'>αὐτοῖς</span> <span class='ocrx_word' id='word_1_548' title='bbox 2906 3338 2940 3409; x_wconf 80' lang='grc' dir='ltr'><strong>ἢ</strong></span> <span class='ocrx_word' id='word_1_549' title='bbox 2973 3339 3084 3399; x_wconf 76' lang='grc' dir='ltr'>τοῖς</span> <span class='ocrx_word' id='word_1_550' title='bbox 3123 3336 3225 3405; x_wconf 78' lang='grc' dir='ltr'>τῆς</span> <span class='ocrx_word' id='word_1_551' title='bbox 3264 3338 3478 3401; x_wconf 75' lang='grc' dir='ltr'>οἰκείας</span> <span class='ocrx_word' id='word_1_552' title='bbox 3512 3329 3759 3408; x_wconf 82' lang='grc' dir='ltr'>προεστῶ-</span> 
     </span>
    </p>
   </div>
   <div class='ocr_carea' id='block_1_81' title="bbox 2207 3425 3756 3502">
    <p class='ocr_par' dir='ltr' id='par_1_81' title="bbox 2207 3425 3756 3502">
     <span class='ocr_line' id='line_1_81' title="bbox 2207 3425 3756 3502; baseline -0.006 -17"><span class='ocrx_word' id='word_1_553' title='bbox 2207 3448 2292 3485; x_wconf 88' lang='grc' dir='ltr'><strong>σιν</strong></span> <span class='ocrx_word' id='word_1_554' title='bbox 2313 3430 2597 3502; x_wconf 83' lang='grc' dir='ltr'>αἱρέσεως.</span> <span class='ocrx_word' id='word_1_555' title='bbox 2652 3428 2738 3491; x_wconf 81' lang='grc' dir='ltr'>Ὠς</span> <span class='ocrx_word' id='word_1_556' title='bbox 2762 3427 2818 3479; x_wconf 79' lang='grc' dir='ltr'>δὲ</span> <span class='ocrx_word' id='word_1_557' title='bbox 2852 3426 2974 3497; x_wconf 82' lang='grc' dir='ltr'>μηδ’</span> <span class='ocrx_word' id='word_1_558' title='bbox 2995 3425 3139 3480; x_wconf 77' lang='grc' dir='ltr'>οὕτω</span> <span class='ocrx_word' id='word_1_559' title='bbox 3180 3427 3507 3497; x_wconf 79' lang='grc' dir='ltr'>πειθόμενον</span> <span class='ocrx_word' id='word_1_560' title='bbox 3540 3426 3756 3489; x_wconf 70' lang='grc' dir='ltr'>ἐίλεπον,</span> 
     </span>
    </p>
   </div>
   <div class='ocr_carea' id='block_1_82' title="bbox 2207 3515 3757 3595">
    <p class='ocr_par' dir='ltr' id='par_1_82' title="bbox 2207 3515 3757 3595">
     <span class='ocr_line' id='line_1_82' title="bbox 2207 3515 3757 3595; baseline -0.005 -19"><span class='ocrx_word' id='word_1_561' title='bbox 2207 3522 2453 3595; x_wconf 81' lang='grc' dir='ltr'>προϊέναι</span> <span class='ocrx_word' id='word_1_562' title='bbox 2489 3519 2626 3591; x_wconf 80' lang='grc' dir='ltr'>πρὸς</span> <span class='ocrx_word' id='word_1_563' title='bbox 2667 3519 2761 3572; x_wconf 82' lang='grc' dir='ltr'>τὸν</span> <span class='ocrx_word' id='word_1_564' title='bbox 2820 3520 2988 3587; x_wconf 75' lang='grc' dir='ltr'>τάφον</span> <span class='ocrx_word' id='word_1_565' title='bbox 3020 3517 3320 3572; x_wconf 82' lang='grc' dir='ltr'>ἀπέλυσαν.</span> <span class='ocrx_word' id='word_1_566' title='bbox 3353 3517 3411 3572; x_wconf 85' lang='lat'><strong>&#39;0</strong></span> <span class='ocrx_word' id='word_1_567' title='bbox 3440 3518 3495 3571; x_wconf 85' lang='grc' dir='ltr'>δὲ</span> <span class='ocrx_word' id='word_1_568' title='bbox 3529 3515 3757 3585; x_wconf 78' lang='grc' dir='ltr'>στραφεὶς</span> 
     </span>
    </p>
   </div>
   <div class='ocr_carea' id='block_1_83' title="bbox 2205 3603 3758 3682">
    <p class='ocr_par' dir='ltr' id='par_1_83' title="bbox 2205 3603 3758 3682">
     <span class='ocr_line' id='line_1_83' title="bbox 2205 3603 3758 3682; baseline -0.005 -18"><span class='ocrx_word' id='word_1_569' title='bbox 2205 3608 2585 3682; x_wconf 73' lang='grc' dir='ltr'>ἠσφαλισμένα</span> <span class='ocrx_word' id='word_1_570' title='bbox 2615 3607 2801 3678; x_wconf 79' lang='grc' dir='ltr'>βλέπει</span> <span class='ocrx_word' id='word_1_571' title='bbox 2824 3607 2891 3660; x_wconf 82' lang='grc' dir='ltr'>τὰ</span> <span class='ocrx_word' id='word_1_572' title='bbox 2921 3605 3016 3660; x_wconf 89' lang='grc' dir='ltr'><strong>τοῦ</strong></span> <span class='ocrx_word' id='word_1_573' title='bbox 3044 3607 3329 3676; x_wconf 82' lang='grc' dir='ltr'>μνήματος</span> <span class='ocrx_word' id='word_1_574' title='bbox 3362 3607 3656 3661; x_wconf 87' lang='grc' dir='ltr'>κάνκελλα·</span> <span class='ocrx_word' id='word_1_575' title='bbox 3677 3603 3758 3658; x_wconf 85' lang='grc' dir='ltr'>καὶ</span> 
     </span>
    </p>
   </div>
   <div class='ocr_carea' id='block_1_84' title="bbox 2210 3698 3755 3775">
    <p class='ocr_par' dir='ltr' id='par_1_84' title="bbox 2210 3698 3755 3775">
     <span class='ocr_line' id='line_1_84' title="bbox 2210 3698 3755 3775; baseline -0.006 -18"><span class='ocrx_word' id='word_1_576' title='bbox 2210 3704 2286 3775; x_wconf 79' lang='grc' dir='ltr'>μὴ</span> <span class='ocrx_word' id='word_1_577' title='bbox 2313 3701 2489 3775; x_wconf 84' lang='grc' dir='ltr'>εύρὼν</span> <span class='ocrx_word' id='word_1_578' title='bbox 2517 3701 2705 3757; x_wconf 84' lang='grc' dir='ltr'>λοιπὸν</span> <span class='ocrx_word' id='word_1_579' title='bbox 2749 3700 2845 3754; x_wconf 84' lang='grc' dir='ltr'><strong>τοῦ</strong></span> <span class='ocrx_word' id='word_1_580' title='bbox 2884 3701 2985 3772; x_wconf 85' lang='grc' dir='ltr'>τῆς</span> <span class='ocrx_word' id='word_1_581' title='bbox 3041 3700 3313 3768; x_wconf 80' lang='grc' dir='ltr'>κανδήλας</span> <span class='ocrx_word' id='word_1_582' title='bbox 3363 3700 3543 3754; x_wconf 73' lang='grc' dir='ltr'>ἐλαίου</span> <span class='ocrx_word' id='word_1_583' title='bbox 3576 3698 3755 3759; x_wconf 83' lang='grc' dir='ltr'>λαϐεῖν,</span> 
     </span>
    </p>
   </div>
   <div class='ocr_carea' id='block_1_85' title="bbox 2206 3789 3748 3866">
    <p class='ocr_par' dir='ltr' id='par_1_85' title="bbox 2206 3789 3748 3866">
     <span class='ocr_line' id='line_1_85' title="bbox 2206 3789 3748 3866; baseline -0.005 -17"><span class='ocrx_word' id='word_1_584' title='bbox 2206 3793 2470 3866; x_wconf 79' lang='grc' dir='ltr'>ἀνεχώρει</span> <span class='ocrx_word' id='word_1_585' title='bbox 2501 3792 2752 3863; x_wconf 84' lang='grc' dir='ltr'>κατηφὴς</span> <span class='ocrx_word' id='word_1_586' title='bbox 2782 3792 2877 3845; x_wconf 80' lang='grc' dir='ltr'>καὶ</span> <span class='ocrx_word' id='word_1_587' title='bbox 2903 3791 3263 3861; x_wconf 80' lang='grc' dir='ltr'>λυπούμενος.</span> <span class='ocrx_word' id='word_1_588' title='bbox 3304 3794 3368 3845; x_wconf 84' lang='lat' dir='ltr'><strong>0i</strong></span> <span class='ocrx_word' id='word_1_589' title='bbox 3411 3792 3467 3845; x_wconf 82' lang='grc' dir='ltr'>δὲ</span> <span class='ocrx_word' id='word_1_590' title='bbox 3484 3789 3748 3860; x_wconf 80' lang='grc' dir='ltr'>φιλάνθρω-</span> 
     </span>
    </p>
   </div>
   <div class='ocr_carea' id='block_1_86' title="bbox 2207 3874 3753 3955">
    <p class='ocr_par' dir='ltr' id='par_1_86' title="bbox 2207 3874 3753 3955">
     <span class='ocr_line' id='line_1_86' title="bbox 2207 3874 3753 3955; baseline -0.005 -17"><span class='ocrx_word' id='word_1_591' title='bbox 2207 3902 2302 3938; x_wconf 88' lang='grc' dir='ltr'><strong>ποι</strong></span> <span class='ocrx_word' id='word_1_592' title='bbox 2326 3884 2600 3955; x_wconf 82' lang='grc' dir='ltr'>μάρτυρες</span> <span class='ocrx_word' id='word_1_593' title='bbox 2625 3880 2891 3953; x_wconf 83' lang='grc' dir='ltr'>μηδαμῶς</span> <span class='ocrx_word' id='word_1_594' title='bbox 2921 3880 3361 3953; x_wconf 79' lang='grc' dir='ltr'>ρᾳθυμήσαντες,</span> <span class='ocrx_word' id='word_1_595' title='bbox 3390 3882 3529 3936; x_wconf 75' lang='grc' dir='ltr'>ἀλλὰ</span> <span class='ocrx_word' id='word_1_596' title='bbox 3555 3880 3653 3946; x_wconf 79' lang='grc' dir='ltr'>πρὸ</span> <span class='ocrx_word' id='word_1_597' title='bbox 3676 3874 3753 3931; x_wconf 68' lang='grc' dir='ltr'><strong>τοῦ</strong></span> 
     </span>
    </p>
   </div>
   <div class='ocr_carea' id='block_1_87' title="bbox 2207 3966 3754 4047">
    <p class='ocr_par' dir='ltr' id='par_1_87' title="bbox 2207 3966 3754 4047">
     <span class='ocr_line' id='line_1_87' title="bbox 2207 3966 3754 4047; baseline -0.005 -17"><span class='ocrx_word' id='word_1_598' title='bbox 2207 3975 2578 4047; x_wconf 82' lang='grc' dir='ltr'>φωτιστηρίου</span> <span class='ocrx_word' id='word_1_599' title='bbox 2602 3972 3056 4046; x_wconf 84' lang='grc' dir='ltr'>προσμείναντες,</span> <span class='ocrx_word' id='word_1_600' title='bbox 3083 3972 3245 4027; x_wconf 85' lang='grc' dir='ltr'>πάλιν</span> <span class='ocrx_word' id='word_1_601' title='bbox 3270 3975 3436 4028; x_wconf 63' lang='grc' dir='ltr'>αὐτὸν</span> <span class='ocrx_word' id='word_1_602' title='bbox 3467 3966 3754 4037; x_wconf 68' lang='grc' dir='ltr'>ἐξιόνταωῦ</span> 
     </span>
    </p>
   </div>
   <div class='ocr_carea' id='block_1_88' title="bbox 2211 4060 3755 4146">
    <p class='ocr_par' dir='ltr' id='par_1_88' title="bbox 2211 4060 3755 4146">
     <span class='ocr_line' id='line_1_88' title="bbox 2211 4060 3755 4146; baseline -0.002 -26"><span class='ocrx_word' id='word_1_603' title='bbox 2211 4067 2493 4139; x_wconf 81' lang='grc' dir='ltr'>μνήματος</span> <span class='ocrx_word' id='word_1_604' title='bbox 2551 4064 2894 4146; x_wconf 76' lang='grc' dir='ltr'>παρεκάλουν</span> <span class='ocrx_word' id='word_1_605' title='bbox 2923 4063 3017 4118; x_wconf 79' lang='grc' dir='ltr'>καὶ</span> <span class='ocrx_word' id='word_1_606' title='bbox 3063 4064 3440 4135; x_wconf 77' lang='grc' dir='ltr'>προύτρεπον,</span> <span class='ocrx_word' id='word_1_607' title='bbox 3466 4060 3755 4128; x_wconf 69' lang='grc' dir='ltr'>διδασκαλίᾳ</span> 
     </span>
    </p>
   </div>
   <div class='ocr_carea' id='block_1_89' title="bbox 2207 4147 3755 4230">
    <p class='ocr_par' dir='ltr' id='par_1_89' title="bbox 2207 4147 3755 4230">
     <span class='ocr_line' id='line_1_89' title="bbox 2207 4147 3755 4230; baseline -0.005 -18"><span class='ocrx_word' id='word_1_608' title='bbox 2207 4157 2482 4230; x_wconf 81' lang='grc' dir='ltr'>χρώμενοι</span> <span class='ocrx_word' id='word_1_609' title='bbox 2515 4156 2607 4211; x_wconf 79' lang='grc' dir='ltr'>καὶ</span> <span class='ocrx_word' id='word_1_610' title='bbox 2630 4156 2852 4219; x_wconf 88' lang='grc' dir='ltr'>πολλαῖς</span> <span class='ocrx_word' id='word_1_611' title='bbox 2885 4156 3295 4227; x_wconf 81' lang='grc' dir='ltr'>παραινέσεσιν.</span> <span class='ocrx_word' id='word_1_612' title='bbox 3344 4156 3433 4220; x_wconf 84' lang='grc' dir='ltr'>Ὠς</span> <span class='ocrx_word' id='word_1_613' title='bbox 3464 4156 3521 4208; x_wconf 81' lang='grc' dir='ltr'>δὲ</span> <span class='ocrx_word' id='word_1_614' title='bbox 3550 4154 3651 4208; x_wconf 81' lang='grc' dir='ltr'>ῖδον</span> <span class='ocrx_word' id='word_1_615' title='bbox 3678 4147 3755 4205; x_wconf 65' lang='grc' dir='ltr'><strong>οὖα</strong></span> 
     </span>
    </p>
   </div>
   <div class='ocr_carea' id='block_1_90' title="bbox 2207 4240 3753 4319">
    <p class='ocr_par' dir='ltr' id='par_1_90' title="bbox 2207 4240 3753 4319">
     <span class='ocr_line' id='line_1_90' title="bbox 2207 4240 3753 4319; baseline -0.004 -16"><span class='ocrx_word' id='word_1_616' title='bbox 2207 4265 2317 4313; x_wconf 89' lang='grc' dir='ltr'><strong>τως</strong></span> <span class='ocrx_word' id='word_1_617' title='bbox 2344 4247 2579 4319; x_wconf 82' lang='grc' dir='ltr'>ἁκαμπῆ</span> <span class='ocrx_word' id='word_1_618' title='bbox 2611 4245 2708 4301; x_wconf 70' lang='grc' dir='ltr'><strong>καί⁷</strong></span> <span class='ocrx_word' id='word_1_619' title='bbox 2761 4246 3047 4314; x_wconf 80' lang='grc' dir='ltr'>πεισθῆναι</span> <span class='ocrx_word' id='word_1_620' title='bbox 3084 4245 3162 4317; x_wconf 79' lang='grc' dir='ltr'>μὴ</span> <span class='ocrx_word' id='word_1_621' title='bbox 3211 4246 3458 4310; x_wconf 84' lang='grc' dir='ltr'>θέλοντα,</span> <span class='ocrx_word' id='word_1_622' title='bbox 3484 4245 3634 4300; x_wconf 88' lang='grc' dir='ltr'>τοῦτο</span> <span class='ocrx_word' id='word_1_623' title='bbox 3653 4240 3753 4313; x_wconf 81' lang='grc' dir='ltr'>μεθ’</span> 
     </span>
    </p>
   </div>
   <div class='ocr_carea' id='block_1_91' title="bbox 529 4329 2106 4412">
    <p class='ocr_par' dir='ltr' id='par_1_91' title="bbox 529 4334 2097 4405">
     <span class='ocr_line' id='line_1_91' title="bbox 529 4334 2097 4405; baseline 0.003 -17"><span class='ocrx_word' id='word_1_624' title='bbox 529 4344 639 4388; x_wconf 87' lang='lat' dir='ltr'><strong>tam</strong></span> <span class='ocrx_word' id='word_1_625' title='bbox 669 4334 1067 4388; x_wconf 84' lang='lat' dir='ltr'><strong>incnrvabilem</strong></span> <span class='ocrx_word' id='word_1_626' title='bbox 1095 4343 1151 4388; x_wconf 91' lang='lat' dir='ltr'><strong>et</strong></span> <span class='ocrx_word' id='word_1_627' title='bbox 1188 4348 1381 4404; x_wconf 90' lang='lat' dir='ltr'><strong>parere</strong></span> <span class='ocrx_word' id='word_1_628' title='bbox 1420 4334 1717 4401; x_wconf 89' lang='lat' dir='ltr'><strong>uolentem,</strong></span> <span class='ocrx_word' id='word_1_629' title='bbox 1749 4334 2097 4405; x_wconf 87' lang='lat' dir='ltr'><strong>dimiserunt,</strong></span> 
     </span>
    </p>
   </div>
   <div class='ocr_carea' id='block_1_92' title="bbox 2207 4329 3754 4412">
    <p class='ocr_par' dir='ltr' id='par_1_92' title="bbox 2207 4329 3754 4412">
     <span class='ocr_line' id='line_1_92' title="bbox 2207 4329 3754 4412; baseline -0.007 -17"><span class='ocrx_word' id='word_1_630' title='bbox 2207 4341 2365 4412; x_wconf 76' lang='grc' dir='ltr'>ὅρκου</span> <span class='ocrx_word' id='word_1_631' title='bbox 2423 4337 2726 4409; x_wconf 79' lang='grc' dir='ltr'>φρικώδους</span> <span class='ocrx_word' id='word_1_632' title='bbox 2775 4337 3058 4408; x_wconf 86' lang='grc' dir='ltr'>εἰρηκότες</span> <span class='ocrx_word' id='word_1_633' title='bbox 3079 4337 3363 4392; x_wconf 78' lang='grc' dir='ltr'>ἀπέλυσαν</span> <span class='ocrx_word' id='word_1_634' title='bbox 3392 4353 3408 4367; x_wconf 83' lang='lat'>&#39;</span> <span class='ocrx_word' id='word_1_635' title='bbox 3460 4337 3550 4391; x_wconf 71' lang='grc' dir='ltr'><strong>Μὰ</strong></span> <span class='ocrx_word' id='word_1_636' title='bbox 3578 4329 3754 4389; x_wconf 57' lang='lat' dir='ltr'><strong>mea</strong></span> 
     </span>
    </p>
   </div>
   <div class='ocr_carea' id='block_1_93' title="bbox 530 4422 2102 4495">
    <p class='ocr_par' dir='ltr' id='par_1_93' title="bbox 530 4422 2102 4495">
     <span class='ocr_line' id='line_1_93' title="bbox 530 4422 2102 4495; baseline 0.003 -17"><span class='ocrx_word' id='word_1_637' title='bbox 530 4426 633 4479; x_wconf 93' lang='lat' dir='ltr'><strong>hoc</strong></span> <span class='ocrx_word' id='word_1_638' title='bbox 666 4424 916 4479; x_wconf 89' lang='lat' dir='ltr'><strong>horribili</strong></span> <span class='ocrx_word' id='word_1_639' title='bbox 949 4424 1314 4495; x_wconf 83' lang='lat' dir='ltr'><strong>jurejurando</strong></span> <span class='ocrx_word' id='word_1_640' title='bbox 1353 4423 1604 4480; x_wconf 86' lang='lat' dir='ltr'><strong>dicentes</strong></span> <span class='ocrx_word' id='word_1_641' title='bbox 1637 4442 1650 4479; x_wconf 89' lang='lat'><strong>:</strong></span> <span class='ocrx_word' id='word_1_642' title='bbox 1687 4422 1793 4481; x_wconf 87' lang='lat' dir='ltr'><strong>Per</strong></span> <span class='ocrx_word' id='word_1_643' title='bbox 1822 4425 2102 4483; x_wconf 87' lang='lat' dir='ltr'><strong>Christum</strong></span> 
     </span>
    </p>
   </div>
   <div class='ocr_carea' id='block_1_94' title="bbox 531 4515 2108 4584">
    <p class='ocr_par' dir='ltr' id='par_1_94' title="bbox 531 4515 2108 4584">
     <span class='ocr_line' id='line_1_94' title="bbox 531 4515 2108 4584; baseline 0.003 -15"><span class='ocrx_word' id='word_1_644' title='bbox 531 4515 623 4572; x_wconf 92' lang='lat' dir='ltr'><strong>Dei</strong></span> <span class='ocrx_word' id='word_1_645' title='bbox 655 4524 711 4572; x_wconf 89' lang='lat' dir='ltr'><strong>et</strong></span> <span class='ocrx_word' id='word_1_646' title='bbox 753 4517 935 4572; x_wconf 88' lang='lat' dir='ltr'><strong>Patris</strong></span> <span class='ocrx_word' id='word_1_647' title='bbox 996 4517 1214 4584; x_wconf 84' lang='lat' dir='ltr'><strong>Filium,</strong></span> <span class='ocrx_word' id='word_1_648' title='bbox 1242 4527 1563 4572; x_wconf 90' lang='lat' dir='ltr'><strong>cunctorum</strong></span> <span class='ocrx_word' id='word_1_649' title='bbox 1609 4518 2008 4574; x_wconf 83' lang='lat' dir='ltr'><strong>dominatorem</strong></span> <span class='ocrx_word' id='word_1_650' title='bbox 2052 4526 2108 4575; x_wconf 91' lang='lat' dir='ltr'><strong>et</strong></span> 
     </span>
    </p>
   </div>
   <div class='ocr_carea' id='block_1_95' title="bbox 534 4604 2108 4677">
    <p class='ocr_par' dir='ltr' id='par_1_95' title="bbox 534 4604 2108 4677">
     <span class='ocr_line' id='line_1_95' title="bbox 534 4604 2108 4677; baseline 0.003 -20"><span class='ocrx_word' id='word_1_651' title='bbox 534 4605 724 4668; x_wconf 88' lang='lat' dir='ltr'><strong>Deum,</strong></span> <span class='ocrx_word' id='word_1_652' title='bbox 758 4604 851 4674; x_wconf 90' lang='lat' dir='ltr'><strong>qui</strong></span> <span class='ocrx_word' id='word_1_653' title='bbox 892 4604 945 4657; x_wconf 92' lang='lat' dir='ltr'><strong>in</strong></span> <span class='ocrx_word' id='word_1_654' title='bbox 999 4606 1292 4676; x_wconf 83' lang='lat' dir='ltr'><strong>martyrica</strong></span> <span class='ocrx_word' id='word_1_655' title='bbox 1328 4605 1521 4659; x_wconf 86' lang='lat' dir='ltr'><strong>militia</strong></span> <span class='ocrx_word' id='word_1_656' title='bbox 1569 4613 1757 4661; x_wconf 91' lang='lat' dir='ltr'><strong>nostra</strong></span> <span class='ocrx_word' id='word_1_657' title='bbox 1809 4616 2020 4677; x_wconf 84' lang='lat' dir='ltr'><strong>regnat,</strong></span> <span class='ocrx_word' id='word_1_658' title='bbox 2051 4614 2108 4661; x_wconf 92' lang='lat' dir='ltr'><strong>et</strong></span> 
     </span>
    </p>
   </div>
   <div class='ocr_carea' id='block_1_96' title="bbox 529 4696 2105 4768">
    <p class='ocr_par' dir='ltr' id='par_1_96' title="bbox 529 4696 2105 4768">
     <span class='ocr_line' id='line_1_96' title="bbox 529 4696 2105 4768; baseline 0.001 -17"><span class='ocrx_word' id='word_1_659' title='bbox 529 4699 823 4751; x_wconf 87' lang='lat' dir='ltr'><strong>sanitatum</strong></span> <span class='ocrx_word' id='word_1_660' title='bbox 863 4696 1020 4752; x_wconf 89' lang='lat' dir='ltr'><strong>nobis</strong></span> <span class='ocrx_word' id='word_1_661' title='bbox 1049 4698 1279 4768; x_wconf 86' lang='lat' dir='ltr'><strong>gratiam</strong></span> <span class='ocrx_word' id='word_1_662' title='bbox 1310 4696 1500 4763; x_wconf 89' lang='lat' dir='ltr'><strong>donat,</strong></span> <span class='ocrx_word' id='word_1_663' title='bbox 1535 4696 1639 4752; x_wconf 91' lang='lat' dir='ltr'><strong>nisi</strong></span> <span class='ocrx_word' id='word_1_664' title='bbox 1673 4698 1830 4753; x_wconf 79' lang='lat' dir='ltr'><strong>nobis</strong></span> <span class='ocrx_word' id='word_1_665' title='bbox 1856 4698 2105 4763; x_wconf 88' lang='lat' dir='ltr'><strong>obedias,</strong></span> 
     </span>
    </p>
   </div>
   <div class='ocr_carea' id='block_1_97' title="bbox 527 4787 2109 4859">
    <p class='ocr_par' dir='ltr' id='par_1_97' title="bbox 527 4787 2109 4859">
     <span class='ocr_line' id='line_1_97' title="bbox 527 4787 2109 4859; baseline -0.001 -14"><span class='ocrx_word' id='word_1_666' title='bbox 527 4798 583 4845; x_wconf 91' lang='lat' dir='ltr'><strong>et</strong></span> <span class='ocrx_word' id='word_1_667' title='bbox 612 4790 716 4845; x_wconf 92' lang='lat' dir='ltr'><strong>nisi</strong></span> <span class='ocrx_word' id='word_1_668' title='bbox 750 4790 818 4844; x_wconf 90' lang='lat' dir='ltr'><strong>ad</strong></span> <span class='ocrx_word' id='word_1_669' title='bbox 880 4789 1055 4845; x_wconf 88' lang='lat' dir='ltr'><strong>solam</strong></span> <span class='ocrx_word' id='word_1_670' title='bbox 1108 4788 1440 4844; x_wconf 82' lang='lat' dir='ltr'><strong>catholicam</strong></span> <span class='ocrx_word' id='word_1_671' title='bbox 1482 4789 1655 4859; x_wconf 89' lang='lat' dir='ltr'><strong>ipsius</strong></span> <span class='ocrx_word' id='word_1_672' title='bbox 1707 4787 2006 4844; x_wconf 84' lang='lat' dir='ltr'><strong>Ecclesiam</strong></span> <span class='ocrx_word' id='word_1_673' title='bbox 2053 4797 2109 4844; x_wconf 88' lang='lat' dir='ltr'><strong>et</strong></span> 
     </span>
    </p>
   </div>
   <div class='ocr_carea' id='block_1_98' title="bbox 399 4884 2105 4956">
    <p class='ocr_par' dir='ltr' id='par_1_98' title="bbox 399 4884 2105 4956">
     <span class='ocr_line' id='line_1_98' title="bbox 399 4884 2105 4956; baseline -0.001 -17"><span class='ocrx_word' id='word_1_674' title='bbox 399 4926 423 4951; x_wconf 77' lang='lat'>.</span> <span class='ocrx_word' id='word_1_675' title='bbox 528 4885 787 4956; x_wconf 78' lang='lat' dir='ltr'><strong>mysteria</strong></span> <span class='ocrx_word' id='word_1_676' title='bbox 817 4899 972 4940; x_wconf 86' lang='lat' dir='ltr'><strong>sacra</strong></span> <span class='ocrx_word' id='word_1_677' title='bbox 1002 4901 1123 4955; x_wconf 67' lang='lat' dir='ltr'><strong>qua:</strong></span> <span class='ocrx_word' id='word_1_678' title='bbox 1151 4885 1204 4939; x_wconf 90' lang='lat' dir='ltr'><strong>in</strong></span> <span class='ocrx_word' id='word_1_679' title='bbox 1234 4899 1297 4940; x_wconf 90' lang='lat' dir='ltr'><strong>ea</strong></span> <span class='ocrx_word' id='word_1_680' title='bbox 1329 4884 1676 4939; x_wconf 79' lang='lat' dir='ltr'><strong>celebrantur</strong></span> <span class='ocrx_word' id='word_1_681' title='bbox 1703 4884 1935 4938; x_wconf 89' lang='lat' dir='ltr'><strong>accedas</strong></span> <span class='ocrx_word' id='word_1_682' title='bbox 1980 4898 2105 4937; x_wconf 90' lang='lat' dir='ltr'><strong>eum</strong></span> 
     </span>
    </p>
   </div>
   <div class='ocr_carea' id='block_1_99' title="bbox 529 4976 2108 5046">
    <p class='ocr_par' dir='ltr' id='par_1_99' title="bbox 529 4976 2108 5046">
     <span class='ocr_line' id='line_1_99' title="bbox 529 4976 2108 5046; baseline -0.001 -14"><span class='ocrx_word' id='word_1_683' title='bbox 529 4978 733 5032; x_wconf 91' lang='lat' dir='ltr'><strong>munda</strong></span> <span class='ocrx_word' id='word_1_684' title='bbox 784 4984 839 5033; x_wconf 93' lang='lat' dir='ltr'><strong>ct</strong></span> <span class='ocrx_word' id='word_1_685' title='bbox 887 4986 1040 5034; x_wconf 89' lang='lat' dir='ltr'><strong>casta</strong></span> <span class='ocrx_word' id='word_1_686' title='bbox 1100 4977 1457 5041; x_wconf 85' lang='lat' dir='ltr'><strong>conscientia,</strong></span> <span class='ocrx_word' id='word_1_687' title='bbox 1518 4976 1589 5032; x_wconf 89' lang='lat' dir='ltr'><strong>ita</strong></span> <span class='ocrx_word' id='word_1_688' title='bbox 1655 4976 1780 5031; x_wconf 92' lang='lat' dir='ltr'><strong>hinc</strong></span> <span class='ocrx_word' id='word_1_689' title='bbox 1842 4976 2108 5046; x_wconf 83' lang='lat' dir='ltr'><strong>languens</strong></span> 
     </span>
    </p>
   </div>
   <div class='ocr_carea' id='block_1_100' title="bbox 528 5054 2109 5130">
    <p class='ocr_par' dir='ltr' id='par_1_100' title="bbox 528 5054 2109 5130">
     <span class='ocr_line' id='line_1_100' title="bbox 528 5054 2109 5130; baseline 0 -7"><span class='ocrx_word' id='word_1_690' title='bbox 528 5067 711 5125; x_wconf 78' lang='lat' dir='ltr'><strong>abibis</strong></span> <span class='ocrx_word' id='word_1_691' title='bbox 741 5068 888 5122; x_wconf 90' lang='lat' dir='ltr'><strong>sicut</strong></span> <span class='ocrx_word' id='word_1_692' title='bbox 917 5077 972 5124; x_wconf 93' lang='lat' dir='ltr'><strong>et</strong></span> <span class='ocrx_word' id='word_1_693' title='bbox 998 5068 1106 5123; x_wconf 89' lang='lat' dir='ltr'><strong>huc</strong></span> <span class='ocrx_word' id='word_1_694' title='bbox 1165 5068 1399 5130; x_wconf 90' lang='lat' dir='ltr'><strong>venisti,</strong></span> <span class='ocrx_word' id='word_1_695' title='bbox 1451 5067 1524 5120; x_wconf 92' lang='lat' dir='ltr'><strong>nil</strong></span> <span class='ocrx_word' id='word_1_696' title='bbox 1574 5082 1605 5120; x_wconf 75' lang='grc' dir='ltr'><strong>ει</strong></span> <span class='ocrx_word' id='word_1_697' title='bbox 1648 5054 1809 5120; x_wconf 78' lang='lat' dir='ltr'><strong>nobis</strong></span> <span class='ocrx_word' id='word_1_698' title='bbox 1855 5068 2109 5123; x_wconf 84' lang='lat' dir='ltr'><strong>utilitatis</strong></span> 
     </span>
    </p>
   </div>
   <div class='ocr_carea' id='block_1_101' title="bbox 528 5156 2017 5231">
    <p class='ocr_par' dir='ltr' id='par_1_101' title="bbox 528 5156 2017 5231">
     <span class='ocr_line' id='line_1_101' title="bbox 528 5156 2017 5231; baseline -0.001 -17"><span class='ocrx_word' id='word_1_699' title='bbox 528 5160 781 5231; x_wconf 89' lang='lat' dir='ltr'><strong>adeptus.</strong></span> <span class='ocrx_word' id='word_1_700' title='bbox 819 5157 885 5212; x_wconf 87' lang='lat' dir='ltr'><strong>Et</strong></span> <span class='ocrx_word' id='word_1_701' title='bbox 923 5158 1038 5212; x_wconf 69' lang='lat' dir='ltr'><strong>haec</strong></span> <span class='ocrx_word' id='word_1_702' title='bbox 1069 5158 1288 5229; x_wconf 88' lang='lat' dir='ltr'><strong>quidem</strong></span> <span class='ocrx_word' id='word_1_703' title='bbox 1322 5172 1418 5226; x_wconf 88' lang='lat' dir='ltr'><strong>per</strong></span> <span class='ocrx_word' id='word_1_704' title='bbox 1458 5156 1633 5212; x_wconf 91' lang='lat' dir='ltr'><strong>visum</strong></span> <span class='ocrx_word' id='word_1_705' title='bbox 1668 5156 1810 5211; x_wconf 85' lang='lat' dir='ltr'><strong>dicta</strong></span> <span class='ocrx_word' id='word_1_706' title='bbox 1862 5167 2017 5215; x_wconf 88' lang='lat' dir='ltr'><strong>sunt.</strong></span> 
     </span>
    </p>
   </div>
   <div class='ocr_carea' id='block_1_102' title="bbox 504 5248 2109 5317">
    <p class='ocr_par' dir='ltr' id='par_1_102' title="bbox 504 5248 2109 5317">
     <span class='ocr_line' id='line_1_102' title="bbox 504 5248 2109 5317; baseline -0.001 -14"><span class='ocrx_word' id='word_1_707' title='bbox 504 5283 511 5289; x_wconf 67' lang='grc' dir='ltr'><strong><em>ο</em></strong></span> <span class='ocrx_word' id='word_1_708' title='bbox 554 5250 557 5253; x_wconf 66' lang='grc'><strong>⁷</strong></span> <span class='ocrx_word' id='word_1_709' title='bbox 599 5250 755 5304; x_wconf 79' lang='lat' dir='ltr'><strong>Mane</strong></span> <span class='ocrx_word' id='word_1_710' title='bbox 789 5256 970 5304; x_wconf 89' lang='lat' dir='ltr'><strong>autem</strong></span> <span class='ocrx_word' id='word_1_711' title='bbox 997 5263 1122 5304; x_wconf 89' lang='lat' dir='ltr'><strong>cum</strong></span> <span class='ocrx_word' id='word_1_712' title='bbox 1156 5249 1521 5317; x_wconf 85' lang='lat' dir='ltr'><strong>processisset</strong></span> <span class='ocrx_word' id='word_1_713' title='bbox 1571 5248 1638 5301; x_wconf 86' lang='lat' dir='ltr'><strong>ad</strong></span> <span class='ocrx_word' id='word_1_714' title='bbox 1689 5255 2109 5302; x_wconf 89' lang='lat' dir='ltr'><strong>monumentum</strong></span> 
     </span>
    </p>
   </div>
   <div class='ocr_carea' id='block_1_103' title="bbox 529 5340 2108 5406">
    <p class='ocr_par' dir='ltr' id='par_1_103' title="bbox 529 5340 2108 5406">
     <span class='ocr_line' id='line_1_103' title="bbox 529 5340 2108 5406; baseline -0.001 -11"><span class='ocrx_word' id='word_1_715' title='bbox 529 5352 823 5406; x_wconf 87' lang='lat' dir='ltr'><strong>oraturus,</strong></span> <span class='ocrx_word' id='word_1_716' title='bbox 876 5354 1192 5397; x_wconf 89' lang='lat' dir='ltr'><strong>sanctorum</strong></span> <span class='ocrx_word' id='word_1_717' title='bbox 1274 5340 1422 5395; x_wconf 91' lang='lat' dir='ltr'><strong>videt</strong></span> <span class='ocrx_word' id='word_1_718' title='bbox 1499 5347 1626 5395; x_wconf 86' lang='lat' dir='ltr'><strong>ante</strong></span> <span class='ocrx_word' id='word_1_719' title='bbox 1697 5348 2108 5395; x_wconf 78' lang='lat' dir='ltr'><strong>monumentum</strong></span> 
     </span>
    </p>
   </div>
   <div class='ocr_carea' id='block_1_104' title="bbox 529 5414 2109 5504">
    <p class='ocr_par' dir='ltr' id='par_1_104' title="bbox 529 5414 2109 5504">
     <span class='ocr_line' id='line_1_104' title="bbox 529 5414 2109 5504; baseline 0.002 -22"><span class='ocrx_word' id='word_1_720' title='bbox 529 5437 824 5503; x_wconf 86' lang='lat' dir='ltr'><strong>quemdam</strong></span> <span class='ocrx_word' id='word_1_721' title='bbox 874 5414 1232 5490; x_wconf 62' lang='lat' dir='ltr'><strong>Paschasium</strong></span> <span class='ocrx_word' id='word_1_722' title='bbox 1256 5431 1502 5497; x_wconf 56' lang='lat' dir='ltr'><strong>\nomine</strong></span> <span class='ocrx_word' id='word_1_723' title='bbox 1550 5446 1579 5484; x_wconf 92' lang='lat' dir='ltr'><strong>a</strong></span> <span class='ocrx_word' id='word_1_724' title='bbox 1627 5432 1822 5501; x_wconf 87' lang='lat' dir='ltr'><strong>spiritu</strong></span> <span class='ocrx_word' id='word_1_725' title='bbox 1871 5432 2109 5504; x_wconf 90' lang='lat' dir='ltr'><strong>maligno</strong></span> 
     </span>
    </p>
   </div>
   <div class='ocr_carea' id='block_1_105' title="bbox 456 5510 2107 5597">
    <p class='ocr_par' dir='ltr' id='par_1_105' title="bbox 456 5510 2107 5597">
     <span class='ocr_line' id='line_1_105' title="bbox 456 5510 2107 5597; baseline 0.001 -20"><span class='ocrx_word' id='word_1_726' title='bbox 456 5510 459 5513; x_wconf 60' lang='grc'><em>’</em></span> <span class='ocrx_word' id='word_1_727' title='bbox 533 5532 807 5597; x_wconf 60' lang='lat' dir='ltr'><strong>vexatum,</strong></span> <span class='ocrx_word' id='word_1_728' title='bbox 837 5525 930 5594; x_wconf 90' lang='lat' dir='ltr'><strong>qui</strong></span> <span class='ocrx_word' id='word_1_729' title='bbox 966 5525 1155 5580; x_wconf 87' lang='lat' dir='ltr'><strong>videns</strong></span> <span class='ocrx_word' id='word_1_730' title='bbox 1184 5523 1558 5588; x_wconf 78' lang='lat' dir='ltr'><strong>Theodorum,</strong></span> <span class='ocrx_word' id='word_1_731' title='bbox 1580 5520 1794 5592; x_wconf 39' lang='lat' dir='ltr'><strong>‘grandi</strong></span> <span class='ocrx_word' id='word_1_732' title='bbox 1832 5537 1965 5579; x_wconf 74' lang='lat' dir='ltr'><strong>Voce</strong></span> <span class='ocrx_word' id='word_1_733' title='bbox 1993 5526 2107 5578; x_wconf 73' lang='lat' dir='ltr'><strong>lucc</strong></span> 
     </span>
    </p>
   </div>
   <div class='ocr_carea' id='block_1_106' title="bbox 534 5613 2102 5684">
    <p class='ocr_par' dir='ltr' id='par_1_106' title="bbox 534 5613 2102 5684">
     <span class='ocr_line' id='line_1_106' title="bbox 534 5613 2102 5684; baseline 0.002 -19"><span class='ocrx_word' id='word_1_734' title='bbox 534 5613 601 5666; x_wconf 88' lang='lat' dir='ltr'><strong>ad</strong></span> <span class='ocrx_word' id='word_1_735' title='bbox 625 5630 749 5669; x_wconf 86' lang='lat' dir='ltr'><strong>curn</strong></span> <span class='ocrx_word' id='word_1_736' title='bbox 790 5614 986 5673; x_wconf 74' lang='lat' dir='ltr'><strong>aﬁ‘atus</strong></span> <span class='ocrx_word' id='word_1_737' title='bbox 1013 5632 1096 5684; x_wconf 87' lang='lat' dir='ltr'><strong>es,</strong></span> <span class='ocrx_word' id='word_1_738' title='bbox 1134 5617 1305 5670; x_wconf 89' lang='lat' dir='ltr'><strong>torvis</strong></span> <span class='ocrx_word' id='word_1_739' title='bbox 1342 5614 1519 5671; x_wconf 87' lang='lat' dir='ltr'><strong>oculis</strong></span> <span class='ocrx_word' id='word_1_740' title='bbox 1568 5615 1810 5679; x_wconf 88' lang='lat' dir='ltr'><strong>intuens,</strong></span> <span class='ocrx_word' id='word_1_741' title='bbox 1838 5622 1891 5668; x_wconf 90' lang='lat' dir='ltr'><strong>et</strong></span> <span class='ocrx_word' id='word_1_742' title='bbox 1925 5613 2102 5669; x_wconf 84' lang='lat' dir='ltr'><strong>deuti-</strong></span> 
     </span>
    </p>
   </div>
   <div class='ocr_carea' id='block_1_107' title="bbox 2205 4421 3756 4501">
    <p class='ocr_par' dir='ltr' id='par_1_107' title="bbox 2205 4421 3756 4501">
     <span class='ocr_line' id='line_1_107' title="bbox 2205 4421 3756 4501; baseline -0.006 -17"><span class='ocrx_word' id='word_1_743' title='bbox 2205 4430 2344 4484; x_wconf 85' lang='grc' dir='ltr'>Θεοῦ</span> <span class='ocrx_word' id='word_1_744' title='bbox 2399 4430 2493 4484; x_wconf 75' lang='grc' dir='ltr'>καὶ</span> <span class='ocrx_word' id='word_1_745' title='bbox 2551 4428 2763 4501; x_wconf 82' lang='grc' dir='ltr'>Πατρὸς</span> <span class='ocrx_word' id='word_1_746' title='bbox 2808 4428 2956 4493; x_wconf 76' lang='grc' dir='ltr'>Υἰὸν,</span> <span class='ocrx_word' id='word_1_747' title='bbox 2986 4429 3079 4482; x_wconf 79' lang='grc' dir='ltr'>τὸν</span> <span class='ocrx_word' id='word_1_748' title='bbox 3125 4428 3345 4483; x_wconf 86' lang='grc' dir='ltr'>πάντων</span> <span class='ocrx_word' id='word_1_749' title='bbox 3393 4428 3659 4495; x_wconf 78' lang='grc' dir='ltr'>Δεσπότην</span> <span class='ocrx_word' id='word_1_750' title='bbox 3679 4421 3756 4475; x_wconf 71' lang='grc' dir='ltr'>καὶ</span> 
     </span>
    </p>
   </div>
   <div class='ocr_carea' id='block_1_108' title="bbox 2206 4517 3750 4591">
    <p class='ocr_par' dir='ltr' id='par_1_108' title="bbox 2206 4517 3750 4591">
     <span class='ocr_line' id='line_1_108' title="bbox 2206 4517 3750 4591; baseline -0.005 -16"><span class='ocrx_word' id='word_1_751' title='bbox 2206 4521 2362 4588; x_wconf 81' lang='grc' dir='ltr'>Θεὸν,</span> <span class='ocrx_word' id='word_1_752' title='bbox 2392 4520 2485 4573; x_wconf 78' lang='grc' dir='ltr'>τὸν</span> <span class='ocrx_word' id='word_1_753' title='bbox 2503 4521 2596 4572; x_wconf 79' lang='grc' dir='ltr'>καὶ</span> <span class='ocrx_word' id='word_1_754' title='bbox 2627 4519 2727 4589; x_wconf 86' lang='grc' dir='ltr'>τῆς</span> <span class='ocrx_word' id='word_1_755' title='bbox 2752 4519 3096 4591; x_wconf 83' lang='grc' dir='ltr'>μαρτυρικῆς</span> <span class='ocrx_word' id='word_1_756' title='bbox 3120 4521 3383 4590; x_wconf 79' lang='grc' dir='ltr'>στρατιᾶς</span> <span class='ocrx_word' id='word_1_757' title='bbox 3407 4517 3750 4590; x_wconf 79' lang='grc' dir='ltr'>βασιλεύοντα,</span> 
     </span>
    </p>
   </div>
   <div class='ocr_carea' id='block_1_109' title="bbox 2208 4607 3755 4682">
    <p class='ocr_par' dir='ltr' id='par_1_109' title="bbox 2208 4607 3755 4682">
     <span class='ocr_line' id='line_1_109' title="bbox 2208 4607 3755 4682; baseline -0.003 -17"><span class='ocrx_word' id='word_1_758' title='bbox 2208 4612 2303 4665; x_wconf 76' lang='grc' dir='ltr'>καὶ</span> <span class='ocrx_word' id='word_1_759' title='bbox 2335 4612 2434 4682; x_wconf 79' lang='grc' dir='ltr'>τὴν</span> <span class='ocrx_word' id='word_1_760' title='bbox 2462 4611 2624 4682; x_wconf 88' lang='grc' dir='ltr'>χάριν</span> <span class='ocrx_word' id='word_1_761' title='bbox 2648 4609 2758 4664; x_wconf 83' lang='grc' dir='ltr'><strong>τῶν</strong></span> <span class='ocrx_word' id='word_1_762' title='bbox 2790 4611 3038 4682; x_wconf 87' lang='grc' dir='ltr'>ἰαμάτων</span> <span class='ocrx_word' id='word_1_763' title='bbox 3071 4610 3437 4682; x_wconf 90' lang='grc' dir='ltr'>δωρούμενον,</span> <span class='ocrx_word' id='word_1_764' title='bbox 3470 4612 3517 4663; x_wconf 88' lang='grc' dir='ltr'><strong>εἰ</strong></span> <span class='ocrx_word' id='word_1_765' title='bbox 3559 4607 3633 4682; x_wconf 79' lang='grc' dir='ltr'>μὴ</span> <span class='ocrx_word' id='word_1_766' title='bbox 3655 4620 3755 4659; x_wconf 80' lang='grc' dir='ltr'>πει·</span> 
     </span>
    </p>
   </div>
   <div class='ocr_carea' id='block_1_110' title="bbox 2210 4693 3755 4771">
    <p class='ocr_par' dir='ltr' id='par_1_110' title="bbox 2210 4693 3755 4771">
     <span class='ocr_line' id='line_1_110' title="bbox 2210 4693 3755 4771; baseline -0.004 -17"><span class='ocrx_word' id='word_1_767' title='bbox 2210 4700 2395 4771; x_wconf 81' lang='grc' dir='ltr'>σθεῖης</span> <span class='ocrx_word' id='word_1_768' title='bbox 2426 4701 2580 4770; x_wconf 75' lang='grc' dir='ltr'>ἡμῖν,</span> <span class='ocrx_word' id='word_1_769' title='bbox 2607 4700 2704 4752; x_wconf 82' lang='grc' dir='ltr'>καὶ</span> <span class='ocrx_word' id='word_1_770' title='bbox 2767 4699 2903 4770; x_wconf 80' lang='grc' dir='ltr'>μόνῃ</span> <span class='ocrx_word' id='word_1_771' title='bbox 2929 4701 2999 4770; x_wconf 74' lang='grc' dir='ltr'>τῇ</span> <span class='ocrx_word' id='word_1_772' title='bbox 3036 4699 3301 4770; x_wconf 77' lang='grc' dir='ltr'>καθολικῇ</span> <span class='ocrx_word' id='word_1_773' title='bbox 3350 4698 3515 4753; x_wconf 84' lang='grc' dir='ltr'>αὐτοῦ</span> <span class='ocrx_word' id='word_1_774' title='bbox 3551 4693 3755 4763; x_wconf 81' lang='grc' dir='ltr'>Ἐκκλη-</span> 
     </span>
    </p>
   </div>
   <div class='ocr_carea' id='block_1_111' title="bbox 2211 4784 3771 4863">
    <p class='ocr_par' dir='ltr' id='par_1_111' title="bbox 2211 4784 3771 4863">
     <span class='ocr_line' id='line_1_111' title="bbox 2211 4784 3771 4863; baseline 0.001 -19"><span class='ocrx_word' id='word_1_775' title='bbox 2211 4791 2304 4862; x_wconf 69' lang='grc' dir='ltr'><strong>σία</strong></span> <span class='ocrx_word' id='word_1_776' title='bbox 2335 4792 2431 4844; x_wconf 75' lang='grc' dir='ltr'>καὶ</span> <span class='ocrx_word' id='word_1_777' title='bbox 2457 4793 2572 4854; x_wconf 90' lang='grc' dir='ltr'>τοῖς</span> <span class='ocrx_word' id='word_1_778' title='bbox 2634 4791 3108 4862; x_wconf 81' lang='grc' dir='ltr'>ἰερουργουμένοις</span> <span class='ocrx_word' id='word_1_779' title='bbox 3162 4792 3220 4843; x_wconf 80' lang='grc' dir='ltr'>ἐν</span> <span class='ocrx_word' id='word_1_780' title='bbox 3269 4792 3409 4863; x_wconf 78' lang='grc' dir='ltr'>αὐτῇ</span> <span class='ocrx_word' id='word_1_781' title='bbox 3463 4784 3771 4862; x_wconf 60' lang='lat' dir='ltr'><strong>ptumi}th</strong></span> 
     </span>
    </p>
   </div>
   <div class='ocr_carea' id='block_1_112' title="bbox 2212 4881 3752 4956">
    <p class='ocr_par' dir='ltr' id='par_1_112' title="bbox 2212 4881 3752 4956">
     <span class='ocr_line' id='line_1_112' title="bbox 2212 4881 3752 4956; baseline -0.005 -19"><span class='ocrx_word' id='word_1_782' title='bbox 2212 4883 2517 4956; x_wconf 80' lang='grc' dir='ltr'>προσέλθῃς</span> <span class='ocrx_word' id='word_1_783' title='bbox 2570 4883 2712 4954; x_wconf 82' lang='grc' dir='ltr'>μετὰ</span> <span class='ocrx_word' id='word_1_784' title='bbox 2765 4882 3010 4953; x_wconf 79' lang='grc' dir='ltr'>καθαρᾶς</span> <span class='ocrx_word' id='word_1_785' title='bbox 3038 4883 3136 4935; x_wconf 68' lang='grc' dir='ltr'>καὶ</span> <span class='ocrx_word' id='word_1_786' title='bbox 3180 4883 3354 4953; x_wconf 79' lang='grc' dir='ltr'>ἁγνῆς</span> <span class='ocrx_word' id='word_1_787' title='bbox 3403 4881 3752 4951; x_wconf 78' lang='grc' dir='ltr'>συνειδήσεως.</span> 
     </span>
    </p>
   </div>
   <div class='ocr_carea' id='block_1_113' title="bbox 2207 4967 3755 5044">
    <p class='ocr_par' dir='ltr' id='par_1_113' title="bbox 2207 4967 3755 5044">
     <span class='ocr_line' id='line_1_113' title="bbox 2207 4967 3755 5044; baseline -0.004 -17"><span class='ocrx_word' id='word_1_788' title='bbox 2207 4975 2380 5038; x_wconf 80' lang='grc' dir='ltr'>οὓτως</span> <span class='ocrx_word' id='word_1_789' title='bbox 2410 4973 2658 5027; x_wconf 70' lang='grc' dir='ltr'>ἐντεῦθεν</span> <span class='ocrx_word' id='word_1_790' title='bbox 2687 4971 2975 5026; x_wconf 84' lang='grc' dir='ltr'>ἀπελεύσει</span> <span class='ocrx_word' id='word_1_791' title='bbox 3002 4972 3194 5038; x_wconf 70' lang='grc' dir='ltr'>νοσῶν,</span> <span class='ocrx_word' id='word_1_792' title='bbox 3227 4972 3420 5044; x_wconf 82' lang='grc' dir='ltr'>ὥσπερ</span> <span class='ocrx_word' id='word_1_793' title='bbox 3443 4980 3534 5026; x_wconf 70' lang='grc' dir='ltr'>καὶ</span> <span class='ocrx_word' id='word_1_794' title='bbox 3557 4967 3755 5023; x_wconf 79' lang='grc' dir='ltr'>τάνθάδε</span> 
     </span>
    </p>
   </div>
   <div class='ocr_carea' id='block_1_114' title="bbox 2207 5054 3756 5136">
    <p class='ocr_par' dir='ltr' id='par_1_114' title="bbox 2207 5054 3756 5136">
     <span class='ocr_line' id='line_1_114' title="bbox 2207 5054 3756 5136; baseline -0.006 -16"><span class='ocrx_word' id='word_1_795' title='bbox 2207 5066 2526 5129; x_wconf 80' lang='grc' dir='ltr'>κατέλαϐες,</span> <span class='ocrx_word' id='word_1_796' title='bbox 2596 5065 2762 5135; x_wconf 79' lang='grc' dir='ltr'>μηδὲν</span> <span class='ocrx_word' id='word_1_797' title='bbox 2802 5063 2945 5134; x_wconf 69' lang='grc' dir='ltr'>πρὸς</span> <span class='ocrx_word' id='word_1_798' title='bbox 3014 5065 3172 5136; x_wconf 74' lang='grc' dir='ltr'>ήμῶν</span> <span class='ocrx_word' id='word_1_799' title='bbox 3213 5065 3607 5135; x_wconf 79' lang='grc' dir='ltr'>ὠφελούμενος.</span> <span class='ocrx_word' id='word_1_800' title='bbox 3662 5054 3756 5113; x_wconf 79' lang='grc' dir='ltr'><strong>Καὶ</strong></span> 
     </span>
    </p>
   </div>
   <div class='ocr_carea' id='block_1_115' title="bbox 2206 5155 3600 5231">
    <p class='ocr_par' dir='ltr' id='par_1_115' title="bbox 2206 5155 3600 5231">
     <span class='ocr_line' id='line_1_115' title="bbox 2206 5155 3600 5231; baseline -0.006 -17"><span class='ocrx_word' id='word_1_801' title='bbox 2206 5159 2381 5214; x_wconf 87' lang='grc' dir='ltr'>ταῦτα</span> <span class='ocrx_word' id='word_1_802' title='bbox 2411 5158 2509 5229; x_wconf 71' lang='grc' dir='ltr'>μὲν</span> <span class='ocrx_word' id='word_1_803' title='bbox 2538 5156 2658 5212; x_wconf 81' lang='grc' dir='ltr'>κατ’</span> <span class='ocrx_word' id='word_1_804' title='bbox 2687 5156 2822 5226; x_wconf 79' lang='grc' dir='ltr'>δναρ</span> <span class='ocrx_word' id='word_1_805' title='bbox 2849 5156 3040 5226; x_wconf 77' lang='grc' dir='ltr'>ἐλέχθη</span> <span class='ocrx_word' id='word_1_806' title='bbox 3071 5172 3130 5208; x_wconf 88' lang='grc' dir='ltr'><strong>τε</strong></span> <span class='ocrx_word' id='word_1_807' title='bbox 3167 5156 3269 5231; x_wconf 18' lang='grc' dir='ltr'>καὶ*</span> <span class='ocrx_word' id='word_1_808' title='bbox 3293 5155 3600 5224; x_wconf 77' lang='grc' dir='ltr'>γεγένηται.</span> 
     </span>
    </p>
   </div>
   <div class='ocr_carea' id='block_1_116' title="bbox 2282 5246 3757 5321">
    <p class='ocr_par' dir='ltr' id='par_1_116' title="bbox 2282 5246 3757 5321">
     <span class='ocr_line' id='line_1_116' title="bbox 2282 5246 3757 5321; baseline -0.01 -17"><span class='ocrx_word' id='word_1_809' title='bbox 2282 5251 2501 5321; x_wconf 86' lang='grc' dir='ltr'>Πρωῖας</span> <span class='ocrx_word' id='word_1_810' title='bbox 2521 5249 2577 5302; x_wconf 80' lang='grc' dir='ltr'>δὲ</span> <span class='ocrx_word' id='word_1_811' title='bbox 2609 5247 2813 5318; x_wconf 86' lang='grc' dir='ltr'>προῖὼν</span> <span class='ocrx_word' id='word_1_812' title='bbox 2864 5248 2945 5305; x_wconf 82' lang='grc' dir='ltr'><strong>εἰς</strong></span> <span class='ocrx_word' id='word_1_813' title='bbox 2969 5247 3030 5299; x_wconf 68' lang='grc' dir='ltr'>τσο</span> <span class='ocrx_word' id='word_1_814' title='bbox 3063 5246 3254 5317; x_wconf 78' lang='grc' dir='ltr'>μνῆμα</span> <span class='ocrx_word' id='word_1_815' title='bbox 3294 5246 3403 5298; x_wconf 85' lang='grc' dir='ltr'><strong>τῶν</strong></span> <span class='ocrx_word' id='word_1_816' title='bbox 3426 5246 3590 5312; x_wconf 74' lang='grc' dir='ltr'>ἁγίων</span> <span class='ocrx_word' id='word_1_817' title='bbox 3611 5252 3757 5308; x_wconf 84' lang='grc' dir='ltr'>προσ·</span> 
     </span>
    </p>
   </div>
   <div class='ocr_carea' id='block_1_117' title="bbox 2208 5330 3755 5407">
    <p class='ocr_par' dir='ltr' id='par_1_117' title="bbox 2208 5330 3755 5407">
     <span class='ocr_line' id='line_1_117' title="bbox 2208 5330 3755 5407; baseline -0.006 -17"><span class='ocrx_word' id='word_1_818' title='bbox 2208 5336 2488 5402; x_wconf 80' lang='grc' dir='ltr'>εύξασθαι,</span> <span class='ocrx_word' id='word_1_819' title='bbox 2519 5338 2622 5407; x_wconf 71' lang='grc' dir='ltr'>ὁρᾷ</span> <span class='ocrx_word' id='word_1_820' title='bbox 2674 5335 2781 5406; x_wconf 82' lang='grc' dir='ltr'>πρὸ</span> <span class='ocrx_word' id='word_1_821' title='bbox 2826 5334 2921 5404; x_wconf 89' lang='grc' dir='ltr'><strong>τοῦ</strong></span> <span class='ocrx_word' id='word_1_822' title='bbox 2977 5336 3261 5406; x_wconf 73' lang='grc' dir='ltr'>μνήματος</span> <span class='ocrx_word' id='word_1_823' title='bbox 3312 5352 3435 5389; x_wconf 82' lang='grc' dir='ltr'>τινα</span> <span class='ocrx_word' id='word_1_824' title='bbox 3476 5330 3755 5400; x_wconf 75' lang='grc' dir='ltr'>Πασχάσιον</span> 
     </span>
    </p>
   </div>
   <div class='ocr_carea' id='block_1_118' title="bbox 2208 5416 3756 5500">
    <p class='ocr_par' dir='ltr' id='par_1_118' title="bbox 2208 5416 3756 5500">
     <span class='ocr_line' id='line_1_118' title="bbox 2208 5416 3756 5500; baseline -0.004 -17"><span class='ocrx_word' id='word_1_825' title='bbox 2208 5427 2466 5500; x_wconf 73' lang='grc' dir='ltr'>τοῦνομα,</span> <span class='ocrx_word' id='word_1_826' title='bbox 2499 5428 2606 5481; x_wconf 79' lang='grc' dir='ltr'><strong>ὑπὸ</strong></span> <span class='ocrx_word' id='word_1_827' title='bbox 2634 5426 2874 5499; x_wconf 77' lang='grc' dir='ltr'>πονηροῦ</span> <span class='ocrx_word' id='word_1_828' title='bbox 2925 5425 3237 5497; x_wconf 79' lang='grc' dir='ltr'>πνεύματος</span> <span class='ocrx_word' id='word_1_829' title='bbox 3280 5424 3682 5497; x_wconf 62' lang='grc' dir='ltr'>ἐνοχλούμενον</span> <span class='ocrx_word' id='word_1_830' title='bbox 3703 5416 3756 5477; x_wconf 79' lang='grc' dir='ltr'>ὃς</span> 
     </span>
    </p>
   </div>
   <div class='ocr_carea' id='block_1_119' title="bbox 2212 5507 3757 5590">
    <p class='ocr_par' dir='ltr' id='par_1_119' title="bbox 2212 5507 3757 5590">
     <span class='ocr_line' id='line_1_119' title="bbox 2212 5507 3757 5590; baseline -0.008 -16"><span class='ocrx_word' id='word_1_831' title='bbox 2212 5520 2336 5574; x_wconf 84' lang='grc' dir='ltr'>ἰδὼν</span> <span class='ocrx_word' id='word_1_832' title='bbox 2366 5521 2428 5574; x_wconf 78' lang='grc' dir='ltr'>τὸ</span> <span class='ocrx_word' id='word_1_833' title='bbox 2454 5520 2751 5590; x_wconf 86' lang='grc' dir='ltr'>Θεόδωρον,</span> <span class='ocrx_word' id='word_1_834' title='bbox 2778 5517 3090 5588; x_wconf 83' lang='grc' dir='ltr'>διαπρυσίῳ</span> <span class='ocrx_word' id='word_1_835' title='bbox 3120 5521 3270 5589; x_wconf 75' lang='grc' dir='ltr'>φωνῇ</span> <span class='ocrx_word' id='word_1_836' title='bbox 3293 5518 3418 5572; x_wconf 79' lang='grc' dir='ltr'>τάδε</span> <span class='ocrx_word' id='word_1_837' title='bbox 3458 5515 3586 5586; x_wconf 79' lang='grc' dir='ltr'>πρὸς</span> <span class='ocrx_word' id='word_1_838' title='bbox 3611 5507 3757 5564; x_wconf 83' lang='grc' dir='ltr'>αύτδν</span> 
     </span>
    </p>
   </div>
   <div class='ocr_carea' id='block_1_120' title="bbox 2208 5596 3755 5681">
    <p class='ocr_par' dir='ltr' id='par_1_120' title="bbox 2208 5596 3755 5681">
     <span class='ocr_line' id='line_1_120' title="bbox 2208 5596 3755 5681; baseline -0.008 -15"><span class='ocrx_word' id='word_1_839' title='bbox 2208 5609 2605 5681; x_wconf 81' lang='grc' dir='ltr'>ἀπεφθέγξατο,</span> <span class='ocrx_word' id='word_1_840' title='bbox 2668 5609 2929 5679; x_wconf 80' lang='grc' dir='ltr'>βλοσυρὸν</span> <span class='ocrx_word' id='word_1_841' title='bbox 2999 5607 3188 5663; x_wconf 76' lang='grc' dir='ltr'>ἐνιδὼν</span> <span class='ocrx_word' id='word_1_842' title='bbox 3249 5609 3341 5662; x_wconf 65' lang='grc' dir='ltr'>καὶ</span> <span class='ocrx_word' id='word_1_843' title='bbox 3405 5607 3517 5671; x_wconf 83' lang='grc' dir='ltr'>τοῖς</span> <span class='ocrx_word' id='word_1_844' title='bbox 3592 5596 3755 5654; x_wconf 75' lang='grc' dir='ltr'>ὀδοῦσι</span> 
     </span>
    </p>
   </div>
  </div>
