  <div class='ocr_page' id='page_1' title='image "/cluster/home/n/w/nwhite01/storage/ocr_20150623/87:3/hvd.32044069650125/392.png"; bbox 0 0 4010 6208; ppageno 0'>
   <div class='ocr_carea' id='block_1_1' title="bbox 295 237 426 311">
    <p class='ocr_par' dir='ltr' id='par_1_1' title="bbox 295 237 426 311">
     <span class='ocr_line' id='line_1_1' title="bbox 295 237 426 311; baseline -0.061 0"><span class='ocrx_word' id='word_1_1' title='bbox 295 237 426 311; x_wconf 70' lang='grc'><strong>3557</strong></span> 
     </span>
    </p>
   </div>
   <div class='ocr_carea' id='block_1_2' title="bbox 1286 239 2552 310">
    <p class='ocr_par' dir='ltr' id='par_1_2' title="bbox 1286 239 2552 310">
     <span class='ocr_line' id='line_1_2' title="bbox 1286 239 2552 310; baseline 0.007 -12"><span class='ocrx_word' id='word_1_2' title='bbox 1286 239 1391 300; x_wconf 88' lang='lat' dir='ltr'><strong>SS.</strong></span> <span class='ocrx_word' id='word_1_3' title='bbox 1434 240 1605 310; x_wconf 76' lang='lat' dir='ltr'><strong>CYRI</strong></span> <span class='ocrx_word' id='word_1_4' title='bbox 1653 239 1746 299; x_wconf 87' lang='lat' dir='ltr'>ET</span> <span class='ocrx_word' id='word_1_5' title='bbox 1776 241 2098 301; x_wconf 77' lang='lat' dir='ltr'><strong>JUANNIS</strong></span> <span class='ocrx_word' id='word_1_6' title='bbox 2137 244 2552 307; x_wconf 81' lang='lat' dir='ltr'><strong>MIRACULA.</strong></span> 
     </span>
    </p>
   </div>
   <div class='ocr_carea' id='block_1_3' title="bbox 3406 255 3548 320">
    <p class='ocr_par' dir='ltr' id='par_1_3' title="bbox 3406 255 3548 320">
     <span class='ocr_line' id='line_1_3' title="bbox 3406 255 3548 320; baseline 0.014 -4"><span class='ocrx_word' id='word_1_7' title='bbox 3406 255 3548 320; x_wconf 66' lang='lat'><strong>3558</strong></span> 
     </span>
    </p>
   </div>
   <div class='ocr_carea' id='block_1_4' title="bbox 272 346 1876 424">
    <p class='ocr_par' dir='ltr' id='par_1_4' title="bbox 272 346 1876 424">
     <span class='ocr_line' id='line_1_4' title="bbox 272 346 1876 424; baseline -0.004 -17"><span class='ocrx_word' id='word_1_8' title='bbox 272 354 665 424; x_wconf 72' lang='grc' dir='ltr'><strong>βρυχώμενος,</strong></span> <span class='ocrx_word' id='word_1_9' title='bbox 718 352 812 407; x_wconf 67' lang='grc' dir='ltr'><strong>καὶ</strong></span> <span class='ocrx_word' id='word_1_10' title='bbox 863 351 936 414; x_wconf 79' lang='grc' dir='ltr'>ὡς</span> <span class='ocrx_word' id='word_1_11' title='bbox 985 346 1094 403; x_wconf 82' lang='grc' dir='ltr'>ἀπὸ</span> <span class='ocrx_word' id='word_1_12' title='bbox 1155 349 1264 402; x_wconf 86' lang='grc' dir='ltr'><strong>τῶν</strong></span> <span class='ocrx_word' id='word_1_13' title='bbox 1314 349 1486 418; x_wconf 81' lang='grc' dir='ltr'><strong>ἁγίων</strong></span> <span class='ocrx_word' id='word_1_14' title='bbox 1525 349 1654 412; x_wconf 85' lang='grc' dir='ltr'>τοὺς</span> <span class='ocrx_word' id='word_1_15' title='bbox 1688 349 1876 418; x_wconf 81' lang='grc' dir='ltr'>λόγους</span> 
     </span>
    </p>
   </div>
   <div class='ocr_carea' id='block_1_5' title="bbox 1981 346 3547 424">
    <p class='ocr_par' dir='ltr' id='par_1_5' title="bbox 1987 351 3547 420">
     <span class='ocr_line' id='line_1_5' title="bbox 1987 351 3547 420; baseline 0.011 -17"><span class='ocrx_word' id='word_1_16' title='bbox 1987 351 2086 406; x_wconf 87' lang='lat' dir='ltr'><strong>bus</strong></span> <span class='ocrx_word' id='word_1_17' title='bbox 2135 355 2410 416; x_wconf 34' lang='lat' dir='ltr'><strong>frendens,</strong></span> <span class='ocrx_word' id='word_1_18' title='bbox 2445 366 2500 412; x_wconf 88' lang='lat' dir='ltr'><strong>et</strong></span> <span class='ocrx_word' id='word_1_19' title='bbox 2525 356 2692 412; x_wconf 89' lang='lat' dir='ltr'><strong>veluti</strong></span> <span class='ocrx_word' id='word_1_20' title='bbox 2715 372 2742 409; x_wconf 86' lang='lat' dir='ltr'><strong>a</strong></span> <span class='ocrx_word' id='word_1_21' title='bbox 2772 356 2982 412; x_wconf 88' lang='lat' dir='ltr'><strong>sanctis</strong></span> <span class='ocrx_word' id='word_1_22' title='bbox 3004 372 3289 416; x_wconf 86' lang='lat' dir='ltr'><strong>sermones</strong></span> <span class='ocrx_word' id='word_1_23' title='bbox 3317 361 3547 420; x_wconf 79' lang='lat' dir='ltr'><strong>faciens.</strong></span> 
     </span>
    </p>
   </div>
   <div class='ocr_carea' id='block_1_6' title="bbox 291 440 1874 515">
    <p class='ocr_par' dir='ltr' id='par_1_6' title="bbox 291 440 1874 515">
     <span class='ocr_line' id='line_1_6' title="bbox 291 440 1874 515; baseline -0.002 -19"><span class='ocrx_word' id='word_1_24' title='bbox 291 445 633 515; x_wconf 81' lang='grc' dir='ltr'>ποιούμενος,</span> <span class='ocrx_word' id='word_1_25' title='bbox 661 446 734 498; x_wconf 81' lang='grc' dir='ltr'><strong>Τὸ</strong></span> <span class='ocrx_word' id='word_1_26' title='bbox 759 445 924 513; x_wconf 76' lang='grc' dir='ltr'>ταχος</span> <span class='ocrx_word' id='word_1_27' title='bbox 946 459 1039 494; x_wconf 90' lang='grc' dir='ltr'><strong>σου</strong></span> <span class='ocrx_word' id='word_1_28' title='bbox 1064 441 1162 512; x_wconf 82' lang='grc' dir='ltr'>τὴν</span> <span class='ocrx_word' id='word_1_29' title='bbox 1183 440 1364 512; x_wconf 79' lang='grc' dir='ltr'>ψυχὴν</span> <span class='ocrx_word' id='word_1_30' title='bbox 1381 442 1602 507; x_wconf 81' lang='grc' dir='ltr'>ἄπελθε,</span> <span class='ocrx_word' id='word_1_31' title='bbox 1621 442 1874 509; x_wconf 81' lang='grc' dir='ltr'>φώτισον,</span> 
     </span>
    </p>
   </div>
   <div class='ocr_carea' id='block_1_7' title="bbox 289 523 1876 604">
    <p class='ocr_par' dir='ltr' id='par_1_7' title="bbox 289 523 1876 604">
     <span class='ocr_line' id='line_1_7' title="bbox 289 523 1876 604; baseline -0.004 -18"><span class='ocrx_word' id='word_1_32' title='bbox 289 536 409 587; x_wconf 76' lang='grc' dir='ltr'>ἐπεὶ</span> <span class='ocrx_word' id='word_1_33' title='bbox 427 535 504 604; x_wconf 84' lang='grc' dir='ltr'>μὰ</span> <span class='ocrx_word' id='word_1_34' title='bbox 524 536 622 604; x_wconf 79' lang='grc' dir='ltr'><strong>τὴν</strong></span> <span class='ocrx_word' id='word_1_35' title='bbox 635 533 822 587; x_wconf 84' lang='grc' dir='ltr'>ἐνθάδε</span> <span class='ocrx_word' id='word_1_36' title='bbox 852 532 1108 584; x_wconf 83' lang='grc' dir='ltr'>ναίουσαν</span> <span class='ocrx_word' id='word_1_37' title='bbox 1131 529 1478 598; x_wconf 84' lang='grc' dir='ltr'>δύναμιν,·ὼς</span> <span class='ocrx_word' id='word_1_38' title='bbox 1504 525 1666 600; x_wconf 73' lang='grc' dir='ltr'>ἦλθες</span> <span class='ocrx_word' id='word_1_39' title='bbox 1693 523 1795 582; x_wconf 82' lang='grc' dir='ltr'>ὦδε</span> <span class='ocrx_word' id='word_1_40' title='bbox 1809 533 1876 600; x_wconf 80' lang='grc' dir='ltr'>τῇ</span> 
     </span>
    </p>
   </div>
   <div class='ocr_carea' id='block_1_8' title="bbox 288 619 1875 696">
    <p class='ocr_par' dir='ltr' id='par_1_8' title="bbox 288 619 1875 696">
     <span class='ocr_line' id='line_1_8' title="bbox 288 619 1875 696; baseline -0.005 -17"><span class='ocrx_word' id='word_1_41' title='bbox 288 628 385 696; x_wconf 81' lang='grc' dir='ltr'><strong>τῆς</strong></span> <span class='ocrx_word' id='word_1_42' title='bbox 425 626 700 696; x_wconf 76' lang='grc' dir='ltr'><strong>ποδάγρας</strong></span> <span class='ocrx_word' id='word_1_43' title='bbox 737 624 907 694; x_wconf 79' lang='grc' dir='ltr'>μανία</span> <span class='ocrx_word' id='word_1_44' title='bbox 941 621 1332 692; x_wconf 78' lang='grc' dir='ltr'><strong>κρατούμενος,</strong></span> <span class='ocrx_word' id='word_1_45' title='bbox 1362 619 1535 684; x_wconf 70' lang='grc' dir='ltr'>οὕτως</span> <span class='ocrx_word' id='word_1_46' title='bbox 1569 621 1875 691; x_wconf 80' lang='grc' dir='ltr'>ἀναχωρεῖς</span> 
     </span>
    </p>
   </div>
   <div class='ocr_carea' id='block_1_9' title="bbox 294 708 1876 788">
    <p class='ocr_par' dir='ltr' id='par_1_9' title="bbox 294 708 1876 788">
     <span class='ocr_line' id='line_1_9' title="bbox 294 708 1876 788; baseline -0.008 -16"><span class='ocrx_word' id='word_1_47' title='bbox 294 718 368 788; x_wconf 77' lang='grc' dir='ltr'>μὴ</span> <span class='ocrx_word' id='word_1_48' title='bbox 401 716 686 786; x_wconf 84' lang='grc' dir='ltr'><strong>τυγχάνων</strong></span> <span class='ocrx_word' id='word_1_49' title='bbox 719 717 948 777; x_wconf 81' lang='grc' dir='ltr'>ίὰσεως·</span> <span class='ocrx_word' id='word_1_50' title='bbox 980 712 1078 766; x_wconf 73' lang='grc' dir='ltr'>καὶ</span> <span class='ocrx_word' id='word_1_51' title='bbox 1104 710 1279 765; x_wconf 80' lang='grc' dir='ltr'><strong>ταῦτά</strong></span> <span class='ocrx_word' id='word_1_52' title='bbox 1311 729 1392 764; x_wconf 88' lang='grc' dir='ltr'><strong>σοι</strong></span> <span class='ocrx_word' id='word_1_53' title='bbox 1436 709 1616 779; x_wconf 85' lang='grc' dir='ltr'>λέγειν</span> <span class='ocrx_word' id='word_1_54' title='bbox 1650 711 1700 761; x_wconf 75' lang='grc' dir='ltr'>οἱ</span> <span class='ocrx_word' id='word_1_55' title='bbox 1729 708 1876 777; x_wconf 77' lang='grc' dir='ltr'>ἃγιοί</span> 
     </span>
    </p>
   </div>
   <div class='ocr_carea' id='block_1_10' title="bbox 292 799 1874 880">
    <p class='ocr_par' dir='ltr' id='par_1_10' title="bbox 292 799 1874 880">
     <span class='ocr_line' id='line_1_10' title="bbox 292 799 1874 880; baseline -0.006 -20"><span class='ocrx_word' id='word_1_56' title='bbox 292 826 384 877; x_wconf 78' lang='grc' dir='ltr'><strong>μοι</strong></span> <span class='ocrx_word' id='word_1_57' title='bbox 421 808 817 880; x_wconf 77' lang='grc' dir='ltr'><strong>προστάττουσι</strong></span> <span class='ocrx_word' id='word_1_58' title='bbox 846 804 1143 876; x_wconf 85' lang='grc' dir='ltr'>μάρτυρες.</span> <span class='ocrx_word' id='word_1_59' title='bbox 1179 801 1237 855; x_wconf 88' lang='grc' dir='ltr'><strong>Ὀ</strong></span> <span class='ocrx_word' id='word_1_60' title='bbox 1272 801 1328 855; x_wconf 86' lang='grc' dir='ltr'><strong>δέ</strong></span> <span class='ocrx_word' id='word_1_61' title='bbox 1369 801 1575 854; x_wconf 85' lang='grc' dir='ltr'>τούτων</span> <span class='ocrx_word' id='word_1_62' title='bbox 1615 799 1750 871; x_wconf 76' lang='grc' dir='ltr'>πρὸς</span> <span class='ocrx_word' id='word_1_63' title='bbox 1781 799 1874 852; x_wconf 83' lang='grc' dir='ltr'>τοῦ</span> 
     </span>
    </p>
   </div>
   <div class='ocr_carea' id='block_1_11' title="bbox 289 889 1876 965">
    <p class='ocr_par' dir='ltr' id='par_1_11' title="bbox 289 889 1876 965">
     <span class='ocr_line' id='line_1_11' title="bbox 289 889 1876 965; baseline -0.007 -12"><span class='ocrx_word' id='word_1_64' title='bbox 289 899 650 963; x_wconf 72' lang='grc' dir='ltr'>δαιμονᾶντος</span> <span class='ocrx_word' id='word_1_65' title='bbox 687 896 1012 965; x_wconf 82' lang='grc' dir='ltr'>πυθόμενος,</span> <span class='ocrx_word' id='word_1_66' title='bbox 1047 895 1142 947; x_wconf 76' lang='grc' dir='ltr'><strong>καὶ</strong></span> <span class='ocrx_word' id='word_1_67' title='bbox 1184 892 1333 964; x_wconf 90' lang='grc' dir='ltr'>φόϐῳ</span> <span class='ocrx_word' id='word_1_68' title='bbox 1382 891 1629 962; x_wconf 75' lang='grc' dir='ltr'>ληφθεὶς,</span> <span class='ocrx_word' id='word_1_69' title='bbox 1692 889 1876 944; x_wconf 85' lang='grc' dir='ltr'>λαϐὼν</span> 
     </span>
    </p>
   </div>
   <div class='ocr_carea' id='block_1_12' title="bbox 291 981 1874 1057">
    <p class='ocr_par' dir='ltr' id='par_1_12' title="bbox 291 981 1874 1057">
     <span class='ocr_line' id='line_1_12' title="bbox 291 981 1874 1057; baseline -0.006 -13"><span class='ocrx_word' id='word_1_70' title='bbox 291 992 345 1044; x_wconf 87' lang='grc' dir='ltr'><strong>δέ</strong></span> <span class='ocrx_word' id='word_1_71' title='bbox 377 1008 474 1043; x_wconf 85' lang='grc' dir='ltr'><strong>και</strong></span> <span class='ocrx_word' id='word_1_72' title='bbox 499 989 606 1042; x_wconf 86' lang='grc' dir='ltr'><strong>τῶν</strong></span> <span class='ocrx_word' id='word_1_73' title='bbox 632 986 752 1042; x_wconf 83' lang='grc' dir='ltr'>κατ’</span> <span class='ocrx_word' id='word_1_74' title='bbox 791 987 925 1057; x_wconf 76' lang='grc' dir='ltr'>ὄναρ</span> <span class='ocrx_word' id='word_1_75' title='bbox 973 985 1304 1056; x_wconf 81' lang='grc' dir='ltr'>ἀνάμνησιν,</span> <span class='ocrx_word' id='word_1_76' title='bbox 1342 982 1430 1036; x_wconf 79' lang='grc' dir='ltr'>διὰ</span> <span class='ocrx_word' id='word_1_77' title='bbox 1453 983 1514 1036; x_wconf 80' lang='grc' dir='ltr'>τὸ</span> <span class='ocrx_word' id='word_1_78' title='bbox 1547 982 1656 1036; x_wconf 88' lang='grc' dir='ltr'><strong>τῶν</strong></span> <span class='ocrx_word' id='word_1_79' title='bbox 1692 981 1874 1052; x_wconf 76' lang='grc' dir='ltr'>ῥημά-</span> 
     </span>
    </p>
   </div>
   <div class='ocr_carea' id='block_1_13' title="bbox 291 1071 1875 1149">
    <p class='ocr_par' dir='ltr' id='par_1_13' title="bbox 291 1071 1875 1149">
     <span class='ocr_line' id='line_1_13' title="bbox 291 1071 1875 1149; baseline -0.006 -14"><span class='ocrx_word' id='word_1_80' title='bbox 291 1100 399 1135; x_wconf 91' lang='grc' dir='ltr'><strong>των</strong></span> <span class='ocrx_word' id='word_1_81' title='bbox 424 1081 637 1149; x_wconf 76' lang='grc' dir='ltr'>καὶτῆς</span> <span class='ocrx_word' id='word_1_82' title='bbox 666 1077 900 1146; x_wconf 76' lang='grc' dir='ltr'><strong>ἀπειλῆς</strong></span> <span class='ocrx_word' id='word_1_83' title='bbox 945 1075 1354 1146; x_wconf 88' lang='grc' dir='ltr'>παραπλήσιον,</span> <span class='ocrx_word' id='word_1_84' title='bbox 1415 1071 1675 1127; x_wconf 83' lang='grc' dir='ltr'>εἰσελθὼν</span> <span class='ocrx_word' id='word_1_85' title='bbox 1713 1071 1875 1134; x_wconf 81' lang='grc' dir='ltr'>εὐθὺς</span> 
     </span>
    </p>
   </div>
   <div class='ocr_carea' id='block_1_14' title="bbox 291 1163 1871 1243">
    <p class='ocr_par' dir='ltr' id='par_1_14' title="bbox 291 1163 1871 1243">
     <span class='ocr_line' id='line_1_14' title="bbox 291 1163 1871 1243; baseline -0.008 -15"><span class='ocrx_word' id='word_1_86' title='bbox 291 1176 370 1238; x_wconf 76' lang='grc' dir='ltr'>εἰς</span> <span class='ocrx_word' id='word_1_87' title='bbox 394 1173 455 1226; x_wconf 82' lang='grc' dir='ltr'>τὸ</span> <span class='ocrx_word' id='word_1_88' title='bbox 473 1171 834 1243; x_wconf 75' lang='grc' dir='ltr'>φωτοστήριον</span> <span class='ocrx_word' id='word_1_89' title='bbox 859 1168 968 1221; x_wconf 90' lang='grc' dir='ltr'><strong>τῶν</strong></span> <span class='ocrx_word' id='word_1_90' title='bbox 991 1167 1225 1238; x_wconf 77' lang='grc' dir='ltr'>Χριστοῦ</span> <span class='ocrx_word' id='word_1_91' title='bbox 1250 1166 1570 1237; x_wconf 79' lang='grc' dir='ltr'><strong>μυστηρίων</strong></span> <span class='ocrx_word' id='word_1_92' title='bbox 1588 1163 1871 1235; x_wconf 79' lang='grc' dir='ltr'>μετέλαϐε,</span> 
     </span>
    </p>
   </div>
   <div class='ocr_carea' id='block_1_15' title="bbox 292 1254 1875 1335">
    <p class='ocr_par' dir='ltr' id='par_1_15' title="bbox 292 1254 1875 1335">
     <span class='ocr_line' id='line_1_15' title="bbox 292 1254 1875 1335; baseline -0.009 -16"><span class='ocrx_word' id='word_1_93' title='bbox 292 1267 384 1319; x_wconf 70' lang='grc' dir='ltr'><strong>καὶ</strong></span> <span class='ocrx_word' id='word_1_94' title='bbox 415 1265 513 1335; x_wconf 71' lang='grc' dir='ltr'><strong>τὴν</strong></span> <span class='ocrx_word' id='word_1_95' title='bbox 539 1262 718 1332; x_wconf 66' lang='grc' dir='ltr'>ψυχὴν</span> <span class='ocrx_word' id='word_1_96' title='bbox 751 1264 816 1331; x_wconf 82' lang='grc' dir='ltr'>τῇ</span> <span class='ocrx_word' id='word_1_97' title='bbox 859 1259 1158 1331; x_wconf 74' lang='grc' dir='ltr'><strong>μεταλήψει</strong></span> <span class='ocrx_word' id='word_1_98' title='bbox 1184 1258 1292 1310; x_wconf 90' lang='grc' dir='ltr'><strong>τῶν</strong></span> <span class='ocrx_word' id='word_1_99' title='bbox 1329 1256 1645 1327; x_wconf 79' lang='grc' dir='ltr'><strong>μυστηρίων</strong></span> <span class='ocrx_word' id='word_1_100' title='bbox 1676 1254 1875 1322; x_wconf 81' lang='grc' dir='ltr'>ἐφώτι-</span> 
     </span>
    </p>
   </div>
   <div class='ocr_carea' id='block_1_16' title="bbox 292 1347 1873 1425">
    <p class='ocr_par' dir='ltr' id='par_1_16' title="bbox 292 1347 1873 1425">
     <span class='ocr_line' id='line_1_16' title="bbox 292 1347 1873 1425; baseline -0.008 -15"><span class='ocrx_word' id='word_1_101' title='bbox 292 1376 405 1413; x_wconf 87' lang='grc' dir='ltr'>σεν.</span> <span class='ocrx_word' id='word_1_102' title='bbox 439 1356 528 1421; x_wconf 77' lang='grc' dir='ltr'><strong>Ἐξ</strong></span> <span class='ocrx_word' id='word_1_103' title='bbox 599 1351 880 1425; x_wconf 74' lang='grc' dir='ltr'><strong>ἐνεργείας</strong></span> <span class='ocrx_word' id='word_1_104' title='bbox 903 1352 959 1404; x_wconf 87' lang='grc' dir='ltr'><strong>δέ</strong></span> <span class='ocrx_word' id='word_1_105' title='bbox 1000 1350 1250 1420; x_wconf 82' lang='grc' dir='ltr'>δαίμονος</span> <span class='ocrx_word' id='word_1_106' title='bbox 1285 1351 1364 1410; x_wconf 82' lang='grc' dir='ltr'><strong>εἰς</strong></span> <span class='ocrx_word' id='word_1_107' title='bbox 1393 1348 1573 1417; x_wconf 81' lang='grc' dir='ltr'>δεινὴν</span> <span class='ocrx_word' id='word_1_108' title='bbox 1602 1347 1873 1418; x_wconf 72' lang='grc' dir='ltr'>ρᾳθυμίαν</span> 
     </span>
    </p>
   </div>
   <div class='ocr_carea' id='block_1_17' title="bbox 291 1439 1874 1515">
    <p class='ocr_par' dir='ltr' id='par_1_17' title="bbox 291 1439 1874 1515">
     <span class='ocr_line' id='line_1_17' title="bbox 291 1439 1874 1515; baseline -0.008 -13"><span class='ocrx_word' id='word_1_109' title='bbox 291 1449 666 1502; x_wconf 75' lang='grc' dir='ltr'>εἰσπὲπτωκεν</span> <span class='ocrx_word' id='word_1_110' title='bbox 726 1443 864 1515; x_wconf 78' lang='grc' dir='ltr'>μετὰ</span> <span class='ocrx_word' id='word_1_111' title='bbox 905 1441 1004 1511; x_wconf 78' lang='grc' dir='ltr'><strong>τὴν</strong></span> <span class='ocrx_word' id='word_1_112' title='bbox 1053 1440 1375 1511; x_wconf 69' lang='grc' dir='ltr'>μετάληψιν,</span> <span class='ocrx_word' id='word_1_113' title='bbox 1425 1439 1520 1492; x_wconf 81' lang='grc' dir='ltr'><strong>καὶ</strong></span> <span class='ocrx_word' id='word_1_114' title='bbox 1557 1440 1614 1490; x_wconf 88' lang='grc' dir='ltr'>ἐν</span> <span class='ocrx_word' id='word_1_115' title='bbox 1658 1439 1772 1501; x_wconf 88' lang='grc' dir='ltr'>τοῖς</span> <span class='ocrx_word' id='word_1_116' title='bbox 1795 1439 1874 1490; x_wconf 76' lang='grc' dir='ltr'><strong>οἱ·</strong></span> 
     </span>
    </p>
   </div>
   <div class='ocr_carea' id='block_1_18' title="bbox 294 1527 1873 1603">
    <p class='ocr_par' dir='ltr' id='par_1_18' title="bbox 294 1527 1873 1603">
     <span class='ocr_line' id='line_1_18' title="bbox 294 1527 1873 1603; baseline -0.007 -11"><span class='ocrx_word' id='word_1_117' title='bbox 294 1539 460 1601; x_wconf 80' lang='grc' dir='ltr'>κείοις</span> <span class='ocrx_word' id='word_1_118' title='bbox 485 1536 676 1589; x_wconf 68' lang='grc' dir='ltr'>ἐαυτον</span> <span class='ocrx_word' id='word_1_119' title='bbox 703 1531 955 1603; x_wconf 87' lang='grc' dir='ltr'>ἐμϐαλὼν</span> <span class='ocrx_word' id='word_1_120' title='bbox 984 1528 1321 1600; x_wconf 78' lang='grc' dir='ltr'>λυπούμενος</span> <span class='ocrx_word' id='word_1_121' title='bbox 1340 1527 1650 1599; x_wconf 82' lang='grc' dir='ltr'>στρώμασι,</span> <span class='ocrx_word' id='word_1_122' title='bbox 1677 1527 1873 1582; x_wconf 80' lang='grc' dir='ltr'>θᾶττον</span> 
     </span>
    </p>
   </div>
   <div class='ocr_carea' id='block_1_19' title="bbox 292 1623 1036 1700">
    <p class='ocr_par' dir='ltr' id='par_1_19' title="bbox 292 1623 1036 1700">
     <span class='ocr_line' id='line_1_19' title="bbox 292 1623 1036 1700; baseline -0.009 -15"><span class='ocrx_word' id='word_1_123' title='bbox 292 1635 358 1685; x_wconf 87' lang='grc' dir='ltr'>ὲκ</span> <span class='ocrx_word' id='word_1_124' title='bbox 387 1630 485 1700; x_wconf 78' lang='grc' dir='ltr'><strong>τῆς</strong></span> <span class='ocrx_word' id='word_1_125' title='bbox 509 1627 688 1696; x_wconf 85' lang='grc' dir='ltr'>λύπης</span> <span class='ocrx_word' id='word_1_126' title='bbox 718 1623 1036 1695; x_wconf 84' lang='grc' dir='ltr'>ἀφύπνωσε.</span> 
     </span>
    </p>
   </div>
   <div class='ocr_carea' id='block_1_20' title="bbox 361 1801 1880 1881">
    <p class='ocr_par' dir='ltr' id='par_1_20' title="bbox 361 1801 1880 1881">
     <span class='ocr_line' id='line_1_20' title="bbox 361 1801 1880 1881; baseline -0.006 -18"><span class='ocrx_word' id='word_1_127' title='bbox 361 1809 473 1863; x_wconf 67' lang='grc' dir='ltr'>Καὶ</span> <span class='ocrx_word' id='word_1_128' title='bbox 503 1807 662 1862; x_wconf 71' lang='grc' dir='ltr'>πάλιν</span> <span class='ocrx_word' id='word_1_129' title='bbox 689 1803 877 1875; x_wconf 76' lang='grc' dir='ltr'>βλέπει</span> <span class='ocrx_word' id='word_1_130' title='bbox 905 1801 1030 1866; x_wconf 75' lang='grc' dir='ltr'>τοὺς</span> <span class='ocrx_word' id='word_1_131' title='bbox 1055 1801 1341 1881; x_wconf 82' lang='grc' dir='ltr'>μάρτυρας</span> <span class='ocrx_word' id='word_1_132' title='bbox 1363 1802 1443 1865; x_wconf 87' lang='grc' dir='ltr'>εἰς</span> <span class='ocrx_word' id='word_1_133' title='bbox 1471 1801 1761 1854; x_wconf 74' lang='grc' dir='ltr'>Ἰουλιανόν</span> <span class='ocrx_word' id='word_1_134' title='bbox 1787 1801 1880 1855; x_wconf 72' lang='grc' dir='ltr'><strong>τὸν</strong></span> 
     </span>
    </p>
   </div>
   <div class='ocr_carea' id='block_1_21' title="bbox 293 1891 1877 1965">
    <p class='ocr_par' dir='ltr' id='par_1_21' title="bbox 293 1891 1877 1965">
     <span class='ocr_line' id='line_1_21' title="bbox 293 1891 1877 1965; baseline -0.005 -12"><span class='ocrx_word' id='word_1_135' title='bbox 293 1901 544 1955; x_wconf 79' lang='grc' dir='ltr'>διάκονον</span> <span class='ocrx_word' id='word_1_136' title='bbox 589 1896 815 1959; x_wconf 79' lang='grc' dir='ltr'>ἑαυτοὺς</span> <span class='ocrx_word' id='word_1_137' title='bbox 860 1894 1326 1965; x_wconf 83' lang='grc' dir='ltr'>σχηματίσαντας,</span> <span class='ocrx_word' id='word_1_138' title='bbox 1376 1891 1602 1963; x_wconf 73' lang='grc' dir='ltr'>καὶτῆς</span> <span class='ocrx_word' id='word_1_139' title='bbox 1637 1892 1877 1963; x_wconf 76' lang='grc' dir='ltr'>ἀθυμίας</span> 
     </span>
    </p>
   </div>
   <div class='ocr_carea' id='block_1_22' title="bbox 293 1983 1876 2063">
    <p class='ocr_par' dir='ltr' id='par_1_22' title="bbox 293 1983 1876 2063">
     <span class='ocr_line' id='line_1_22' title="bbox 293 1983 1876 2063; baseline -0.006 -18"><span class='ocrx_word' id='word_1_140' title='bbox 293 1993 392 2063; x_wconf 80' lang='grc' dir='ltr'>τὴν</span> <span class='ocrx_word' id='word_1_141' title='bbox 423 1991 604 2045; x_wconf 72' lang='grc' dir='ltr'>αἰτίαν</span> <span class='ocrx_word' id='word_1_142' title='bbox 636 1988 799 2046; x_wconf 70' lang='grc' dir='ltr'>αὑτὸν</span> <span class='ocrx_word' id='word_1_143' title='bbox 817 1985 1188 2052; x_wconf 79' lang='grc' dir='ltr'>ἐξετάζοντας.</span> <span class='ocrx_word' id='word_1_144' title='bbox 1216 1983 1276 2038; x_wconf 84' lang='grc' dir='ltr'>Ὀ</span> <span class='ocrx_word' id='word_1_145' title='bbox 1313 1984 1392 2048; x_wconf 82' lang='grc' dir='ltr'><strong>δὲ,</strong></span> <span class='ocrx_word' id='word_1_146' title='bbox 1416 1985 1538 2037; x_wconf 85' lang='grc' dir='ltr'>’Ὀτι</span> <span class='ocrx_word' id='word_1_147' title='bbox 1566 2002 1656 2054; x_wconf 85' lang='grc' dir='ltr'><strong>με,</strong></span> <span class='ocrx_word' id='word_1_148' title='bbox 1692 1986 1876 2056; x_wconf 69' lang='grc' dir='ltr'>φησὶν,</span> 
     </span>
    </p>
   </div>
   <div class='ocr_carea' id='block_1_23' title="bbox 292 2078 1879 2153">
    <p class='ocr_par' dir='ltr' id='par_1_23' title="bbox 292 2078 1879 2153">
     <span class='ocr_line' id='line_1_23' title="bbox 292 2078 1879 2153; baseline -0.005 -15"><span class='ocrx_word' id='word_1_149' title='bbox 292 2087 342 2138; x_wconf 86' lang='grc' dir='ltr'>οἱ</span> <span class='ocrx_word' id='word_1_150' title='bbox 372 2085 520 2153; x_wconf 76' lang='grc' dir='ltr'>ἅγιοι</span> <span class='ocrx_word' id='word_1_151' title='bbox 547 2081 872 2149; x_wconf 80' lang='grc' dir='ltr'>κοινωνῆσαι</span> <span class='ocrx_word' id='word_1_152' title='bbox 898 2080 1344 2149; x_wconf 80' lang='grc' dir='ltr'>κατηνάγκασαν.</span> <span class='ocrx_word' id='word_1_153' title='bbox 1382 2081 1442 2132; x_wconf 85' lang='grc' dir='ltr'><strong>Οἱ</strong></span> <span class='ocrx_word' id='word_1_154' title='bbox 1466 2078 1547 2139; x_wconf 83' lang='grc' dir='ltr'>δὲ,</span> <span class='ocrx_word' id='word_1_155' title='bbox 1587 2079 1695 2132; x_wconf 77' lang='grc' dir='ltr'><strong>Καὶ</strong></span> <span class='ocrx_word' id='word_1_156' title='bbox 1724 2078 1879 2131; x_wconf 78' lang='grc' dir='ltr'>τοῦτό</span> 
     </span>
    </p>
   </div>
   <div class='ocr_carea' id='block_1_24' title="bbox 297 2167 1875 2244">
    <p class='ocr_par' dir='ltr' id='par_1_24' title="bbox 297 2167 1875 2244">
     <span class='ocr_line' id='line_1_24' title="bbox 297 2167 1875 2244; baseline -0.005 -16"><span class='ocrx_word' id='word_1_157' title='bbox 297 2193 380 2241; x_wconf 91' lang='grc' dir='ltr'><strong>σε,</strong></span> <span class='ocrx_word' id='word_1_158' title='bbox 415 2175 615 2244; x_wconf 77' lang='grc' dir='ltr'>φασὶν,</span> <span class='ocrx_word' id='word_1_159' title='bbox 664 2174 822 2244; x_wconf 82' lang='grc' dir='ltr'>ἀνιᾷν</span> <span class='ocrx_word' id='word_1_160' title='bbox 865 2173 898 2243; x_wconf 83' lang='grc' dir='ltr'>ἢ</span> <span class='ocrx_word' id='word_1_161' title='bbox 957 2169 1200 2241; x_wconf 77' lang='grc' dir='ltr'>λυπῆσαι</span> <span class='ocrx_word' id='word_1_162' title='bbox 1247 2170 1308 2222; x_wconf 83' lang='grc' dir='ltr'>τὸ</span> <span class='ocrx_word' id='word_1_163' title='bbox 1364 2169 1583 2222; x_wconf 88' lang='grc' dir='ltr'>σύνολον</span> <span class='ocrx_word' id='word_1_164' title='bbox 1639 2167 1875 2237; x_wconf 47' lang='lat' dir='ltr'><strong>timetis;</strong></span> 
     </span>
    </p>
   </div>
   <div class='ocr_carea' id='block_1_25' title="bbox 304 2260 1876 2336">
    <p class='ocr_par' dir='ltr' id='par_1_25' title="bbox 304 2260 1876 2336">
     <span class='ocr_line' id='line_1_25' title="bbox 304 2260 1876 2336; baseline -0.004 -17"><span class='ocrx_word' id='word_1_165' title='bbox 304 2262 500 2336; x_wconf 74' lang='grc' dir='ltr'>μᾶλλον</span> <span class='ocrx_word' id='word_1_166' title='bbox 532 2265 586 2317; x_wconf 84' lang='grc' dir='ltr'><strong>δέ</strong></span> <span class='ocrx_word' id='word_1_167' title='bbox 625 2263 722 2317; x_wconf 75' lang='grc' dir='ltr'><strong>καὶ</strong></span> <span class='ocrx_word' id='word_1_168' title='bbox 751 2264 966 2334; x_wconf 80' lang='grc' dir='ltr'>χαίρειν</span> <span class='ocrx_word' id='word_1_169' title='bbox 1024 2261 1132 2314; x_wconf 77' lang='grc' dir='ltr'>ἔδει</span> <span class='ocrx_word' id='word_1_170' title='bbox 1163 2277 1222 2313; x_wconf 89' lang='grc' dir='ltr'><strong>σε</strong></span> <span class='ocrx_word' id='word_1_171' title='bbox 1277 2261 1372 2312; x_wconf 75' lang='grc' dir='ltr'><strong>καὶ</strong></span> <span class='ocrx_word' id='word_1_172' title='bbox 1405 2260 1754 2328; x_wconf 85' lang='grc' dir='ltr'>ἀγάλλεσθαι,</span> <span class='ocrx_word' id='word_1_173' title='bbox 1789 2261 1876 2312; x_wconf 89' lang='grc' dir='ltr'>ἐν-</span> 
     </span>
    </p>
   </div>
   <div class='ocr_carea' id='block_1_26' title="bbox 301 2351 1877 2426">
    <p class='ocr_par' dir='ltr' id='par_1_26' title="bbox 301 2351 1877 2426">
     <span class='ocr_line' id='line_1_26' title="bbox 301 2351 1877 2426; baseline -0.004 -16"><span class='ocrx_word' id='word_1_174' title='bbox 301 2357 519 2410; x_wconf 76' lang='grc' dir='ltr'>νοοῦντα</span> <span class='ocrx_word' id='word_1_175' title='bbox 574 2356 675 2426; x_wconf 82' lang='grc' dir='ltr'>τῆς</span> <span class='ocrx_word' id='word_1_176' title='bbox 721 2355 930 2416; x_wconf 77' lang='grc' dir='ltr'>οἰκείας</span> <span class='ocrx_word' id='word_1_177' title='bbox 980 2354 1160 2423; x_wconf 78' lang='grc' dir='ltr'>ψυχῆς</span> <span class='ocrx_word' id='word_1_178' title='bbox 1187 2351 1287 2420; x_wconf 82' lang='grc' dir='ltr'>τὴν</span> <span class='ocrx_word' id='word_1_179' title='bbox 1337 2351 1626 2420; x_wconf 80' lang='grc' dir='ltr'>ὠφέλειαν,</span> <span class='ocrx_word' id='word_1_180' title='bbox 1658 2351 1877 2420; x_wconf 80' lang='grc' dir='ltr'>καὶτῆς</span> 
     </span>
    </p>
   </div>
   <div class='ocr_carea' id='block_1_27' title="bbox 300 2439 1876 2512">
    <p class='ocr_par' dir='ltr' id='par_1_27' title="bbox 300 2439 1876 2512">
     <span class='ocr_line' id='line_1_27' title="bbox 300 2439 1876 2512; baseline -0.002 -15"><span class='ocrx_word' id='word_1_181' title='bbox 300 2444 583 2506; x_wconf 83' lang='grc' dir='ltr'>ἀσθενείας</span> <span class='ocrx_word' id='word_1_182' title='bbox 609 2443 708 2512; x_wconf 83' lang='grc' dir='ltr'><strong>τὴν</strong></span> <span class='ocrx_word' id='word_1_183' title='bbox 732 2443 877 2495; x_wconf 76' lang='grc' dir='ltr'>ἴασιν</span> <span class='ocrx_word' id='word_1_184' title='bbox 923 2439 1354 2511; x_wconf 82' lang='grc' dir='ltr'>προσδεχόμενον</span> <span class='ocrx_word' id='word_1_185' title='bbox 1376 2455 1389 2470; x_wconf 73' lang='grc'><strong><em>⁸</em></strong></span> <span class='ocrx_word' id='word_1_186' title='bbox 1443 2442 1662 2504; x_wconf 85' lang='grc' dir='ltr'>πάντως</span> <span class='ocrx_word' id='word_1_187' title='bbox 1704 2441 1759 2494; x_wconf 85' lang='grc' dir='ltr'>δὲ</span> <span class='ocrx_word' id='word_1_188' title='bbox 1794 2443 1876 2494; x_wconf 80' lang='grc' dir='ltr'><strong>ὅτι</strong></span> 
     </span>
    </p>
   </div>
   <div class='ocr_carea' id='block_1_28' title="bbox 296 2523 1878 2604">
    <p class='ocr_par' dir='ltr' id='par_1_28' title="bbox 296 2523 1878 2604">
     <span class='ocr_line' id='line_1_28' title="bbox 296 2523 1878 2604; baseline 0.001 -17"><span class='ocrx_word' id='word_1_189' title='bbox 296 2533 433 2588; x_wconf 78' lang='grc' dir='ltr'>Θεοῦ</span> <span class='ocrx_word' id='word_1_190' title='bbox 467 2533 624 2586; x_wconf 82' lang='grc' dir='ltr'>τοῦτο</span> <span class='ocrx_word' id='word_1_191' title='bbox 651 2532 958 2602; x_wconf 82' lang='grc' dir='ltr'>καθέστηκε</span> <span class='ocrx_word' id='word_1_192' title='bbox 1017 2531 1307 2603; x_wconf 80' lang='grc' dir='ltr'>βούλευμα,</span> <span class='ocrx_word' id='word_1_193' title='bbox 1341 2523 1402 2585; x_wconf 75' lang='grc' dir='ltr'>οὗ</span> <span class='ocrx_word' id='word_1_194' title='bbox 1440 2533 1606 2604; x_wconf 67' lang='grc' dir='ltr'>χωρὶς</span> <span class='ocrx_word' id='word_1_195' title='bbox 1643 2534 1798 2587; x_wconf 80' lang='grc' dir='ltr'>οὐδὲν</span> <span class='ocrx_word' id='word_1_196' title='bbox 1827 2536 1878 2588; x_wconf 72' lang='grc' dir='ltr'><strong>οἱ</strong></span> 
     </span>
    </p>
   </div>
   <div class='ocr_carea' id='block_1_29' title="bbox 295 2623 1879 2695">
    <p class='ocr_par' dir='ltr' id='par_1_29' title="bbox 295 2623 1879 2695">
     <span class='ocr_line' id='line_1_29' title="bbox 295 2623 1879 2695; baseline -0.001 -14"><span class='ocrx_word' id='word_1_197' title='bbox 295 2627 443 2694; x_wconf 65' lang='lat' dir='ltr'><strong>amt</strong></span> <span class='ocrx_word' id='word_1_198' title='bbox 484 2623 928 2695; x_wconf 80' lang='grc' dir='ltr'>διαπράττονται.</span> <span class='ocrx_word' id='word_1_199' title='bbox 969 2623 1076 2677; x_wconf 74' lang='grc' dir='ltr'><strong>Καὶ</strong></span> <span class='ocrx_word' id='word_1_200' title='bbox 1107 2623 1316 2686; x_wconf 86' lang='grc' dir='ltr'>τούτοις</span> <span class='ocrx_word' id='word_1_201' title='bbox 1359 2623 1520 2678; x_wconf 74' lang='grc' dir='ltr'>αὐτὸν</span> <span class='ocrx_word' id='word_1_202' title='bbox 1558 2627 1670 2687; x_wconf 85' lang='grc' dir='ltr'>τοῖς</span> <span class='ocrx_word' id='word_1_203' title='bbox 1700 2625 1879 2692; x_wconf 66' lang='grc' dir='ltr'>λόγοις</span> 
     </span>
    </p>
   </div>
   <div class='ocr_carea' id='block_1_30' title="bbox 293 2712 1878 2790">
    <p class='ocr_par' dir='ltr' id='par_1_30' title="bbox 293 2712 1878 2790">
     <span class='ocr_line' id='line_1_30' title="bbox 293 2712 1878 2790; baseline -0.001 -18"><span class='ocrx_word' id='word_1_204' title='bbox 293 2721 344 2772; x_wconf 72' lang='grc' dir='ltr'>οἱ</span> <span class='ocrx_word' id='word_1_205' title='bbox 394 2718 668 2789; x_wconf 82' lang='grc' dir='ltr'>μάρτυρες</span> <span class='ocrx_word' id='word_1_206' title='bbox 731 2716 1232 2786; x_wconf 78' lang='grc' dir='ltr'>ψυχαγωγήσαντες</span> <span class='ocrx_word' id='word_1_207' title='bbox 1285 2712 1506 2790; x_wconf 72' lang='grc' dir='ltr'>ᾤχοντο.</span> <span class='ocrx_word' id='word_1_208' title='bbox 1539 2713 1598 2766; x_wconf 86' lang='lat'><strong>&#39;0</strong></span> <span class='ocrx_word' id='word_1_209' title='bbox 1626 2715 1682 2767; x_wconf 84' lang='grc' dir='ltr'><strong>δέ</strong></span> <span class='ocrx_word' id='word_1_210' title='bbox 1712 2734 1878 2788; x_wconf 89' lang='grc' dir='ltr'>στρα-</span> 
     </span>
    </p>
   </div>
   <div class='ocr_carea' id='block_1_31' title="bbox 295 2803 1879 2879">
    <p class='ocr_par' dir='ltr' id='par_1_31' title="bbox 295 2803 1879 2879">
     <span class='ocr_line' id='line_1_31' title="bbox 295 2803 1879 2879; baseline -0.002 -18"><span class='ocrx_word' id='word_1_211' title='bbox 295 2809 419 2876; x_wconf 74' lang='grc' dir='ltr'>φεὶς</span> <span class='ocrx_word' id='word_1_212' title='bbox 446 2809 544 2878; x_wconf 80' lang='grc' dir='ltr'><strong>τῆς</strong></span> <span class='ocrx_word' id='word_1_213' title='bbox 572 2807 777 2879; x_wconf 73' lang='grc' dir='ltr'>μητρὸς</span> <span class='ocrx_word' id='word_1_214' title='bbox 813 2805 1086 2876; x_wconf 83' lang='grc' dir='ltr'>ὲμερίμνα</span> <span class='ocrx_word' id='word_1_215' title='bbox 1110 2803 1225 2874; x_wconf 78' lang='grc' dir='ltr'><strong>’τὴν</strong></span> <span class='ocrx_word' id='word_1_216' title='bbox 1267 2803 1475 2872; x_wconf 77' lang='grc' dir='ltr'>ἄφιξιν,</span> <span class='ocrx_word' id='word_1_217' title='bbox 1511 2805 1606 2858; x_wconf 74' lang='grc' dir='ltr'><strong>καὶ</strong></span> <span class='ocrx_word' id='word_1_218' title='bbox 1639 2806 1879 2874; x_wconf 86' lang='grc' dir='ltr'>μάλιστα</span> 
     </span>
    </p>
   </div>
   <div class='ocr_carea' id='block_1_32' title="bbox 293 2895 1878 2968">
    <p class='ocr_par' dir='ltr' id='par_1_32' title="bbox 293 2895 1878 2968">
     <span class='ocr_line' id='line_1_32' title="bbox 293 2895 1878 2968; baseline -0.001 -15"><span class='ocrx_word' id='word_1_219' title='bbox 293 2900 493 2968; x_wconf 82' lang='grc' dir='ltr'>διὰπερ</span> <span class='ocrx_word' id='word_1_220' title='bbox 550 2899 741 2968; x_wconf 76' lang='grc' dir='ltr'>ἔμελλε</span> <span class='ocrx_word' id='word_1_221' title='bbox 783 2899 882 2966; x_wconf 81' lang='grc' dir='ltr'><strong>τῆς</strong></span> <span class='ocrx_word' id='word_1_222' title='bbox 932 2897 1142 2959; x_wconf 83' lang='grc' dir='ltr'>οἰκείας</span> <span class='ocrx_word' id='word_1_223' title='bbox 1194 2895 1460 2966; x_wconf 73' lang='grc' dir='ltr'>αἱρέσεως</span> <span class='ocrx_word' id='word_1_224' title='bbox 1517 2896 1878 2968; x_wconf 69' lang='grc' dir='ltr'>ἐπιφέρεσθαι</span> 
     </span>
    </p>
   </div>
   <div class='ocr_carea' id='block_1_33' title="bbox 1985 445 3552 518">
    <p class='ocr_par' dir='ltr' id='par_1_33' title="bbox 1985 445 3552 518">
     <span class='ocr_line' id='line_1_33' title="bbox 1985 445 3552 518; baseline 0.008 -21"><span class='ocrx_word' id='word_1_225' title='bbox 1985 451 2040 497; x_wconf 89' lang='lat' dir='ltr'><strong>et</strong></span> <span class='ocrx_word' id='word_1_226' title='bbox 2065 445 2340 502; x_wconf 76' lang='lat' dir='ltr'><strong>affirmans</strong></span> <span class='ocrx_word' id='word_1_227' title='bbox 2375 449 2446 502; x_wconf 87' lang='lat' dir='ltr'><strong>ita</strong></span> <span class='ocrx_word' id='word_1_228' title='bbox 2487 449 2702 518; x_wconf 86' lang='lat' dir='ltr'><strong>juratus</strong></span> <span class='ocrx_word' id='word_1_229' title='bbox 2736 466 2750 501; x_wconf 87' lang='lat'><strong>:</strong></span> <span class='ocrx_word' id='word_1_230' title='bbox 2787 447 2934 502; x_wconf 72' lang='lat' dir='ltr'><strong>Vade</strong></span> <span class='ocrx_word' id='word_1_231' title='bbox 2978 450 3256 514; x_wconf 83' lang='lat' dir='ltr'><strong>velociter,</strong></span> <span class='ocrx_word' id='word_1_232' title='bbox 3313 455 3552 510; x_wconf 89' lang='lat' dir='ltr'><strong>animam</strong></span> 
     </span>
    </p>
   </div>
   <div class='ocr_carea' id='block_1_34' title="bbox 1989 537 3539 610">
    <p class='ocr_par' dir='ltr' id='par_1_34' title="bbox 1989 537 3539 610">
     <span class='ocr_line' id='line_1_34' title="bbox 1989 537 3539 610; baseline 0.007 -24"><span class='ocrx_word' id='word_1_233' title='bbox 1989 543 2134 589; x_wconf 90' lang='lat' dir='ltr'><strong>tuam</strong></span> <span class='ocrx_word' id='word_1_234' title='bbox 2171 537 2455 601; x_wconf 88' lang='lat' dir='ltr'><strong>illumiua;</strong></span> <span class='ocrx_word' id='word_1_235' title='bbox 2489 554 2614 592; x_wconf 90' lang='lat' dir='ltr'><strong>nam</strong></span> <span class='ocrx_word' id='word_1_236' title='bbox 2654 553 2749 607; x_wconf 89' lang='lat' dir='ltr'><strong>per</strong></span> <span class='ocrx_word' id='word_1_237' title='bbox 2790 540 3066 601; x_wconf 70' lang='lat' dir='ltr'><strong>virttnvm,</strong></span> <span class='ocrx_word' id='word_1_238' title='bbox 3098 558 3219 610; x_wconf 80' lang='lat' dir='ltr'><strong>qua:</strong></span> <span class='ocrx_word' id='word_1_239' title='bbox 3262 542 3347 597; x_wconf 90' lang='lat' dir='ltr'><strong>hic</strong></span> <span class='ocrx_word' id='word_1_240' title='bbox 3382 543 3539 598; x_wconf 87' lang='lat' dir='ltr'><strong>inha-</strong></span> 
     </span>
    </p>
   </div>
   <div class='ocr_carea' id='block_1_35' title="bbox 1985 623 3550 700">
    <p class='ocr_par' dir='ltr' id='par_1_35' title="bbox 1985 623 3550 700">
     <span class='ocr_line' id='line_1_35' title="bbox 1985 623 3550 700; baseline 0.006 -22"><span class='ocrx_word' id='word_1_241' title='bbox 1985 623 2142 691; x_wconf 91' lang='lat' dir='ltr'><strong>bitat,</strong></span> <span class='ocrx_word' id='word_1_242' title='bbox 2180 627 2322 681; x_wconf 89' lang='lat' dir='ltr'><strong>sicut</strong></span> <span class='ocrx_word' id='word_1_243' title='bbox 2359 628 2465 682; x_wconf 91' lang='lat' dir='ltr'><strong>huc</strong></span> <span class='ocrx_word' id='word_1_244' title='bbox 2501 628 2699 682; x_wconf 91' lang='lat' dir='ltr'><strong>venisti</strong></span> <span class='ocrx_word' id='word_1_245' title='bbox 2731 629 2945 683; x_wconf 85' lang='lat' dir='ltr'><strong>insania</strong></span> <span class='ocrx_word' id='word_1_246' title='bbox 2995 631 3245 700; x_wconf 67' lang='lat' dir='ltr'><strong>podagrae</strong></span> <span class='ocrx_word' id='word_1_247' title='bbox 3273 631 3550 694; x_wconf 85' lang='lat' dir='ltr'><strong>detentus,</strong></span> 
     </span>
    </p>
   </div>
   <div class='ocr_carea' id='block_1_36' title="bbox 1984 715 3553 780">
    <p class='ocr_par' dir='ltr' id='par_1_36' title="bbox 1984 715 3553 780">
     <span class='ocr_line' id='line_1_36' title="bbox 1984 715 3553 780; baseline 0.007 -12"><span class='ocrx_word' id='word_1_248' title='bbox 1984 715 2057 769; x_wconf 85' lang='lat' dir='ltr'><strong>ita</strong></span> <span class='ocrx_word' id='word_1_249' title='bbox 2083 717 2305 771; x_wconf 76' lang='lat' dir='ltr'><strong>recedes</strong></span> <span class='ocrx_word' id='word_1_250' title='bbox 2355 718 2645 772; x_wconf 88' lang='lat' dir='ltr'><strong>sanitatem</strong></span> <span class='ocrx_word' id='word_1_251' title='bbox 2682 717 2904 772; x_wconf 91' lang='lat' dir='ltr'><strong>minime</strong></span> <span class='ocrx_word' id='word_1_252' title='bbox 2935 728 3287 776; x_wconf 80' lang='lat' dir='ltr'><strong>consecutus.</strong></span> <span class='ocrx_word' id='word_1_253' title='bbox 3330 721 3396 776; x_wconf 90' lang='lat' dir='ltr'><strong>Et</strong></span> <span class='ocrx_word' id='word_1_254' title='bbox 3437 725 3553 780; x_wconf 63' lang='lat' dir='ltr'><strong>haec</strong></span> 
     </span>
    </p>
   </div>
   <div class='ocr_carea' id='block_1_37' title="bbox 1983 804 3566 883">
    <p class='ocr_par' dir='ltr' id='par_1_37' title="bbox 1983 804 3566 883">
     <span class='ocr_line' id='line_1_37' title="bbox 1983 804 3566 883; baseline 0.006 -23"><span class='ocrx_word' id='word_1_255' title='bbox 1983 804 2170 860; x_wconf 87' lang='lat' dir='ltr'><strong>dicere</strong></span> <span class='ocrx_word' id='word_1_256' title='bbox 2207 808 2327 872; x_wconf 82' lang='lat' dir='ltr'><strong>tibi,</strong></span> <span class='ocrx_word' id='word_1_257' title='bbox 2381 809 2555 863; x_wconf 86' lang='lat' dir='ltr'><strong>sancti</strong></span> <span class='ocrx_word' id='word_1_258' title='bbox 2592 809 2721 862; x_wconf 89' lang='lat' dir='ltr'><strong>mihi</strong></span> <span class='ocrx_word' id='word_1_259' title='bbox 2779 807 3100 877; x_wconf 73' lang='lat' dir='ltr'><strong>praecipiunt</strong></span> <span class='ocrx_word' id='word_1_260' title='bbox 3135 822 3427 883; x_wconf 80' lang='lat' dir='ltr'><strong>martyres.</strong></span> <span class='ocrx_word' id='word_1_261' title='bbox 3484 816 3566 868; x_wconf 79' lang='lat' dir='ltr'><strong>At.</strong></span> 
     </span>
    </p>
   </div>
   <div class='ocr_carea' id='block_1_38' title="bbox 1985 893 3552 966">
    <p class='ocr_par' dir='ltr' id='par_1_38' title="bbox 1985 893 3552 966">
     <span class='ocr_line' id='line_1_38' title="bbox 1985 893 3552 966; baseline 0.007 -19"><span class='ocrx_word' id='word_1_262' title='bbox 1985 893 2075 949; x_wconf 91' lang='lat' dir='ltr'><strong>ille</strong></span> <span class='ocrx_word' id='word_1_263' title='bbox 2114 894 2217 948; x_wconf 89' lang='lat' dir='ltr'><strong>hoc</strong></span> <span class='ocrx_word' id='word_1_264' title='bbox 2263 896 2428 950; x_wconf 89' lang='lat' dir='ltr'><strong>abeo</strong></span> <span class='ocrx_word' id='word_1_265' title='bbox 2472 897 2563 966; x_wconf 89' lang='lat' dir='ltr'><strong>qui</strong></span> <span class='ocrx_word' id='word_1_266' title='bbox 2617 911 2646 948; x_wconf 90' lang='lat' dir='ltr'><strong>a</strong></span> <span class='ocrx_word' id='word_1_267' title='bbox 2679 895 2948 950; x_wconf 72' lang='lat' dir='ltr'><strong>daemonio</strong></span> <span class='ocrx_word' id='word_1_268' title='bbox 2983 898 3280 954; x_wconf 81' lang='lat' dir='ltr'><strong>vexabatur</strong></span> <span class='ocrx_word' id='word_1_269' title='bbox 3339 903 3552 965; x_wconf 88' lang='lat' dir='ltr'><strong>audito.</strong></span> 
     </span>
    </p>
   </div>
   <div class='ocr_carea' id='block_1_39' title="bbox 1982 988 3550 1063">
    <p class='ocr_par' dir='ltr' id='par_1_39' title="bbox 1982 988 3550 1063">
     <span class='ocr_line' id='line_1_39' title="bbox 1982 988 3550 1063; baseline 0.005 -22"><span class='ocrx_word' id='word_1_270' title='bbox 1982 988 2179 1044; x_wconf 87' lang='lat' dir='ltr'><strong>timore</strong></span> <span class='ocrx_word' id='word_1_271' title='bbox 2204 997 2417 1059; x_wconf 89' lang='lat' dir='ltr'><strong>captus,</strong></span> <span class='ocrx_word' id='word_1_272' title='bbox 2445 1000 2497 1044; x_wconf 88' lang='lat' dir='ltr'><strong>et</strong></span> <span class='ocrx_word' id='word_1_273' title='bbox 2527 999 2750 1058; x_wconf 87' lang='lat' dir='ltr'><strong>accepto</strong></span> <span class='ocrx_word' id='word_1_274' title='bbox 2782 991 2942 1042; x_wconf 86' lang='lat' dir='ltr'><strong>etiam</strong></span> <span class='ocrx_word' id='word_1_275' title='bbox 2979 1003 3290 1045; x_wconf 85' lang='lat' dir='ltr'><strong>sermonum</strong></span> <span class='ocrx_word' id='word_1_276' title='bbox 3331 1009 3470 1063; x_wconf 89' lang='lat' dir='ltr'><strong>qttos</strong></span> <span class='ocrx_word' id='word_1_277' title='bbox 3498 995 3550 1049; x_wconf 91' lang='lat' dir='ltr'><strong>in</strong></span> 
     </span>
    </p>
   </div>
   <div class='ocr_carea' id='block_1_40' title="bbox 1981 1083 3552 1150">
    <p class='ocr_par' dir='ltr' id='par_1_40' title="bbox 1981 1083 3552 1150">
     <span class='ocr_line' id='line_1_40' title="bbox 1981 1083 3552 1150; baseline 0.003 -14"><span class='ocrx_word' id='word_1_278' title='bbox 1981 1085 2099 1138; x_wconf 90' lang='lat' dir='ltr'><strong>visu</strong></span> <span class='ocrx_word' id='word_1_279' title='bbox 2130 1084 2378 1138; x_wconf 85' lang='lat' dir='ltr'><strong>audierat</strong></span> <span class='ocrx_word' id='word_1_280' title='bbox 2423 1083 2867 1146; x_wconf 88' lang='lat' dir='ltr'><strong>commonitorio,</strong></span> <span class='ocrx_word' id='word_1_281' title='bbox 2917 1090 3138 1150; x_wconf 81' lang='lat' dir='ltr'><strong>propter</strong></span> <span class='ocrx_word' id='word_1_282' title='bbox 3173 1083 3465 1140; x_wconf 84' lang='lat' dir='ltr'><strong>verborum</strong></span> <span class='ocrx_word' id='word_1_283' title='bbox 3499 1095 3552 1142; x_wconf 91' lang='lat' dir='ltr'><strong>et</strong></span> 
     </span>
    </p>
   </div>
   <div class='ocr_carea' id='block_1_41' title="bbox 1981 1173 3548 1243">
    <p class='ocr_par' dir='ltr' id='par_1_41' title="bbox 1981 1173 3548 1243">
     <span class='ocr_line' id='line_1_41' title="bbox 1981 1173 3548 1243; baseline 0.003 -15"><span class='ocrx_word' id='word_1_284' title='bbox 1981 1175 2251 1230; x_wconf 89' lang='lat' dir='ltr'><strong>minarum</strong></span> <span class='ocrx_word' id='word_1_285' title='bbox 2290 1174 2727 1239; x_wconf 84' lang='lat' dir='ltr'><strong>similitudinem,</strong></span> <span class='ocrx_word' id='word_1_286' title='bbox 2770 1173 3050 1243; x_wconf 88' lang='lat' dir='ltr'><strong>ingressus</strong></span> <span class='ocrx_word' id='word_1_287' title='bbox 3083 1184 3166 1228; x_wconf 91' lang='lat' dir='ltr'><strong>est</strong></span> <span class='ocrx_word' id='word_1_288' title='bbox 3209 1174 3548 1232; x_wconf 75' lang='lat' dir='ltr'><strong>illuminato-</strong></span> 
     </span>
    </p>
   </div>
   <div class='ocr_carea' id='block_1_42' title="bbox 1980 1265 3546 1336">
    <p class='ocr_par' dir='ltr' id='par_1_42' title="bbox 1980 1265 3546 1336">
     <span class='ocr_line' id='line_1_42' title="bbox 1980 1265 3546 1336; baseline 0.002 -17"><span class='ocrx_word' id='word_1_289' title='bbox 1980 1265 2146 1330; x_wconf 89' lang='lat' dir='ltr'><strong>rium,</strong></span> <span class='ocrx_word' id='word_1_290' title='bbox 2202 1276 2255 1320; x_wconf 91' lang='lat' dir='ltr'><strong>et</strong></span> <span class='ocrx_word' id='word_1_291' title='bbox 2315 1267 2518 1321; x_wconf 81' lang='lat' dir='ltr'><strong>Christi</strong></span> <span class='ocrx_word' id='word_1_292' title='bbox 2579 1265 2838 1336; x_wconf 86' lang='lat' dir='ltr'><strong>mysteria</strong></span> <span class='ocrx_word' id='word_1_293' title='bbox 2900 1267 3154 1335; x_wconf 84' lang='lat' dir='ltr'><strong>sumpsit,</strong></span> <span class='ocrx_word' id='word_1_294' title='bbox 3196 1275 3250 1321; x_wconf 90' lang='lat' dir='ltr'><strong>et</strong></span> <span class='ocrx_word' id='word_1_295' title='bbox 3309 1268 3546 1322; x_wconf 86' lang='lat' dir='ltr'><strong>animam</strong></span> 
     </span>
    </p>
   </div>
   <div class='ocr_carea' id='block_1_43' title="bbox 1981 1354 3549 1427">
    <p class='ocr_par' dir='ltr' id='par_1_43' title="bbox 1981 1354 3549 1427">
     <span class='ocr_line' id='line_1_43' title="bbox 1981 1354 3549 1427; baseline 0.002 -17"><span class='ocrx_word' id='word_1_296' title='bbox 1981 1357 2331 1426; x_wconf 88' lang='lat' dir='ltr'><strong>perceptione</strong></span> <span class='ocrx_word' id='word_1_297' title='bbox 2391 1356 2774 1427; x_wconf 82' lang='lat' dir='ltr'><strong>mysteriorum</strong></span> <span class='ocrx_word' id='word_1_298' title='bbox 2847 1354 3197 1410; x_wconf 78' lang='lat' dir='ltr'><strong>illuminavit.</strong></span> <span class='ocrx_word' id='word_1_299' title='bbox 3261 1356 3432 1411; x_wconf 87' lang='lat' dir='ltr'><strong>Porro</strong></span> <span class='ocrx_word' id='word_1_300' title='bbox 3484 1375 3549 1413; x_wconf 79' lang='lat' dir='ltr'><strong>ex</strong></span> 
     </span>
    </p>
   </div>
   <div class='ocr_carea' id='block_1_44' title="bbox 1979 1447 3546 1516">
    <p class='ocr_par' dir='ltr' id='par_1_44' title="bbox 1979 1447 3546 1516">
     <span class='ocr_line' id='line_1_44' title="bbox 1979 1447 3546 1516; baseline 0.004 -18"><span class='ocrx_word' id='word_1_301' title='bbox 1979 1447 2295 1516; x_wconf 88' lang='lat' dir='ltr'><strong>operatione</strong></span> <span class='ocrx_word' id='word_1_302' title='bbox 2315 1447 2514 1500; x_wconf 88' lang='lat' dir='ltr'><strong>diaboli</strong></span> <span class='ocrx_word' id='word_1_303' title='bbox 2545 1457 2664 1516; x_wconf 90' lang='lat' dir='ltr'><strong>post</strong></span> <span class='ocrx_word' id='word_1_304' title='bbox 2688 1447 3154 1510; x_wconf 83' lang='lat' dir='ltr'><strong>communionem,</strong></span> <span class='ocrx_word' id='word_1_305' title='bbox 3186 1447 3240 1502; x_wconf 91' lang='lat' dir='ltr'><strong>in</strong></span> <span class='ocrx_word' id='word_1_306' title='bbox 3264 1448 3439 1503; x_wconf 87' lang='lat' dir='ltr'><strong>diram</strong></span> <span class='ocrx_word' id='word_1_307' title='bbox 3462 1450 3546 1504; x_wconf 90' lang='lat' dir='ltr'><strong>iu-</strong></span> 
     </span>
    </p>
   </div>
   <div class='ocr_carea' id='block_1_45' title="bbox 1979 1537 3549 1610">
    <p class='ocr_par' dir='ltr' id='par_1_45' title="bbox 1979 1537 3549 1610">
     <span class='ocr_line' id='line_1_45' title="bbox 1979 1537 3549 1610; baseline 0.002 -19"><span class='ocrx_word' id='word_1_308' title='bbox 1979 1537 2110 1591; x_wconf 88' lang='lat' dir='ltr'><strong>cidit</strong></span> <span class='ocrx_word' id='word_1_309' title='bbox 2151 1537 2317 1592; x_wconf 89' lang='lat' dir='ltr'><strong>animi</strong></span> <span class='ocrx_word' id='word_1_310' title='bbox 2353 1538 2736 1602; x_wconf 87' lang='lat' dir='ltr'><strong>defectionem,</strong></span> <span class='ocrx_word' id='word_1_311' title='bbox 2781 1546 2835 1592; x_wconf 89' lang='lat' dir='ltr'><strong>et</strong></span> <span class='ocrx_word' id='word_1_312' title='bbox 2867 1553 2991 1592; x_wconf 91' lang='lat' dir='ltr'><strong>cum</strong></span> <span class='ocrx_word' id='word_1_313' title='bbox 3030 1539 3206 1594; x_wconf 89' lang='lat' dir='ltr'><strong>tristis</strong></span> <span class='ocrx_word' id='word_1_314' title='bbox 3245 1540 3299 1594; x_wconf 93' lang='lat' dir='ltr'><strong>in</strong></span> <span class='ocrx_word' id='word_1_315' title='bbox 3330 1543 3549 1610; x_wconf 90' lang='lat' dir='ltr'><strong>propria</strong></span> 
     </span>
    </p>
   </div>
   <div class='ocr_carea' id='block_1_46' title="bbox 1980 1627 3551 1696">
    <p class='ocr_par' dir='ltr' id='par_1_46' title="bbox 1980 1627 3551 1696">
     <span class='ocr_line' id='line_1_46' title="bbox 1980 1627 3551 1696; baseline 0.001 -14"><span class='ocrx_word' id='word_1_316' title='bbox 1980 1642 2039 1682; x_wconf 88' lang='lat' dir='ltr'><strong>se</strong></span> <span class='ocrx_word' id='word_1_317' title='bbox 2086 1635 2386 1681; x_wconf 88' lang='lat' dir='ltr'><strong>stramenta</strong></span> <span class='ocrx_word' id='word_1_318' title='bbox 2434 1627 2720 1696; x_wconf 85' lang='lat' dir='ltr'><strong>jactasset,</strong></span> <span class='ocrx_word' id='word_1_319' title='bbox 2762 1628 2926 1682; x_wconf 84' lang='lat' dir='ltr'><strong>citius</strong></span> <span class='ocrx_word' id='word_1_320' title='bbox 2973 1644 3038 1682; x_wconf 79' lang='lat' dir='ltr'><strong>ex</strong></span> <span class='ocrx_word' id='word_1_321' title='bbox 3089 1629 3316 1684; x_wconf 86' lang='lat' dir='ltr'><strong>tristitia</strong></span> <span class='ocrx_word' id='word_1_322' title='bbox 3349 1630 3551 1684; x_wconf 88' lang='lat' dir='ltr'><strong>obdor-</strong></span> 
     </span>
    </p>
   </div>
   <div class='ocr_carea' id='block_1_47' title="bbox 1907 1698 2155 1772">
    <p class='ocr_par' dir='ltr' id='par_1_47' title="bbox 1907 1698 2155 1772">
     <span class='ocr_line' id='line_1_47' title="bbox 1907 1698 2155 1772; baseline -0.008 0"><span class='ocrx_word' id='word_1_323' title='bbox 1907 1698 1948 1753; x_wconf 75' lang='lat' dir='ltr'><strong>B</strong></span> <span class='ocrx_word' id='word_1_324' title='bbox 1982 1717 2155 1772; x_wconf 87' lang='lat' dir='ltr'><strong>ntivit.</strong></span> 
     </span>
    </p>
   </div>
   <div class='ocr_carea' id='block_1_48' title="bbox 2050 1807 3551 1879">
    <p class='ocr_par' dir='ltr' id='par_1_48' title="bbox 2050 1807 3551 1879">
     <span class='ocr_line' id='line_1_48' title="bbox 2050 1807 3551 1879; baseline 0.003 -18"><span class='ocrx_word' id='word_1_325' title='bbox 2050 1807 2117 1862; x_wconf 85' lang='lat' dir='ltr'><strong>Et</strong></span> <span class='ocrx_word' id='word_1_326' title='bbox 2145 1824 2338 1865; x_wconf 87' lang='lat' dir='ltr'><strong>rursus</strong></span> <span class='ocrx_word' id='word_1_327' title='bbox 2371 1808 2568 1879; x_wconf 87' lang='lat' dir='ltr'><strong>aspicit</strong></span> <span class='ocrx_word' id='word_1_328' title='bbox 2621 1819 2892 1878; x_wconf 82' lang='lat' dir='ltr'><strong>martyres</strong></span> <span class='ocrx_word' id='word_1_329' title='bbox 2932 1809 2986 1864; x_wconf 93' lang='lat' dir='ltr'><strong>in</strong></span> <span class='ocrx_word' id='word_1_330' title='bbox 3029 1808 3309 1867; x_wconf 84' lang='lat' dir='ltr'><strong>Juliannm</strong></span> <span class='ocrx_word' id='word_1_331' title='bbox 3361 1812 3551 1868; x_wconf 85' lang='lat' dir='ltr'><strong>diaco-</strong></span> 
     </span>
    </p>
   </div>
   <div class='ocr_carea' id='block_1_49' title="bbox 1979 1900 3552 1969">
    <p class='ocr_par' dir='ltr' id='par_1_49' title="bbox 1979 1900 3552 1969">
     <span class='ocr_line' id='line_1_49' title="bbox 1979 1900 3552 1969; baseline 0.003 -15"><span class='ocrx_word' id='word_1_332' title='bbox 1979 1915 2109 1954; x_wconf 93' lang='lat' dir='ltr'><strong>num</strong></span> <span class='ocrx_word' id='word_1_333' title='bbox 2163 1914 2284 1955; x_wconf 83' lang='lat' dir='ltr'><strong>sese</strong></span> <span class='ocrx_word' id='word_1_334' title='bbox 2343 1900 2798 1969; x_wconf 82' lang='lat' dir='ltr'><strong>transfigurantes</strong></span> <span class='ocrx_word' id='word_1_335' title='bbox 2833 1941 2850 1965; x_wconf 95' lang='lat'><strong>,</strong></span> <span class='ocrx_word' id='word_1_336' title='bbox 2910 1909 2964 1954; x_wconf 89' lang='lat' dir='ltr'><strong>et</strong></span> <span class='ocrx_word' id='word_1_337' title='bbox 3011 1915 3232 1956; x_wconf 87' lang='lat' dir='ltr'><strong>causam</strong></span> <span class='ocrx_word' id='word_1_338' title='bbox 3294 1903 3552 1959; x_wconf 69' lang='lat' dir='ltr'><strong>maeroris</strong></span> 
     </span>
    </p>
   </div>
   <div class='ocr_carea' id='block_1_50' title="bbox 1978 1990 3545 2059">
    <p class='ocr_par' dir='ltr' id='par_1_50' title="bbox 1978 1990 3545 2059">
     <span class='ocr_line' id='line_1_50' title="bbox 1978 1990 3545 2059; baseline 0.001 -14"><span class='ocrx_word' id='word_1_339' title='bbox 1978 2007 2102 2046; x_wconf 91' lang='lat' dir='ltr'><strong>eum</strong></span> <span class='ocrx_word' id='word_1_340' title='bbox 2149 1991 2568 2059; x_wconf 82' lang='lat' dir='ltr'><strong>interrogantes.</strong></span> <span class='ocrx_word' id='word_1_341' title='bbox 2607 1990 2710 2056; x_wconf 85' lang='lat' dir='ltr'><strong>Qui</strong></span> <span class='ocrx_word' id='word_1_342' title='bbox 2745 1992 2821 2044; x_wconf 91' lang='lat' dir='ltr'><strong>ait</strong></span> <span class='ocrx_word' id='word_1_343' title='bbox 2847 1991 3145 2058; x_wconf 85' lang='lat' dir='ltr'><strong>:Quouiam</strong></span> <span class='ocrx_word' id='word_1_344' title='bbox 3186 1995 3361 2048; x_wconf 78' lang='lat' dir='ltr'><strong>sant-ti</strong></span> <span class='ocrx_word' id='word_1_345' title='bbox 3399 2010 3545 2048; x_wconf 89' lang='lat' dir='ltr'><strong>com-</strong></span> 
     </span>
    </p>
   </div>
   <div class='ocr_carea' id='block_1_51' title="bbox 1981 2083 3546 2156">
    <p class='ocr_par' dir='ltr' id='par_1_51' title="bbox 1981 2083 3546 2156">
     <span class='ocr_line' id='line_1_51' title="bbox 1981 2083 3546 2156; baseline 0.001 -18"><span class='ocrx_word' id='word_1_346' title='bbox 1981 2085 2262 2139; x_wconf 88' lang='lat' dir='ltr'><strong>municare</strong></span> <span class='ocrx_word' id='word_1_347' title='bbox 2295 2099 2377 2137; x_wconf 89' lang='lat' dir='ltr'><strong>nte</strong></span> <span class='ocrx_word' id='word_1_348' title='bbox 2396 2094 2714 2152; x_wconf 84' lang='lat' dir='ltr'><strong>coegerunt.</strong></span> <span class='ocrx_word' id='word_1_349' title='bbox 2733 2086 2799 2137; x_wconf 81' lang='lat' dir='ltr'><strong>At</strong></span> <span class='ocrx_word' id='word_1_350' title='bbox 2827 2083 2926 2148; x_wconf 90' lang='lat' dir='ltr'><strong>illi,</strong></span> <span class='ocrx_word' id='word_1_351' title='bbox 2957 2084 3135 2139; x_wconf 89' lang='lat' dir='ltr'><strong>ethoc</strong></span> <span class='ocrx_word' id='word_1_352' title='bbox 3159 2094 3232 2150; x_wconf 90' lang='lat' dir='ltr'><strong>te,</strong></span> <span class='ocrx_word' id='word_1_353' title='bbox 3271 2086 3546 2156; x_wconf 85' lang='lat' dir='ltr'><strong>inquiunt,</strong></span> 
     </span>
    </p>
   </div>
   <div class='ocr_carea' id='block_1_52' title="bbox 1978 2173 3547 2238">
    <p class='ocr_par' dir='ltr' id='par_1_52' title="bbox 1978 2173 3547 2238">
     <span class='ocr_line' id='line_1_52' title="bbox 1978 2173 3547 2238; baseline -0.001 -8"><span class='ocrx_word' id='word_1_354' title='bbox 1978 2185 2236 2230; x_wconf 74' lang='lat' dir='ltr'><strong>moestum</strong></span> <span class='ocrx_word' id='word_1_355' title='bbox 2271 2173 2452 2228; x_wconf 86' lang='lat' dir='ltr'><strong>facere</strong></span> <span class='ocrx_word' id='word_1_356' title='bbox 2488 2173 2570 2226; x_wconf 87' lang='lat' dir='ltr'><strong>vel</strong></span> <span class='ocrx_word' id='word_1_357' title='bbox 2602 2173 2811 2228; x_wconf 88' lang='lat' dir='ltr'><strong>tristem</strong></span> <span class='ocrx_word' id='word_1_358' title='bbox 2839 2175 3062 2228; x_wconf 89' lang='lat' dir='ltr'><strong>omnino</strong></span> <span class='ocrx_word' id='word_1_359' title='bbox 3100 2175 3383 2238; x_wconf 87' lang='lat' dir='ltr'><strong>debuerat,</strong></span> <span class='ocrx_word' id='word_1_360' title='bbox 3422 2191 3547 2229; x_wconf 90' lang='lat' dir='ltr'><strong>cum</strong></span> 
     </span>
    </p>
   </div>
   <div class='ocr_carea' id='block_1_53' title="bbox 1978 2265 3550 2337">
    <p class='ocr_par' dir='ltr' id='par_1_53' title="bbox 1978 2265 3550 2337">
     <span class='ocr_line' id='line_1_53' title="bbox 1978 2265 3550 2337; baseline 0.001 -18"><span class='ocrx_word' id='word_1_361' title='bbox 1978 2267 2216 2337; x_wconf 76' lang='lat' dir='ltr'><strong>gaudere</strong></span> <span class='ocrx_word' id='word_1_362' title='bbox 2250 2276 2298 2320; x_wconf 91' lang='lat' dir='ltr'><strong>te</strong></span> <span class='ocrx_word' id='word_1_363' title='bbox 2330 2265 2819 2334; x_wconf 83' lang='lat' dir='ltr'><strong>potiusoporteret,</strong></span> <span class='ocrx_word' id='word_1_364' title='bbox 2869 2274 2922 2319; x_wconf 86' lang='lat' dir='ltr'><strong>et</strong></span> <span class='ocrx_word' id='word_1_365' title='bbox 2965 2265 3241 2320; x_wconf 79' lang='lat' dir='ltr'><strong>exsultare</strong></span> <span class='ocrx_word' id='word_1_366' title='bbox 3275 2266 3550 2320; x_wconf 67' lang='lat' dir='ltr'><strong>intellecto</strong></span> 
     </span>
    </p>
   </div>
   <div class='ocr_carea' id='block_1_54' title="bbox 1979 2354 3550 2427">
    <p class='ocr_par' dir='ltr' id='par_1_54' title="bbox 1979 2354 3550 2427">
     <span class='ocr_line' id='line_1_54' title="bbox 1979 2354 3550 2427; baseline -0.001 -17"><span class='ocrx_word' id='word_1_367' title='bbox 1979 2358 2211 2427; x_wconf 72' lang='lat' dir='ltr'><strong>propria:</strong></span> <span class='ocrx_word' id='word_1_368' title='bbox 2241 2356 2439 2409; x_wconf 67' lang='lat' dir='ltr'><strong>animae</strong></span> <span class='ocrx_word' id='word_1_369' title='bbox 2465 2354 2760 2424; x_wconf 70' lang='lat' dir='ltr'><strong>adiutorio,</strong></span> <span class='ocrx_word' id='word_1_370' title='bbox 2790 2354 3202 2410; x_wconf 86' lang='lat' dir='ltr'><strong>etinfirmitatis</strong></span> <span class='ocrx_word' id='word_1_371' title='bbox 3229 2365 3550 2424; x_wconf 74' lang='lat' dir='ltr'><strong>exspectato</strong></span> 
     </span>
    </p>
   </div>
   <div class='ocr_carea' id='block_1_55' title="bbox 1979 2445 3547 2515">
    <p class='ocr_par' dir='ltr' id='par_1_55' title="bbox 1979 2445 3547 2515">
     <span class='ocr_line' id='line_1_55' title="bbox 1979 2445 3547 2515; baseline -0.001 -11"><span class='ocrx_word' id='word_1_372' title='bbox 1979 2447 2257 2504; x_wconf 83' lang='lat' dir='ltr'><strong>remedio?</strong></span> <span class='ocrx_word' id='word_1_373' title='bbox 2297 2445 2520 2503; x_wconf 90' lang='lat' dir='ltr'><strong>Certum</strong></span> <span class='ocrx_word' id='word_1_374' title='bbox 2553 2459 2684 2502; x_wconf 85' lang='lat' dir='ltr'><strong>vero</strong></span> <span class='ocrx_word' id='word_1_375' title='bbox 2713 2455 2819 2511; x_wconf 83' lang='lat' dir='ltr'><strong>est,</strong></span> <span class='ocrx_word' id='word_1_376' title='bbox 2853 2447 2996 2515; x_wconf 90' lang='lat' dir='ltr'><strong>quod</strong></span> <span class='ocrx_word' id='word_1_377' title='bbox 3033 2448 3144 2501; x_wconf 84' lang='lat' dir='ltr'><strong>haec</strong></span> <span class='ocrx_word' id='word_1_378' title='bbox 3187 2446 3442 2501; x_wconf 81' lang='lat' dir='ltr'><strong>voluntas</strong></span> <span class='ocrx_word' id='word_1_379' title='bbox 3476 2450 3547 2503; x_wconf 88' lang='lat' dir='ltr'><strong>sit</strong></span> 
     </span>
    </p>
   </div>
   <div class='ocr_carea' id='block_1_56' title="bbox 1981 2537 3549 2610">
    <p class='ocr_par' dir='ltr' id='par_1_56' title="bbox 1981 2537 3549 2610">
     <span class='ocr_line' id='line_1_56' title="bbox 1981 2537 3549 2610; baseline 0 -16"><span class='ocrx_word' id='word_1_380' title='bbox 1981 2541 2096 2605; x_wconf 86' lang='lat' dir='ltr'><strong>Dei,</strong></span> <span class='ocrx_word' id='word_1_381' title='bbox 2143 2543 2263 2596; x_wconf 86' lang='lat' dir='ltr'><strong>sine</strong></span> <span class='ocrx_word' id='word_1_382' title='bbox 2296 2554 2405 2610; x_wconf 89' lang='lat' dir='ltr'><strong>quo</strong></span> <span class='ocrx_word' id='word_1_383' title='bbox 2445 2539 2580 2593; x_wconf 88' lang='lat' dir='ltr'><strong>nihil</strong></span> <span class='ocrx_word' id='word_1_384' title='bbox 2620 2538 2954 2594; x_wconf 85' lang='lat' dir='ltr'><strong>omnimodis</strong></span> <span class='ocrx_word' id='word_1_385' title='bbox 2999 2547 3315 2608; x_wconf 85' lang='lat' dir='ltr'><strong>operantur.</strong></span> <span class='ocrx_word' id='word_1_386' title='bbox 3360 2537 3425 2592; x_wconf 87' lang='lat' dir='ltr'><strong>Et</strong></span> <span class='ocrx_word' id='word_1_387' title='bbox 3462 2538 3549 2594; x_wconf 87' lang='lat' dir='ltr'><strong>his</strong></span> 
     </span>
    </p>
   </div>
   <div class='ocr_carea' id='block_1_57' title="bbox 1978 2630 3545 2702">
    <p class='ocr_par' dir='ltr' id='par_1_57' title="bbox 1978 2630 3545 2702">
     <span class='ocr_line' id='line_1_57' title="bbox 1978 2630 3545 2702; baseline -0.002 -13"><span class='ocrx_word' id='word_1_388' title='bbox 1978 2649 2045 2689; x_wconf 90' lang='lat' dir='ltr'><strong>eo</strong></span> <span class='ocrx_word' id='word_1_389' title='bbox 2073 2633 2254 2688; x_wconf 86' lang='lat' dir='ltr'><strong>verbis</strong></span> <span class='ocrx_word' id='word_1_390' title='bbox 2285 2640 2551 2702; x_wconf 84' lang='lat' dir='ltr'><strong>martyres</strong></span> <span class='ocrx_word' id='word_1_391' title='bbox 2589 2631 2893 2694; x_wconf 85' lang='lat' dir='ltr'><strong>consolato,</strong></span> <span class='ocrx_word' id='word_1_392' title='bbox 2928 2637 3300 2688; x_wconf 79' lang='lat' dir='ltr'><strong>recesserunt.</strong></span> <span class='ocrx_word' id='word_1_393' title='bbox 3334 2630 3404 2685; x_wconf 84' lang='lat' dir='ltr'><strong>At</strong></span> <span class='ocrx_word' id='word_1_394' title='bbox 3451 2631 3545 2686; x_wconf 90' lang='lat' dir='ltr'><strong>ille</strong></span> 
     </span>
    </p>
   </div>
   <div class='ocr_carea' id='block_1_58' title="bbox 1979 2719 3546 2788">
    <p class='ocr_par' dir='ltr' id='par_1_58' title="bbox 1979 2719 3546 2788">
     <span class='ocr_line' id='line_1_58' title="bbox 1979 2719 3546 2788; baseline -0.001 -11"><span class='ocrx_word' id='word_1_395' title='bbox 1979 2737 2278 2777; x_wconf 86' lang='lat' dir='ltr'><strong>conversus</strong></span> <span class='ocrx_word' id='word_1_396' title='bbox 2322 2721 2391 2776; x_wconf 89' lang='lat' dir='ltr'><strong>de</strong></span> <span class='ocrx_word' id='word_1_397' title='bbox 2446 2719 2958 2785; x_wconf 55' lang='lat' dir='ltr'><strong>matrisaollicitns</strong></span> <span class='ocrx_word' id='word_1_398' title='bbox 3001 2728 3121 2774; x_wconf 90' lang='lat' dir='ltr'><strong>erat</strong></span> <span class='ocrx_word' id='word_1_399' title='bbox 3162 2719 3419 2788; x_wconf 89' lang='lat' dir='ltr'><strong>adventu,</strong></span> <span class='ocrx_word' id='word_1_400' title='bbox 3475 2722 3546 2777; x_wconf 88' lang='lat' dir='ltr'><strong>ob</strong></span> 
     </span>
    </p>
   </div>
   <div class='ocr_carea' id='block_1_59' title="bbox 1982 2799 3546 2884">
    <p class='ocr_par' dir='ltr' id='par_1_59' title="bbox 1982 2799 3546 2884">
     <span class='ocr_line' id='line_1_59' title="bbox 1982 2799 3546 2884; baseline -0.003 -14"><span class='ocrx_word' id='word_1_401' title='bbox 1982 2817 2252 2870; x_wconf 65' lang='lat' dir='ltr'><strong>haereseos</strong></span> <span class='ocrx_word' id='word_1_402' title='bbox 2304 2812 2540 2884; x_wconf 68' lang='lat' dir='ltr'><strong>propriae</strong></span> <span class='ocrx_word' id='word_1_403' title='bbox 2589 2827 2728 2879; x_wconf 89' lang='lat' dir='ltr'><strong>quas</strong></span> <span class='ocrx_word' id='word_1_404' title='bbox 2779 2799 2900 2864; x_wconf 78' lang='lat' dir='ltr'><strong>erat</strong></span> <span class='ocrx_word' id='word_1_405' title='bbox 2957 2810 3193 2864; x_wconf 88' lang='lat' dir='ltr'><strong>allatura</strong></span> <span class='ocrx_word' id='word_1_406' title='bbox 3253 2811 3546 2881; x_wconf 88' lang='lat' dir='ltr'><strong>reliquias;</strong></span> 
     </span>
    </p>
   </div>
   <div class='ocr_carea' id='block_1_60' title="bbox 1979 2899 3549 2971">
    <p class='ocr_par' dir='ltr' id='par_1_60' title="bbox 1979 2899 3549 2971">
     <span class='ocr_line' id='line_1_60' title="bbox 1979 2899 3549 2971; baseline -0.001 -15"><span class='ocrx_word' id='word_1_407' title='bbox 1979 2917 2101 2971; x_wconf 66' lang='lat' dir='ltr'><strong>quae</strong></span> <span class='ocrx_word' id='word_1_408' title='bbox 2131 2918 2238 2956; x_wconf 92' lang='lat' dir='ltr'><strong>non</strong></span> <span class='ocrx_word' id='word_1_409' title='bbox 2263 2909 2386 2971; x_wconf 91' lang='lat' dir='ltr'><strong>post</strong></span> <span class='ocrx_word' id='word_1_410' title='bbox 2420 2901 2646 2954; x_wconf 91' lang='lat' dir='ltr'><strong>multam</strong></span> <span class='ocrx_word' id='word_1_411' title='bbox 2684 2899 2908 2955; x_wconf 87' lang='lat' dir='ltr'><strong>veniens</strong></span> <span class='ocrx_word' id='word_1_412' title='bbox 2944 2899 3158 2965; x_wconf 86' lang='lat' dir='ltr'><strong>horam,</strong></span> <span class='ocrx_word' id='word_1_413' title='bbox 3201 2899 3336 2954; x_wconf 93' lang='lat' dir='ltr'><strong>nihil</strong></span> <span class='ocrx_word' id='word_1_414' title='bbox 3367 2916 3433 2954; x_wconf 79' lang='lat' dir='ltr'><strong>ex</strong></span> <span class='ocrx_word' id='word_1_415' title='bbox 3463 2900 3549 2954; x_wconf 86' lang='lat' dir='ltr'><strong>his</strong></span> 
     </span>
    </p>
   </div>
   <div class='ocr_carea' id='block_1_61' title="bbox 293 2988 1876 3091">
    <p class='ocr_par' dir='ltr' id='par_1_61' title="bbox 293 2988 1876 3062">
     <span class='ocr_line' id='line_1_61' title="bbox 293 2988 1876 3062; baseline -0.001 -17"><span class='ocrx_word' id='word_1_416' title='bbox 293 2995 550 3062; x_wconf 67' lang='grc' dir='ltr'>λείψανα·</span> <span class='ocrx_word' id='word_1_417' title='bbox 580 2993 701 3062; x_wconf 68' lang='grc' dir='ltr'>ἥτις</span> <span class='ocrx_word' id='word_1_418' title='bbox 732 2990 848 3060; x_wconf 80' lang='grc' dir='ltr'>μετ’</span> <span class='ocrx_word' id='word_1_419' title='bbox 879 2990 940 3043; x_wconf 86' lang='grc' dir='ltr'><strong>ού</strong></span> <span class='ocrx_word' id='word_1_420' title='bbox 969 2988 1104 3041; x_wconf 85' lang='grc' dir='ltr'>πολὺ</span> <span class='ocrx_word' id='word_1_421' title='bbox 1134 2989 1234 3059; x_wconf 83' lang='grc' dir='ltr'>τῆς</span> <span class='ocrx_word' id='word_1_422' title='bbox 1263 2988 1412 3060; x_wconf 83' lang='grc' dir='ltr'>ὥρας</span> <span class='ocrx_word' id='word_1_423' title='bbox 1439 2991 1684 3060; x_wconf 81' lang='grc' dir='ltr'>ἀφίκετο,</span> <span class='ocrx_word' id='word_1_424' title='bbox 1713 2989 1876 3061; x_wconf 81' lang='grc' dir='ltr'>μηδὲν</span> 
     </span>
    </p>
   </div>
   <div class='ocr_carea' id='block_1_62' title="bbox 1981 2988 3545 3091">
    <p class='ocr_par' dir='ltr' id='par_1_62' title="bbox 1981 2988 3545 3062">
     <span class='ocr_line' id='line_1_62' title="bbox 1981 2988 3545 3062; baseline -0.001 -18"><span class='ocrx_word' id='word_1_425' title='bbox 1981 3001 2202 3062; x_wconf 84' lang='lat' dir='ltr'><strong>propter</strong></span> <span class='ocrx_word' id='word_1_426' title='bbox 2231 3006 2353 3060; x_wconf 71' lang='lat' dir='ltr'><strong>qua:</strong></span> <span class='ocrx_word' id='word_1_427' title='bbox 2398 2990 2502 3044; x_wconf 85' lang='lat' dir='ltr'><strong>iter</strong></span> <span class='ocrx_word' id='word_1_428' title='bbox 2531 2988 2663 3044; x_wconf 88' lang='lat' dir='ltr'><strong>illud</strong></span> <span class='ocrx_word' id='word_1_429' title='bbox 2707 2997 3051 3059; x_wconf 83' lang='lat' dir='ltr'><strong>transegerat</strong></span> <span class='ocrx_word' id='word_1_430' title='bbox 3097 2990 3304 3052; x_wconf 89' lang='lat' dir='ltr'><strong>attulit,</strong></span> <span class='ocrx_word' id='word_1_431' title='bbox 3341 2999 3545 3060; x_wconf 85' lang='lat' dir='ltr'><strong>marty-</strong></span> 
     </span>
    </p>
   </div>
   <div class='ocr_carea' id='block_1_63' title="bbox 291 3072 1876 3152">
    <p class='ocr_par' dir='ltr' id='par_1_63' title="bbox 291 3072 1876 3152">
     <span class='ocr_line' id='line_1_63' title="bbox 291 3072 1876 3152; baseline -0.002 -16"><span class='ocrx_word' id='word_1_432' title='bbox 291 3083 505 3136; x_wconf 72' lang='grc' dir='ltr'>τοιοῦτο</span> <span class='ocrx_word' id='word_1_433' title='bbox 554 3081 876 3152; x_wconf 75' lang='grc' dir='ltr'>κομίζουσα,</span> <span class='ocrx_word' id='word_1_434' title='bbox 930 3079 996 3133; x_wconf 82' lang='grc' dir='ltr'>δι’</span> <span class='ocrx_word' id='word_1_435' title='bbox 1045 3072 1120 3133; x_wconf 82' lang='grc' dir='ltr'>ὧν</span> <span class='ocrx_word' id='word_1_436' title='bbox 1161 3079 1257 3132; x_wconf 76' lang='grc' dir='ltr'>καὶ</span> <span class='ocrx_word' id='word_1_437' title='bbox 1292 3080 1391 3149; x_wconf 73' lang='grc' dir='ltr'><strong>τὴν</strong></span> <span class='ocrx_word' id='word_1_438' title='bbox 1421 3079 1604 3148; x_wconf 80' lang='grc' dir='ltr'>ἄφιξιν</span> <span class='ocrx_word' id='word_1_439' title='bbox 1632 3075 1876 3152; x_wconf 83' lang='grc' dir='ltr'>ὑπῆρχεν</span> 
     </span>
    </p>
   </div>
   <div class='ocr_carea' id='block_1_64' title="bbox 293 3168 1877 3240">
    <p class='ocr_par' dir='ltr' id='par_1_64' title="bbox 293 3168 1877 3240">
     <span class='ocr_line' id='line_1_64' title="bbox 293 3168 1877 3240; baseline -0.001 -16"><span class='ocrx_word' id='word_1_440' title='bbox 293 3173 565 3234; x_wconf 79' lang='grc' dir='ltr'>ἀνύσασα,</span> <span class='ocrx_word' id='word_1_441' title='bbox 610 3169 895 3240; x_wconf 77' lang='grc' dir='ltr'>οἰκονομίᾳ</span> <span class='ocrx_word' id='word_1_442' title='bbox 950 3168 1244 3239; x_wconf 85' lang='grc' dir='ltr'>μαρτύρων</span> <span class='ocrx_word' id='word_1_443' title='bbox 1288 3169 1388 3238; x_wconf 79' lang='grc' dir='ltr'>τὴν</span> <span class='ocrx_word' id='word_1_444' title='bbox 1433 3168 1602 3240; x_wconf 80' lang='grc' dir='ltr'>λήθην</span> <span class='ocrx_word' id='word_1_445' title='bbox 1629 3170 1877 3240; x_wconf 85' lang='grc' dir='ltr'>φανερῶς</span> 
     </span>
    </p>
   </div>
   <div class='ocr_carea' id='block_1_65' title="bbox 294 3259 1878 3335">
    <p class='ocr_par' dir='ltr' id='par_1_65' title="bbox 294 3259 1878 3335">
     <span class='ocr_line' id='line_1_65' title="bbox 294 3259 1878 3335; baseline -0.002 -17"><span class='ocrx_word' id='word_1_446' title='bbox 294 3264 656 3335; x_wconf 74' lang='grc' dir='ltr'>ὑπομείνασα.</span> <span class='ocrx_word' id='word_1_447' title='bbox 693 3262 750 3316; x_wconf 81' lang='lat'><strong>&#39;0</strong></span> <span class='ocrx_word' id='word_1_448' title='bbox 800 3262 857 3316; x_wconf 88' lang='grc' dir='ltr'><strong>δέ</strong></span> <span class='ocrx_word' id='word_1_449' title='bbox 897 3259 1086 3332; x_wconf 85' lang='grc' dir='ltr'>μαθὼν</span> <span class='ocrx_word' id='word_1_450' title='bbox 1128 3261 1269 3332; x_wconf 76' lang='grc' dir='ltr'>ἥσθη</span> <span class='ocrx_word' id='word_1_451' title='bbox 1312 3260 1412 3330; x_wconf 86' lang='grc' dir='ltr'><strong>μὲν</strong></span> <span class='ocrx_word' id='word_1_452' title='bbox 1443 3261 1729 3332; x_wconf 84' lang='grc' dir='ltr'>πρότερον,</span> <span class='ocrx_word' id='word_1_453' title='bbox 1761 3261 1878 3316; x_wconf 78' lang='grc' dir='ltr'>εἶτα</span> 
     </span>
    </p>
   </div>
   <div class='ocr_carea' id='block_1_66' title="bbox 295 3353 1876 3426">
    <p class='ocr_par' dir='ltr' id='par_1_66' title="bbox 295 3353 1876 3426">
     <span class='ocr_line' id='line_1_66' title="bbox 295 3353 1876 3426; baseline -0.004 -13"><span class='ocrx_word' id='word_1_454' title='bbox 295 3360 350 3413; x_wconf 77' lang='grc' dir='ltr'>δὲ</span> <span class='ocrx_word' id='word_1_455' title='bbox 394 3361 488 3412; x_wconf 76' lang='grc' dir='ltr'>καὶ</span> <span class='ocrx_word' id='word_1_456' title='bbox 528 3357 704 3410; x_wconf 83' lang='grc' dir='ltr'>πάντα</span> <span class='ocrx_word' id='word_1_457' title='bbox 728 3359 792 3426; x_wconf 82' lang='grc' dir='ltr'>τῇ</span> <span class='ocrx_word' id='word_1_458' title='bbox 832 3353 999 3426; x_wconf 75' lang='grc' dir='ltr'>μητρὶ</span> <span class='ocrx_word' id='word_1_459' title='bbox 1036 3355 1356 3423; x_wconf 72' lang='grc' dir='ltr'>διηγήσατο,</span> <span class='ocrx_word' id='word_1_460' title='bbox 1399 3353 1608 3422; x_wconf 81' lang='grc' dir='ltr'>ὅσαπερ</span> <span class='ocrx_word' id='word_1_461' title='bbox 1659 3355 1738 3416; x_wconf 87' lang='grc' dir='ltr'>εἰς</span> <span class='ocrx_word' id='word_1_462' title='bbox 1781 3354 1876 3406; x_wconf 84' lang='grc' dir='ltr'>αύ-</span> 
     </span>
    </p>
   </div>
   <div class='ocr_carea' id='block_1_67' title="bbox 294 3443 1877 3519">
    <p class='ocr_par' dir='ltr' id='par_1_67' title="bbox 294 3443 1877 3519">
     <span class='ocr_line' id='line_1_67' title="bbox 294 3443 1877 3519; baseline -0.004 -16"><span class='ocrx_word' id='word_1_463' title='bbox 294 3451 387 3503; x_wconf 74' lang='grc' dir='ltr'><strong>τδν</strong></span> <span class='ocrx_word' id='word_1_464' title='bbox 434 3448 668 3519; x_wconf 77' lang='grc' dir='ltr'>ἐδράσθη</span> <span class='ocrx_word' id='word_1_465' title='bbox 725 3448 834 3508; x_wconf 84' lang='grc' dir='ltr'>τοῖς</span> <span class='ocrx_word' id='word_1_466' title='bbox 882 3446 1172 3515; x_wconf 79' lang='grc' dir='ltr'>μάρτυσιν,</span> <span class='ocrx_word' id='word_1_467' title='bbox 1210 3444 1305 3498; x_wconf 76' lang='grc' dir='ltr'><strong>καὶ</strong></span> <span class='ocrx_word' id='word_1_468' title='bbox 1350 3443 1426 3506; x_wconf 81' lang='grc' dir='ltr'>ὡς</span> <span class='ocrx_word' id='word_1_469' title='bbox 1477 3447 1543 3514; x_wconf 84' lang='grc' dir='ltr'>τῇ</span> <span class='ocrx_word' id='word_1_470' title='bbox 1583 3443 1877 3516; x_wconf 70' lang='grc' dir='ltr'>Ἐκκλησία</span> 
     </span>
    </p>
   </div>
   <div class='ocr_carea' id='block_1_68' title="bbox 299 3535 1877 3612">
    <p class='ocr_par' dir='ltr' id='par_1_68' title="bbox 299 3535 1877 3612">
     <span class='ocr_line' id='line_1_68' title="bbox 299 3535 1877 3612; baseline -0.004 -18"><span class='ocrx_word' id='word_1_471' title='bbox 299 3541 671 3612; x_wconf 76' lang='grc' dir='ltr'>προσδραμεῖν</span> <span class='ocrx_word' id='word_1_472' title='bbox 731 3537 1034 3591; x_wconf 82' lang='grc' dir='ltr'>ἐϐιάσαντο.</span> <span class='ocrx_word' id='word_1_473' title='bbox 1077 3537 1186 3590; x_wconf 73' lang='grc' dir='ltr'>Καὶ</span> <span class='ocrx_word' id='word_1_474' title='bbox 1216 3535 1359 3589; x_wconf 75' lang='grc' dir='ltr'>οὕτω</span> <span class='ocrx_word' id='word_1_475' title='bbox 1400 3535 1500 3606; x_wconf 83' lang='grc' dir='ltr'>μὲν</span> <span class='ocrx_word' id='word_1_476' title='bbox 1546 3539 1613 3606; x_wconf 80' lang='grc' dir='ltr'>τῇ</span> <span class='ocrx_word' id='word_1_477' title='bbox 1657 3537 1877 3608; x_wconf 84' lang='grc' dir='ltr'>Ἐκκλη-</span> 
     </span>
    </p>
   </div>
   <div class='ocr_carea' id='block_1_69' title="bbox 309 3630 814 3703">
    <p class='ocr_par' dir='ltr' id='par_1_69' title="bbox 309 3630 814 3703">
     <span class='ocr_line' id='line_1_69' title="bbox 309 3630 814 3703; baseline 0.002 -22"><span class='ocrx_word' id='word_1_478' title='bbox 309 3633 398 3703; x_wconf 77' lang='grc' dir='ltr'>σὶᾳ</span> <span class='ocrx_word' id='word_1_479' title='bbox 419 3630 814 3702; x_wconf 69' lang='grc' dir='ltr'>προσέδραμεν.</span> 
     </span>
    </p>
   </div>
   <div class='ocr_carea' id='block_1_70' title="bbox 379 3716 1873 3794">
    <p class='ocr_par' dir='ltr' id='par_1_70' title="bbox 379 3716 1873 3794">
     <span class='ocr_line' id='line_1_70' title="bbox 379 3716 1873 3794; baseline -0.003 -18"><span class='ocrx_word' id='word_1_480' title='bbox 379 3723 627 3793; x_wconf 81' lang='grc' dir='ltr'>Δέξωμεν</span> <span class='ocrx_word' id='word_1_481' title='bbox 652 3721 762 3794; x_wconf 68' lang='grc'>(24)</span> <span class='ocrx_word' id='word_1_482' title='bbox 788 3720 846 3774; x_wconf 77' lang='grc' dir='ltr'>δὲ</span> <span class='ocrx_word' id='word_1_483' title='bbox 865 3719 1051 3773; x_wconf 80' lang='grc' dir='ltr'>λοιπὸν</span> <span class='ocrx_word' id='word_1_484' title='bbox 1068 3717 1162 3773; x_wconf 78' lang='grc' dir='ltr'>καὶ</span> <span class='ocrx_word' id='word_1_485' title='bbox 1173 3718 1272 3787; x_wconf 82' lang='grc' dir='ltr'><strong>τὴν</strong></span> <span class='ocrx_word' id='word_1_486' title='bbox 1294 3717 1459 3789; x_wconf 83' lang='grc' dir='ltr'>ρῶσιν</span> <span class='ocrx_word' id='word_1_487' title='bbox 1482 3716 1574 3770; x_wconf 80' lang='grc' dir='ltr'>τοῦ</span> <span class='ocrx_word' id='word_1_488' title='bbox 1604 3717 1873 3788; x_wconf 81' lang='grc' dir='ltr'>σώματος,</span> 
     </span>
    </p>
   </div>
   <div class='ocr_carea' id='block_1_71' title="bbox 301 3809 1877 3885">
    <p class='ocr_par' dir='ltr' id='par_1_71' title="bbox 301 3809 1877 3885">
     <span class='ocr_line' id='line_1_71' title="bbox 301 3809 1877 3885; baseline -0.004 -16"><span class='ocrx_word' id='word_1_489' title='bbox 301 3816 370 3869; x_wconf 86' lang='grc' dir='ltr'>δι’</span> <span class='ocrx_word' id='word_1_490' title='bbox 397 3815 573 3885; x_wconf 85' lang='grc' dir='ltr'>ὀλίγου</span> <span class='ocrx_word' id='word_1_491' title='bbox 624 3815 716 3867; x_wconf 80' lang='grc' dir='ltr'>τὸν</span> <span class='ocrx_word' id='word_1_492' title='bbox 763 3812 922 3880; x_wconf 84' lang='grc' dir='ltr'>λόγον</span> <span class='ocrx_word' id='word_1_493' title='bbox 971 3810 1319 3881; x_wconf 88' lang='grc' dir='ltr'>ποιούμενοι·</span> <span class='ocrx_word' id='word_1_494' title='bbox 1355 3811 1489 3864; x_wconf 78' lang='grc' dir='ltr'>Μετ’</span> <span class='ocrx_word' id='word_1_495' title='bbox 1533 3809 1722 3881; x_wconf 76' lang='grc' dir='ltr'>ρλίγας</span> <span class='ocrx_word' id='word_1_496' title='bbox 1776 3811 1877 3877; x_wconf 84' lang='grc' dir='ltr'>τὰς</span> 
     </span>
    </p>
   </div>
   <div class='ocr_carea' id='block_1_72' title="bbox 298 3901 1876 3980">
    <p class='ocr_par' dir='ltr' id='par_1_72' title="bbox 298 3901 1876 3980">
     <span class='ocr_line' id='line_1_72' title="bbox 298 3901 1876 3980; baseline -0.002 -19"><span class='ocrx_word' id='word_1_497' title='bbox 298 3907 514 3980; x_wconf 75' lang='grc' dir='ltr'>ἡμέρας</span> <span class='ocrx_word' id='word_1_498' title='bbox 568 3905 730 3960; x_wconf 78' lang='grc' dir='ltr'>πάλιν</span> <span class='ocrx_word' id='word_1_499' title='bbox 785 3903 1068 3965; x_wconf 81' lang='grc' dir='ltr'>ἐκάθευδε,</span> <span class='ocrx_word' id='word_1_500' title='bbox 1116 3901 1213 3957; x_wconf 76' lang='grc' dir='ltr'><strong>καὶ</strong></span> <span class='ocrx_word' id='word_1_501' title='bbox 1267 3904 1624 3974; x_wconf 85' lang='grc' dir='ltr'>παρεστῶτας</span> <span class='ocrx_word' id='word_1_502' title='bbox 1690 3905 1876 3975; x_wconf 78' lang='grc' dir='ltr'>βλέπει</span> 
     </span>
    </p>
   </div>
   <div class='ocr_carea' id='block_1_73' title="bbox 294 3993 1874 4068">
    <p class='ocr_par' dir='ltr' id='par_1_73' title="bbox 294 3993 1874 4068">
     <span class='ocr_line' id='line_1_73' title="bbox 294 3993 1874 4068; baseline -0.001 -17"><span class='ocrx_word' id='word_1_503' title='bbox 294 3998 426 4060; x_wconf 79' lang='grc' dir='ltr'>τοὺς</span> <span class='ocrx_word' id='word_1_504' title='bbox 458 3995 766 4068; x_wconf 75' lang='grc' dir='ltr'>μάρτυρας,</span> <span class='ocrx_word' id='word_1_505' title='bbox 796 3994 895 4049; x_wconf 77' lang='grc' dir='ltr'><strong>καὶ</strong></span> <span class='ocrx_word' id='word_1_506' title='bbox 921 3993 1226 4048; x_wconf 83' lang='grc' dir='ltr'>συνοδεύειν</span> <span class='ocrx_word' id='word_1_507' title='bbox 1254 3995 1440 4058; x_wconf 79' lang='grc' dir='ltr'>αὐτοῖς</span> <span class='ocrx_word' id='word_1_508' title='bbox 1467 3995 1874 4060; x_wconf 59' lang='grc' dir='ltr'>ἐπιτάττοντας</span> 
     </span>
    </p>
   </div>
   <div class='ocr_carea' id='block_1_74' title="bbox 295 4084 1874 4159">
    <p class='ocr_par' dir='ltr' id='par_1_74' title="bbox 295 4084 1874 4159">
     <span class='ocr_line' id='line_1_74' title="bbox 295 4084 1874 4159; baseline -0.003 -17"><span class='ocrx_word' id='word_1_509' title='bbox 295 4091 327 4142; x_wconf 87' lang='grc' dir='ltr'><strong>ὁ</strong></span> <span class='ocrx_word' id='word_1_510' title='bbox 382 4089 461 4156; x_wconf 81' lang='grc' dir='ltr'><strong>δὲ,</strong></span> <span class='ocrx_word' id='word_1_511' title='bbox 494 4089 657 4159; x_wconf 68' lang='grc' dir='ltr'>φησὶν</span> <span class='ocrx_word' id='word_1_512' title='bbox 710 4086 892 4159; x_wconf 85' lang='lat' dir='ltr'><strong>[Dam.</strong></span> <span class='ocrx_word' id='word_1_513' title='bbox 940 4084 1114 4157; x_wconf 80' lang='grc' dir='ltr'>σφίσι]</span> <span class='ocrx_word' id='word_1_514' title='bbox 1164 4085 1573 4156; x_wconf 86' lang='grc' dir='ltr'>προθυμότερον</span> <span class='ocrx_word' id='word_1_515' title='bbox 1647 4086 1874 4138; x_wconf 82' lang='grc' dir='ltr'>εἵπετο·</span> 
     </span>
    </p>
   </div>
   <div class='ocr_carea' id='block_1_75' title="bbox 295 4175 1878 4253">
    <p class='ocr_par' dir='ltr' id='par_1_75' title="bbox 295 4175 1878 4253">
     <span class='ocr_line' id='line_1_75' title="bbox 295 4175 1878 4253; baseline -0.006 -18"><span class='ocrx_word' id='word_1_516' title='bbox 295 4182 416 4253; x_wconf 66' lang='grc' dir='ltr'>ᾔδει</span> <span class='ocrx_word' id='word_1_517' title='bbox 445 4180 552 4251; x_wconf 76' lang='grc' dir='ltr'>γὰρ</span> <span class='ocrx_word' id='word_1_518' title='bbox 577 4180 678 4233; x_wconf 83' lang='grc' dir='ltr'>οὐκ</span> <span class='ocrx_word' id='word_1_519' title='bbox 702 4177 931 4249; x_wconf 78' lang='grc' dir='ltr'>ἀκερδὲς</span> <span class='ocrx_word' id='word_1_520' title='bbox 961 4176 1021 4229; x_wconf 80' lang='grc' dir='ltr'><strong>τὸ</strong></span> <span class='ocrx_word' id='word_1_521' title='bbox 1045 4178 1156 4240; x_wconf 83' lang='grc' dir='ltr'>τοῖς</span> <span class='ocrx_word' id='word_1_522' title='bbox 1177 4176 1354 4245; x_wconf 84' lang='grc' dir='ltr'>ἁγίοις</span> <span class='ocrx_word' id='word_1_523' title='bbox 1379 4176 1728 4230; x_wconf 83' lang='grc' dir='ltr'>συνέπεσθαι.</span> <span class='ocrx_word' id='word_1_524' title='bbox 1761 4175 1878 4226; x_wconf 82' lang='grc' dir='ltr'><strong>Ἐλ-</strong></span> 
     </span>
    </p>
   </div>
   <div class='ocr_carea' id='block_1_76' title="bbox 299 4262 1879 4335">
    <p class='ocr_par' dir='ltr' id='par_1_76' title="bbox 299 4262 1879 4335">
     <span class='ocr_line' id='line_1_76' title="bbox 299 4262 1879 4335; baseline -0.004 -10"><span class='ocrx_word' id='word_1_525' title='bbox 299 4271 485 4334; x_wconf 83' lang='grc' dir='ltr'>θόντες</span> <span class='ocrx_word' id='word_1_526' title='bbox 528 4269 622 4323; x_wconf 74' lang='grc' dir='ltr'>οὖν</span> <span class='ocrx_word' id='word_1_527' title='bbox 667 4270 746 4332; x_wconf 79' lang='grc' dir='ltr'><strong>εἰς</strong></span> <span class='ocrx_word' id='word_1_528' title='bbox 781 4267 908 4321; x_wconf 87' lang='grc' dir='ltr'>ναόν</span> <span class='ocrx_word' id='word_1_529' title='bbox 951 4282 1076 4319; x_wconf 86' lang='grc' dir='ltr'>τινα</span> <span class='ocrx_word' id='word_1_530' title='bbox 1126 4265 1335 4318; x_wconf 84' lang='grc' dir='ltr'>τέλειον</span> <span class='ocrx_word' id='word_1_531' title='bbox 1386 4262 1564 4335; x_wconf 78' lang='lat' dir='ltr'><strong>[Dam.</strong></span> <span class='ocrx_word' id='word_1_532' title='bbox 1620 4263 1879 4318; x_wconf 87' lang='lat' dir='ltr'><strong>mendose</strong></span> 
     </span>
    </p>
   </div>
   <div class='ocr_carea' id='block_1_77' title="bbox 1979 3081 3546 3154">
    <p class='ocr_par' dir='ltr' id='par_1_77' title="bbox 1979 3081 3546 3154">
     <span class='ocr_line' id='line_1_77' title="bbox 1979 3081 3546 3154; baseline -0.003 -15"><span class='ocrx_word' id='word_1_533' title='bbox 1979 3101 2100 3139; x_wconf 90' lang='lat' dir='ltr'><strong>rum</strong></span> <span class='ocrx_word' id='word_1_534' title='bbox 2131 3083 2536 3154; x_wconf 87' lang='lat' dir='ltr'><strong>dispensatione</strong></span> <span class='ocrx_word' id='word_1_535' title='bbox 2564 3081 2854 3136; x_wconf 82' lang='lat' dir='ltr'><strong>manifeste</strong></span> <span class='ocrx_word' id='word_1_536' title='bbox 2889 3081 3216 3135; x_wconf 87' lang='lat' dir='ltr'><strong>oblivionem</strong></span> <span class='ocrx_word' id='word_1_537' title='bbox 3267 3095 3546 3151; x_wconf 79' lang='lat' dir='ltr'><strong>perpessa.</strong></span> 
     </span>
    </p>
   </div>
   <div class='ocr_carea' id='block_1_78' title="bbox 1977 3171 3549 3244">
    <p class='ocr_par' dir='ltr' id='par_1_78' title="bbox 1977 3171 3549 3244">
     <span class='ocr_line' id='line_1_78' title="bbox 1977 3171 3549 3244; baseline -0.003 -12"><span class='ocrx_word' id='word_1_538' title='bbox 1977 3182 2046 3233; x_wconf 88' lang='lat' dir='ltr'><strong>At</strong></span> <span class='ocrx_word' id='word_1_539' title='bbox 2106 3179 2196 3231; x_wconf 90' lang='lat' dir='ltr'><strong>ille</strong></span> <span class='ocrx_word' id='word_1_540' title='bbox 2255 3191 2378 3230; x_wconf 92' lang='lat' dir='ltr'><strong>cum</strong></span> <span class='ocrx_word' id='word_1_541' title='bbox 2436 3174 2804 3244; x_wconf 77' lang='lat' dir='ltr'><strong>cognovisset,</strong></span> <span class='ocrx_word' id='word_1_542' title='bbox 2851 3173 3004 3242; x_wconf 90' lang='lat' dir='ltr'><strong>prius</strong></span> <span class='ocrx_word' id='word_1_543' title='bbox 3053 3171 3271 3241; x_wconf 90' lang='lat' dir='ltr'><strong>quidem</strong></span> <span class='ocrx_word' id='word_1_544' title='bbox 3327 3172 3549 3242; x_wconf 75' lang='lat' dir='ltr'><strong>gavisus</strong></span> 
     </span>
    </p>
   </div>
   <div class='ocr_carea' id='block_1_79' title="bbox 1977 3263 3546 3334">
    <p class='ocr_par' dir='ltr' id='par_1_79' title="bbox 1977 3263 3546 3334">
     <span class='ocr_line' id='line_1_79' title="bbox 1977 3263 3546 3334; baseline -0.006 -9"><span class='ocrx_word' id='word_1_545' title='bbox 1977 3278 2083 3334; x_wconf 89' lang='lat' dir='ltr'><strong>est,</strong></span> <span class='ocrx_word' id='word_1_546' title='bbox 2114 3268 2242 3323; x_wconf 87' lang='lat' dir='ltr'><strong>dein</strong></span> <span class='ocrx_word' id='word_1_547' title='bbox 2272 3281 2403 3321; x_wconf 87' lang='lat' dir='ltr'><strong>vero</strong></span> <span class='ocrx_word' id='word_1_548' title='bbox 2425 3272 2622 3320; x_wconf 89' lang='lat' dir='ltr'><strong>cuncta</strong></span> <span class='ocrx_word' id='word_1_549' title='bbox 2654 3265 2813 3319; x_wconf 89' lang='lat' dir='ltr'><strong>matri</strong></span> <span class='ocrx_word' id='word_1_550' title='bbox 2839 3263 3078 3316; x_wconf 87' lang='lat' dir='ltr'><strong>narravit</strong></span> <span class='ocrx_word' id='word_1_551' title='bbox 3111 3277 3450 3332; x_wconf 69' lang='lat' dir='ltr'><strong>quaecunque</strong></span> <span class='ocrx_word' id='word_1_552' title='bbox 3493 3265 3546 3316; x_wconf 90' lang='lat' dir='ltr'><strong>in</strong></span> 
     </span>
    </p>
   </div>
   <div class='ocr_carea' id='block_1_80' title="bbox 1978 3351 3558 3429">
    <p class='ocr_par' dir='ltr' id='par_1_80' title="bbox 1978 3351 3558 3429">
     <span class='ocr_line' id='line_1_80' title="bbox 1978 3351 3558 3429; baseline -0.009 -13"><span class='ocrx_word' id='word_1_553' title='bbox 1978 3376 2040 3416; x_wconf 88' lang='lat' dir='ltr'><strong>se</strong></span> <span class='ocrx_word' id='word_1_554' title='bbox 2075 3366 2347 3429; x_wconf 82' lang='lat' dir='ltr'><strong>martyres</strong></span> <span class='ocrx_word' id='word_1_555' title='bbox 2379 3363 2692 3425; x_wconf 81' lang='lat' dir='ltr'><strong>gesserunt,</strong></span> <span class='ocrx_word' id='word_1_556' title='bbox 2726 3363 2780 3409; x_wconf 88' lang='lat' dir='ltr'><strong>et</strong></span> <span class='ocrx_word' id='word_1_557' title='bbox 2813 3355 3048 3424; x_wconf 83' lang='lat' dir='ltr'><strong>qualiter</strong></span> <span class='ocrx_word' id='word_1_558' title='bbox 3069 3351 3328 3408; x_wconf 64' lang='lat' dir='ltr'><strong>Ecclesia:</strong></span> <span class='ocrx_word' id='word_1_559' title='bbox 3357 3369 3558 3408; x_wconf 84' lang='lat' dir='ltr'><strong>occur-</strong></span> 
     </span>
    </p>
   </div>
   <div class='ocr_carea' id='block_1_81' title="bbox 1979 3444 3551 3520">
    <p class='ocr_par' dir='ltr' id='par_1_81' title="bbox 1979 3444 3551 3520">
     <span class='ocr_line' id='line_1_81' title="bbox 1979 3444 3551 3520; baseline -0.004 -12"><span class='ocrx_word' id='word_1_560' title='bbox 1979 3467 2100 3509; x_wconf 88' lang='lat' dir='ltr'><strong>rere</strong></span> <span class='ocrx_word' id='word_1_561' title='bbox 2129 3468 2188 3509; x_wconf 88' lang='lat' dir='ltr'><strong>se</strong></span> <span class='ocrx_word' id='word_1_562' title='bbox 2216 3451 2522 3520; x_wconf 82' lang='lat' dir='ltr'><strong>coegerint.</strong></span> <span class='ocrx_word' id='word_1_563' title='bbox 2566 3447 2630 3501; x_wconf 87' lang='lat' dir='ltr'><strong>Et</strong></span> <span class='ocrx_word' id='word_1_564' title='bbox 2665 3447 2752 3502; x_wconf 82' lang='lat' dir='ltr'><strong>ille</strong></span> <span class='ocrx_word' id='word_1_565' title='bbox 2786 3445 3006 3516; x_wconf 84' lang='lat' dir='ltr'><strong>quidem</strong></span> <span class='ocrx_word' id='word_1_566' title='bbox 3046 3445 3228 3502; x_wconf 89' lang='lat' dir='ltr'><strong>taliter</strong></span> <span class='ocrx_word' id='word_1_567' title='bbox 3262 3447 3327 3502; x_wconf 89' lang='lat' dir='ltr'><strong>ad</strong></span> <span class='ocrx_word' id='word_1_568' title='bbox 3363 3444 3551 3502; x_wconf 67' lang='lat' dir='ltr'><strong>Eccle-</strong></span> 
     </span>
    </p>
   </div>
   <div class='ocr_carea' id='block_1_82' title="bbox 1979 3541 2419 3611">
    <p class='ocr_par' dir='ltr' id='par_1_82' title="bbox 1979 3541 2419 3611">
     <span class='ocr_line' id='line_1_82' title="bbox 1979 3541 2419 3611; baseline -0.011 -12"><span class='ocrx_word' id='word_1_569' title='bbox 1979 3545 2117 3602; x_wconf 89' lang='lat' dir='ltr'><strong>siam</strong></span> <span class='ocrx_word' id='word_1_570' title='bbox 2153 3541 2419 3611; x_wconf 79' lang='lat' dir='ltr'><strong>confugit.</strong></span> 
     </span>
    </p>
   </div>
   <div class='ocr_carea' id='block_1_83' title="bbox 2049 3713 3550 3790">
    <p class='ocr_par' dir='ltr' id='par_1_83' title="bbox 2049 3713 3550 3790">
     <span class='ocr_line' id='line_1_83' title="bbox 2049 3713 3550 3790; baseline -0.009 -10"><span class='ocrx_word' id='word_1_571' title='bbox 2049 3724 2162 3780; x_wconf 84' lang='lat' dir='ltr'><strong>Nos</strong></span> <span class='ocrx_word' id='word_1_572' title='bbox 2193 3732 2372 3779; x_wconf 90' lang='lat' dir='ltr'><strong>autem</strong></span> <span class='ocrx_word' id='word_1_573' title='bbox 2397 3721 2510 3790; x_wconf 90' lang='lat' dir='ltr'><strong>jam</strong></span> <span class='ocrx_word' id='word_1_574' title='bbox 2540 3716 2790 3789; x_wconf 87' lang='lat' dir='ltr'><strong>corporis</strong></span> <span class='ocrx_word' id='word_1_575' title='bbox 2816 3715 3104 3772; x_wconf 83' lang='lat' dir='ltr'><strong>sanitatem</strong></span> <span class='ocrx_word' id='word_1_576' title='bbox 3136 3713 3399 3771; x_wconf 89' lang='lat' dir='ltr'><strong>dicemus.</strong></span> <span class='ocrx_word' id='word_1_577' title='bbox 3433 3727 3550 3768; x_wconf 90' lang='lat' dir='ltr'><strong>ser-</strong></span> 
     </span>
    </p>
   </div>
   <div class='ocr_carea' id='block_1_84' title="bbox 1979 3804 3552 3883">
    <p class='ocr_par' dir='ltr' id='par_1_84' title="bbox 1979 3804 3552 3883">
     <span class='ocr_line' id='line_1_84' title="bbox 1979 3804 3552 3883; baseline -0.009 -9"><span class='ocrx_word' id='word_1_578' title='bbox 1979 3831 2196 3874; x_wconf 89' lang='lat' dir='ltr'><strong>monem</strong></span> <span class='ocrx_word' id='word_1_579' title='bbox 2259 3811 2584 3883; x_wconf 86' lang='lat' dir='ltr'><strong>compendio</strong></span> <span class='ocrx_word' id='word_1_580' title='bbox 2637 3809 2920 3864; x_wconf 83' lang='lat' dir='ltr'><strong>facientes.</strong></span> <span class='ocrx_word' id='word_1_581' title='bbox 2979 3804 3111 3861; x_wconf 84' lang='lat' dir='ltr'><strong>Post</strong></span> <span class='ocrx_word' id='word_1_582' title='bbox 3166 3818 3371 3875; x_wconf 88' lang='lat' dir='ltr'><strong>paucos</strong></span> <span class='ocrx_word' id='word_1_583' title='bbox 3431 3806 3552 3860; x_wconf 87' lang='lat' dir='ltr'><strong>dies</strong></span> 
     </span>
    </p>
   </div>
   <div class='ocr_carea' id='block_1_85' title="bbox 1981 3896 3546 3966">
    <p class='ocr_par' dir='ltr' id='par_1_85' title="bbox 1981 3896 3546 3966">
     <span class='ocr_line' id='line_1_85' title="bbox 1981 3896 3546 3966; baseline -0.01 -2"><span class='ocrx_word' id='word_1_584' title='bbox 1981 3910 2177 3964; x_wconf 90' lang='lat' dir='ltr'><strong>iterum</strong></span> <span class='ocrx_word' id='word_1_585' title='bbox 2212 3905 2615 3965; x_wconf 86' lang='lat' dir='ltr'><strong>dormiebat,et</strong></span> <span class='ocrx_word' id='word_1_586' title='bbox 2644 3901 2841 3954; x_wconf 87' lang='lat' dir='ltr'><strong>iterum</strong></span> <span class='ocrx_word' id='word_1_587' title='bbox 2884 3896 3083 3966; x_wconf 86' lang='lat' dir='ltr'><strong>aspicit</strong></span> <span class='ocrx_word' id='word_1_588' title='bbox 3141 3905 3407 3965; x_wconf 86' lang='lat' dir='ltr'><strong>martyres</strong></span> <span class='ocrx_word' id='word_1_589' title='bbox 3454 3909 3546 3949; x_wconf 83' lang='lat' dir='ltr'><strong>as-</strong></span> 
     </span>
    </p>
   </div>
   <div class='ocr_carea' id='block_1_86' title="bbox 1981 3984 3548 4063">
    <p class='ocr_par' dir='ltr' id='par_1_86' title="bbox 1981 3984 3548 4063">
     <span class='ocr_line' id='line_1_86' title="bbox 1981 3984 3548 4063; baseline -0.007 -11"><span class='ocrx_word' id='word_1_590' title='bbox 1981 4010 2178 4063; x_wconf 88' lang='lat' dir='ltr'><strong>tantes,</strong></span> <span class='ocrx_word' id='word_1_591' title='bbox 2207 4005 2261 4054; x_wconf 90' lang='lat' dir='ltr'><strong>et</strong></span> <span class='ocrx_word' id='word_1_592' title='bbox 2287 4010 2472 4052; x_wconf 88' lang='lat' dir='ltr'><strong>secum</strong></span> <span class='ocrx_word' id='word_1_593' title='bbox 2504 3992 2754 4048; x_wconf 88' lang='lat' dir='ltr'><strong>comitari</strong></span> <span class='ocrx_word' id='word_1_594' title='bbox 2780 3990 3175 4061; x_wconf 72' lang='lat' dir='ltr'><strong>praecipientes,</strong></span> <span class='ocrx_word' id='word_1_595' title='bbox 3198 3987 3291 4058; x_wconf 87' lang='lat' dir='ltr'><strong>qui</strong></span> <span class='ocrx_word' id='word_1_596' title='bbox 3317 3994 3375 4040; x_wconf 89' lang='lat' dir='ltr'><strong>ut</strong></span> <span class='ocrx_word' id='word_1_597' title='bbox 3405 3984 3548 4041; x_wconf 87' lang='lat' dir='ltr'><strong>fere-</strong></span> 
     </span>
    </p>
   </div>
   <div class='ocr_carea' id='block_1_87' title="bbox 1979 4076 3548 4156">
    <p class='ocr_par' dir='ltr' id='par_1_87' title="bbox 1979 4076 3548 4156">
     <span class='ocr_line' id='line_1_87' title="bbox 1979 4076 3548 4156; baseline -0.01 -10"><span class='ocrx_word' id='word_1_598' title='bbox 1979 4091 2073 4146; x_wconf 86' lang='lat' dir='ltr'><strong>bat</strong></span> <span class='ocrx_word' id='word_1_599' title='bbox 2107 4089 2344 4143; x_wconf 90' lang='lat' dir='ltr'><strong>alaerius</strong></span> <span class='ocrx_word' id='word_1_600' title='bbox 2405 4083 2776 4156; x_wconf 87' lang='lat' dir='ltr'><strong>sequebatur;</strong></span> <span class='ocrx_word' id='word_1_601' title='bbox 2809 4087 3035 4136; x_wconf 80' lang='lat' dir='ltr'><strong>noverat</strong></span> <span class='ocrx_word' id='word_1_602' title='bbox 3067 4079 3212 4134; x_wconf 90' lang='lat' dir='ltr'><strong>enim</strong></span> <span class='ocrx_word' id='word_1_603' title='bbox 3246 4076 3391 4148; x_wconf 90' lang='lat' dir='ltr'><strong>quod</strong></span> <span class='ocrx_word' id='word_1_604' title='bbox 3440 4093 3548 4131; x_wconf 91' lang='lat' dir='ltr'><strong>non</strong></span> 
     </span>
    </p>
   </div>
   <div class='ocr_carea' id='block_1_88' title="bbox 1991 4166 3551 4245">
    <p class='ocr_par' dir='ltr' id='par_1_88' title="bbox 1991 4166 3551 4245">
     <span class='ocr_line' id='line_1_88' title="bbox 1991 4166 3551 4245; baseline -0.008 -10"><span class='ocrx_word' id='word_1_605' title='bbox 1991 4181 2111 4236; x_wconf 90' lang='lat' dir='ltr'><strong>sine</strong></span> <span class='ocrx_word' id='word_1_606' title='bbox 2145 4180 2298 4233; x_wconf 85' lang='lat' dir='ltr'><strong>lucro</strong></span> <span class='ocrx_word' id='word_1_607' title='bbox 2331 4191 2455 4232; x_wconf 89' lang='lat' dir='ltr'><strong>cum</strong></span> <span class='ocrx_word' id='word_1_608' title='bbox 2492 4173 2824 4245; x_wconf 80' lang='lat' dir='ltr'><strong>martyribus</strong></span> <span class='ocrx_word' id='word_1_609' title='bbox 2852 4178 2998 4227; x_wconf 90' lang='lat' dir='ltr'><strong>esset</strong></span> <span class='ocrx_word' id='word_1_610' title='bbox 3031 4171 3418 4224; x_wconf 89' lang='lat' dir='ltr'><strong>comitaturus.</strong></span> <span class='ocrx_word' id='word_1_611' title='bbox 3446 4166 3551 4222; x_wconf 83' lang='lat' dir='ltr'><strong>Ve-</strong></span> 
     </span>
    </p>
   </div>
   <div class='ocr_carea' id='block_1_89' title="bbox 1981 4260 3552 4336">
    <p class='ocr_par' dir='ltr' id='par_1_89' title="bbox 1981 4260 3552 4336">
     <span class='ocr_line' id='line_1_89' title="bbox 1981 4260 3552 4336; baseline -0.007 -13"><span class='ocrx_word' id='word_1_612' title='bbox 1981 4269 2196 4323; x_wconf 89' lang='lat' dir='ltr'><strong>nientes</strong></span> <span class='ocrx_word' id='word_1_613' title='bbox 2225 4267 2294 4321; x_wconf 91' lang='lat' dir='ltr'><strong>ad</strong></span> <span class='ocrx_word' id='word_1_614' title='bbox 2343 4265 2603 4336; x_wconf 87' lang='lat' dir='ltr'><strong>templum</strong></span> <span class='ocrx_word' id='word_1_615' title='bbox 2651 4262 2925 4332; x_wconf 87' lang='lat' dir='ltr'><strong>quoddam</strong></span> <span class='ocrx_word' id='word_1_616' title='bbox 2987 4261 3312 4330; x_wconf 82' lang='lat' dir='ltr'><strong>perfectum,</strong></span> <span class='ocrx_word' id='word_1_617' title='bbox 3370 4260 3552 4328; x_wconf 71' lang='lat' dir='ltr'><strong>specie</strong></span> 
     </span>
    </p>
   </div>
   <div class='ocr_carea' id='block_1_90' title="bbox 318 4350 1876 4433">
    <p class='ocr_par' dir='ltr' id='par_1_90' title="bbox 318 4351 1872 4433">
     <span class='ocr_line' id='line_1_90' title="bbox 318 4351 1872 4433; baseline -0.008 -18"><span class='ocrx_word' id='word_1_618' title='bbox 318 4360 638 4433; x_wconf 72' lang='grc' dir='ltr'>Ἐλληνιι›ν],</span> <span class='ocrx_word' id='word_1_619' title='bbox 671 4358 749 4430; x_wconf 84' lang='grc' dir='ltr'>τῷ</span> <span class='ocrx_word' id='word_1_620' title='bbox 778 4356 879 4428; x_wconf 82' lang='grc' dir='ltr'>μὲν</span> <span class='ocrx_word' id='word_1_621' title='bbox 914 4355 1042 4410; x_wconf 77' lang='grc' dir='ltr'>εἴδει</span> <span class='ocrx_word' id='word_1_622' title='bbox 1074 4354 1304 4425; x_wconf 73' lang='grc' dir='ltr'>φοϐερὸν</span> <span class='ocrx_word' id='word_1_623' title='bbox 1331 4353 1428 4406; x_wconf 74' lang='grc' dir='ltr'>καὶ</span> <span class='ocrx_word' id='word_1_624' title='bbox 1457 4351 1872 4422; x_wconf 83' lang='grc' dir='ltr'>ὑπέρλαμπρον,</span> 
     </span>
    </p>
   </div>
   <div class='ocr_carea' id='block_1_91' title="bbox 1981 4350 3552 4433">
    <p class='ocr_par' dir='ltr' id='par_1_91' title="bbox 1981 4350 3552 4429">
     <span class='ocr_line' id='line_1_91' title="bbox 1981 4350 3552 4429; baseline -0.007 -15"><span class='ocrx_word' id='word_1_625' title='bbox 1981 4358 2197 4429; x_wconf 88' lang='lat' dir='ltr'><strong>quidem</strong></span> <span class='ocrx_word' id='word_1_626' title='bbox 2247 4355 2508 4420; x_wconf 87' lang='lat' dir='ltr'><strong>terribile,</strong></span> <span class='ocrx_word' id='word_1_627' title='bbox 2581 4363 2745 4423; x_wconf 87' lang='lat' dir='ltr'><strong>atque</strong></span> <span class='ocrx_word' id='word_1_628' title='bbox 2808 4351 3210 4422; x_wconf 84' lang='lat' dir='ltr'><strong>praefulgidnm,</strong></span> <span class='ocrx_word' id='word_1_629' title='bbox 3265 4350 3552 4404; x_wconf 88' lang='lat' dir='ltr'><strong>altitudne</strong></span> 
     </span>
    </p>
   </div>
   <div class='ocr_carea' id='block_1_92' title="bbox 298 4443 1878 4525">
    <p class='ocr_par' dir='ltr' id='par_1_92' title="bbox 298 4443 1878 4525">
     <span class='ocr_line' id='line_1_92' title="bbox 298 4443 1878 4525; baseline -0.008 -18"><span class='ocrx_word' id='word_1_630' title='bbox 298 4453 380 4525; x_wconf 78' lang='grc' dir='ltr'>τῷ</span> <span class='ocrx_word' id='word_1_631' title='bbox 408 4453 454 4506; x_wconf 90' lang='grc' dir='ltr'>δ’</span> <span class='ocrx_word' id='word_1_632' title='bbox 486 4451 610 4520; x_wconf 75' lang='grc' dir='ltr'>ὕψει</span> <span class='ocrx_word' id='word_1_633' title='bbox 634 4451 744 4504; x_wconf 90' lang='grc' dir='ltr'><strong>τῶν</strong></span> <span class='ocrx_word' id='word_1_634' title='bbox 785 4446 1031 4520; x_wconf 81' lang='grc' dir='ltr'>οὐρανῶν</span> <span class='ocrx_word' id='word_1_635' title='bbox 1084 4445 1264 4500; x_wconf 76' lang='grc' dir='ltr'>αὐτῶν</span> <span class='ocrx_word' id='word_1_636' title='bbox 1326 4443 1731 4513; x_wconf 84' lang='grc' dir='ltr'>ἐφαπτόμενον·</span> <span class='ocrx_word' id='word_1_637' title='bbox 1783 4443 1878 4495; x_wconf 73' lang='grc' dir='ltr'><strong>καὶ</strong></span> 
     </span>
    </p>
   </div>
   <div class='ocr_carea' id='block_1_93' title="bbox 301 4532 1876 4612">
    <p class='ocr_par' dir='ltr' id='par_1_93' title="bbox 301 4532 1876 4612">
     <span class='ocr_line' id='line_1_93' title="bbox 301 4532 1876 4612; baseline -0.009 -13"><span class='ocrx_word' id='word_1_638' title='bbox 301 4547 435 4600; x_wconf 77' lang='grc' dir='ltr'>εἴσω</span> <span class='ocrx_word' id='word_1_639' title='bbox 471 4543 662 4597; x_wconf 89' lang='grc' dir='ltr'>τούτου</span> <span class='ocrx_word' id='word_1_640' title='bbox 687 4541 993 4612; x_wconf 85' lang='grc' dir='ltr'>γενόμενοι,</span> <span class='ocrx_word' id='word_1_641' title='bbox 1025 4536 1290 4609; x_wconf 87' lang='grc' dir='ltr'>μεγίστην</span> <span class='ocrx_word' id='word_1_642' title='bbox 1320 4533 1509 4587; x_wconf 77' lang='grc' dir='ltr'>εἰκόνα</span> <span class='ocrx_word' id='word_1_643' title='bbox 1535 4534 1630 4587; x_wconf 82' lang='grc' dir='ltr'>καὶ</span> <span class='ocrx_word' id='word_1_644' title='bbox 1661 4532 1876 4603; x_wconf 86' lang='grc' dir='ltr'>θαυμα-</span> 
     </span>
    </p>
   </div>
   <div class='ocr_carea' id='block_1_94' title="bbox 303 4622 1877 4704">
    <p class='ocr_par' dir='ltr' id='par_1_94' title="bbox 303 4622 1877 4704">
     <span class='ocr_line' id='line_1_94' title="bbox 303 4622 1877 4704; baseline -0.01 -15"><span class='ocrx_word' id='word_1_645' title='bbox 303 4636 426 4689; x_wconf 87' lang='grc' dir='ltr'>σίαν</span> <span class='ocrx_word' id='word_1_646' title='bbox 455 4633 759 4704; x_wconf 78' lang='grc' dir='ltr'>ἐϐλέπομεν</span> <span class='ocrx_word' id='word_1_647' title='bbox 784 4649 798 4662; x_wconf 91' lang='grc'>·</span> <span class='ocrx_word' id='word_1_648' title='bbox 843 4629 1007 4700; x_wconf 81' lang='grc' dir='ltr'>μέσον</span> <span class='ocrx_word' id='word_1_649' title='bbox 1057 4627 1156 4698; x_wconf 79' lang='grc' dir='ltr'>μὲν</span> <span class='ocrx_word' id='word_1_650' title='bbox 1204 4627 1295 4678; x_wconf 89' lang='grc' dir='ltr'>τὸν</span> <span class='ocrx_word' id='word_1_651' title='bbox 1324 4623 1600 4694; x_wconf 86' lang='grc' dir='ltr'>Δεσπότην</span> <span class='ocrx_word' id='word_1_652' title='bbox 1643 4622 1877 4693; x_wconf 83' lang='grc' dir='ltr'>Χριστὸν</span> 
     </span>
    </p>
   </div>
   <div class='ocr_carea' id='block_1_95' title="bbox 301 4713 1879 4799">
    <p class='ocr_par' dir='ltr' id='par_1_95' title="bbox 301 4713 1879 4799">
     <span class='ocr_line' id='line_1_95' title="bbox 301 4713 1879 4799; baseline -0.011 -17"><span class='ocrx_word' id='word_1_653' title='bbox 301 4725 688 4799; x_wconf 81' lang='grc' dir='ltr'>γεγραμμένον</span> <span class='ocrx_word' id='word_1_654' title='bbox 709 4721 996 4794; x_wconf 82' lang='grc' dir='ltr'>χρώμασιν</span> <span class='ocrx_word' id='word_1_655' title='bbox 1017 4717 1266 4788; x_wconf 74' lang='grc' dir='ltr'>ἔχουσαν,</span> <span class='ocrx_word' id='word_1_656' title='bbox 1300 4713 1532 4785; x_wconf 81' lang='grc' dir='ltr'>Χριστοῦ</span> <span class='ocrx_word' id='word_1_657' title='bbox 1557 4714 1613 4766; x_wconf 80' lang='grc' dir='ltr'>δὲ</span> <span class='ocrx_word' id='word_1_658' title='bbox 1664 4714 1761 4784; x_wconf 81' lang='grc' dir='ltr'>τὴν</span> <span class='ocrx_word' id='word_1_659' title='bbox 1784 4715 1879 4766; x_wconf 85' lang='grc' dir='ltr'><strong>Δέ-</strong></span> 
     </span>
    </p>
   </div>
   <div class='ocr_carea' id='block_1_96' title="bbox 306 4803 1879 4886">
    <p class='ocr_par' dir='ltr' id='par_1_96' title="bbox 306 4803 1879 4886">
     <span class='ocr_line' id='line_1_96' title="bbox 306 4803 1879 4886; baseline -0.013 -12"><span class='ocrx_word' id='word_1_660' title='bbox 306 4835 535 4874; x_wconf 87' lang='grc' dir='ltr'>σποιναν</span> <span class='ocrx_word' id='word_1_661' title='bbox 590 4815 748 4886; x_wconf 82' lang='grc' dir='ltr'>ἡμῶν</span> <span class='ocrx_word' id='word_1_662' title='bbox 775 4811 874 4884; x_wconf 80' lang='grc' dir='ltr'>τὴν</span> <span class='ocrx_word' id='word_1_663' title='bbox 911 4809 1172 4864; x_wconf 82' lang='grc' dir='ltr'>Θεοτόκον</span> <span class='ocrx_word' id='word_1_664' title='bbox 1214 4807 1309 4860; x_wconf 72' lang='grc' dir='ltr'><strong>καὶ</strong></span> <span class='ocrx_word' id='word_1_665' title='bbox 1337 4803 1722 4874; x_wconf 79' lang='grc' dir='ltr'>Ἀειπάρθενον</span> <span class='ocrx_word' id='word_1_666' title='bbox 1759 4805 1879 4858; x_wconf 84' lang='grc' dir='ltr'><strong>Μα-</strong></span> 
     </span>
    </p>
   </div>
   <div class='ocr_carea' id='block_1_97' title="bbox 307 4893 1879 4982">
    <p class='ocr_par' dir='ltr' id='par_1_97' title="bbox 307 4893 1879 4982">
     <span class='ocr_line' id='line_1_97' title="bbox 307 4893 1879 4982; baseline -0.01 -21"><span class='ocrx_word' id='word_1_667' title='bbox 307 4912 429 4982; x_wconf 83' lang='grc' dir='ltr'>ρίαν</span> <span class='ocrx_word' id='word_1_668' title='bbox 453 4907 754 4976; x_wconf 86' lang='grc' dir='ltr'>εὐώνυμον,</span> <span class='ocrx_word' id='word_1_669' title='bbox 804 4902 899 4956; x_wconf 68' lang='grc' dir='ltr'>καὶ</span> <span class='ocrx_word' id='word_1_670' title='bbox 928 4900 1105 4964; x_wconf 74' lang='grc' dir='ltr'>δεξιὸν</span> <span class='ocrx_word' id='word_1_671' title='bbox 1134 4899 1387 4966; x_wconf 69' lang='grc' dir='ltr'>Ἰωάννην</span> <span class='ocrx_word' id='word_1_672' title='bbox 1439 4896 1530 4946; x_wconf 74' lang='grc' dir='ltr'><strong>τὸν</strong></span> <span class='ocrx_word' id='word_1_673' title='bbox 1577 4893 1879 4964; x_wconf 79' lang='grc' dir='ltr'>βαπτιστὴν</span> 
     </span>
    </p>
   </div>
   <div class='ocr_carea' id='block_1_98' title="bbox 302 4983 1879 5066">
    <p class='ocr_par' dir='ltr' id='par_1_98' title="bbox 302 4983 1879 5066">
     <span class='ocr_line' id='line_1_98' title="bbox 302 4983 1879 5066; baseline -0.014 -10"><span class='ocrx_word' id='word_1_674' title='bbox 302 5001 472 5056; x_wconf 82' lang='grc' dir='ltr'>αὑτοῦ</span> <span class='ocrx_word' id='word_1_675' title='bbox 513 4998 608 5052; x_wconf 84' lang='grc' dir='ltr'><strong>τοῦ</strong></span> <span class='ocrx_word' id='word_1_676' title='bbox 657 4997 906 5066; x_wconf 82' lang='grc' dir='ltr'>Σωτῆρος</span> <span class='ocrx_word' id='word_1_677' title='bbox 955 4994 1048 5045; x_wconf 77' lang='grc' dir='ltr'>καὶ</span> <span class='ocrx_word' id='word_1_678' title='bbox 1094 4988 1423 5060; x_wconf 87' lang='grc' dir='ltr'>πρόδρομον,</span> <span class='ocrx_word' id='word_1_679' title='bbox 1447 4983 1538 5038; x_wconf 83' lang='grc' dir='ltr'>τὸν</span> <span class='ocrx_word' id='word_1_680' title='bbox 1589 4985 1647 5039; x_wconf 84' lang='grc' dir='ltr'>ἐν</span> <span class='ocrx_word' id='word_1_681' title='bbox 1695 4983 1879 5055; x_wconf 83' lang='grc' dir='ltr'>κοιλίᾳ</span> 
     </span>
    </p>
   </div>
   <div class='ocr_carea' id='block_1_99' title="bbox 307 5074 1878 5164">
    <p class='ocr_par' dir='ltr' id='par_1_99' title="bbox 307 5074 1878 5164">
     <span class='ocr_line' id='line_1_99' title="bbox 307 5074 1878 5164; baseline -0.012 -15"><span class='ocrx_word' id='word_1_682' title='bbox 307 5092 675 5164; x_wconf 83' lang='grc' dir='ltr'>σκιρτήμασιν</span> <span class='ocrx_word' id='word_1_683' title='bbox 706 5087 870 5142; x_wconf 75' lang='grc' dir='ltr'>αὑτὸν</span> <span class='ocrx_word' id='word_1_684' title='bbox 915 5080 1369 5153; x_wconf 86' lang='grc' dir='ltr'>προμηνύσαντα.</span> <span class='ocrx_word' id='word_1_685' title='bbox 1407 5075 1532 5130; x_wconf 71' lang='grc' dir='ltr'>ἐπεὶ</span> <span class='ocrx_word' id='word_1_686' title='bbox 1563 5075 1661 5130; x_wconf 76' lang='grc' dir='ltr'>καὶ</span> <span class='ocrx_word' id='word_1_687' title='bbox 1699 5074 1878 5130; x_wconf 86' lang='grc' dir='ltr'>λαλῶν</span> 
     </span>
    </p>
   </div>
   <div class='ocr_carea' id='block_1_100' title="bbox 302 5167 1880 5256">
    <p class='ocr_par' dir='ltr' id='par_1_100' title="bbox 302 5167 1880 5256">
     <span class='ocr_line' id='line_1_100' title="bbox 302 5167 1880 5256; baseline -0.012 -16"><span class='ocrx_word' id='word_1_688' title='bbox 302 5186 455 5240; x_wconf 70' lang='grc' dir='ltr'>ἔνδον</span> <span class='ocrx_word' id='word_1_689' title='bbox 505 5180 740 5256; x_wconf 82' lang='lat' dir='ltr'><strong>[Synod.</strong></span> <span class='ocrx_word' id='word_1_690' title='bbox 787 5185 842 5234; x_wconf 83' lang='lat' dir='ltr'><strong>et</strong></span> <span class='ocrx_word' id='word_1_691' title='bbox 874 5177 1028 5231; x_wconf 88' lang='lat' dir='ltr'><strong>Dam.</strong></span> <span class='ocrx_word' id='word_1_692' title='bbox 1061 5173 1209 5226; x_wconf 82' lang='grc' dir='ltr'>ἐνδον</span> <span class='ocrx_word' id='word_1_693' title='bbox 1237 5169 1338 5242; x_wconf 82' lang='grc' dir='ltr'><strong>ὢν]</strong></span> <span class='ocrx_word' id='word_1_694' title='bbox 1374 5169 1474 5222; x_wconf 76' lang='grc' dir='ltr'>οὐκ</span> <span class='ocrx_word' id='word_1_695' title='bbox 1500 5168 1750 5240; x_wconf 76' lang='grc' dir='ltr'>ἠκούετο,</span> <span class='ocrx_word' id='word_1_696' title='bbox 1784 5167 1880 5223; x_wconf 86' lang='grc' dir='ltr'><strong>καί</strong></span> 
     </span>
    </p>
   </div>
   <div class='ocr_carea' id='block_1_101' title="bbox 303 5258 1882 5341">
    <p class='ocr_par' dir='ltr' id='par_1_101' title="bbox 303 5258 1882 5341">
     <span class='ocr_line' id='line_1_101' title="bbox 303 5258 1882 5341; baseline -0.013 -7"><span class='ocrx_word' id='word_1_697' title='bbox 303 5293 457 5341; x_wconf 78' lang='grc' dir='ltr'>τινας</span> <span class='ocrx_word' id='word_1_698' title='bbox 493 5274 590 5328; x_wconf 84' lang='grc' dir='ltr'>τοῦ</span> <span class='ocrx_word' id='word_1_699' title='bbox 617 5271 727 5326; x_wconf 84' lang='grc' dir='ltr'><strong>τῶν</strong></span> <span class='ocrx_word' id='word_1_700' title='bbox 753 5267 1067 5324; x_wconf 82' lang='grc' dir='ltr'>ἀποστόλων</span> <span class='ocrx_word' id='word_1_701' title='bbox 1091 5265 1185 5318; x_wconf 77' lang='grc' dir='ltr'>καὶ</span> <span class='ocrx_word' id='word_1_702' title='bbox 1219 5259 1514 5334; x_wconf 86' lang='grc' dir='ltr'>προφητῶν</span> <span class='ocrx_word' id='word_1_703' title='bbox 1546 5258 1758 5327; x_wconf 79' lang='grc' dir='ltr'>ἐνδόξου</span> <span class='ocrx_word' id='word_1_704' title='bbox 1792 5277 1882 5330; x_wconf 87' lang='grc' dir='ltr'><strong>χο-</strong></span> 
     </span>
    </p>
   </div>
   <div class='ocr_carea' id='block_1_102' title="bbox 1978 4441 3550 4513">
    <p class='ocr_par' dir='ltr' id='par_1_102' title="bbox 1978 4441 3550 4513">
     <span class='ocr_line' id='line_1_102' title="bbox 1978 4441 3550 4513; baseline -0.002 -16"><span class='ocrx_word' id='word_1_705' title='bbox 1978 4461 2110 4502; x_wconf 91' lang='lat' dir='ltr'><strong>vero</strong></span> <span class='ocrx_word' id='word_1_706' title='bbox 2149 4446 2215 4500; x_wconf 88' lang='lat' dir='ltr'><strong>ad</strong></span> <span class='ocrx_word' id='word_1_707' title='bbox 2281 4445 2452 4500; x_wconf 65' lang='lat' dir='ltr'><strong>celos</strong></span> <span class='ocrx_word' id='word_1_708' title='bbox 2492 4443 2849 4513; x_wconf 77' lang='lat' dir='ltr'><strong>pertingens;</strong></span> <span class='ocrx_word' id='word_1_709' title='bbox 2907 4450 2960 4494; x_wconf 91' lang='lat' dir='ltr'><strong>et</strong></span> <span class='ocrx_word' id='word_1_710' title='bbox 3021 4441 3125 4494; x_wconf 91' lang='lat' dir='ltr'><strong>hoc</strong></span> <span class='ocrx_word' id='word_1_711' title='bbox 3183 4450 3550 4510; x_wconf 83' lang='lat' dir='ltr'><strong>penetrantes,</strong></span> 
     </span>
    </p>
   </div>
   <div class='ocr_carea' id='block_1_103' title="bbox 1979 4531 3622 4607">
    <p class='ocr_par' dir='ltr' id='par_1_103' title="bbox 1979 4531 3622 4607">
     <span class='ocr_line' id='line_1_103' title="bbox 1979 4531 3622 4607; baseline -0.004 -17"><span class='ocrx_word' id='word_1_712' title='bbox 1979 4537 2270 4592; x_wconf 82' lang='lat' dir='ltr'><strong>maximam</strong></span> <span class='ocrx_word' id='word_1_713' title='bbox 2328 4536 2616 4605; x_wconf 85' lang='lat' dir='ltr'><strong>imaginem</strong></span> <span class='ocrx_word' id='word_1_714' title='bbox 2671 4535 2743 4588; x_wconf 63' lang='lat' dir='ltr'><strong>et&#39;</strong></span> <span class='ocrx_word' id='word_1_715' title='bbox 2786 4531 3159 4587; x_wconf 83' lang='lat' dir='ltr'><strong>admirabilem</strong></span> <span class='ocrx_word' id='word_1_716' title='bbox 3212 4533 3551 4594; x_wconf 87' lang='lat' dir='ltr'><strong>videbamus,</strong></span> <span class='ocrx_word' id='word_1_717' title='bbox 3616 4598 3622 4607; x_wconf 22' lang='grc' dir='ltr'>ἱ</span> 
     </span>
    </p>
   </div>
   <div class='ocr_carea' id='block_1_104' title="bbox 1977 4621 3555 4698">
    <p class='ocr_par' dir='ltr' id='par_1_104' title="bbox 1977 4621 3555 4698">
     <span class='ocr_line' id='line_1_104' title="bbox 1977 4621 3555 4698; baseline -0.005 -16"><span class='ocrx_word' id='word_1_718' title='bbox 1977 4642 2099 4698; x_wconf 76' lang='lat' dir='ltr'><strong>qua:</strong></span> <span class='ocrx_word' id='word_1_719' title='bbox 2133 4628 2186 4680; x_wconf 90' lang='lat' dir='ltr'><strong>in</strong></span> <span class='ocrx_word' id='word_1_720' title='bbox 2215 4625 2395 4680; x_wconf 88' lang='lat' dir='ltr'><strong>medio</strong></span> <span class='ocrx_word' id='word_1_721' title='bbox 2417 4625 2636 4695; x_wconf 90' lang='lat' dir='ltr'><strong>quidem</strong></span> <span class='ocrx_word' id='word_1_722' title='bbox 2669 4625 2752 4678; x_wconf 90' lang='lat' dir='ltr'><strong>sui</strong></span> <span class='ocrx_word' id='word_1_723' title='bbox 2790 4623 3075 4677; x_wconf 90' lang='lat' dir='ltr'><strong>Dominum</strong></span> <span class='ocrx_word' id='word_1_724' title='bbox 3101 4621 3381 4676; x_wconf 85' lang='lat' dir='ltr'><strong>Christum</strong></span> <span class='ocrx_word' id='word_1_725' title='bbox 3406 4622 3555 4674; x_wconf 79' lang='lat' dir='ltr'><strong>colo-</strong></span> 
     </span>
    </p>
   </div>
   <div class='ocr_carea' id='block_1_105' title="bbox 1976 4715 3552 4787">
    <p class='ocr_par' dir='ltr' id='par_1_105' title="bbox 1976 4715 3552 4787">
     <span class='ocr_line' id='line_1_105' title="bbox 1976 4715 3552 4787; baseline -0.008 -12"><span class='ocrx_word' id='word_1_726' title='bbox 1976 4721 2131 4775; x_wconf 89' lang='lat' dir='ltr'><strong>ribus</strong></span> <span class='ocrx_word' id='word_1_727' title='bbox 2165 4718 2400 4773; x_wconf 82' lang='lat' dir='ltr'><strong>habebat</strong></span> <span class='ocrx_word' id='word_1_728' title='bbox 2427 4717 2727 4787; x_wconf 89' lang='lat' dir='ltr'><strong>depictum,</strong></span> <span class='ocrx_word' id='word_1_729' title='bbox 2762 4715 3140 4769; x_wconf 87' lang='lat' dir='ltr'><strong>sinistrorsum</strong></span> <span class='ocrx_word' id='word_1_730' title='bbox 3172 4727 3302 4766; x_wconf 73' lang='lat' dir='ltr'><strong>vero</strong></span> <span class='ocrx_word' id='word_1_731' title='bbox 3328 4723 3552 4766; x_wconf 84' lang='lat' dir='ltr'><strong>matrem</strong></span> 
     </span>
    </p>
   </div>
   <div class='ocr_carea' id='block_1_106' title="bbox 1979 4803 3553 4880">
    <p class='ocr_par' dir='ltr' id='par_1_106' title="bbox 1979 4803 3553 4880">
     <span class='ocr_line' id='line_1_106' title="bbox 1979 4803 3553 4880; baseline -0.007 -16"><span class='ocrx_word' id='word_1_732' title='bbox 1979 4809 2150 4880; x_wconf 82' lang='lat' dir='ltr'><strong>ipsius</strong></span> <span class='ocrx_word' id='word_1_733' title='bbox 2175 4848 2192 4873; x_wconf 91' lang='lat'><strong>,</strong></span> <span class='ocrx_word' id='word_1_734' title='bbox 2220 4805 2505 4860; x_wconf 88' lang='lat' dir='ltr'><strong>Dominam</strong></span> <span class='ocrx_word' id='word_1_735' title='bbox 2542 4805 2795 4859; x_wconf 80' lang='lat' dir='ltr'><strong>videlicet</strong></span> <span class='ocrx_word' id='word_1_736' title='bbox 2829 4812 3068 4857; x_wconf 87' lang='lat' dir='ltr'><strong>nostram</strong></span> <span class='ocrx_word' id='word_1_737' title='bbox 3113 4803 3204 4857; x_wconf 80' lang='lat' dir='ltr'><strong>Dei</strong></span> <span class='ocrx_word' id='word_1_738' title='bbox 3235 4806 3553 4872; x_wconf 79' lang='lat' dir='ltr'><strong>genitricem</strong></span> 
     </span>
    </p>
   </div>
   <div class='ocr_carea' id='block_1_107' title="bbox 1977 4893 3554 4970">
    <p class='ocr_par' dir='ltr' id='par_1_107' title="bbox 1977 4893 3554 4970">
     <span class='ocr_line' id='line_1_107' title="bbox 1977 4893 3554 4970; baseline -0.009 -14"><span class='ocrx_word' id='word_1_739' title='bbox 1977 4900 2303 4970; x_wconf 80' lang='lat' dir='ltr'><strong>semperque</strong></span> <span class='ocrx_word' id='word_1_740' title='bbox 2341 4897 2608 4966; x_wconf 82' lang='lat' dir='ltr'><strong>virginem</strong></span> <span class='ocrx_word' id='word_1_741' title='bbox 2673 4893 2896 4948; x_wconf 78' lang='lat' dir='ltr'><strong>Mariam</strong></span> <span class='ocrx_word' id='word_1_742' title='bbox 2940 4909 2956 4946; x_wconf 92' lang='lat'><strong>:</strong></span> <span class='ocrx_word' id='word_1_743' title='bbox 3004 4908 3168 4962; x_wconf 90' lang='lat' dir='ltr'><strong>porro</strong></span> <span class='ocrx_word' id='word_1_744' title='bbox 3205 4893 3554 4948; x_wconf 64' lang='lat' dir='ltr'><strong>dextrorsum</strong></span> 
     </span>
    </p>
   </div>
   <div class='ocr_carea' id='block_1_108' title="bbox 1983 4985 3576 5062">
    <p class='ocr_par' dir='ltr' id='par_1_108' title="bbox 1983 4985 3576 5062">
     <span class='ocr_line' id='line_1_108' title="bbox 1983 4985 3576 5062; baseline -0.006 -17"><span class='ocrx_word' id='word_1_745' title='bbox 1983 4989 2249 5051; x_wconf 79' lang='lat' dir='ltr'><strong>Joannem</strong></span> <span class='ocrx_word' id='word_1_746' title='bbox 2276 4988 2522 5060; x_wconf 85' lang='lat' dir='ltr'><strong>ejusdem</strong></span> <span class='ocrx_word' id='word_1_747' title='bbox 2554 4985 2856 5042; x_wconf 84' lang='lat' dir='ltr'><strong>Salvatoris</strong></span> <span class='ocrx_word' id='word_1_748' title='bbox 2882 4985 3173 5054; x_wconf 86' lang='lat' dir='ltr'><strong>baptistam</strong></span> <span class='ocrx_word' id='word_1_749' title='bbox 3205 4995 3258 5038; x_wconf 90' lang='lat' dir='ltr'><strong>et</strong></span> <span class='ocrx_word' id='word_1_750' title='bbox 3314 5000 3576 5062; x_wconf 43' lang='grc' dir='ltr'>νιιιιυιιιυτ</span> 
     </span>
    </p>
   </div>
   <div class='ocr_carea' id='block_1_109' title="bbox 1987 5077 3556 5153">
    <p class='ocr_par' dir='ltr' id='par_1_109' title="bbox 1987 5077 3556 5153">
     <span class='ocr_line' id='line_1_109' title="bbox 1987 5077 3556 5153; baseline -0.009 -12"><span class='ocrx_word' id='word_1_751' title='bbox 1987 5099 2190 5152; x_wconf 86' lang='lat' dir='ltr'><strong>sorem,</strong></span> <span class='ocrx_word' id='word_1_752' title='bbox 2220 5082 2312 5153; x_wconf 91' lang='lat' dir='ltr'><strong>qui</strong></span> <span class='ocrx_word' id='word_1_753' title='bbox 2347 5096 2413 5137; x_wconf 78' lang='lat' dir='ltr'><strong>ex</strong></span> <span class='ocrx_word' id='word_1_754' title='bbox 2462 5086 2620 5136; x_wconf 87' lang='lat' dir='ltr'><strong>utero</strong></span> <span class='ocrx_word' id='word_1_755' title='bbox 2640 5077 3104 5133; x_wconf 75' lang='lat' dir='ltr'><strong>exsultationibus</strong></span> <span class='ocrx_word' id='word_1_756' title='bbox 3123 5091 3248 5131; x_wconf 91' lang='lat' dir='ltr'><strong>eum</strong></span> <span class='ocrx_word' id='word_1_757' title='bbox 3300 5091 3556 5144; x_wconf 82' lang='lat' dir='ltr'><strong>pra-nun-</strong></span> 
     </span>
    </p>
   </div>
   <div class='ocr_carea' id='block_1_110' title="bbox 1992 5171 3556 5243">
    <p class='ocr_par' dir='ltr' id='par_1_110' title="bbox 1992 5171 3556 5243">
     <span class='ocr_line' id='line_1_110' title="bbox 1992 5171 3556 5243; baseline -0.011 -10"><span class='ocrx_word' id='word_1_758' title='bbox 1992 5177 2178 5243; x_wconf 87' lang='lat' dir='ltr'><strong>tiavit;</strong></span> <span class='ocrx_word' id='word_1_759' title='bbox 2211 5189 2338 5230; x_wconf 87' lang='lat' dir='ltr'><strong>nam</strong></span> <span class='ocrx_word' id='word_1_760' title='bbox 2391 5179 2446 5229; x_wconf 84' lang='lat' dir='ltr'><strong>et</strong></span> <span class='ocrx_word' id='word_1_761' title='bbox 2471 5173 2724 5243; x_wconf 86' lang='lat' dir='ltr'><strong>loquens,</strong></span> <span class='ocrx_word' id='word_1_762' title='bbox 2753 5184 2879 5224; x_wconf 88' lang='lat' dir='ltr'><strong>cum</strong></span> <span class='ocrx_word' id='word_1_763' title='bbox 2910 5171 3059 5224; x_wconf 84' lang='lat' dir='ltr'><strong>intus</strong></span> <span class='ocrx_word' id='word_1_764' title='bbox 3103 5176 3272 5230; x_wconf 81' lang='lat' dir='ltr'><strong>esset,</strong></span> <span class='ocrx_word' id='word_1_765' title='bbox 3310 5180 3415 5218; x_wconf 83' lang='lat' dir='ltr'><strong>non</strong></span> <span class='ocrx_word' id='word_1_766' title='bbox 3459 5181 3556 5217; x_wconf 85' lang='lat' dir='ltr'><strong>au-</strong></span> 
     </span>
    </p>
   </div>
   <div class='ocr_carea' id='block_1_111' title="bbox 1994 5257 3559 5333">
    <p class='ocr_par' dir='ltr' id='par_1_111' title="bbox 1994 5257 3559 5333">
     <span class='ocr_line' id='line_1_111' title="bbox 1994 5257 3559 5333; baseline -0.011 -8"><span class='ocrx_word' id='word_1_767' title='bbox 1994 5268 2236 5333; x_wconf 86' lang='lat' dir='ltr'><strong>diretur;</strong></span> <span class='ocrx_word' id='word_1_768' title='bbox 2297 5278 2509 5321; x_wconf 87' lang='lat' dir='ltr'><strong>necnon</strong></span> <span class='ocrx_word' id='word_1_769' title='bbox 2538 5270 2593 5318; x_wconf 90' lang='lat' dir='ltr'><strong>et</strong></span> <span class='ocrx_word' id='word_1_770' title='bbox 2637 5259 2905 5331; x_wconf 85' lang='lat' dir='ltr'><strong>quosdam</strong></span> <span class='ocrx_word' id='word_1_771' title='bbox 2964 5259 3034 5314; x_wconf 88' lang='lat' dir='ltr'><strong>de</strong></span> <span class='ocrx_word' id='word_1_772' title='bbox 3087 5257 3457 5328; x_wconf 85' lang='lat' dir='ltr'><strong>apostolorum</strong></span> <span class='ocrx_word' id='word_1_773' title='bbox 3505 5264 3559 5310; x_wconf 83' lang='lat' dir='ltr'><strong>et</strong></span> 
     </span>
    </p>
   </div>
   <div class='ocr_carea' id='block_1_112' title="bbox 1779 5403 2012 5461">
    <p class='ocr_par' dir='ltr' id='par_1_112' title="bbox 1779 5403 2012 5461">
     <span class='ocr_line' id='line_1_112' title="bbox 1779 5403 2012 5461; baseline 0.004 -2"><span class='ocrx_word' id='word_1_774' title='bbox 1779 5403 2012 5461; x_wconf 65' lang='grc' dir='ltr'><strong>λΟΤιΕ.</strong></span> 
     </span>
    </p>
   </div>
   <div class='ocr_carea' id='block_1_113' title="bbox 382 5517 1881 5605">
    <p class='ocr_par' dir='ltr' id='par_1_113' title="bbox 382 5517 1881 5605">
     <span class='ocr_line' id='line_1_113' title="bbox 382 5517 1881 5605; baseline -0.011 -18"><span class='ocrx_word' id='word_1_775' title='bbox 382 5532 494 5605; x_wconf 68' lang='grc'><strong>(24)</strong></span> <span class='ocrx_word' id='word_1_776' title='bbox 536 5531 862 5605; x_wconf 61' lang='lat' dir='ltr'><strong>sequentem</strong></span> <span class='ocrx_word' id='word_1_777' title='bbox 895 5521 1270 5605; x_wconf 69' lang='lat' dir='ltr'><strong>narrationem</strong></span> <span class='ocrx_word' id='word_1_778' title='bbox 1315 5517 1881 5605; x_wconf 42' lang='lat' dir='ltr'><strong>referunt‘cx‘saneto</strong></span> 
     </span>
    </p>
   </div>
   <div class='ocr_carea' id='block_1_114' title="bbox 311 5590 1879 5666">
    <p class='ocr_par' dir='ltr' id='par_1_114' title="bbox 311 5590 1879 5666">
     <span class='ocr_line' id='line_1_114' title="bbox 311 5590 1879 5666; baseline -0.012 -6"><span class='ocrx_word' id='word_1_779' title='bbox 311 5590 642 5661; x_wconf 66' lang='lat' dir='ltr'><strong>nominatim</strong></span> <span class='ocrx_word' id='word_1_780' title='bbox 705 5591 1318 5666; x_wconf 36' lang='lat' dir='ltr'><strong>Sephroniohsynodus</strong></span> <span class='ocrx_word' id='word_1_781' title='bbox 1380 5592 1622 5666; x_wconf 55' lang='lat' dir='ltr'><strong>secunda</strong></span> <span class='ocrx_word' id='word_1_782' title='bbox 1666 5590 1879 5666; x_wconf 38' lang='grc' dir='ltr'><strong>Μαίνῃ-ιι</strong></span> 
     </span>
    </p>
   </div>
   <div class='ocr_carea' id='block_1_115' title="bbox 318 5659 1882 5729">
    <p class='ocr_par' dir='ltr' id='par_1_115' title="bbox 318 5659 1882 5729">
     <span class='ocr_line' id='line_1_115' title="bbox 318 5659 1882 5729; baseline -0.012 -1"><span class='ocrx_word' id='word_1_783' title='bbox 318 5659 424 5729; x_wconf 74' lang='lat' dir='ltr'><strong>act.</strong></span> <span class='ocrx_word' id='word_1_784' title='bbox 457 5677 487 5728; x_wconf 68' lang='grc'><strong>4</strong></span> <span class='ocrx_word' id='word_1_785' title='bbox 518 5675 605 5726; x_wconf 93' lang='lat' dir='ltr'><strong>ed.</strong></span> <span class='ocrx_word' id='word_1_786' title='bbox 663 5659 901 5721; x_wconf 66' lang='lat' dir='ltr'><strong>Flore-nt.</strong></span> <span class='ocrx_word' id='word_1_787' title='bbox 938 5675 976 5719; x_wconf 94' lang='lat' dir='ltr'><strong>t.</strong></span> <span class='ocrx_word' id='word_1_788' title='bbox 1006 5659 1160 5728; x_wconf 80' lang='lat' dir='ltr'><strong>Xlli,</strong></span> <span class='ocrx_word' id='word_1_789' title='bbox 1217 5663 1322 5714; x_wconf 84' lang='lat' dir='ltr'><strong>col.</strong></span> <span class='ocrx_word' id='word_1_790' title='bbox 1384 5659 1485 5724; x_wconf 81' lang='lat'><strong>57;</strong></span> <span class='ocrx_word' id='word_1_791' title='bbox 1542 5661 1776 5726; x_wconf 87' lang='lat' dir='ltr'><strong>itemque</strong></span> <span class='ocrx_word' id='word_1_792' title='bbox 1825 5660 1882 5710; x_wconf 82' lang='lat' dir='ltr'><strong>S.</strong></span> 
     </span>
    </p>
   </div>
   <div class='ocr_carea' id='block_1_116' title="bbox 1987 5487 3559 5643">
    <p class='ocr_par' dir='ltr' id='par_1_116' title="bbox 1987 5487 3559 5643">
     <span class='ocr_line' id='line_1_116' title="bbox 1987 5487 3559 5643; baseline -0.004 -70"><span class='ocrx_word' id='word_1_793' title='bbox 1987 5517 2229 5643; x_wconf 58' lang='lat' dir='ltr'><strong>Jognnes</strong></span> <span class='ocrx_word' id='word_1_794' title='bbox 2265 5487 2633 5575; x_wconf 80' lang='lat' dir='ltr'><strong>Damascenus</strong></span> <span class='ocrx_word' id='word_1_795' title='bbox 2659 5515 2715 5572; x_wconf 90' lang='lat' dir='ltr'><strong>iu</strong></span> <span class='ocrx_word' id='word_1_796' title='bbox 2759 5514 2919 5573; x_wconf 83' lang='lat' dir='ltr'><strong>tertia</strong></span> <span class='ocrx_word' id='word_1_797' title='bbox 2969 5513 3216 5570; x_wconf 82' lang='lat' dir='ltr'><strong>oratione</strong></span> <span class='ocrx_word' id='word_1_798' title='bbox 3250 5511 3322 5567; x_wconf 84' lang='lat' dir='ltr'><strong>De</strong></span> <span class='ocrx_word' id='word_1_799' title='bbox 3373 5513 3559 5583; x_wconf 76' lang='lat' dir='ltr'><strong>imagi-</strong></span> 
     </span>
     <span class='ocr_line' id='line_1_117' title="bbox 1993 5607 2167 5643; baseline 0 0"><span class='ocrx_word' id='word_1_800' title='bbox 1993 5607 2046 5643; x_wconf 73' lang='grc' dir='ltr'><strong>ιιι</strong></span> <span class='ocrx_word' id='word_1_801' title='bbox 2089 5607 2167 5643; x_wconf 77' lang='grc' dir='ltr'>ιω.</span> 
     </span>
    </p>
   </div>
   <div class='ocr_carea' id='block_1_117' title="bbox 1993 5607 2167 5645">
    <p class='ocr_par' dir='ltr' id='par_1_117' title="bbox 1993 5607 2167 5645">
     <span class='ocr_line' id='line_1_118' title="bbox 1993 5607 2167 5645; baseline 0.006 -3"><span class='ocrx_word' id='word_1_802' title='bbox 1993 5607 2167 5645; x_wconf 73' lang='grc' dir='ltr'>ιιιυιω.</span> 
     </span>
    </p>
   </div>
   <div class='ocr_carea' id='block_1_118' title="bbox 3536 5773 3564 5796">
    <p class='ocr_par' dir='ltr' id='par_1_118' title="bbox 3536 5773 3564 5796">
     <span class='ocr_line' id='line_1_119' title="bbox 3536 5773 3564 5796; baseline 0 -5"><span class='ocrx_word' id='word_1_803' title='bbox 3536 5773 3564 5796; x_wconf 68' lang='grc' dir='ltr'><strong>ρ</strong></span> 
     </span>
    </p>
   </div>
  </div>
