4010 6208
321 235 464 297 35ίὶ3

1175 238 1234 297 S.
1278 234 1695 297 SOPHRONII
1734 232 2242 294 PATRIARCIIJE
2274 236 2661 300 HIEROSOL

3443 243 3589 308 3564

396 347 520 399 “me:
546 348 601 401 in
639 348 849 403 somnis
901 348 949 405 is
970 350 1064 419 qui
1097 365 1276 404 oecus
1322 349 1541 404 intcrim
1585 348 1889 402 habebatur

2064 345 2248 400 Ταῦτα
2272 348 2394 401 καθ’
2422 349 2623 414 ὕπνους
2652 355 2681 406 ό
2709 353 2846 417 τέως
2873 355 3069 421 τυφλὸς
3095 356 3459 427 θεασάμενος,
3486 363 3586 414 τὸν

223 433 228 436 ’
324 441 582 505 intuitus,
608 453 863 494 somnum
900 441 1122 510 quidem
1167 441 1391 511 abjecit,
1446 440 1730 511 mysticam
1767 451 1898 493 vero

320 535 770 600 instructionem,
800 550 923 604 quas
948 550 1044 605 per
1072 537 1347 591 somnium
1391 536 1534 591 facta
1569 534 1752 589 fuerat
1780 541 1897 588 sta-

327 628 523 691 bilivit,
563 625 804 680 divinam
842 625 985 680 banc
1035 627 1356 693 arbitratus,
1416 635 1472 683 ct
1528 624 1895 695 corporalium

323 716 636 779 oculorum,
668 713 713 767 si
754 722 1135 768 consummata
1170 714 1333 781 foret,
1388 717 1710 770 donaturam
1740 715 1899 768 obtu-

323 821 460 865 tum.
496 805 657 863 Unde
676 821 1043 878 consurgens,
1077 811 1439 864 sacrameutis
1467 808 1555 862 ubi
1573 808 1767 878 jussus
1788 813 1895 872 est,

321 901 573 973 protinus
599 901 1050 964 communicavit,
1079 899 1227 954 omni
1254 915 1353 955 sua
1387 901 1573 971 priore
1601 898 1899 954 traditione

320 993 593 1065 deposita,
616 1001 673 1047 et
701 992 947 1048 ecclesiae
997 992 1459 1047 animabus'utiti
1506 989 1899 1061 praedicatione

319 1092 561 1157 recepta.
590 1084 657 1139 Et
683 1084 791 1139 hoc
815 1091 990 1155 gesto,
1015 1087 1161 1139 sicut
1193 1083 1372 1138 fuerat
1387 1084 1601 1152 jussus,
1629 1083 1898 1137 tertianus

318 1182 507 1235 lumen
537 1178 749 1235 visibus
780 1177 1185 1246 contemplatus
1232 1184 1336 1242 est,
1390 1177 1586 1233 animae
1618 1176 1898 1231 illumina-

322 1272 528 1325 tionetn
563 1284 594 1321 e
641 1268 871 1339 vestigio
916 1268 1270 1332 subsecutus,
1304 1277 1359 1321 et
1387 1268 1567 1322 factus
1618 1276 1704 1323 est
1748 1266 1897 1322 sicut

320 1369 487 1416 natus
525 1368 631 1422 est,
664 1368 718 1413 et
754 1366 874 1415 erat
918 1358 1077 1428 quasi
1109 1372 1389 1427 nunquam
1448 1358 1747 1426 aliquando
1782 1357 1899 1410 latt-

320 1455 519 1526 guidos
548 1451 803 1508 habuerit
828 1452 1076 1521 corporis
1103 1452 1317 1506 oculos.

388 1544 593 1600 Verum
627 1558 752 1598 cum
788 1543 843 1596 in
880 1542 965 1596 his
990 1550 1158 1607 esset,
1185 1548 1240 1596 et
1264 1541 1414 1595 clare
1455 1555 1707 1611 prorsus.
1745 1538 1899 1593 vide-

324 1647 428 1699 ret,
481 1635 573 1689 ille
608 1635 702 1704 qui
767 1633 1038 1687 bonorum
1092 1640 1179 1686 est
1234 1632 1621 1700 interemptor,
1667 1629 1888 1692 invidit,

2010 436 2109 506 μὲν
2130 437 2297 492 ῦπνον
2343 440 2606 506 ἀπέϐαλε,
2644 441 2745 514 τὴν
2788 445 2845 498 δέ
2882 445 3004 498 καθ’
3045 443 3213 500 ὕπνον
3264 450 3586 523 ἐνεστήριξε

2006 527 2231 599 μύησιν,
2259 530 2410 583 θείαν
2444 533 2612 604 αὐτὴν
2645 534 2955 602 ὑπολαϐὼν,
2981 538 3074 590 zeal
3105 538 3206 609 τὴν
3240 540 3352 594 τῶν
3388 559 3584 611 σωμα-

2003 621 2172 675 τικῶν
2192 621 2489 692 ὀφθαλμῶν
2511 626 2559 677 εί
2575 624 2852 698 τελεσθείη
2868 645 3059 700 χαριου
3067 628 3238 700 μένην
3264 631 3582 702 ἀνάϐλεψιν.

2006 711 2170 765 Ὅθεν
2197 712 2433 775 ἀναστὰς
2450 714 2559 768 τῶν
2588 718 2902 787 μυστηρίων
2925 717 3128 782 εὐθέως
3153 719 3281 773 ἔνθα
3309 725 3586 792 προσετά-

2005 801 2108 872 χθη
2143 803 2406 873 μετέλαϐε
2429 846 2444 871 ,
2468 806 2649 859 πᾶσαν
2676 806 2839 860 αὐτοῦ
2869 806 2967 879 τὴν
2983 801 3255 882 προτέραν
3280 814 3584 882 παράδοσιν

2005 893 2362 964 ἀποθέμενος,
2392 898 2486 951 zeal
2512 896 2691 969 τὸτῆς
2723 900 3019 972 ἐκκλησίας
3047 901 3374 974 ψυχωφελές
3399 906 3585 961 ἀσπα-

2006 982 2243 1054 σάμενος
2276 988 2540 1059 κήρυγμα
2563 1006 2578 1021 ο
2637 994 2732 1043 καὶ
2783 991 2946 1044 τοῦτο
2994 994 3292 1065 πεπραχὼς
3323 996 3401 1061 ὡς
3432 998 3583 1052 τεθέ-

1973 1091 2186 1140 σπιστο,
2217 1081 2459 1150 τριταῖος
2495 1079 2557 1133 τὸ
2601 1081 2718 1149 φῶς
2760 1084 2877 1146 τοῖς
2930 1082 3173 1154 δμμασιν
3221 1084 3474 1152 ἔϐλεπεν,
3503 1089 3583 1159 τῷ

2005 1166 2273 1239 φωτισμῷ
2309 1169 2408 1239 τῆς
2447 1169 2627 1241 ψυχῆς
2655 1172 2799 1226 κατά
2842 1172 3009 1238 πόδας
3042 1174 3333 1245 ἑπόμενον,
3356 1179 3453 1231 zeal
3478 1180 3580 1248 γέ-

2004 1273 2161 1324 γονεν
2199 1258 2275 1322 ὡς
2303 1258 2584 1329 γεγένητο,
2621 1263 2715 1315 zeal
2751 1258 2817 1333 ῆν
2851 1262 2926 1327 ὡς
2959 1265 3019 1317 οὐ
3054 1266 3291 1337 νοσήσας
3339 1268 3472 1324 ποτὲ
3511 1270 3583 1324 τά

2002 1347 2098 1403 τοῦ
2121 1347 2376 1418 σώματος
2401 1351 2647 1422 δμματα.

2075 1520 2218 1576 Ἀλλ’
2247 1526 2307 1578 ἐν
2332 1523 2546 1588 τούτοις
2572 1526 2688 1581 όντι
2725 1528 2819 1581 zeal
2849 1528 3213 1599 λαμπρότατα
3241 1531 3515 1602 βλέποντι,
3552 1537 3583 1591 ό

2001 1610 2112 1664 τῶν
2143 1612 2327 1670 καλῶν
2352 1615 2644 1687 ἀναιρέτης
2682 1617 3004 1689 ἐφθόνησεν,
3043 1621 3369 1691 ἀποστερεῖν
3391 1640 3453 1677 τε
3483 1625 3580 1679 τοῦ

325 1699 652 1796 nrivareque
677 1723 883 1793 duplici
934 1729 1251 1781 sanctorum
1313 1699 1537 1777 munere
1580 1720 1893 1775 festinabat.

2011 1703 2172 1757 Βιττοῦ
2201 1705 2311 1759 τῶν
2335 1707 2506 1775 ἁγίων
2538 1709 2859 1780 δωρήματος
2886 1711 3172 1767 ἔσπευδεν.
3199 1715 3311 1768 Kal
3334 1714 3398 1788 δὴ
3420 1718 3578 1771 ἐστέ-

326 1823 391 1876 Et
423 1820 695 1892 privabat,
729 1818 874 1872 sicut
899 1817 1147 1881 volebat;
1189 1813 1285 1870 sed
1316 1828 1515 1869 rursus
1566 1820 1895 1883 apparentes

322 1915 627 1968 salvatorcs
675 1911 982 1974 salvarunt,
1041 1916 1100 1964 et
1152 1910 1335 1963 osoris
1412 1908 1541 1963 boni
1603 1906 1893 1962 consilium

240 1990 270 1999 5‘
324 2007 736 2061 subverterunt.
790 2002 1024 2057 Joannis
1061 1999 1209 2055 enim
1265 2008 1419 2070 patre
1480 2008 1717 2064 mortuo,
1801 1997 1893 2067 qui

326 2096 652 2153 Theodorus
707 2093 1013 2155 dicebatur,
1073 2098 1128 2146 et
1173 2091 1440 2146 diaconus
1482 2089 1727 2159 ejusdem
1779 2097 1898 2145 erat

330 2190 625 2254 haereseos,
655 2184 887 2240 veniunt
921 2181 1144 2254 quidam
1190 2182 1336 2236 illius
1394 2181 1698 2237 secundum
1724 2196 1896 2252 genus

326 2276 638 2349 propinqui,
673 2284 725 2330 et
748 2272 969 2328 domum
1000 2272 1050 2326 ei
1074 2271 1272 2327 reverti
1320 2271 1575 2338 suadent,
1605 2270 1894 2327 diaconum

327 2385 424 2439 pro
448 2380 602 2441 patre
660 2365 843 2422 facere
884 2364 1225 2437 pollicentes.
1287 2363 1353 2419 Et
1412 2371 1630 2433 sumpto
1672 2363 1892 2433 juvene,

328 2462 643 2518 mandatum
672 2466 991 2515 sanctorum
1052 2456 1271 2528 penitus
1327 2456 1590 2513 oblivioni
1624 2454 1894 2520 tradente,

326 2554 639 2627 pergebant.
692 2550 827 2606 Cum
853 2556 1034 2604 autem
1071 2549 1129 2602 lii
1179 2549 1271 2616 qui
1335 2545 1601 2602 Joannem
1634 2548 1895 2610 tulerant,

323 2650 476 2720 Cyno
497 2644 1054 2718 appropinquassent,
1087 2650 1142 2698 et
1174 2656 1286 2696 uno
1326 2637 1708 2697 tantummodo
1738 2637 1898 2706 signo

327 2756 356 2794 a
381 2739 600 2797 civitate
623 2739 740 2808 ipsa
773 2734 1065 2796 distarent,
1101 2733 1331 2789 veniunt
1360 2739 1628 2801 martyres
1645 2738 1699 2784 et
1722 2730 1897 2798 palam

328 2833 524 2889 [aciem
549 2830 779 2887 Joannis
802 2828 1118 2899 percutiunt
1154 2825 1331 2895 alapa,
1360 2830 1416 2879 et
1438 2825 1620 2878 lumen
1653 2820 1901 2875 adimunt

328 2925 471 2997 quod
503 2924 790 2986 dederant,
818 2928 874 2975 et
921 2919 1163 2975 tenebris
1188 2916 1425 2974 induunt
1469 2928 1607 2984 quas
1662 2911 1903 2968 abstule-

331 3025 474 3073 rant.
520 3016 581 3071 In
647 3015 753 3068 boc
783 3022 965 3067 autem
1014 3010 1256 3066 Joannes
1313 3008 1516 3063 malum
1580 3004 1898 3067 deveniens,

328 3106 585 3183 cognovit
617 3119 882 3170 causam;
932 3109 989 3157 et
1021 3102 1262 3171 cognita,
1296 3115 1355 3155 se
1418 3096 1694 3169 paenituit,
1735 3106 1789 3150 et
1814 3109 1903 3150 re-

332 3202 607 3273 pecnitens
636 3194 1030 3267 indulgentiam
1062 3200 1394 3249 consecutus
1432 3200 1535 3253 est,
1587 3199 1641 3245 et
1691 3189 1901 3244 veniam

329 3298 664 3349 consecutus
692 3297 980 3359 correptus
1008 3292 1114 3350 est,
1131 3294 1188 3340 et
1204 3292 1493 3354 correptus
1512 3284 1693 3338 denuo
1721 3283 1903 3336 lumen

339 3386 568 3455 recepit,
595 3391 650 3440 et
673 3388 895 3451 recepto
945 3379 1152 3435 lumine
1185 3378 1413 3434 servivit
1447 3377 1802 3447 martyribus,
1851 3382 1905 3430 et

333 3483 581 3540 serviens
633 3477 951 3549 reccptione
1005 3475 1206 3545 dignus
1268 3472 1502 3527 edicitur
1547 3469 1799 3534 liberali,
1848 3476 1904 3522 et

332 3579 436 3633 hac
480 3574 680 3641 dignus
706 3569 935 3628 eil'ectus
980 3569 1037 3623 in
1094 3568 1301 3622 clerum
1355 3563 1588 3635 profecit
1634 3559 1902 3616 ecclesiae.

330 3669 568 3737 Accepta
599 3677 731 3719 vero
755 3660 993 3730 benigna
1024 3667 1157 3714 tunc
1213 3659 1390 3727 alapa.
1449 3663 1503 3711 et
1550 3668 1729 3709 cinctis
1762 3652 1908 3707 sicut

337 3759 492 3828 prius
526 3755 776 3820 eil'ectus,
817 3754 1014 3813 iterum
1044 3766 1297 3805 reversus
1319 3757 1425 3815 est,
1482 3755 1537 3802 et
1576 3745 1908 3801 desiderata:

334 3848 572 3905 civitatis
604 3844 895 3917 abnegavit
936 3841 1260 3905 introitum;
1302 3848 1620 3894 sanctorum
1655 3845 1902 3903 compasv

334 3942 544 3996 sionem
580 3946 635 3995 et
662 3937 811 4009 quod
856 3949 1184 3993 conversum
1215 3931 1525 4001 suscepturi
1559 3938 1614 3991 et
1659 3922 1906 3982 Curaturi

332 4040 518 4091 essent
540 4032 608 4088 ad
640 4032 874 4089 salutem
898 4028 1289 4099 corripientes.
1318 4040 1428 4079 non
1450 4020 1727 4077 nesciens.

405 4213 649 4283 Denique
678 4224 804 4264 cum
860 4216 1022 4262 nocte
1053 4206 1146 4262 illa
1182 4204 1472 4265 dormiret,
1541 4198 1724 4263 videt;
1801 4195 1909 4247 imo

336 4306 594 4376 quoniam
630 4317 740 4359 non
760 4301 1009 4367 videbat,
1031 4299 1328 4364 audiebat;
1374 4296 1488 4351 cito
1517 4299 1815 4351 revertere,
1854 4294 1910 4342 et

1925 3054 1973 3113 ϐ

2001 1809 2166 1864 ρησεν
2192 1796 2270 1859 ὡς
2297 1797 2552 1852 ἐϐούλετο
2572 1816 2589 1832 ο
2614 1799 2753 1854 ἀλλὰ
2781 1800 2946 1856 πάλιν
2979 1804 3238 1874 φανέντες
3261 1806 3310 1858 oi
3334 1808 3581 1877 σωτῆρες

1995 1886 2286 1953 διέσωσαν,
2321 1892 2416 1942 zeal
2441 1889 2539 1961 τὴν
2564 1892 2660 1946 τοῦ
2713 1894 3012 1962 μισοκάλου
3052 1895 3248 1969 βουλὴν
3279 1901 3578 1971 κατεστρέ-

1996 1977 2189 2048 ψαντο.
2218 1979 2328 2034 Τοῦ
2349 1981 2458 2053 γὰρ
2474 1982 2722 2038 Ἰωάννου
2746 1986 2962 2058 Πατρός
2987 1987 3409 2060 τελευτήσαντος
3425 1991 3579 2063 (Θεό-

1996 2070 2168 2142 δωρος
2222 2065 2379 2138 οὗτος
2436 2075 2654 2144 ἐλέγετο
2710 2078 2804 2131 zeal
2854 2077 3101 2143 διάκονος
3143 2081 3245 2151 τῆς
3291 2080 3579 2156 λεχθείσης

1997 2164 2243 2236 ὑπῆρχεν
2283 2166 2594 2239 αἱρέσεως).
2616 2168 2978 2238 ἀφικνοῦνταί
3007 2186 3153 2236 τινες
3184 2171 3294 2225 τῶν
3329 2172 3465 2243 πρὸς
3483 2176 3579 2244 γέ-

1994 2272 2085 2321 νος
2111 2255 2261 2327 αύτῷ
2286 2257 2714 2328 πλησιαζόντων,
2738 2261 2832 2314 καὶ
2856 2262 3219 2332 ἀναστρέφειν
3243 2263 3427 2318 οἴκαδε
3456 2284 3525 2320 πε
3535 2266 3580 2318 ι’-

1997 2347 2202 2414 θουσιν,
2234 2349 2484 2405 διάκονον
2515 2354 2689 2405 ποιεῖν
2735 2354 2855 2407 ἀντὶ
2884 2353 2978 2407 τοῦ
3037 2355 3247 2425 Πατρδς
3271 2356 3581 2428 ὑποσχόμε-

1998 2457 2098 2493 νοι.
2134 2440 2245 2494 Kal
2300 2442 2366 2513 δὴ
2417 2442 2675 2507 λαϐόντες
2713 2444 2804 2498 τὸν
2833 2446 2953 2499 νέον
2995 2448 3279 2517 ἀπῄεσαν,
3325 2434 3427 2520 τῆς
3467 2451 3577 2503 τῶν

1997 2531 2167 2599 ἁγίων
2197 2532 2420 2604 ἐντολῆς
2449 2535 2728 2599 παντελῶς
2778 2535 3164 2604 ἐκλαθόμενον.
3211 2539 3298 2601 Ὠς
3344 2539 3403 2593 δὲ
3442 2538 3579 2611 πλη-

1999 2623 2112 2678 σίον
2140 2624 2239 2694 τῆς
2280 2625 2444 2679 Κυνῶ
2467 2627 2559 2678 τὸν
2586 2626 2840 2698 Ἰωάννην
2877 2629 2927 2681 οί
2959 2628 3217 2692 λαϐόντες
3245 2630 3536 2698 γεγόνασιν
3555 2670 3573 2695 ,

1998 2716 2095 2769 zeal
2120 2719 2345 2787 σημεῖον
2378 2717 2436 2770 ἓν
2454 2718 2549 2771 zeal
2571 2718 2733 2787 μόνον
2765 2719 2990 2788 ἀπεῖχον
3013 2720 3116 2787 τῆς
3148 2720 3374 2785 πόλεως,
3409 2740 3581 2777 κατα-

1999 2808 2259 2872 λαϐόντες
2311 2809 2361 2862 οἱ
2396 2809 2674 2881 μάρτυρες
2717 2809 3148 2881 όφθαλμοφανῶς
3178 2813 3431 2866 Ἰωάννου
3478 2816 3581 2877 τὰς

2000 2899 2154 2969 ὄψεις
2185 2899 2530 2970 ῥαπίζουσιν,
2555 2899 2651 2953 zeal
2678 2898 2740 2952 τὸ
2767 2901 2883 2967 φῶς
2927 2901 3289 2973 ἀφαιροῦνται
3317 2904 3453 2973 ὅπερ
3492 2904 3581 2957 δε-

2001 2990 2260 3056 δώκασιν,
2315 2991 2412 3044 καὶ
2462 2991 2523 3044 τὸ
2562 2990 2753 3054 σκότος
2795 2991 3074 3045 ἐνδύουσιν
3114 2994 3254 3064 ὅπερ
3283 2994 3579 3063 ἀφελόντες

2005 3083 2321 3153 ἐτύγχανον.
2361 3084 2449 3137 Ἐν
2473 3083 2647 3153 τούτῳ
2672 3084 2729 3136 δὲ
2765 3084 2938 3137 κακοῦ
2967 3084 3227 3156 Ἰωάννης
3264 3087 3580 3157 γενόμενος,

2006 3170 2146 3239 ἔγνω
2161 3170 2222 3224 τὺ
2246 3170 2437 3236 αἴτιον,
2472 3172 2566 3224 zeal
2592 3173 2752 3239 γνοὺς
2779 3173 3126 3243 μετενόησεν,
3158 3177 3252 3227 zeal
3281 3176 3586 3244 μεταγνοὺς

2006 3262 2162 3333 ἔτυχε
2194 3267 2617 3333 συγχωρήσεως,
2649 3264 2747 3316 zeal
2772 3264 3105 3335 συγγνώμης
3130 3265 3309 3336 τυχὼν
3340 3266 3586 3336 διωρθώ-

2008 3371 2160 3418 σατο,
2192 3355 2289 3407 καὶ
2316 3353 2754 3424 διορθωσάμενος
2780 3355 2947 3409 πάλιν
2975 3356 3288 3426 ἀνέϐλεψεν,
3321 3357 3417 3410 zeal
3449 3359 3586 3412 ἁνα-

2006 3446 2208 3515 ϐλέψας
2244 3445 2484 3498 δουλεύει
2534 3448 2647 3509 τοῖς
2692 3446 2950 3517 μάρτυσι,
2993 3446 3263 3501 δουλεύων
3316 3448 3588 3518 ἀποδοχῆς

2006 3537 2216 3607 ἠξιώθη
2244 3536 2585 3607 φιλόφρονος,
2620 3537 2718 3590 zeal
2740 3537 2945 3608 ταύτης
2970 3537 3227 3603 ἀξιωθεὶς
3260 3542 3341 3603 εἰς
3364 3540 3457 3591 τὸν
3487 3540 3588 3608 τῆς

2007 3629 2304 3697 ἐκκλησίας
2322 3628 2522 3699 κλῆρον
2542 3629 2817 3699 προέκοψε
2838 3644 2856 3662 ο
2880 3631 3002 3684 τότε
3030 3630 3088 3683 δὲ
3116 3629 3296 3683 λαϐὼν
3317 3632 3377 3684 τὸ
3398 3632 3590 3699 φιλάν-

2008 3720 2225 3791 θρωπον
2256 3722 2525 3792 ῥάπισμα,
2564 3722 2658 3776 zeal
2686 3722 2883 3790 τυφλὸς
2909 3722 2985 3786 ὡς
3014 3723 3075 3776 τὸ
3104 3725 3320 3795 πρῶτον
3345 3726 3584 3794 γενόμεο

2008 3832 2119 3878 νος,
2152 3815 2315 3868 πάλιν
2366 3814 2675 3886 ὑπέστρεφε
2707 3816 2803 3870 zeal
2849 3815 2952 3885 τῆς
2994 3815 3338 3887 ποθουμένης
3379 3817 3592 3881 πόλεως

2008 3908 2307 3976 ἀπηρνεῖτο
2334 3908 2436 3978 τὴν
2466 3908 2694 3973 εἴσοδον,
2724 3907 2835 3960 τῶν
2857 3908 3031 3975 ἀγίων
3059 3906 3215 3973 εἰδὼς
3240 3908 3341 3978 τὴν
3367 3904 3591 3979 συμπά-

2010 3998 2184 4063 θειαν,
2212 4000 2309 4052 zeal
2352 3999 2428 4063 ὡς
2458 4001 2862 4069 ἐπιστρέφοντα
2895 3998 3144 4064 δέξονται
3196 3999 3292 4053 zeal
3319 3997 3589 4070 θεραπεύ-

2012 4107 2196 4144 σουσιν
2226 4090 2363 4162 πρὸς
2393 4090 2669 4161 σωτηρίαν
2709 4090 3119 4153 παιδεύσαντες.

2081 4182 2302 4253 ’Δμέλει
2332 4183 2453 4238 κατ’
2484 4184 2703 4255 ἐκείνην
2725 4184 2823 4254 τὴν
2850 4184 3020 4237 νύκτα
3049 4183 3398 4254 κοιμώμενος
3427 4182 3584 4235 ἔϐλε-

2012 4292 2104 4341 πε,
2148 4274 2351 4346 μᾶλλον
2398 4276 2455 4330 δὲ
2504 4277 2624 4330 ἐπεὶ
2666 4276 2741 4348 μὴ
2780 4275 3027 4337 ἔϐλεπεν,
3088 4275 3347 4346 ἤκουσεν·
3381 4273 3591 4327 Θᾶττον

335 4364 554 4467 placare
585 4401 783 4450 curato
828 4364 1100 4463 martyres
1149 4389 1485 4459 indignatos,
1516 4397 1656 4453 quos
1685 4381 1904 4448 dispen-

2012 4366 2377 4439 ὑπόστρεψον,
2427 4370 2520 4423 zeal
2543 4368 2816 4439 θεράπευε
2845 4366 3267 4436 τεθυμωμένους
3293 4366 3420 4427 τοὺς
3450 4364 3595 4435 μάρ-

337 4489 513 4544 sautis
542 4486 800 4557 templum
832 4482 1179 4541 Cbristodori
1208 4480 1427 4536 scilicet
1463 4476 1607 4530 illius
1638 4468 1908 4526 mirabilis

339 4578 660 4637 insinuabat
687 4575 975 4633 vocabulo.
1002 4571 1288 4628 Veraciter
1319 4574 1500 4622 autem
1544 4574 1600 4616 et
1658 4560 1740 4616 sic
1790 4566 1910 4614 erat

268 4650 277 4657 ’
336 4671 632 4735 somnium,
656 4669 761 4724 ltoc
785 4667 928 4724 forte
946 4664 1154 4722 sanctis
1186 4676 1282 4731 per
1311 4660 1553 4713 divinant
1590 4651 1911 4722 dispositio-

337 4778 461 4816 nem
493 4761 871 4833 operantibus,
910 4758 1041 4827 quia
1066 4755 1187 4809 sine
1211 4744 1579 4807 Citristodori,
1617 4743 1716 4833 ait,
1770 4756 1912 4812 prte-

339 4832 597 4925 ceptione
656 4851 886 4907 recessit
944 4864 957 4900 :
1018 4844 1167 4901 ttnde
1264 4839 1575 4896 venientem
1645 4832 1912 4888 Joannem

336 4962 516 5017 neque
545 4946 749 5010 videre,
778 4958 956 5012 neque
984 4940 1070 4995 itis
1090 4938 1184 5009 qui
1210 4935 1264 4990 in
1290 4932 1494 5003 templo
1510 4940 1667 4987 erant
1685 4929 1918 4985 inﬁrmis

336 5053 740 5096 connumerare
781 5035 980 5097 voluit,
1046 5031 1142 5087 sed
1179 5028 1233 5082 in
1278 5025 1580 5082 venerabili
1608 5025 1795 5097 templi
1835 5040 1922 5080 sa-

338 5133 520 5187 crario
545 5130 785 5203 jaccbat,
807 5127 897 5181 ubi
948 5138 1140 5179 omnes
1173 5120 1418 5191 hospites
1447 5117 1740 5189 iacebant;
1798 5118 1921 5173 loco

340 5226 470 5294 alio,
499 5231 720 5296 propter
751 5217 1128 5291 languentium
1148 5214 1243 5286 qui
1278 5212 1392 5268 illic
1423 5214 1604 5268 inerat
1634 5208 1920 5284 pepult'tm,

340 5333 452 5374 non
476 5324 717 5386 reperto.
756 5311 968 5366 Interea
1014 5323 1140 5365 cum
1170 5303 1416 5361 Joannes
1473 5304 1530 5359 in
1585 5303 1689 5359 hoc
1743 5303 1924 5358 tribus

341 5408 537 5465 diebus
582 5406 871 5479 iacuisset,
913 5411 967 5458 et
1002 5402 1182 5458 locum
1231 5394 1565 5455 inﬁrmantis
1621 5397 1763 5451 sicut
1792 5396 1924 5449 inti-

347 5510 551 5556 matum
579 5512 662 5558 est
704 5516 809 5555 non
846 5496 1173 5567 accepisset,
1202 5494 1450 5567 gratiﬁca
1483 5492 1585 5547 hoc
1622 5499 1925 5561 martyrum

345 5594 703 5662 dispensante
726 5594 947 5656 virtute,
974 5600 1099 5660 post
1124 5601 1235 5646 tres
1268 5587 1392 5642 illos
1423 5584 1544 5640 dies
1571 5599 1694 5639 cum
1716 5582 1928 5638 dormi-

345 5689 447 5747 ret,
473 5680 766 5743 diaconum
800 5681 947 5736 videt
994 5682 1045 5736 itt
1101 5682 1221 5737 loco
1276 5675 1529 5731 antbnnis
1565 5681 1829 5733 stantem,
1878 5683 1931 5727 ct

2013 4478 2188 4533 τυρας
2211 4461 2432 4524 τούτους
2479 4462 2608 4525 τοὺς
2640 4460 2736 4514 τοῦ
2787 4460 3205 4531 οίκονομοῦντος
3256 4458 3316 4511 τὸ
3343 4457 3591 4528 τέμενος,

2015 4555 2391 4627 Χριστόδωρος
2447 4551 2516 4626 ἦν
2563 4558 2590 4608 ό
2638 4553 2965 4622 θαυμάσιος,
3032 4551 3282 4623 δηλώσας
3347 4550 3591 4620 ὀνόματι.

2030 4649 2254 4721 ’Δληθὲς
2281 4649 2337 4702 δέ
2363 4649 2456 4703 zeal
2482 4647 2653 4713 οὕτως
2674 4643 2742 4719 ἦν
2770 4646 2832 4700 τὸ
2858 4646 3130 4711 ἐνύπνιον,
3152 4643 3309 4698 τοῦτο
3327 4644 3468 4714 τάχα
3488 4642 3597 4694 τῶν

2022 4742 2193 4811 ἁγίων
2220 4740 2363 4797 κατὰ
2388 4740 2536 4795 θείαν
2558 4739 2952 4812 ἐργασαμένων
2980 4739 3249 4809 διοίκησιν
3278 4752 3292 4768 ·
3330 4734 3600 4806 ὅτιχωρὶς

2021 4836 2123 4906 τῆς
2137 4836 2183 4888 Χ
2193 4833 2541 4906 ριστοδὼρου,
2559 4832 2744 4902 φησὶν,
2760 4829 3064 4901 ἐπιτροπῆς
3089 4828 3454 4899 ἀνεχώρησεν’
3477 4825 3600 4878 ὅθεν

2025 4926 2246 4983 ἐλθόντα
2261 4927 2352 4981 τὸν
2369 4924 2626 4995 Ἰωάννην
2640 4922 2762 4978 οὔτε
2782 4922 2911 4976 ἰδεῖν
2928 4921 3053 4975 οὔτε
3076 4923 3185 4984 τόῖς
3206 4918 3309 4972 ἀνά
3326 4918 3416 4971 τὸν
3435 4915 3602 4986 σηκὸν

2026 5016 2346 5077 ἀσθενοῦσιν
2364 5015 2803 5094 [συντάττεσθαι]
2814 5014 3123 5086 τεθέληκεν,
3138 5012 3252 5066 ἁλλ’
3265 5013 3321 5065 ἐν
3332 5009 3407 5081 τῷ
3424 5005 3605 5078 σεπτῷ

2027 5116 2121 5170 τοῦ
2150 5114 2409 5187 τεμένους
2435 5110 2685 5185 ίερατείῳ
2707 5109 3015 5173 κατέκειτο,
3038 5106 3166 5162 ἔνθα
3192 5105 3287 5159 zeal.
3325 5104 3524 5164 πάντες
3556 5098 3608 5151 οἱ

2032 5207 2362 5279 ξενιζόμενοι
2387 5206 2660 5277 μένουσιν,
2677 5203 2841 5257 τόπον
2867 5202 3053 5273 ἕτερον
3069 5200 3154 5252 διὰ
3173 5198 3263 5251 τὸν
3285 5196 3475 5250 ἐνόντα
3499 5190 3608 5245 τῶν

2032 5301 2332 5355 νοσούντων
2357 5296 2497 5352 λεὼν
2524 5298 2599 5369 μὴ
2622 5297 2991 5369 εὑρίσκοντες.
3025 5294 3112 5347 Ἑν
3138 5290 3316 5362 τούτῳ
3331 5286 3464 5359 γοῦν
3492 5286 3609 5338 Ἰω-

2034 5391 2431 5463 άννης-ἠμέρας
2478 5393 2627 5462 τρεῖς
2674 5387 3095 5457 κατακείμενος,
3132 5383 3227 5437 zeal
3255 5381 3422 5435 τόπον
3448 5378 3612 5432 ἀσθε-

2034 5487 2248 5548 νοῦντος
2278 5486 2338 5538 οὐ
2367 5482 2571 5547 λαϐὼν,
2603 5483 2677 5546 ὡς
2711 5481 3032 5552 δεδήλωται,
3051 5478 3151 5548 τῆς
3174 5477 3281 5531 τῶν
3312 5474 3606 5547 μαρτύρων

2036 5580 2195 5635 τοῦτο
2224 5576 2599 5648 διοικουμένης
2628 5574 2992 5647 χαριεστάτης
3019 5572 3325 5642 δυνάμεως,
3352 5565 3489 5640 μετὰ
3517 5563 3615 5627 τὰς

2037 5672 2187 5741 τρεῖς
2216 5669 2293 5733 ὡς
2324 5667 2608 5733 ἐκάθευδε,
2634 5666 2886 5722 διάκονον
2912 5664 3013 5735 ὁρᾷ
3040 5664 3183 5718 κατὰ
3212 5662 3377 5716 τόπον
3409 5656 3614 5712 ἑστῶτα
