4010 6208
315 241 452 307 353Ἰ

1217 248 1276 307 S.
1320 245 1737 307 SOPHRONII
1769 247 2275 306 PATRIARCILE
2312 248 2711 310 IIiEROSOL.

3439 258 3584 321 3568

313 362 367 405 et
408 349 724 416 huiusmodi
757 365 891 407 voce
920 351 987 407 ad
1013 350 1290 408 infirmum
1315 351 1512 408 eﬂ'atus
1546 370 1559 405 :
1594 352 1750 415 Vere,
1778 352 1887 406 fra-

2002 352 2262 422 δεύτερον,
2315 354 2476 408 πάλιν
2535 359 2563 409 6
2619 356 2803 427 Κῦρος
2855 356 3181 413 ἐπιδέδωκεν
3228 358 3579 433 ἀνελόμενος.

312 455 421 506 ter,
467 442 625 496 valde
653 443 882 496 multum
923 442 1232 499 desideravi
1265 445 1468 513 templo
1505 454 1557 497 te
1600 445 1878 498 adhaeren-

314 546 447 597 tt'm,
472 545 523 590 et
548 537 777 591 audire:
801 537 991 600 A’tnen,
1016 552 1198 603 auten,
1231 537 1478 602 Domine,
1504 537 1799 593 dicentem.
1827 540 1893 591 At

319 628 410 680 ille
441 628 755 697 intelligens
781 629 924 699 quod
969 629 1037 683 de
1090 609 1477 699 mysteriorum
1527 627 1735 682 Christi
1771 644 1892 697 per-

318 720 575 787 ceptione
613 719 856 781 diceret;
894 729 1026 771 tunc
1080 720 1225 774 enim
1280 718 1419 772 hanc
1472 719 1891 783 sacerdotibus,

315 811 445 887 dum
474 809 751 864 viviﬁcum
786 821 838 862 ct
874 810 1118 866 salutare
1149 826 1349 880 corpus
1378 820 1429 864 ct
1453 811 1771 879 sanguinem
1798 810 1890 863 Dei

317 901 680 968 distribuunt,
729 903 1117 957 allocutionem
1156 900 1549 971 respondentes
1603 900 1890 966 edicimus,

246 1040 249 1045 ,
324 994 699 1050 testimonium
734 1010 865 1048 voce
898 995 1119 1065 prepria
1147 994 1501 1063 perhibeutes
1533 1007 1597 1047 ac
1634 992 1894 1062 proﬁten-

316 1093 400 1142 tes
436 1086 582 1156 quod
613 1101 803 1141 verum
833 1086 924 1152 sit,
952 1094 1005 1141 et
1050 1102 1177 1141 vere
1218 1086 1435 1140 dicatur
1466 1084 1613 1152 quod
1672 1084 1740 1137 ab
1781 1082 1892 1137 illis

317 1178 480 1233 nobis
506 1179 560 1232 in
592 1179 936 1247 spiritualem
970 1194 1175 1238 escat'u,
1208 1179 1335 1232 etin
1364 1176 1744 1231 remissionem
1768 1190 1893 1243 prc-

316 1278 561 1324 catorum
612 1271 906 1337 tribuitur;
974 1285 1069 1338 per
1126 1269 1371 1340 singulos
1422 1267 1728 1321 dominicus
1775 1267 1892 1319 dies

317 1361 457 1414 hanc
481 1375 541 1415 se
575 1360 938 1415 immortalem
1004 1374 1187 1414 escam
1250 1373 1469 1413 samere
1517 1356 1886 1426 promittebat.

320 1450 428 1505 Sed
457 1461 686 1507 sanctus
717 1451 1063 1505 manifestius
1090 1452 1296 1504 faciens
1329 1449 1591 1509 audienti,
1634 1462 1779 1509 vere,
1806 1447 1890 1497 in-

323 1541 465 1610 quit,
500 1556 599 1595 nec
626 1540 794 1595 semel
851 1542 956 1594 hnc
988 1541 1212 1595 veniens
1245 1537 1688 1601 communicasti,
1743 1533 1890 1605 quod

323 1633 428 1688 nisi
464 1633 723 1703 gesseris,
757 1648 857 1687 nec
884 1647 983 1688 nos
1008 1633 1105 1686 tibi
1134 1632 1263 1701 quid
1297 1631 1734 1686 necessariorum
1758 1643 1891 1682 con-

326 1725 466 1780 ferre
495 1725 819 1794 poterimus.

327 1823 558 1886 Ὀντως,
585 1820 773 1892 φησὶν,
817 1818 925 1889 οὐδ’
956 1815 1105 1883 ἆπαξ
1137 1817 1323 1873 ἐνθάδε
1366 1816 1541 1888 μολὼν
1578 1814 1962 1885 ἐκοινώνησαςο

319 1914 621 1986 δυνάμεθα.

391 2008 635 2077 Surgens
676 2015 857 2060 autem
887 2019 916 2057 a
959 2020 1153 2058 somno
1176 2003 1510 2073 Stephanus,
1541 2003 1606 2057 ad
1643 2015 1891 2056 commu-

323 2098 544 2153 nionem
569 2095 819 2165 confugit
855 2093 1132 2158 Ecclesiae,
1167 2092 1441 2161 hujusque
1494 2090 1750 2162 mySIeria
1808 2102 1895 2142 se-

322 2197 580 2263 quentem
624 2188 825 2257 reperit
859 2188 1057 2241 visum.
1104 2181 1339 2239 Ilinc'et
1370 2185 1455 2238 his
1483 2183 1574 2254 qui
1626 2182 1753 2235 huic
1788 2179 1894 2233 mi-

322 2283 631 2341 nistrabant
653 2279 721 2334 de
752 2278 1143 2334 ecclesiasticis
1172 2275 1473 2330 Salvatoris
1492 2273 1686 2327 ovibus
1716 2270 1893 2324 factus

325 2382 433 2439 est,
460 2374 731 2429 insaniam
773 2386 898 2427 esse
929 2368 1276 2424 manifestam
1304 2408 1319 2432 ,
1354 2378 1667 2437 quanquam
1693 2361 1894 2416 barba-

325 2481 422 2522 rus
448 2472 617 2530 esset,
646 2461 919 2532 cogitans,
950 2469 1139 2514 contra
1174 2457 1339 2511 Deum
1364 2464 1417 2510 et
1450 2462 1672 2508 sanctos
1703 2448 1895 2504 Eccle-

323 2560 573 2628 siamque
594 2555 921 2611 catholicam
954 2561 1011 2607 et
1038 2550 1396 2605 orthodoxam
1426 2547 1588 2600 tidem
1631 2556 1892 2613 pugnare.

325 2650 431 2707 Sed
470 2650 562 2705 ille
590 2649 683 2718 qui
713 2646 970 2701 omnibus
993 2642 1200 2698 invidet
1250 2640 1428 2703 bonis,
1459 2650 1515 2693 et
1560 2637 1613 2690 in
1654 2636 1756 2689 hos
1802 2632 1895 2703 qui

325 2742 606 2796 salvantur
637 2738 826 2793 livoris
864 2735 1078 2789 facibus
1120 2731 1441 2791 inardescit,
1474 2728 1675 2781 donum
1733 2722 1896 2778 dimi-

2010 442 2098 505 Ὠς
2119 442 2177 496 δὲ
2206 442 2370 496 πάλιν
2392 445 2453 497 τὸ
2481 446 2661 517 τρίτον
2700 448 3033 517 παρέπεσεν,
3076 448 3243 503 πάλιν
3288 451 3355 505 ἐκ
3387 454 3578 522 τρίτου

1996 532 2177 587 λαϐὼν
2199 536 2545 599 ἐπιδέδωκεν,
2577 538 2818 608 οἰμώξας
2848 538 3054 611 τρόπον
3086 542 3233 606 τινά,
3258 544 3357 596 καὶ
3383 546 3579 599 τοιαύ-

1995 642 2095 697 την
2125 630 2312 697 φωνὴν
2346 629 2481 699 πρὸς
2507 629 2598 681 τὸν
2627 630 2957 686 ἀσθενοῦντα
2994 633 3373 702 φθεγξάμενος
3395 649 3411 665 ⁶
3448 637 3581 691 Ὀν-

1993 734 2121 781 τως,
2152 718 2367 788 άδελφὲ,
2395 722 2535 773 πάνυ
2582 721 2716 775 πολὺ
2774 723 3161 796 προσεπόθησα
3214 725 3294 796 τῷ
3340 725 3451 797 νεῷ
3484 727 3587 781 σοῦ

1995 808 2500 879 προσπελάσαντος,
2530 811 2625 865 τοῦ
2660 813 2893 867 ἀκοῦσαί
2936 832 3028 868 σου
3054 816 3135 882 τδ,
3180 818 3379 887 Ἀμὴν,
3407 818 3578 889 ἀμὴν,

1996 898 2188 967 Κύριε,
2222 900 2490 967 λέγοντος.
2527 901 2583 954 'U
2609 901 2666 955 δέ
2698 905 2875 967 συνεὶς
2896 904 2972 969 ὡς
3002 907 3100 975 τῆς
3128 907 3239 961 τῶν
3262 910 3583 981 μυστηρίων

1993 989 2231 1060 Χριστοῦ
2274 991 2626 1061 μεταλήψεως
2653 993 2841 1047 ἕνεκεν
2861 996 3084 1067 εἴρηκεν
3109 997 3255 1067 (τότε
3288 998 3399 1068 γάρ
3420 998 3580 1052 τοῦτο

1992 1082 2106 1143 τοῖς
2143 1080 2382 1149 ἱερεῦσιν
2410 1082 2472 1134 τὸ
2526 1082 2795 1146 ζωοποιον
2816 1086 2910 1139 καὶ
2938 1089 3207 1158 σωτήριον
3266 1088 3431 1158 σῶμα
3487 1089 3584 1142 καὶ

1993 1165 2134 1237 αἷμα
2164 1172 2399 1241 Χριστοῦ
2426 1172 2517 1225 τοῦ
2544 1174 2679 1227 Θεοῦ
2707 1175 3021 1246 διανέμουσι
3068 1178 3437 1250 πρόσφθεγμα
3489 1178 3581 1232 λέ-

1993 1278 2185 1331 γομεν,
2218 1263 2622 1334 μαρτυροῦντες
2650 1266 2828 1337 οἰκεία
2860 1271 3013 1336 φωνῇ
3044 1271 3139 1322 καὶ
3174 1270 3575 1337 συντιθέμενοι,

1991 1352 2064 1412 ὡς
2088 1351 2289 1421 ἀληθὲς
2320 1352 2413 1406 καὶ
2443 1354 2558 1406 ἐστι
2590 1372 2648 1407 τε
2680 1357 2774 1408 καὶ
2804 1357 3041 1425 λέγεται.
3100 1358 3163 1410 τὸ
3186 1359 3321 1427 πρὸς
3346 1358 3576 1413 ἐκείνων

1993 1444 2072 1505 εἰς
2094 1443 2299 1513 τροφὴν
2322 1445 2453 1514 ἡμῖν
2488 1446 2858 1516 πνευματικὴν
2908 1448 3002 1500 καὶ
3047 1448 3241 1515 ἄφεσιν
3288 1448 3579 1521 ἁμαρτιῶν

1994 1535 2387 1605 παρεχόμενον,
2422 1537 2539 1589 καθ’
2577 1537 2813 1607 ἑκάστην
2848 1539 3132 1609 Κυριακὴν
3160 1539 3366 1608 ταύτης
3399 1558 3574 1611 μετα-

1994 1626 2293 1697 λαμϐάνειν
2324 1630 2420 1698 τῆς
2449 1628 2721 1684 ἀθανάτου
2750 1630 2955 1701 τροφῆς
2984 1632 3339 1699 ἁπεκρίνατο.
3376 1631 3523 1687 Ἀλλ’
3548 1635 3578 1686 6

1995 1718 2149 1787 ἅγιος
2179 1720 2559 1792 φανερώτερον
2584 1720 2756 1775 ποιῶν
2773 1721 2848 1793 τῷ
2897 1722 3151 1776 ἀκούοντι
3170 1723 3233 1776 τὸ
3260 1724 3578 1795 λεγόμενον,

1994 1814 2130 1886 ὅπερ
2163 1817 2213 1868 εἰ
2255 1815 2330 1887 μὴ
2379 1816 2606 1888 δράσῃς,
2649 1817 2702 1870 τὶ
2748 1816 2858 1870 τῶν
2910 1819 3225 1886 ἀναγκαίων
3270 1820 3464 1891 ὀνῆσαι
3514 1823 3578 1875 οὗ

2079 2000 2348 2065 Ἀναστὰς
2369 2000 2426 2055 δὲ
2450 2003 2560 2055 τῶν
2591 2001 2777 2057 ὕπνων
2808 2004 2834 2057 6
2864 2003 3155 2074 Στέφανος,
3180 2007 3247 2075 τῇ
3278 2004 3377 2074 τῆς
3408 2004 3576 2058 καθο-

1995 2091 2152 2161 λικῆς
2185 2093 2513 2163 Ἐκκλησίας
2566 2096 2822 2165 κοινωνία
2865 2095 3267 2167 προσέδραμεν,
3320 2097 3415 2150 καὶ
3463 2100 3578 2161 τοῖς

1994 2183 2195 2255 ταύτης
2261 2186 2579 2255 μυστηρίοις
2606 2186 2881 2257 ἑπομένην
2914 2187 3010 2257 τὴν
3068 2187 3360 2257 ἀνάϐλεψιν
3424 2189 3577 2259 εὔρι-

1998 2290 2149 2328 σκεν.
2196 2274 2474 2328 Ἐντεῦθεν
2502 2277 2597 2329 καὶ
2620 2278 2648 2330 6
2671 2277 2845 2345 τούτῳ
2875 2276 3316 2345 διακονούμενος,
3346 2279 3457 2330 τῶν
3484 2282 3580 2331 ἐκ-

2000 2364 2402 2434 κλησιαπικῶν
2431 2365 2523 2418 τοῦ
2543 2365 2794 2435 Σωτῆρος
2818 2364 3106 2436 προϐάτων
3127 2368 3358 2436 ἐγίνετο,
3379 2370 3577 2435 μανίαν

2001 2450 2140 2508 εἶναι
2167 2456 2333 2525 σαφῆ.
2368 2456 2545 2509 καίτοι
2578 2456 2853 2529 βάρϐαρος
2908 2456 3007 2521 ὢν,
3062 2458 3445 2527 λογισάμενος,
3515 2459 3577 2513 τὸ

2002 2548 2138 2617 πρὸς
2169 2549 2301 2601 Θεὸν
2331 2550 2425 2601 καὶ
2454 2550 2666 2618 άγίους,
2691 2549 3021 2620 Ἐκκλησίαν
3051 2567 3109 2603 τε
3146 2552 3441 2624 καθολικὴν
3481 2554 3582 2611 καὶ

2004 2639 2185 2692 πίστιν
2210 2636 2489 2709 ὀρθόδοξσν
2516 2640 2787 2711 μάχεσθαι
2824 2658 2837 2671 ·
2873 2642 2990 2694 ἀλλ’
3032 2644 3060 2695 6
3117 2644 3286 2697 πᾶσιν
3340 2644 3429 2697 ἀεὶ
3461 2647 3577 2706 τοῖς

2001 2735 2256 2803 χρηστοῖς
2291 2732 2766 2801 διαφθονούμενος,
2817 2734 2911 2785 καὶ
2944 2733 3167 2796 τούτους
3224 2735 3571 2805 σωζομένους

324 2834 474 2888 dium
499 2831 748 2892 abstulit,
775 2830 901 2883 licet
935 2836 1108 2881 totum
1165 2824 1382 2878 auferre
1434 2821 1621 2874 volens
1672 2817 1897 2871 minime

2004 2821 2326 2883 ἐϐάσκανεν,
2351 2822 2446 2874 καὶ
2480 2821 2541 2873 τὸ
2565 2820 2738 2892 δῶρον
2785 2819 2845 2884 ἐξ
2890 2823 3153 2890 ἡμισείας
3204 2822 3458 2891 ἀφείλετο
3479 2837 3498 2855 ο
3529 2824 3579 2875 εἰ

327 2926 615 2993 potuisset.
646 2921 779 2977 Post
813 2920 1105 2974 sanitatem
1133 2916 1335 2987 quippe
1384 2914 1582 2967 anima:
1621 2924 1685 2963 ac
1709 2921 1895 2977 corpo-

2002 2914 2094 2967 καὶ
2138 2913 2199 2966 τὸ
2220 2914 2326 2965 πᾶν
2353 2890 2657 2981 ἀφελέσθαι
2683 2910 2967 2981 βουληθεὶς
2994 2913 3055 2966 οὐ
3083 2890 3395 2982 δεδύνηται,
3449 2914 3579 2978 τοὺς

329 3017 425 3080 ris,
452 3021 847 3085 receptumque
863 3010 1151 3073 utriusque
1180 3005 1325 3060 oculi
1350 3005 1551 3063 visum,
1577 3016 1700 3056 cum
1721 2999 1900 3054 adhuc

328 3111 384 3164 in
415 3114 734 3162 sanctorum
765 3101 988 3156 basilica
1019 3106 1351 3173 moraretur,
1386 3095 1634 3149 minister
1663 3094 1901 3147 interro-

328 3202 488 3271 gabat
513 3197 847 3268 Stephanum
884 3211 898 3248 :
932 3192 1092 3257 Ecce,
1126 3191 1222 3255 ait,
1256 3187 1548 3249 odomiue,
1571 3186 1657 3239 hic
1681 3191 1898 3237 sancto-

331 3307 450 3345 rum
486 3288 805 3345 obedientes
842 3282 1038 3354 jussis,
1074 3286 1574 3336 commumcatores
1618 3273 1902 3328 catholicae

332 3384 461 3439 facti
518 3396 713 3436 sumus
737 3376 1029 3441 Ecclesim;
1084 3389 1208 3429 cum
1249 3381 1429 3427 autem
1495 3368 1565 3423 ad
1616 3366 1898 3422 civitatem

330 3481 575 3529 nostram
640 3468 938 3523 auxiliante
978 3463 1091 3520 Deo
1134 3462 1541 3534 pervenerimus
1590 3460 1645 3515 in
1703 3458 1899 3511 borum

331 3573 491 3635 putas
544 3558 893 3631 jussionibus
945 3551 1431 3626 permanebimus?
1483 3566 1552 3605 an
1589 3550 1789 3606 iterum
1831 3544 1900 3600 ad

330 3655 565 3728 pristina
595 3644 1022 3722 repedabimus‘i
1056 3646 1148 3701 llle
1176 3660 1303 3700 vero
1325 3644 1391 3698 ad
1414 3657 1539 3697 eum
1581 3638 1897 3711 respondit:

332 3747 467 3804 Dum
489 3760 701 3811 sumus,
724 3742 1000 3811 inquiens,
1016 3739 1127 3803 hic,
1151 3751 1274 3807 qua:
1294 3735 1548 3789 videntur
1568 3730 1901 3803 martyribus

331 3851 695 3910 peragamus;
742 3848 869 3888 cum
928 3840 1110 3886 autem
1154 3828 1282 3883 hinc
1315 3826 1636 3890 abierimus,
1680 3820 1899 3892 propria

329 3930 585 3999 dogmata
630 3927 774 3982 sicut
821 3931 982 3979 antea
1044 3920 1423 3980 retinebimus,
1454 3925 1508 3971 et
1546 3913 1708 3969 iidem
1737 3924 1900 3981 quam

331 4020 489 4074 nobis
519 4026 701 4089 patres
735 4015 909 4071 nostri
933 4012 1299 4068 tradiderunt.

398 4280 469 4336 Et
498 4282 615 4335 hac
640 4278 858 4348 quidem
891 4277 1027 4332 solis
1055 4275 1272 4330 interim
1314 4271 1715 4328 intentionibus
1750 4268 1899 4323 dice-

332 4376 563 4441 bantur;
593 4388 733 4443 opus
767 4380 948 4426 autem
973 4370 1156 4426 verbis
1194 4369 1439 4425 nondum
1495 4367 1603 4423 tale
1675 4363 1902 4433 capula-

334 4469 519 4532 batur;
558 4466 694 4519 ultio
718 4465 902 4519 divina
926 4462 1275 4518 sermonibus
1315 4477 1470 4533 atque
1522 4471 1577 4516 ut
1638 4457 1899 4529 operibus

333 4557 557 4623 auditis,
587 4555 741 4625 quasi
770 4562 1038 4624 agentem,
1057 4544 1328 4608 dicentem
1370 4551 1761 4608 insectabatur.
1786 4547 1901 4602 Nux

332 4649 478 4704 enim
498 4656 623 4717 post
644 4646 780 4701 solis
809 4660 1065 4701 occasum
1099 4655 1152 4699 et
1184 4644 1328 4699 illius
1369 4644 1477 4698 diei
1506 4643 1730 4696 veniens
1786 4648 1901 4692 ter-

336 4740 538 4803 tninus,
572 4739 658 4793 Itis
688 4739 780 4807 qui
800 4752 962 4807 Sttp":l
991 4746 1191 4792 terram
1224 4745 1381 4789 erant
1413 4735 1654 4803 requiem
1695 4748 1899 4787 concc-

335 4834 516 4897 debat,
548 4830 857 4885 hominibus
894 4831 1121 4894 scilicet,
1157 4830 1279 4883 aliis
1294 4824 1697 4895 quodammodo
1720 4824 1903 4878 ferens

332 4936 609 4987 soluuum,
637 4930 692 4976 et
725 4924 961 4975 clamore
993 4922 1242 4974 vocitans
1273 4920 1478 4982 lumen,
1516 4931 1638 4969 cum
1662 4932 1761 4969 nec
1785 4917 1901 4986 ipsa

337 5012 580 5081 proiecto
612 5025 750 5066 vane
773 5013 842 5065 ab
874 5012 1117 5065 omnium
1150 5008 1380 5064 Factore
1403 5009 1473 5062 sit
1499 5007 1642 5062 laeta
1674 5025 1688 5062 :
1714 5022 1822 5077 qua
1850 5018 1904 5062 et

337 5102 617 5169 Stephano
654 5084 912 5169 tanquam
964 5102 1178 5170 ingrato
1205 5110 1472 5169 martyres
1503 5109 1791 5168 apparent,
1850 5108 1904 5153 et

250 5240 259 5249 ,
338 5195 744 5264 ingratitudinis
789 5209 911 5247 eum
965 5207 1150 5262 punias
1208 5194 1360 5245 tuere
1420 5200 1645 5259 cogunt,
1695 5191 1905 5245 balneis

337 5286 484 5340 hunc
528 5286 605 5339 uti
655 5285 1057 5355 praecipientes,
1123 5283 1325 5354 quibus
1382 5280 1525 5335 sicut
1579 5281 1775 5350 jussus
1823 5291 1908 5336 cst

336 5387 519 5441 utens,
546 5377 617 5431 ita
659 5376 799 5430 male
830 5384 1093 5431 tractatus
1133 5382 1238 5437 est,
1269 5383 1328 5428 ut
1358 5385 1516 5427 nocte
1556 5390 1620 5427 ac
1656 5374 1744 5429 dic
1785 5374 1908 5443 plu-

339 5469 536 5522 timum
565 5468 833 5541 vigilaret,
858 5477 1055 5522 etcum
1092 5467 1277 5521 multis
1322 5465 1628 5523 doloribus.
1665 5467 1789 5535 quia
1829 5466 1909 5518 in-

336 5573 580 5615 somnem
608 5559 845 5615 ducebat
869 5563 1033 5613 vitam
1070 5559 1329 5629 plorarct,
1373 5559 1517 5625 quod
1552 5558 1604 5609 in
1657 5558 1910 5626 passione

334 5661 594 5707 sensuum
624 5665 722 5707 eos
771 5650 863 5720 qui
924 5651 1204 5720 patiuntur
1252 5648 1526 5704 adducere
1577 5648 1747 5701 novit.
1802 5645 1907 5703 Sed

1932 4233 1979 4288 D

2003 3006 2291 3078 μάρτυρας
2314 3003 2490 3076 εὑρὼν
2519 3005 2866 3067 ὑπασπιστάς
2910 3005 3003 3058 τοῦ
3038 3005 3384 3077 δωρήματος.
3425 3006 3578 3059 Μετά

2000 3096 2109 3165 γὰρ
2143 3098 2243 3165 τὴν
2267 3096 2434 3165 ρὦιν
2460 3097 2558 3165 τῆς
2582 3096 2759 3166 ψυχῆς
2794 3097 2889 3150 καὶ
2922 3095 3017 3149 τοῦ
3043 3095 3320 3165 σώματος,
3342 3097 3437 3150 καὶ
3468 3096 3577 3151 τῶν

2001 3187 2277 3256 ἑκατέρων
2299 3183 2593 3255 ὀφθαλμῶν
2617 3184 2716 3255 τὴν
2742 3183 3059 3254 ἀνάϐλεψιν,
3078 3184 3159 3237 ἔτι
3183 3186 3325 3239 κατά
3347 3186 3440 3238 τὸν
3473 3184 3573 3255 ση⁴“-

2001 3279 2096 3331 κδν
2134 3277 2519 3349 διατρίϐοντες,
2557 3277 2585 3329 6
2616 3276 3032 3347 διακονούμενος
3070 3276 3257 3348 ἠρώτα
3300 3278 3390 3331 τὸν
3453 3276 3583 3331 Στέ-

2003 3386 2167 3436 φανον
2203 3385 2216 3398 ο
2283 3367 2439 3430 Ἰδοὺ,
2503 3367 2687 3436 φησὶν,
2729 3366 2938 3431 ἐνθάδε,
2981 3361 3027 3419 ὦ
3074 3367 3251 3437 κύριε,
3304 3370 3426 3431 ταῖς
3468 3369 3580 3420 τῶν

2002 3462 2175 3531 ἁγίων
2202 3459 2518 3522 πεισθέντες
2573 3458 2907 3524 κελεύσεσιν,
2957 3462 3264 3514 κοινωνικοὶ
3300 3461 3400 3529 τῆς
3443 3459 3581 3513 καθ-

2001 3554 2187 3620 ολικῆς
2231 3550 2558 3620 Ἐκκλησίας
2586 3550 2890 3621 γεγόναμεν
2911 3567 2925 3580 ·
2977 3550 3076 3621 τὴν
3116 3552 3491 3621 ἐνεγκαμένην
3516 3553 3572 3606 δέ

2004 3645 2099 3697 σὺν
2166 3642 2284 3712 Θεῷ
2332 3640 2837 3710 καταλαμϐάνοντες
2892 3643 3218 3712 ἐμμένωμεν
3291 3638 3399 3712 ἆρα
3453 3645 3580 3707 ταῖς

2000 3732 2206 3786 τούτων
2241 3729 2581 3796 κελεύσεσιν,
2606 3730 2639 3799 ἦ
2669 3729 2801 3797 πρὸς
2824 3732 2884 3782 τὸ
2916 3730 3108 3802 πρώην
3169 3732 3332 3785 πάλιν
3389 3734 3577 3802 χωρή-

2004 3839 2215 3892 σωμεν;
2254 3823 2315 3875 '0
2353 3821 2409 3875 δὲ
2437 3822 2572 3893 πρὸς
2604 3822 2763 3874 αὑτὸν
2807 3822 3159 3894 ἀπεκρίνατο,
3203 3825 3277 3889 ὡς
3304 3824 3574 3880 Ἐνταῦθα

2006 3912 2105 3983 μὲν
2128 3911 2279 3974 ὅντες
2309 3913 2376 3964 τά
2406 3910 2664 3967 δοκοῦντα
2693 3913 2909 3983 δρῶμεν
2931 3918 3045 3978 τοῖς
3078 3917 3365 3985 μάρτυσιν,
3383 3918 3577 3971 ἀπιόν·

2001 4020 2093 4067 τες
2130 4004 2187 4057 δέ
2224 4004 2334 4056 τῶν
2364 4004 2634 4067 ἐντεῦθεν,
2664 4005 2774 4058 τῶν
2806 4005 3021 4059 οἰκείων
3069 4006 3233 4061 πάλιν
3287 4008 3575 4077 δογμάτων

2003 4094 2079 4159 ὡς
2105 4095 2166 4148 τὸ
2221 4097 2349 4167 πρὶν
2382 4095 2753 4166 άνθεξώμεθα,
2802 4096 2897 4150 καὶ
2954 4097 3193 4161 πίστεως
3240 4094 3308 4170 ἦς
3335 4101 3467 4168 ἡμῖν
3523 4099 3573 4157 οἰ

2007 4187 2241 4256 πατέρες
2265 4185 2423 4257 ἡμῶν
2454 4189 2812 4259 ἐνεχείρισαν.

2074 4276 2183 4329 Καὶ
2212 4275 2385 4328 ταῦτα
2410 4275 2509 4346 μὲν
2536 4277 2593 4328 ἐν
2623 4275 2812 4343 μόναις
2840 4277 2977 4339 τέως
3001 4276 3218 4345 ἐλέγετο
3244 4280 3365 4342 ταῖς
3388 4277 3573 4331 ἐντεύ-
3634 4296 3640 4323 ι

2005 4365 2150 4431 ξεσιν
2180 4382 2194 4395 ·
2224 4366 2385 4435 ἔργον
2416 4366 2473 4418 δέ
2498 4368 2609 4429 τοῖς
2633 4365 2812 4433 λόγοις
2837 4363 2989 4419 οθπω
3015 4367 3214 4421 τοιόνδε
3249 4370 3573 4438 συνήπτετοο

2004 4458 2095 4510 καὶ
2121 4454 2244 4528 δίκη
2278 4457 2386 4510 τῶν
2415 4456 2589 4526 λόγων
2617 4456 2807 4527 ὥσπερ
2828 4458 3003 4528 ἔργων
3030 4460 3334 4523 ἀκούσασα,
3368 4462 3443 4524 ὡς
3473 4478 3575 4514 πε-

2004 4549 2250 4620 πραχότα
2275 4549 2366 4602 τὸν
2386 4549 2646 4619 εἰρηκότα
2674 4550 2997 4620 μετὴρχετο.
3033 4551 3147 4618 Νὺξ
3184 4552 3294 4623 γάρ
3329 4552 3467 4620 μετὰ
3482 4552 3579 4614 τὰς

2006 4640 2161 4713 ἡλίου
2196 4640 2703 4712 δυσμάς.κάκείνης
2734 4642 2832 4712 τῆς
2864 4643 3081 4714 ἡμέρας
3133 4643 3362 4696 ἐλθοῦσα
3392 4643 3453 4696 τὸ
3481 4643 3580 4695 πέ·

2008 4749 2108 4804 ρας
2136 4734 2243 4794 τοῖς
2269 4732 2361 4784 ἐπὶ
2389 4734 2493 4802 γῆς
2525 4731 2828 4803 ἐϐράϐευσε
2847 4734 2948 4802 τὴν
3017 4734 3327 4789 ἀνάπαυσιν
3368 4733 3580 4805 ἀνθρώ-

2006 4842 2152 4889 ποις,
2187 4822 2431 4894 δηλονότι
2451 4822 2621 4876 ὕπνον
2650 4823 2788 4893 αὐτὴ
2808 4827 2928 4887 ταῖς
2954 4824 3180 4896 πτέρυξι
3207 4825 3469 4897 φέρουσα,
3490 4824 3581 4877 καὶ

2008 4918 2186 4989 βοῶσα
2222 4918 2409 4986 σαφῶς
2432 4915 2506 4978 ὡς
2530 4917 2591 4969 οὐ
2636 4916 2814 4987 μάτην
2871 4916 2981 4969 οὐδ’
3016 4918 3181 4989 καύτὴ
3246 4917 3324 4988 τῷ
3366 4919 3580 4972 πάντων

2008 5010 2202 5079 ποιητῇ
2235 5005 2754 5076 πεπλαστούργηται
2779 5021 2791 5034 ·
2826 5007 2947 5060 καθ’
2969 5008 3035 5078 ἢν
3053 5011 3146 5061 καὶ
3198 5010 3246 5063 οἰ
3309 5010 3583 5080 μάρτυρες

2008 5103 2263 5171 Στεφάνῳ
2314 5100 2389 5163 ὡς
2437 5099 2717 5171 ἀγνώμονι
2769 5102 3076 5169 φαίνονται,
3134 5103 3229 5156 καί⁵
3273 5105 3371 5172 τῆς
3397 5106 3586 5173 ἀχαρι-

2009 5194 2162 5257 στίας
2198 5192 2359 5247 αὑτὸν
2383 5194 2479 5255 τὰς
2504 5184 2663 5255 δίκας
2697 5195 3116 5265 εἰσπράττοντα,
3150 5194 3395 5267 λουτροῖς
3423 5195 3584 5248 αὐτὸν

2009 5286 2394 5356 ἐπιτρέψαντες
2419 5286 2723 5355 χρήσασθαι
2749 5304 2760 5318 ’
2795 5282 2876 5348 οἷς
2929 5288 3001 5351 ὠς
3046 5287 3340 5358 ἐκελεύσθη
3374 5287 3582 5358 χρησάο

2013 5396 2192 5450 μενος,
2246 5376 2393 5431 οὕτω
2442 5377 2657 5449 διετέθη
2700 5380 2909 5444 κακῶς,
2941 5382 3015 5444 ὼς
3048 5382 3219 5435 πολλὰ
3242 5384 3580 5453 γρηγορῆσαι

2010 5471 2352 5544 νυχθήμερα,
2386 5472 2480 5525 καὶ
2505 5473 2600 5544 τὴν
2637 5473 2837 5545 πολλὴν
2889 5474 3123 5528 ἀῦπνίαν
3164 5476 3260 5528 σὺν
3288 5477 3406 5538 ταῖς
3460 5473 3581 5527 ὀδύ-

2022 5573 2140 5620 ναις
2172 5556 2479 5627 ὁδύρεσθαι,
2500 5559 2578 5620 εἰς
2596 5557 2763 5621 πάθος
2793 5558 3005 5629 φρενῶν
3036 5561 3221 5628 φέρειν
3242 5559 3443 5611 εἰδυῖαν
3463 5558 3585 5620 τοὺς

2022 5649 2349 5717 πάσχοντας.
2415 5646 2557 5702 ’Δλϊ
2591 5650 2723 5722 αὐτὴ
2771 5652 2868 5722 μὲν
2900 5652 3205 5720 pas-.5513:
3253 5654 3325 5716 ὡς
3363 5654 3476 5705 δέον
3519 5648 3586 5722 ἦν
