4010 6208
377 281 519 343 3560

1333 277 1436 336 SS.
1475 277 1648 337 CYRI
1684 275 1778 337 ET
1818 273 2135 336 JOANNIS
2166 266 2575 331 MIRACULA.

2206 153 2239 167 ο

3490 248 3630 311 3570

379 396 472 447 τὸν
501 392 813 461 άγνιτιμονα,
850 388 1228 458 φιλανθρωπίᾳ
1276 388 1567 459 μαρτύρων
1626 387 1904 442 ἐπαύσατο
1936 402 1951 417 ⁸

2082 401 2174 454 psa
2219 381 2436 453 quidem
2505 372 2885 430 misericordia
2955 376 3279 439 martyrum,
3321 378 3440 432 quae
3485 364 3628 416 sicut

381 487 431 556 ἡ
472 482 748 550 τύφλωσις
807 481 861 533 δὲ
903 479 1065 533 πάλιν
1127 477 1287 529 αὐτὸν
1334 480 1367 546 ἠ
1411 475 1619 529 παλαιά
1662 474 1955 539 διεδέξατο,

392 573 644 643 γλώττης
696 569 910 623 ὗλισθον
971 569 1063 619 καὶ
1087 565 1347 628 δυσσεϐὲς
1386 566 1624 627 διανοίας
1651 564 1959 625 κολάζουσα

382 664 631 732 γέννημα
656 678 669 691 ·
703 662 798 712 καὶ
827 658 1002 711 ταῦτα
1027 657 1248 723 πάσχων
1279 654 1447 720 ἀξίως
1474 657 1501 707 ό
1532 654 1735 717 ἄθλιος,
1773 654 1959 723 ἠγνόει

385 753 570 817 κακῶς
597 754 696 821 τῆς
734 750 967 821 βασάνου
998 749 1059 800 τὸ
1093 748 1285 800 αἴτιον.

471 946 611 998 Ἀλλ’
647 944 699 995 οἱ
732 940 1169 1013 Χριστομίμητοι
1206 941 1477 1010 μάρτυρες
1518 935 1962 1004 ύπερδαλλόντως

393 1035 549 1095 ὄντες
573 1031 965 1102 φιλάνθρωποι,
1000 1031 1094 1082 καὶ
1121 1028 1360 1097 σωθῆναι
1395 1028 1601 1086 πάντας
1637 1023 1961 1095 ἀνθρώπους

387 1125 683 1187 ἐθέλοντες,
710 1123 804 1174 καὶ
838 1120 1011 1173 ὲλθεῖν
1031 1122 1110 1183 είς
1143 1117 1398 1187 ἀληθείας
1417 1119 1734 1184 ἐπίγνωσιν,
1771 1117 1846 1178 ὡς
1898 1115 1963 1167 ἂν

388 1216 661 1283 ἑπιγνοίη,
692 1213 783 1266 καὶ
814 1212 1067 1278 ἐπιγνοὺς
1098 1210 1458 1280 μεταγνώσει,
1520 1209 1615 1261 καὶ
1662 1206 1963 1277 μεταγνοὺς

390 1307 613 1375 σωθείη.
643 1304 819 1374 τούτῳ
840 1301 1148 1356 δεικνύουσι
1176 1302 1243 1353 δι’
1268 1300 1565 1372 ὁράματος,
1634 1301 1731 1352 καὶ
1765 1299 1963 1366 φανέν-

386 1415 476 1458 τες
498 1399 555 1450 ἐν
579 1376 836 1465 ἄρχοντος
875 1394 1007 1447 εἴδει
1041 1409 1099 1445 τε
1121 1392 1211 1444 καὶ
1242 1392 1394 1457 τάξει
1455 1390 1548 1443 τοῦ
1609 1390 1709 1460 τὴν
1771 1388 1964 1442 Νικίου

388 1486 540 1539 πόλιν
580 1485 869 1546 ίθύνοντος,
902 1483 1000 1552 τῆς
1030 1482 1166 1551 πρὸς
1198 1481 1402 1550 Κῦρον,
1433 1482 1619 1550 φησὶν,
1661 1481 1755 1532 καὶ
1777 1478 1964 1532 Ἰωάν-

389 1597 486 1648 νην
511 1578 639 1640 περὶ
660 1576 941 1638 κοινωνίας
967 1575 1262 1642 γενομένης
1320 1574 1468 1643 αύτῷ
1511 1572 1966 1640 συγκαταθέσεως

387 1669 661 1731 ὠνείδιζον
691 1670 787 1737 τὴν
820 1668 1153 1738 παράϐασιν,
1205 1665 1297 1718 καὶ
1356 1665 1603 1734 στέργειν
1659 1664 1821 1715 αὐτὸν
1866 1665 1964 1724 τὰς

2060 476 2393 530 conveniens
2451 479 2565 524 erat
2634 464 2958 520 verberabat
3017 462 3315 530 ingratum,
3370 454 3625 525 quievit;

2061 566 2280 620 caecitas
2306 546 2486 615 autem
2519 562 2567 611 ci
2599 565 2752 610 vetus
2775 557 3073 620 snbrogata
3098 557 3205 609 est,
3240 546 3437 615 linguae
3466 542 3636 597 lubri-

2060 674 2208 719 emn,
2237 663 2289 708 et
2323 653 2548 721 impium
2603 647 2804 702 mentis
2833 645 3067 714 puniens
3100 641 3376 710 genimen.
3410 635 3480 709 Et
3506 637 3635 690 dum

2064 752 2176 802 lia-c
2230 752 2528 815 pateretur,
2591 740 2804 803 infelix,
2879 733 3169 807 ignorabat
3226 730 3353 784 mali
3412 743 3633 784 causam

2063 834 2345 890 tormenti.

2132 943 2238 999 Sed
2272 951 2539 1011 martyres
2573 954 2693 993 cum
2726 935 3060 990 excellenter
3117 933 3225 987 sint
3268 930 3363 984 Dei
3409 929 3657 982 aemula--~

2065 1045 2232 1096 tores,
2287 1041 2341 1086 et
2390 1029 2671 1085 hominum
2714 1034 3013 1089 amatores,
3077 1023 3389 1087 salvarique
3443 1034 3637 1074 omnes

2064 1127 2337 1190 homines,
2366 1135 2420 1179 et
2448 1123 2631 1178 venire
2667 1120 2732 1175 ad
2772 1119 3020 1175 veritatis
3049 1117 3416 1187 cognitionem
3447 1113 3635 1173 velint,

2065 1229 2124 1273 ut
2156 1222 2495 1288 agnosceret,
2513 1222 2568 1269 et
2596 1226 2897 1283 agnoscens
2931 1210 3238 1280 pwnitcret,
3272 1216 3328 1262 ct
3362 1205 3665 1276 pmoitens.

2064 1310 2388 1372 salvaretur,
2421 1308 2522 1360 hoc
2545 1304 2846 1360 ostendunt
2879 1317 2973 1371 per
3007 1301 3305 1357 somnient.
3361 1299 3634 1367 Apparent

2065 1400 2210 1454 enim
2252 1399 2306 1452 in
2338 1397 2523 1468 specie
2550 1412 2613 1449 ac
2644 1396 2837 1449 ordine
2859 1393 3127 1463 principis
3162 1389 3485 1459 Niciopolim
3520 1405 3637 1441 mo-

2066 1489 2333 1552 derantis,
2356 1486 2756 1556 exprobrantes
2787 1485 2941 1554 quasi
2985 1484 3049 1536 ad
3078 1478 3640 1552 Cyrum-etlnannem
3664 1510 3671 1518 ‹

2066 1580 2132 1633 dc
2157 1577 2541 1633 communione
2578 1576 2733 1630 factae
2760 1574 3139 1629 conventionis
3175 1570 3636 1643 praevaricationi,

2067 1681 2121 1727 et
2143 1671 2391 1727 stabilire
2421 1670 2575 1723 illum
2610 1669 2787 1722 factas
2813 1667 2881 1721 ad
2912 1681 2971 1721 se
3000 1666 3323 1735 sponsiones
3354 1661 3641 1732 jubebant;

390 1760 528 1831 πρὸς
558 1760 755 1822 αὐτοὺς
777 1758 1048 1829 συνθήκας
1095 1760 1381 1811 ἐκέλευονο
1428 1755 1519 1809 καὶ
1565 1755 1754 1808 τοῦτον
1803 1754 1961 1823 ἠπεί-

2076 1773 2118 1818 et
2145 1764 2516 1825 minabantur,
2550 1760 2596 1815 si
2635 1757 2700 1811 ad
2728 1758 2894 1811 alium
2924 1734 3066 1810 ultra
3093 1754 3429 1809 declinassct
3483 1764 3639 1805 erro~

390 1852 515 1906 λουν
538 1855 584 1906 si
620 1852 754 1921 πρὸς
778 1850 941 1922 ἄλλην
968 1851 1067 1903 ἴδοι
1099 1852 1470 1922 παράτρωσιν.
1517 1850 1591 1902 Ὀ
1615 1850 1670 1902 δὲ
1715 1849 1790 1911 ὡς
1823 1848 1964 1916 ἔγνω

389 1945 490 2013 τῆς
515 1943 715 2013 βλάϐης
743 1944 801 1996 τὸ
819 1944 1011 2005 αἴτιον,
1042 1945 1278 2006 ἀναστάς
1311 1943 1633 2012 ἐπωμόσατο
1666 1941 1863 2012 μηκέτι
1890 1940 1963 2012 μῆ

390 2034 534 2103 λόγῳ
569 2033 641 2103 μὴ
666 2031 809 2104 ἔργῳ
825 2031 1033 2086 τοιοῦτό
1048 2051 1099 2086 τι
1128 2031 1551 2104 διαπράξασθαι,
1575 2033 1668 2086 καὶ
1698 2031 1807 2084 τῶν
1828 2047 1964 2101 προ-

390 2124 667 2177 λαϐόντων
688 2126 1019 2194 συγγνώμην
1046 2122 1267 2193 ἠξίωσε.

464 2262 526 2312 0i
553 2261 609 2313 δὲ
642 2258 922 2311 θεσπέσεοι
958 2260 1232 2329 μάρτυρες
1268 2259 1344 2322 ὡς
1395 2258 1505 2313 ίδον
1533 2259 1813 2330 ἀραρότως
1843 2276 1966 2312 συν-

398 2342 643 2419 θέμενον,
666 2353 758 2402 xa‘t
786 2349 961 2402 σθένει
992 2350 1154 2403 παντὶ
1177 2351 1273 2412 τὰς
1306 2349 1439 2421 πρὸς
1479 2352 1677 2412 αὐτοὺς
1701 2349 1830 2420 περὶ
1874 2350 1965 2402 πί-

397 2455 562 2502 στεως
590 2440 864 2508 συνθήκας
894 2439 1179 2507 φυλάττειν
1213 2440 1607 2505 σπουδάζοντα.
1631 2440 1792 2493 πάλιν
1817 2437 1967 2509 αύτῷ

392 2531 536 2583 κατὰ
563 2529 688 2592 τοὺς
709 2528 908 2592 ὕπνους
930 2530 1215 2599 ἐφάνησαν
1237 2530 1315 2600 τῷ
1343 2530 1712 2601 θυσιαστηρίῳ
1728 2528 1965 2599 Χριστοῦ

394 2622 930 2691 παριστάμενοι,κα“ι
958 2620 1055 2692 τὴν
1097 2622 1430 2691 ἀναίμακτον
1476 2621 1665 2675 θυσίαν
1726 2622 1967 2692 προσφέ-

395 2730 603 2785 ροντες,
661 2708 727 2785 ἧς
766 2713 914 2782 αὐτῷ
940 2714 1033 2766 καὶ
1099 2714 1409 2783 μετέδωκαν
1455 2714 1921 2784 προσενέγκαντες
1946 2729 1960 2745 ⁸

394 2805 490 2857 καὶ
526 2803 883 2872 μεταλαόόντι
908 2804 1070 2858 πάλιν
1087 2803 1236 2875 αύτῷ
1264 2804 1361 2875 τὴν
1390 2803 1484 2858 τοῦ
1529 2805 1784 2875 Σωτῆρος
1809 2803 1966 2875 Νύμ·

397 2914 505 2965 φην
534 2896 629 2967 τὴν
666 2895 987 2965 Ἐκκλησίαν
1012 2896 1296 2961 ὑπέδειξαν
1330 2899 1389 2949 ὲν
1431 2897 1703 2968 λαμπροῖς
1733 2896 1970 2964 ἐσθήμα-

399 3004 485 3041 σιν
508 2989 1027 3056 ἁπαστράπτουεσαν,
1057 2988 1152 3040 καὶ
1175 2987 1382 3057 κόσμον
1407 2987 1638 3058 ἔχουσαν
1670 2985 1852 3038 ἔνθεον
1874 2985 1967 3038 καὶ

2068 1869 2202 1908 rem.
2238 1852 2305 1906 At
2333 1852 2422 1906 ille
2450 1866 2575 1904 cum
2598 1850 2838 1904 Iasionis
2867 1849 3215 1918 cognovisset
3246 1858 3489 1909 causam,
3522 1857 3648 1898 sur-

2066 1960 2199 2015 gens
2240 1943 2598 2015 jurejurando
2636 1943 2862 2012 'juravit
2917 1940 3147 1994 ulterius
3199 1953 3259 1993 se
3302 1952 3410 1990 non
3452 1933 3640 1998 verbo,

2067 2053 2176 2092 non
2232 2051 2398 2107 opere
2445 2033 2758 2103 ltujusmodi
2798 2031 2929 2102 quid
2953 2039 3226 2094 acturum,
3253 2036 3307 2083 et
3337 2025 3645 2096 preceden-

2069 2131 2201 2184 tium
2234 2127 2447 2180 veniam
2482 2124 2797 2195 postulavit.

2136 2266 2274 2320 Cum
2341 2276 2523 2320 autem
2584 2260 2788 2333 egregii
2851 2268 3120 2330 martyres
3180 2258 3324 2313 hunc
3380 2256 3645 2311 vidissent

2068 2356 2292 2412 ﬁrmiter
2348 2358 2721 2427 pollicentem,
2767 2365 2822 2407 et
2879 2352 3089 2406 virtute
3136 2350 3286 2404 omni
3350 2348 3525 2427 factas
3577 2349 3644 2401 ad

2068 2462 2127 2503 se
2180 2447 2248 2503 de
2300 2424 2402 2502 title
2446 2446 2775 2515 sponsiones
2826 2442 3111 2497 custodire
3145 2424 3517 2500 festinantem.
3550 2440 3643 2493 ite-

2072 2553 2190 2592 rum
2255 2538 2332 2591 illi
2390 2539 2444 2592 in
2509 2537 2718 2591 somnis
2769 2541 3147 2603 apparuerunt
3216 2532 3375 2585 altari
3442 2531 3644 2584 Christi

2070 2630 2411 2692 assistentes,
2443 2635 2500 2683 et
2548 2627 2901 2681 incruentum
2948 2626 3283 2681 sacrificium
3331 2623 3646 2692 oﬂereptes,

2072 2720 2139 2776 de
2181 2737 2291 2792 quo
2328 2721 2378 2776 ei
2429 2727 2485 2773 ct
2539 2718 2799 2788 impertiti
2848 2726 2977 2772 sunt
3027 2717 3156 2771 dum
3202 2715 3481 2771 on‘errent.
3520 2715 3650 2770 Cui-

2071 2830 2177 2882 que
2228 2812 2673 2867 communicanti
2715 2826 2912 2865 rursus
2976 2809 3278 2864 Salvatoris
3340 2808 3647 2878 Sponsam,

2074 2904 2374 2958 Ecclesiam
2410 2904 2622 2957 scilicet
2648 2902 3031 2964 ostenderunt,
3070 2898 3237 2954 claris
3280 2898 3528 2954 vestibus
3557 2912 3651 2951 ru-

2072 2996 2341 3057 tilantem,
2389 2995 2743 3063 divinumgue
2790 3001 3046 3047 ornatum
3130 2993 3416 3045 habentem
3489 2996 3652 3058 atque

397 3079 594 3141 κάλλος
614 3080 936 3133 ἀνείκαστον
959 3059 1276 3150 ἀνθρωπίνῃ
1308 3081 1457 3149 φωνῇ
1490 3077 1565 3148 μὴ
1595 3076 1854 3147 λεχθῆναι
1880 3075 1963 3130 δυ-

2076 3084 2511 3139 inaastimabilem
2558 3083 3050 3153 pulchritudinem.
3083 3097 3205 3152 quae
3248 3084 3484 3135 humana
3521 3094 3651 3134 voce

398 3170 646 3237 νάμενον,
683 3171 838 3233 ’Ἠτις
862 3171 1089 3223 ἐλθοῦσα
1104 3171 1240 3241 πρὸς
1269 3170 1328 3223 τὺ
1350 3166 1544 3223 σεπτὸν
1561 3167 1970 3238 θυσιαστήριον,

398 3261 561 3317 πάλιν
593 3262 686 3314 καὶ
707 3262 844 3332 αὑτὴ
874 3261 984 3315 τῶν
1011 3262 1369 3332 ἐπικειμένων
1390 3258 1627 3331 Χριστοῦ
1659 3257 1973 3329 μυστηρίων

397 3350 478 3421 τῷ
512 3353 769 3422 Στεφάνῳ
798 3351 1034 3405 λαϐοῦσα
1082 3354 1386 3424 μετέδωκεν
1419 3367 1433 3381 ·
1486 3352 1580 3405 καὶ
1626 3352 1737 3413 τοῖς
1798 3349 1973 3416 ἁγίοις

398 3441 698 3512 εἰρηκόσιν,
735 3441 790 3496 ’A
804 3444 925 3514 ρκεί
947 3442 1079 3496 αὐτὸ
1105 3442 1256 3496 δοθὲν
1300 3442 1436 3510 πρὸς
1458 3441 1757 3505 τελείωσιν,
1802 3438 1975 3492 τοιού-

397 3551 511 3599 τοις
531 3533 864 3605 ἀπεκρίνατο
896 3535 1137 3605 ῥήμασιν
1160 3551 1174 3566 ο
1211 3533 1482 3603 Βούλομαι
1503 3532 1841 3599 περιττεύειν
1872 3533 1971 3583 αὐ-

400 3625 490 3682 τὸν
518 3629 628 3687 τοῖς
652 3625 818 3688 θείοις
837 3626 1189 3695 δωρήμασιν,
1212 3625 1308 3678 καὶ
1335 3625 1493 3677 τοῦτο
1540 3623 1724 3675 πλεῖον
1757 3621 1863 3673 τῶν
1889 3622 1974 3674 δε-

402 3711 637 3781 δομένων
663 3712 995 3782 κομίσασθαι
1026 3729 1040 3744 '
1072 3712 1182 3781 ἐγὼ
1216 3713 1325 3784 γὰρ
1355 3712 1517 3766 αύτδν
1545 3712 1815 3782 ἐδεξάμην
1878 3711 1973 3763 νῦν

402 3804 766 3875 φωτιζόμενον
790 3845 805 3870 ,
839 3807 932 3858 καὶ
960 3818 991 3857 υ
1002 3806 1077 3870 ἰὸς
1098 3807 1229 3877 ἐμὸς
1254 3805 1362 3859 ἀπὸ
1380 3804 1473 3858 τοῦ
1494 3805 1759 3874 παρόντος
1775 3804 1974 3857 κεκλύ-

401 3912 573 3949 σεται.

398 4019 421 4031 ⁵
473 4012 581 4064 Καὶ
607 4012 778 4064 ταῦτα
812 4012 949 4083 πρὸς
980 4013 1106 4074 τοὺς
1138 4012 1423 4084 μάρτυρας
1481 4011 1701 4078 λέξασα,
1741 4011 1974 4083 σταυρὸν

400 4103 631 4173 χρύσεον
674 4104 840 4167 λίθοις
880 4104 1156 4172 διαυγέσιν
1189 4106 1282 4158 καὶ
1313 4104 1515 4174 τιμίοις
1551 4104 1838 4175 λάμποντα
1868 4105 1976 4157 ἀπὸ

398 4194 495 4247 τοῦ
522 4194 793 4264 τραχήλου
819 4194 911 4246 τοῦ
935 4194 1055 4247 νέου
1080 4212 1147 4247 πε
1158 4194 1210 4265 pi.
1231 4194 1293 4247 τὸ
1325 4194 1523 4263 στῆθος
1548 4193 1817 4265 ᾐώρησεν,
1850 4194 1974 4247 τοῦ·

402 4302 493 4339 τον
523 4285 739 4353 φύλακα
769 4286 863 4337 τοῦ
893 4284 1141 4349 δοθέντος
1192 4286 1343 4355 αύτῷ
1391 4285 1751 4357 παρασχοῦσα
1803 4286 1972 4353 φωτί-

404 4394 611 4447 σματος
647 4393 661 4409 ⁸
720 4378 801 4431 ὃτι
846 4379 951 4444 ἔξω
980 4379 1313 4449 προελθόντα
1363 4380 1459 4432 τοῦ
1490 4379 1634 4449 ἱεροῦ
1658 4380 1826 4433 τόπου
1882 4379 1973 4432 τὸν
2009 4393 2053 4448 ι)
2081 4392 2234 4439 stans
2269 4400 2284 4448 ;

401 4469 699 4536 Στέφανον,
727 4471 864 4539 μετᾶ
892 4470 990 4540 τὴν
1012 4474 1112 4541 τῆς
1138 4471 1526 4540 μυσταγωγίας
1573 4472 1789 4540 ἐκείνης
1839 4470 1978 4523 ἀπό-

401 4558 576 4623 λυσιν,
611 4561 910 4628 Λίγύπτιός
940 4579 1024 4624 τις
1052 4561 1296 4630 δυσειδὴς
1325 4561 1442 4631 ἅμα
1470 4563 1567 4615 καὶ
1595 4561 1842 4632 βέϐηλος,
1877 4564 1972 4616 ὲκ-

400 4649 548 4703 δύειν
580 4650 844 4720 ὴδούλετο
867 4651 967 4723 τῆς
1026 4653 1322 4721 ἐκκλησίας
1370 4652 1474 4717 ἐξω
1517 4654 1832 4723 γενόμενον,
1884 4654 1981 4707 καὶ

402 4740 537 4794 πολὺ
568 4744 955 4813 μαχησάμενος
983 4744 1043 4796 ού
1063 4744 1350 4815 δεδύνηται
1381 4760 1399 4776 ο
1432 4744 1566 4798 ἀλλὰ
1590 4746 1684 4798 καὶ
1712 4746 1976 4816 νικηθεὶς,

402 4833 483 4894 είς
516 4832 737 4902 βόθυνόν
768 4851 886 4887 τινα
910 4834 1360 4906 δυσκατάληπτον
1408 4837 1685 4900 πέπτωκε,
1746 4836 1978 4907 σταυροῦ

400 4923 656 4994 ὃηλονότι
693 4924 789 4978 τοῦ
814 4929 913 4994 τῆς
938 4928 1094 4997 νίκης
1114 4928 1340 4999 δοτῆρος
1394 4927 1488 4981 καὶ
1519 4928 1758 4999 φύλακος
1783 4930 1874 4982 τὸν
1902 4931 1981 4983 oi-

403 5019 549 5069 κεῖον
581 5020 965 5089 προσκυνητὴν
977 5021 1138 5074 πάλιν
1168 5019 1516 5091 ῥωννύοντος,
1543 5021 1638 5074 καὶ
1664 5023 1822 5093 νίκην
1840 5021 1980 5077 κατὰ

402 5105 499 5159 τοῦ
533 5108 760 5171 σκότους
786 5110 1140 5179 παρέχοντος.
1178 5111 1311 5165 Μετ’
1342 5112 1403 5164 ού
1434 5111 1569 5164 πολὺ
1598 5111 1657 5164 δὲ
1687 5112 1787 5180 τῆς
1817 5113 1978 5182 νίκης

400 5199 430 5250 ὀ
462 5198 734 5266 Στέφανος
759 5199 857 5254 καλ¹
888 5199 998 5253 τῶν
1024 5201 1320 5272 ὀφθαλμῶν
1348 5202 1410 5255 τὸ
1464 5203 1653 5266 σκότος
1715 5190 1972 5269 ἀπέθετο,

398 5288 497 5344 καὶ
555 5289 653 5360 τῆς
705 5290 894 5359 ὑγείας
923 5292 1229 5362 άπήλαυσε,
1280 5295 1376 5346 καί⁸
1392 5294 1454 5346 τὸ
1479 5293 1596 5362 φῶς
1623 5293 1702 5356 ὡς
1729 5294 1788 5347 τὸ
1840 5295 1974 5365 πρὶν

402 5379 687 5447 ἐθεάσατο,
710 5381 1066 5454 σερίδωνόπῷ
1080 5383 1214 5453 πρὸς
1249 5382 1551 5454 θεραπείαν
1583 5385 1928 5456 χρησάμενος
1959 5402 1974 5417 ο

400 5470 608 5524 τούτων
628 5474 738 5544 γάρ
772 5473 1237 5543 ὲκχυματίζεσθαι
1284 5475 1377 5528 τὸν
1406 5474 1539 5528 ὀπὸν
1588 5477 1637 5528 oi
1701 5477 1978 5549 μάρτυρες

400 5560 469 5613 δι’
523 5562 818 5634 δραμάτων
861 5565 1174 5620 ἐκέλευσαν.
1226 5566 1337 5619 Καὶ
1393 5568 1484 5620 ἐπὶ
1502 5565 1678 5639 τούτῳ
1726 5569 1784 5622 δὲ
1816 5568 1979 5623 πάλιν

403 5652 532 5710 τοὺς
595 5655 864 5720 σωμάτων
918 5656 1011 5710 καὶ
1034 5655 1219 5725 ψυχῶν
1271 5657 1490 5726 ἰατροὺς
1542 5657 1986 5729 άνυμνήσαντες,.

2072 3176 2177 3230 dici
2202 3191 2308 3228 non
2339 3183 2581 3245 poterant;
2603 3189 2726 3243 quae
2762 3175 2829 3227 ad
2857 3173 3170 3229 venerabile
3203 3173 3425 3227 veniens
3455 3171 3673 3235 altare,-

2075 3268 2268 3322 iterum
2298 3269 2493 3336 etipsa
2555 3270 2835 3339 propesita
2866 3269 3069 3324 Christi
3124 3277 3343 3338 sumpta
3392 3268 3652 3338 mysteria

2075 3360 2350 3429 Stephano
2379 3363 2635 3427 praebuit;
2662 3372 2716 3416 et
2736 3362 3049 3417 dicentibus
3071 3362 3281 3416 sanctis
3296 3363 3547 3417 sulticere
3570 3362 3649 3416 illi

2072 3456 2214 3522 quod
2235 3454 2300 3507 ad
2323 3452 2708 3521 perfectionem
2731 3452 2901 3506 fuerat
2921 3452 3652 3522 attributum,hujuscemodi

2072 3545 2297 3595 verbum
2345 3541 2677 3613 respondit;
2713 3542 2851 3597 Volo
2884 3559 3006 3598 eum
3067 3544 3270 3598 divinis
3321 3543 3648 3598 muneribus

2074 3634 2371 3697 abumlare,
2403 3644 2457 3687 et
2486 3634 2588 3686 hoc
2614 3632 2737 3701 plus
2764 3633 2848 3688 his
2881 3648 3002 3703 quae
3035 3632 3159 3687 data
3184 3643 3312 3688 sunt
3333 3641 3639 3702 asportare.

2077 3725 2187 3795 Ego
2213 3725 2358 3779 enim
2387 3741 2536 3779 nunc
2574 3740 2699 3779 cum
2724 3725 2855 3780 dum
2886 3726 3293 3779 illuminaretur
3324 3725 3566 3796 suscepi,
3598 3733 3656 3780 et

2075 3817 2215 3872 filius
2243 3833 2396 3873 tuens
2423 3834 2454 3871 a
2485 3827 2726 3888 tempore
2754 3818 3007 3888 praesenti
3037 3818 3343 3872 vocabitur.

2146 4017 2211 4070 Et
2241 4017 2326 4072 his
2356 4016 2423 4070 ad
2475 4023 2744 4086 martyres
2789 4013 2977 4079 dictis,
3012 4029 3234 4069 crucem
3283 4027 3506 4070 auream
3542 4014 3653 4070 ful-

2076 4109 2220 4179 gidis
2257 4108 2623 4177 pretiosisque
2676 4094 2954 4175 lapidibus
3009 4115 3394 4161 coruscantem
3428 4124 3459 4160 a
3506 4106 3651 4162 collo

2071 4200 2291 4269 juvenis
2351 4203 2495 4253 circa
2549 4207 2738 4270 pectus
2798 4198 3120 4267 suspendit,
3181 4199 3324 4252 hanc
3386 4198 3651 4254 observa-

2077 4293 2265 4347 tricem
2327 4292 2742 4346 illuminationis
2796 4305 2919 4361 quia:
2970 4290 3050 4344 illi
3105 4292 3228 4344 data
3277 4291 3458 4346 fuerat
3514 4306 3654 4361 prat-

2369 4384 2499 4451 quia
2588 4398 2713 4437 cum
2793 4398 2824 4437 a
2896 4398 3056 4438 sacro
3120 4383 3239 4437 loco
3309 4391 3434 4453 post
3502 4383 3652 4438 illam

2081 4480 2325 4548 mysticze
2357 4477 2741 4532 celebrationis
2772 4477 3105 4532 solutionem
3161 4474 3475 4545 Stephanus
3528 4490 3655 4546 pro-

2078 4568 2353 4633 cessisset,
2378 4566 2660 4638 Egyptius
2690 4566 2914 4636 quidam
2946 4565 3145 4624 foedus.
3181 4573 3346 4635 atque
3376 4565 3640 4636 pollutus.
3696 4552 3697 4559 “

2079 4659 2297 4713 volebat
2322 4674 2445 4714 eum
2480 4673 2706 4723 exuere,
2733 4674 2858 4712 cum
2891 4668 3047 4712 extra
3075 4658 3366 4712 ecclesiam
3392 4656 3533 4712 foret
3567 4658 3656 4712 in-

2081 4755 2297 4813 ventus,
2325 4755 2382 4803 et
2428 4749 2664 4803 multum
2709 4755 2996 4809 causatus.
3032 4745 3168 4800 nihil
3229 4745 3533 4816 pravaluit,
3557 4747 3652 4802 sed

2080 4849 2133 4897 et
2165 4841 2344 4896 victus
2374 4842 2428 4895 in
2466 4841 2674 4896 foveam
2729 4839 3022 4909 quamdam
3050 4840 3138 4892 vix
3185 4838 3657 4908 comprehensibi-

2081 4932 2184 4987 lem
2233 4932 2453 4994 cecidit.
2481 4946 2646 4986 cruce
2690 4931 2943 4985 videlicet
2974 4929 3219 4984 victoria:
3244 4929 3455 4984 datrice
3484 4937 3538 4983 et
3558 4929 3657 4983 ob-

2081 5004 2398 5084 servatrice,
2452 5021 2739 5090 proprium
2787 5019 3134 5073 adoratorem
3186 5019 3250 5071 ad
3302 5017 3652 5072 luctationem

2080 5113 2392 5173 rnborante.
2424 5121 2477 5167 et
2498 5113 2789 5166 victoriam
2816 5118 3008 5164 contra
3068 5110 3326 5164 tenebras
3359 5108 3650 5162 tribuente.

2083 5201 2252 5256 Paulo
2281 5210 2404 5272 post
2445 5203 2757 5265 victoriam,
2801 5202 3115 5271 Stephanus
3143 5213 3200 5256 et
3238 5201 3494 5256 tenebras
3518 5214 3657 5255 ocu-

2084 5292 2259 5344 lorum
2291 5291 2511 5360 abjecit,
2536 5298 2590 5346 et
2612 5291 2849 5346 sanitate
2869 5290 3079 5359 potitus
3105 5300 3210 5354 est,
3237 5296 3289 5340 et
3335 5287 3516 5340 lumen
3577 5286 3656 5340 si-

2080 5390 2173 5436 cut
2219 5390 2378 5436 antea
2428 5380 2583 5444 vidit,
2622 5381 2934 5450 intybarum
2984 5394 3153 5434 succo
3187 5378 3254 5432 ad
3314 5376 3651 5433 curationem

2082 5491 2217 5531 usus
2232 5491 2252 5543 ;
2278 5491 2342 5530 ex
2372 5474 2457 5529 his
2478 5474 2626 5528 enim
2643 5473 2846 5528 elicere
2870 5487 3101 5528 succum
3132 5481 3402 5542 martyres
3425 5470 3481 5525 in
3506 5484 3655 5526 som-

2082 5568 2167 5622 nis
2193 5567 2499 5641 jusserunt.
2528 5564 2596 5620 Et
2647 5565 2703 5617 in
2749 5563 2853 5620 hoc
2883 5566 3086 5620 iterum
3127 5576 3421 5634 corporum
3452 5571 3509 5619 et
3532 5562 3657 5616 ani-

2085 5675 2294 5715 marum
2325 5657 2556 5715 medicis
2582 5656 2935 5723 collaudatis,
2964 5662 3024 5711 et‘
3041 5670 3206 5726 super
3267 5654 3370 5711 hos
3412 5652 3667 5715 Christo,
