4020 6200
463 220 601 284 3573

1424 228 1528 288 SS.
1555 227 1730 287 CYRI
1772 229 1866 288 ET
1904 229 2224 290 JOANNIS
2255 229 2673 290 MIRACULA.

3597 228 3737 293 3574

464 337 826 408 φλεγόμενον,
862 337 1122 409 τοιαύτην
1162 340 1313 411 αὑτῴ
1354 344 1700 412 προτείνουσι
1737 342 1849 413 (27)
1882 343 2037 414 λητὴε

2153 343 2368 404 dcntcs.
2404 344 2450 398 si
2503 345 2607 410 vis,
2641 344 2817 410 aiunt,
2850 359 2879 397 a
2917 343 3177 415 languore
3228 344 3473 407 liberari,
3509 361 3741 416 surgens

467 429 600 502 [imo
645 429 1063 501 Ἰσραηλιτικδν]
1088 430 1223 485 λεὼν
1251 435 1300 485 οἱ
1342 432 1548 487 τούτων
1588 437 1769 503 γονεῖς
1799 436 1895 488 καὶ
1918 451 2051 504 προ-

467 520 705 591 πάτορες
727 535 742 550 ·
794 520 916 574 ὅθεν
947 522 980 574 ό
1007 523 1212 593 Πέτρος
1267 524 1402 595 μηδὲ
1434 528 1619 594 τυχεῖν
1661 526 1831 596 ἔφησε
1865 525 2051 596 βούλε-

468 613 594 667 σθαι
631 614 871 685 ῥώσεως,
897 614 1036 684 μηδὲ
1054 615 1155 683 τῆς
1183 616 1401 670 συνόδου
1423 619 1676 684 γενέσθαι
1693 618 1794 689 τῆς
1821 620 1881 672 ἐν
1910 618 2051 673 Χαλ-

468 704 653 775 κηδόνι
688 705 1053 777 συναχθείσης
1081 706 1355 777 ὀμόδοξος.
1389 709 1454 761 0i
1483 709 1542 763 δὲ
1571 708 1851 764 θεσπέσιοι
1877 710 2050 765 ταῦτα

465 796 678 864 λέγοντι
717 797 1189 868 προσηπείλησαν,
1218 800 1315 852 καὶ
1346 798 1421 865 ὡς
1454 802 1556 855 οὑκ
1584 802 1759 867 ἄλλως
1801 804 2048 876 σωῆήσε-

465 905 558 941 ται
589 889 863 959 φήσαντες
912 889 1297 962 ἀνεχώρησαν,
1326 889 1427 955 τὰς
1466 890 1764 961 ἀλγηδόνας
1789 894 1938 963 αὑτῷ
1966 895 2046 948 δι-

462 980 821 1045 υπνίσαντες,
880 979 949 1043 ἃς
1003 976 1147 1051 ἦσαν
1198 982 1354 1035 αὑτοὶ
1392 984 1845 1048 κατευνάσαντες.
1903 987 1963 1039 '0
1989 987 2046 1041 δὲ

464 1072 693 1137 ταύταις
735 1073 926 1137 δεινῶς
973 1073 1323 1145 αἰκιζόμενος
1361 1076 1523 1130 πάλιν
1571 1077 1828 1148 ἀρωγοὺς
1860 1079 2044 1133 ἐκάλει

463 1162 591 1224 τοὺς
621 1162 905 1233 μάρτυρας
925 1179 939 1194 ·
964 1163 1102 1217 ἀλλά
1144 1163 1309 1219 πάλιν
1334 1164 1603 1231 ἐλθόντες,
1626 1168 1725 1220 καὶ.
1753 1167 1825 1220 τὰ
1852 1167 2045 1238 πρῶτα

464 1251 870 1317 προτείναντες,
905 1250 1225 1321 ἀπράκτους
1261 1252 1554 1307 ἀπέλυσεν.
1587 1253 1663 1306 οὑ
1696 1253 1856 1323 μόνον
1881 1254 1939 1307 δὲ
1961 1254 2044 1317 δὶς

463 1341 560 1393 καὶ
592 1343 710 1411 τρὶς
752 1341 784 1412 ἢ
816 1343 1073 1414 τετράκις
1120 1340 1277 1396 τοῦτο
1306 1343 1631 1415 πεποίηκεν,
1674 1345 1810 1399 ἀλλὰ
1845 1346 2044 1401 πολλά·

463 1450 550 1495 κις
591 1434 789 1497 αὐτοὺς
821 1435 1003 1488 καλῶν
1030 1438 1110 1500 είς
1146 1437 1422 1507 βοήθειαν,
1455 1439 1550 1491 καὶ
1578 1436 1647 1490 δι’
1687 1434 1868 1491 οῖκτον
1893 1438 2045 1509 αὑτῷ

2154 432 2458 502 pretiosum
2492 431 2788 487 Jordanem
2834 433 3123 503 ingredere
3159 433 3290 504 (hoc
3323 434 3469 488 enim
3521 437 3742 520 nomine

2153 522 2510 576 Alexandrini
2581 522 2721 577 sacri
2790 522 3139 592 baptismatis
3203 522 3475 591 piscinam
3532 525 3742 593 signiﬁ-

2151 618 2276 667 cant
2302 611 2438 682 (29),
2474 627 2545 696 eo
2560 614 2704 682 quod
2722 611 2978 670 Christus
3011 613 3274 668 Dominus
3304 625 3495 670 noster
3523 616 3590 670 ad
3623 633 3742 685 pur-

2150 700 2431 771 gationem
2465 702 2641 757 nostri
2671 702 2744 756 sit
2779 704 2837 756 in
2877 700 3118 759 Jordane
3149 705 3375 760 ﬂumine
3401 706 3737 776 baptizatuS)

2152 793 2517 862 manibusque
2576 792 2775 846 ibidem
2841 795 2990 859 lotis,
3053 798 3314 866 mysteria
3358 796 3570 853 Christi
3617 815 3740 869 qua:

2152 880 2263 936 illic
2295 890 2427 936 sunt
2446 881 2659 952 accipe,
2682 898 2947 939 manuum
2984 885 3341 943 ostendentes
3380 890 3576 959 ﬁgura,
3614 904 3739 945 cor-

2149 974 2300 1043 poris
2326 974 2535 1031 Cbristi
2571 992 2634 1030 ac
2665 979 2956 1048 sanguinis
2986 981 3257 1036 viviﬁcam
3286 997 3351 1038 ac
3370 982 3585 1039 beatam
3610 1000 3737 1056 per—

2148 1065 2475 1135 ceptionem.
2495 1067 2597 1133 Qui
2618 1068 2723 1124 hoc
2733 1070 2938 1134 audito,
2957 1071 3153 1126 malam
3171 1076 3598 1146 propositionem
3615 1094 3739 1136 esse

2147 1156 2246 1219 ait,
2261 1157 2580 1229 synodoque
2620 1161 2899 1216 maledixit
2921 1160 3376 1232 Chalcedonensi,
3391 1171 3641 1238 quamvis
3673 1172 3738 1226 li-

2146 1247 2315 1317 quido
2337 1249 2505 1303 sciret
2536 1250 2699 1320 hujus
2730 1266 3011 1311 auctores.
3035 1256 3234 1312 Odium
3264 1260 3470 1332 quippe
3501 1265 3733 1318 multum

2147 1340 2386 1413 Δεωκριῆ
2452 1359 2516 1399 ex
2569 1347 3051 1407 irrationabilitate
3102 1368 3166 1408 ac
3225 1356 3519 1413 barbarico
3568 1377 3736 1415 sensu

2145 1445 2334 1488 contra
2364 1448 2615 1491 sanctum
2651 1439 2754 1494 hoc
2775 1442 3023 1497 feruntur
3056 1447 3355 1501 concilium
3380 1447 3737 1521 (30),quem-

463 1523 629 1576 πολὺν
656 1524 1054 1592 ὑπακούοντας,
1096 1530 1188 1581 καὶ
1223 1529 1291 1582 τὰ
1327 1529 1466 1583 αὑτὰ
1501 1531 1675 1583 ποιεῖν
1719 1529 2037 1601 ἐπιτρέπον-

2146 1527 2439 1579 admodum
2499 1529 2773 1597 quondam
2824 1532 3091 1590 adversus
3141 1535 3504 1593 lsraeliticum
3561 1557 3734 1613 popu-

459 1632 580 1677 τας,
606 1616 680 1677 ὡς
701 1616 803 1670 οὐκ
832 1617 1085 1683 ἐλθόντας
1115 1620 1373 1685 ἀπέλυεν,
1408 1620 1482 1691 μὴ
1512 1620 1838 1691 βουλόμενος
1858 1622 2037 1686 αὑτοῖς

2147 1616 2281 1680 lum,
2326 1616 2519 1671 horum
2553 1630 2803 1688 parentes
2859 1638 2924 1676 ac
2975 1627 3278 1695 genitores.
3336 1629 3493 1686 Unde
3543 1632 3737 1697 Petrus

461 1706 713 1762 ὑπείκειν
763 1709 856 1761 καὶ
921 1705 1231 1764 πεῶεσθαι.
1279 1711 1697 1781 Δυσμετάθετον
1744 1711 1853 1785 γὰρ
1894 1711 2037 1774 ἔθνος

2148 1724 2325 1777 neque
2353 1710 2818 1768 sanitatemvelle
2885 1732 2946 1770 se
3002 1720 3298 1787 impetrare
3363 1720 3523 1789 dixit,
3558 1740 3736 1795 neque
3774 1774 3781 1783 ,

462 1794 749 1860 Αἰγύπτιοι
779 1797 921 1866 (28),
952 1802 1046 1853 καὶ
1076 1800 1105 1854 ὃ
1128 1804 1307 1855 ποιεῖν
1333 1802 1485 1869 ἅπαξ
1518 1804 1895 1869 θεσπίσουσιν,
1929 1804 2037 1859 εἴτε

2151 1801 2346 1872 synodi
2372 1819 2499 1871 quae
2523 1803 2873 1862 Chalcedone
2903 1810 3130 1865 collecta
3165 1822 3269 1876 est,
3288 1812 3404 1869 ﬁeri
3440 1794 3737 1873 consenta-

461 1884 625 1936 καλὸν
657 1886 767 1939 εἴτε
804 1888 1028 1957 χηρεύοι
1075 1891 1170 1944 τοῦ
1222 1891 1550 1962 κρείττονος,
1583 1895 1644 1949 οὑ
1698 1894 1905 1965 ῥᾳδίως
1950 1910 2037 1964 με·

2154 1908 2342 1947 neum.
2380 1895 2461 1947 lui
2486 1904 2668 1950 autem
2694 1902 2896 1971 egregii
2924 1912 3192 1975 martyres
3245 1906 3362 1963 haec
3404 1909 3609 1966 dicenti
3631 1913 3735 1966 mi-

459 1974 671 2030 θειᾶσιν
687 1994 700 2007 ·
728 1979 821 2032 καὶ
844 1973 992 2035 οὗτοι
1021 1982 1122 2052 μὲν
1135 1983 1372 2038 τοιοῦτοι
1396 1986 1761 2056 τυγχάνουσιν
1784 1986 2037 2050 ἅπαντες.

2158 1986 2271 2040 nati
2305 1995 2467 2049 sunt;
2502 1997 2557 2041 et
2597 1994 2744 2058 quod
2782 2007 2892 2047 non
2927 1973 3087 2049 aliter
3122 2005 3270 2055 esset
3317 2002 3621 2060 salvandus‘
3645 2018 3733 2060 as-

456 2077 799 2135 severantes,
821 2083 1195 2140 recesserunt,
1231 2074 1452 2133 dolores
1473 2077 1535 2133 ei
1570 2078 2036 2147 excitantesan
2073 2076 2281 2145 pridem
2316 2076 2677 2146 sedaverant;
2748 2084 2842 2151 qui
2892 2086 3179 2157 _airociter
3241 2090 3330 2147 his
3385 2094 3729 2153 verberatus.

458 2152 659 2214 iterum
709 2162 992 2232 adjutores
1048 2166 1323 2222 asciscere
1366 2176 1647 2239 martyres
1675 2169 2027 2238 procumbat,
2069 2167 2161 2220 sed
2196 2167 2397 2223 iterum
2434 2170 2716 2228 venientes
2769 2185 2824 2229 et
2850 2176 3025 2243 prima
3085 2181 3513 2250 prattendentes,
3592 2188 3731 2241 inef-

460 2233 688 2307 ﬁcaces’
711 2253 923 2311 dimisit
956 2273 972 2322 ;
1006 2273 1117 2312 non
1165 2269 1351 2315 autem
1375 2259 1484 2315 'his
1514 2233 1578 2314 vel
1604 2233 1692 2316 ter
1723 2271 1819 2316 aut
1848 2270 2042 2331 quater
2063 2259 2165 2315 hoc
2187 2261 2337 2329 fecit,
2375 2267 2470 2321 sed
2511 2268 2791 2322 multoties
2867 2282 2965 2323 eos
2988 2284 3196 2327 vocans
3255 2273 3311 2327 in
3368 2276 3726 2349 adjulerimn,

458 2346 549 2412 qui
584 2362 710 2401 cum
735 2360 957 2421 propter
980 2353 1211 2408 multam
1241 2354 1652 2412 miserationem
1688 2355 2034 2418 exaudirent,
2074 2364 2129 2412 et
2153 2357 2343 2414 eadem
2390 2360 2574 2417 facere
2602 2362 2981 2432 praeciperent,
3018 2366 3176 2434 quasi
3236 2381 3345 2421 non
3425 2371 3729 2439 venissent,

458 2434 595 2491 nihil
628 2444 837 2498 veritus
886 2442 1226 2511 dimittebat,
1260 2446 1459 2503 nolens
1482 2447 1565 2503 eis
1611 2449 1775 2504 subdi
1812 2448 1896 2504 vel
1927 2448 2151 2504 obedire
2176 2466 2191 2514 ;
2215 2451 2366 2505 natio
2395 2453 2541 2507 enim
2574 2452 2956 2524 Egyptiorum
3023 2459 3111 2511 vix
3164 2469 3432 2526 mutatur.
3470 2471 3526 2518 el
3578 2468 3722 2535 quod

456 2524 643 2585 facere
699 2535 870 2589 semel
922 2535 1251 2603 decreverit,
1310 2539 1429 2595 sive
1462 2540 1535 2595 sit
1561 2540 1791 2604 bonum,
1816 2540 1933 2596 sive
1970 2541 2043 2596 sit
2079 2541 2293 2596 meliori
2350 2543 2617 2610 deterius,
2665 2544 2948 2602 dilllcilius-
2983 2548 3339 2619 immittatur;
3370 2564 3426 2610 et
3475 2556 3717 2628 isti=qui-

457 2628 588 2685 dem
625 2631 765 2686 tales
788 2641 919 2687 sunt
948 2634 1213 2690 universi.

526 2723 730 2793 Πέτρος
749 2725 806 2779 δὲ
826 2726 928 2795 τῆς
956 2729 1149 2800 ὀδύνης
1178 2730 1908 2807 ὑπερϐολῇ-τιμωρούμενος,
1937 2736 2034 2790 καὶ

454 2811 644 2880 φέρειν
674 2812 756 2866 ἔτι
806 2814 914 2868 τῶν
942 2816 1192 2887 βασάνων
1237 2821 1335 2893 οὑχ
1368 2817 1489 2888 οἷός.
1504 2841 1564 2877 τε
1596 2823 1672 2878 ὢν
1706 2826 1807 2895 τὴν
1845 2825 2040 2898 δριμύ-

453 2919 614 2970 τητα,
640 2906 794 2975 μόλις
823 2907 878 2960 δὲ
908 2910 1004 2962 καὶ
1033 2910 1178 2965 οὕτω
1207 2913 1452 2978 πεισθεὶς
1479 2920 1591 2982 τοῖς
1613 2919 1720 2972 τῶν
1744 2920 1916 2988 ἁγίων
1946 2938 2037 2975 κε-

2143 2918 2334 2985 sicque
2364 2915 2584 2970 tandem
2618 2926 2938 2972 sanctorum
2990 2918 3336 2990 jussionibus
3368 2942 3589 2995 parens,
3623 2931 3721 2985 hos

453 2993 747 3065 λεύσμασι,
777 2998 1004 3067 τούτους
1026 3003 1087 3056 τδ
1115 3006 1423 3061 τελευταῖον
1448 3009 1730 3078 ἐκάλεσεν,
1756 3012 1844 3067 ἴνα
1875 3013 2037 3068 πάλιν

2145 3006 2445 3062 novissime
2489 3007 2764 3074 invitavit,
2789 3024 2899 3079 quo
2960 3025 3153 3067 rursus
3180 3015 3390 3071 miserti
3448 3020 3717 3084 venirent,

448 3084 827 3156 οἰκτείραντες
858 3091 1074 3158 ἔλθωσι,
1119 3097 1216 3150 καὶ
1257 3096 1359 3163 τὰς
1397 3097 1590 3164 ὀδύνας
1622 3100 1909 3167 διώξωσιν,
1941 3106 2037 3158 καὶ

451 3176 553 3201 ’,ψ
588 3177 749 3201 ,πη-μ,
788 3182 953 3201 “ML
1264 3190 1275 3201 .
1464 3191 1476 3201 .
1573 3185 1603 3201 ς.
1638 3191 1679 3201 -.
1716 3193 1738 3201 -
2023 3196 2035 3201 -

2141 3106 2195 3152 et
2222 3098 2442 3154 dolores
2474 3100 2760 3169 pellerent,
2786 3108 2842 3156 et
2866 3103 3158 3159 sanitatem
3193 3104 3488 3171 donarent,
3519 3120 3573 3165 et
3618 3128 3718 3182 pro

449 3176 553 3246 τὴν
582 3177 749 3246 ρὦιν
788 3182 1122 3251 χαρίσωνται
1142 3202 1156 3215 ⁶
1192 3190 1286 3242 καὶ
1315 3191 1518 3254 παντὸς
1545 3185 1605 3245 οὑ
1633 3191 1679 3246 δ⁹
1712 3193 1779 3248 ἂν
1806 3194 2035 3250 ὲθὲλωσί

2140 3198 2290 3246 certo
2312 3190 2579 3247 deﬁniens
2611 3208 2671 3248 se
2699 3195 2967 3264 quidquid
3007 3198 3206 3253 vellent
3233 3208 3291 3255 et
3319 3201 3587 3269 dicerent,
3618 3176 3718 3260 io—

450 3285 513 3322 τε
564 3271 657 3323 καὶ
705 3271 953 3337 λέξωσιν,
1007 3277 1211 3332 τούτου.
1255 3281 1551 3356 πληρωτὴν
1599 3285 1795 3341 ἑαυτὸν
1836 3288 2034 3359 ὁρίζων

2140 3282 2375 3339 luntarie
2405 3286 2829 3355 completurum.
2850 3289 2953 3354 Ast
2978 3292 3494 3360 compatienlissimi
3527 3313 3717 3355 revera

452 3361 720 3417 ἑκούσιον.
751 3365 813 3419 Οἱ
859 3366 917 3421 δὲ
969 3370 1281 3439 συμπαθεῖς
1328 3373 1481 3437 ὄντες
1515 3377 1627 3438 ,καὶ
1659 3378 2033 3449 φιλάνθρωποι

2140 3381 2191 3426 et
2245 3383 2523 3432 amatores
2578 3377 2860 3434 hominum
2899 3391 3190 3453 martyres,
3247 3386 3410 3440 etiam
3461 3395 3593 3445 tunc
3623 3391 3717 3446 illo

2217 2732 2413 2788 Petrus
2461 2741 2644 2787 autem
2696 2735 2981 2793 doloribus
3038 2740 3273 2796 nimiunn
3324 2747 3631 2813 cruciatus,
3670 2760 3725 2807 ct

2144 2825 2377 2881 suﬂ‘erre
2408 2826 2554 2881 ultra
2582 2835 2987 2884 tormentorum
3024 2848 3131 2887 non
3161 2838 3351 2893 valens
3381 2842 3718 2904 acrediuem.

458 3452 756 3523 μάρτυρες,
790 3457 884 3510 καὶ
910 3459 1035 3512 τότε
1059 3461 1353 3529 καλοῦντος
1381 3466 1662 3536 ἀφίκοντο,
1688 3470 1781 3523 καὶ
1804 3470 1873 3523 τὰ
1894 3471 2032 3525 αὑτὰ

456 3546 631 3629 ποιεῖν
683 3545 1053 3615 διετάττοντο,
1102 3553 1197 3606 καὶ
1243 3556 1499 3610 κοινωνὸν
1541 3558 1706 3613 αὐτὸν
1746 3559 1892 3631 ἔχειν
1932 3562 2034 3632 τῆς

454 3628 711 3702 πίστεως,
739 3642 790 3694 εί
821 3643 1200 3715 πεισθείηκαϊ
1218 3648 1459 3721 ποιησει,
1485 3628 1809 3723 διώμνυντοξ
1844 3628 2032 3728 Τούτιρ

451 3726 557 3799 γὰρ
590 3728 675 3784 ἔτι
704 3730 1008 3798 διστάζοντι
1041 3739 1173 3807 περὶ
1214 3739 1318 3811 τὴν
1360 3740 1469 3795 τῶν
1502 3746 1816 3817 μυστηρίων
1862 3726 2032 3816 μετάζ

447 3817 631 3890 ληψιν,
648 3823 762 3876 Οὑκ
782 3823 944 3895 ἀρκεῖ
970 3828 1269 3895 πιστεύειν,
1294 3830 1653 3902 ἐφθέγξαντο,
1678 3837 1755 3900 ὡς
1778 3839 1961 3908 ἡμεῖς,
1985 3834 2032 3895 ὦ

450 3906 647 3980 Πέτρε,
696 3913 1058 3984 πιστεύομεν,
1084 3919 1178 3971 καὶ
1208 3920 1349 3990 ἡμῖν.
1393 3923 1451 3975 ὲν
1482 3923 1561 3994 τῷ
1611 3926 1743 3998 περὶ
1792 3906 2030 3994 πίστεως

446 3997 594 4073 λόγῳ
623 4006 1054 4075 συντάττεσθαις
1093 4010 1165 4064 ’οο
1186 4012 1246 4066 δὲ
1266 4004 1404 4084 πρὸς
1432 4017 1635 4081 αὑτοὺς
1665 3997 1828 4074 πάλιν
1847 4020 2029 4089 λέγειν

449 4090 754 4179 ἐτόλμησεν
777 4112 792 4126 ·
821 4096 887 4149 Τί
915 4098 1023 4170 γὰρ
1062 4101 1156 4154 καὶ
1183 4102 1360 4172 ὑμεῖς,
1386 4095 1432 4157 ὧ
1463 4106 1559 4159 τοῦ
1588 4106 1827 4179 Χριστοῦ
1851 4112 2027 4179 μεγά-

448 4178 532 4234 λοι
560 4180 908 4252 Θεράποντες,
945 4186 1083 4259 ὠςή
1124 4191 1191 4244 ἐν-
1210 4192 1518 4264 Χαλκηδόνι
1567 4178 1853 4253 πιστεύετε
1896 4178 2024 4255 σύν-

2137 3472 2367 3519 vocante
2414 3466 2730 3532 veniebant,
2754 3476 2808 3522 et
2833 3468 3024 3524 eadem
3082 3472 3267 3530 facere
3306 3478 3713 3548 praecipiebant,

2134 3555 2771 3629 communicatoreinque
2830 3575 2891 3615 se
2957 3562 3081 3617 ﬁdei
3138 3564 3285 3620 hunc
3329 3566 3612 3636 jurabant,
3666 3576 3714 3628 si

2133 3645 2535 3715 acquiesceret,
2573 3656 2629 3703 et
2663 3650 2818 3720 jussa
2850 3653 3156 3721 perﬁceret,
3217 3655 3524 3714 habituros.
3555 3660 3713 3716 Hunc

2132 3750 2423 3809 ergogcum
2472 3738 2652 3793 adhuc
2698 3741 2849 3797 circa
2901 3753 3373 3802 sacramentorum
3410 3751 3713 3821 perceptio-

2132 3843 2256 3884 nem
2292 3828 2596 3898 dubitaret,
2620 3829 2739 3887 Non
2768 3834 2865 3889 tibi
2911 3835 3113 3891 sumcit
3148 3839 3373 3894 credere
3425 3854 3713 3910 perconta-

2130 3918 2354 3984 bantur,
2384 3923 2529 3976 sicut
2554 3938 2653 3976 nos
2672 3924 2967 3991 credimus,
2994 3926 3220 3992 oPetre,
3252 3942 3305 3985 et
3335 3933 3622 3990 nobiscum
3656 3936 3709 3991 in

2132 4012 2346 4068 ratione
2370 4013 2494 4068 ﬁdei
2511 4018 2819 4085 computari
2851 4018 2874 4072 ?
2906 4017 2997 4071 Ille
3020 4036 3151 4074 vero
3192 4023 3258 4076 ad
3286 4039 3381 4080 eos
3416 4027 3609 4082 iterum
3635 4029 3712 4084 di-

2130 4117 2259 4158 cere
2278 4108 2669 4173 praisumebat,
2701 4110 3079 4178 nunquidnam
3110 4120 3167 4168 et
3193 4130 3308 4180 vos,
3343 4132 3377 4169 ο
3406 4122 3588 4191 magni
3628 4122 3711 4175 fa-

2127 4196 2259 4250 muli
2289 4196 2516 4264 Christi,
2531 4200 2677 4254 sicut
2693 4200 3163 4262 Cbalcedonensis
3182 4208 3408 4266 creditis
3432 4214 3710 4282 synodus?

448 4269 599 4338 οδὸςς
618 4274 683 4326 Oi
709 4275 765 4329 δὲ
785 4277 927 4331 κατὰ
945 4277 1149 4351 ταύτην
1179 4285 1395 4352 φρονεῖν
1423 4282 1523 4357 τὴν
1544 4286 1653 4340 τῶν
1681 4288 1843 4360 ἱερῶν
1871 4292 2027 4347 ὁσίαν

2140 4284 2205 4340 At
2222 4286 2792 4347 illisecuudumhanc
2809 4309 3006 4364 sapere
3032 4307 3276 4353 sanctum
3304 4269 3706 4359 multitudinem

449 4363 661 4436 πληθὺν
706 4368 1099 4442 ὡμολόγησαν·
1133 4374 1225 4428 καὶ
1262 4374 1406 4430 οὕτω
1454 4381 1733 4433 πιστεύειν
1777 4381 1917 4454 ὡςή
1964 4386 2023 4438 ἑν

2140 4381 2466 4434 sacerdotum
2497 4382 2734 4440 conlessi
2765 4398 2913 4454 sunt,
2946 4400 2999 4442 ct
3028 4389 3099 4444 ita
3117 4390 3344 4446 credere
3367 4394 3708 4461 sicutChal-

445 4455 754 4526 Χαλκηδόνι
788 4460 1121 4518 πεπίστευκε
1160 4463 1410 4530 σύνοδος*
1459 4469 1557 4523 καὶ
1594 4471 1801 4542 ταύτην
1840 4472 2027 4542 ἔλεγον

2140 4473 2445 4530 cedonense
2488 4478 2780 4533 concilium
2831 4481 3064 4537 credidit
3097 4486 3438 4550 astruebant,
3472 4498 3526 4543 et
3566 4490 3707 4546 hanc

448 4547 634 4601 πίστιν
676 4550 843 4621 ὀρθὴν
875 4553 968 4606 καὶ
1009 4553 1367 4612 θεόπνευστον
1417 4560 1703 4633 κήρυγμα,
1743 4562 1811 4634 ἢν
1848 4566 1881 4635 ή
1935 4564 2024 4618 λε-

447 4638 641 4709 χθεῖσα
668 4641 884 4707 σύνοδος
914 4643 1107 4715 ὥρισει

515 4730 706 4786 Ταῦτα
741 4732 995 4799 λέξαντες
1025 4738 1074 4790 oi
1100 4738 1394 4806 θεσπέσιοι,
1433 4742 1535 4795 καὶ
1556 4742 1626 4796 δι’
1659 4745 1840 4816 ὅρκων
1883 4747 2024 4803 αὑτὰ

448 4817 868 4889 βεϐαιώσαντες,
892 4826 987 4878 καὶ
1013 4827 1104 4881 τὸν
1126 4829 1333 4899 Πέτρον
1357 4831 1460 4901 ἤδη
1486 4834 1887 4904 προπεισθέντα
1909 4841 2024 4903 τοῖς

447 4908 701 4981 βασάνοις
727 4914 1046 4985 δράσαντες,
1069 4920 1147 4990 τῷ
1165 4920 1342 4974 δοκεῖν
1362 4922 1721 4994 ἀνεχώρησαν
1741 4926 1836 4979 τοῦ
1861 4945 1921 4981 τε
1928 4930 2022 4999 μέ-
2080 4930 2087 4931 “

444 5019 571 5067 νους
593 5006 774 5061 αὑτῶν
795 5009 897 5062 οὑκ
921 5011 1251 5082 εἰργόμενοι.
1282 5014 1340 5067 ὐ
1355 5016 1412 5069 δὲ
1434 5018 1649 5087 πρωΐας
1665 5018 1726 5070 τὸ
1750 5021 2021 5092 μακάριον

445 5095 734 5169 δπλήρωσε
797 5105 1145 5176 πρόσταγμα,
1191 5107 1289 5161 καὶ
1347 5108 1538 5178 μισθὸν
1579 5110 1867 5177 εὐσεϐείας
1915 5115 2019 5185 τὴν

2125 4577 2249 4619 esse
2279 4564 2438 4620 ﬁdem
2464 4576 2666 4623 rectam
2701 4578 2755 4625 et
2784 4573 3229 4642 praedicationem
3251 4577 3516 4634 divinitus
3538 4581 3707 4653 inspi-

2123 4664 2490 4727 ratam,quam
2512 4662 2770 4729 praedicta
2788 4665 3028 4735 synodus
3048 4666 3340 4732 definierit,
3361 4673 3699 4730 asserebant.

2196 4749 2323 4806 Haec
2351 4767 2474 4807 cum
2524 4755 2726 4824 egregii
2774 4756 3061 4823 dixissent,
3096 4767 3153 4814 et
3210 4760 3573 4831 jurejurando
3636 4782 3701 4821 ea

2129 4838 2460 4905 ﬁrmassent,
2488 4840 2819 4914 Petrumque
2848 4845 2959 4915 jam
2979 4848 3266 4903 credulum
3298 4853 3589 4908 tormentis
3607 4869 3704 4923 pa-

2128 4939 2388 4997 trassent,
2421 4941 2482 4987 ut
2507 4943 2756 5003 putatum
2793 4947 3275 5002 est,.recesserunt
3313 4958 3343 4997 a
3374 4944 3578 5015 templo
3597 4960 3701 5000 suo

2126 5025 2334 5081 exclusi
2369 5026 2703 5084 nullatenus.
2752 5032 2821 5084 At
2858 5031 2970 5097 ille,
3013 5033 3172 5088 beato
3222 5036 3494 5106 completo
3539 5052 3701 5094 mane

2125 5126 2416 5187 praecepto,
2436 5120 2685 5177 mercede
2712 5121 2932 5193 pietatis
2957 5123 3331 5182 incolumitate
3359 5128 3567 5197 potitus
3590 5142 3693 5191 est.

1928 5256 2153 5314 NOT/E.

520 5335 632 5406 (Q7)
663 5338 829 5417 Quid_
850 5340 1139 5417 in_codicis
1169 5342 1344 5399 Graeci
1378 5344 1575 5400 lacuna
1609 5346 1682 5402 sit
1713 5348 2014 5417 perditum,

446 5404 1036 5466 demonstrat-Latinus
1066 5421 1267 5468 textus.

522 5475 633 5542 (‘28!
666 5476 909 5551 Egypt‘ii
933 5484 1133 5551 quippe
1150 5491 1283 5536 sunt
1307 5483 1558 5540 Dloscori
1582 5495 1638 5541 et
1655 5485 1842 5541 Severi
1864 5503 2015 5542 asse-

392 5584 395 5591 .
447 5544 570 5604 clze,
597 5544 830 5615 quorum
865 5544 1146 5605 hominum
1170 5562 1360 5608 contra
1385 5554 1680 5611 concilium
1715 5556 2016 5614 Chalcedo—

451 5629 622 5669 ncusc
654 5628 797 5672 nota:
827 5628 957 5674 sunt
982 5624 1057 5676 ira
1083 5631 1137 5677 et
1164 5624 1440 5693 impietas.

2196 5351 2307 5418 (29)
2341 5352 2550 5423 lleapse
2588 5363 2640 5407 et
2670 5356 2721 5407 in
2760 5356 2961 5424 priscis
2995 5357 3353 5411 ecclesiarum
3389 5356 3544 5412 Rom.
3574 5375 3697 5411 mn-

2125 5422 2573 5497 sivis_spectatur
2610 5422 2814 5497 ﬂuvius
2845 5441 2975 5480 cum
3003 5427 3366 5497 inscriptione
3395 5426 3690 5494 J'ordaucs,

2123 5507 2232 5566 quo
2271 5493 2553 5566 lustralem
2606 5495 2866 5566 baptismi
2894 5504 3120 5565 'aquam
3170 5493 3495 5566 signiﬁcari,
3534 5493 3695 5555 nemo

2124 5562 2468 5628 antiquarius
2500 5581 2604 5618 non
2631 5562 2784 5621 dicit.

2195 5633 2307 5704 (50)
2333 5634 2477 5691 Gens
2512 5634 2892 5705 Aigyptiornm
2927 5639 3189 5705 prouositi
3228 5649 3390 5695 tenax
