4020 6200
273 249 414 316 3577

1228 245 1332 306 SS.
1366 248 1541 309 CYRI
1572 250 1669 311 ET
1696 251 2020 313 JOANNIS
2071 255 2484 318 MIRACULA.

3411 265 3557 330 3578

353 357 526 420 Λίϐυς
557 356 588 409 ὁ
625 354 882 424 Ἰωάννης
910 354 1227 424 ἐτύγχανεν,
1258 354 1356 407 καί⁸
1379 357 1721 430 Μαράιὼτην
1740 358 1848 430 ᾧκε

2053 362 2257 434 Libytts
2289 368 2525 423 Joannes
2559 380 2696 434 erat,
2748 379 2802 425 et
2839 373 2981 438 apttd
3031 372 3319 428 Marmolttu
3359 380 3554 446 primi-

274 450 338 505 τδ
368 449 668 522 πρότερονο
694 445 810 500 ἀλλ’
835 449 916 509 ei;
947 446 1007 498 τὸ
1030 444 1142 497 τῶν
1174 445 1346 513 ἁγίων
1388 450 1683 516 γενόμενος
1706 450 1870 519 τέμε-

276 560 389 607 νος,
408 542 610 613 τρόπον
630 540 753 593 τινὰ
772 540 932 607 γένος
952 537 1224 608 ἠλλάξατο
1242 554 1257 568 ⁸
1280 538 1561 605 Αἰγύπτου
1582 541 1691 609 γάρ
1709 539 1871 593 τοῦτο

279 636 481 708 μᾶλλόν
523 637 641 687 ἐστι
685 631 1074 701 πλησιαίτερον
1100 643 1115 657 ⁶
1162 628 1225 680 τὸ
1268 627 1325 680 δέ
1352 628 1452 698 τῆς
1495 630 1868 699 μετοικήσεως

277 729 472 792 αίτιον,
518 726 733 793 δαίμων
758 719 850 794 ἦν,
874 721 951 783 ὠς
993 721 1265 788 λέγουσιν,
1299 719 1510 789 ἄγριος,
1537 719 1596 783 ὃς
1627 722 1684 772 ἐν
1714 720 1868 790 αὐτῷ

276 820 378 892 τὴν
421 818 706 872 κατοικίαν
739 812 1090 883 ποιούμενος,
1128 813 1400 881 ἀφόρητος
1430 807 1498 882 ἦν
1536 811 1626 865 διά
1666 813 1867 881 πολλὴν

280 911 601 982 ἀγριότητα.
636 906 842 961 Τούτου
879 906 1040 975 χάριν
1071 905 1099 955 ὁ
1136 904 1390 973 Ἰωάννης
1422 903 1706 973 δεδεμένος
1740 905 1869 958 ἀλύ-

284 1019 432 1055 σεσιν
458 1000 596 1071 πρὸς
618 1000 745 1060 τοὺς
789 998 1074 1067 μάρτυρας
1110 994 1297 1065 ἡγετο,
1334 995 1486 1056 ὅπως
1516 994 1683 1047 αὐτὸν
1709 995 1867 1066 ἐλεή-

284 1110 474 1157 σαντες
520 1090 615 1145 τοῦ
664 1087 1043 1151 συνοικοῦντος
1088 1085 1477 1156 λυτρώσωνται
1521 1085 1807 1155 δαίμονος·
1838 1084 1869 1138 δ

285 1187 376 1240 καὶ
418 1186 614 1238 θᾶττον
644 1180 1015 1252 πεπράκασιν.
1059 1177 1413 1239 Ἐκὸαλόντες
1464 1176 1574 1245 γάρ
1622 1175 1782 1239 εὐθὺς
1806 1176 1869 1228 τὸ

281 1278 576 1347 δαιμόνιον,
604 1274 705 1344 τῆς
733 1271 927 1328 τούτου
964 1269 1161 1341 μανίας
1187 1270 1413 1341 διηνεκῆ
1446 1272 1747 1341 δωροῦνται
1768 1270 1868 1342 τὴν

282 1370 572 1440 λύτρωσιν.

365 1462 423 1514 '0
452 1460 508 1513 δὲ
552 1458 759 1527 ταύτης
796 1453 974 1526 τυχὼν
1022 1453 1121 1524 τῆς
1157 1450 1503 1523 λυτρώσεως,
1544 1452 1652 1505 τῶν
1695 1469 1869 1506 σεσω-

282 1549 455 1602 κότων
483 1548 655 1615 ἁγίων
697 1546 884 1599 δοῦλον
911 1541 1102 1597 ἑαυτὸν
1150 1541 1534 1613 ἀπεγράψατο,
1571 1544 1671 1611 τῆς
1704 1542 1868 1614 eam-

282 1640 441 1705 πείας
467 1640 625 1706 ἀξίαν
651 1636 1062 1706 ἐνδεικνύμενος
1099 1632 1334 1696 εὔνοιαν,
1368 1633 1438 1686 δι’
1484 1635 1550 1704 ἢν
1589 1635 1684 1688 καὶ
1740 1651 1870 1705 μετ-

1973 464 2063 510 tus
2096 455 2458 521 habitaverat.
2506 461 2600 515 sed
2654 476 2778 515 cum
2820 463 2887 516 ad
2934 472 3255 519 sanctorum
3309 468 3555 525 venisset

1971 544 2280 608 basilicam.
2314 563 2489 617 genus
2523 550 2683 604 modo
2706 550 2941 620 quodam
2974 556 3224 619 mutavit,
3266 557 3378 611 hate
3404 561 3550 613 enim

1968 645 2054 692 est
2084 638 2323 711 Egypto
2370 644 2759 712 propinquius.
2815 644 2991 700 Porro
3044 649 3553 718 transmigratinnts

1969 739 2163 784 auctor
2189 732 2400 786 daemon
2431 745 2570 799 eral,
2602 744 2660 786 ttt
2693 734 2896 800 ferunt,
2932 741 3300 809 agrestis.qtti
3336 741 3552 795 habita-

1971 820 2174 874 tionem
2210 820 2445 876 faciebat
2479 824 2532 877 in
2572 825 2714 891 ipso,
2758 833 2812 879 et
2836 834 2953 880 erat
2984 829 3055 881 ob
3092 831 3320 882 multam
3370 830 3555 884 ferita-

1969 918 2076 965 tem
2110 911 2489 969 intolerabilis.
2527 915 2702 983 Hujus
2745 918 2821 971 rei
2855 920 3030 987 gratia
3061 918 3303 976 Joannes
3329 924 3551 981 vinctus

1967 1007 2181 1060 catenis
2209 1006 2275 1060 ad
2310 1017 2588 1077 martyres
2622 1009 2914 1077 agebatur.
2950 1011 2993 1064 si
3021 1027 3132 1080 quo
3160 1015 3416 1068 modosui
3443 1016 3550 1069 mi-

1968 1096 2125 1161 serti,
2159 1111 2189 1150 a
2226 1098 2471 1152 daemone
2511 1099 2605 1168 qui
2657 1115 2716 1154 se
2759 1101 3001 1167 tenebat,
3061 1105 3371 1174 eriperent;
3400 1105 3551 1173 quod

1966 1194 2021 1240 et
2079 1188 2344 1241 velociter
2398 1200 2765 1259 peregerunt;
2824 1190 3002 1259 ejecto
3054 1184 3199 1247 euiiu
3254 1196 3549 1260 confestim

1967 1269 2262 1337 daemonio,
2300 1274 2368 1328 ab
2400 1274 2567 1347 hujus
2607 1277 2824 1331 insania
2856 1280 3175 1335 continuam
3210 1281 3419 1338 donant
3457 1299 3548 1341 re-

1967 1361 2357 1432 demptionetn.

2035 1457 2104 1508 At
2150 1458 2242 1512 ille
2294 1459 2437 1515 hanc
2477 1462 2732 1532 adeptus,
2784 1475 3102 1517 sanctorum
3137 1466 3226 1534 qui
3268 1482 3327 1521 se
3370 1470 3549 1521 salva-

1967 1557 2161 1600 verant
2200 1559 2374 1603 semet
2408 1566 2627 1605 servum
2666 1554 2945 1622 ascripsit,
2996 1558 3283 1609 curatione
3323 1559 3545 1627 dignam

1967 1638 2268 1693 ostendens
2317 1640 2780 1707 benevolentiam,
2831 1660 2927 1714 per
2977 1662 3140 1714 quam
3188 1657 3243 1701 et
3292 1649 3549 1706 transmi-

280 1734 523 1802 ανάστης
577 1731 794 1799 ἐγένετο
821 1771 835 1793 ,
888 1729 984 1781 καὶ
1033 1726 1132 1797 τὴν
1168 1726 1397 1796 πατρίδα
1436 1726 1630 1793 λιπὼν,
1673 1728 1734 1781 τὸ
1758 1729 1855 1781 τῶι

1970 1738 2157 1795 grator
2186 1726 2413 1785 eﬂectus
2446 1741 2550 1795 est,
2590 1744 2643 1786 et
2678 1735 2854 1802 patria
2899 1734 3185 1799 derelicta.
3222 1753 3392 1806 penes
3417 1753 3548 1792 san-

279 1826 454 1893 ἁγίιυν
490 1824 787 1896 μαρτύριον
818 1821 1057 1892 ᾤκησεν.
1084 1819 1195 1874 Καὶ
1228 1820 1388 1873 τοῦτο
1426 1820 1523 1891 μὲν
1550 1822 1649 1891 τῆς
1681 1838 1863 1891 μετοι-

280 1919 470 1980 κεσίας
500 1918 561 1970 τδ
598 1915 793 1970 αἴτιον.
825 1914 979 1967 Μετὰ
1005 1916 1197 1984 χρόνον
1229 1911 1285 1964 δὲ
1330 1913 1473 1964 πάνυ
1509 1912 1702 1982 συχνὸν
1735 1913 1865 1976 τοὺς

277 2012 510 2081 νεφροὺς
547 2009 758 2079 βαρέως
785 2008 1065 2077 ἐνόσησεν,
1097 2006 1192 2059 καὶ
1227 2006 1259 2075 ἡ
1283 2005 1437 2068 νόσος
1457 2000 1526 2075 ἦν
1553 2006 1863 2058 ἀνυπόστα-

278 2119 368 2165 τος
390 2118 403 2132 ·
438 2101 570 2153 ποτὲ
600 2101 698 2170 μὲν
728 2101 837 2170 γάρ
886 2100 1101 2151 πίπτων
1152 2098 1234 2154 εἰς
1270 2097 1375 2167 γῆν
1414 2096 1678 2160 ἐκυλίετο,
1731 2096 1863 2150 ποτὲ

280 2192 339 2244 δὲ
371 2195 466 2261 τῆς
515 2191 616 2260 γῆς
654 2191 1015 2259 ἀνιστάμενος
1048 2188 1153 2243 άνὲι
1209 2188 1270 2241 τὸ
1318 2188 1544 2257 τέμενος
1592 2187 1734 2247 ἔθεε,
1767 2190 1863 2241 καὶ

289 2284 625 2355 βαρυφώνοις
656 2284 995 2352 στενάγμασι
1032 2283 1242 2344 πάντας
1274 2281 1402 2343 τοὺς
1443 2280 1539 2333 σὺν
1566 2279 1715 2349 αὐτῷ
1744 2279 1862 2332 δια-

281 2375 563 2447 τρίϐοντας
588 2375 799 2445 ἐστέρει
829 2377 929 2442 τῆς
959 2372 1291 2443 προσφιλοῦς
1325 2371 1707 2435 ἀναπαύσεως,
1737 2372 1861 2441 ἥτις

280 2467 464 2529 αὐτοῖς
491 2467 699 2537 ἠρεμία
727 2465 1119 2536 προσγινέσθαι
1154 2464 1422 2533 πέφυκεν,
1453 2463 1546 2517 καὶ
1574 2463 1714 2532 τάχα
1737 2479 1862 2532 συγ-

276 2556 503 2626 γνώμης
536 2556 832 2627 ἐτύγχανεν
866 2554 1038 2620 ἄξιος,
1086 2554 1261 2618 οὕτως
1293 2552 1539 2624 σφοδρῶς
1581 2551 1859 2623 ὀδυνώμε-

276 2667 387 2712 νος.
421 2650 543 2702 Τῶν
574 2649 672 2719 μὲν
701 2649 810 2720 γάρ
842 2648 1019 2703 ἄλλων
1046 2647 1235 2701 παθῶν
1267 2646 1400 2710 ἴσως
1422 2662 1507 2709 τις
1535 2648 1634 2716 τῆς
1664 2645 1859 2714 ὀδύνης

276 2744 627 2812 στοχάσαιτο,
655 2742 869 2813 νεφρῶν
898 2742 956 2795 δέ
986 2740 1147 2794 πόνον
1192 2740 1372 2792 είπείν
1423 2740 1518 2791 καὶ
1551 2738 1716 2807 άλγος
1758 2741 1858 2792 άν-

274 2833 529 2889 είκαστον
553 2833 663 2886 τῶν
697 2835 757 2886 οὐ
793 2832 1141 2887 πεπονθότων
1169 2830 1368 2894 οὐδεὶς,
1398 2829 1550 2900 μόνοι
1574 2829 1629 2881 δέ
1656 2827 1859 2897 γιγνώ-

277 2941 500 2977 σκουσιν
546 2926 595 2977 οί
638 2925 986 2995 νοσήσαντες.
1034 2921 1379 2977 Κινδυνεύων
1435 2916 1531 2974 οὖν
1563 2921 1857 2986 οὖτως,ὠς

274 3014 510 3088 ῑφημεν,
530 3018 783 3089 Ἰωάννης
811 3016 1170 3085 σφοδρότατα,
1195 3015 1335 3085 τάχα
1357 3014 1422 3069 ἂν
1455 3015 1855 3083 συντονωτέρας

275 3110 434 3182 ἔτυχε
482 3111 581 3182 τῆς
614 3112 833 3176 ἰάσεως,
868 3112 918 3164 εί
962 3110 1059 3163 σὺν
1112 3108 1463 3182 μακροθυμίᾳ
1494 3110 1620 3173 τοὺς
1664 3110 1855 3178 ἁγίους

277 3202 518 3257 ῑκέτευε.

343 3385 527 3440 Καλὸν
568 3385 626 3439 δέ
675 3384 848 3438 εἰπεῖν
880 3382 1029 3446 ὅπως
1056 3382 1154 3436 καὶ
1203 3380 1360 3436 τοῦτο
1406 3382 1646 3455 διαφύγῃ
1674 3382 1736 3436 τὸ
1768 3383 1858 3436 νό-

277 3496 427 3549 cupa
448 3494 461 3509 ‘
490 3479 606 3531 ἐστι
636 3477 745 3546 γάρ
777 3475 806 3528 ὁ
852 3475 1052 3545 τρόπος
1098 3474 1321 3545 χάριτος
1356 3475 1614 3544 ἔμπλεος.
1661 3474 1856 3546 Ἰατρί-

283 3587 410 3633 σκος
437 3586 520 3633 τις
556 3566 745 3621 τοῦτον
782 3566 905 3619 ἰδὼν
954 3564 1209 3636 χαλεπῶς
1239 3564 1593 3633 ὀδυνώμενον,
1631 3566 1727 3619 καὶ
1756 3566 1856 3635 τῆς

285 3660 468 3728 ὑγείας
500 3659 739 3722 διακαῶς
766 3657 1118 3730 ὀρεγδμενον,
1148 3657 1286 3727 Τρία
1311 3655 1401 3721 δός
1444 3673 1554 3727 μοι,
1591 3656 1727 3726 πρὸς
1758 3657 1856 3710 αύ-

275 3751 370 3806 τὸν
398 3751 523 3823 ἔφη,
550 3751 881 3822 νομίσματα,
913 3750 1069 3819 κάγώ
1100 3767 1181 3803 σοι
1213 3749 1280 3803 δι’
1326 3748 1603 3802 άντιδότου
1630 3750 1854 3821 παρέχω

270 3844 373 3918 τὴν
405 3843 570 3900 ῐασιν.
617 3842 676 3897 Ὀ
715 3843 772 3897 δέ
808 3845 1002 3913 φυγεῖν
1034 3840 1353 3905 σπουδάζων
1380 3843 1479 3910 τὴν
1512 3839 1763 3910 βάσανον,
1793 3841 1853 3894 τὸ

267 3936 491 4008 χρυσίον
536 3934 833 4003 προθύμως
878 3934 1175 3998 ἐπέδωκεν,
1217 3932 1316 3985 καὶ
1352 3931 1533 3985 λαϐὼν
1580 3933 1761 4002 ἐτήρει
1793 3931 1855 3985 τὸ

268 4029 587 4099 φάρμακον,
624 4026 711 4080 ἵνα
740 4026 877 4099 πρὸς
902 4024 1100 4096 ὄρθρον
1128 4024 1260 4078 αὐτὸ
1281 4024 1370 4077 διὰ
1402 4023 1668 4095 στόματος
1700 4022 1852 4093 δέξη-

266 4136 380 4172 ται.
414 4115 526 4170 Kal.
557 4116 677 4170 κατ’
710 4114 929 4186 ἐκείνην
971 4114 1071 4186 τὴν
1102 4114 1275 4168 νύκτα
1301 4112 1670 4184 κοιμώμενος,
1708 4128 1851 4181 παρ-

266 4209 510 4271 εστῶτας
547 4206 707 4279 αὐτῷ,
733 4205 921 4277 βλέπει
950 4206 1077 4269 τοὺς
1116 4204 1424 4276 μάρτυρας,
1452 4207 1547 4259 καὶ
1580 4206 1679 4274 τὴν
1718 4206 1851 4258 ἀπι-

263 4299 423 4353 στίαν
463 4298 562 4365 τὴν
610 4297 748 4369 πρὸς
797 4296 997 4360 αὐτοὺς
1048 4293 1433 4360 ὀνειδίζοντας,
1486 4295 1577 4348 καὶ
1628 4294 1735 4347 τῶν
1767 4296 1848 4358 είς

1966 1823 2179 1869 clerum
2225 1818 2490 1873 habitavit
2536 1823 2880 1893 martyrium.
2923 1823 2988 1877 Et
3028 1826 3144 1880 haec
3187 1828 3410 1895 quidem
3445 1829 3549 1882 fttit

1964 1906 2131 1976 hujus
2165 1924 2334 1964 causa
2360 1915 2890 1982 transmigrationis.
2943 1915 3075 1972 Post
3117 1927 3333 1989 tempus
3359 1929 3544 1974 autem

1964 2001 2260 2056 admodum
2299 2004 2487 2069 breve,
2536 2021 2727 2060 renum
2772 2010 3089 2080 languorem
3121 2014 3366 2081 graviter
3401 2013 3546 2068 inci-

1962 2092 2064 2158 dit,
2092 2103 2146 2149 et
2176 2094 2407 2166 languor
2436 2107 2557 2151 erat
2597 2099 2965 2156 intolerabilis
2993 2121 3005 2156 :
3050 2107 3250 2157 etenim
3291 2093 3545 2176 aliquan-

1962 2182 2034 2237 do
2080 2184 2288 2240 cadens
2320 2186 2375 2239 in
2413 2194 2613 2241 terram
2660 2190 3032 2258 volutabatur,
3074 2195 3374 2262 aliquando
3412 2211 3543 2252 vero

1961 2288 1991 2328 a
2032 2283 2179 2329 terra
2220 2288 2440 2333 erectus
2485 2293 2582 2347 per
2620 2279 2901 2333 basilicam
2942 2280 3316 2350 discurrebat,
3364 2288 3544 2355 gravi-

1961 2368 2178 2437 busque
2207 2371 2441 2425 vocibus
2476 2379 2528 2424 et
2561 2372 2857 2441 gemitibus
2899 2389 3092 2429 omnes
3122 2376 3214 2444 qui
3251 2377 3304 2429 in
3326 2392 3390 2431 ea
3425 2393 3543 2431 mo-

1962 2458 2230 2514 rabantur
2261 2462 2448 2531 requie
2481 2463 2731 2531 privabat
2759 2471 2961 2529 amata,
2998 2481 3120 2535 qua!
3146 2468 3256 2521 illis
3291 2469 3358 2521 ad
3387 2470 3541 2537 quie-

1964 2558 2069 2604 tem
2097 2552 2366 2620 prollcere
2397 2553 2554 2607 solet.
2590 2554 2655 2607 Et
2690 2552 2835 2610 forte
2863 2559 3019 2611 venia
3054 2559 3255 2628 dignus
3278 2570 3398 2614 erat
3427 2570 3538 2615 tam

1960 2642 2139 2696 valide
2164 2643 2359 2698 dolens
2386 2660 2402 2698 :
2435 2660 2562 2698 nam
2586 2644 2816 2700 aliarum
2845 2647 3065 2717 quidem
3097 2651 3416 2719 passionum
3443 2652 3542 2705 do-

1961 2733 2045 2787 lor
2078 2734 2314 2791 fortasse
2347 2738 2640 2807 quisquam
2678 2738 2751 2793 sit
2783 2739 3076 2795 vehemens
3122 2741 3395 2811 advertit;
3450 2761 3542 2799 re-

1960 2842 2090 2881 num
2131 2838 2315 2884 autem
2363 2830 2608 2886 dolorem
2654 2842 2708 2886 et
2752 2833 3084 2902 cruciatum,
3130 2834 3326 2901 fateor,
3377 2852 3541 2892 nemo

1959 2920 2051 2988 qui
2085 2936 2280 2989 passus
2332 2937 2441 2975 ttun
2476 2932 2564 2978 est
2597 2925 2878 2991 conjicere
2907 2934 3108 2996 potest,
3145 2944 3269 2983 cum
3313 2930 3417 2985 hoc
3444 2945 3539 2986 so-

1964 3012 2246 3067 lumtuodo
2273 3014 2366 3084 qtti
2403 3015 2600 3068 horttm
2632 3017 2952 3085 languorem
2977 3020 3125 3089 passi
3156 3028 3311 3083 sunt,
3337 3022 3537 3076 sciant.

1962 3101 2099 3157 Cum
2129 3119 2261 3174 ergo
2298 3103 2545 3161 Joannes
2582 3114 2716 3172 tam,
2766 3116 2826 3161 ut
2865 3108 3129 3172 diximus,
3170 3112 3349 3166 valide
3389 3110 3539 3180 peri-

1958 3194 2263 3259 clitaretur,
2298 3193 2536 3249 fortasse
2584 3197 2876 3251 sanitatem
2912 3199 3086 3269 magis
3122 3202 3396 3254 concitam
3434 3201 3541 3255 itu-

1959 3293 2251 3355 petrasset,
2291 3286 2336 3342 si
2365 3295 2587 3342 sanctos
2621 3288 3007 3360 longanimiter
3036 3291 3355 3363 flagitasset.

2030 3374 2239 3430 Bonum
2269 3386 2450 3431 autem
2497 3385 2580 3432 est
2619 3389 2678 3433 ttt
2715 3379 2934 3435 dicatur
2966 3397 3075 3451 quo
3102 3394 3157 3438 et
3185 3384 3330 3439 hunc
3375 3385 3540 3441 modo

1957 3470 2274 3542 languorem
2314 3470 2586 3540 ell‘ugerit,
2609 3483 2696 3529 est
2719 3476 2863 3528 enim
2891 3477 3085 3530 modus
3111 3479 3283 3547 gratia
3320 3479 3533 3546 plenus.

1959 3559 2262 3615 Medicttlus
2296 3562 2519 3630 quidam
2569 3563 2715 3617 hunc
2760 3581 2906 3620 saevo
2951 3567 3146 3621 videns
3174 3568 3361 3623 dolore
3404 3569 3534 3623 fati-

1956 3664 2163 3721 gatum,
2208 3662 2262 3706 et
2311 3654 2601 3709 sanitatem
2639 3659 3025 3712 ardentissime
3073 3659 3526 3716 desiderantem:

1957 3743 2114 3808 Tres,
2149 3744 2288 3799 dixit
2311 3745 2377 3799 ad
2414 3760 2563 3809 eum,
2611 3748 2679 3801 da
2728 3747 2860 3811 mihi
2906 3765 3184 3816 nummos,
3225 3762 3279 3806 et
3307 3768 3407 3820 ego
3437 3753 3534 3807 tibi

1955 3851 2055 3905 per
2091 3836 2399 3891 antidotum
2456 3836 2747 3891 sanitatem
2789 3839 3083 3908 praastabo.
3118 3839 3181 3893 At
3221 3841 3310 3896 ille
3348 3842 3535 3912 fugere

1954 3928 2145 3981 volens
2198 3926 2552 4005 supplicium,
2610 3942 2804 3982 aurum
2868 3931 3123 3987 alacriter
3177 3934 3421 4000 tradidit,
3479 3943 3534 3989 et

1953 4027 2179 4088 accepto
2257 4018 2644 4084 medicamine,
2699 4020 3028 4077 observabat
3068 4032 3342 4093 quatenus
3396 4026 3529 4081 illud

1953 4125 2050 4180 per
2084 4125 2148 4165 os
2171 4109 2416 4164 diluculo
2445 4121 2708 4169 sumeret.
2740 4112 2808 4167 Et
2844 4114 3031 4168 eadem
3063 4125 3223 4171 nocte
3250 4116 3533 4173 dormiens

1953 4203 2056 4257 sibi
2095 4210 2370 4274 mart)res
2422 4202 2572 4255 videt
2619 4188 2885 4272 astau'tes,
2917 4213 2972 4259 et
3010 4206 3313 4262 inlidelitati
3363 4225 3528 4280 quam

1953 4292 2007 4346 in
2065 4293 2189 4347 illos
2245 4294 2561 4348 ostenderat
2630 4296 3053 4365 exprobrantes,
3117 4310 3174 4353 et
3227 4304 3527 4358 sanitatum

260 4388 430 4442 αὐτὸν
445 4388 717 4455 διαφόρως
744 4386 1057 4455 γενομένων
1087 4384 1286 4438 ίάσεων
1303 4386 1843 4455 ἀναμιμνήσκοντας.

1959 4398 2090 4450 quas
2124 4386 2175 4438 in
2208 4400 2332 4439 eum
2381 4384 2602 4439 diverso
2635 4386 2795 4440 modo
2827 4398 3115 4457 gesserant
3149 4393 3527 4453 recordantes.

259 4482 340 4535 05
392 4480 553 4550 μόνον
582 4479 694 4550 γάρ
742 4479 905 4533 αὐτὸν
942 4477 1198 4547 δαίμονος
1232 4471 1371 4547 ἦσαν
1410 4476 1843 4546 λυτρωσάμενοι,

258 4575 401 4630 ἀλλά
436 4577 528 4627 καὶ
556 4574 651 4628 τοῦ
674 4577 773 4646 τῆς
804 4573 1085 4641 ποδάγρας
1132 4571 1355 4627 ἀνιάτου
1389 4572 1717 4643 νοσήματος,
1752 4571 1846 4624 καὶ

262 4666 479 4737 μυρίων
507 4666 683 4720 ἄλλων
708 4666 897 4718 παθῶν
934 4664 1101 4717 ίδικοῦ
1140 4664 1410 4734 δεομένων
1441 4663 1842 4730 συντάγματος,

259 4759 312 4809 εί
345 4756 580 4826 γράφειν
607 4754 749 4809 αὐτά
785 4771 869 4818 τις
898 4753 960 4807 τὸ
986 4753 1111 4807 καθ’
1152 4751 1210 4806 ἓν
1245 4752 1579 4822 ἐθελήσειεν.
1611 4753 1745 4823 Περὶ
1768 4745 1845 4804 ὧν

259 4849 678 4918 ὑπομνήσαντες
708 4847 929 4900 πάντων
950 4845 1114 4900 αὐτὸν
1140 4845 1192 4898 οἱ
1220 4844 1546 4909 καλλίνικοι,
1574 4844 1669 4897 καλ⁵
1696 4843 1843 4914 μάλα

253 4937 491 5008 κομψῶς
545 4937 946 5006 ἐγκαλέσαντες
1001 4936 1063 4989 τὸ
1124 4935 1356 4990 ἄπιστον
1380 4974 1396 4999 ,
1463 4935 1523 4989 τὸ
1584 4934 1841 5005 ἀμνημό-

255 5046 487 5092 νευτον,
550 5028 612 5081 τὸ
669 5028 1002 5099 ἀχάριστον,
1062 5027 1156 5081 καὶ
1222 5025 1278 5080 εί
1330 5043 1384 5079 τι
1453 5025 1665 5090 τούτοις
1724 5027 1841 5080 ἐστὶ

260 5118 667 5189 παραπλήσιον.
700 5120 865 5183 Τέλος
918 5120 975 5173 ἐν
1022 5118 1277 5190 εἰρωνείᾳ
1322 5119 1415 5172 τέν
1441 5119 1600 5188 λόγον
1649 5120 1840 5172 ποιού-

259 5227 436 5280 μενοι,
478 5210 566 5275 Τί,
619 5210 828 5279 φασίν;
866 5211 997 5280 ἡμῖν
1029 5211 1075 5261 ει
1108 5210 1381 5281 παρέσχες
1427 5211 1493 5263 τά
1531 5209 1657 5281 τρία
1686 5211 1841 5281 νομί-

256 5321 466 5374 σματα,
498 5304 598 5357 οὐκ
643 5304 861 5374 εἴχομεν
893 5305 1193 5373 παρασχεῖν
1238 5319 1322 5356 σοι
1356 5302 1459 5375 τὴν
1508 5299 1688 5371 (abut;
1714 5304 1840 5368 τοὺς

254 5396 457 5458 αὐτοὺς
483 5395 675 5463 λόγους
705 5394 1144 5465 ἀπαραλλάκτως
1171 5394 1558 5465 φθεγξάμενοι,
1584 5390 1666 5457 οἷς
1700 5394 1839 5465 πρὸς

255 5485 423 5540 αὐτὸν
470 5490 499 5540 ὁ
533 5488 702 5551 καλὸς
749 5488 959 5552 ἐκεῖνος
1015 5489 1296 5559 ίατρίσκος
1341 5488 1638 5558 ἐχρήσατο.
1689 5488 1838 5556 Πλὴν

256 5577 481 5644 ἄπελθε,
510 5578 755 5647 λέγουσι,
781 5578 877 5633 καὶ
902 5579 1003 5634 ὅσα
1025 5578 1100 5651 τῷ
1133 5578 1301 5648 ἱατρῷ
1324 5578 1731 5649 προσεκόμισας
1759 5577 1836 5649 τῷ

254 5666 508 5723 δεδωκότι
540 5687 619 5724 σοι
644 5670 743 5742 τὴν
773 5670 1063 5736 ἀντίδοτον,
1093 5670 1185 5725 καὶ
1215 5669 1289 5740 τῷ
1315 5671 1567 5741 ἡμετέρῳ
1592 5669 1834 5738 γαζοφυ-

1948 4473 2066 4528 Νοιι
2122 4477 2265 4529 enitn
2309 4476 2458 4531 hunc
2512 4485 2725 4533 taututu
2758 4494 2786 4532 a
2820 4479 3094 4535 daemonio
3141 4484 3527 4552 liberaverant,

1948 4568 2043 4621 sed
2097 4569 2254 4621 etab
2308 4567 2600 4623 insanabili
2657 4572 2919 4641 languore
2959 4574 3231 4645 podagra,
3273 4578 3529 4644 milleqtte

1947 4658 2072 4733 aliis
2104 4659 2460 4727 passionibus
2489 4675 2611 4729 quae
2656 4661 2874 4729 proprio
2916 4673 3141 4733 egerent
3191 4675 3525 4729 commento,

1946 4730 1994 4803 si
2047 4765 2144 4820 per
2194 4752 2443 4820 singulas
2492 4755 2784 4823 quisquam
2837 4730 3139 4809 has'vellet
3187 4758 3523 4814 describere.

1944 4843 2077 4909 Qua:
2129 4850 2313 4900 omnia
2363 4846 2492 4901 boui
2538 4848 2778 4902 victores
2824 4848 2889 4902 ad
2920 4848 3041 4917 ejus
3078 4852 3397 4904 memoriam
3432 4866 3522 4906 re-

1944 4935 2230 5001 ducentes,
2277 4948 2332 4992 et
2369 4938 2811 4995 incredulitatem
2847 4942 3226 5010 comptissime
3256 4959 3524 4997 accusan-

1944 5036 2045 5090 tes,
2087 5036 2141 5081 et
2168 5027 2311 5095 quod
2345 5028 2613 5081 bonorum
2650 5028 2815 5081 fuerit
2854 5027 3147 5083 itnmetnor
3170 5044 3223 5084 et
3252 5031 3522 5101 ingratus,

1942 5126 1997 5172 ct
2039 5118 2085 5173 si
2136 5117 2270 5188 quid
2325 5126 2409 5173 est
2437 5118 2560 5173 istis
2600 5119 2809 5187 simile;
2849 5129 3125 5211 postremo
3152 5138 3249 5191 per
3286 5122 3523 5176 ironiam

1943 5225 2253 5265 sermonem
2308 5210 2617 5264 facientes:
2665 5210 2857 5267 Nonne
2919 5215 2963 5269 si
3025 5214 3205 5280 nobis,
3244 5215 3522 5285 inquiunt,

1941 5313 2051 5358 tres
2098 5303 2223 5358 illos
2275 5317 2528 5357 nummos
2567 5302 2880 5367 tribttisses,
2929 5305 3255 5358 haberemus
3290 5306 3386 5359 tibi
3420 5306 3524 5361 tri-

1941 5396 2109 5450 buere
2142 5397 2470 5451 sanitatem?
2520 5397 2725 5451 eisdem
2764 5396 3184 5451 itnmutahiliter
3230 5398 3409 5452 verbis
3439 5397 3522 5452 af-

1939 5486 2062 5554 fati,
2094 5488 2293 5557 quibus
2324 5489 2412 5542 ille
2447 5490 2622 5543 bonus
2657 5489 2961 5545 mediculus
2986 5505 3120 5543 ttsns
3150 5498 3253 5543 est.
3286 5488 3521 5544 Verum-

1942 5589 2121 5637 tamen
2153 5582 2308 5646 vade,
2352 5583 2564 5649 dicunt,
2608 5592 2661 5637 et
2691 5594 2961 5656 quotquOt
3008 5584 3217 5637 medico
3242 5586 3332 5653 qtti
3372 5585 3523 5641 dedit

1941 5670 2036 5725 tibi
2066 5671 2370 5728 antidotum
2405 5673 2659 5741 attulisti,
2696 5686 2885 5735 nostro
2916 5675 3082 5730 etiam
3124 5674 3523 5747 gawphylacio
