4020 6200
453 234 593 300 3579

1328 235 1390 294 S.
1424 233 1840 298 SOPHRONII
1872 238 2383 302 PATRIARCHIE
2414 236 2823 302 HIEROSOL.

3558 231 3703 295 3580

451 348 607 429 auger,
660 355 713 401 et
771 358 869 399 nos
927 343 1110 413 potius
1163 342 1261 398 tibi
1310 345 1646 416 porrigimus
1703 350 2055 412 sanitatem“

2157 352 2293 423 ακὶῳ
2326 351 2683 420 προσένεγκε,
2715 348 2813 401 καὶ
2835 347 2997 417 ἡμεῖς
3030 361 3112 400 σοι
3158 342 3357 415 μᾶλλον
3393 343 3493 414 τὴν
3536 343 3707 418 θερα-

452 442 639 511 ltaque
693 437 797 506 ipsi
845 450 969 490 cum
1020 435 1131 489 haec
1161 434 1456 500 dixissent,
1498 450 1870 495 recesserunt.
1925 440 2020 496 llle

450 545 582 586 vero
615 527 855 581 velocius
897 538 1150 593 surgens,
1205 524 1313 578 tria
1348 525 1439 579 illa
1471 525 1629 581 od‘ert
1667 529 2020 592 numismata,

453 630 509 675 et
561 619 641 673 sic
696 614 1126 671 incolumitatem
1168 615 1547 685 consequitur.
1596 617 1772 682 Quam
1823 633 1950 674 cum
1994 634 2025 673 a

454 708 664 764 sanctis
696 704 1019 774 accepisset,
1054 704 1287 760 ulterius
1319 718 1512 760 renum
1555 722 1901 777 nequaquam
1937 709 2023 763 in-

458 799 772 853 ﬁrmitatem
807 796 1092 851 sustinuit.
1125 794 1235 851 Nos
1283 807 1463 851 autem
1503 810 1815 853 sermonem
1844 798 1935 853 hic
1960 799 2029 853 de

455 891 551 944 illo
578 896 1046 951 consummantes,
1102 896 1532 957 sanctorumque
1573 888 1878 945 claritatem
1910 891 2030 962 glo-

454 978 766 1045 riﬁcantes,
809 976 876 1031 ad
925 985 1133 1032 sanatae
1158 977 1356 1047 linguae
1392 978 1636 1049 linguam
1664 986 1911 1035 nostram
1942 981 2032 1035 iu-

460 1069 699 1125 citemus
732 1068 1121 1124 narrationem.

459 1181 601 1237 XLI.
660 1180 737 1235 De
780 1196 941 1246 puero
977 1179 1174 1234 Manna
1215 1181 1305 1250 qui
1340 1181 1579 1248 linguam
1623 1192 1778 1236 extra
1810 1197 1869 1237 os
1908 1197 2034 1250 pen-

1024 1249 1233 1303 dentem
1251 1249 1496 1307 habebat.

532 1340 785 1396 Praesens
826 1342 926 1394 hoc
964 1340 1275 1410 prodigium
1320 1356 1444 1395 cum
1478 1341 1549 1396 sit
1594 1341 1740 1400 inter
1774 1342 2035 1398 miracula

465 1434 788 1495 maximum,
828 1439 884 1486 et
913 1431 1096 1500 lingua
1139 1445 1357 1500 quoque
1389 1446 1528 1501 opus
1556 1432 1787 1489 haberet
1819 1433 2035 1501 majori,

470 1539 579 1577 non
623 1522 808 1577 carnis
861 1521 1232 1588 multitudine,
1269 1521 1363 1578 sed
1399 1524 1676 1592 loquentia
1722 1522 2039 1578 latitudine-

467 1628 575 1682 que
625 1627 983 1674 sermonum;
1033 1612 1233 1680 quibus
1267 1628 1368 1667 nos
1412 1629 1519 1668 non
1562 1613 1914 1669 mediocriter
1941 1614 2042 1668 de-

2157 1615 2360 1685 ούτητι,
2387 1607 2463 1668 ὧν
2490 1615 2652 1684 ἡμεῖς
2681 1612 2743 1665 οὐ
2781 1612 3018 1681 μετρίως
3048 1613 3377 1682 χηρεύομεν,
3413 1610 3489 1675 ὡς
3519 1613 3584 1665 ὲκ
3611 1612 3725 1663 τῶν
3808 1624 3829 1643 κ

2129 444 2290 497 πείαν
2340 443 2627 512 ὀρέγομεν.
2685 438 2848 492 Αὐτοὶ
2908 437 3007 506 μὲν
3061 435 3157 489 οὖν
3224 435 3399 488 ταῦτα
3448 433 3711 502 λέξαντες

2126 534 2363 604 ᾠχοντο’
2398 534 2427 585 ὁ
2459 532 2515 586 δὲ
2547 529 2847 601 ταχύτερον
2875 526 3113 591 ἀναστὰς
3148 526 3218 580 τὰ
3246 527 3371 596 τρία
3403 526 3714 597 προσφέρει

2126 623 2457 695 νομίσματα,
2498 622 2593 674 καὶ
2618 620 2760 673 οὓτω
2788 620 2886 689 τὴν
2921 618 3089 687 ῥῶσιν
3123 617 3432 687 κομίξεταν
3464 618 3530 688 ἢν
3565 617 3715 687 πρὸς

2127 715 2234 767 τῶν
2258 715 2429 782 ἁγίων
2461 713 2775 779 δεξάμενος,
2803 709 2988 762 οὐκέτι
3019 707 3128 761 τῶν
3156 708 3371 778 νεφρῶν
3392 709 3713 779 ἀρρωστίαν

2130 806 2442 875 ὑπέμεινεν.
2471 804 2662 872 Ἡμεῖς
2702 800 2759 854 δὲ
2792 799 2884 852 τὸν
2933 799 3060 870 περὶ
3085 797 3248 852 αὐτοῦ
3289 799 3446 866 λόγον
3472 800 3713 854 ἐνταῦθα

2131 895 2541 966 πληρώσαντες,
2586 894 2816 948 καὶτῶν
2861 892 3034 961 ἁγίων
3076 892 3138 946 τὸ
3164 892 3319 954 κλέος
3357 891 3702 957 δοξάσαντες,

2133 987 2271 1056 πρὸς
2305 986 2550 1055 ίαθείσης
2574 984 2818 1055 γλώττης
2843 984 3097 1053 διήγησιν
3124 981 3222 1053 τὴν
3239 983 3514 1052 ἡμετέραν
3537 983 3710 1051 γλῶτ-

2133 1092 2234 1130 ταν
2262 1075 2596 1144 ὀτρύνωμεν.

2134 1183 2274 1241 MA'.
2296 1185 2431 1252 Περὶ
2454 1184 2560 1239 τοῦ
2582 1183 2824 1238 παιδίου
2844 1183 3023 1249 Μηνᾶ
3038 1183 3146 1237 τοῦ
3165 1183 3281 1246 ἔξω
3305 1182 3421 1249 τὴν
3439 1185 3719 1252 γλῶτταν

2351 1253 2732 1323 κρεμαμένην
2765 1254 2872 1308 τοῦ
2901 1255 3193 1322 στόματος
3225 1254 3497 1321 ἔχοντος.

2209 1346 2284 1398 Τὸ
2337 1345 2512 1415 παρὸν
2557 1343 2717 1396 τοῦτο
2762 1345 3045 1412 τεράστιον
3091 1343 3348 1414 μέγιστον
3401 1344 3459 1397 δν
3486 1346 3543 1397 ὲν
3601 1348 3725 1407 τοῖς

2141 1436 2405 1506 θαύμασι,
2454 1436 2548 1489 καὶ
2587 1434 2835 1503 γλώττης
2883 1435 3061 1487 ἐδέετο
3093 1434 3362 1504 μείζονος,
3413 1436 3475 1488 οὐ
3521 1435 3721 1506 πλήθει

2144 1524 2346 1595 σαρκὸς
2375 1522 2607 1593 ἐχούσης
2639 1522 2891 1591 μέγεθος,
2924 1522 3040 1575 ἀλλ’
3073 1522 3290 1592 εὐποιία
3319 1523 3411 1575 καὶ⁵
3435 1522 3610 1590 λόγων
3630 1524 3723 1575 εὑ·

472 1702 769 1764 stituimur,
790 1702 1248 1770 quemadmodum
1293 1719 1359 1758 ex
1389 1705 1473 1758 his
1502 1719 1624 1773 quae
1645 1711 2046 1775 praeesserunt

2157 1682 2539 1775 προλαϐόντων
2560 1703 2876 1772 δεδήλωται.
2902 1702 3123 1771 Ἐπειδὴ
3142 1702 3198 1754 δὲ
3229 1702 3324 1755 και
3351 1702 3510 1755 τοῦτο
3540 1702 3725 1769 λέγειν

471 1796 633 1848 datur
671 1793 928 1863 intelligi.
974 1793 1111 1859 Quia
1146 1809 1276 1851 vero
1317 1804 1372 1850 et
1409 1796 1515 1850 hoc
1549 1812 1651 1852 nos
1681 1796 1867 1852 dicere
1896 1812 2047 1852 mar-

472 1893 622 1954 tyres
647 1882 1053 1952 iudicaverunt,
1090 1882 1338 1937 dicemus
1363 1892 1418 1937 et
1448 1884 1655 1953 ipsum,
1685 1884 1831 1938 sicut
1863 1883 2049 1938 dicere

476 1974 576 2040 ipsi
620 1972 983 2041 porrexerint.
1022 1971 1217 2026 Mulier
1247 1983 1374 2027 ante
1413 1988 1522 2027 non
1555 1974 1790 2028 multum
1832 1980 2047 2042 tempo-

479 2066 553 2119 ris
585 2064 649 2118 ad
691 2071 1008 2118 sanctorum
1044 2063 1195 2117 venit
1237 2064 1541 2131 basilicam,
1588 2064 1761 2120 Maria
1803 2064 2051 2129 nomine,

474 2171 540 2211 ex
585 2154 803 2225 Egypti
857 2153 1131 2224 Babylone
1179 2154 1434 2222 oriunda,
1467 2164 1790 2225 etpuerum
1841 2156 2053 2214 habens

418 2308 435 2319 ι
476 2244 631 2315 quasi
657 2257 931 2297 annorum
961 2242 1083 2311 plus
1117 2243 1300 2298 minus
1331 2250 1479 2307 octo,
1530 2252 1584 2299 et
1614 2244 1759 2299 hunc
1798 2243 2051 2301 Hennam

477 2334 805 2406 appellabat,
840 2333 909 2389 ad
955 2333 1222 2388 honorem
1270 2334 1480 2390 scilicet
1526 2335 1787 2407 martyris
1816 2335 1889 2393 ita
1919 2350 2053 2406 pue-

476 2442 597 2483 rum
630 2441 863 2481 vocans.

550 2517 775 2573 Mennas
820 2532 951 2587 ergo
1000 2530 1138 2587 puer
1168 2515 1417 2586 linguam
1449 2515 1685 2574 habebat
1712 2516 1956 2573 exterius
1984 2521 2055 2572 ab
2096 2495 2101 2500 ’

478 2625 572 2664 ore
597 2607 945 2678 pendentem,
1003 2607 1488 2676 humanarumque
1542 2606 1872 2677 linguarum,
1927 2621 2054 2677 spe—

478 2701 563 2757 cie
605 2700 834 2755 multum
887 2707 943 2754 et
992 2697 1374 2769 magnitudine
1433 2696 1806 2765 dilIerentem;
1876 2697 2057 2768 palmo

479 2794 624 2848 enim
677 2800 832 2847 extra
886 2791 1033 2846 labia
1077 2788 1483 2861 porrigebatur,
1532 2797 1589 2844 et
1631 2797 1801 2844 totam
1833 2789 2057 2845 barbam

478 2893 533 2940 et
577 2892 764 2954 guttur
809 2882 1111 2952 operiebat.
1149 2888 1205 2936 et
1249 2880 1425 2937 instar
1477 2879 1572 2935 alti
1606 2888 1661 2936 et
1705 2880 1868 2950 pilosi
1898 2896 2059 2952 supe-

479 2976 645 3030 rioris
691 2974 821 3029 labii
869 2972 1034 3037 facta,
1091 2971 1335 3027 colorem
1384 2969 1613 3025 rubrum
1652 2985 1777 3025 cum
1819 2970 2056 3041 quodam

481 3076 622 3131 atro,
667 3065 877 3119 alterna
919 3062 1050 3126 ,vice
1095 3068 1445 3119 commutans
1492 3061 1902 3131 purpurizabat.
1951 3060 2059 3115 Ex-

483 3164 733 3211 traneum
793 3162 849 3209 et
902 3154 1067 3208 nimis
1118 3151 1365 3208 deforme
1426 3154 1802 3223 spectaculum
1856 3154 2056 3223 posita,

483 3255 825 3317 cunctosque
867 3258 1099 3299 monens
1146 3245 1239 3314 qui
1288 3244 1550 3300 videbant
1590 3244 1657 3298 ad
1689 3245 1942 3301 nausiam
1986 3245 2063 3301 si-

485 3336 596 3389 mul
647 3344 701 3391 et
736 3333 1196 3405 compassionem,
1242 3342 1405 3403 atque
1438 3333 1837 3389 intolerabilem
1890 3335 2066 3389 vomi-

484 3436 636 3494 tum;
679 3441 896 3498 semper
927 3428 1071 3482 e‘nim
1123 3424 1293 3482 fontis
1345 3440 1498 3482 more
1529 3427 1735 3482 salivas
1764 3426 2059 3492 distillans,

484 3529 539 3575 et
580 3528 800 3588 sputum
842 3518 1045 3588 jugiter
1099 3515 1359 3582 fundens,
1419 3518 1806 3573 vestimentum
1848 3518 2063 3588 rigabat

484 3619 538 3665 et
587 3603 805 3679 pectus;
852 3617 909 3664 et
938 3608 1066 3662 huic
1121 3624 1188 3663 ex
1230 3608 1453 3679 prepria
1511 3609 1931 3679 impertiebatur
1977 3608 2064 3663 ni-

485 3701 731 3772 gredine,
756 3700 1281 3758 communicatorem
1316 3717 1440 3757 eum
1471 3702 1675 3758 coloris
1699 3702 1959 3768 elliciens;
1990 3702 2079 3757 ita‘

488 3801 551 3847 ut
588 3793 713 3847 hinc
749 3792 906 3847 multi
946 3778 1051 3847 nec
1093 3792 1282 3848 videre
1324 3793 1616 3863 puerulum
1674 3803 1914 3864 possent.
1965 3793 2063 3848 sed

484 3897 540 3943 et
565 3886 610 3941 si
642 3900 934 3940 accurrere
982 3885 1331 3956 contigisset,
1358 3887 1440 3941 sui
1475 3885 1756 3956 operirent
1810 3887 2063 3955 corporis

489 3977 703 4040 oculos,
731 3985 786 4031 et
826 3974 1000 4031 facies
1034 3990 1166 4030 suas
1193 3981 1607 4046 converterent,
1642 3988 1711 4029 ne
1738 3983 1935 4043 praiter
1967 3988 2066 4029 vo-

484 4065 751 4125 luntatem
779 4067 900 4122 viso
926 4066 1044 4133 illo,
1076 4073 1275 4136 praeter
1300 4066 1638 4120 voluntatem
1666 4079 1926 4135 perverso
1946 4073 2064 4119 sto-

486 4159 681 4214 ntacho
710 4158 1070 4212 vomuisscut.
1107 4153 1261 4208 Multi
1307 4161 1490 4208 autem
1530 4169 1593 4207 ex
1628 4153 1714 4208 bis
1753 4153 1846 4223 qui
1879 4153 2065 4209 videre

486 4250 635 4306 hunc
674 4250 868 4304 saltem
919 4247 988 4301 ad
1036 4247 1313 4301 modicum
1366 4253 1641 4316 poterant,
1677 4260 1804 4301 cum
1846 4247 2064 4316 aspice-

2146 1798 2293 1867 ἡμᾶς
2333 1797 2383 1849 ot
2433 1796 2710 1864 μάρτυρες
2758 1794 3001 1865 ἔκριναν,
3043 1793 3287 1864 λέξωμεν
3329 1794 3424 1847 καὶ
3456 1794 3607 1857 αὐτὸ,
3646 1793 3727 1855 ὡς

2147 1883 2304 1937 αὐτοὶ
2347 1883 2404 1935 τὸ
2443 1882 2620 1949 λέγειν
2658 1880 2921 1952 ὀρέξωσιν
2945 1898 2959 1912 ο
3004 1880 3229 1934 Γύναιον
3275 1881 3336 1935 οὑ
3371 1881 3480 1953 πρὸ
3523 1882 3726 1937 πολλοῦ

2149 1974 2342 2044 καιροῦ
2353 1976 2444 2027 τὸν
2457 1974 2594 2027 νεὼν
2619 1973 2730 2026 τῶν
2758 1973 2929 2040 ἁγίων
2947 1973 3262 2044 κατείληφε·
3290 1974 3481 2043 Μαρία
3499 1974 3597 2043 μὲν
3607 1973 3731 2026 τοῦ-

2150 2083 2310 2136 νομα,
2342 2069 2441 2134 τῆς
2484 2064 2760 2134 Αἰγύπτου
2800 2065 2854 2118 δὲ
2891 2064 3209 2128 Βαὸυλῶνος
3251 2062 3604 2134 ὁρμώμενον·
3628 2064 3731 2117 καὶ

2155 2158 2437 2228 μειράκιον
2490 2156 2689 2226 ἔχουσα
2723 2156 2856 2211 ἐτῶν
2885 2155 3031 2210 ὀκτὼ
3064 2156 3247 2209 πλεῖον
3286 2156 3319 2227 ἢ
3349 2155 3591 2221 ἔλαττον,
3626 2155 3726 2208 καὶ⁵

2150 2244 2338 2298 τοῦτον
2367 2246 2559 2315 Μηνᾶν
2589 2245 2981 2315 προσηγόρευε,
3005 2245 3142 2313 πρὸς
3169 2246 3332 2317 τιμὴν
3353 2245 3596 2316 δηλονότι
3628 2245 3731 2300 τοῦ

2155 2337 2432 2407 μάρτυρος
2465 2335 2606 2389 οὕτω
2638 2335 2699 2389 τὸ
2730 2335 2940 2390 παιδίον
2968 2337 3271 2391 καλέσασα.

2227 2505 2422 2583 Μηνᾶς
2466 2507 2559 2568 οὖν
2602 2510 2666 2566 τὸ
2700 2514 2986 2583 μειράκιον
3028 2512 3130 2583 τὴν
3166 2511 3415 2581 γλῶτταν
3454 2506 3598 2581 εἶχεν
3626 2512 3731 2576 ἔξω

2157 2605 2513 2677 κρεμαμένην
2557 2604 2652 2657 τοῦ
2711 2603 3002 2674 στόματος,
3040 2603 3171 2656 εῖδει
3224 2603 3318 2656 καὶ
3364 2601 3581 2673 μεγέθει
3617 2602 3732 2654 τῶν

2157 2696 2511 2768 ἀνθρωπίνων
2540 2694 2794 2764 γλωττῶν
2821 2694 2954 2747 πολὺ
2985 2693 3346 2764 διαφέρουσαν
3369 2710 3384 2724 ο
3413 2693 3507 2746 ἐπὶ
3535 2692 3732 2747 σπιθα-

2162 2789 2272 2859 μὴν
2303 2788 2413 2858 γὰρ
2446 2787 2575 2857 μίαν
2606 2785 2712 2852 ἐξω
2737 2785 2958 2855 χειλέων
2996 2783 3255 2856 αἱώρητο,
3283 2784 3380 2839 καὶ
3426 2784 3603 2838 πάντα
3639 2785 3736 2838 τὸν

2162 2879 2402 2947 πώγωνα
2450 2878 2545 2931 καὶ
2590 2876 2681 2930 τὸν
2722 2876 3004 2948 γάργαρον
3054 2875 3276 2939 ἐσκεπε,
3316 2875 3530 2947 ὑπήνης
3577 2876 3736 2947 δίκην

2084 3012 2128 3075 C
2164 2970 2388 3040 βαθείας
2412 2968 2733 3040 ὑπάρχουσα
2751 2984 2764 2996 ·
2793 2967 2853 3020 τὸ
2884 2968 2941 3020 δὲ
2964 2966 3164 3039 χρῶμα
3192 2967 3255 3021 τὸ
3283 2967 3513 3039 ἐρυθρὸν
3538 2967 3732 3038 μεταλ-

2162 3062 2393 3127 λάξασα,
2443 3063 2581 3131 μετὰ
2630 3057 2939 3129 μελάνσεώς
2979 3077 3123 3123 τινος
3172 3059 3537 3131 ὲπορφύριζε,
3588 3058 3740 3123 ξένον

2162 3151 2503 3222 προκειμένη
2549 3155 2643 3205 καὶ
2695 3153 3101 3207 δυσειδέστατον
3135 3151 3335 3220 θέαμα,
3383 3153 3478 3206 καὶ
3528 3152 3740 3216 πάντας

2162 3242 2389 3297 κινοῦσα
2413 3245 2539 3307 τοὺς
2570 3244 2867 3314 βλέποντας
2901 3245 3039 3316 πρὸς
3061 3244 3287 3299 ναυτίαν
3307 3242 3446 3314 ὁμοῦ
3478 3244 3573 3298 καὶ
3602 3260 3742 3313 συμο

2162 3334 2394 3388 πάθειαν
2427 3336 2521 3389 καὶ
2547 3334 2681 3404 πρὸς
2702 3336 2976 3407 ἀφόρητον
3002 3335 3215 3405 ἔμετον.
3237 3335 3352 3389 Ἀεὶ
3383 3334 3494 3405 γὰρ
3524 3334 3742 3397 λιϐάδος

2161 3427 2320 3499 δίκην
2361 3430 2473 3491 τοῖς
2512 3425 2719 3491 σιάλοις
2764 3428 3204 3493 καταστάζουσα,
3253 3428 3347 3482 καὶ
3380 3426 3473 3480 τδν
3513 3418 3744 3481 πτυελὸν

2162 3519 2403 3583 ἁεννάως
2457 3520 2769 3590 προχέουσα
2812 3519 2873 3573 τό
2924 3519 2973 3573 θ’
3028 3520 3242 3589 ἱμάτιον
3299 3518 3491 3591 ἔϐρεχε
3528 3518 3743 3572 καὶτὸν

2164 3608 2409 3679 θώρακα,
2442 3610 2538 3664 καὶ
2563 3607 2722 3663 τοῦτο
2742 3610 2844 3680 τῆς
2860 3610 3083 3675 οἰκείας,
3097 3610 3376 3681 μετεδίδου
3409 3609 3741 3681 μελάνσεως,

2164 3701 2419 3755 κοινωνὸν
2453 3700 2585 3755 αὐτὸ
2609 3699 2911 3771 ποιουμένη
2934 3700 3025 3754 τοῦ
3051 3700 3343 3772 χρώματος
3365 3716 3379 3731 ⁸
3406 3701 3482 3764 ὡς
3516 3701 3743 3763 πολλοὺς

2168 3792 2267 3863 μὲν
2295 3792 2548 3849 ἐντεῦθεν
2585 3792 2722 3862 μηδὲ
2746 3792 2877 3864 ὀρᾷν
2897 3792 2960 3845 τδ
2986 3793 3201 3847 παιδίον
3229 3791 3488 3847 δύνασθαι
3515 3810 3528 3822 ·
3555 3792 3670 3847 ἀλλ’
3695 3794 3743 3846 εἰ

2165 3884 2259 3936 καὶ
2295 3882 2492 3955 συνέϐη
2522 3883 2779 3952 γενέσθαι
2820 3888 3161 3956 συνάντησιν,
3199 3884 3425 3938 σκέπειν
3450 3885 3647 3947 αὐτοὺς
3674 3884 3746 3938 τὰ

2165 3974 2258 4029 τοῦ
2290 3976 2544 4046 σώματος
2584 3975 2833 4046 ὄμματα,
2882 3977 2975 4032 καὶ
3018 3977 3276 4047 στρέφειν
3301 3976 3484 4030 αὐτῶν
3518 3979 3597 4039 εἰς
3620 3977 3744 4031 τού-

2167 4064 2311 4118 πίσω
2332 4065 2402 4118 τὰ
2429 4066 2715 4136 πρόσωπα,
2744 4065 2833 4120 ῖνα
2857 4065 2931 4136 μὴ
2970 4065 3123 4137 παρὰ
3164 4065 3393 4137 γνώμην
3419 4064 3511 4120 τδν
3536 4058 3744 4134 στόμα-

2165 4173 2261 4227 χον
2300 4156 2729 4229 διαστραφέντες
2767 4157 3074 4227 ὲμέσωσινο
3107 4157 3339 4219 πολλοὺς
3384 4158 3439 4212 δὲ
3467 4160 3594 4220 τοὺς
3619 4158 3744 4229 βλέ-

2167 4265 2292 4301 πειν
2333 4248 2466 4302 αὐτὸ
2496 4250 2588 4302 καὶ
2636 4248 2771 4321 πρὸς
2806 4246 2977 4319 βραχὺ
3005 4247 3138 4317 γοῦν
3183 4248 3493 4321 ίσχύοντας,
3542 4251 3605 4303 τὸ
3647 4250 3743 4304 τοῦ

486 4354 610 4399 rent
658 4341 1088 4411 magnitudinem
1129 4340 1429 4410 passionis,
1483 4355 1676 4397 vocem
1741 4357 1908 4412 super
1957 4341 2055 4396 hoc

2170 4338 2375 4417 ⁴πάθους
2400 4338 2701 4411 ἐνορῶντας
2720 4338 3049 4409 ὑπέρογκον,
3080 4337 3180 4408 τὴν
3203 4339 3355 4408 παρὰ
3378 4338 3471 4392 τοῦ
3493 4339 3745 4410 Σωτῆρος

484 4434 827 4498 emittebant,
867 4448 991 4503 quas
1022 4447 1052 4485 a
1079 4431 1365 4486 Salvatore
1403 4446 1569 4502 super
1599 4433 1882 4501 proditore
1919 4431 2055 4485 dicta

2168 4429 2264 4482 ἐπὶ
2291 4429 2369 4500 τῷ
2426 4428 2666 4500 προδότῃ
2695 4426 2980 4497 λεχθεῖσαν
3010 4426 3231 4493 ἀφιέναι
3279 4427 3485 4496 φωνὴν,
3534 4426 3627 4478 καὶ
3652 4426 3747 4477 ἐπὶ

485 4524 987 4594 est,hujuscemodi
1012 4524 1282 4589 clamans,
1306 4523 1434 4594 quia
1461 4524 1661 4579 bonum
1681 4536 1799 4580 erat
1822 4524 1870 4579 ei
1895 4525 1938 4579 si
1966 4540 2066 4578 ua-

484 4626 576 4672 tus
606 4632 713 4671 non
752 4618 949 4671 l'uiSset
994 4616 1158 4670 homo
1190 4615 1314 4673 iste.
1361 4616 1595 4684 Quidam
1635 4626 1815 4672 autem
1857 4617 1986 4671 huic
2014 4628 2067 4670 et

487 4708 967 4779 interrogationem
1015 4708 1316 4777 addebant,
1363 4726 1484 4781 quae
1534 4708 1603 4765 de
1647 4724 1791 4766 caeco
1832 4716 1963 4764 nato
1997 4709 2067 4764 ab

479 4800 771 4872 apostolis,
810 4799 948 4856 facta
983 4808 1066 4856 est
1096 4817 1111 4855 :
1153 4801 1312 4867 Quis,
1355 4810 1541 4872 putas,
1566 4800 1839 4871 peccavit,
1880 4800 1970 4855 hic
1995 4815 2066 4855 an

481 4902 737 4966 parentes
764 4894 905 4964 ejus,
939 4903 996 4950 ut
1020 4896 1101 4949 sic
1131 4909 1311 4951 caacus
1348 4894 1709 4952 nasceretur?

554 4988 621 5047 Et
651 4989 754 5043 nisi
783 4989 927 5045 (ilius
958 5004 1139 5046 caecus
1160 4997 1330 5055 esset,
1356 5005 1465 5044 non
1510 4990 1593 5046 sic
1623 4996 1872 5043 materna
1935 5002 2066 5055 pro-

481 5076 676 5135 diisset
709 5096 775 5135 ex
813 5081 993 5134 vulva.
1024 5078 1128 5136 Sed
1157 5086 1325 5134 noctu
1349 5094 1475 5134 cum
1518 5080 1811 5142 dormiret,
1841 5078 2056 5132 daemon

481 5170 709 5240 quidam
755 5172 956 5226 noxius
989 5171 1162 5225 multa
1193 5170 1341 5226 circa
1388 5171 1641 5241 homines
1684 5174 1955 5241 languens
1983 5171 2068 5224 in-

479 5262 655 5327 vidia,
713 5277 838 5316 cum
896 5262 1060 5331 hujus
1136 5261 1380 5333 linguam
1451 5238 1986 5332 comprehendisset,
2036 5279 2064 5313 a

477 5353 710 5424 propria
744 5353 1079 5407 habitatione
1127 5352 1423 5419 abstraxit,
1458 5361 1513 5407 et
1544 5354 1923 5424 perstringens
1947 5352 2069 5407 sine

480 5441 753 5512 parcitate
804 5440 897 5498 ille
951 5429 1315 5509 foetlissimus,
1372 5441 1636 5510 majorem
1686 5443 1827 5497 hanc
1891 5442 2066 5513 plagis

480 5541 741 5600 operatus
770 5539 876 5594 est,
909 5531 1155 5604 forisque
1188 5535 1428 5607 pendere
1480 5542 1536 5588 et
1566 5550 1673 5609 non
1717 5535 1962 5604 separari
2000 5535 2069 5588 ab

483 5618 840 5681 interioribus
879 5622 1028 5680 fecit.
1064 5624 1183 5682 Non
1221 5625 1402 5683 solum
1433 5625 1579 5682 enim
1614 5640 1779 5693 super
1814 5641 1936 5680 eum
1968 5624 2066 5677 de-

2164 4522 2326 4575 τοῦτο
2360 4522 2509 4592 βοᾷν.
2544 4520 2626 4574 ὅτι
2651 4518 2814 4573 καλὸν
2837 4514 2906 4589 ἦν
2935 4518 3087 4590 αὐτῷ
3122 4519 3170 4571 εί
3195 4520 3296 4571 οὐκ
3320 4517 3581 4588 ἐγεννήθη
3610 4520 3637 4569 ὁ
3661 4518 3748 4571 ἆν-

2167 4613 2384 4686 θρωπος
2409 4615 2645 4677 ἐκεῖνος’
2678 4611 2831 4675 τινὰς
2862 4611 2918 4664 δὲ
2945 4610 3120 4682 ταύτῃ
3151 4609 3497 4682 προστιθέναι
3525 4610 3616 4662 καὶ
3647 4609 3749 4678 τὴν

2170 4706 2299 4775 περὶ
2325 4704 2416 4757 τοῦ
2448 4702 2653 4774 τυφλοῦ
2684 4702 3039 4772 γεννηθέντος
3074 4702 3439 4773 ἀποστολικὴν
3465 4701 3750 4771 ἐπερώτη-

2170 4813 2275 4857 σιν,
2305 4794 2395 4849 τό·
2428 4794 2524 4859 Τίς
2555 4795 2664 4865 ἄρα
2692 4794 2966 4866 ἥμαρτεν,
2997 4787 3153 4857 οὗτος
3195 4794 3228 4863 ἥ
3270 4794 3320 4847 oi
3348 4796 3525 4863 γονεῖς
3552 4790 3745 4858 αὐτοῦ,

2169 4889 2237 4943 ἶν’
2266 4887 2440 4949 οὕτως
2463 4887 2689 4957 γένηται
2710 4903 2726 4951 ;

2240 4981 2349 5033 Καὶ
2374 4981 2421 5033 εί
2454 4980 2531 5051 μὴ
2561 4978 2624 5032 τὸ
2663 4977 2874 5047 παιδίον
2910 4978 3110 5046 τυφλὸν
3151 4977 3469 5049 ἐτύγχανεν.
3513 4978 3636 5049 μηδ’
3655 4976 3750 5032 οὗ·

2167 5090 2275 5135 τως
2308 5070 2567 5143 μητρῴας
2581 5068 2771 5139 νηδύος
2789 5067 3061 5139 ἐξέθορενο
3089 5068 3227 5124 ἀλλὰ
3257 5070 3450 5133 νυκτὸς
3471 5070 3546 5132 ὡς
3576 5069 3750 5123 ἐκάθ-

2169 5165 2321 5218 ευδεν
2346 5205 2362 5229 ,
2420 5164 2644 5239 χδαίμων
2712 5180 2795 5226 τις
2882 5162 3161 5233 ἀλιτήριος
3230 5161 3365 5214 πολὺ
3452 5162 3623 5216 νοσῶν
3684 5161 3749 5215 τὸ

2172 5252 2582 5326 μισάνθρωπον,
2612 5254 2707 5322 τῆς
2752 5251 2942 5306 τούτου
2972 5249 3219 5321 γλώττης
3263 5249 3601 5321 δραξάμενος
3641 5250 3748 5317 τῆς

2170 5347 2376 5409 οἰκείας
2421 5345 2605 5407 ἑστίας
2650 5342 2987 5407 ἐξέσπασεν·
3040 5343 3133 5395 καὶ
3177 5342 3385 5411 πλήξας
3434 5341 3669 5411 ἀφειδῶς
3717 5341 3749 5393 6

2174 5439 2517 5509 παμμίαρος,
2548 5436 2639 5490 καὶ
2671 5436 2893 5507 μείζονα
2925 5433 3130 5505 ταύτην
3158 5436 3278 5496 ταῖς
3306 5432 3544 5502 πληγαῖς
3581 5433 3754 5501 ἐργα-

2174 5534 2433 5603 σάμενος,
2457 5528 2561 5593 ἔξω
2590 5526 2902 5599 κρέμασθαι
2925 5526 3019 5579 καὶ
3046 5524 3120 5596 μὴ
3146 5523 3445 5595 χωρεῖσθαι
3466 5526 3575 5587 τοῖς
3601 5522 3753 5575 ἔνδον

2177 5623 2552 5694 πεποίηκε.οὖ
2579 5621 2735 5691 μόνον
2758 5620 2863 5690 γὰρ
2890 5618 3039 5690 αὐτῷ
3058 5618 3118 5672 τὸ
3134 5617 3368 5680 δυσειδὲς
3390 5614 3733 5684 ἐπεφαίνετο,

3028 5844 3069 5874 ο
