4020 6200
276 179 416 247 3581

1278 188 1420 251 .SS.
1461 189 1638 252 CYRI
1686 193 1784 254 ET
1821 195 2147 259 JOANNIS
2175 198 2591 263 MIRACULA.

3420 208 3564 276 3582

272 289 651 385 animum
685 289 785 385 τῆς
817 291 964 385 ζωῆς
998 293 1152 365 ἤνθει
1191 296 1291 366 τῆς
1339 300 1621 373 παρούσης
1658 302 1855 357 ἐπώδυ-

1982 306 2235 365 formitas
2283 311 2604 381 apparebat,
2660 309 2758 368 sed
2808 318 2865 368 et
2903 310 3062 367 dolor
3104 312 3230 368 vitae
3276 322 3561 385 praesentis

276 397 387 436 νον.
415 381 638 452 Τρυφῆς
667 382 767 454 μὲν
800 384 909 456 γὰρ
936 387 1163 457 στερεᾶς
1192 390 1462 456 παντοίως
1483 393 1764 465 ἐστέρητο,
1789 395 1866 468 μὴ

273 473 597 545 δυναμένων
627 473 711 530 ἔτι
744 477 854 530 τῶν
883 478 1110 532 ὀδόντων
1149 480 1352 553 ταύτην
1402 483 1634 540 λεαίνειν
1676 486 1866 558 ὥσπερ

274 565 589 635 εἱώθεισαν,
617 567 708 622 διὰ
738 568 839 645 τὴν
869 570 968 641 τῆς
1011 571 1259 642 γλώττης
1304 574 1497 646 ἐξοχὴν
1526 576 1621 631 καὶ
1655 578 1867 649 παραύ-

276 656 456 729 ξησιν,
485 660 662 730 ὑγρᾶς
689 661 747 714 δὲ
785 660 939 732 μόλις
959 665 1055 717 καὶ
1086 664 1317 736 ροώδους
1338 666 1560 735 ἐγεύετο
1586 668 1863 742 βρώσεως,

281 756 498 824 μηχανῇ
528 770 636 808 τινι
664 756 767 826 τῆς
792 756 1003 828 μητρὸς
1028 758 1129 828 τὴν
1159 757 1409 826 γλῶτταν
1437 761 1748 833 είργούσης,
1772 767 1863 818 καὶ

277 845 485 915 ταύτην
523 846 821 919 ἐγχεούσης
838 847 916 919 τῷ
946 850 1196 920 στόματι.
1228 853 1338 905 Καὶ
1364 853 1524 907 τοῦτο
1551 855 1648 925 μὲν
1677 852 1744 928 ἦν
1765 856 1860 911 τοῦ

283 937 468 1000 παιδὸς
488 937 549 992 τὸ
575 939 983 1012 άρρὠτημα,ὃ
1006 942 1220 1013 μηδεὶς,
1236 944 1314 1008 ὡς
1331 942 1505 1017 οῐμαι,
1527 948 1637 1003 τῶν
1654 948 1864 1020 ἀνθρώο

282 1046 400 1082 πων
449 1030 763 1099 ὑπέμεινεν,
802 1032 937 1103 μηδὲ
982 1034 1248 1100 παθόντος
1298 1036 1460 1091 ἄλλου
1491 1039 1771 1107 τεθέαται,
1813 1044 1864 1096 εί

284 1122 376 1174 καὶ
406 1121 473 1175 τά
502 1121 739 1191 μάλιστα
769 1124 937 1195 μηδὲν
966 1125 1071 1178 ύπδ
1109 1126 1199 1180 τὸν
1233 1127 1386 1198 ἥλιον
1417 1123 1556 1182 εἶναι
1584 1131 1770 1184 καινόν
1803 1148 1863 1185 τε

285 1212 377 1265 καὶ
401 1213 711 1281 πρόσφατον
733 1214 762 1267 ό
792 1215 954 1283 σοφὸς
992 1216 1424 1292 Ἐκκλησιαστὴς
1447 1219 1789 1292 ἀπεφήνατο.

355 1389 546 1443 Πολλοὶ
575 1389 705 1459 γοῦν
734 1390 925 1454 παῖδες
967 1392 1101 1444 αὐτὸ
1130 1392 1239 1444 τῶν
1289 1392 1491 1461 ίατρῶν
1540 1393 1859 1459 ἐθεάσαντο,

280 1481 374 1534 καὶ
405 1480 610 1534 τούτων
647 1482 755 1533 ἴδον
789 1482 837 1534 οί
869 1480 1219 1554 προῦχοντες,
1248 1484 1346 1537 καὶ
1392 1483 1530 1556 πρὸς
1578 1483 1639 1538 τὸ
1689 1483 1862 1548 πάθος

288 1572 451 1637 εὐθὺς
483 1573 935 1644 ἐκπληττόμενοι,
972 1576 1195 1643 μονονοὺ
1228 1575 1429 1639 πάντες
1448 1576 1547 1639 τὰς
1574 1577 1728 1645 ὄψεις
1764 1574 1859 1628 τύ-

1980 396 2206 451 ﬂorebat
2238 412 2253 449 :
2290 397 2469 452 solido
2519 399 2724 469 quippe
2758 399 2884 453 cibo
2919 413 3145 467 prorsus
3172 402 3417 469 carebat,
3447 419 3561 460 non

1969 486 2290 541 valentibus
2338 486 2487 542 hunc
2530 487 2645 542 ullo
2692 487 2858 542 modo
2907 488 3167 545 dentibus
3217 506 3369 545 more
3396 492 3562 550 solito

1974 575 2379 642 comminuere,
2420 584 2646 644 propter
2686 574 2887 643 linguae
2933 575 3462 646 supereminentiam
3503 588 3560 635 et

1966 666 2278 736 improbum
2329 666 2750 722 incrementum.
2797 665 3088 721 Humidam
3126 682 3257 721 vero
3285 678 3341 723 et
3372 671 3552 724 sorbi-

1965 757 2072 813 lem
2118 757 2502 812 tantummodo
2552 756 2806 828 gustabat
2864 772 3071 821 escam,
3136 758 3359 828 ingenio
3411 776 3552 829 qno-

1968 850 2093 904 dam
2142 855 2317 905 matre
2359 848 2602 919 linguam
2658 856 2903 914 arcente,
2959 855 3014 903 et
3048 864 3230 903 escam
3284 850 3459 920 ipsam
3497 850 3553 905 in

1967 957 2032 996 os
2061 940 2396 998 eﬂ‘undente.
2441 941 2509 995 Et
2540 941 2629 996 hic
2666 940 2885 1010 quidem
2933 940 3088 1010 pueri
3134 941 3365 1012 languor
3413 953 3551 1005 erat,

1963 1048 2125 1105 quem
2157 1034 2364 1100 nullus,
2389 1041 2447 1088 ut
2475 1048 2621 1099 reor,
2659 1032 2943 1087 hominum
2992 1033 3280 1096 sustinuit,
3316 1033 3413 1089 sed
3445 1046 3548 1087 nec

1966 1122 2077 1191 pati
2125 1121 2292 1176 alium
2335 1121 2739 1191 contemplatus
2787 1126 2893 1184 est,
2942 1120 3200 1189 quamvis
3262 1120 3399 1174 nihil
3446 1119 3551 1176 sub

1964 1212 2082 1267 sole
2118 1227 2322 1267 novum
2364 1228 2487 1269 esse
2535 1212 2621 1266 vel
2651 1227 2871 1277 recens,
2906 1210 3276 1267 Ecclesiastes
3324 1212 3548 1282 sapiens

1965 1301 2329 1367 perhibuerit.

2035 1387 2186 1442 Multi
2214 1391 2378 1459 igitur
2413 1389 2558 1447 hunc
2585 1388 2841 1457 discipuli
2891 1388 3227 1443 medicorum
3270 1388 3547 1453 viderunt,

1962 1488 2017 1536 et
2045 1481 2238 1535 horum
2265 1480 2447 1535 intuiti
2482 1489 2609 1535 sunt
2629 1487 3016 1550 praeceptores,
3050 1490 3105 1535 et
3129 1494 3229 1550 pro
3249 1488 3396 1534 tanta
3422 1495 3548 1551 pas-

1965 1569 2125 1625 sione
2165 1569 2456 1640 stupefacti
2500 1583 2714 1635 omnes,
2787 1576 3005 1623 tantum
3055 1571 3425 1639 percnticntes
3477 1569 3549 1623 fa-

277 1678 505 1724 πτοντες
530 1660 731 1731 ἔφυγον
750 1643 772 1723 ,ί
804 1663 1000 1733 μηκέτι
1032 1663 1227 1734 δρᾶσαι
1259 1643 1689 1733 γιγνώσκοντες,
1728 1665 1855 1736 μήτε

1968 1664 2111 1729 cies,
2170 1662 2450 1731 fugiebant
2488 1678 2509 1728 ;
2563 1677 2744 1737 neque
2790 1661 2920 1733 quid
2964 1661 3278 1731 hujusmodi
3341 1662 3544 1717 factum

275 1753 459 1826 εὑρεῖν
483 1754 542 1806 ἐν
572 1756 686 1817 τοῖς
714 1754 828 1808 ’τῶν
856 1755 1102 1826 ἀρχαίων
1125 1754 1542 1825 Ἀσκληπιάδων
1575 1759 1863 1829 συγγράμ-

276 1860 442 1914 μασι.
485 1843 668 1914 Κῦρος
702 1845 760 1898 δὲ
795 1832 1177 1916 καὶκΊωάννης
1206 1847 1256 1900 ot
1292 1847 1566 1920 μάρτυρες
1598 1850 1648 1902 οἱ
1677 1847 1863 1902 θεόθεν

269 1934 373 1999 τὰς
402 1934 576 1997 ίάσεις
606 1937 995 2006 προφέροντες,
1030 1936 1129 2008 τὴν
1155 1937 1441 2009 παροῦσαν
1470 1938 1672 2003 ίδόντες
1701 1939 1859 1994 ἀσθέ-

272 2043 442 2092 νειαν,
473 2026 628 2081 οὐδὲν
655 2026 864 2081 τοιοῦτο
895 2028 1221 2098 δεδράκασιν
1238 2069 1256 2097 ,
1284 2029 1406 2083 οὐδέ
1433 2030 1570 2101 πρὸς
1600 2030 1699 2101 τὴν
1727 2029 1860 2086 θέαν

274 2118 444 2190 αὐτὴν
468 2117 870 2190 ἐξεπλάγησαν,
896 2119 1018 2173 ούδέ
1047 2120 1125 2183 ὼς
1153 2121 1393 2195 δυσχερῆ
1443 2124 1856 2197 παρῃτήσαντο,

277 2208 400 2263 ούδέ
431 2208 503 2280 μὴ
535 2209 845 2280 γεγράφθαι
879 2208 1083 2281 ταύτης
1125 2212 1185 2265 τδ
1226 2213 1521 2284 φάρμακον
1559 2213 1712 2284 παρὰ
1739 2213 1857 2284 Θεῷ

277 2300 357 2372 τῷ
395 2301 606 2355 πάντων
658 2302 828 2374 ἰατρῷ
874 2292 1519 2376 διεκήρυξαν.Ἀκρι6ὦς
1566 2307 1675 2377 γὰρ
1721 2307 1854 2378 ὴπί-

276 2409 487 2458 σταντο,
515 2393 592 2457 ὠς
619 2392 799 2447 πάντα
830 2394 930 2447 ὅσα
956 2394 1213 2467 ἐθέλησεν
1235 2397 1264 2449 ό
1290 2395 1492 2464 Κύριος
1521 2397 1777 2469 ἐποίησεν
1799 2399 1855 2451 ἐν

270 2480 351 2553 τῷ
379 2481 594 2553 οὐρανῷ
641 2484 736 2537 καὶ
781 2484 840 2536 ἐν
880 2486 951 2555 τῇ
978 2484 1072 2555 γῇ,
1104 2486 1162 2537 ἐν
1196 2486 1315 2548 ταῖς
1345 2484 1643 2548 θαλάσσαις
1674 2486 1770 2538 καὶ
1796 2487 1854 2538 ἐν

268 2575 472 2637 πάσαις
513 2577 634 2639 ταῖς
667 2574 945 2641 ἀϐύσσοις,
973 2576 1068 2630 καὶ
1110 2575 1187 2640 ὡς
1233 2575 1305 2630 τά
1349 2577 1502 2649 παρὰ
1546 2577 1854 2651 ἀνθρώποις

269 2665 529 2729 ἀδύνατα.
566 2666 766 2723 δυνατά
800 2667 955 2741 παρά
1002 2667 1122 2740 Θεῷ
1169 2668 1606 2740 καθεστήκασιν,
1636 2672 1731 2725 καὶ
1778 2672 1853 2737 ὡς

269 2756 451 2811 πάντα
481 2757 646 2821 ἐλεεῖ,
661 2758 745 2811 ὃτι
766 2760 967 2824 πάντα,
999 2758 1143 2813 καθὰ
1171 2762 1201 2814 ό
1233 2758 1357 2813 ’[ὼὸ
1382 2759 1576 2831 ἔφησε,
1596 2760 1847 2816 δύναται·

269 2849 367 2909 καὶ
388 2847 465 2913 ὡς
510 2850 539 2902 ό
569 2848 807 2920 μελῳδὸς
837 2849 1001 2903 Δαὸὶδ
1035 2851 1094 2903 ἐν
1122 2849 1374 2922 Ψαλμοῖς
1404 2849 1769 2922 ἐμελῲδησεν,
1800 2854 1848 2906 οί

269 2940 557 3034 οίκτγιρμοὶ,
576 2939 739 3034 αὐτού
770 2940 864 2994 ἐπὶ
892 2940 1165 3034 πάντα-τά
1206 2940 1346 3034 ἐργα
1379 2940 1545 3034 αύτοῦ
1579 2942 1848 3008 πλουσίως
1876 2974 1923 3034 c

271 3033 611 3105 ἐκχύνονται.
639 3032 803 3086 Ὅθεν
858 3031 952 3086 τὸν
999 3032 1336 3087 ἀσθενοῦντα
1361 3032 1668 3105 δεξάμενοι,
1700 3036 1850 3105 φιλο-

270 3122 548 3194 φροσύνης
584 3122 682 3193 μὲν
710 3122 927 3193 πρῶτον
954 3123 1213 3194 ἠξίωσαν,
1245 3118 1365 3178 εῐτα
1390 3124 1485 3179 καὶ
1508 3125 1729 3198 θαρσεῖν
1750 3125 1850 3197 τὴν

267 3216 463 3271 τούτου
509 3216 709 3285 τροφὸν
753 3215 1196 3287 παρεσκεύασαν,
1242 3217 1623 3297 σκοπουμένην
1670 3218 1851 3271 αὐτῶν

268 3307 339 3363 τὰ
365 3308 666 3380 παράδοξα.
696 3309 905 3381 Χρόνον
933 3308 992 3363 δέ
1019 3309 1226 3380 βραχὺν
1255 3310 1649 3382 ἀναμείναντες
1670 3312 1731 3366 ού
1753 3311 1852 3381 τὴν

271 3400 571 3471 θεραπείαν
602 3399 985 3470 σκεπτόμενοι,
1015 3399 1132 3455 ἀλλ’
1161 3399 1249 3454 ἵνα
1276 3400 1353 3472 μὴ
1381 3400 1443 3453 τὸ
1466 3400 1678 3454 τοιοῦτο
1704 3401 1851 3470 πρᾶ-

271 3503 389 3558 γμα
411 3488 714 3559 θαυμάσιον
734 3489 816 3553 είς
842 3488 1057 3558 ὀλίγους
1082 3490 1281 3562 κομιδῇ
1318 3490 1414 3544 καὶ
1433 3490 1553 3545 λίαν
1584 3490 1852 3563 ἀριθμου-

280 3578 470 3648 μένους
491 3579 760 3648 ἀφίκοιτο,
789 3580 1195 3651 ἐμφανέστερον
1215 3579 1272 3634 δέ
1294 3578 1492 3648 μᾶλλον
1506 3582 1618 3644 τοῖς
1641 3580 1850 3633 πλείοσι

275 3670 370 3724 καὶ
402 3669 818 3742 γνωριμώτερον
845 3670 1077 3741 γένοιτο.
1113 3671 1223 3725 Καὶ
1259 3669 1417 3724 τοῦτο
1441 3670 1598 3741 δῆλον
1622 3670 1732 3723 ἀπὸ
1755 3670 1849 3724 τοῦ

268 3764 369 3834 τῆς
417 3762 611 3826 ἰάσεως
652 3762 856 3833 τρόπου
890 3762 1229 3833 καθέστηκεν
1250 3774 1265 3788 ‘
1296 3761 1356 3815 οὐ
1384 3762 1493 3835 γὰρ
1525 3763 1642 3816 τόδε
1676 3764 1851 3815 ποιεῖν

264 3854 334 3909 δι’
362 3854 657 3926 ὁράματος,
678 3856 712 3928 ἢ
734 3855 853 3910 τόδε
883 3854 1245 3927 προσέταξαν,
1274 3855 1347 3921 ὡς
1373 3856 1495 3921 ἔθος
1523 3857 1703 3920 αὐτοῖς
1734 3856 1852 3909 διασ

265 3942 625 4013 πράττεσθαι,
652 3944 767 3997 ἀλλ’
788 3945 876 3997 ὅτε
907 3944 1186 4016 ῥωσθῆναι
1210 3945 1272 3998 τὸ
1296 3946 1509 4011 παιδίον
1532 3947 1846 4014 ἐθέσπισαν,

263 4035 439 4100 οὕτως
475 4036 724 4109 ἐπράχθη
762 4037 1012 4111 φανερῶς
1047 4037 1119 4093 τὰ
1155 4041 1255 4111 τῆς
1294 4038 1539 4111 ῥώσεως.

1966 1755 2228 1821 scientes,
2257 1770 2435 1824 neque
2468 1755 2689 1810 audisse
2717 1769 2778 1809 se
2813 1767 3091 1824 nunquam
3142 1753 3251 1807 tale
3273 1753 3543 1824 jnrantes,

1965 1848 2060 1902 sed
2096 1862 2198 1902 nec
2224 1847 2503 1902 invenisse
2540 1861 2599 1901 se
2649 1847 2703 1899 in
2735 1844 3088 1914 antiquorum
3119 1843 3540 1913 conscriptioni-

1964 1939 2069 1995 bus
2089 1938 2445 1995 medicornm.
2472 1936 2650 2009 Cyrus
2683 1946 2867 1991 autem
2893 1943 2948 1990 et
2969 1932 3214 1990 Joannes
3275 1943 3544 2007 martyres

1961 2032 2228 2088 sanitates
2297 2029 2563 2084 divinitus
2629 2026 3003 2099 proferentes,
3086 2026 3344 2095 praesenti
3426 2027 3542 2082 visa

1960 2121 2467 2185 infirmitate,,nihil
2506 2121 2616 2175 tale
2642 2127 2953 2189 gesserunt,
2983 2132 3161 2186 neque
3179 2119 3246 2173 ad
3272 2118 3535 2173 visionem
3592 2173 3604 2185 ,

1959 2212 2136 2283 ipsam
2187 2211 2614 2281 obstupuerunt,
2649 2225 2827 2280 neque
2874 2217 2934 2263 ut
2970 2208 3103 2279 quid
3144 2206 3359 2263 diﬂicile
3381 2223 3541 2262 recu-

1958 2312 2175 2369 sarunt,
2210 2303 2305 2359 sed
2356 2318 2529 2374 neque
2580 2303 2743 2371 hujus
2797 2301 3067 2357 medelam
3123 2300 3381 2370 scriptam
3425 2315 3543 2354 non

1957 2411 2081 2452 esse
2112 2397 2253 2465 apud
2282 2394 2450 2449 Deum
2491 2402 2816 2449 cunctorum
2846 2393 3119 2449 medicum
3148 2392 3537 2462 praedicarunt.

1955 2489 2273 2545 Certissimc
2298 2502 2534 2558 namque
2559 2494 2849 2551 noverant,
2873 2484 3018 2556 quod
3044 2484 3230 2539 omnia
3279 2499 3540 2553 quaecun-

1955 2597 2060 2651 que
2108 2579 2282 2634 voluit
2319 2579 2581 2632 Dominus
2635 2578 2764 2632 fecit
2791 2578 2843 2631 in
2872 2575 3014 2632 cmlo
3059 2582 3115 2630 et
3165 2575 3220 2630 in
3264 2584 3430 2640 terra,
3477 2576 3532 2630 in

1955 2670 2091 2725 mari
2134 2676 2189 2723 et
2241 2669 2295 2722 in
2319 2667 2573 2723 omnibus
2610 2667 2823 2738 abyssis
2860 2683 2875 2732 ;
2916 2674 2969 2721 et
2995 2666 3141 2735 quod
3176 2665 3534 2735 impossibilia

1954 2761 2093 2830 apud
2120 2758 2397 2823 homines,
2423 2759 2708 2829 possibilia
2724 2766 2852 2812 sunt
2882 2755 3027 2827 apud
3054 2756 3222 2811 Deum
3257 2773 3273 2823 ;
3308 2766 3362 2810 et
3384 2757 3531 2827 quod

1952 2851 2196 2905 omnium
2252 2850 2569 2911 miseratur,
2632 2852 2760 2917 quia
2799 2850 3005 2911 omnia,
3068 2845 3254 2901 ntJob
3310 2847 3532 2910 asserit,

1956 2952 2157 3015 potest.
2198 2941 2265 2999 Et
2319 2942 2464 2997 sicut
2506 2940 2816 2995 modulator
2864 2938 3030 2992 David
3080 2938 3135 2992 in
3180 2937 3411 2994 Psalmis
3451 2948 3535 2993 est

1956 3035 2307 3101 modulatus,
2365 3035 2747 3089 miserationes
2796 3032 2919 3101 ejus
2967 3032 3149 3102 epime
3209 3031 3532 3086 funduntur.

1954 3126 2109 3182 Unde
2144 3126 2645 3194 infirmum-primo
2675 3124 2894 3193 quidem
2944 3122 3245 3177 liberaliter
3272 3137 3533 3191 suscepe-

1952 3227 2102 3283 runt,
2147 3218 2344 3274 deinde
2369 3233 2505 3273 vero
2532 3217 2694 3271 etiam
2743 3215 2942 3270 nutrici
2977 3214 3231 3269 fiduciam
3264 3213 3532 3284 praestite-

1950 3319 2101 3378 runt,
2135 3325 2323 3367 eorum
2367 3310 2760 3378 contemplanti
2798 3307 3084 3363 miracula.
3111 3306 3361 3375 Cumque
3379 3305 3533 3360 brevi

1952 3410 2199 3474 tempore
2252 3402 2549 3473 praastolati
2606 3401 2863 3465 fuissent,
2915 3416 3024 3455 non
3052 3414 3218 3470 super
3246 3399 3540 3454 curatione

1951 3493 2317 3563 ambigentes,
2360 3492 2458 3546 sed
2507 3505 2575 3544 ne
2628 3499 2736 3543 tam
2796 3490 3102 3544 mirandum
3156 3490 3434 3557 negotium
3462 3487 3537 3540 ad

1952 3583 2109 3637 valde
2159 3596 2386 3653 paucos,
2418 3589 2473 3636 et
2506 3580 2599 3651 qui
2636 3578 2864 3651 possent
2897 3581 3053 3636 facile
3084 3578 3363 3633 numerari
3406 3592 3531 3647 per-

1940 3676 2205 3743 tingeret,
2247 3676 2357 3728 imo
2400 3682 2459 3726 ut
2513 3673 2860 3728 manifesdus
2931 3673 3182 3741 pluribus
3232 3680 3286 3726 et
3353 3670 3530 3741 magis

1951 3766 2228 3837 cognitum
2279 3763 2453 3818 ﬂeret.
2495 3762 2560 3816 Et
2607 3762 2713 3817 hoc
2768 3763 3117 3832 perSpieuum
3162 3776 3191 3815 a
3223 3761 3530 3816 sanationis

1952 3858 2115 3912 modo
2142 3855 2421 3912 consistit.
2455 3854 2575 3909 Non
2604 3855 2748 3910 enim
2792 3855 2896 3909 hoc
2927 3855 3106 3910 facere
3134 3870 3232 3925 per
3251 3855 3529 3909 somnium

1949 3951 2036 4005 vel
2098 3950 2226 4012 hoc,
2260 3957 2320 4003 ut
2352 3948 2519 4003 moris
2565 3955 2684 4002 erat
2715 3947 2797 4001 eis
2834 3946 3047 4016 agendi,
3072 3946 3359 4016 jusserunt
3390 3962 3404 4011 ;
3431 3945 3527 4000 sed

1950 4040 2173 4113 quando
2219 4039 2546 4094 incolumem
2580 4038 2809 4093 reddere
2866 4052 3094 4109 puerum
3143 4038 3525 4100 decreverunt,

1950 4133 2033 4188 sic
2077 4140 2227 4203 gesta
2268 4137 2398 4185 sunt
2438 4144 2561 4200 quae
2591 4128 2660 4184 ad
2690 4129 2979 4185 sanitatem
3022 4128 3297 4200 pertinere
3320 4127 3529 4199 liquido

1948 4222 2289 4276 claruerunt.

334 4297 625 4369 Μεσούσης
644 4298 764 4369 ’τῆς
804 4297 1018 4369 ἡμέρας
1064 4298 1182 4369 μεθ’
1212 4300 1415 4370 ἡλίκων
1441 4300 1603 4354 τινῶν
1629 4301 1689 4354 τὸ
1724 4318 1845 4372 μει-

2020 4312 2294 4367 Mediante
2344 4310 2454 4377 die,
2497 4324 2623 4366 cum
2690 4306 3015 4380 quibusdam
3048 4304 3343 4361 coaetaneis
3390 4320 3530 4375 puer

263 4389 459 4460 ράκιον
508 4388 617 4460 πρὸ
663 4386 757 4441 τοῦ
793 4387 902 4442 τῶν
952 4389 1123 4457 ἁγίων
1170 4389 1362 4455 ἔπαιζε
1398 4391 1714 4462 μνήματος·
1751 4393 1846 4446 καὶ

259 4480 402 4550 ὅπερ
448 4478 594 4547 φιλεῖ
634 4477 954 4549 συμϐαίνειν
999 4481 1059 4533 ἐν
1104 4482 1217 4543 τοῖς
1257 4480 1465 4535 παίδων
1510 4481 1843 4553 ἀθύρμασιν,

261 4572 396 4624 ποτὲ
430 4570 530 4641 μὲν
558 4570 718 4634 αύτδς
746 4570 968 4643 ἐτέρους
999 4571 1135 4643 πρὸς
1163 4571 1357 4640 ἔδαφος
1386 4572 1602 4643 ἔφερεν,
1630 4573 1762 4652 ποτὲ
1789 4573 1847 4627 δέ

263 4662 452 4715 τοῦτον
500 4661 649 4716 ἄλλοι
682 4662 1038 4716 κατέδαλλον.
1080 4663 1348 4727 Πεσόντος
1375 4664 1506 4731 γοῦν
1539 4663 1723 4724 αὐτοῦ.
1754 4666 1848 4719 καὶ

266 4755 375 4816 τοῖς
405 4753 717 4824 μαρμάροις
746 4754 1186 4825 προσεγγισάσης
1220 4757 1319 4826 τῆς
1347 4755 1541 4825 ὅψεως.
1577 4756 1780 4810 τούτων
1811 4759 1846 4828 ἠ

262 4842 479 4910 γλῶττα
516 4844 863 4916 προσήψατοο
894 4846 987 4898 καὶ
1028 4847 1185 4915 μόνον
1213 4846 1289 4910 ὡς
1315 4845 1537 4917 ἔθηξεν,
1571 4847 1646 4910 ὡς
1683 4849 1746 4900 ἐκ
1769 4865 1852 4901 τι-

262 4954 354 5001 νος
382 4936 692 5007 διωκομένη
713 4938 808 4990 καὶ
834 4936 1133 5006 φεύγουσα,
1160 4939 1298 5008 πρὸς
1322 4940 1457 5010 ὅπερ
1477 4934 1546 5012 ἦν
1570 4943 1627 4993 ἐν
1650 4940 1849 5012 ἀρχαῖς

263 5028 673 5095 συνεστέλλετο,
705 5028 802 5082 καὶ
828 5028 898 5082 τά
931 5027 1039 5081 ῐδια
1074 5028 1246 5101 μέτρα
1280 5031 1346 5083 τά
1378 5030 1484 5101 πρὸ
1511 5029 1605 5083 τοῦ
1642 5031 1849 5094 πάθους

259 5121 501 5191 ἐδέχετο.
551 5121 646 5173 καὶ
695 5120 792 5191 τὴν
845 5119 1101 5193 εὔχροιαν
1151 5121 1314 5186 εὐθὺς
1366 5121 1758 5192 ἀνελάμϐανεν,
1789 5122 1849 5177 τὸ

258 5212 502 5276 δυσειδὲς
523 5215 700 5266 ἐκεῖνο
727 5214 926 5284 χρῶμα
954 5214 1046 5268 καὶ
1069 5213 1259 5285 σχῆμα
1287 5215 1380 5266 καὶ
1409 5198 1637 5285 μέγεθος
1662 5214 1725 5268 τὺ
1748 5232 1849 5268 πο-

260 5302 538 5374 λυσαρκίᾳ
589 5303 908 5376 βριθόμενον
959 5305 1196 5376 ῥίψασαο
1245 5306 1339 5359 καὶ
1389 5308 1422 5377 ὴ
1470 5307 1579 5360 τῶν
1621 5306 1850 5362 ὀδόντων

260 5394 538 5458 ἀκουσίως
590 5395 697 5460 ἐξω
746 5396 1160 5468 προκύπτουσα,
1202 5394 1302 5467 τὴν
1352 5396 1608 5469 τοιαύτην
1653 5398 1850 5470 ἀθρόον

260 5486 500 5541 λαθοῦσα
557 5488 870 5558 συνήθειαν,
913 5490 1021 5543 οὐδ’
1057 5489 1322 5553 ἑκουσίως
1372 5493 1708 5557 προκύπτειν
1752 5494 1849 5560 ἡν-

265 5578 469 5648 ίσχετο,
506 5580 619 5637 ἀλλ’
652 5582 784 5635 εἴσω
811 5582 1036 5651 χειλέων
1065 5582 1139 5646 ὡς
1168 5582 1223 5635 ἐν
1251 5581 1427 5651 οἰκείᾳ
1461 5581 1690 5636 παστάδι
1719 5583 1851 5637 καθ-

1948 4411 2076 4459 ante
2135 4412 2450 4458 sanctorum
2495 4408 2909 4456 monumentum
2967 4398 3234 4462 ludebat;
3288 4408 3341 4453 et
3376 4398 3525 4468 quod

1947 4496 2431 4565 contingereinter
2457 4494 2617 4549 ludos
2648 4508 2941 4563 puerorum
2974 4493 3198 4557 assolet,
3229 4491 3529 4560 aliquando

1947 4584 2167 4655 quidem
2215 4585 2333 4654 ipse
2382 4582 2521 4638 alios
2552 4583 2606 4637 in
2656 4590 2859 4637 terram
2894 4583 3193 4645 sternebat,
3230 4580 3530 4649 aliquando

1948 4690 2076 4730 vero
2103 4674 2247 4729 hunc
2269 4674 2359 4727 alii
2388 4673 2737 4741 dejiciebant.
2771 4672 2909 4742 Ergo
2941 4687 3008 4726 eo
3041 4670 3270 4726 cadente
3295 4676 3350 4723 et
3380 4685 3527 4723 mar-

1948 4767 2194 4822 moribus
2225 4766 2366 4821 facie
2399 4766 2546 4820 illius
2592 4765 2771 4827 allisa,
2806 4764 2921 4817 haec
2957 4762 3077 4831 ejus
3108 4762 3288 4830 attigit
3317 4760 3523 4831 lingua.

1953 4859 2016 4913 Et
2048 4867 2107 4912 ut
2141 4856 2483 4912 solummodo
2527 4865 2673 4910 tacta
2703 4864 2809 4920 est,
2847 4856 3004 4925 quasi
3049 4868 3079 4906 a
3111 4866 3386 4923 quoquam
3413 4868 3532 4921 per-

1950 4951 2285 5006 secutionem
2335 4964 2516 5018 passa,
2551 4956 2604 5001 et
2645 4946 2771 5018 fuga
2823 4948 2995 5016 lapsa,
3048 4945 3116 5000 ad
3166 4946 3217 5000 id
3270 4946 3412 5015 quod
3469 4946 3523 4999 in

1949 5040 2235 5112 principiis
2256 5048 2374 5093 erat
2403 5038 2752 5109 subterfugit,
2772 5046 2827 5091 et
2852 5053 3160 5093 mensuram
3182 5051 3337 5093 suam
3356 5051 3520 5106 quam

1950 5141 2077 5186 ante
2110 5131 2422 5201 passionem
2464 5130 2748 5194 habuerat,
2784 5129 3057 5198 extemplo
3089 5129 3311 5198 recepit,
3342 5134 3397 5179 et
3427 5127 3526 5181 ho-

1949 5239 2080 5280 num
2138 5224 2376 5278 colorem
2433 5221 2722 5277 confestim
2774 5223 3107 5292 resumpsit,
3153 5220 3386 5276 deformi
3430 5220 3526 5276 illo

1950 5315 2195 5385 exploso,
2222 5330 2285 5370 ac
2312 5315 2484 5370 forma
2514 5330 2606 5370 seu
2635 5313 3010 5383 magnitudine
3045 5330 3167 5384 qua:
3194 5312 3377 5368 multis
3398 5328 3523 5368 car-

1952 5407 2115 5460 nibus
2161 5406 2495 5476 gravabatur
2543 5405 2779 5474 abjecta.
2821 5405 2884 5459 lit
2932 5419 3052 5474 quae
3092 5404 3212 5459 sine
3245 5406 3523 5461 voluntate

1953 5498 2105 5550 foras
2156 5504 2309 5550 extra
2353 5499 2543 5552 dentes
2587 5496 2904 5562 eminebat,
2945 5495 3259 5566 hujusmodi
3304 5502 3525 5564 repente

1953 5587 2268 5645 oblitterata
2300 5587 2721 5657 consuetudine,
2758 5605 2860 5647 nec
2891 5587 3194 5645 voluntarie
3216 5589 3529 5659 prominere
