3998 6200
543 285 686 353 3583

1405 292 1469 355 S.
1494 293 1916 357 SOPHRONII
1941 291 2448 357 PATRIARCHE
2489 292 2896 354 HIEROSOL.

3637 297 3743 365 εδει
3766 288 3769 289 ί

544 405 873 475 patiebatur,
898 405 994 462 sed
1024 407 1166 462 intra
1205 404 1350 460 labia
1384 406 1529 462 sicut
1583 409 1638 463 in
1682 411 1904 481 proprio
1935 410 2111 464 locata

2223 406 2383 459 ίσασα
2408 448 2423 470 ,
2461 406 2553 459 καὶ
2593 406 2801 477 κόσμον
2850 405 3193 462 ἀναλαϐοῦσα
3239 407 3330 462 τὸν
3380 410 3641 480 πρότερον,
3676 420 3742 472 καὶ

542 497 807 561 thalamo,
856 499 1091 566 priorem
1127 506 1381 551 ornatum
1425 500 1746 570 resumpsit.
1785 500 1849 556 Et
1889 519 2012 558 cum
2040 503 2120 557 fa—

540 596 690 641 ceret
722 588 1023 640 secundum
1050 598 1306 642 naturam
1329 591 1703 656 Operationem
1754 608 1933 661 suam,
1966 596 2118 651 incoc

541 678 728 744 gnitus
775 678 1167 733 ostendebatur
1228 681 1620 749 propemodum
1692 699 1827 753 puer
1881 686 1966 740 his
2022 688 2115 757 qui

540 766 686 819 hunc
715 776 840 819 ante
869 769 1152 838 paululum
1182 771 1450 827 viderant.
1494 772 1611 827 Hoc
1651 785 1830 831 autem
1851 777 2116 832 miraculo

539 856 702 919 facto,
744 859 956 913 clamor
997 862 1192 932 ingens
1222 867 1290 921 ab
1330 870 1415 926 his
1454 870 1546 938 qui
1580 871 1742 924 simul
1784 871 2117 936 iocabantur

537 949 723 1014 pueris
775 954 1128 1023 exsurgebat,
1182 968 1233 1011 et
1275 975 1468 1017 omnes
1498 964 1590 1033 qui
1637 965 1690 1016 in
1723 963 1924 1031 templo
1957 971 2116 1018 erant

536 1038 604 1092 ad
646 1040 913 1097 visionem
961 1050 1381 1116 conveniebant;
1432 1055 1523 1122 qui
1572 1055 1637 1108 ad
1680 1065 1950 1133 patratum
1978 1071 2112 1110 con-

535 1134 763 1185 εἰρηνιιὶ
796 1135 1128 1205 prodigium.
1158 1151 1215 1194 et
1256 1155 1481 1198 sanctos
1504 1146 1756 1200 laudibus
1773 1148 2109 1214 extulerunt,

532 1233 587 1277 et
610 1226 839 1293 positam
862 1228 916 1281 in
938 1228 1247 1300 Evangeliis
1270 1234 1336 1289 de
1351 1235 1650 1292 Salvatoris
1664 1239 1878 1293 artibus
1898 1254 2106 1305 vocem,

536 1329 731 1382 magna
782 1317 1173 1375 vociferatione
1202 1324 1467 1377 miSerunt
1497 1345 1508 1379 :
1546 1325 1814 1391 Vidimus,
1839 1330 2108 1394 dicentes,

535 1405 809 1459 mirabilia
873 1408 1032 1464 hodie
1083 1429 1099 1476 ;
1157 1411 1551 1484 Christumque
1605 1419 1807 1485 ipsum,
1874 1420 1966 1487 qui
2015 1436 2108 1489 per

533 1498 754 1550 eosdem
781 1493 1002 1554 sanctos
1046 1503 1368 1558 miraculum
1405 1518 1676 1575 gesserat,
1706 1510 2107 1579 glorilicahant,

531 1595 586 1641 et
618 1588 753 1643 bene
793 1590 860 1645 de
888 1597 1122 1648 sanitate
1157 1599 1499 1666 propriarum
1549 1600 1865 1670 passionum
1920 1621 2105 1673 spera-

528 1680 681 1733 bant.
715 1678 885 1735 Porro
917 1700 1016 1739 nos
1041 1686 1372 1741 mirabilium
1404 1691 1564 1747 hodie
1595 1696 1872 1748 auditores
1904 1694 2105 1764 effecti,

526 1768 834 1840 horumque
877 1776 1146 1842 operariis
1187 1777 1370 1848 dignis
1407 1781 1621 1851 hymnis
1664 1785 1845 1850 elatis,
1872 1786 2104 1840 aliorum

527 1864 865 1920 mirabilium
913 1866 1212 1923 etliciamur
1245 1886 1547 1941 praecones.

698 2021 862 2077 XLII.
906 2024 981 2079 De
1015 2025 1254 2099 Eugenio
1299 2042 1570 2101 geometra
1617 2034 1929 2105 hydropico.

601 2219 675 2274 De
693 2237 819 2277 rure
850 2224 1008 2279 nobis
1032 2237 1309 2297 geometra
1333 2231 1479 2284 venit
1505 2231 1804 2302 Eugenius,
1833 2237 1923 2302 qui
1948 2252 2110 2294 omne

527 2314 749 2384 quidem
801 2332 1024 2374 mensus
1070 2327 1155 2375 est
1192 2336 1407 2391 arvum,
1452 2337 1694 2381 ventrcm
1737 2339 1915 2384 autem
1948 2348 2107 2386 suum

528 2405 707 2458 metiri
756 2421 864 2460 non
917 2410 1110 2476 potuit,
1170 2414 1262 2482 qui
1288 2430 1352 2468 ex
1402 2416 1636 2485 quadam
1689 2418 1907 2473 humida
1960 2421 2013 2474 iu
2050 2437 2110 2476 se

527 2494 754 2549 collecm
794 2499 1101 2553 substantia
1152 2512 1420 2569 creverat,
1463 2521 1569 2559 non
1603 2508 1847 2563 imitatus
1874 2510 2106 2564 ruralcm

526 2596 583 2641 et
614 2589 1006 2644 munerabilem
1057 2595 1510 2663 magnitudinem,
1558 2599 1653 2652 sed
1694 2602 2109 2670 incomprehen-

528 2678 764 2743 sibilem,
810 2688 865 2733 et
895 2683 1036 2737 mole
1076 2686 1421 2757 maximoque
1455 2696 1668 2744 tumore
1721 2692 1922 2745 factam
1948 2708 2107 2748 mon-

528 2769 679 2826 tibus
710 2771 941 2827 similem
970 2775 1378 2831 celsitudinem.
1404 2777 1687 2836 Demensis
1712 2795 1894 2836 autent
1933 2787 2106 2852 preci-

527 2863 633 2919 bus
666 2867 856 2931 utitur,
886 2868 1029 2922 inter
1051 2880 1369 2926 sanctorum
1417 2874 1601 2929 volens
1628 2880 1904 2932 numerari
1938 2881 2108 2934 mira-

526 2958 650 3011 cula
695 2974 710 3022 ;
748 2974 995 3029 magnam
1035 2964 1238 3031 quippe
1265 2965 1365 3019 hoc
1395 2981 1518 3021 esse
1562 2967 1882 3038 dignitatem
1911 2974 2106 3027 existi-

529 3059 707 3111 mans,
741 3046 947 3102 idcirco
971 3058 1028 3102 ut
1053 3050 1152 3104 hac
1185 3053 1336 3106 lieret
1357 3053 1556 3124 dignus
1591 3060 1895 3127 proposuit.
1925 3061 1978 3114 In
2005 3063 2106 3117 hoc
2135 3097 2178 3154 ο

528 3135 651 3205 ipso
700 3146 881 3192 autem
929 3148 983 3193 et
1032 3143 1269 3210 qualiter
1320 3159 1381 3199 se
1435 3146 1657 3202 haberet
1711 3155 1987 3222 correptio
2016 3154 2112 3209 de-

528 3239 869 3298 monstrans,
893 3243 1104 3288 sextum
1126 3250 1248 3290 sese
1290 3236 1430 3291 inter
1462 3239 1846 3311 [Egyptiorum
1883 3246 2112 3302 adduxit

527 3329 584 3375 et
611 3318 903 3393 Libyorum
931 3327 1560 3401 narrationes,pr:edicti
1588 3336 1798 3389 numeri
1824 3336 2113 3404 perfectio-

530 3426 654 3465 nem
685 3411 988 3479 admirans,
1025 3426 1079 3470 et.
1110 3417 1254 3473 hunc
1291 3430 1575 3491 propterea
1623 3425 1905 3494 suscipene
1960 3434 2112 3482 sorte

531 3502 800 3560 festinans
827 3523 841 3571 ;
864 3507 1004 3561 unde
1030 3525 1132 3564 nos
1167 3518 1277 3565 tam
1309 3513 1569 3569 desiderii
1614 3532 1777 3588 quam
1808 3516 2113 3589 disciplina:

530 3594 678 3650 hunc
707 3598 1065 3665 admirantes,
1099 3617 1288 3671 preces
1338 3619 1588 3675 agamus.

601 3770 913 3839 Geometra,
947 3781 1008 3828 ut
1040 3775 1301 3843 diximus,
1339 3789 1456 3835 erat
1487 3780 1790 3853 Eugenius,
1819 3784 2110 3856 Egyptius

532 3872 749 3930 genere.
785 3860 884 3918 llic
913 3879 1177 3933 aquarum
1211 3871 1489 3937 potatione
1517 3873 1813 3929 multarum
1854 3876 1926 3931 ob
1971 3877 2107 3931 cali-

530 3948 726 4003 dorum
776 3966 963 4006 aermn
999 3954 1306 4010 molestiam
1351 3974 1507 4027 usus,
1547 3960 1863 4032 languorem
1894 3966 2108 4034 gravis-

532 4042 733 4097 simum
752 4045 963 4111 incidit,
996 4049 1088 4117 qui
1113 4048 1267 4104 valde
1293 4066 1447 4106 suam
1476 4053 1796 4123 expandens
1821 4057 2104 4125 virtutem,

533 4133 588 4187 in
643 4134 940 4206 hydropent
993 4139 1287 4195 maximam
1342 4144 1624 4197 minimmn
1658 4145 1789 4201 illud
1831 4149 2107 4204 residuum

532 4228 835 4281 transtulit.
880 4227 1015 4282 Nam
1049 4240 1103 4284 et
1153 4232 1254 4286 hoc
1302 4232 1512 4290 habens
1541 4226 1840 4306 Eugenius,
1885 4256 1984 4295 nec
2028 4244 2111 4298 sic

532 4317 603 4371 ab
637 4332 904 4385 aquarum
956 4322 1233 4388 potatione
1267 4326 1521 4380 cessabat
1553 4346 1568 4389 ;
1599 4345 1890 4401 quousque
1923 4344 2111 4390 ventre

2224 497 2523 567 ποιουμένη
2555 497 2697 551 κατὰ
2730 499 2892 566 φύσιν
2924 498 3123 569 ἑαυτῆς
3148 498 3247 569 τὴν
3278 500 3574 570 ἐνέργειαν,
3604 504 3739 573 ἀγνώ.

2223 604 2404 657 ριστον
2453 587 2665 641 ἐδείκνυ
2714 591 2827 651 τοῖς
2871 589 2979 660 πρὸ
3025 589 3273 660 βραχέως
3321 593 3486 663 δρῶσι
3521 597 3679 665 σχεδὸν
3701 600 3745 654 τδ

2225 679 2532 748 μειράκιον.
2564 679 2770 733 Τούτου
2805 681 2913 751 γάρ
2941 683 3228 750 γεγονότος
3256 681 3352 735 τοῦ
3380 682 3656 753 θαύματος,
3677 688 3750 759 βοὴ

2218 767 2542 839 διαπρύσιος
2589 769 2725 840 πρὸς
2776 771 2882 822 τῶν
2932 771 3244 842 άθυρόντων
3299 772 3524 825 παιδίων
3554 776 3748 842 ἐγένετο,

2218 860 2312 913 καὶ
2342 862 2467 922 τοὺς
2498 863 2553 913 ἐν
2582 862 2660 931 τῷ
2689 861 2802 932 ναῷ
2831 862 3037 925 πάντας
3081 864 3173 916 ἐπὶ
3221 864 3322 936 τὴν
3351 864 3476 917 θέαν
3510 869 3752 938 συνήθροιο

2217 952 2330 1019 ξεν,
2362 953 2411 1005 οἳ
2456 953 2593 1024 πρὸς
2617 954 2678 1006 τὸ
2706 952 2949 1024 πραχθὲν
2979 952 3347 1021 ἐκπλαγέντες
3376 957 3656 1025 τεράστιον,
3680 965 3754 1015 καὶ

2215 1044 2340 1108 τοὺς
2368 1045 2554 1112 ἁγίους
2588 1044 2908 1116 ἀνύμνησαν
2928 1088 2942 1112 ,
2980 1046 3240 1115 κάκείνην
3270 1047 3371 1116 τὴν
3398 1048 3574 1117 φωνὴν
3600 1049 3682 1117 τὴν
3710 1054 3755 1103 ἐν

2217 1136 2568 1204 Εύαγγελίοις
2596 1138 2859 1207 κειμένην
2890 1139 3019 1209 περὶ
3043 1140 3148 1190 τῶν
3164 1138 3255 1191 τοῦ
3275 1138 3523 1210 Σωτῆρος
3546 1142 3756 1209 πράξεων

2216 1228 2612 1298 μεγαλοφώνως
2632 1230 2967 1297 ἀνέπεμπον,
2984 1228 3510 1299 Εἵδομεν,λέγοντες,
3522 1232 3758 1301 περάδοξα

2215 1321 2487 1391 σήμερον·
2522 1322 2613 1373 καὶ
2652 1321 2887 1392 Χριστὸν
2921 1321 3085 1375 αὑτὸν
3117 1324 3208 1374 τὸν
3255 1322 3323 1375 δι’
3359 1324 3537 1376 αὐτῶν
3575 1342 3757 1395 πεπρα-

2212 1413 2344 1482 χότα
2388 1412 2448 1465 τὸ
2492 1412 2677 1482 θαῦμα
2724 1412 3176 1484 εὐχαριστοῦντες
3212 1415 3498 1481 ἐδόξαζον·
3543 1416 3627 1469 καί
3654 1418 3756 1488 mp!

2209 1506 2308 1575 τῆς
2335 1506 2555 1574 ῥώσεως
2583 1506 2780 1570 πάντες
2805 1505 3050 1575 ἐγένοντο
3078 1508 3186 1561 τῶν
3215 1510 3437 1563 οἰκείων
3463 1511 3761 1581 παθημάτων

2210 1597 2506 1660 εὐέλπιδες.
2556 1598 2750 1667 Ἡμεῖς
2784 1598 2840 1651 δὲ
2869 1600 3191 1669 παραδόξων
3226 1601 3493 1671 ἀκροαταὶ
3517 1603 3760 1671 γενόμενοι

2213 1690 2478 1760 σήμερον,
2521 1691 2614 1743 καὶ
2646 1691 2771 1754 τοὺς
2802 1690 3006 1744 τούτων
3040 1693 3280 1760 ἐργάτας
3310 1693 3475 1759 ἀξίως
3520 1695 3761 1766 ὕμνησαν.

2212 1798 2324 1847 τες,
2358 1780 2677 1852 παραδόξων
2710 1782 2887 1836 ἄλλων
2916 1782 3205 1854 γενώμεθα
3238 1785 3504 1856 κήρυκες.

2246 1994 2381 2078 Μιιῖ.
2436 2022 2574 2091 Περὶ
2615 2022 2908 2092 Εὐγενίου
2947 2023 3052 2076 τοῦ
3091 2023 3425 2092 γεωμέτρου
3465 2026 3731 2094 ὑδρωπιά-

2881 2108 3103 2158 oar-tog
3113 2133 3126 2147 .

2281 2226 2372 2291 Ἐξ
2408 2225 2649 2297 ἀρούρας
2680 2226 2813 2295 ἡμῖν
2863 2227 2892 2278 ό
2938 2227 3261 2298 γεωμέτρης
3306 2224 3470 2298 ἦλθεν
3517 2230 3756 2297 Εύνγένιος.

2211 2323 2392 2375 πᾶσαν
2443 2321 2542 2391 μὲν
2599 2320 3014 2391 μετρησάμενος
3065 2322 3331 2393 ἄρουραν,
3366 2322 3558 2376 ἑαυτοῦ
3601 2324 3759 2393 δὲτὴν

2210 2414 2449 2482 γαστέρα
2477 2416 2697 2483 μετρεῖν
2722 2413 2783 2465 ού
2808 2412 3124 2481 δυνάμενος,
3150 2412 3214 2466 ἔκ
3235 2431 3382 2477 τινος
3404 2416 3571 2484 ύγρᾶς
3600 2417 3760 2478 οὐσίας

2209 2510 2285 2570 εἰς
2322 2506 2488 2574 αὐτὴν
2516 2502 2908 2575 ἀθροιζομένης
2936 2503 3256 2574 αύξήσασαν
3278 2544 3294 2569 ,
3325 2507 3419 2558 καὶ
3452 2506 3757 2575 μιμουμένην

2209 2600 2309 2650 οὐκ
2347 2598 2636 2668 άρουραῖον
2664 2595 3001 2667 εὐμέτρητον
3039 2595 3294 2665 μέγεθος,
3326 2595 3443 2650 ἀλλ’
3472 2597 3641 2668 ὄρεσιν
3668 2598 3757 2649 ἔοιο

2211 2688 2305 2749 to;
2338 2687 2660 2755 δυσέφικτον
2695 2684 2899 2755 ὕψωμα
2921 2726 2936 2749 ,
2966 2689 3089 2749 ταῖς
3136 2686 3467 2756 ὑπερόγκοις
3503 2688 3590 2740 καὶ
3630 2687 3758 2755 μεγί-

2213 2794 2366 2840 σταις
2395 2777 2659 2846 οῐδήσεσι.
2694 2775 3154 2846 Μεμετρημέναις
3195 2777 3253 2830 δὲ
3297 2778 3493 2847 χρῆται
3520 2778 3756 2847 δεήσεσιν,

2212 2866 2645 2938 συμμετρεῖσθαι
2674 2869 2785 2929 τοῖς
2818 2865 3058 2933 θαύμασι
3093 2865 3198 2919 τῶν
3229 2869 3404 2935 ἁγίων
3433 2869 3756 2937 βουλόμενοςν

2215 2959 2457 3029 μεγάλην
2492 2958 2601 3028 γάρ
2634 2954 2775 3010 εἶναι
2809 2957 2908 3027 τὴν
2950 2957 3107 3022 ἀξίαν
3148 2959 3476 3028 ἡγούμενος,
3504 2958 3588 3013 διά
3626 2957 3789 3043 τοῦτο.

2210 3051 2415 3119 ταύτης
2441 3049 2723 3115 ἀξιοῦσθαι
2754 3048 3095 3119 προείρηται.
3115 3050 3201 3101 Ἐν
3227 3052 3418 3118 ταυτῷ
3439 3051 3495 3104 δὲ
3524 3052 3611 3105 καὶ
3635 3052 3761 3113 ὅπως

2212 3139 2326 3209 ἔχει
2356 3138 2692 3201 παιδεύσεως
2727 3137 3157 3206 ἐνδεικνύμενος.
3184 3137 3249 3191 ἐκ
3261 3156 3347 3192 τον
3371 3140 3557 3194 ἑαυτὸν
3585 3141 3637 3193 ὲν
3660 3140 3761 3200 ταῖς

2211 3231 2524 3298 Αἰγυπτίων
2568 3230 2664 3283 καὶ
2710 3228 2926 3283 Λιϐύων
2971 3228 3148 3299 ἤγαγε
3198 3228 3535 3301 διηγήσεσιν,
3568 3228 3653 3282 τοῦ
3686 3228 3761 3278 λε-

2211 3321 2432 3391 χθέντος
2458 3317 2693 3390 άρεθμοῦ
2724 3316 3020 3388 θαυμάζων
3041 3318 3102 3371 τδ
3126 3318 3335 3372 τέλειον
3359 3359 3376 3385 ,
3410 3319 3608 3409 καλοδιά
3626 3316 3764 3370 τοῦτο

2211 3413 2401 3468 τοῦτον
2451 3412 2761 3475 σπουδάσας
2795 3409 3215 3482 κληρώσασθαιο
3266 3411 3395 3465 ὅθεν
3426 3413 3581 3482 ἡμεῖς
3606 3410 3689 3463 τοῦ
3714 3425 3761 3460 τε

2211 3505 2378 3560 πόθου
2409 3505 2503 3558 καὶ
2529 3504 2628 3574 τῆς
2660 3502 2909 3567 παιδείας
2940 3502 3104 3557 αὐτὸν
3128 3502 3495 3574 ἀγασάμενοι,
3524 3503 3616 3573 τὴν
3638 3500 3759 3568 ain}.

2213 3615 2299 3652 σιν
2337 3596 2650 3669 δράσωμεν.

2281 3775 2607 3847 Γεωμέτρης
2636 3771 2726 3847 ἦν,
2760 3778 2835 3839 ὡς
2864 3776 3024 3849 ἔφην,
3053 3777 3334 3846 Εὐγένιος,
3368 3778 3428 3831 τδ
3456 3777 3603 3847 γένος
3622 3774 3759 3840 Αἰγύ-

2210 3883 2386 3929 πτιος.
2428 3861 2597 3929 Οὗτος
2623 3867 2920 3940 ὑδροποσίᾳ
2947 3866 3116 3940 πολλῇ
3167 3868 3257 3922 διὰ
3297 3870 3402 3940 τὴν
3430 3869 3536 3922 τῶν
3574 3865 3762 3936 θερμῶν

2209 3954 2388 4025 ἀέρων
2438 3954 2737 4025 ἐπάχθειαν
2778 3954 3096 4026 χρώμενος,
3146 3959 3227 4021 εἰς
3271 3958 3433 4011 νόσον
3485 3956 3760 4027 βαρυτάτην

2210 4045 2608 4106 εἰσπέπτωκεν,
2634 4046 2755 4116 ἥτις
2785 4046 2919 4100 πολὺ
2950 4047 3047 4116 τῆς
3079 4047 3285 4112 οἰκείας
3318 4049 3543 4103 ἐνδοῦσα
3567 4043 3761 4115 σφοδρό-

2209 4156 2393 4210 τητος,
2441 4140 2521 4201 εἰς
2552 4138 2740 4209 ὕδερον
2781 4138 3039 4208 μέγιστον
3068 4139 3131 4193 τὸ
3162 4141 3400 4212 σμικρὸν
3452 4143 3619 4194 ἐκεῖνο
3658 4151 3762 4209 μετ·

2212 4229 2403 4283 έϐαλεν
2437 4230 2705 4299 ἔλειμμα·
2753 4232 2847 4284 καὶ
2892 4230 3052 4285 τοῦτο
3084 4234 3191 4306 γὰρ
3222 4233 3362 4303 ἔχων
3391 4236 3655 4304 Εὐγένιος.
3680 4230 3760 4297 τῆς

2209 4321 2320 4374 τῶν
2364 4322 2572 4376 ὑδάτων
2604 4322 2704 4375 ούκ
2734 4323 2898 4393 ἔληγε
2930 4327 3138 4388 πόσεως
3158 4342 3172 4356 ’
3220 4326 3327 4390 ἕως
3371 4321 3432 4379 οὗ
3472 4328 3586 4380 κατ’
3612 4324 3760 4390 ὀλίγον

532 4414 873 4463 tumcscente
894 4409 1153 4479 paulatim
1175 4412 1380 4481 jaceret
1406 4416 1721 4484 immobilis,
1746 4430 1864 4475 cete
1883 4426 2108 4492 grandia

2213 4414 2568 4483 ὀγκούμενος,
2599 4413 2855 4484 ἀκίνητος
2881 4415 3116 4484 ἔμεινεν,
3136 4418 3230 4470 καὶ
3259 4418 3463 4486 μᾶλλον
3492 4417 3756 4470 κατέκειτο.

531 4509 588 4556 et
616 4514 843 4571 magnos
896 4501 1139 4558 imitatus
1184 4504 1471 4572 dracones,
1521 4510 1616 4580 qui
1654 4527 1945 4580 corporum
1972 4517 2110 4571 mole

533 4594 1015 4665 magnitudineque
1045 4598 1279 4666 gravati,
1314 4598 1571 4656 incedere
1597 4599 1652 4655 itt
1697 4607 1969 4659 anteriora
2000 4622 2108 4662 nou

533 4686 733 4742 valent.
769 4686 966 4742 Verum
993 4705 1102 4744 non
1139 4700 1267 4744 tunc
1313 4690 1383 4745 ab
1413 4708 1678 4762 aquarum
1707 4707 1832 4765 potu
1866 4700 2111 4768 quiesce-

534 4776 625 4832 bat
661 4794 674 4831 :
718 4777 863 4833 unde
888 4792 1010 4831 cum
1045 4781 1626 4837 onmeincreutentunt
1656 4792 1864 4837 motum
1910 4787 2111 4841 haheat

534 4846 891 4938 principium,
933 4873 1077 4926 sicut
1129 4871 1322 4926 borum
1372 4873 1531 4943 periti
1556 4874 1951 4945 dogmatizaut,
1996 4878 2113 4946 ipse

532 4962 817 5015 crescebat
884 4961 1198 5018 nullatenus
1253 4974 1475 5026 motus,
1532 4974 1723 5020 natura
1779 4971 1942 5020 etiam
1994 4969 2111 5037 ipsa

536 5055 727 5105 horum
792 5052 1011 5106 fallente
1064 5056 1415 5108 sententiam.
1456 5054 1627 5110 Porro
1678 5057 1864 5112 dicere
1912 5059 2110 5112 iterum

533 5153 587 5197 rt
619 5145 670 5197 in
733 5146 835 5198 hoc
884 5146 1147 5214 languore
1194 5146 1530 5202 medicorum
1558 5148 1951 5212 inﬁrmitatem,
1986 5167 2109 5204 ιιιιιι

534 5236 790 5291 oumihus
820 5238 893 5290 sit
933 5239 1245 5307 perspicua,
1277 5239 1545 5292 recusabo
1578 5256 1593 5304 ;
1629 5240 1743 5294 hazc
1788 5240 1933 5294 enim
1963 5249 2111 5294 certa

535 5334 641 5388 est,
697 5328 819 5381 licet
852 5342 951 5381 nos
1003 5335 1305 5384 taceamus.
1357 5327 1501 5400 Ergo
1547 5331 1686 5384 hanc
1721 5333 1939 5394 silentio
1974 5348 2113 5402 prae-

538 5423 835 5483 tereuntes,
883 5417 1112 5476 Joannis
1177 5430 1229 5475 et
1273 5420 1398 5493 Cyri
1450 5437 1702 5478 verorum
1775 5425 2113 5479 medicorum

540 5507 796 5563 virtutem
834 5510 1122 5567 fatebimur
1162 5532 1174 5567 :
1213 5522 1481 5585 quantum
1511 5517 1655 5570 enim
1682 5512 2112 5587 praecedentium

544 5597 833 5655 intt’rmitas
877 5599 1017 5658 facta
1062 5616 1145 5660 est
1176 5607 1395 5663 silentio
1444 5609 1629 5679 digna,
1671 5617 1878 5665 tantmu
1920 5610 2113 5665 horum

549 5687 717 5743 \‘it‘tus
746 5693 1057 5759 tnagnisunc
1085 5696 1429 5763 prmdicatur.
1467 5696 1595 5751 Nam
1622 5706 1675 5753 et
1698 5698 1805 5754 illis
1839 5697 2112 5769 Eugcnitts

2212 4504 2280 4556 τά
2308 4503 2520 4572 μεγάλα
2552 4505 2693 4573 κήτη
2725 4505 2819 4558 καὶ
2848 4505 2976 4568 τοὺς
3007 4506 3274 4576 μεγάλους
3312 4506 3635 4578 μιμούμενος
3654 4501 3757 4574 δρά-

2213 4612 2429 4660 κοντας,
2459 4593 2508 4647 οἳ
2541 4593 2810 4664 σωμάτων
2859 4594 3008 4666 ὄγκῳ
3054 4596 3147 4649 καὶ
3183 4597 3406 4665 μεγέθει
3446 4595 3755 4666 βαρούμενοι.

2211 4690 2291 4750 εἰς
2339 4687 2410 4739 τά
2458 4687 2645 4758 πρόσω
2675 4690 2873 4757 χωρεῖν
2900 4688 3000 4741 οὐκ
3031 4688 3328 4758 ἰσχύουσιν.
3357 4689 3495 4742 Ἀλλ’
3522 4688 3634 4742 οὐδὲ
3659 4684 3754 4736 τότε

2211 4777 2309 4846 τῆς
2337 4776 2444 4829 τῶν
2478 4777 2687 4830 ὑδάτων
2715 4776 2949 4831 ἐπαύετο
2984 4778 3222 4841 πόσεως·
3250 4777 3372 4832 ὅθεν
3404 4780 3578 4848 πάσης
3618 4774 3756 4840 αὐξή-

2213 4883 2358 4931 σεως
2381 4869 2556 4939 ἀρχὴν
2585 4868 2817 4940 ἐχούσης
2844 4868 2941 4940 τὴν
2974 4870 3188 4940 κίνησιν
3210 4908 3224 4932 ,
3251 4870 3329 4933 ὡς
3357 4871 3406 4923 οἱ
3435 4869 3598 4922 ταῦτα
3625 4860 3756 4918 δεινοὶ

2211 4959 2653 5030 δογματίζουσιν,
2691 4961 2854 5025 αὐτὸς
2885 4958 3037 5032 ηὗξε,
3076 4963 3173 5016 καὶ
3221 4963 3344 5033 μηδ’
3374 4962 3510 5023 ὅλως
3539 4956 3755 5024 κινούμε-

2211 5070 2302 5118 νος
2328 5056 2427 5124 τὴν
2460 5054 2622 5123 φύσιν
2648 5054 2839 5123 αὐτὴν,
2860 5053 2955 5107 καὶ
2980 5054 3040 5106 τὸ
3063 5053 3267 5108 τούτων
3297 5050 3754 5124 παραλογιζόμενος

2213 5143 2511 5215 θέσπισμα.
2547 5144 2740 5211 Λέγειν
2768 5144 2824 5196 δὲ
2851 5143 3013 5197 πάλιν
3045 5145 3137 5197 καὶ
3167 5146 3260 5197 ἐπὶ
3290 5143 3477 5198 τούτου
3505 5141 3593 5193 τοῦ
3623 5142 3754 5200 νοσή-

2216 5252 2386 5306 ματος
2438 5235 2547 5288 τῶν
2601 5234 2801 5305 ἰατρῶν
2850 5235 2947 5307 τὴν
2993 5236 3277 5289 ἀσθένειαν
3310 5236 3383 5298 ὡς
3419 5236 3576 5286 πᾶσιν
3615 5224 3753 5280 οὖσαν

2214 5327 2543 5381 εὐσύνοπτον
2574 5328 3012 5399 παραιτήσομαι·
3049 5327 3182 5398 δήλη
3214 5329 3321 5398 γάρ
3351 5326 3485 5393 αὕτη
3523 5320 3754 5384 καθέστηα

2214 5437 2331 5485 κεν,
2380 5419 2479 5472 κᾶν
2530 5422 2690 5490 ἡμεῖς
2739 5421 3129 5491 σιωπήσωμεν.
3174 5418 3381 5474 Οὐκοῦν
3415 5417 3607 5484 ταύτην
3644 5409 3749 5476 σιγῇ

2215 5510 2650 5581 παρελάσαντες,
2680 5509 2776 5579 τὴν
2814 5510 3060 5564 Ἰωάννου
3094 5513 3187 5563 καὶ
3217 5510 3396 5579 Κύρου
3442 5507 3543 5559 τῶν
3588 5498 3749 5569 ἀληθι-

2217 5601 2322 5657 νῶν
2359 5599 2556 5671 ἰατρῶν
2586 5599 2829 5670 λέξωμεν
2858 5600 3087 5671 δύναμιν
3108 5617 3123 5632 ο
3171 5602 3294 5655 ὅσον
3325 5599 3430 5669 γάρ
3458 5599 3488 5667 ἡ
3513 5595 3610 5650 τῶν
3636 5603 3750 5660 προ-

2217 5694 2492 5749 λαϐόντων
2542 5692 2795 5747 ἀσθένεια
2846 5695 2999 5764 σιγῆς
3035 5693 3159 5759 ἀξία
3192 5694 3497 5762 γεγένηται,
3539 5680 3746 5748 τοσαύτη
