4020 6200
289 255 431 321 3585

1310 247 1420 309 SS.
1457 248 1633 309 CYRl
1658 251 1754 310 ΕΤ
1790 249 2111 313 ΙΟΑΝΝΙΞ
2134 255 2543 323 MIRACULA.

3393 270 3535 335 3586

288 368 495 422 τούτων
538 364 571 433 ή
615 361 846 431 δύναμις
897 359 1295 429 μεγαλοφὼνως
1333 361 1699 431 κηρύττεται·
1746 362 1863 416 ἐπεὶ

1968 375 2091 433 post
2123 369 2348 423 multam
2379 372 2771 439 experientiam
2798 383 3058 447 tanquam
3088 378 3322 437 iniirmis
3343 381 3536 453 depul-

290 460 577 517 κάκείνους
616 453 875 520 Εὐγένιος
903 451 1042 521 μετὰ
1073 453 1267 520 πεῖραν
1294 452 1492 522 πολλὴν
1521 452 1594 515 ὡς
1621 453 1866 514 ἀσθενεῖς

292 548 711 618 παρωσάμενος,
758 544 978 606 τούτους
1007 541 1081 606 ὡς
1110 543 1367 607 δυνατοὺς
1397 546 1460 597 ἐκ
1495 546 1664 614 μόνης
1695 544 1868 611 ἀκοῆς

290 644 316 695 ὲ
329 643 444 694 πελέ
454 640 600 705 ξατο.

362 731 567 785 Ἐλθὼν
599 725 692 782 οὖν
724 728 817 779 ἐπὶ
850 726 911 779 τὸ
939 724 1048 777 τῶν
1075 724 1245 791 ἁγίων
1278 725 1530 795 ἰατρεῖον,
1577 726 1638 777 τὸ
1686 727 1866 797 πάσης

292 823 522 894 άκηδίας
549 824 642 874 καὶ
676 818 944 873 παντοίων
980 816 1170 870 παθῶν
1199 816 1538 881 ἀλεξίκακον,
1566 818 1657 869 καὶ
1701 821 1867 889 πείρα

296 914 615 987 μεμάθηκεν
644 911 672 965 ὃ
703 912 768 963 δι’
801 910 970 979 ἀκοῆς
1018 908 1125 980 πρὸ
1164 906 1258 962 τοῦ
1305 907 1507 969 πάθους
1541 907 1863 974 ἐγίγνωσκε.

293 1007 405 1060 Καὶ
435 1005 686 1073 καθάπερ
718 1001 1057 1072 ἠκούσαμεν,
1096 999 1266 1060 οὕτως
1298 1000 1392 1051 καί
1422 998 1626 1066 ἴδομεν,
1660 999 1757 1050 σὺν
1791 999 1867 1069 τῷ

296 1098 521 1168 μελῳδῷ
549 1093 882 1166 διαπρυσίως
927 1093 1221 1162 ἐκήρυττεν
1242 1107 1256 1121 ·
1286 1091 1406 1144 κατ’
1436 1091 1605 1159 αὐτὴν
1634 1090 1742 1159 γάρ
1776 1091 1867 1143 εύ-

294 1188 431 1251 θέως
460 1190 559 1257 τὴν
587 1186 779 1249 νύκτα,
823 1183 924 1254 τὴν
960 1180 1078 1251 μεθ’
1109 1183 1324 1252 ἡμέραν
1354 1183 1413 1232 έν
1512 1181 1864 1249 παρεγένετο,

291 1279 400 1349 πρὸ
428 1278 521 1330 τοῦ
550 1279 725 1346 τάφου
754 1276 862 1328 τῶν
894 1275 1063 1342 ἁγίων
1093 1274 1453 1353 κοιμώμενος.
1498 1271 1715 1334 τούτους
1744 1272 1864 1342 βλέ-

293 1385 385 1421 πει
414 1367 701 1437 προϊόντας
731 1367 854 1428 τοὺς
887 1366 1189 1434 μάρτυρας,
1223 1363 1318 1415 καὶ
1344 1362 1479 1433 πρὸς
1509 1363 1668 1415 αὑτὸν
1699 1364 1866 1433 ἤκουε

291 1461 552 1528 λέγοντας
576 1476 592 1492 ·
639 1457 898 1520 ’Δναστὰς
927 1455 1195 1518 ἐντεῦθεν,
1230 1455 1474 1523 Εύγένιε,
1496 1455 1627 1525 πρὸς
1648 1457 1746 1524 τὴν
1769 1455 1868 1528 σὴν

291 1552 479 1605 ἑστίαν
528 1549 812 1619 άπάδραμε
836 1565 850 1578 ·
898 1548 1006 1600 ἰδοὺ
1037 1548 1143 1616 γάρ
1178 1563 1236 1599 σε
1267 1546 1332 1598 δι’
1359 1546 1515 1616 ἡμῶν
1558 1547 1586 1598 ὁ
1632 1547 1867 1616 Χριστὸς

290 1643 675 1716 ἑθεράπευσεν,
702 1643 797 1693 καὶ
826 1640 923 1710 τὴν
954 1640 1108 1692 νόσον
1133 1634 1199 1709 ἦς
1228 1637 1390 1690 ἓνεκα
1424 1638 1558 1708 πρὸς
1587 1640 1737 1708 ἡμᾶς
1767 1635 1862 1709 ἦλ-

291 1733 384 1794 θες
432 1733 640 1786 ἰάσατο.
688 1728 964 1800 Ἐγερθεὶς
992 1725 1083 1780 οὖν
1121 1726 1353 1796 πορεύου
1386 1726 1521 1799 πρὸς
1547 1727 1861 1798 άφεδρῶνας

291 1825 370 1886 ὡς
411 1825 663 1892 τάχιστα,
702 1823 796 1874 καὶ
821 1822 999 1872 πᾶσαν
1026 1818 1121 1888 τὴν
1149 1820 1207 1871 ὲν
1237 1818 1320 1870 σοὶ
1350 1818 1704 1887 συναχθεῖσαν
1732 1818 1863 1889 ὓλην

289 1915 558 1970 ἀπόϐαλε.
602 1914 710 1967 Καὶ
752 1913 921 1966 ταῦτα
969 1912 1240 1979 λέγοντες,
1291 1911 1390 1981 τῆς
1441 1910 1535 1964 τοῦ
1584 1913 1891 1974 νοσοῦντος-

288 2006 500 2068 κοιλίας
528 2004 884 2075 προσέψαυον,
918 2001 993 2064 ὡς
1024 2001 1181 2078 δῇθεν
1225 2001 1388 2053 αὐτὸν
1430 2000 1860 2071 καταψήχοντες,

289 2100 366 2171 τῷ
393 2098 438 2154 δ’
463 2096 654 2166 ἀληθεῖ
683 2096 778 2165 τὴν
805 2092 1033 2162 ἐκϐολὴν
1077 2091 1541 2162 δημιουργοῦντες
1586 2094 1696 2156 τοῖς
1736 2091 1863 2146 66a-

295 2208 399 2244 σιν.

366 2282 534 2336 Τοῦτο
555 2278 804 2349 δρώντων
853 2277 1051 2344 αὐτῶν,
1094 2276 1170 2339 ὡς
1218 2275 1340 2346 μεθ’
1368 2276 1534 2331 ὕπνον
1566 2277 1775 2347 (ταυτὸν
1805 2278 1863 2332 δὲ

294 2379 389 2428 καὶ
435 2375 570 2445 μετὰ
610 2375 768 2425 νόσον
811 2369 1007 2440 είπεῖν)
1043 2368 1296 2436 Εύγένιος
1326 2369 1509 2437 ἔλεγεν
1541 2371 1728 2440 (μέχρι
1755 2370 1863 2442 γὰρ

291 2466 462 2520 ὖπνου
506 2466 577 2518 τά
623 2464 719 2534 τῆς
765 2462 919 2516 νόσου
969 2461 1325 2532 κεκράτηκε),
1353 2462 1550 2530 γύναια
1583 2461 1713 2532 τρία
1753 2461 1863 2515 τῶν

290 2556 590 2627 μαρτύρων
648 2553 867 2608 ὄπισθεν
900 2552 1163 2621 ἔκραζεν*
1200 2552 1356 2616 Τίνος
1410 2551 1632 2617 ἕνεκεν,
1693 2552 1860 2622 ἅγιοι,

287 2650 449 2717 ἡμεῖς
485 2648 583 2716 μὲν
614 2646 800 2715 χρόνον
829 2644 1023 2714 ἔχομεν
1048 2643 1235 2696 ἐνθάδε
1271 2642 1605 2713 καθήμεναι,
1628 2645 1722 2696 καὶ
1743 2646 1863 2708 ταῖς

287 2740 518 2809 πληγαῖ,
543 2735 873 2804 ὀδυνώμεναι
908 2734 1039 2804 (τῶν
1068 2734 1177 2803 γὰρ
1214 2735 1389 2785 ἐκεῖσε
1418 2735 1688 2802 κειμένων
1709 2734 1864 2803 ἐτύγ-

284 2827 558 2901 χανον,ὼς
591 2826 793 2889 ταύτας
827 2827 1040 2893 ἐπέγνω
1073 2824 1189 2893 μετ’
1207 2824 1336 2895 ὄναρ
1356 2826 1384 2877 ὁ
1413 2826 1743 2896 ἄρρωστος),
1768 2828 1865 2879 καὶ

286 2920 610 2989 νοσημάτων
629 2915 782 2970 οὔπω
806 2915 1158 2985 πεπαύμεθαο
1184 2912 1337 2978 οὗτος
1364 2916 1418 2969 δὲ
1443 2917 1567 2984 χθὲς
1594 2919 1862 2987 ἀφικόμε.

286 3027 397 3072 νος,
460 3009 554 3061 καὶ
605 3006 764 3060 πάθει
809 3006 1110 3076 τηλικούτῳ
1162 3007 1569 3077 κρατούμενος,
1623 3009 1864 3080 σήμερον

286 3100 516 3168 ἠξίωται
556 3097 795 3169 ῥώσεως,
832 3099 925 3151 καὶ
975 3101 1173 3169 χωρεῖν
1201 3099 1337 3152 οίκοι
1368 3098 1688 3165 κελεύεται;
1721 3102 1862 3171 Πρὸς

285 3192 353 3253 ἃς
387 3192 717 3263 στραφέντες
749 3191 797 3242 oi
830 3191 1124 3261 μάρτυρες,
1153 3191 1338 3259 φησὶν,
1374 3191 1511 3260 μετά
1543 3193 1722 3260 πάσης
1758 3193 1862 3244 άπ-

289 3283 573 3350 ελογοῦντο
633 3281 957 3352 πραότητος-ο
1014 3282 1126 3351 Οὐχ
1183 3283 1365 3352 ἡμεῖς,
1417 3276 1462 3334 ὦ
1509 3282 1728 3347 γύναια,
1762 3285 1862 3353 τῆς

288 3374 480 3442 frg/eia;
516 3374 867 3443 τγγχάνομεν
913 3372 1093 3443 κύριοι
1114 3414 1130 3436 ,
1177 3373 1311 3425 άλλά
1342 3373 1573 3442 Χριστὸς
1602 3376 1629 3425 6
1659 3374 1859 3443 προόο-

289 3465 414 3526 λεύς
438 3482 494 3518 τε
523 3464 614 3516 καὶ
632 3461 915 3531 πρύτανις.
947 3461 1322 3529 ’Δφικνοῦνταί
1350 3480 1493 3527 τινες
1516 3464 1862 3535 μακροτέρας

296 3557 539 3620 παιδείας
585 3555 853 3622 δεόμενοι,
892 3555 986 3607 καὶ
1036 3555 1199 3608 πάλιν
1250 3555 1427 3623 ἕτεροι
1459 3557 1858 3627 θεραπευθῆναι

299 3644 487 3698 θάττον
530 3646 830 3715 ὀφείλοντες
852 3658 866 3672 ·
908 3646 1068 3713 ἡμεῖς
1105 3646 1215 3713 γάρ
1248 3645 1387 3715 ὑπὲρ
1419 3645 1631 3698 πάντων
1660 3646 1860 3714 ὁμοίως

291 3735 390 3798 τὰς
436 3737 671 3796 ἱκετείας
716 3734 1097 3804 προσφέρομεν
1117 3751 1132 3766 ο
1172 3738 1263 3787 καὶ
1288 3733 1347 3787 ὃν
1375 3735 1442 3787 ἂν
1476 3736 1613 3805 πρὸς
1638 3736 1733 3789 τ.ῦ
1762 3738 1860 3789 Δε-

289 3827 489 3881 σπότου
539 3826 677 3879 Θεοῦ
725 3828 819 3879 καὶ
873 3827 1125 3897 Σωτῆρος
1161 3825 1332 3893 Ἰησοῦ
1382 3827 1621 3898 Χριστοῦ
1666 3827 1860 3883 κελευο

286 3917 572 3987 σθείημεν,
600 3916 788 3969 τοῦτον
833 3915 1268 3987 θεραπεύσαντες
1321 3917 1481 3980 εὐθὺς
1527 3918 1854 3990 ἀπολύομεν.

283 4005 486 4061 Τοῦτον
511 4003 601 4060 οὖν
631 4008 724 4059 καὶ
749 4009 903 4076 ὑμεῖς
934 4008 1030 4060 σὺν
1060 4010 1190 4078 ἡμῖν
1233 4009 1568 4075 ἱκετεύσατε,
1619 4011 1706 4066 ἵνα
1757 4014 1857 4082 τὴν

260 4097 445 4165 “χάριν
497 4096 767 4165 παράσχοι
817 4095 926 4148 τῶν
982 4096 1264 4165 ὑμετέρων
1302 4100 1610 4167 αίτήσεωνυ
1658 4100 1753 4152 καὶ
1805 4102 1856 4153 εί
1912 4156 1917 4167 ,

284 4185 748 4255 σπλαγχνισθείη,
795 4187 888 4238 καὶ
936 4187 1092 4255 μόνον
1140 4186 1393 4239 κελεῦσαι
1447 4187 1853 4253 καταξιώσειεν,

280 4276 493 4345 ταχέως
525 4278 681 4346 ἡμεῖς
713 4278 996 4347 πληρωταὶ
1020 4277 1128 4330 τῶν
1156 4277 1313 4330 θείων
1350 4277 1513 4331 αὐτοῦ
1547 4278 1855 4350 θεσπισμά-

276 4386 391 4420 των
423 4369 751 4438 γιγνόμεθαο
781 4364 842 4422 οὗ
874 4371 1044 4439 χωρὶς
1086 4369 1444 4432 ἑπινεύσεως,
1477 4369 1601 4422 οὕτε
1638 4374 1857 4439 κρατεῖν
1890 4384 1932 4437 υ

279 4455 406 4510 οὔτε
438 4458 691 4510 ἀπολύειν
715 4461 840 4521 τοὺς
865 4461 1000 4529 πρὸς
1033 4461 1179 4530 ἡμᾶς
1207 4458 1531 4529 ἐρχομένους
1556 4460 1852 4530 δυνάμεθα.

277 4548 392 4602 Καὶ
418 4548 595 4603 ταῦτα
628 4552 725 4620 μὲν
754 4553 803 4602 οἱ
830 4552 1109 4603 θεσπέσιοι
1144 4551 1422 4621 μάρτυρες
1463 4552 1598 4621 πρὸς
1640 4556 1735 4615 τάς
1764 4571 1860 4618 γυ-

277 4642 473 4705 ναῖκας
514 4640 864 4709 ἐφθέγξαντο.

354 4732 563 4785 ’Ὕπνου
609 4734 665 4786 δὲ
712 4733 806 4786 καὶ
859 4733 1192 4804 στρωμάτων
1239 4734 1478 4797 ἀναστὰς
1521 4735 1548 4786 ὁ
1580 4735 1855 4803 Εὑγένιος,

278 4824 415 4895 πρὸς
443 4824 759 4895 ἀφεὸριῖινας
800 4824 1121 4888 ἐσπούδαζε,
1157 4825 1407 4878 σπεύδειν
1432 4828 1594 4879 αὑτὸν
1625 4826 1724 4896 τῆς
1755 4844 1856 4896 γα-

280 4917 438 4987 στρὸς
468 4917 602 4985 πρὸς
628 4916 689 4968 τὸ
723 4917 1059 4988 μαρτυρικὸν
1092 4917 1508 4986 ἀναγκαζούσης
1552 4919 1854 4990 ἐπίταγμα.

281 5008 387 5059 Καὶ
417 5010 475 5058 ἐν
507 5008 718 5069 τούτοις
752 5008 1063 5077 γενόμενος,
1114 5008 1335 5063 ἃπασαν
1382 5010 1545 5073 εὐθὺς
1591 5009 1687 5080 τὴν
1723 5009 1856 5081 ὓλην

279 5095 401 5169 [τὴν
450 5100 507 5149 ἐν
535 5100 636 5168 μιᾷ
661 5097 851 5168 χρόνου
872 5101 1074 5169 στιγμῇ
1107 5100 1502 5168 προσεκένωσεο
1529 5101 1620 5152 καὶ
1651 5100 1857 5170 ταύτην

270 5187 553 5253 κενωθεὶς,
574 5189 645 5251 ὡς
663 5190 990 5260 ειρήκαμεν,
1009 5194 1036 5242 ὁ
1054 5192 1272 5244 πάντων
1288 5189 1543 5266 εἰσελθὼν
1562 5192 1687 5245 ὅσον
1721 5194 1857 5264 πρὸς

273 5273 413 5341 εἶδος
457 5280 784 5351 παχύτερος,
828 5281 964 5335 πολὺ
1000 5282 1209 5334 πολλῶν
1243 5282 1431 5351 ἐξῆλθε
1468 5284 1580 5336 τῶν
1611 5285 1857 5355 ἀφεδρῶ-

271 5388 378 5423 νων
414 5372 741 5442 ίσχνότερος.
790 5375 1008 5427 Μᾶλλον
1049 5374 1105 5428 δὲ
1144 5376 1419 5429 κάνταῦθα
1467 5376 1779 5448 σύμμετρος
1827 5381 1856 5432 ὀ

272 5466 591 5535 γεωμέτρης
642 5466 891 5538 ἐξεθορε’
946 5468 1108 5537 μόνον
1169 5468 1277 5538 γάρ
1327 5470 1425 5538 τῆς
1479 5470 1713 5541 γαστρὸς
1760 5473 1852 5525 τὸν

270 5555 438 5622 δγκον
466 5556 621 5628 ἔσχεν
652 5559 982 5630 ἀμέτρητον,
1010 5559 1106 5612 καὶ
1134 5559 1223 5645 τὸν
1256 5560 1448 5633 καιρὸν
1486 5562 1586 5635 τῆς
1635 5562 1850 5627 ίάσεως,

268 5646 363 5699 τὸν
412 5649 510 5719 μὲν
558 5649 642 5702 δια
677 5651 879 5721 πολλὴν
914 5652 1053 5707 πάνυ
1087 5652 1421 5723 βραχύτητα,
1455 5652 1545 5708 τὸν
1577 5653 1632 5707 δὲ
1663 5654 1749 5708 διά
1794 5654 1852 5709 τὸ

1968 456 2066 519 sis,
2096 455 2196 512 hos
2230 473 2295 512 ex
2327 461 2447 515 solo
2470 461 2658 516 auditu
2686 465 2853 519 veluti
2894 475 3149 539 potentes
3173 471 3358 541 elegit.

2038 713 2226 781 itaque
2252 730 2375 769 cum
2429 719 2663 775 venisset
2729 725 2793 777 ad
2852 736 3164 782 sanctormn
3231 730 3533 785 remedium

1968 808 2387 873 capessendum,
2423 814 2567 879 quod
2596 829 2757 869 omne
2807 820 3023 872 trrdium
3057 821 3379 877 etdit'ersas
3410 838 3535 893 pas-

1969 893 2156 951 siones
2203 898 2472 968 abigehat.
2504 907 2880 972 ettpcrimento
2918 912 3131 975 didicit,
3168 914 3311 981 quod
3344 915 3534 969 auditu

1968 992 2094 1037 ante
2150 991 2460 1054 passionem
2505 1009 2856 1064 cognoverat.
2910 1000 2973 1053 Et
3012 1003 3153 1068 sicut
3201 1005 3533 1069 audivimus,

1970 1076 2040 1127 ita
2068 1087 2119 1129 et
2141 1079 2396 1147 vidimus,
2417 1101 2538 1139 cum
2570 1089 3156 1148 tnodnlatorealtisone
3184 1098 3533 1165 prazrlicabat.

1968 1161 2167 1218 Eadem
2212 1172 2413 1239 quippe
2446 1177 2709 1229 continuo
2760 1193 2941 1246 nocte,
2974 1193 3094 1251 post
3122 1161 3262 1239 diem
3306 1202 3411 1255 qua
3442 1202 3532 1242 ve-

1969 1265 2143 1321 nerat,
2205 1272 2326 1312 cum
2377 1272 2504 1317 ante
2558 1269 2870 1336 sepulcrum
2919 1282 3229 1328 sanctorum
3251 1277 3534 1342 dormiret,

1968 1345 2069 1401 hos
2104 1349 2246 1403 videt
2282 1356 2576 1421 procedere
2621 1370 2907 1431 martyres,
2943 1373 2996 1417 et
3030 1364 3215 1420 dicere
3251 1368 3355 1422 sibi
3381 1367 3538 1421 audi-

1970 1438 2093 1491 vit:
2136 1437 2308 1510 Surge
2350 1444 2497 1509 hinc,
2552 1447 2783 1519 Eugeni,
2851 1454 2917 1507 ad
2981 1462 3241 1526 tuamque
3302 1458 3528 1513 domum

1969 1532 2253 1596 regredere
2283 1548 2296 1584 :
2333 1547 2462 1588 ecce
2495 1537 2640 1589 enim
2665 1546 2716 1591 te
2756 1555 2850 1606 per
2885 1556 2984 1595 nos
3023 1542 3275 1599 Christus
3301 1547 3534 1613 curavit,

1968 1626 2022 1672 et
2074 1622 2416 1690 languorem,
2453 1635 2676 1695 propter
2721 1645 2880 1697 quem
2910 1632 2976 1684 ad
3006 1648 3104 1687 nos
3136 1636 3353 1698 venisti,
3374 1650 3538 1691 sana-

1967 1707 2061 1761 vit.
2091 1706 2331 1778 Surgens
2358 1727 2489 1782 ergo
2519 1717 2586 1769 ad
2612 1733 2887 1773 secessum
2912 1727 3239 1791 quantocius
3263 1741 3494 1795 prepera
3516 1742 3535 1793 ;

1965 1806 2019 1851 et
2063 1798 2246 1855 facem
2306 1818 2522 1859 onmem
2589 1825 2710 1878 qua:
2743 1812 2795 1865 in
2832 1823 2883 1867 te
2911 1815 3139 1869 collecta
3199 1826 3302 1881 est,
3360 1818 3535 1874 abice.

1965 1885 2031 1940 Et
2059 1905 2182 1943 cum
2237 1892 2351 1946 haec
2379 1895 2644 1963 dicerent,
2673 1912 2917 1956 ventrem
2956 1907 3254 1973 tetigerunt
3273 1909 3540 1978 languen-

1965 1980 2056 2042 tis,
2096 1984 2241 2036 hune
2292 1989 2448 2055 quasi
2487 1988 2766 2059 fricantes,
2817 1996 2910 2049 sed
2948 1997 3001 2050 in
3028 1999 3254 2053 veritate
3286 2001 3536 2054 morbum

1963 2072 2304 2141 aegritudinis
2360 2078 2733 2147 insequentes,
2786 2092 2839 2137 et
2869 2100 3135 2154 aquarum
3172 2087 3534 2157 abjeCtionem

1963 2163 2259 2218 salubriter
2283 2179 2593 2235 operantes.

2034 2253 2170 2308 Cum
2208 2265 2389 2310 autem
2425 2260 2528 2314 hoc
2570 2272 2844 2330 gererent,
2871 2272 2938 2344 .ut
2988 2278 3110 2335 post
3141 2269 3412 2324 somnium
3456 2268 3534 2340 (id

1966 2346 2143 2416 ipsum
2175 2358 2259 2402 est
2296 2351 2341 2403 si
2393 2350 2643 2408 dicamus
2692 2363 2815 2424 post
2855 2357 3195 2428 languorem,
3240 2377 3413 2431 usque
3470 2363 3537 2416 ad

1965 2452 2215 2492 somnum
2271 2440 2473 2512 quippe
2530 2458 2590 2497 se
2633 2445 2862 2516 languor
2917 2450 3216 2519 obtinuit),
3261 2451 3538 2523 Engenius

1964 2532 2261 2594 asserebat,
2300 2534 2556 2588 mulieres
2592 2543 2702 2590 tres
2730 2539 3040 2593 clamabant
3065 2551 3186 2610 post
3218 2555 3486 2615 martyres
3515 2564 3528 2598 :

1963 2619 2352 2689 Quamobrem,
2391 2626 2586 2692 sancti,
2618 2642 2717 2683 nos
2762 2644 2965 2684 annum
3022 2634 3108 2687 hic
3153 2636 3418 2691 habemus
3452 2653 3540 2691 se-

1963 2708 2175 2772 dentes,
2213 2712 2510 2781 plagasque
2538 2713 2785 2771 dolentes
2822 2721 2907 2788 (ex
2936 2721 3046 2774 illis
3075 2723 3217 2774 enim
3241 2732 3398 2777 erant
3420 2740 3541 2794 quae

1964 2797 2369 2866 illiejacebant,
2406 2813 2461 2854 ut
2499 2803 2597 2858 has
2637 2814 2759 2874 post
2809 2810 3083 2861 somnium
3108 2818 3423 2880 recognovit
3459 2815 3538 2866 in-

1966 2886 2195 2958 firmus),
2225 2900 2279 2944 et
2304 2907 2413 2962 pra:
2443 2893 2798 2964 languoribus
2834 2901 3076 2968 requiem
3109 2916 3216 2955 no.1
3251 2903 3539 2967 habemus,

1966 2989 2020 3032 et
2054 2980 2155 3035 iste
2189 2986 2280 3051 qui
2309 2985 2425 3037 heri
2452 2986 2621 3052 venit,
2659 2997 2711 3040 et
2747 2991 3006 3057 passione
3036 3001 3186 3045 tanta
3225 2997 3538 3062 tenebatur,

1972 3071 2130 3127 hodie
2156 3076 2392 3130 sanitate
2421 3074 2621 3146 dignus
2640 3078 2892 3144 eilicitur,
2918 3093 2972 3136 et
2996 3083 3216 3138 domum
3233 3086 3383 3141 abire
3404 3104 3540 3157 prte-

1969 3165 2205 3232 cipitur?
2231 3166 2311 3218 Ad
2334 3183 2473 3235 quas
2508 3181 2778 3242 martyres
2805 3175 2962 3243 quasi
2987 3177 3237 3230 conversi
3270 3193 3393 3231 cum
3423 3197 3540 3232 om-

1971 3251 2024 3304 ni
2056 3257 2473 3312 mansuetudine
2505 3262 2909 3329 respondebant
2940 3281 2955 3317 :
2984 3265 3103 3320 Non
3129 3283 3248 3333 nos,
3276 3285 3308 3320 ο
3343 3272 3540 3325 mulie-

1968 3355 2078 3406 res,
2102 3346 2356 3401 sanitatis
2393 3348 2599 3404 domini
2640 3368 2852 3416 smnus,
2900 3359 2995 3411 sed
3034 3358 3287 3413 Christus
3324 3362 3415 3429 qui
3455 3371 3540 3415 est

1967 3433 2219 3499 provisor
2249 3444 2302 3488 et
2325 3445 2532 3492 custos.
2574 3438 2808 3495 Veniunt
2843 3445 3011 3514 igitur
3037 3447 3125 3500 hic
3159 3450 3384 3516 quidam
3421 3466 3528 3518 pro

1968 3522 2179 3577 lixioris
2207 3528 2590 3596 castigationis
2629 3544 2874 3600 egentes,
2908 3545 2962 3589 et
2997 3552 3193 3592 rursus
3221 3540 3311 3590 alii
3357 3542 3538 3594 curari

1965 3615 2075 3667 cito
2097 3615 2390 3683 debentes;
2422 3634 2522 3675 nos
2549 3623 2694 3676 enim
2717 3627 2976 3680 similiter
3010 3644 3110 3696 pro
3134 3631 3391 3685 omnibus
3410 3647 3539 3700 sup-

1965 3706 2286 3775 plicationes
2312 3709 2615 3777 oﬂerituus,
2643 3724 2697 3768 et
2714 3732 3101 3789 quemcunque
3132 3736 3162 3775 a
3187 3722 3539 3781 dontinatore

1966 3793 2076 3850 Deo
2103 3810 2168 3849 ac
2201 3796 2488 3855 Salvatore
2537 3812 2729 3858 nostro
2762 3804 2891 3861 Jesu
2924 3807 3149 3865 Christo
3184 3813 3329 3880 jussi
3372 3815 3531 3869 fueri-

1963 3904 2087 3946 mus
2115 3906 2331 3957 curare,
2362 3896 2508 3950 lmnc
2559 3911 2813 3957 sanatum
2861 3904 3149 3961 confestim
3185 3908 3538 3965 dimittimus.

1963 3983 2120 4036 Hunc
2154 3999 2283 4055 ergo
2302 3994 2356 4042 et
2381 4002 2479 4043 vos
2499 4006 2601 4043 una
2625 3994 2910 4050 nobiscum
2938 4008 3184 4066 exorate,
3217 4008 3275 4054 ut
3305 4003 3537 4072 gratiam

1962 4088 2270 4133 vestrarum
2331 4083 2538 4137 tribuat
2585 4088 2931 4157 sanitatum;
2977 4099 3031 4145 et
3067 4094 3111 4147 si
3159 4095 3540 4152 misericordia

1964 4177 2143 4224 motus
2172 4179 2383 4226 tantum
2434 4174 2596 4230 fuerit
2642 4178 2833 4247 jubere
2864 4183 3142 4254 dignatus,
3197 4189 3405 4244 celeres
3439 4204 3539 4243 nos

1961 4264 2322 4330 completorcs
2358 4266 2664 4324 divinorum
2697 4273 2816 4341 ejus
2846 4276 3188 4333 decretorum
3216 4280 3534 4344 elliriemur.

1962 4354 2080 4408 sine
2127 4356 2284 4424 cujus
2325 4371 2454 4411 nutu
2494 4377 2670 4430 neque
2701 4373 2887 4422 tenere
2935 4386 3109 4440 neque
3160 4374 3433 4428 dimittere
3466 4375 3535 4429 ad

1961 4461 2062 4500 nos
2105 4451 2383 4504 venientes
2436 4454 2699 4510 valemus.
2762 4456 2829 4511 Et
2883 4461 2995 4515 hare
3054 4463 3275 4531 quidem
3332 4468 3534 4537 egregii

1960 4549 2231 4612 martyres
2263 4545 2329 4598 ad
2358 4547 2616 4603 mulieres
2648 4550 2770 4605 illas
2791 4552 2938 4607 allati
2961 4566 3112 4610 sunt.

2027 4722 2162 4778 Cum
2212 4735 2390 4780 autem
2441 4743 2471 4781 a
2505 4744 2699 4784 somno
2739 4741 2791 4786 et
2842 4736 3157 4789 stramentis
3207 4741 3536 4796 surrexisset

1962 4817 2261 4887 Eugenius,
2297 4820 2361 4872 ad
2397 4820 2625 4874 latrinas
2646 4820 3013 4887 accelerabat,
3043 4826 3190 4880 hunc
3225 4831 3535 4884 accelerare

1961 4921 2151 4963 ventre
2181 4912 2245 4963 ad
2279 4913 2633 4981 ntartyricutn
2658 4925 2890 4982 cogente
2923 4928 3280 4987 pra-ceptum.
3306 4921 3374 4973 Et
3406 4938 3532 4974 cum

1956 5002 2020 5053 ad
2054 5000 2153 5054 has
2176 5003 2533 5069 pervenisset,
2565 5018 2781 5057 omnem
2811 5008 3078 5060 continuo
3112 5009 3319 5071 limum,
3358 5011 3450 5079 qui
3476 5014 3532 5067 in

1957 5109 2023 5148 eo
2060 5095 2266 5147 diutius
2298 5092 2498 5158 fuerat,
2534 5111 2645 5148 uno
2674 5109 2878 5165 puncto
2909 5100 3174 5168 temporis
3206 5102 3529 5157 exinanivit.

1959 5182 2022 5235 Et
2071 5184 2194 5246 hoc,
2225 5194 2284 5239 ut
2320 5186 2585 5252 diximus,
2618 5176 3041 5259 exinattito,'qtti
3077 5193 3328 5247 omnibus
3359 5195 3534 5248 intra-

1956 5280 2030 5331 vit
2064 5288 2328 5346 quantum
2379 5278 2445 5331 ad
2501 5280 2736 5347 speciem
2780 5283 3060 5349 grassior,
3113 5286 3295 5339 multis
3340 5288 3528 5353 exivit,

1954 5379 2255 5425 evaenaute
2305 5385 2364 5424 se
2412 5384 2654 5432 secessu,
2703 5374 2983 5442 gracilior.
3042 5375 3152 5429 ltno
3195 5386 3250 5431 et
3294 5378 3374 5433 sic
3404 5396 3532 5451 geo-

1959 5472 2127 5516 metra
2163 5462 2263 5515 ism
2290 5462 2536 5531 pristina:
2561 5478 2831 5519 mensurae
2865 5466 3114 5521 redditus
3139 5470 3417 5540 exsilivit;
3440 5489 3532 5528 so-

1956 5559 2064 5611 lum
2104 5574 2340 5629 namque
2392 5559 2599 5615 ventris
2640 5559 2833 5616 habuit
2880 5568 3173 5627 tumorem,
3222 5571 3275 5618 et
3315 5572 3533 5637 tempus

1954 5652 2208 5707 sanitatis
2258 5653 2581 5709 immensum
2613 5669 2626 5719 ;
2661 5653 2766 5711 hoc
2796 5653 3019 5727 quidem
3057 5659 3127 5711 ob
3160 5659 3381 5713 multam
3425 5676 3535 5733 op-
