4020 6200
241 246 386 315 3589

1276 245 1381 307 SS.
1420 246 1596 307 CYRI
1628 245 1724 307 ET
1761 244 2083 307 JOANNIS
2108 244 2525 307 MIRACULA.

3370 258 3520 319 3590

240 357 504 428 εὐπορίαν
550 355 686 427 πρὸς
728 356 830 427 τὴν
877 353 988 410 τῶν
1032 354 1236 408 λοιπῶν
1266 355 1567 425 θαυμάτων
1595 356 1828 423 ἀπαγγει

1948 368 2048 415 tos.
2083 365 2136 410 et
2168 348 2488 411 sermonum
2534 357 2870 426 opulentiam
2905 362 2972 416 ad
3001 362 3340 432 reliquorum
3374 365 3523 421 reci-

243 447 365 506 ὶίαν
398 449 743 519 αἰτήσαντες,
786 445 884 500 σὺν
924 445 1205 517 προθυμίᾳ
1240 445 1446 517 ταύτης
1483 446 1756 518 ἐχώμεθα.

315 652 449 706 MA'.
470 649 608 718 Περί
643 651 869 716 ’Δγ-γης
897 647 1009 717 τῆς
1028 649 1401 717 μοναστρίας
1428 649 1560 718 τρία
1586 662 1760 705 κατα-

342 764 355 773 .
728 721 991 786 «totone
1014 719 1363 787 σαμαμίθια.

1284 734 1363 773 ια.

342 764 355 773 .
728 721 991 786 modone
1014 734 1179 787 σαμα

319 811 432 883 Πρὸ
461 809 613 865 τοῦδε
671 811 809 883 πρὸς
847 808 1034 883 χώραν
1064 810 1234 880 ἄλλην
1274 811 1369 863 καὶ
1396 809 1552 864 πόλιν
1578 809 1835 864 εἰσέλθω-

255 905 409 977 μενῆ
442 905 638 976 κώμην
687 905 887 974 ἑτέραν
912 902 1283 975 μετέλθωμεν,
1311 902 1492 971 λέγειν
1524 903 1675 956 ἐστὶν
1697 902 1833 956 ἀκό-

247 995 437 1050 λουθον
468 998 560 1051 καὶ
576 996 768 1067 θαῦμα
787 996 997 1067 ἕτερον,
1017 995 1112 1048 καὶ
1133 995 1276 1063 τάχα
1292 993 1385 1047 τοῦ
1418 994 1828 1065 προῤῥηθέντος

250 1087 571 1157 ὑπέρτερον,
604 1085 634 1139 δ
662 1085 793 1157 παρ’
815 1084 997 1139 αὐτῶν
1029 1083 1192 1137 πάλιν
1220 1083 1329 1136 τών
1349 1082 1521 1150 ἁγίων
1549 1082 1834 1153 προελθεῖν

249 1177 345 1230 ἐπὶ
383 1177 685 1249 μοναστρίᾳ
713 1175 823 1229 τινὶ
864 1175 964 1246 τὴν
994 1175 1169 1244 αὐτὴν
1203 1173 1428 1246 οἰκούσῃ
1467 1172 1663 1243 κώμην
1693 1174 1834 1244 ἐμά-

249 1271 438 1341 θομεν.
491 1271 599 1323 Καὶ⁵
629 1271 872 1339 λέξωμεν
894 1267 1031 1323 Θεοῦ
1052 1268 1114 1321 τὸ
1135 1268 1313 1335 λέγειν
1348 1266 1702 1338 παρέχοντος,
1736 1266 1833 1320 καὶ

246 1365 376 1425 τοὺς
402 1363 502 1429 τῆς
523 1363 693 1432 αὐτῆς
732 1362 923 1431 κώμης
956 1362 1249 1432 οἰκήτορας
1268 1360 1513 1429 ἀλλήλων
1550 1358 1833 1423 παντελῶς

245 1452 311 1505 οὐ
341 1451 665 1523 χωρίσωμεν
690 1467 704 1482 ·
754 1452 802 1504 εἰ
825 1451 918 1504 καὶ
959 1451 1164 1522 Πέτρου
1195 1449 1417 1513 τούτους
1437 1448 1742 1519 διαστῆσαι,
1773 1449 1833 1503 δν

249 1545 360 1615 πρὸ
386 1542 584 1616 μικροῦ
606 1543 961 1613 παρεθέμεθα
992 1542 1094 1611 τῆς
1128 1542 1387 1613 ρηθείσης
1418 1541 1613 1612 κώμης
1649 1541 1832 1613 ὑπάρ-

244 1652 436 1706 χοντα,
464 1635 625 1705 ἑτέρα
660 1651 745 1698 τις
777 1635 919 1705 ἡμᾶς
950 1634 1338 1703 κατηνάγκασε
1378 1634 1672 1703 πρόφασις.

1931 449 2197 501 tationem
2232 449 2631 503 miraculorum
2661 449 3050 522 efﬂagitantes,
3071 453 3214 509 hanc
3242 471 3369 511 cum
3407 457 3525 512 aia-

1934 542 2132 594 critate
2170 542 2645 597 continuabimus.

1934 648 2119 706 XLIV.
2149 650 2227 706 De
2275 654 2430 706 Anna
2482 650 2683 708 ancilia
2725 652 2978 728 D‘eirqme
3023 657 3128 710 tria
3174 655 3521 728 deglutt'rerat

1986 753 1997 763 ι
2544 725 2913 779 samamithia.

2009 817 2323 886 Antequam
2363 815 2431 869 ad
2463 816 2743 887 regionem
2789 817 2976 881 aliam,
3012 815 3398 872 velcivitatem
3427 829 3523 873 aut

1937 910 2227 965 castellum
2269 910 2568 964 transitum
2623 908 2915 974 faciamus,
2949 923 3293 979 consequens
3339 922 3423 966 est
3464 923 3524 965 ut

1936 1010 1991 1057 et
2039 1001 2189 1055 aliud
2234 1001 2487 1056 dicamus
2533 1002 2884 1068 miraculum,
2920 1013 2975 1057 et
3014 1003 3158 1062 forte
3198 1005 3522 1074 praecedenti

1937 1093 2260 1158 sublimius,
2309 1093 2457 1163 quod
2510 1095 2580 1149 ab
2626 1095 2765 1164 ipsis
2804 1094 3003 1150 iterum
3048 1098 3265 1157 sanctis
3309 1108 3524 1169 gestum

1938 1186 2109 1241 fuisse
2159 1186 2216 1240 in
2249 1187 2487 1256 quadam
2529 1187 2727 1241 ancilla
2764 1187 2859 1243 Dei
2906 1188 3155 1257 ejusdem
3198 1191 3525 1246 habitatrice

1936 1277 2099 1339 villae,
2135 1276 2453 1332 didicimus.
2481 1276 2548 1331 Et
2575 1278 2845 1342 dicemus,
2871 1278 2982 1332 Deo
3018 1280 3280 1350 largiente
3304 1281 3525 1335 dicendi

1934 1369 2213 1434 eli‘ectum,
2245 1378 2300 1424 et
2334 1369 2681 1425 habitatores
2711 1371 2956 1440 ejusdem
2989 1372 3129 1426 villa-
3155 1388 3263 1428 non
3301 1388 3526 1443 separa-

1933 1461 2115 1516 bimus
2148 1476 2378 1531 prorsus
2412 1462 2482 1516 ab
2518 1460 2754 1516 invicem
2777 1478 2792 1526 ;
2814 1463 2941 1518 licet
2964 1462 3186 1517 Petrum
3210 1479 3372 1534 quem
3398 1473 3526 1519 ante

1935 1554 2101 1623 paulo
2136 1554 2672 1620 commendavimus,
2696 1570 2724 1607 a
2753 1554 2866 1622 jam
2887 1555 3034 1610 dicta
3061 1556 3187 1611 villa
3215 1571 3522 1622 secernere,

1932 1646 2037 1699 alia
2067 1661 2169 1701 nos
2193 1646 2374 1716 coegit
2402 1646 2652 1717 quaedam
2680 1646 2921 1700 occasio.

322 1725 398 1780 Τὸ
441 1726 765 1800 Ἡράκλειον
794 1704 957 1779 τοῦτο
1003 1726 1306 1796 κτημάτιον
1329 1724 1464 1797 ᾤκει
1509 1725 1826 1796 μονάστρια,

2010 1738 2369 1794 Heracliense
2416 1738 2522 1794 hoc
2564 1738 2827 1808 praedium
2870 1739 3072 1794 ancilla
3101 1737 3198 1793 Dei
3239 1740 3394 1792 Anna
3427 1750 3529 1792 no-

246 1820 423 1872 Ἀννα
449 1819 545 1890 μὲν
562 1818 819 1887 τοῦνομα,
854 1817 973 1887 μετ’
994 1817 1167 1872 ἄλλων
1190 1817 1247 1871 δὲ
1272 1816 1558 1888 παρθένων
1595 1817 1832 1872 ἐποιεῖτο

246 1911 350 1983 τὴν
380 1912 615 1980 οίκησιν.
653 1908 822 1964 Ἑτῶν
850 1908 960 1980 γάρ
988 1903 1056 1980 ἦν
1080 1907 1213 1962 ὡσεὶ
1248 1907 1481 1973 δώδεκα,
1508 1908 1541 1977 ἢ
1572 1908 1669 1961 καὶ
1702 1906 1831 1961 τοῦ-

245 2018 341 2055 τον
377 2001 506 2071 ἔσχε
555 1999 648 2053 τὸν
686 1999 876 2071 χρόνον
921 1997 1184 2052 ἐλάττονα
1209 2015 1223 2030 ·
1257 1998 1382 2069 ητις
1416 1998 1604 2068 ἡλικία
1645 1997 1831 2069 μένειν

246 2092 334 2161 ἐφ’
366 2092 535 2161 ἑαυτῇ
565 2088 636 2143 δι’
659 2089 920 2161 ἀπειρίαν
946 2089 1009 2142 οὐ
1042 2086 1289 2150 δύναται,
1325 2088 1422 2142 καὶ
1451 2088 1544 2142 νοῦ
1568 2089 1665 2142 καὶ
1699 2106 1832 2160 φρε-

248 2182 358 2236 νῶν
396 2182 699 2253 ὀλιγότητι.
764 2181 891 2246 Πῶς
931 2180 1042 2253 γάρ
1069 2181 1097 2233 ὁ
1139 2179 1379 2244 τοιοῦτος
1412 2181 1473 2234 οὐ
1505 2180 1646 2253 πρὸς
1690 2177 1831 2252 αἷμα

252 2273 352 2327 καὶ
389 2273 585 2345 σάρκα,
635 2273 772 2327 ἀλλὰ
804 2273 943 2345 πρὸς
971 2273 1074 2338 τὰς
1096 2273 1270 2344 ἀρχὰς
1298 2273 1393 2327 καὶ
1423 2272 1525 2337 τὰς
1577 2271 1829 2340 ἐξουσίας

254 2364 349 2418 καὶ
384 2366 509 2428 τοὺς
539 2364 991 2436 κοσμοκράτορας
1013 2365 1108 2419 τοῦ
1147 2366 1342 2427 αἰῶνος
1369 2363 1582 2426 τούτου,
1631 2364 1727 2416 κειιί¹
1759 2362 1829 2418 τὰ

250 2454 596 2524 πνευματικὰ
620 2456 718 2525 τῆς
748 2448 1014 2527 πονηρίας
1040 2457 1376 2522 παλαίσειεν,
1400 2455 1500 2523 τὴν
1524 2455 1704 2526 πάλην
1730 2451 1830 2527 τὴν

249 2547 387 2618 πρὸς
414 2548 612 2612 αὐτοὺς
649 2548 1065 2619 ἀναδεξάμενος,
1103 2551 1151 2602 εἰ
1200 2548 1297 2602 τοῦ
1351 2547 1829 2619 παιδοτριϐοὖντος

247 2641 613 2712 χηρεύσειενς
650 2642 685 2713 ἢ
735 2643 853 2707 πῶς
889 2643 1145 2714 δαίμονος
1194 2643 1349 2715 γνοίη
1385 2643 1608 2697 ποικίλα
1671 2644 1831 2714 νοσή-

252 2750 419 2803 ματα,
470 2735 519 2786 εἰ
573 2734 646 2807 μὴ
696 2735 850 2805 σχοίη
881 2736 973 2791 τὸν
1000 2736 1180 2791 εἰδότα
1217 2735 1569 2804 διδάσκαλον;
1627 2735 1661 2806 ἢ
1711 2735 1828 2798 πῶς

248 2826 468 2894 ἀπάτην
508 2826 684 2895 ὄφεως
734 2828 826 2880 καὶ
872 2828 1206 2901 πανουργίαν
1234 2826 1554 2896 φυλάξαιτο,
1594 2827 1663 2899 ῆν
1716 2824 1826 2881 οὐδ’

250 2913 363 2967 Εὔα
394 2915 727 2987 χωρισθεῖσα
767 2919 963 2989 μικρὸν
1018 2919 1113 2971 τοῦ
1160 2919 1330 2989 Ἀδὰμ
1356 2918 1692 2988 ὲφυλάξατος
1726 2918 1828 2972 Διὰ

245 3006 421 3062 ταὸτα
464 3009 575 3078 γὰρ
607 3009 707 3079 τὴν
747 3010 1003 3081 παιδικὴν
1041 3010 1260 3081 ἠλικίαν
1288 3010 1411 3083 καθ’
1455 3012 1627 3081 αὐτὴν
1656 3012 1827 3064 οἰκεῖν

248 3101 348 3153 οὐκ
389 3100 694 3164 ἀκίνδυνον,
734 3102 830 3156 καὶ
868 3102 1104 3171 μάλιστα
1139 3102 1236 3173 τὴν
1278 3102 1416 3174 πρὸς
1446 3102 1702 3171 δαίμονας
1736 3099 1827 3153 τὸν

251 3190 487 3261 πόλεμον
531 3190 779 3260 ἔχουσαν,
831 3192 924 3245 καὶ
959 3192 1034 3263 μὴ
1078 3191 1385 3263 δυναμένην
1410 3193 1547 3255 ὅλως
1586 3192 1828 3263 τηρῆσαι

250 3282 663 3351 γιγνώσκουσαν
713 3284 955 3355 κεφαλὴν
1006 3283 1184 3352 ὄφεως
1212 3284 1398 3356 ἠρέμα
1433 3301 1549 3347 πως
1582 3282 1829 3337 εἰσελαύ-

249 3392 469 3442 νουσαν,
515 3374 550 3446 ἢ
600 3375 836 3448 πτέρναν
884 3378 984 3449 τὴν
1026 3377 1234 3432 οἰκείαν
1282 3376 1430 3448 αὐτῷ
1484 3378 1829 3448 τηρουμένην

257 3468 661 3523 σκεπάσασθαι.

335 3752 495 3806 Ὅθεν
542 3756 576 3825 ἠ
623 3754 876 3839 παροῦσα
920 3752 1220 3826 μονάστρια
1262 3752 1566 3844 νηπιώδους
1615 3754 1831 3844 ἡλικίας

255 3846 618 3916 τυγχάνουσα,
640 3848 734 3900 καὶ
766 3849 899 3917 πρὸς
927 3846 1075 3918 ὥραν
1104 3847 1212 3899 τῶν
1239 3849 1393 3915 ἄγειν
1414 3847 1723 3919 δυναμένων
1745 3843 1832 3901 οἶα

258 3936 545 4007 συμϐαίνει
597 3937 933 4008 χηρεύσασα’
976 3937 1150 4007 καινῷ
1187 3937 1341 4009 δεινῷ
1389 3939 1830 4010 περιπέπτωκεν,

250 4023 299 4097 (ἶ)
330 4029 577 4093 διάϐολος
623 4031 759 4102 αὐτῇ
810 4031 1230 4102 προευτρέπισε,
1279 4032 1373 4084 καὶ
1419 4031 1589 4102 μόνην
1630 4032 1828 4103 εὑρὼν,

251 4121 429 4192 τούτῳ
456 4122 532 4190 τῷ
551 4122 736 4194 τρόπῳ
761 4124 896 4194 πρὸς
916 4123 1145 4179 θάνατον
1169 4122 1356 4195 ἤλασε.
1381 4124 1699 4178 Μονωϐεἰσα
1724 4123 1832 4197 γὰρ

250 4211 398 4282 αὕτη
422 4211 530 4265 τῶν
558 4213 754 4280 ἄλλων,
794 4208 884 4267 οἷα
919 4215 1204 4286 μειράκιον
1229 4217 1297 4269 τὰ
1322 4215 1622 4287 μειρακίων
1643 4216 1827 4287 διήνυε

255 4305 503 4370 παίγνια.
534 4305 800 4374 καλάμοις
821 4307 929 4358 τισὶ
952 4306 1049 4378 τὴν
1073 4307 1202 4377 περὶ
1228 4308 1287 4359 τὸ
1315 4306 1529 4370 παίζειν
1549 4306 1833 4376 πληροῦσα

1936 1832 2085 1885 mine
2118 1829 2425 1895 habitabat,
2460 1840 2513 1885 et
2542 1831 2941 1886 habitationem
2982 1844 3107 1885 cum
3134 1830 3259 1885 aliis
3296 1828 3529 1899 virgini-

1935 1923 2040 1980 bus
2074 1920 2340 1989 faciebat;
2373 1938 2645 1978 annorum
2670 1925 2816 1977 enim
2849 1933 2969 1979 erat
3000 1924 3157 1993 quasi
3207 1922 3524 1985 duodecim,

1934 2014 2020 2071 vel
2074 2026 2225 2071 certe
2283 2014 2508 2071 brevius
2549 2015 2664 2071 illis
2698 2015 2892 2071 habuit
2938 2025 3190 2086 tempus;
3229 2029 3351 2085 quae
3392 2022 3527 2069 aetas

1936 2122 2160 2162 manere
2186 2122 2354 2178 super
2381 2122 2443 2163 se
2469 2116 2579 2161 tam
2613 2116 2841 2178 propter
2879 2106 3212 2177 imperitiam
3254 2118 3418 2178 quam
3454 2105 3526 2161 ob

1936 2199 2253 2253 intellectus
2315 2205 2370 2253 et
2419 2213 2685 2254 sensuum
2730 2199 3105 2267 paucitatem,
3164 2214 3271 2253 nou
3319 2205 3523 2268 potest.

1935 2284 2226 2354 Quomodo
2284 2288 2430 2343 enim
2469 2286 2792 2359 huiusmodi
2837 2303 2950 2344 non
2987 2289 3256 2346 adversus
3300 2289 3524 2359 sangui-

1935 2395 2058 2435 nem
2083 2386 2137 2435 et
2163 2394 2410 2447 carnem,
2443 2380 2540 2438 sed
2589 2382 2857 2439 adversus
2900 2382 3247 2453 principatus
3282 2389 3336 2437 et
3373 2391 3525 2451 pote-

1935 2478 2124 2536 states,
2159 2479 2214 2525 et
2245 2482 2491 2528 rectores
2529 2472 2717 2529 seculi
2761 2471 2950 2542 hujus,
2982 2481 3037 2527 et
3083 2472 3391 2543 spiritualia
3420 2486 3522 2527 ne-

1933 2561 2120 2631 ᾳιιίιίιε
2142 2561 2466 2629 luctabitur,
2515 2563 2911 2620 colluctatione
2958 2564 3229 2621 adversus
3268 2563 3392 2618 illos
3429 2576 3525 2619 as-

1939 2663 2182 2724 sumpta,
2229 2654 2273 2709 si
2320 2670 2617 2725 puerorum
2657 2656 2981 2713 institutore
3020 2655 3399 2712 destituatur?
3429 2665 3525 2711 aut

1935 2747 2214 2816 quomodo
2242 2746 2445 2801 diaboli
2475 2747 2627 2801 varia
2672 2747 2809 2803 sciet
2838 2746 3146 2812 molimina,
3183 2748 3288 2805 nisi
3324 2747 3524 2803 habeat

1933 2853 2164 2908 gnarum
2222 2838 2596 2909 magistrum?
2656 2846 2753 2895 aut
2804 2841 3084 2910 quomodo
3142 2841 3521 2911 deceptionem

1934 2928 2206 2998 serpentis
2252 2936 2307 2982 et
2362 2929 2623 2985 astutiam
2666 2931 3018 2992 observabit,
3063 2945 3227 3001 quam
3274 2946 3372 2986 nec
3413 2930 3523 2985 Eva

1932 3026 2184 3088 separata
2231 3019 2536 3088 pauxillum
2567 3018 2635 3073 ab
2664 3019 2840 3092 Adam,
2884 3020 3243 3076 observavit?
3296 3019 3525 3091 Propter

1931 3109 2047 3164 haec
2080 3110 2224 3164 enim
2249 3110 2483 3179 puerilis
2507 3118 2644 3167 retas
2674 3112 2815 3181 apud
2853 3126 2913 3167 se
2944 3111 3194 3167 habitare
3224 3111 3346 3168 sine
3375 3110 3525 3182 peri-

1929 3198 2053 3254 culo
2078 3214 2190 3253 non
2224 3207 2424 3269 potest,
2462 3207 2517 3256 et
2544 3202 2779 3257 maxime
2814 3202 2907 3257 illa
2938 3217 3062 3273 quae
3090 3203 3293 3258 bellum
3328 3200 3527 3257 adver-

1930 3302 2026 3345 sus
2056 3289 2334 3347 daemonas
2362 3291 2548 3359 habet,
2570 3300 2625 3349 et
2653 3310 2765 3349 non
2799 3294 2966 3359 valet,
2993 3302 3088 3349 aut
3120 3306 3271 3349 certe
3302 3295 3526 3366 penitus

1930 3380 2187 3438 nesciens
2230 3384 2529 3440 observare
2580 3396 2745 3456 caput
2810 3389 3086 3457 serpentis
3134 3388 3340 3443 sensim
3390 3403 3529 3458 quo-

1931 3472 2223 3528 dammodo
2253 3475 2589 3545 insequens;
2636 3478 2719 3532 vel
2761 3481 3046 3547 proprium
3085 3479 3302 3548 operire
3343 3480 3530 3532 calca-

1934 3580 2119 3632 neum,
2169 3581 2239 3622 ne
2275 3567 2355 3623 illi
2396 3577 2741 3624 monstretur
2800 3569 2982 3626 modis
3026 3570 3290 3626 omnibus
3337 3572 3530 3626 obser-

1930 3655 2198 3715 vandum.

2004 3747 2161 3806 Unde
2222 3764 2467 3822 praesens
2516 3750 2715 3806 ancilla
2767 3751 2862 3809 Dei
2920 3769 3045 3808 cum
3096 3753 3326 3823 puerilis
3384 3764 3529 3809 esset

1932 3842 2133 3908 aetatis,
2161 3843 2227 3897 ad
2263 3842 2458 3898 horam
2494 3843 2749 3898 custodia
2780 3844 3080 3899 valentium
3123 3859 3243 3899 eam
3276 3844 3529 3899 circum-

1932 3935 2156 3999 ducere,
2189 3934 2356 3989 sicuti
2389 3935 2531 3990 solet
2561 3948 2706 4003 saepe
2746 3935 3070 4005 contingere
3104 3933 3387 3999 destituta,
3431 3949 3529 3990 no-

1932 4027 2158 4082 vitatem
2191 4026 2366 4081 diram
2396 4027 2655 4091 incurrit,
2689 4042 2855 4097 quam
2887 4027 2937 4081 ei
2968 4026 3226 4081 diabolus
3254 4040 3528 4097 praepara-

1933 4120 2033 4184 vit,
2071 4128 2125 4175 et
2153 4118 2327 4174 solam
2359 4118 2641 4173 inventam
2664 4116 2770 4173 hoc
2799 4118 2963 4174 modo
2989 4116 3059 4174 ad
3091 4129 3321 4174 mortem
3358 4118 3529 4188 impu-

1934 4208 2017 4266 lit.
2053 4209 2189 4266 Cum
2218 4211 2362 4265 enim
2392 4211 2565 4266 solam
2594 4226 2655 4266 se
2684 4211 2755 4267 ab
2783 4212 2906 4266 aliis
2940 4212 3078 4278 haec,
3108 4218 3301 4282 utpote
3323 4211 3527 4282 puclla,

1938 4302 2161 4366 videret,
2200 4302 2512 4373 puellarum
2541 4305 2955 4375 exsequebatur
2994 4304 3254 4363 ludibria.
3301 4303 3529 4358 calamis

252 4398 517 4455 διάθεσιν.
558 4400 670 4454 Καὶ
706 4398 837 4454 ποτὲ
875 4401 971 4471 μὲν
1010 4401 1100 4453 τὸν
1129 4399 1370 4470 κάλαμον
1405 4398 1634 4471 αἴρουσα
1666 4416 1828 4469 προσ-

1938 4394 2269 4466 quibusdam
2300 4395 2525 4466 jocandi
2563 4398 2786 4470 replens
2818 4397 3094 4452 alTectum.
3126 4394 3194 4449 Et
3226 4395 3529 4465 aliquando

253 4489 400 4560 ἧπτε
457 4491 533 4560 τῷ
583 4492 834 4559 στόματι,
888 4491 1017 4544 ποτὲ
1054 4491 1111 4544 δὲ
1157 4491 1320 4545 πάλιν
1360 4489 1692 4543 άποκινοῦσα
1735 4488 1829 4541 τοῦ

254 4583 524 4653 στόματος
557 4584 652 4637 καὶ
683 4583 818 4653 πρὸς
862 4582 1053 4652 ἔδαφος
1085 4584 1369 4654 ρίπτουσα,
1403 4582 1561 4636 πάλιν
1594 4580 1832 4650 ἐλάμϐα-

254 4690 346 4728 νεν
368 4671 553 4744 ἕτερον
572 4715 586 4736 ,
615 4675 707 4726 καὶ
739 4671 901 4726 πάλιν
937 4673 996 4725 ἐν
1021 4672 1169 4744 αὑτῷ
1191 4672 1259 4725 τά
1286 4673 1425 4726 αὐτά
1459 4672 1829 4742 διεπράττετο.

268 4763 409 4816 Ἀλλ’
443 4764 501 4814 ἐν
530 4763 639 4833 ὅσῳ
668 4764 792 4826 τοὺς
820 4761 1053 4826 δόνακας
1082 4762 1300 4833 ἧμειϐε,
1342 4762 1433 4815 τὸν
1465 4763 1563 4830 μὲν
1599 4761 1705 4814 ἀπὸ
1738 4760 1831 4813 τοῦ

256 4856 524 4925 στόματος
561 4856 829 4928 ῥίπτουσα
850 4896 865 4918 ,
896 4854 988 4907 τὸν
1014 4854 1072 4909 δὲ
1115 4854 1489 4926 λαμϐάνουσα,
1525 4854 1617 4907 καὶ
1646 4853 1833 4907 τοῦτον

166 4966 173 4973 ·
250 4949 366 5010 τοῖς
420 4947 599 5001 ὀδοῦσι
655 4946 1040 5019 προσφέρουσα
1067 4989 1081 5013 ,
1133 4949 1240 5002 τινὶ
1292 4946 1524 5017 καλάμῳ
1575 4949 1832 5013 συνέτυχε

254 5035 440 5109 ἐγκύῳ
496 5036 726 5093 θανάτου
780 5040 1124 5112 τυγχάνοντι,
1175 5040 1270 5093 καὶ
1323 5037 1598 5112 Θησαυρδν
1656 5038 1832 5110 ἔχοντι

254 5131 492 5204 χαλεπὸν
516 5132 612 5187 καὶ
640 5132 955 5205 ὲπόλεθρον.·

328 5309 468 5382 Τρία
496 5311 606 5384 γὰρ
642 5312 848 5383 ἑρπετά
872 5312 943 5365 τά
970 5311 1280 5382 καλούμενα
1311 5309 1619 5381 σαμαμίθια
1646 5308 1832 5364 τοῦτον

253 5402 433 5477 ᾤκουν
462 5404 554 5457 τὸν
584 5404 848 5476 κάλαμον,
889 5403 1098 5475 φωλεὸν
1122 5404 1286 5458 αὐτὸν
1316 5402 1411 5456 καὶ
1438 5403 1620 5474 κοίτην
1650 5401 1832 5455 ποιού-

259 5513 420 5566 μενα,
459 5495 518 5549 ὂν
559 5497 783 5560 ἀκάκως
823 5497 1118 5566 ἁρπάσασα
1145 5496 1222 5569 τῷ
1258 5495 1443 5568 οἰκείῳ
1488 5496 1830 5567 προσήνεγκε

256 5583 508 5655 στόματι.
576 5586 658 5640 Τά
708 5586 764 5640 δὲ
802 5586 896 5641 τοῦ
927 5588 1224 5660 κινήματος
1297 5586 1689 5658 ἐπαισθόμενα,
1718 5586 1831 5639 ’καὶ

253 5674 393 5745 πρὸς
426 5675 605 5747 φυγὴν
652 5677 1045 5750 θορυϐούμενα,
1093 5678 1179 5733 διὰ
1229 5677 1324 5749 τῆς
1366 5678 1543 5749 ἀρχῆς
1588 5676 1829 5748 ἐκπηδή-

230 5890 275 5926 ο

1935 4486 2207 4539 calamum
2268 4484 2472 4543 tollens
2521 4488 2605 4543 ori
2667 4488 3001 4559 applicahat,
3045 4486 3347 4556 aliquando
3395 4500 3529 4542 vero

1936 4575 2039 4631 hoc
2065 4577 2134 4632 ab
2169 4592 2266 4633 ore
2315 4587 2551 4650 remoto,
2588 4587 2645 4635 et
2692 4581 2747 4634 in
2793 4590 2996 4634 terram
3034 4578 3304 4649 proiecto,
3342 4592 3528 4634 sunte-

1934 4669 2028 4725 bat
2055 4670 2258 4726 iterum
2289 4671 2481 4738 alium,
2518 4684 2573 4729 et
2601 4689 2799 4729 rursus
2827 4675 2879 4727 in
2926 4674 3047 4743 ipso
3074 4672 3263 4728 eadem
3297 4687 3526 4743 perage-

1934 4760 2048 4817 bat.
2091 4761 2294 4819 Verum
2330 4764 2460 4820 dum
2520 4765 2822 4820 arundines
2871 4762 3274 4819 alternantibus
3308 4762 3526 4817 vicibus

1934 4854 2237 4921 manderet,
2270 4854 2431 4910 aliam
2462 4857 2529 4910 ab
2552 4871 2651 4912 ore
2684 4855 3005 4927 projiciens,
3045 4854 3207 4908 aliam
3230 4868 3362 4908 vero
3384 4854 3526 4909 acci-

1933 4943 2113 5015 piens,
2174 4955 2232 5002 et
2281 4947 2422 5002 hanc
2465 4946 2725 5004 dentibus
2783 4946 3038 5007 aﬂ‘erens.
3095 4945 3163 4999 ad
3226 4943 3522 5015 quamdam

1932 5037 2152 5095 devenit
2198 5042 2551 5105 arundinem,
2599 5057 2723 5111 qum
2755 5049 2985 5096 mortem
3018 5039 3074 5092 in
3124 5046 3282 5093 utero
3311 5037 3525 5105 baiula-

1932 5128 2044 5193 bat,
2076 5145 2374 5202 secumque
2400 5146 2463 5185 ac
2487 5130 2862 5203 perniciosum
2889 5130 3167 5186 introrsus
3203 5128 3520 5183 thesaurum

1933 5221 2185 5276 habebat.

2003 5314 2132 5368 Tria
2185 5313 2329 5369 enim
2372 5315 2611 5386 reptilia,
2657 5329 2780 5385 qua:
2834 5322 3103 5369 vocantur
3147 5308 3519 5375 samamithia,

1934 5404 2079 5459 hunc
2130 5404 2398 5458 calamum
2454 5403 2803 5471 habitabant,
2848 5419 3010 5475 quem
3066 5402 3171 5459 sibi
3232 5402 3520 5457 latibulum

1933 5494 2177 5550 fecerant
2208 5504 2262 5549 et
2291 5494 2492 5561 cubile,
2527 5512 2692 5566 quem
2719 5494 3046 5567 simpliciter
3081 5504 3360 5560 arreptum
3394 5504 3519 5561 pto-

1932 5583 2055 5654 prio
2091 5584 2279 5639 attulit
2318 5586 2422 5640 ori.
2477 5585 2576 5641 illa
2606 5601 2738 5641 vero
2791 5602 2916 5644 eum
2952 5597 3159 5640 mutum
3189 5585 3521 5649 sensissent,

1934 5678 1999 5732 ad
2041 5677 2220 5749 fugam
2256 5679 2500 5747 turbata,
2527 5693 2579 5734 et
2613 5694 2712 5750 per
2750 5680 2973 5738 initium
3010 5677 3131 5748 ejus
3151 5675 3345 5731 calami
3370 5674 3520 5744 quod
