4020 6200
518 247 658 315 δῖοι

1417 249 1480 307 S.
1513 243 1930 306 SOPHRONII
1962 242 2468 306 PATRIARCH/E
2505 246 2910 309 HIEROSOL.

3646 250 3809 313 3592

524 364 612 418 ori
650 361 960 431 proximum
1008 368 1128 415 erat
1170 358 1492 426 insilientia,
1537 357 1592 411 in
1642 364 1858 411 uterum
1907 355 2102 425 puella:

2217 371 2373 410 ταντα
2422 357 2518 426 τῆς
2566 359 2865 429 ὲγγισάσης
2897 359 2975 429 τῷ
3019 359 3265 430 στόματι,
3304 359 3385 422 εἰς
3421 357 3522 430 τὴν
3546 362 3808 432 γαστέρα

526 456 690 509 allata
726 462 876 515 sunt.
912 468 1019 507 non
1059 451 1430 506 voluntarium
1482 448 1812 504 sustinentia
1861 447 2097 516 lapsum.

528 544 586 598 Ι.ι
640 557 885 598 ventrem
947 554 1128 597 autem
1183 542 1375 612 puellae
1420 540 1671 602 inducta,
1722 549 1773 594 et
1821 539 2100 594 insolitam

527 634 919 687 habitationem
940 649 1282 704 nequaquam
1304 632 1555 698 ferentia,
1572 632 1763 702 fugere
1797 631 1923 684 inde
1954 638 2103 684 sata-

404 758 407 765 -
492 725 746 793 ,gebant.
799 721 1010 776 Taliter
1076 732 1257 776 autent
1323 722 1726 784 discnrrentia,
1783 728 1837 775 ct
1890 720 2104 772 misera:

527 814 677 869 illius
714 801 932 869 interitu
983 814 1286 885 praecordia
1343 814 1754 875 contnrbantia,
1795 811 2102 866 contortio-

525 921 733 975 nesqne
764 906 1036 961 viscerum
1073 906 1349 971 facientia,
1387 906 1762 960 intolerabiles
1813 903 1890 956 illi
1944 902 2102 956 dolo-

525 1012 617 1051 res
655 998 1049 1065 Operabantur,
1094 1012 1234 1066 quos
1296 997 1542 1065 profecto
1590 1010 1753 1048 nemo
1816 995 2103 1063 scriptura:

523 1089 1012 1152 commendaverit,
1033 1088 1247 1141 etiamsi
1272 1087 1500 1139 multum
1533 1087 1728 1138 habeat
1755 1085 2100 1152 experimen-

527 1186 641 1231 tum
682 1178 986 1246 languoris.
1022 1177 1175 1231 Unde
1202 1178 1381 1246 puella
1433 1178 1778 1231 incessanter
1815 1175 2104 1244 plangebat

525 1276 579 1322 ct
607 1270 871 1334 ejulabat,
921 1268 1321 1335 oculorumque
1374 1268 1648 1337 lacrymas
1679 1264 2017 1328 ciiuudebat,
2051 1278 2106 1320 et

2202 446 2307 517 τῆς
2339 449 2529 511 παιδὸς
2557 450 2832 520 φέρονται,
2855 450 3110 504 ἀκούσιον
3147 449 3358 503 δλισθον
3388 450 3795 520 ὑπομείναντα.

2204 539 2299 601 Εἰς
2325 539 2422 607 τὴν
2449 539 2655 592 κοιλίαν
2677 540 2733 592 δὲ
2755 539 3150 611 κατενεχθέντα
3171 541 3270 610 τῆς
3300 541 3587 610 μείρακος,
3615 544 3707 596 καὶ
3730 546 3791 598 τὸ

2204 628 2354 694 ξένον
2377 630 2472 699 τῆς
2496 630 2678 693 ἑστίας
2707 630 2782 700 μὴ
2812 631 3063 700 φέροντα,
3083 630 3304 699 φεύγειν
3333 630 3596 684 κάκεῖθεν
3628 634 3792 700 ἠπεί-

2203 736 2360 787 γοντο
2385 736 2401 750 ’
2454 721 2588 773 ἀλλά
2619 722 2718 792 τὴν
2758 722 2934 785 ἔξοδον
2986 721 3089 776 οὑκ
3141 722 3499 790 ἐγίγνωσκον.
3538 722 3704 776 υῦτω
3742 721 3805 775 δὲ

2201 813 2573 885 διατρέχοντα,
2610 816 2705 869 καὶ⁵
2744 814 2845 881 τῆς
2888 815 3024 877 τέως
3054 815 3337 879 ἀθλίαςτά
3373 815 3668 884 σπλάγχνα
3696 830 3804 868 ταο

2205 906 2491 974 ράττοντα,
2531 906 2627 958 καὶ
2673 905 2980 975 συστροφάς
3010 905 3118 959 τῶν
3165 906 3414 975 ὶγκάτων
3443 908 3760 975 ποιούμενα
3785 946 3800 971 ,

2200 996 2513 1057 δυσοίστους
2557 997 2693 1066 αὑτῇ
2745 997 2844 1059 τὰς
2874 997 3173 1065 ἀλγηδόνας
3198 997 3513 1065 εἰργάζοντο
3539 1002 3555 1017 ⁸
3593 997 3666 1059 ἀς
3697 997 3801 1052 οάκ

2204 1088 2268 1141 ἀν
2328 1104 2415 1151 τις
2473 1090 2658 1157 γραφῇ
2701 1093 3123 1157 παραστήσειεν,
3170 1086 3282 1139 οὐδ’
3318 1089 3367 1140 εί
3397 1090 3597 1157 πεῖραν
3634 1088 3801 1157 σχοίη

2204 1178 2404 1247 πολλὴν
2434 1177 2526 1230 τοῦ
2557 1180 2861 1247 νοσήματος
2885 1194 2899 1209 ο
2949 1180 3073 1231 ὅθεν
3106 1179 3139 1248 ἡ
3175 1181 3305 1241 παῖς
3331 1178 3630 1242 ἀπαύστως
3677 1180 3811 1232 ἐκό-

2210 1283 2375 1318 πτετο
2396 1267 2487 1318 καὶ
2503 1266 2752 1329 ὀλόλυζεν
2775 1266 2870 1319 καὶ
2887 1266 3099 1335 δάκρυα
3123 1267 3233 1318 τῶν
3251 1266 3519 1335 ὀμμάτων
3541 1270 3800 1337 ἐξέχεεν,

524 1357 809 1428 quiescere
868 1357 1087 1426 penitus
1168 1372 1279 1410 non
1331 1357 1565 1409 valebat.
1626 1355 1858 1419 Quando
1921 1363 2102 1409 autem

2217 1358 2298 1409 καὶ
2334 1357 2614 1419 παντελῶς
2660 1358 2889 1427 ἠρεμεῖν
2918 1357 3018 1409 οὑκ
3048 1358 3297 1427 ἠδύνατο,
3327 1358 3457 1410 Ὅτε
3487 1359 3595 1428 γὰρ
3624 1359 3690 1413 τὸ
3732 1359 3802 1413 ἓν

526 1463 697 1500 ιιιιιιιιι
740 1462 804 1500 ex
850 1446 1154 1514 reptilibus,
1198 1461 1319 1515 qua:
1369 1447 1625 1512 absorpta
1690 1444 1927 1506 fuerant,
1971 1460 2105 1513 pau-

2217 1448 2313 1500 ιῶν
2355 1447 2770 1501 καταποθέντων
2810 1448 3059 1517 ἑρπετῶν
3082 1449 3263 1516 ὀλίγον
3298 1449 3591 1518 ἡσύχαζεν,
3625 1451 3803 1523 εἴπερ

525 1538 696 1593 lulum
772 1540 1134 1608 quiescebat,
1207 1540 1253 1591 si
1334 1548 1512 1591 tamen
1587 1536 1885 1606 aliquando
1950 1538 2107 1604 quie-

2217 1536 2335 1589 ποτὲ
2370 1537 2463 1588 καὶ
2515 1534 2809 1605 ἡσύχαζεν,
2844 1537 2911 1589 τὰ
2943 1536 3106 1589 λοιπά
3136 1537 3230 1590 δύο
3257 1538 3353 1606 τὴν
3375 1538 3542 1609 κόρην
3572 1539 3801 1608 ὲδάμαο

528 1634 736 1697 scebat,
784 1634 990 1703 reliqua
1034 1634 1143 1687 duo
1193 1632 1427 1702 pueilatn
1478 1631 1797 1685 domabant.
1842 1629 1998 1695 Quod
2056 1628 2103 1683 si

2217 1624 2298 1690 ζον
2326 1641 2339 1655 ⁸
2374 1626 2405 1695 ἦ
2448 1626 2541 1677 κα)⁵
2579 1627 2647 1679 τά
2688 1626 2780 1679 δύο
2826 1626 3101 1691 πολλάκις,
3152 1628 3238 1679 ἴνα
3275 1629 3546 1681 καὶτοῦτο
3577 1630 3797 1699 δῶμεν,

526 1725 691 1778 etiam
775 1722 885 1776 duo
959 1737 1023 1777 ex
1103 1722 1187 1776 bis
1250 1738 1681 1789 nonnunquam,
1738 1730 1804 1799 ἰιι
1878 1728 1931 1774 et
1997 1720 2101 1775 hoc

2217 1694 2517 1777 ἐκάθευδον,
2568 1717 2628 1769 τὸ
2666 1716 2852 1786 ἕτερον
2883 1718 2984 1770 οὑκ
3025 1717 3294 1770 ὲπαύετο’
3333 1718 3449 1772 ἀλλ’
3484 1694 3799 1789 ἀκοίμητον

528 1816 743 1879 demus,
798 1815 939 1867 forte
1011 1814 1382 1877 dormiebant,
1444 1812 1666 1865 tertium
1724 1810 1878 1863 nullo
1938 1810 2098 1863 modo

528 1909 869 1978 quiescebat,
898 1907 995 1981 8θά
1016 1908 1063 1961 ei
1104 1922 1211 1960 non
1250 1906 1612 1959 dormientem
1656 1902 1971 1957 conferebat
1998 1902 2099 1956 do-

2206 1810 2342 1878 αὑτῇ
2374 1807 2470 1877 τὴν
2500 1807 2690 1875 ὀδύνην
2725 1806 3042 1877 ἐϐράϐευον,
3072 1808 3203 1861 ποτὲ
3238 1810 3336 1879 μὲν
3368 1809 3427 1861 τὸ
3459 1810 3538 1873 ἒν,
3568 1812 3703 1863 ποτὲ
3735 1812 3797 1865 δὲ

2207 1902 2276 1956 τά
2304 1901 2397 1954 δύο
2417 1941 2432 1965 ,
2468 1899 2726 1963 πολλάκις
2752 1900 2810 1953 δὲ
2841 1902 2934 1954 καὶ⁵
2953 1900 3020 1955 τά
3039 1902 3166 1970 τρία
3194 1903 3605 1973 σπαράσσοντα.

528 2004 720 2056 iorem.
752 2001 935 2070 Itaque
966 2002 1129 2056 modo
1170 2000 1390 2071 quidem
1420 2014 1610 2064 unum,
1645 1997 1809 2052 modo
1834 2012 1961 2051 vero
2002 1996 2131 2062 duo,
2173 1998 2465 2051 multoties.
2487 2004 2671 2051 autem
2701 2004 2757 2051 et
2793 1999 2910 2065 ipsa
2975 1997 3100 2063 tria,
3159 1997 3407 2053 eamdem
3472 2000 3798 2068 discerpere

531 2095 817 2148 noscebant
831 2110 861 2146 ιι
871 2111 918 2147 r.

601 2184 737 2239 Cum
766 2200 896 2254 ergo
921 2185 1060 2238 inter
1112 2182 1487 2237 iudcsinentes
1539 2189 1593 2236 et
1631 2179 1933 2235 acerrimos
1957 2188 2107 2232 esset

532 2276 772 2337 dolores,
824 2273 1104 2326 ferebatur
1156 2273 1221 2325 ad
1294 2281 1552 2338 sanctos;
1603 2272 1875 2324 medicntn
1960 2268 2106 2322 enim

530 2380 639 2419 non
682 2363 992 2417 inveniebat
1017 2364 1209 2427 alium,
1242 2364 1335 2432 qui
1373 2373 1565 2417 contra
1615 2370 1822 2415 tantam
1858 2359 2108 2412 sulliccre

533 2468 720 2527 posset
761 2470 1086 2509 aerumnam.
1123 2453 1312 2524 Igitur,
1368 2464 1428 2509 ut
1475 2454 1682 2507 dictum
1734 2461 1838 2514 est,
1883 2451 2108 2504 veniens

530 2557 586 2603 et
613 2559 885 2620 martyres
912 2549 1314 2615 compatientes
1336 2546 1639 2609 inveniens,
1670 2543 1937 2596 maturius
1956 2557 1980 2592 a
2007 2542 2106 2595 tri-

532 2639 660 2709 plici
703 2638 1074 2693 redimebatur
1100 2638 1392 2707 supplicio.
1434 2635 1691 2691 Dicamus
1726 2644 1907 2686 autem
1931 2640 1984 2684 nt
2021 2629 2121 2683 fat--

534 2741 621 2785 cta
652 2743 735 2785 est
795 2732 910 2799 ipsa
968 2730 1309 2798 redemptio;
1360 2737 1444 2782 est
1501 2726 1649 2780 enim
1703 2725 2106 2792 redemptorum

531 2824 706 2892 gratia
743 2822 922 2891 plena.
946 2822 1051 2874 Alii
1086 2822 1303 2875 cuidam
1342 2818 1735 2873 infirmantium
1769 2817 1999 2869 fratrum
2055 2815 2108 2868 in

534 2914 659 2975 visu
688 2915 866 2967 sancti
899 2914 1180 2967 venientes
1228 2914 1340 2976 die,
1382 2911 1658 2979 inquiunt,
1698 2907 1976 2960 monachae
2021 2906 2109 2961 isti

534 3020 656 3073 quae
693 3004 916 3066 clamat,
945 3002 1215 3056 clamabat
1237 3002 1381 3055 enim
1406 3000 1626 3055 assidue
1657 3007 1710 3054 et
1736 3014 1961 3067 prorsus
1998 3012 2105 3051 non

2290 2179 2381 2232 'Ev
2419 2178 2719 2243 ἀπαύστοις
2744 2178 2836 2233 οὕν
2875 2180 2965 2232 καὶ
2991 2179 3265 2250 δριμείαις
3292 2180 3579 2251 ἀλγηδόσιν
3608 2183 3797 2253 ὑπάρο

2209 2288 2381 2339 χουσα
2406 2270 2542 2339 πρὸς
2564 2272 2688 2333 τοὺς
2712 2272 2902 2339 ἁγίους
2920 2272 3168 2341 ἐφέρετο,
3195 2272 3379 2344 ἰατρὸν
3407 2274 3505 2343 οὑχ
3530 2274 3795 2341 εὕρισκεν

2207 2362 2393 2430 ἕτερον
2426 2360 2562 2432 πρὸς
2601 2362 2883 2431 συμφορὰν
2907 2361 3175 2431 τοσαύτην
3199 2362 3433 2432 ἀρκέσαι
3463 2364 3786 2435 δυνάμενον.

2223 2452 2484 2507 Ἐλθοῦσα
2502 2453 2702 2517 τοίνυν,
2728 2453 2804 2513 ὼς
2832 2452 3067 2523 είρηται,
3098 2452 3190 2505 καὶ
3214 2453 3519 2522 συμπαθεῖς
3549 2455 3793 2525 εὑροῦσα

2206 2547 2332 2608 τοὺς
2356 2546 2656 2616 μάρτυρας,
2679 2545 2869 2597 θᾶττον
2890 2545 2988 2613 τῆς
3010 2544 3242 2614 τριπλῆς
3265 2545 3475 2613 ἐκείνης
3497 2543 3791 2616 ἐλυτροῦτο

2215 2638 2511 2699 κολάσεως.
2548 2636 2808 2705 Εῖπωμεν
2853 2636 2907 2688 δὲ
2955 2636 3142 2689 καὶτὸ
3188 2636 3380 2704 λύτρον
3419 2635 3495 2698 ὡς
3537 2637 3787 2704 γέγονεν’

2209 2726 2357 2780 ἐστιν
2394 2727 2503 2799 γὰρ
2532 2727 2630 2796 τῆς
2662 2725 2767 2777 τῶν
2794 2726 3224 2795 λυτρωσαμένων
3256 2728 3476 2797 χάριτος
3507 2728 3746 2797 ἔμπλεον
3769 2744 3787 2759 ’

2218 2816 2430 2890 Ἐτέρῳ
2450 2817 2560 2870 nvi.
2589 2818 2697 2870 τῶν
2725 2817 3091 2871 ἀσθενούντων
3111 2817 3352 2886 ἀδελφῶν
3381 2818 3513 2890 ὄναρ
3539 2819 3792 2884 ἐλθόντες

2212 2910 2262 2961 οἱ
2308 2908 2473 2976 ἅγιοι,
2510 2908 2667 2974 Εἰπὲ,
2727 2909 2886 2977 φασὶ,
2925 2910 2990 2977 τῇ
3044 2906 3225 2980 βοὼσῃ
3267 2908 3441 2978 ταύτῃ
3483 2909 3793 2980 μοναστρία

2212 3001 2364 3071 (ἐϐόα
2401 3000 2511 3071 γάρ
2543 3000 2803 3071 διηνεκῶς
2848 3003 2943 3052 καὶ
2972 2999 3031 3052 τὸ
3067 3000 3284 3052 σύνολον
3317 3000 3418 3052 οὑκ
3446 2999 3788 3068 ἐκάθευδεν),

534 3089 862 3152 tormiebat,
898 3097 955 3141 ut
992 3105 1151 3143 mane
1182 3089 1417 3158 vigilans
1458 3088 1524 3141 ad
1561 3102 1723 3140 uuam
1762 3102 1830 3140 ex
1862 3086 2107 3141 tabernis

2217 3093 2302 3145 ἵνα
2342 3094 2554 3160 πρωῖας
2595 3092 2925 3162 ὀρθρίσασα,
2956 3093 3036 3153 είς
3068 3091 3125 3143 ἒν
3155 3091 3264 3143 τῶν
3295 3090 3605 3161 καπηλείων
3628 3091 3791 3156 ἐξέλ-

534 3178 869 3249 ιετθιίίειιιιν,
893 3181 1211 3250 priusquam
1245 3196 1427 3235 eseam
1459 3188 1636 3248 gustet
1686 3178 1772 3233 vel
1820 3186 2029 3247 potum,
2062 3188 2115 3231 et

532 3270 694 3323 cadia
729 3270 833 3322 tria
860 3272 1097 3337 (species
1123 3271 1236 3323 haec
1262 3268 1455 3322 calicis
1473 3268 1579 3336 est)
1595 3269 1673 3322 sic
1698 3267 1840 3335 apud
1870 3267 2115 3320 Alexan-

535 3361 728 3415 drinos
782 3369 996 3426 vocata,
1052 3362 1238 3416 bibere
1280 3361 1469 3430 jejuna
1533 3361 1792 3429 patiatur,
1818 3367 1873 3413 et
1910 3360 2115 3413 veloci-

542 3464 624 3507 ter
646 3453 936 3509 sanitatem
982 3467 1077 3522 per
1105 3452 1387 3507 cadiorutu
1419 3452 1696 3522 potionem
1720 3451 1964 3520 recipiet.

608 3634 679 3685 At
715 3633 804 3687 ille
843 3630 1061 3687 somnio
1109 3632 1252 3693 viso,
1292 3637 1416 3701 post
1463 3628 1739 3684 somnium
1803 3627 2117 3683 monastria:

538 3724 751 3788 retulit,
772 3730 831 3775 ut
889 3722 995 3777 sibi
1053 3730 1325 3791 martyres
1378 3719 1657 3788 iusserant
1689 3734 1705 3786 ;
1743 3734 1864 3788 quae
1919 3717 2112 3771 borum

539 3816 725 3871 audita
756 3814 1024 3883 iussione,
1081 3828 1239 3869 mane
1269 3814 1336 3869 ad
1382 3812 1713 3882 cauponinm
1744 3812 1898 3874 exiit,
1920 3818 1974 3862 et
2004 3818 2115 3862 tres

540 3911 741 3967 situlas
774 3912 901 3964 vino
926 3910 1114 3980 plenas
1140 3907 1399 3980 protinus
1431 3906 1744 3976 bibitaquis
1775 3922 1881 3958 non
1912 3905 2113 3969 misto;

540 4019 646 4058 non
695 4004 856 4058 mista
902 4003 1102 4073 quippe
1154 4002 1340 4056 bibere
1392 4000 1498 4054 tria
1554 3999 1645 4052 illa
1688 3996 1905 4068 jussum
1942 3995 2117 4054 fuerat

538 4094 693 4150 cadia
731 4110 746 4159 ;
779 4095 1000 4161 quibus,
1045 4105 1100 4147 ut
1134 4092 1269 4153 dixi.
1308 4090 1611 4163 absorptis.
1640 4101 1887 4142 movetur
1929 4092 2114 4143 statim

537 4187 912 4249 advotnitum,
951 4196 1006 4242 et
1043 4203 1169 4242 cum
1216 4188 1405 4240 vinum
1450 4182 1804 4249 evomuissnt,
1838 4198 1942 4235 una
1990 4200 2113 4237 ctnn

540 4295 606 4334 eo
637 4279 918 4333 evidenter
944 4279 1108 4332 etiam
1148 4277 1251 4330 tria
1310 4277 1400 4330 illa
1454 4274 1697 4329 evomuit
1746 4273 2113 4336 samamitbia,

2215 3183 2297 3236 θοι
2329 3182 2512 3251 πρὶνῆ
2545 3180 2833 3253 βρώματος
2858 3182 2891 3253 ἢ
2919 3180 3155 3250 πόματος
3183 3180 3449 3249 γεύσηται
3484 3196 3498 3211 °
3531 3182 3625 3232 καὶ
3651 3180 3792 3232 κάν-

2213 3293 2302 3329 νια
2332 3274 2461 3346 τρία
2484 3271 2643 3345 (εἶδος
2694 3273 2849 3326 τοῦτο
2884 3273 3190 3340 καθέστηκε
3222 3272 3442 3335 κύλικος
3468 3270 3610 3324 οὕτω
3652 3272 3791 3342 παρ’

2226 3362 2628 3433 Ἀλεξανδρεῦσι
2661 3362 2973 3433 λεγόμενον)
3024 3365 3166 3415 πιεῖν
3211 3363 3397 3432 νῆστις
3455 3364 3788 3431 ἀνάσχοιτο,

2213 3457 2309 3509 καὶ
2335 3457 2493 3525 τάχος
2523 3456 2621 3525 τὴν
2670 3455 2814 3508 ίασιν
2864 3456 2953 3509 διὰ
3005 3455 3104 3524 τῆς
3143 3454 3250 3507 τῶν
3286 3454 3519 3507 καννίων
3574 3453 3787 3519 δέξεται

2215 3547 2444 3609 πόσεως.

2296 3639 2354 3691 '0
2403 3639 2458 3691 δὲ
2487 3639 2765 3710 θεωρήσας
2794 3639 2887 3691 τδν
2926 3638 3157 3708 δνειρον,
3204 3641 3272 3709 τῇ
3320 3637 3549 3708 νοσούσῃ
3596 3636 3791 3692 τοῦτον

2218 3731 2336 3800 μεθ’
2368 3730 2534 3784 ὕπνον
2564 3731 2925 3799 ἀπήγγελλεν,
2949 3731 3024 3795 ὡς
3051 3734 3099 3784 οἱ
3135 3731 3410 3802 μάρτυρες
3426 3730 3575 3799 αὑτῷ
3605 3730 3787 3783 διετά-

2217 3821 2411 3886 ξαντο·
2471 3825 2503 3893 ἡ
2568 3823 2625 3876 δὲ
2685 3810 2782 3892 ἓῆς
2853 3824 3058 3877 τούτων
3126 3823 3401 3892 πυθομένη
3461 3823 3784 3886 κελεύσεως,

2216 3913 2426 3984 πρωῖας
2470 3915 2548 3977 εἰς
2577 3915 2869 3985 καπηλεῖον
2906 3914 3208 3986 ἐξέρχεται,
3255 3915 3476 3975 καὶτὰς
3520 3916 3668 3983 τρεῖς
3692 3914 3790 3966 εὑ·-

2216 3998 2350 4059 θέως
2376 3997 2493 4051 ἔπιε
2522 3999 2746 4064 κύλικας
2766 4042 2780 4066 ,
2816 4004 2959 4055 οἴνου
2993 4002 3268 4072 γεμούσας
3274 4000 3372 4076 ,μὴ
3401 4004 3651 4070 μιγέντος
3673 4006 3789 4065 τοῖς

2217 4087 2401 4142 ὕδασιν
2435 4107 2448 4117 ’
2480 4091 2692 4163 ἄκρατα
2722 4095 2826 4166 γὰρ
2862 4096 3006 4146 πιεῖν
3035 4079 3123 4147 τά’
3148 4097 3273 4165 τρία
3302 4082 3623 4148 κεκέλευστο
3656 4096 3793 4147 κάν-

2217 4198 2325 4233 νιαο
2348 4182 2510 4252 ἅπερ,
2542 4183 2617 4247 ὡς
2642 4183 2813 4249 εἷπον,
2843 4188 3145 4256 ροφήσασα,
3180 4189 3407 4239 κινεῖται
3431 4186 3623 4239 θᾶττον
3647 4188 3793 4253 πρὸς

2218 4272 2429 4342 ἔμετον,
2462 4276 2555 4329 καὶ
2590 4276 2678 4329 τδν
2723 4273 2862 4329 οἶνον
2884 4260 3166 4347 ⁵ἔεμέσασα,
3209 4279 3333 4347 ὲμεῖ
3374 4276 3664 4346 προφανῶς
3689 4280 3793 4330 καὶ

540 4372 737 4441 quibus
780 4386 876 4445 per
906 4385 967 4423 os
990 4369 1220 4439 abjectis
1251 4369 1320 4422 ab
1345 4369 1494 4423 oniui
1528 4380 1653 4420 mox
1682 4363 1973 4419 afﬂictione
2000 4364 2108 4417 dif-

2220 4367 2285 4418 τὰ
2314 4366 2439 4436 τρία
2471 4368 2566 4419 σὺν
2602 4368 2747 4435 αὑτῷ
2774 4346 3083 4438 σαμαμίθια
3128 4369 3215 4422 διὰ
3246 4346 3519 4439 στόματος
3556 4368 3788 4438 ῥίψασα,

541 4461 784 4531 ficilique
818 4461 1024 4520 dolore.
1068 4474 1131 4513 ac
1164 4461 1389 4513 verbere
1414 4459 1640 4512 liberata
1678 4465 1784 4521 est,
1820 4470 1937 4525 qua:
1968 4471 2113 4512 onus

543 4554 676 4607 illud
702 4554 994 4624 tridymum
1016 4551 1194 4606 adhuc
1223 4550 1562 4621 parturit-bat
1584 4550 1638 4602 in
1671 4561 1827 4603 utero
1856 4546 2113 4617 deporta-

544 4648 681 4692 tum.
712 4638 901 4705 itaque
933 4638 1091 4691 Anna
1122 4638 1340 4706 quidem
1374 4635 1697 4700 mouastria,
1749 4634 1829 4688 sic
1876 4645 2110 4689 mortem

543 4747 664 4800 qua:
688 4729 845 4784 sibia
907 4729 1247 4784 daemonibus
1273 4738 1569 4799 praeparata
1622 4724 1801 4781 fuerat
1851 4728 2112 4794 exsilivit,

547 4822 746 4877 fortius
773 4821 1112 4874 medicorum
1153 4822 1443 4885 auxilium,
1466 4833 1629 4887 quam
1683 4817 1901 4871 illorum
1932 4829 2118 4875 essent

545 4916 781 4977 insidia},
812 4925 1151 4979 consecuta;
1193 4921 1246 4966 et
1271 4910 1338 4965 ad
1382 4911 1617 4981 hymnos
1650 4919 1964 4965 sanctorum
1996 4926 2117 4966 om-

548 5022 666 5065 nes.
695 5006 784 5075 qui
841 5006 990 5059 illam
1020 5006 1311 5059 sanitatem
1341 5002 1593 5056 viderant
1620 5002 1929 5063 coucitans.
1957 5011 2119 5072 atque

545 5100 775 5154 cumbis
794 5114 889 5152 eos
909 5098 1161 5151 laudibus
1186 5096 1444 5159 efferens,
1466 5110 1591 5149 cum
1623 5095 1708 5149 bis
1740 5096 1902 5149 etiam
1936 5106 2121 5149 atem-

547 5192 636 5260 plo
667 5189 916 5244 disCedit.
948 5188 1056 5241 Nos
1081 5197 1288 5252 autem,
1316 5187 1409 5258 qui
1469 5202 1617 5240 nunc
1651 5185 1920 5251 audimus,
1963 5188 2120 5256 quasi

552 5301 680 5341 tunc
725 5292 1022 5352 pra-sentes
1080 5297 1329 5337 essemus
1379 5282 1687 5344 credentes,
1714 5284 1918 5335 sanctis
1967 5281 2122 5352 bym-

549 5389 741 5427 lturum
775 5372 1032 5427 laudibus
1059 5372 1375 5436 cumulatis,
1411 5371 1480 5426 ad
1513 5373 1650 5427 alios
1676 5373 1907 5445 hymnos
1959 5373 2124 5428 mira-

551 5468 674 5522 cula
701 5466 920 5519 auditus
945 5480 1316 5536 praeparemus
1343 5476 1396 5521 et
1427 5482 1544 5521 ora.

799 5555 961 5610 XLV.
992 5557 1065 5613 De
1093 5557 1308 5615 Cobiote
1336 5560 1497 5614 surdo
1530 5561 1838 5615 camelorio.

624 5644 711 5699 Ab
761 5645 1001 5718 Egypto
1052 5666 1245 5711 rursus
1300 5651 1354 5705 in
1391 5648 1615 5724 Libyam
1651 5660 2022 5712 transeamus,
2070 5661 2123 5705 et

2220 4459 2397 4529 πάσης
2450 4458 2611 4523 εὐθὺς
2664 4461 2956 4529 ἀπηλλάγη
3014 4462 3308 4524 κακώσεως
3357 4463 3451 4513 καὶ
3486 4461 3790 4530 δὶσχεροῦς

2217 4549 2407 4618 ὀδύνης
2450 4550 2543 4603 καὶ
2576 4550 2857 4619 μάστιγος,
2891 4550 2959 4614 ἀς
2988 4553 3016 4605 ό
3065 4551 3260 4619 φόρτος
3294 4552 3497 4612 ἐκεῖνος
3520 4539 3558 4602 ’ό
3599 4550 3796 4618 τρίδυ-

2220 4659 2316 4713 μος
2342 4643 2871 4715 ὲπικυοφορούμενος
2905 4642 3112 4697 ὥδινεν.
3156 4645 3261 4697 Καὶ
3298 4643 3462 4695 Ἀννα
3500 4644 3594 4695 μὲν
3625 4645 3655 4709 ἡ
3688 4660 3793 4710 pa-

2218 4734 2446 4806 νάστρια
2494 4736 2633 4789 οὕτω
2681 4736 2770 4792 τὸν
2819 4739 2885 4791 ὲκ
2915 4737 3183 4807 δαιμόνων
3234 4737 3367 4805 αὑτῇ
3419 4733 3793 4788 σκευασθέντα

2216 4827 2245 4880 δ
2270 4826 2438 4895 έφυγε
2486 4825 2735 4894 θάνατον,
2795 4830 3144 4900 ἰσχυροτέρας
3189 4829 3390 4899 ἰατρῶν
3431 4827 3652 4899 ἀρωγῆς
3684 4829 3790 4897 τῆς

2218 4917 2442 4971 ἐκείνων
2485 4919 2774 4989 ἐπιϐουλῆς
2824 4922 3200 4991 εὑπορήσασα.
3262 4920 3367 4971 Καὶ
3426 4920 3631 4979 πάντας
3657 4919 3794 4979 τοὺς

2217 5006 2459 5077 δρῶντας
2487 5009 2584 5079 τὴν
2612 5009 2755 5064 ἴασιν
2776 5012 2911 5080 πρὸς
2938 5009 3138 5081 ὕμνους
3160 5010 3268 5063 τῶν
3295 5008 3464 5078 ἁγίων
3489 5007 3791 5078 ὀτρύνασα,

2220 5100 2315 5151 καὶ
2358 5101 2453 5152 σὺν
2497 5099 2705 5163 τούτοις
2740 5102 2935 5165 αὑτοὺς
2972 5102 3359 5171 ἀνυμνήσασα,
3400 5098 3495 5153 τοῦ
3525 5098 3795 5168 τεμένους

2222 5190 2541 5260 ἀπέρχεται.
2590 5192 2788 5263 Ἡμεῖς
2826 5194 2880 5247 δὲ
2914 5195 3009 5247 νῦν
3043 5195 3092 5247 οἱ
3124 5194 3434 5256 ἀκούοντες,
3463 5192 3539 5255 ὡς
3582 5192 3631 5243 οἱ
3659 5192 3795 5246 τότε

2222 5283 2481 5352 παρόντες
2503 5285 2867 5351 πιστεύοντες,
2893 5287 3017 5350 τοὺς
3042 5287 3229 5353 ἁγίους
3255 5286 3422 5350 ἀξίως
3448 5286 3797 5355 ὑμνήσαντες

2221 5374 2356 5444 πρὸς
2384 5375 2599 5445 ἐτέρους
2636 5375 2839 5446 ὕμνους
2868 5379 2959 5431 καὶ
2990 5377 3244 5448 θαύματα
3275 5379 3372 5442 τὰς
3397 5377 3562 5439 ἀκοὰς
3590 5377 3794 5448 εὑτρε-

2223 5465 2470 5534 πίσωμεν
2500 5466 2592 5518 καὶ
2614 5469 2680 5519 τὰ
2706 5469 2960 5537 στόματα.

2293 5555 2425 5611 ME'.
2462 5558 2595 5625 Περὶ
2630 5560 2917 5614 Κοσιώτυυ
2945 5560 3049 5615 τοῦ
3080 5562 3281 5632 κωφοῦ
3316 5561 3712 5631 καμηλαρίου.

2308 5647 2425 5702 Ἀπ’
2480 5648 2754 5717 Αἰγύπτου
2810 5651 2968 5705 πάλιν
3010 5651 3091 5718 είς
3142 5653 3349 5726 Λισύην
3397 5652 3782 5725 μετέλθωμεν·
3852 5720 3859 5726 .
