4020 6200
319 341 459 408 3593

1344 339 1447 399 SS.
1471 339 1645 401 CYRI
1681 339 1774 400 ET
1803 335 2124 400 JOANNIS
2161 334 2576 402 MIRACULA.

3453 339 3590 403 3594i

322 461 419 513 καὶ
453 460 512 511 ὲν
544 455 623 526 τῷ
649 455 924 528 Μαρεὼτῃ
952 455 1253 525 γενόμενοι.
1286 454 1574 526 Κοὸιὼτην
1598 454 1693 509 τὸν
1720 454 1905 524 κωφὸν

2031 472 2131 509 :um
2194 458 2337 527 apml
2402 456 2680 513 Marcnlen
2734 455 3004 512 fuerimus
3062 453 3289 519 inventi,
3325 452 3593 512 Cohiomu

322 550 752 622 άνιχνεύσωμεν.
789 549 896 604 Τοῦ
926 546 1229 617 Μαρεώτου
1270 548 1380 620 γὰρ
1408 542 1563 611 οὗτος
1588 548 1907 617 ἐτύγχανεν

324 645 422 699 καὶ
457 644 713 712 εὑρόντες
753 644 869 706 τοῖς
905 640 1271 711 προλαϐοῦσιν
1305 641 1636 712 συνάψωμεν
1658 657 1672 673 ο
1717 640 1814 695 καὶ
1842 644 1912 696 τά

327 735 449 792 κατ’
487 736 650 790 αὐτὸν
689 737 803 799 τοῖς
852 733 1147 788 ἁκούουσιν
1179 733 1643 803 ἁπαγγείλωμενο
1687 732 1913 805 Γραφῆς

327 827 436 900 γὰρ
487 824 613 891 ἄξια
655 825 723 879 τὰ
774 825 855 888 είς
907 825 1071 878 αὑτὸν
1122 824 1393 896 δραθέντα
1430 827 1546 887 τοῖς
1607 823 1901 899 μάρτυσιν.

328 918 531 986 κωφὸς
558 919 588 970 ὁ
619 915 907 987 Κοϐιώτης
929 917 1195 987 γεγένητο
1212 955 1227 979 ,
1254 917 1354 986 οὐχ
1382 914 1554 978 οὕτως
1593 916 1659 969 ὲκ
1700 916 1913 986 μήτρας

211 1059 223 1071 ,
327 1010 653 1081 γενόμενος,
689 1008 802 1061 ἀλλ’
855 1008 1010 1077 ἄφνω
1049 1006 1337 1076 κωφωθεὶς
1367 1006 1445 1069 ὡς
1491 1009 1613 1070 ταῖς
1644 1007 1913 1076 καμήλοις

329 1102 673 1172 παρέϐαλλεν
698 1117 715 1133 ο
760 1100 969 1154 τούτων
1014 1099 1122 1170 γὰρ
1146 1100 1234 1153 ἀεὶ
1258 1099 1366 1153 τῶν
1407 1097 1562 1163 ζώων
1596 1097 1911 1168 ἐφρόντιζε,

331 1198 426 1248 καὶ
460 1194 567 1265 πρὸ
624 1192 960 1261 κωφώτεως,
997 1193 1092 1246 καὶ
1126 1190 1244 1261 μετ’
1302 1191 1572 1258 αἰφνίδιον
1631 1189 1912 1259 κώφωσιν,

333 1285 644 1357 βαρυτάτην
682 1284 740 1337 δὲ
786 1283 886 1347 τὴν
917 1283 1072 1337 νότον
1113 1282 1468 1353 ὑπάρχουσαν
1491 1295 1506 1310 ο
1545 1279 1672 1334 οὔτε
1704 1279 1815 1352 γάρ
1852 1283 1915 1333 τὸ

335 1378 555 1432 σύνολον
589 1378 809 1448 ἧκουεν,
838 1372 964 1427 οὔτε
999 1374 1107 1427 τῶν
1125 1366 1279 1429 ’πάνυ
1315 1375 1567 1445 μεγάλων
1604 1374 1707 1443 τῆς
1732 1373 1916 1442 φωνῆς

334 1467 782 1539 προσῃσθάνετο,
826 1463 941 1519 οἷον
996 1466 1173 1537 δήμου
1219 1465 1350 1534 βοῆς
1396 1467 1429 1537 ἦ
1471 1466 1744 1537 θαλάττης
1781 1459 1916 1534 ἦχον

334 1557 711 1629 ὑψούμενον,ἢ
745 1558 997 1627 μεγάλων
1014 1558 1231 1626 ἀνέμων
1257 1558 1412 1629 ροιζή
1423 1574 1590 1629 ματα·
1623 1557 1682 1611 ὃν
1712 1557 1914 1620 πάντες

336 1654 384 1705 οἱ
416 1650 702 1721 θεώμενοι,
716 1650 968 1719 δαίμονος
989 1650 1273 1722 ἐνέργειαν
1306 1649 1406 1721 τὴν
1425 1649 1686 1718 κώφωσιν
1706 1648 1914 1716 ελεγον,

339 1738 432 1790 καὶ
450 1738 512 1791 ού
546 1736 715 1799 πάθος
750 1736 783 1808 ἢ
814 1736 1131 1808 σύμπτωμα
1157 1737 1429 1808 σώματος.
1463 1739 1571 1793 Καὶ
1589 1739 1729 1809 τάχα
1759 1738 1918 1807 τάλη·

2012 549 2239 603 surdum
2267 549 2685 619 investigemus.
2723 548 2822 601 llic
2853 548 2999 603 enim
3034 545 3400 602 Mareotrnsis
3430 556 3592 616 erat;

2009 650 2064 693 et
2109 641 2389 695 inventum
2443 640 2620 694 virum
2663 639 2945 710 prioribus
2975 648 3353 703 annectaums,
3381 648 3435 695 et
3473 657 3596 709 qua:

2011 733 2160 786 circa
2185 748 2308 785 eum
2337 742 2492 802 gesta
2526 741 2678 794 stitit,
2698 731 3050 786 audientibus
3084 729 3298 786 refcrau
3325 748 3390 785 us
3415 774 3429 799 ,
3458 737 3599 787 scri-

2014 834 2174 893 ptura
2205 824 2409 893 quippe
2444 823 2606 893 (ligna
2628 831 2778 888 sunt,
2814 840 2937 895 quae
2986 826 3039 877 in
3075 841 3142 880 eo
3175 832 3303 879 sunt
3330 840 3359 878 a
3389 836 3595 897 martyo

2014 916 2168 971 ribus
2222 929 2363 971 acta.
2415 916 2629 971 Surdus
2698 915 2957 972 Cobiotcs
3009 916 3130 981 fuit,
3174 934 3281 971 non
3331 932 3399 972 ex
3431 902 3599 971 vulva

2015 1006 2216 1069 factus,
2249 1009 2345 1063 sed
2382 1007 2568 1063 siihito
2616 1008 2841 1071 surdus,
2893 1009 3017 1063 cum
3068 1008 3295 1062 camelis
3342 1010 3597 1072 Incrercl,

2023 1098 2252 1152 effectus
2283 1104 2513 1152 :ltorttm
2544 1114 2782 1169 namque
2807 1114 3024 1168 semper
3052 1099 3598 1162 auimaliumcuram.

2013 1201 2069 1245 et
2095 1199 2220 1246 ante
2244 1202 2299 1246 et
2334 1202 2625 1261 postquam
2660 1201 2884 1262 repente
2909 1191 3111 1246 surdus
3139 1189 3317 1246 factus
3347 1201 3451 1253 cst,
3483 1208 3603 1260 pcr-

2017 1285 2232 1354 agebat.
2265 1285 2403 1340 Cum
2437 1295 2617 1339 autem
2652 1285 2886 1354 languor
2912 1295 3060 1340 esset
3087 1286 3469 1355 gravissimus,
3504 1301 3601 1340 ue-

2017 1394 2125 1447 que
2152 1379 2296 1432 enim
2331 1379 2439 1431 ullo
2468 1379 2628 1431 modo
2658 1377 2933 1440 audiebat,
2956 1394 3131 1449 neque
3158 1378 3347 1433 saltem
3366 1379 3602 1449 grandes

2019 1470 2280 1539 strepitus
2328 1471 2621 1531 sentiebat,
2675 1480 2731 1523 ut
2786 1479 2915 1539 puta
2967 1471 3463 1538 vulgiclamorcm,
3510 1479 3605 1523 aut

2017 1562 2232 1615 sonitus
2270 1561 2438 1615 maris
2466 1563 2663 1620 elatos.
2700 1573 2793 1615 aut
2824 1548 3128 1631 ingentium
3175 1575 3460 1615 ventorum
3497 1561 3604 1616 im-

2020 1659 2206 1720 petum
2239 1665 2494 1719 maguunt
2532 1669 2543 1704 :
2572 1666 2734 1720 quem
2769 1667 2960 1705 omnes
2985 1650 3363 1719 inspicientes,
3397 1652 3606 1706 dmino-

2022 1744 2112 1798 nis
2192 1744 2575 1813 operationem
2630 1758 2755 1798 esse
2828 1744 3145 1815 ltujttsmodi
3222 1743 3605 1816 argritudineiu

338 1826 466 1890 θοῦς
489 1823 870 1899 ἑστοχὰέαντο,
902 1828 968 1882 ἔκ
998 1846 1058 1881 τε
1078 1829 1172 1882 τοῦ
1199 1828 1414 1901 ἀθρόως
1444 1829 1720 1900 συμϐῆναι
1749 1830 1811 1883 τὸ
1834 1830 1917 1883 νό-

2031 1834 2368 1901 astruebaut,
2396 1843 2451 1888 et
2497 1849 2605 1889 non
2666 1838 2919 1905 corporis
2980 1838 3173 1891 vilium
3224 1838 3343 1892 sive
3392 1848 3651 1895 casum.'

340 1935 516 1990 σημα,
534 1919 597 1973 εκ
625 1936 684 1972 τε
712 1920 808 1973 τοῦ
848 1920 1055 1992 μηδένα
1083 1920 1195 1974 τῶν
1231 1920 1433 1990 ἰατρῶν
1448 1920 1718 1990 ὠφέλειαν
1745 1920 1919 1991 τούτῳ

338 2011 461 2063 τινά
493 2010 783 2081 δυνηθῆναι
808 2011 1160 2083 χαρίσασθαι.
1204 2013 1439 2076 Πολλοὺς
1468 2012 1577 2083 γάρ
1609 2010 1912 2085 περιελθὼν

338 2102 434 2154 καὶ
484 2102 780 2173 πληρώσας
826 2102 1037 2155 πολλῶν
1087 2103 1484 2173 ἐπιτάγματος,
1533 2103 1694 2167 αὐτὸς
1744 2105 1803 2156 ἑν
1842 2102 1922 2173 τῷ

339 2195 502 2248 πάθει
534 2194 800 2265 διέμενεν,
822 2194 1085 2266 διαφορὰν
1108 2197 1291 2268 εὑρεῖν
1319 2198 1379 2250 ού
1403 2197 1719 2266 δυνάμενος.
1752 2195 1919 2250 Ὅθεν

347 2277 547 2356 ἰατροῖς
583 2286 753 2340 πολλὰ
798 2288 1013 2357 χαίρειν
1064 2287 1461 2359 φθεγξάμενος,
1511 2288 1621 2342 τῶν
1659 2286 1924 2359 καμήλων

338 2379 995 2450 ἑφρόντιζιν,ἁπαλλαγὴν
1025 2378 1120 2434 τοῦ
1158 2380 1349 2434 λοιποῦ
1380 2380 1456 2453 μὴ
1485 2381 1803 2454 προσδοκῶν
1828 2383 1923 2436 τοῦ

347 2488 404 2522 νο
413 2505 432 2522 δ
441 2472 471 2540 η
479 2487 671 2540 ματος.

415 2702 526 2756 Καὶ
554 2700 695 2773 τάχα
721 2702 787 2757 ἂν
815 2701 963 2757 οὕτω
996 2702 1158 2776 μέχρι
1191 2703 1421 2760 Θανάτου
1450 2704 1739 2776 διέμεινεν,
1770 2706 1819 2759 εἰ
1851 2706 1927 2778 μὴ

346 2790 483 2863 πρὸς
505 2791 616 2845 τῶν
638 2794 941 2864 συντέχνων
965 2795 1042 2858 ὡς
1067 2795 1249 2869 κωφὸς
1273 2797 1655 2867 κατετρέχετο,
1684 2799 1777 2853 καὶ
1800 2798 1931 2852 πολ-

343 2883 444 2956 λὴν
471 2885 568 2955 τὴν
593 2885 809 2939 ἀδικίαν
845 2885 1116 2956 ὑπέμενεν
1137 2902 1151 2916 ’
1180 2881 1255 2941 ὧν
1274 2887 1336 2941 ού
1369 2887 1643 2959 βαστάσας
1668 2889 1767 2961 τὴν
1798 2890 1927 2944 δυσ-

345 2977 482 3048 χερῆ
527 2978 927 3049 παραπόνησιν,
963 2978 1179 3033 ἅπαντα
1213 2978 1409 3047 λιπὼν,
1439 2980 1538 3051 τὴν
1590 2981 1797 3049 ἑστίαν,
1829 2984 1930 3047 τὰς

2026 1925 2086 1980 Et
2146 1925 2286 1983 forte
2332 1930 2605 1982 veraciter
2657 1928 3029 1990 mstimahant,
3062 1938 3172 1982 tam
3224 1944 3289 1984 ex
3349 1943 3417 1984 eo
3461 1926 3609 2001 quod

2022 2017 2257 2087 languor
2308 2017 2494 2073 subito
2525 2019 2874 2088 contigisset,
2902 2034 3068 2087 quam
3109 2035 3175 2073 ex
3207 2035 3270 2074 eo
3301 2017 3447 2089 quod
3486 2019 3609 2074 uul-

2025 2112 2109 2166 ius
2140 2111 2479 2166 medicorum
2521 2110 2833 2179 profectum
2865 2110 2994 2163 huic
3018 2112 3318 2181 quemlibet
3352 2110 3611 2166 conferre

1997 2204 2339 2274 .potuissct;
2378 2204 2581 2256 mullos
2628 2202 2776 2257 enim
2813 2202 3176 2267 circumiens,
3211 2210 3266 2256 et
3308 2208 3608 2257 multorum

2025 2297 2309 2368 complens
2331 2303 2687 2367 praeceptum,
2710 2296 2829 2364 ipse
2847 2295 2899 2349 iu
2926 2296 3185 2365 passione
3210 2278 3610 2367 perseverarat,

2027 2372 2487 2440 meliorationem
2511 2384 2754 2454 aliquam
2781 2386 3026 2455 reperire
3065 2400 3175 2440 non
3208 2388 3418 2441 valens.
3456 2384 3612 2441 Unde

2027 2476 2256 2532 medicis
2296 2477 2419 2531 vale
2482 2478 2691 2541 dicens,
2734 2477 3073 2532 camelorum
3138 2493 3328 2532 curam
3364 2479 3612 2548 gerebat.

2028 2569 2340 2625 libertatem
2371 2568 2661 2625 dccmtcro
2680 2569 2965 2640 languoris
2993 2585 3104 2625 non
3137 2570 3493 2642 praestolans.

2100 2703 2168 2760 Et
2204 2706 2346 2762 forte
2367 2705 2450 2761 sic
2484 2721 2662 2776 usque
2690 2706 2756 2761 ad
2786 2715 3018 2762 mortem
3050 2708 3241 2778 procul
3273 2708 3447 2764 dubio
3486 2723 3612 2777 pcr-

2029 2794 2347 2859 mansisset,
2379 2794 2486 2850 nisi
2537 2810 2568 2849 a
2599 2795 2820 2864 collegis
2854 2803 3119 2866 tanquam
3169 2795 3369 2852 surdus
3421 2797 3616 2851 illude-

2033 2894 2204 2949 retur,
2262 2888 2603 2957 multamque
2673 2886 2934 2957 lnjuriam
3004 2895 3320 2959 pateretur;
3374 2902 3613 2959 quorum

2032 2976 2305 3032 dimcilem
2345 2976 2696 3033 aliiictionem
2728 2992 2836 3032 non
2871 2977 3078 3045 ferens,
3107 2978 3477 3051 omnibusque
3518 2980 3615 3035 de-

346 3067 651 3139 καμήλους,
672 3068 741 3123 τά
794 3070 1130 3142 ὑπάρχοντα.
1190 3071 1287 3126 καὶ
1342 3071 1532 3143 μηδενὶ
1581 3074 1749 3144 μηδὲν
1803 3075 1926 3145 περὶ

2032 3069 2264 3135 relictis,
2291 3069 2458 3125 domo
2487 3069 2767 3136 videlicet,
2788 3070 3015 3126 camelis
3040 3080 3094 3126 et
3124 3071 3493 3157 patrimoniis,
3522 3088 3618 3127 ne-

350 3160 581 3231 μηδενὺς
633 3160 1031 3233 ἄντειλάμενος,
1082 3162 1248 3234 ζήλου
1305 3163 1587 3236 πλησθεὶς,
1635 3167 1732 3221 καὶ
1784 3166 1926 3221 θείου

2036 3163 2170 3217 mini
2200 3161 2499 3233 quidquam
2528 3161 2597 3217 de
2625 3176 2904 3232 quoquam
2939 3162 3269 3233 praecipiens
3299 3149 3420 3219 zelo
3443 3164 3621 3235 reple-

348 3250 622 3323 πρὺςτοὺς
653 3251 936 3324 μάρτυρας
960 3253 1183 3324 ἔρωτος,
1208 3253 1409 3319 αὐτῶν,
1434 3255 1510 3319 ὼς
1540 3250 1719 3326 οἶμαι,
1748 3258 1934 3313 τοιαύ-

345 3359 447 3412 την
479 3341 628 3412 αύτῷ
652 3344 1142 3411 προσπνευσὰντων
1175 3344 1436 3411 διάνοιαν,
1451 3346 1727 3417 δρομαίως
1754 3349 1848 3401 ἐπὶ
1872 3347 1936 3402 τὸ

350 3433 555 3485 τούτων
606 3432 904 3505 μαρτύριον
948 3434 1191 3506 ἔτρεχεν,
1236 3437 1492 3509 τοιαύτην
1535 3438 1699 3509 μόνον
1730 3441 1936 3511 ,φωνὴν

354 3524 493 3594 πρὸς
545 3526 670 3588 τοὺς
722 3526 975 3596 ἑταίρους
1021 3527 1426 3600 φθεγξάμενος*
1459 3532 1535 3601 Ζῇ
1566 3530 1697 3602 γὰρ,
1745 3533 1933 3602 φησὶν,

360 3613 590 3684 Χριστὸς
606 3612 780 3678 όΘεδς
806 3615 985 3686 ἡμῶν,
1010 3617 1085 3680 ὡς
1107 3619 1156 3671 εί
1181 3619 1255 3690 μὴ
1272 3619 1409 3690 πρὸς
1436 3615 1618 3691 Κῦρον
1642 3622 1737 3675 καὶ
1751 3620 1935 3676 Ἰωάν-

360 3722 456 3774 νην
482 3707 606 3769 τοὺς
634 3705 824 3775 ἁγίους
848 3707 950 3762 ούκ
977 3705 1324 3780 ἁπειμι,καὶ
1350 3709 1573 3774 τούτους
1600 3712 1935 3777 ἐκδιδαστὰς

355 3795 455 3865 τῆς
505 3798 647 3868 ὲμῆς
704 3798 969 3868 ιπηρείας
1020 3801 1353 3870 ποιήσομαιο
1411 3803 1505 3855 καὶ
1553 3802 1716 3857 τοῦτο
1766 3803 1936 3859 εἰπὼν

351 3887 560 3957 γυμνὸς
587 3886 973 3960 επωδυμάτων
1006 3889 1144 3961 πρὸς
1171 3891 1300 3955 τοὺς
1340 3891 1623 3964 μάρτυρας
1643 3893 1896 3967 ἔδραμεν.

424 4015 559 4069 Τότε
607 4014 821 4095 γίνεεαί
876 4032 931 4069 τι
989 4016 1314 4087 παράδοξον,
1365 4018 1589 4089 καὶτῆς
1617 4018 1723 4072 τῶν
1766 4018 1937 4089 ἁγίων

351 4106 579 4177 χάριτος
616 4104 789 4173 ἄξιον,
839 4105 934 4160 καὶ
959 4107 1058 4178 τῆς
1080 4108 1249 4162 αὑτοῦ
1297 4109 1499 4179 πολλῆς
1556 4111 1653 4163 καὶ
1693 4111 1938 4182 μεγάλης

353 4197 713 4267 θερμότητος.
742 4197 813 4250 ’Ἡ
842 4197 1004 4269 μόνον
1029 4198 1140 4270 γὰρ
1165 4198 1355 4268 ἐξῆλθε
1380 4199 1479 4271 τὴν
1506 4201 1682 4272 πύλην
1711 4202 1812 4272 τῆς
1839 4203 1939 4256 πό-

354 4290 494 4353 λεως
530 4291 654 4359 ἥτις
685 4290 916 4362 Ἦλιακὴ
950 4292 1406 4363 προσηγόρευται,
1444 4294 1645 4357 εὐθέως
1669 4294 1834 4348 αὐτοῦ
1873 4296 1939 4350 τὰ

353 4374 470 4434 ὦτα
492 4381 724 4452 ἡρξαντο
749 4382 1237 4451 διανοίγεσθαι,κα“ι
1258 4383 1437 4453 φωνὰς
1454 4388 1616 4450 αὐτὸς
1636 4386 1938 4456 ἀνθρώπων

2037 3263 2126 3310 tus
2157 3262 2213 3310 et
2242 3254 2430 3308 divino
2462 3267 2590 3322 erga
2620 3262 2891 3325 martyres
2920 3253 3219 3321 desiderio,
3261 3254 3401 3325 ipsis
3428 3256 3504 3318 ei.
3559 3265 3620 3310 ut

2036 3362 2182 3410 reor,
2209 3347 2371 3402 talem
2413 3345 2819 3414 inspirantihus
2854 3345 3118 3411 animam,
3154 3346 3361 3401 cursim
3394 3346 3462 3402 ad
3515 3347 3619 3403 ho-
3684 3396 3697 3399 _

2037 3454 2158 3496 rum
2192 3436 2514 3507 martyrium
2541 3433 2879 3502 festinabat;
2936 3434 3253 3505 huiusmodi
3309 3436 3378 3492 ad
3434 3438 3618 3493 socios

2037 3543 2171 3584 voce
2199 3535 2414 3581 tantum
2460 3524 2683 3590 affatus,
2717 3522 2867 3580 Vivit
2895 3525 3042 3579 enim
3100 3523 3381 3589 Christus,
3415 3526 3616 3596 inquit,

2039 3620 2204 3684 Deus.
2231 3619 2278 3674 si
2302 3619 2371 3673 ad
2415 3616 2618 3688 Cyrum
2648 3625 2703 3672 et
2756 3615 3025 3671 Joannem
3072 3623 3298 3671 sanctos
3326 3632 3435 3671 non
3477 3617 3614 3682 iero,

2036 3721 2093 3767 et
2127 3713 2227 3768 hos
2258 3717 2614 3766 easecutores
2652 3708 2918 3764 molestia!
2949 3722 3084 3763 mem
3135 3722 3247 3763 non
3280 3708 3483 3765 fecero.
3549 3709 3618 3765 Et

2040 3804 2144 3858 hoc
2178 3800 2348 3865 dicto,
2407 3799 2746 3856 indumentis
2797 3806 2998 3856 exutus
3030 3800 3285 3855 cucurrit
3340 3800 3411 3855 ad
3462 3816 3614 3857 mar-

2041 3904 2208 3966 tyres.

2108 4024 2267 4081 Tunc
2294 4024 2459 4080 etiam
2492 4023 2551 4080 lit
2580 4021 2841 4095 quiddam
2873 4022 3149 4089 mirabile,
3185 4032 3620 4097 sanctorumque

2037 4114 2236 4186 gratia,
2264 4121 2319 4167 et
2345 4113 2519 4183 ipsius
2552 4112 2724 4166 multo
2755 4120 2810 4167 et
2838 4126 3039 4183 magno
3091 4111 3305 4168 fervore
3356 4113 3620 4183 dignissi-

2039 4220 2212 4258 mum.
2243 4200 2314 4257 Ut
2335 4205 2479 4257 enim
2511 4210 2723 4255 tantum
2757 4209 2972 4272 portam
3007 4199 3249 4256 civitatis
3275 4199 3465 4264 exivit,
3497 4215 3619 4272 qua

2040 4296 2257 4351 lleliace
2294 4295 2564 4365 appellata
2595 4302 2701 4358 est,
2729 4307 2854 4348 mox
2912 4307 3076 4347 aures
3120 4291 3242 4361 ejus
3273 4308 3489 4364 erepere
3523 4310 3619 4365 pa-

2039 4397 2270 4452 tescere,
2307 4396 2362 4441 ct
2394 4386 2675 4440 hominum
2719 4385 2837 4455 ipse
2878 4398 3044 4439 voces
3075 4386 3306 4451 audire;
3360 4392 3416 4440 et
3443 4402 3619 4457 quau-

355 4474 741 4529 πυνθάνεσθαι*
771 4476 884 4544 ὅσῳ
903 4475 962 4529 δὲ
989 4477 1055 4548 τῇ
1092 4477 1291 4549 πορείᾳ
1314 4479 1636 4548 προέκοπτε,
1679 4479 1926 4534 τοσοῦτον

2041 4484 2155 4530 tum
2209 4475 2263 4529 in
2296 4475 2491 4529 itinere
2537 4471 2879 4543 proﬁciebat,
2938 4479 3146 4525 tantum
3182 4488 3346 4527 voces
3378 4475 3617 4543 recipie-

355 4566 543 4637 φωνῆς
589 4565 773 4619 πλεῖον
820 4564 1261 4638 ἁντιλαμὸάνετο
1283 4582 1298 4598 ο
1345 4569 1440 4621 καὶ
1480 4568 1622 4622 οὕτω
1661 4568 1721 4623 τὸ
1758 4568 1932 4640 δῶρον

354 4658 493 4730 πρὸς
538 4657 638 4730 τὴν
681 4658 784 4728 τῆς
828 4657 953 4712 ὀδοῦ
999 4658 1285 4730 προκοπὴν
1320 4658 1700 4730 κομιζόμενος,
1733 4660 1793 4713 ἐν
1823 4660 1935 4731 ὅσῳ

355 4752 464 4805 τῶν
509 4749 684 4819 ἁγίων
710 4749 883 4822 εἰσιίη
910 4749 973 4805 τὸ
997 4750 1243 4822 τέμενος,
1302 4751 1369 4805 τὰ
1409 4751 1613 4805 τέλειον
1637 4753 1738 4823 τῆς
1767 4752 1935 4823 ἀκοῆς

355 4842 733 4913 ἀπελάμϐανε,
789 4843 898 4897 πᾶν
948 4842 1094 4913 ἴχνος
1132 4842 1227 4896 καὶ
1262 4841 1548 4913 γνώρισμα
1588 4842 1688 4913 τῆς
1733 4841 1934 4912 πολλῆς

355 4938 569 5005 ἐκείνης
615 4933 916 5005 ἁπολείψας
971 4933 1301 5003 κωφὼσεως.
1346 4932 1457 4988 Καὶ
1511 4932 1577 5004 δὴ
1618 4933 1717 5004 τὴν
1765 4931 1937 5004 pem

355 5027 501 5080 κατὰ
533 5027 633 5097 τὴν
666 5026 895 5096 πορείαν
927 5024 1285 5096 δρεψάμενος,
1319 5022 1396 5087 ὡς
1432 5022 1591 5093 ὑγιὴς
1613 5026 1727 5087 τοῖς
1760 5024 1936 5092 ἁγίοις

355 5121 453 5174 καὶ
502 5119 601 5189 οὐχ
634 5118 711 5181 ὡς
759 5118 900 5188 ἔχων
950 5116 1298 5189 προσηρχετο
1337 5115 1551 5185 νόσημα
1576 5131 1590 5145 ι
1632 5115 1728 5167 καὶ
1773 5132 1939 5186 προο-

355 5212 588 5280 ενέγκας
613 5210 774 5274 εὐθὺς
806 5207 876 5263 τὰ
908 5210 1261 5280 χαριστήρια,
1290 5207 1426 5279 ᾠδαὶ
1449 5208 1495 5261 δ’
1523 5203 1662 5278 ἦσαν
1693 5208 1819 5272 τοὺς
1849 5224 1937 5261 σε·

356 5305 610 5367 σωκότας
640 5303 1015 5373 γεραίρουσαι,
1049 5302 1149 5373 τὴν
1171 5300 1340 5372 αὐτὴν
1357 5299 1558 5362 εὐθέως
1583 5299 1889 5372 ὑπέστρεφε
1918 5318 1935 5334 ο

358 5401 496 5471 μηδὲ
547 5396 773 5455 καθίσαι
820 5396 963 5452 κατὰ
1011 5396 1105 5449 τὸν
1150 5394 1258 5448 τῶν
1291 5392 1584 5464 μαρτύρων
1615 5394 1781 5462 σηκῖιν
1806 5393 1937 5445 ἁνα-

357 5494 640 5564 σχόμενος.
688 5491 799 5545 Καὶ
826 5491 989 5560 ἡμεῖς
1036 5488 1094 5542 δὲ
1130 5486 1231 5556 τὴν
1280 5487 1408 5555 περὶ
1457 5484 1648 5537 τούτου
1683 5482 1945 5569 διήγησιν

356 5583 833 5655 ὶκπληρώσαντις,
886 5582 980 5635 καὶ
1007 5580 1076 5634 τὰ
1099 5581 1243 5650 ὑπὲρ
1268 5577 1440 5647 αὐτῆς
1468 5574 1800 5646 χαριπήρία
1826 5577 1940 5639 τοῖς

359 5675 536 5743 ἁγίοις
584 5675 955 5747 προσάξαντες
972 5714 989 5739 ,
1013 5674 1266 5745 διήγησιν
1293 5668 1776 5738 ἄλλουοποιὼμεθα
1805 5667 1939 5723 θαύ-

361 5783 552 5840 patec.
868 5778 873 5781 “

645 5860 918 5922 Parnm“
958 5862 1071 5922 Gn.
1112 5858 1485 5923 LXXXVII.
1524 5896 1528 5900 ι

2033 4567 2146 4631 bat,
2173 4575 2223 4621 et
2254 4566 2335 4621 sic
2352 4566 2554 4621 donum
2582 4564 2885 4620 secundum
2903 4562 3006 4619 viae
3030 4564 3334 4635 profectum
3354 4566 3618 4636 paulatim

2037 4659 2368 4730 percipiens,
2424 4656 2553 4711 dum
2607 4663 2928 4711 sanctorum
2992 4656 3375 4726 ingrederetur
3429 4655 3618 4712 basilib

2036 4763 2181 4812 cam,
2240 4745 2633 4818 perfectionem
2673 4743 2986 4800 resumebat
3027 4744 3272 4809 auditus,
3330 4747 3479 4800 omni
3522 4762 3616 4800 ve-

2038 4839 2201 4909 stigio
2250 4847 2306 4894 et
2357 4838 2517 4907 signo
2576 4836 2764 4905 multa:
2805 4850 2920 4891 suae
2970 4835 3225 4892 absurdae
3277 4836 3613 4892 infirmitatis
3708 4896 3713 4899 μ

2037 4931 2237 4987 deleto.
2293 4927 2539 4999 Cumque
2598 4925 3036 4981 incolumitatem
3097 4925 3293 4981 itinere
3338 4927 3618 4997 percepis-

2039 5031 2142 5090 set,
2190 5034 2449 5093 tanquam
2484 5034 2654 5077 satius
2682 5026 2737 5074 et
2791 5033 2901 5072 non
2934 5017 3079 5073 sicut
3137 5026 3377 5089 aegrotus
3431 5033 3619 5090 proce-

2039 5118 2201 5173 debat
2252 5115 2318 5169 ad
2363 5123 2630 5178 sanctos;
2666 5120 2716 5167 et
2751 5110 3053 5182 gratiarum
3119 5110 3431 5166 actionibus
3481 5126 3619 5166 con-

2039 5208 2219 5263 testim
2278 5205 2501 5270 oblatis,
2579 5205 2832 5260 cautibus
2918 5204 3139 5259 scilicet
3218 5204 3620 5261 honorantibus

2041 5302 2365 5363 salvatores,
2395 5298 2585 5355 eadem
2618 5298 2710 5353 die
2740 5298 3011 5353 continuo
3047 5296 3337 5356 remeavit.
3375 5312 3478 5352 nec
3531 5314 3623 5354 se-

2040 5393 2169 5448 dere
2195 5390 2416 5461 quidem
2448 5389 2504 5444 in
2560 5400 2862 5461 martyrum
2909 5387 3139 5444 basilica
3171 5399 3392 5459 passus.
3448 5384 3624 5444 Porro

2042 5502 2143 5541 nos
2194 5486 2262 5540 de
2314 5484 2421 5539 hoc
2471 5482 2792 5539 narratione
2840 5480 3134 5552 completa,
3191 5488 3247 5534 et
3319 5474 3622 5555 gratiarum

2040 5578 2248 5636 sanctis
2276 5575 2470 5635 ciliciis
2497 5576 2813 5647 persolutis,
2845 5573 3171 5636 relationem
3200 5571 3432 5633 alterius
3451 5572 3625 5635 facie-

2042 5686 2166 5727 mus
2193 5668 2463 5726 miraculi.

3179 5852 3289 5912 113
