4020 6200
377 337 513 403 9601

1329 382 1335 387 .
1386 335 1490 394 SS.
1531 328 1705 393 CYRI
1746 332 1841 392 ET
1867 328 2187 393 JOANNIS
2227 330 2646 393 MIRACULA.

3510 329 3579 392 ὃὸ
3598 328 3650 391 ὶέ
3691 332 3707 338 ”

377 455 476 520 τῆς
510 450 746 511 πόλεως.
769 442 937 511 οὗτος
971 446 1283 516 βαρυτάτην
1309 444 1466 513 ἔσχεν
1506 444 1810 506 ἀσθένειαν,
1850 442 1970 512 ⁴ητις

2086 443 2260 497 lonlus
2318 442 2491 497 urbis.
2539 443 2640 498 Hic
2698 440 3079 511 gravissimam
3135 437 3372 495 habebat
3422 437 3654 491 ium-mi-

379 544 438 594 ού
461 541 650 594 παισὶν
677 539 899 610 ἰατρῶν,
921 539 1021 591 οὐκ
1066 536 1247 598 ἄλλοις
1292 534 1624 605 ἀνθρώποις,
1659 534 1762 587 οὐκ
1813 531 1965 601 αύτῷ

377 633 456 702 τῷ
481 631 726 686 νοσοῦντι
750 634 848 685 καὶ
877 629 1140 699 πάσχοντι
1185 628 1322 698 δήλη
1377 626 1539 697 μέχρι
1579 628 1821 697 σήμερον
1868 627 1964 693 γε·

379 740 530 791 γονε,
564 721 679 776 ἀλλ’
709 720 990 788 ἄγνωστος
1020 715 1331 789 ἀνθρώποις
1364 717 1602 785 ἐγένετο,
1636 718 1729 769 καὶ
1751 731 1966 769 παυσα-

383 814 522 885 μένη
576 812 670 866 καὶ
700 810 805 881 πρὸ
830 809 1041 871 τούτοις
1075 808 1383 875 ὑπάρξασα.
1416 807 1577 862 Ἐὁόα
1609 807 1716 877 γάρ
1749 807 1909 873 μόνον
1938 805 1967 857 ὁ

380 906 663 976 apsum;
688 902 758 956 τὰ
809 900 1092 971 σπλάγχνα
1136 900 1325 964 δεινῶς
1364 898 1840 968 κατατρώγεσθαι,
1877 898 1969 950 καὶ

383 997 571 1066 ὥσπερ
594 994 700 1049 ὑπὸ
728 994 1027 1064 σκωλήκων
1052 990 1473 1063 βισρώσκεσθαι,
1506 991 1643 1062 μήτε
1665 991 1765 1059 τὴν
1790 989 1969 1043 αἰτίαν

385 1085 563 1150 εἰδὼς.
600 1086 736 1157 μήτε
760 1084 822 1137 τὸ
853 1083 1020 1145 πάθος
1051 1081 1325 1145 παντελῶς
1380 1080 1764 1149 ἐπιστάμενος.
1804 1078 1969 1134 Ἀλλὰ

387 1182 481 1232 καὶ
527 1178 636 1231 τῶν
675 1177 878 1245 ἰατρῶν
911 1174 961 1227 οἱ
1019 1172 1339 1242 σοφώτεροι,
1374 1172 1469 1226 καὶ
1522 1171 1681 1236 δόξαν
1711 1170 1971 1239 εἰδήσεως

360 1234 622 1338 ,ἶὲχοντεῇ
661 1266 851 1321 τοῦτον
876 1266 1175 1334 συχνότατα
1212 1263 1503 1335 βλέποντες
1539 1266 1681 1317 κατά
1721 1259 1967 1326 κάθοδον,

369 1352 553 1426 ἐξιλλην
584 1357 678 1411 καὶ
702 1355 869 1425 ἀλλην
896 1354 996 1425 τὴν
1031 1354 1189 1407 νόσον
1241 1354 1496 1420 ἐδόξαζον
1522 1370 1534 1383 ·
1576 1354 1672 1405 καὶ
1724 1350 1821 1404 νῦν
1872 1351 1972 1419 μὲν

375 1432 612 1517 ξταύτην,
640 1449 735 1503 νῦν
756 1447 803 1502 δ’
831 1449 1050 1517 ἐκείνην
1070 1446 1359 1516 ὲφήμιζονο
1385 1447 1480 1499 καὶ
1507 1446 1637 1498 ποτὲ
1670 1445 1770 1515 μὲν
1790 1444 1970 1509 τοῦτο,

397 1482 612 1517 υωυυιιν,
646 1482 786 1503 νδνν
831 1482 1338 1517 ὖηῦινιινῠγιιμίξνν
1387 1482 1480 1499 λῇ.
1512 1482 1637 1498 εινυῠ
1670 1482 1770 1515 νῦν
1801 1482 1970 1509 IVUIV'

357 1482 518 1623 iam:
550 1540 597 1593 δ’
652 1542 829 1592 ἐκεῖνο
867 1539 924 1591 τό
958 1538 1135 1591 αἴτιον
1194 1536 1412 1605 ελεγον·
1464 1542 1560 1589 καὶ
1615 1534 1678 1588 τὸ
1731 1536 1973 1606 σήμερον

374 1620 591 1706 ἀρέσαν
620 1635 761 1705 μετά
810 1634 1049 1703 σοϐαράς
1104 1632 1310 1702 ὀφρύος
1359 1633 1474 1693 τοῖς
1521 1629 1747 1693 ἅπασιν,
1783 1626 1974 1699 αὔριον

390 1727 754 1796 σοϐαρωτέρῳ
813 1726 1126 1794 φρονήματι
1188 1721 1493 1784 διεπτύετο,
1547 1721 1641 1775 καὶ
1678 1720 1843 1775 πάλιν
1881 1721 1973 1773 ὑπ’

2068 542 2257 597 tatem,
2299 549 2421 603 qua:
2470 549 2580 588 non
2634 533 2926 603 discipulis
2973 531 3342 591 medicorum,
3392 546 3498 585 non
3534 530 3657 586 aliis

2072 627 2408 691 hominibus,
2439 643 2548 682 non
2583 628 2685 697 ipsi
2715 627 2997 698 languenti
3033 640 3208 696 usque
3238 624 3402 680 hodie
3431 624 3649 687 claruit,

2069 719 2164 775 sed
2206 723 2391 788 ignota
2434 728 2555 775 erat
2589 719 2928 783 hominibus,
2956 726 3012 774 et
3060 718 3316 788 primitus
3342 716 3472 770 dum
3510 717 3655 772 exsi-

2070 818 2261 877 steret,
2326 820 2383 865 et
2438 811 2789 881 postmodum
2839 826 2963 867 eum
3025 820 3314 866 cessasset.
3372 808 3655 866 Clamabat

2070 900 2215 956 enim
2257 907 2469 955 tantum
2508 900 2762 956 inﬁrmus
2795 916 2856 976 se
2895 900 3160 956 atrociter
3206 900 3517 956 visceribus
3564 916 3659 955 co-

2072 992 2255 1056 medi,
2318 1008 2496 1063 neque
2555 1008 2779 1049 causam
2844 992 3051 1056 sciens,
3110 1007 3287 1061 neque
3345 993 3659 1064 passionem

2071 1096 2304 1151 prorsus
2352 1097 2681 1153 agnoscens.
2736 1082 2842 1138 Sed
2878 1090 2933 1138 et
2976 1084 3316 1138 medicorum
3371 1084 3664 1153 sapientis-

2073 1173 2222 1238 simi,
2247 1181 2303 1228 et
2331 1174 2648 1244 opinionem
2679 1173 2927 1230 scientiae
2968 1173 3258 1241 habentes,
3300 1174 3444 1229 hunc
3477 1176 3665 1246 saepis-

2073 1262 2211 1318 sime
2242 1263 2519 1319 intuentes
2542 1278 2639 1332 per
2675 1263 2994 1329 circuitum,
3024 1264 3188 1319 alium
3223 1273 3275 1319 et
3329 1266 3497 1320 alium
3548 1268 3668 1337 opi-

2075 1355 2347 1410 nabantur
2405 1356 2679 1422 morbum,
2725 1365 2783 1411 et
2842 1370 2990 1411 nunc
3037 1357 3258 1427 quidem
3309 1356 3475 1423 hunc,
3521 1374 3667 1414 nituc

2073 1462 2205 1501 vero
2234 1436 2386 1501 illum
2416 1448 2808 1514 dill‘amabant;
2836 1460 2889 1504 et
2925 1449 3223 1519 aliquando
3248 1449 3468 1519 quidem
3501 1450 3666 1511 hanc,

2075 1538 2372 1608 aliquando
2411 1550 2594 1594 autem
2628 1540 2778 1594 illam
2816 1555 2939 1595 esse
2972 1556 3199 1597 causam
3235 1542 3666 1612 asseverabant;

2076 1639 2131 1685 et
2160 1629 2309 1700 quod
2343 1631 2505 1686 hodie
2531 1632 2791 1687 omnibus
2828 1632 3077 1699 placebat
3127 1648 3254 1687 cum
3303 1634 3449 1687 elato
3476 1648 3670 1702 super-

2079 1723 2228 1786 cilio,
2261 1737 2387 1778 eras
2421 1724 2596 1793 magis
2639 1724 2784 1776 elato
2835 1739 3001 1778 sensu
3040 1724 3437 1793 reSpuebatur;
3466 1733 3521 1779 et
3555 1724 3670 1779 ite-

391 1819 569 1872 αύτὼν
601 1816 951 1883 ἀνετρέπετο,
979 1813 1167 1882 ἕτερον
1191 1811 1332 1865 εἶναι
1363 1813 1457 1865 καὶ
1489 1811 1551 1865 οὐ
1577 1811 1638 1865 τὸ
1667 1810 1852 1881 χθιζὸν
1883 1811 1976 1881 βε-

2086 1829 2201 1867 rmn
2247 1815 2395 1884 quod
2450 1817 2520 1870 ab
2575 1815 2686 1870 illis
2742 1815 3109 1880 refutabatur,
3149 1815 3300 1872 aliud
3351 1817 3671 1873 hesternum

390 1907 734 1976 δαιούμενον.
770 1906 856 1968 Ὠς
888 1905 942 1957 δὲ
967 1904 1178 1958 πολλῶν
1199 1904 1458 1957 τοιούτων
1489 1904 1519 1957 ό
1548 1902 1829 1974 ἄρρωστος
1861 1905 1977 1955 πεῖ-

394 2022 493 2073 ραν
528 2003 730 2074 πολλὴν
779 2001 1015 2070 διῆλθεν,
1071 2002 1168 2054 καὶ
1215 2000 1482 2071 διαφορὰν
1512 1999 1608 2053 τοῦ
1637 2000 1846 2063 πάθους
1879 2000 1978 2071 οὐχ

388 2098 667 2163 εὕρισκεν,
701 2091 815 2146 ἀλλ’
876 2093 936 2144 ἐν
969 2091 1184 2154 ὀδύναις
1226 2091 1315 2144 ἀεὶ
1345 2093 1465 2152 ταῖς
1522 2091 1717 2153 αύταῖς
1749 2090 1972 2158 ἐγνωρίσ

389 2184 537 2250 ζετο,
573 2184 700 2251 μίαν
725 2180 866 2237 εἶναι
896 2182 1082 2239 κακῶν
1112 2182 1504 2246 διασκέπτεται
1549 2180 1651 2254 τὴν
1686 2182 1823 2252 πρὸς
1866 2179 1982 2236 Κῦ-

397 2295 488 2347 ρον
518 2279 611 2330 καὶ
647 2276 901 2346 Ἰωάννην
920 2275 1045 2338 τοὺς
1078 2275 1362 2345 μάρτυρας
1394 2271 1599 2342 ἄφιξιν.
1644 2275 1706 2328 El
1752 2275 1827 2345 μὴ
1871 2275 1981 2347 γὰρ

396 2362 561 2426 οὗτοι,
587 2368 774 2438 φησὶν.
807 2366 1012 2436 ταύτης
1050 2382 1118 2436 με
1148 2366 1249 2434 τῆς
1297 2366 1545 2437 ἀνάγκης
1587 2365 1979 2437 λυτρώσονται,

394 2459 467 2523 ὡς
500 2462 594 2514 καὶ
618 2460 729 2513 τὼν
757 2459 1004 2529 κρυφίων
1036 2458 1137 2528 τὴν
1163 2457 1392 2527 ἔρευναν
1425 2456 1661 2528 ἔχοντες,
1692 2458 1787 2512 καὶ
1814 2457 1982 2527 γινώ-

395 2566 546 2604 σκειν
591 2549 879 2621 δυνάμενοι
910 2548 982 2602 τά
1025 2551 1139 2612 τοῖς
1186 2548 1369 2613 ἀλλοις
1416 2547 1725 2619 ἀνθρώποις
1754 2548 1981 2612 ἀθέατα,

393 2640 552 2703 ἄλλος
574 2640 750 2703 οὐδείς
792 2656 859 2710 με
902 2640 1075 2695 σῶσαι
1097 2639 1412 2710 δυνήσεται,
1444 2639 1606 2710 χάριν
1630 2624 1886 2709 τοιαύτην
1920 2641 1983 2693 ἐκ

392 2730 530 2784 Θεοῦ
563 2730 639 2801 μὴ
663 2732 981 2801 δεξάμενος.

465 2821 682 2891 Ταύτην
729 2822 809 2886 εἰς
860 2822 988 2884 τοὺς
1022 2821 1214 2890 ἁγίους
1239 2821 1341 2890 τὴν
1398 2821 1581 2876 πίστιν
1609 2821 1980 2892 φραξάμενος,

397 2919 535 2985 πρὸς
574 2916 771 2981 αὐτοὺς
793 2917 1180 2987 παραγίνεται,
1201 2916 1298 2970 καὶ
1329 2915 1480 2987 διττῆ
1506 2918 1701 2986 χρόνον
1737 2916 1841 2970 άνά
1873 2916 1985 2969 τῶν

394 3008 575 3063 αὐτῶν
625 3012 792 3076 σηκὸν
844 3007 1222 3079 διαιτώμενος,
1258 3010 1355 3063 καί
1386 3009 1625 3071 πίστεως
1679 3009 1756 3079 μὴ
1793 3006 1984 3064 παθὼν

392 3101 495 3170 τῆς
522 3101 604 3165 εἰς
625 3101 751 3164 τοὺς
784 3105 1070 3172 μάρτυρας
1096 3100 1309 3170 ὖφισιν,
1340 3101 1408 3172 ἣν
1430 3103 1460 3154 ὁ
1486 3099 1743 3180 τοσρῦτος
1790 3100 1985 3171 καιρὸς

397 3194 583 3257 ἱκανὸς
613 3189 684 3265 ἦν
707 3192 857 3263 αὐτῷ
883 3192 1352 3265 κατεργάσασθαι,
1384 3191 1559 3256 οὕτως
1584 3193 1883 3255 ἀπαύστως
1909 3192 1982 3257 ὡς

394 3287 607 3356 ἔφημεν
644 3285 971 3356 όδυνωμένῳ
1004 3286 1102 3340 καὶ
1145 3286 1404 3358 κράζοντι
1427 3325 1441 3348 ,
1479 3286 1573 3338 καὶ
1609 3284 1744 3354 μηδὲ
1784 3284 1986 3349 νύκτας

397 3380 531 3451 μηδὲ
555 3380 655 3449 τῆς
685 3380 825 3449 μετά
853 3379 1059 3449 ταύτην
1107 3379 1323 3448 ἡμέρας
1354 3377 1414 3430 τὸ
1477 3376 1694 3430 σύνολον
1732 3378 1942 3446 λέγοντι
1967 3416 1983 3442 ,

394 3470 495 3540 τὴν
548 3469 715 3540 ρὧιν
772 3469 1013 3539 ἀθρόως,
1040 3459 1360 3539 κομίζεται·
1396 3468 1535 3537 μήτε
1570 3485 1625 3521 τι
1674 3466 1987 3531 κελευσθεὶς

398 3558 823 3630 διαπράξασθαι,
852 3557 1043 3629 ὥσπερ
1082 3557 1323 3620 ἅπαντες
1370 3559 1421 3610 οἱ
1454 3556 1717 3621 παθόντες
1763 3559 1855 3611 καὶ
1885 3572 1986 3609 πα-

403 3648 510 3701 θῶν
527 3650 693 3725 ἕνεκα
713 3649 791 3719 τῷ
821 3649 935 3719 ναῷ
970 3648 1423 3720 παρεδρεύοντες,
1461 3651 1598 3719 μήτε
1644 3666 1697 3701 τι
1744 3649 1834 3702 διὰ
1874 3664 1980 3716 γα-

406 3742 559 3808 στρὸς
592 3740 848 3811 ἐμϐαλὼν
875 3741 908 3811 ἢ
943 3741 1237 3808 ἀναγαγὼν
1269 3725 1657 3812 διάστόματος
1676 3758 1691 3772 ο
1734 3740 1895 3810 μόνον
1922 3741 1981 3794 δὲ

401 3834 524 3894 τοῦς
556 3832 743 3900 ἁγίους
796 3831 934 3902 μετὰ
982 3832 1081 3900 τὴν
1142 3833 1310 3902 ρῶσιν
1357 3831 1662 3902 ἑωρακέναι
1702 3830 1985 3899 λέγοντας,

413 3924 548 3978 Ἰδού
581 3941 640 3977 σε
667 3924 774 3976 τῶν
805 3924 993 3977 παθῶν
1019 3925 1365 3995 ὲρνσάμεθα,
1389 3925 1483 3976 καὶ
1510 3923 1703 3987 πάθοις
1745 3923 1928 3977 οὐκέτι
1958 3923 1987 3977 ὃ

354 4050 359 4054 -
407 4013 569 4085 μέχρι
614 4013 707 4068 τοῦ
761 4015 1024 4085 παρόντος
1086 4015 1400 4084 ύπέμεινες.
1441 4014 1707 4078 Ἀναστὰς
1757 4013 1850 4067 οὖν
1876 4015 1977 4084 τὴν

401 4107 780 4177 ἑνεγκαμὲνην
835 4107 1135 4172 κατάλαϐε,
1195 4108 1394 4178 μηκέτι
1430 4107 1595 4162 τοῦτο
1654 4107 1867 4160 δειλιῶν
1925 4108 1986 4160 τὸ

402 4196 741 4270 ἀρρώστημα
760 4215 776 4230 ⁶
816 4201 934 4253 ἐκεῖ
953 4198 1011 4251 δὲ
1034 4199 1376 4269 γιγνόμενος,
1403 4200 1485 4262 εἰς
1513 4198 1782 4271 ἡμέτερον
1813 4198 1985 4270 ὄνομα

406 4287 671 4356 φύτευσον
703 4288 969 4358 ἄμπελον,
1000 4289 1092 4340 καὶ
1120 4287 1326 4357 ταύτην
1357 4289 1516 4358 ἡμεῖς
1554 4289 1650 4341 σὺν
1678 4288 1760 4340 σοὶ
1805 4305 1983 4360 γεωρ-

404 4382 666 4449 γήσομεν,
699 4380 794 4433 καὶ
819 4379 1067 4450 φυλακὴν
1098 4379 1236 4448 ὁμοῦ
1293 4381 1394 4449 τὴν
1442 4379 1822 4450 ἁρμόττουσαν
1853 4382 1987 4448 ἡμῖν

2081 1904 2253 1961 fuisse
2286 1906 2678 1961 allirmahatur.
2709 1907 2847 1962 Cum
2885 1915 3068 1963 autem
3100 1908 3354 1963 inlirmus
3378 1908 3672 1963 multorum

2081 1998 2271 2053 talium
2303 1998 2743 2067 experimentqu
2785 1998 3017 2053 multum
3058 2014 3124 2055 ac
3170 2000 3452 2054 diversum
3483 2015 3675 2070 plu-co.

2078 2093 2273 2163 pisset,
2301 2089 2853 2161 nieliorationemque
2885 2076 3160 2160 passionis
3195 2108 3303 2148 non
3349 2095 3672 2157 invenisset,

2080 2182 2178 2239 sed
2213 2183 2267 2237 in
2295 2181 2577 2240 doloribus
2602 2198 2818 2253 semper
2843 2184 3049 2239 eisdem
3084 2192 3435 2253 perseverare
3473 2186 3673 2256 digno-

2082 2281 2350 2340 sceretur,
2369 2288 2532 2328 unam
2561 2287 2687 2329 esse
2712 2273 3043 2327 solutionem
3060 2273 3346 2337 deliberat,
3375 2274 3442 2329 ad
3468 2273 3671 2347 Cyrqu

2082 2364 2295 2419 scilicet
2345 2373 2400 2419 et
2443 2362 2734 2419 Joannem-
2765 2362 3196 2434 profectionem;
3242 2366 3345 2419 nisi
3382 2368 3527 2419 enim
3581 2367 3672 2422 isri

2084 2472 2190 2521 me,
2240 2458 2338 2518 ait,
2390 2471 2420 2510 a
2473 2456 2805 2512 necessitate
2851 2455 3227 2523 liberaverint,
3257 2458 3350 2527 qui
3385 2467 3442 2513 et
3484 2460 3675 2514 occul-

2084 2554 2263 2603 torum
2300 2546 2630 2600 scrutinium
2687 2545 2907 2610 habent,
2957 2556 3014 2601 et
3061 2562 3401 2617 cognoscere
3444 2562 3675 2621 possunt

2084 2653 2207 2709 qum
2249 2638 2374 2694 aliis
2423 2648 2554 2693 sunt
2606 2638 2925 2694 hominibus
2972 2640 3293 2704 invisibilia,
3328 2642 3472 2697 alius
3516 2658 3676 2697 nemo

2085 2728 2299 2785 salvare
2336 2745 2422 2786 me
2452 2731 2673 2801 poterit,
2711 2731 2806 2786 tali
2841 2748 2872 2787 a
2908 2731 3021 2789 Deo
3052 2733 3228 2803 gratia
3278 2748 3386 2788 non
3427 2745 3673 2807 accepta.
3760 2777 3767 2783 .

2159 2820 2267 2876 llac
2298 2836 2426 2893 erga
2458 2833 2684 2878 sanctos
2722 2820 2829 2879 (ide
2867 2822 3136 2893 munitus,
3166 2823 3234 2878 ad
3275 2838 3373 2880 eos
3420 2825 3592 2890 venit,
3622 2830 3676 2879 et

2088 2929 2185 2984 per
2240 2912 2522 2970 biennium
2561 2914 2617 2969 in
2657 2929 2849 2970 eorum
2890 2913 3149 2972 habitans
3186 2917 3412 2985 templo,
3455 2928 3509 2970 et
3552 2916 3675 2971 ﬁdei

2085 3005 2235 3061 circa
2269 3013 2546 3076 martyres
2575 3004 2851 3060 defectum
2885 3020 2996 3060 non
3025 3006 3262 3077 patiens,
3306 3007 3373 3062 ad
3400 3022 3562 3076 quem
3596 3009 3677 3061 ui-

2089 3096 2288 3152 mirnm
2340 3096 2680 3167 Operandum
2736 3098 2786 3153 ei
2850 3106 3062 3154 tantum
3122 3105 3342 3169 tempus
3401 3098 3679 3154 sulliciens

2009 3167 2054 3229 Ο
2089 3187 2307 3255 fuerat;
2335 3201 2458 3244 cum
2504 3188 2586 3243 sic
2627 3188 3026 3257 indesinenter,
3073 3196 3131 3243 ut
3175 3167 3432 3256 disirnus,
3467 3189 3678 3244 doleret

2089 3287 2252 3349 atque
2279 3279 2565 3345 clamaret,
2592 3287 2647 3334 et
2676 3295 2856 3350 neque
2888 3292 3050 3337 nocte
3081 3294 3259 3353 neque
3291 3282 3380 3336 die
3412 3296 3534 3353 qua!
3558 3293 3676 3350 post

2087 3372 2229 3427 ha’nc
2256 3372 2433 3427 fuerat
2455 3372 2866 3436 terminaretur,
2888 3372 3071 3429 subito
3089 3375 3320 3443 percipit
3335 3375 3677 3442 sospitatem,

2088 3476 2267 3531 neque
2296 3461 2431 3529 quid
2475 3471 2663 3532 ageret
2686 3461 2883 3531 jussus
2915 3478 3067 3518 more
3095 3466 3344 3520 omnium
3377 3465 3471 3535 qui
3508 3481 3676 3519 causa

2054 3552 2408 3637 passionum
2462 3551 2520 3607 in
2567 3553 2770 3623 templo
2810 3555 3194 3619 morabantur,
3239 3572 3416 3626 neque
3470 3540 3677 3624 aliquid

2071 3645 2765 3721 perventremimmittens,
2812 3654 2908 3699 aut
2962 3660 3057 3713 per
3111 3661 3175 3702 os
3207 3648 3487 3713 edocens;
3533 3649 3681 3703 solos

2089 3745 2271 3791 autem
2317 3747 2543 3795 sanctos
2581 3747 2707 3809 post
2750 3740 3043 3796 sanitatem
3077 3742 3211 3797 rldit
3237 3740 3343 3797 sibi
3379 3741 3626 3798 dicentes
3662 3759 3676 3796 :

2088 3827 2233 3885 Ecce
2271 3835 2325 3884 te
2348 3844 2380 3884 a
2415 3830 2765 3899 passionibus
2814 3824 3184 3896 liberavimus,
3220 3844 3276 3889 et
3304 3833 3532 3904 patieris
3570 3850 3676 3889 non

2083 3918 2197 3987 jam
2217 3919 2364 3988 quod
2380 3927 2610 3976 eatenus
2637 3921 2934 3991 pertulisti.
2956 3920 3202 3993 Surgcns
3223 3938 3376 3995 ergo,
3401 3923 3469 3977 ad
3490 3924 3677 3978 urbem

2088 4026 2212 4081 quae
2259 4020 2312 4067 te
2341 4014 2568 4083 protulit
2608 4014 2721 4080 abi,
2757 4016 2996 4071 ulterius
3040 4016 3185 4071 hanc
3222 4032 3335 4073 non
3374 4014 3678 4071 formidans

2089 4104 2631 4161 inlirmitatem.Cum
2650 4115 2833 4162 autem
2859 4108 2992 4164 illuc
3020 4110 3364 4179 perveneris,
3387 4109 3453 4162 ad
3477 4123 3677 4162 nomen

2089 4208 2341 4253 nostrum
2397 4199 2584 4268 planta
2631 4200 2821 4263 vitem,
2854 4207 2910 4255 et
2950 4202 3092 4255 hanc
3142 4210 3322 4255 tecum
3368 4216 3470 4255 nos
3517 4215 3681 4255 exco-

2091 4287 2287 4351 lenms,
2313 4296 2369 4343 et
2397 4289 2766 4345 communiter
2794 4284 3416 4360 ejusvindemiabimus
3449 4293 3676 4353 bonum,

2090 4379 2158 4435 ad
2192 4380 2543 4452 torcularque
2580 4391 2926 4452 asportatum
2977 4383 3141 4437 sinml
3195 4384 3557 4438 calcauimus.
3596 4383 3677 4437 'l‘u

405 4467 826 4538 προσοισόμεθα,
859 4468 953 4521 καὶ
986 4468 1181 4531 κοινῶς
1210 4469 1383 4537 αὐτῆς
1409 4470 1501 4524 καὶ
1525 4468 1617 4520 τὸν
1640 4467 1835 4540 βότρυν
1858 4469 1979 4539 δρε-

2090 4483 2273 4526 autem
2321 4474 2505 4528 vimun
2553 4473 2841 4530 nobiscum
2889 4475 3170 4541 dividens,
3208 4484 3415 4545 partem
3458 4476 3678 4545 quidem

407 4560 645 4630 ᾠόμεθα,
675 4561 772 4614 καὶ
821 4561 957 4631 πρὸς
1003 4552 1167 4630 ληνὸν
1198 4561 1483 4632 ἐρχόμενοι
1530 4565 1982 4632 συμπατήσομεν.

407 4655 478 4706 Σὺ
508 4654 563 4706 δὲ
590 4654 683 4706 τὸν
709 4648 849 4706 οἶνον
882 4653 1001 4722 μεθ’
1032 4653 1189 4723 ἡμῶν
1220 4654 1576 4724 μεριζόμενος
1609 4655 1705 4726 τὴν
1735 4656 1834 4725 μὲν
1885 4656 1985 4725 σὴν

405 4733 713 4818 ἀπόμοιραν
733 4745 998 4813 λάμϐανε,
1026 4747 1120 4799 καὶ
1150 4745 1225 4808 ὡς
1261 4746 1326 4799 ἂν
1356 4745 1561 4807 ἐθέλοις
1602 4745 1860 4800 ἀνάλισκε
1881 4762 1895 4775 ο
1927 4745 1988 4799 τὸ

409 4835 574 4907 μέρος
598 4836 653 4888 δὲ
683 4836 744 4888 τὸ
794 4836 1065 4906 ἡμέτερον
1105 4835 1223 4889 κατ’
1246 4834 1368 4898 ἔτος
1393 4835 1577 4888 ἐνθάδε
1612 4835 1884 4888 κατάὸαλε
1910 4836 1988 4897 εἰς

405 4924 557 4981 οῐκον
588 4926 780 4981 τοῦτον
808 4926 903 4979 τὸν
927 4928 1219 4998 ἡμέτερον,
1268 4931 1362 4981 καὶ
1411 4928 1571 4979 τοῦτο
1598 4930 1708 4990 τοῖς
1758 4930 1815 4978 ἐν
1845 4926 1991 4998 αὐτῴ

410 5017 657 5072 νοσοῦσιν
684 5017 932 5087 ἀδελφοῖς
961 5019 1321 5089 καταμέριζε.
1908 5078 1917 5087 ε

482 5112 588 5164 Καὶ
619 5110 792 5163 ταῦτα
845 5110 944 5179 μὲν
972 5106 1126 5164 εἷπον
1158 5112 1208 5164 οἱ
1263 5110 1559 5181 μάρτυρες,
1609 5110 1704 5164 καὶ
1736 5112 1796 5163 οὐ
1830 5112 1992 5180 μόνον

407 5198 582 5268 εἷπον,
626 5201 763 5254 άλλά
799 5202 893 5255 καὶ
916 5202 1190 5273 φήσαντες
1216 5202 1478 5273 ἔπραξαν.
1521 5203 1609 5255 Ἐν
1635 5203 1859 5271 Θηϐαΐδι
1883 5202 1991 5273 γὰρ

408 5290 649 5348 ἀνελθὼν
677 5294 708 5345 ό
750 5294 1057 5359 Ἀντώνιος,
1088 5286 1283 5349 θάττον
1316 5297 1391 5360 ὡς
1433 5294 1736 5364 ἐκελεύσθη
1767 5296 1992 5364 φυτεύει

407 5388 507 5456 τὴν
536 5385 802 5455 ἄμπελον,
827 5387 922 5438 καὶ
940 5390 1066 5448 τοὺς
1101 5386 1288 5454 ἁγίους
1319 5390 1377 5441 ὲν
1411 5389 1578 5442 πᾶσιν
1598 5383 1679 5452 οἷς
1705 5390 1992 5459 εἰρήκασιν

411 5480 588 5551 εὑρὼν
608 5480 1030 5554 ἀιτιλήπτορας.
1055 5484 1523 5552 συμφυτεύοντας,
1552 5485 1987 5556 συντρυγῶντας,

412 5574 507 5627 καὶ
539 5575 666 5635 τοὺς
699 5572 931 5643 βότρυας
961 5574 1369 5641 συνθλίϐοντας,
1400 5577 1495 5630 καὶ
1514 5577 1578 5647 δὴ
1617 5577 1873 5648 μέγιστον
1899 5578 1994 5630 εύ-

413 5664 733 5733 λογοῦντας,
763 5667 857 5720 καὶ
882 5668 1205 5730 σκέποντας,
1230 5670 1322 5721 καὶ
1348 5669 1523 5723 πάντα
1545 5668 1751 5739 ἀρεστὰ
1783 5668 1997 5723 ποιούν-

416 5770 514 5818 τας
545 5755 638 5810 καὶ
661 5753 882 5809 εὖκολα.
912 5756 1047 5810 Κατ’
1072 5756 1204 5810 αὐτὸ
1224 5758 1290 5826 δὴ
1315 5757 1375 5810 τὸ
1402 5757 1518 5820 ἔτος
1548 5757 1829 5828 διώρυξεν,
1858 5759 1993 5828 ξφύ-

2090 4570 2241 4617 tuam
2272 4560 3050 4635 accipe,etquomodocunque
3086 4564 3220 4619 velis
3246 4564 3523 4633 expende;
3552 4579 3680 4634 par-

2090 4660 2198 4706 tem
2230 4667 2360 4707 vero
2398 4663 2639 4708 nostram
2682 4661 2789 4708 huc
2831 4669 2928 4724 per
2961 4654 3212 4725 singulos
3240 4669 3416 4710 annos
3445 4655 3679 4717 devehe,

2092 4742 2145 4796 iu
2180 4742 2322 4797 hanc
2371 4742 2625 4797 videlicet
2672 4742 2896 4798 domtun
2951 4755 3222 4812 nostram,
3257 4754 3311 4800 et
3365 4746 3508 4801 hanc
3564 4746 3679 4800 ιω.

2090 4834 2382 4904 guentibus
2407 4834 2461 4889 in
2492 4850 2554 4890 ea
2593 4833 2857 4890 fratribus
2883 4834 3087 4892 divide.

1992 5068 2000 5077 ⁸
2042 5086 2093 5105 κ

2163 5109 2231 5163 Et
2262 5119 2531 5181 martyres
2563 5109 2782 5179 quidem
2813 5108 2929 5162 haec
2950 5108 3228 5175 dixerunt,
3253 5119 3309 5164 et
3358 5127 3463 5165 non
3502 5112 3678 5164 solum

2095 5205 2372 5265 dixerunt,
2423 5203 2517 5257 sed
2558 5208 2614 5257 et
2655 5201 2907 5256 dicentes
2951 5213 3202 5272 egerunt.
3251 5202 3309 5257 In
3345 5202 3681 5257 Thebaidem

2096 5308 2335 5363 namque
2362 5307 2483 5346 cum
2518 5291 2766 5348 venisset
2798 5291 3094 5360 Antonius,
3121 5294 3335 5364 plantat
3353 5294 3514 5349 ocius
3538 5294 3681 5349 sicut

2091 5385 2283 5455 jussus
2317 5397 2401 5439 est
2438 5383 2632 5447 vitem,
2670 5390 2898 5438 sanctos
2942 5382 2997 5437 in
3041 5383 3298 5439 omnibus
3331 5400 3454 5454 quae
3494 5384 3683 5440 dixere

2100 5478 2462 5549 opitulatores
2508 5475 2821 5541 inveniens,
2859 5490 3047 5533 secum
3083 5477 3296 5532 scilicet
3343 5479 3680 5548 plautautes,

2101 5586 2286 5627 secum
2308 5569 2646 5633 excoleutes,
2673 5582 2862 5623 secum
2881 5568 3281 5625 vindemiantes
3307 5577 3362 5623 et
3389 5570 3685 5640 botryone:

2099 5670 2304 5733 pariter
2333 5662 2781 5733 comprimentes,
2813 5668 2869 5719 et
2906 5659 3052 5730 quod
3096 5668 3182 5715 est
3218 5660 3562 5729 potissimum
3592 5659 3683 5714 bc-

2101 5758 2417 5815 ucdicenlcs
2437 5768 2487 5815 et
2517 5763 2895 5828 protegentes,
2916 5762 3084 5822 atque
3104 5753 3291 5809 omnia
3310 5766 3429 5819 quae
3453 5750 3689 5808 didicit:
