4020 6200
428 147 577 211 3605

1458 152 1569 214 SS.
1605 152 1777 214 CYRI
1803 152 1895 214 ET
1925 148 2244 214 JOANNIS
2283 155 2700 217 MIRACULA.

3549 154 3692 220 3606

434 261 663 329 ὥρμητο
691 260 789 329 τῆς
812 259 954 314 κατά
982 256 1111 313 Σαῖν
1138 260 1235 329 τὴν
1267 259 1418 313 πόλιν
1450 261 1767 331 Μετήλεως.
1792 260 2017 322 Τούτοις

2123 262 2402 331 coquitur.
2438 261 2708 318 Praterea
2738 261 3011 329 Georgius
3048 260 3417 332 possessionis
3456 273 3573 317 erat
3603 281 3703 318 cu-

434 353 499 404 ὲκ
524 351 801 422 διαφόρων
852 351 1171 422 ἑρχομένοις
1212 353 1395 406 τόπων
1458 352 1837 423 προσκυνῆσαι
1888 351 2016 415 τοὺς

439 443 746 514 μάρτυρας,
801 444 1004 512 γύναια
1074 445 1168 498 δύο
1212 444 1470 513 διάφορα,
1494 446 1590 499 καὶ
1613 446 1794 498 τόπων
1823 444 1984 518 διαφό
2004 474 2017 484 -

441 549 548 603 ρων
578 532 900 605 ὁρμώμενα,
963 535 1280 607 προσφορὰς
1335 536 1627 606 διαφόρους
1671 538 1783 599 τοῖς
1841 537 2018 603 ἁγίοις

439 626 774 697 προσφέρειν
826 625 1178 698 παρέχουσινο
1204 628 1283 698 τῷ
1303 628 1401 698 μὲν
1436 628 1547 697 γάρ
1630 628 1864 699 ῐιιαμὼθ
1898 647 2017 699 τρι-

442 717 648 785 μήσσια
681 716 776 770 δύο
811 716 1063 769 δέδωκεν·
1093 709 1158 768 ὗν
1182 716 1240 770 δὲ
1271 718 1364 769 καὶ
1388 717 1465 787 τῷ
1492 717 1750 786 Γεωργίῳ
1777 717 2019 786 παρέσχε

440 808 498 859 τὸ
535 807 743 877 ἓτερον·
774 807 811 861 ἃ
832 807 902 861 δι’
930 809 1123 860 ἑαυτὸν
1156 809 1256 879 μὲν
1278 809 1469 876 ἔλεγον
1493 810 1720 876 ἐνέγκαι
1757 810 2019 875 συντάξας

442 899 585 964 σθαι,
625 898 700 969 μὴ
728 898 1023 967 δυνάμεναι
1050 900 1108 953 δὲ
1150 899 1322 953 ταῦτα
1351 901 1419 953 δῖ’
1467 902 1678 954 ἑαυτῶν
1720 901 2017 972 προσενέγο

441 984 678 1053 κασθαι,
721 992 935 1061 ἀνάγκῃ
972 991 1117 1053 τινὸς
1166 991 1263 1061 τὴν
1291 991 1520 1062 πορείαν
1543 990 1867 1057 κωλύοντος,
1908 991 2022 1043 δια-

442 1083 620 1145 κόνοις
646 1081 860 1144 τούτοις
880 1083 1199 1152 ἐκέχρηντο,
1228 1084 1314 1135 ἴνα
1351 1082 1524 1136 ταῦτά
1552 1100 1717 1148 φασιν
1746 1083 2017 1145 ἀπιόντες,

439 1176 555 1237 τοῖς
570 1173 749 1242 ἁγίοις
763 1174 904 1243 ὑπὲρ
923 1176 954 1245 ή
963 1174 1078 1243 μῶν
1097 1174 1529 1254 προσκομίσητεο
1552 1175 1708 1245 χρέος
1722 1176 1829 1244 γὰρ
1852 1177 2020 1228 ταῦτα

444 1268 535 1319 καὶ
569 1266 627 1318 ού
656 1266 831 1335 δῶρον
880 1266 1260 1335 τυγχάνουσιν.
1296 1268 1360 1319 Οἰ
1408 1266 1467 1319 5s
1499 1268 1598 1327 τὰς
1623 1267 1875 1338 αἰτήσεις
1909 1267 2018 1320 τῶν

442 1359 680 1427 γυναίων
734 1357 1040 1425 δεξάμενοι,
1095 1359 1193 1412 σὺν
1237 1359 1428 1422 αὐταῖς
1451 1360 1546 1412 καί⁵
1563 1359 1632 1412 τά
1662 1360 1914 1429 διδόμενα
1936 1360 2022 1412 δέ·

443 1449 1120 1519 χονται,ού’φιλαδελφίας
1178 1449 1345 1504 ἕνεκα
1398 1453 1493 1504 καὶ
1546 1452 1715 1521 τιμῆς
1743 1452 1844 1521 τῆς
1884 1452 2022 1522 πρὸς

441 1543 568 1605 τους
599 1540 910 1611 μάρτυρας,
941 1541 1188 1612 ὑπῆρχον
1209 1544 1318 1613 γὰρ
1341 1545 1404 1596 ἂν
1436 1544 1526 1597 καὶ
1557 1544 1841 1613 μακάριοι,
1874 1561 2018 1615 μαρ-

441 1632 659 1702 τυρικοῦ
700 1634 1042 1704 σεϐάσματος
1080 1636 1178 1701 καὶ
1234 1636 1587 1706 φιλαλληλίας
1638 1637 1801 1707 χάριν
1860 1639 2018 1691 τούτο

442 1725 773 1795 ποιούμενον
812 1725 927 1780 ἀλλ’
974 1727 1056 1780 ὅτι
1083 1727 1313 1780 κλέπται
1360 1724 1504 1797 ἦσαν
1533 1744 1550 1760 ο
1580 1728 1742 1782 τοῦτο
1771 1728 1880 1799 γὰρ
1923 1730 2018 1783 καὶ

439 1816 806 1887 περὶτούτων
852 1821 1028 1872 εἰπεῖν
1085 1822 1226 1873 κατὰ
1252 1820 1344 1873 τὸν
1391 1819 1536 1875 οείον
1570 1822 1825 1893 Ἰωάννην
1871 1826 2020 1877 ἐστὶν

441 1908 695 1978 ἁρμόδιον
717 1925 733 1940 ’
767 1910 860 1962 καὶ
880 1910 942 1963 τὸ
969 1910 1123 1964 δοθὲν
1153 1913 1356 1965 οἰκεῖον
1390 1913 1739 1983 προσεδόκων
1791 1913 2016 1985 λημμά-

439 2016 554 2052 τιον
576 2015 588 2026 ·
618 1999 646 2052 ὃ
668 1999 759 2053 καὶ
804 2017 871 2052 πε
882 2002 1177 2071 πράχασιν.
1226 2005 1446 2070 ἀγνοεῖν
1493 2002 1652 2057 τοῦτο
1679 2006 1805 2068 τοὺς
1828 2006 2018 2072 ἁγίους

436 2090 693 2158 οἰόμενοι.
736 2090 874 2144 Ἀλλ’
902 2092 1070 2156 ὅντως
1107 2094 1158 2146 oi
1190 2094 1412 2149 δείλαιοι
1475 2096 1776 2166 ἀμφότεροι
1831 2097 2018 2161 κακῶς

439 2181 951 2251 πραγματεύονται·
983 2184 1232 2238 εὐτελέσι
1267 2186 1375 2256 γὰρ
1398 2186 1653 2256 λήμμασι
1678 2188 1768 2241 καὶ
1791 2204 2019 2258 σμικρο-

443 2275 620 2337 τάτοις
647 2275 787 2328 πάνυ
814 2275 1146 2345 τιμήμασιν,
1184 2277 1452 2348 βασάνους
1482 2278 1727 2349 μεγάλας
1764 2280 2018 2350 κομίζον·

442 2381 572 2430 ται,
630 2367 726 2420 καὶ
783 2368 1059 2440 τιμωρίας
1102 2369 1165 2422 ού
1224 2370 1455 2440 μετρίας
1514 2371 1838 2439 ὑφίστανται
1872 2387 1887 2401 ⁶
1950 2372 2017 2426 ἵν’

438 2456 750 2526 Αἰγυπτίων
785 2460 1006 2514 πάντων
1038 2460 1332 2515 παιδευταὶ
1357 2462 1602 2529 γένοιντο
1632 2464 1726 2516 καὶ
1755 2463 2018 2519 διδάσκα-

438 2546 542 2613 λοι,
591 2550 781 2619 ἁγίους
840 2550 1023 2605 σέϐειν
1083 2550 1162 2615 ὡς
1199 2551 1428 2622 ὤφελον,
1483 2553 1706 2624 καὶτῆς
1739 2556 1920 2609 αὐτῶν
1942 2556 2018 2628 μὴ

439 2641 772 2697 καταπτύειν
798 2643 1103 2715 δυνάμεως.
1142 2644 1420 2708 Λαϐόντες
1453 2645 1565 2717 γὰρ
1605 2646 1716 2700 τῶν
1773 2648 2018 2715 γυναίων

436 2733 504 2786 τὰ
524 2735 798 2804 τάγματα,
843 2737 937 2789 καὶ
964 2736 1101 2806 πρὸς
1127 2735 1437 2808 προσευχὴν
1463 2738 1811 2809 ἀφικόμενοι,
1844 2740 2018 2794 ταῦτα

437 2823 560 2876 καθ’
589 2825 707 2879 ὁδὸν
735 2825 1174 2897 δαπανήσαντες,
1226 2827 1392 2899 πάλιν
1437 2829 1798 2901 ἀπέρχονται,
1846 2832 2016 2903 Κύρῳ

443 2916 609 2987 μηδὲν
658 2918 755 2971 καὶ
793 2919 1017 2991 Ἰωάννῃ
1070 2921 1183 2983 τοῖς
1236 2919 1500 2991 μάρτυσι,
1544 2915 1621 2976 ὧν
1657 2923 2007 2992 ἐκομίσαντο.
2040 2957 2085 3015 c

439 3011 931 3082 προσκομίσαντες.

512 3105 620 3156 Καὶ
634 3104 839 3158 τούτων
862 3103 1323 3177 γιγνωσκομένων
1338 3106 1617 3179 ἐμακροῦύ
1626 3126 1759 3177 μουν
1777 3110 1825 3161 οἱ
1846 3111 1985 3177 ἅγιοι
1997 3151 2012 3172 ,

435 3195 536 3265 τήν
565 3196 906 3266 μετάγνωσιν
932 3199 1112 3253 αὐτῶν
1142 3199 1524 3270 ἀναμένοντες,
1557 3202 1648 3253 καὶ
1696 3202 1788 3253 τὸν
1814 3204 2015 3255 Δεσπό-

431 3304 537 3355 την
568 3287 801 3356 Χριστὸν
833 3290 925 3341 καὶ
954 3290 1013 3342 ὲν
1038 3289 1213 3359 τούτῳ
1249 3289 1632 3361 φιλανθρωπίᾳ
1665 3292 2012 3363 μιμούμενοι.

448 3377 589 3437 Ἀλλ’
614 3378 690 3442 ὡς
719 3380 826 3433 ίδον
860 3380 1266 3443 καταλαϐόντας
1305 3381 1373 3434 τά
1416 3381 1544 3443 ἴδια,
1577 3382 1673 3435 καὶ
1728 3384 1862 3454 πρὸς
1916 3387 2016 3454 μὲν

437 3468 664 3533 ἑαυτοὺς
693 3470 1157 3541 ἀναστρέψαντας,
1195 3474 1295 3526 οὐκ
1318 3473 1763 3545 ἀναστρέψαντας
1793 3476 1848 3528 δὲ
1880 3476 2017 3546 πρὸς

442 3562 751 3631 μετάνοιαν,
786 3563 954 3627 ἀξίως
1013 3565 1364 3637 ἀμφοτέρους
1423 3567 1746 3629 αἰκίζονταιο
1778 3567 1875 3619 τοῦ
1917 3569 2015 3636 μὲν

440 3652 666 3720 Πιαμὼθ
692 3654 866 3718 πόδας
891 3656 985 3707 καὶ
1014 3658 1203 3726 χεῖρας
1246 3655 1627 3724 συνδήσαντες,
1654 3658 1750 3710 καὶ
1785 3660 1891 3710 πᾶν
1917 3659 2015 3711 αύ-

436 3747 526 3799 τού
546 3747 607 3799 τὸ
626 3745 785 3817 σῶμα
807 3749 925 3810 ταῖς
951 3747 1054 3817 τῆς
1074 3748 1360 3819 παρέσεως
1388 3749 1604 3812 ὀδύναις
1630 3750 2010 3820 μαστίξαντες·

436 3837 713 3909 Γεωργίου
742 3837 821 3902 δὲ,
854 3837 1043 3892 τοῦτον
1087 3839 1609 3910 συγκαταϐρὼξαντι
1663 3843 2014 3914 πονηροτάτῳ

434 3931 649 4001 δαίμονι
692 3931 792 4000 τὴν
833 3930 1083 4002 εἰσϐολὴν
1148 3934 1627 4003 συγχωρήσαντες.
1686 3935 1912 3996 Γνόντες
1950 3934 2009 3989 δὲ

434 4023 630 4078 Θᾶττον
652 4026 702 4078 oi
727 4024 957 4088 τάλανες
988 4025 1115 4089 τοὺς
1143 4026 1542 4092 κακώσαντας,
1562 4026 1659 4079 καὶ
1713 4027 2012 4099 διαρρήδην

435 4115 601 4168 πᾶσιν
646 4115 1081 4187 ὁμολογήσαντες
1136 4118 1250 4179 τοῖς
1290 4116 1518 4181 οἰκείοις
1562 4117 1633 4171 τά
1670 4119 2012 4189 πταίσματα,

435 4206 756 4275 αἰτήσαντες
783 4207 841 4261 δὲ
864 4207 960 4260 καὶ
988 4207 1056 4260 τὰ
1081 4206 1278 4275 γύναια
1305 4211 1374 4261 τά
1402 4209 1503 4273 τάς
1561 4211 1882 4281 προσφορὰς
1918 4213 2015 4266 αύ-

2116 350 2337 420 jttsdam
2369 353 2513 423 apud
2548 352 2846 425 Egyptqu
2870 354 3185 424 degentium
3217 355 3317 426 (i).
3341 353 3436 411 llis
3461 371 3489 409 a
3522 356 3700 411 diver-

2119 445 2198 499 sis
2244 447 2595 503 venientibus
2647 449 2783 502 locis
2821 457 3093 519 martyres
3130 446 3383 513 adorare,
3444 447 3702 505 mulieres

2121 540 2242 589 dua:
2270 538 2499 592 diversa:
2524 551 2589 592 ac
2610 539 2948 594 diversorum
2990 540 3232 595 locorum
3259 540 3528 604 orittndte,
3547 542 3703 595 obla-

2121 624 2303 680 tiones
2347 626 2596 683 diversas
2637 629 2847 682 sanctis
2891 630 3142 683 tribuunt
3178 627 3489 683 oﬂ‘erendas
3523 646 3539 683 :
3578 645 3702 683 nam

2125 718 2317 772 harum
2357 720 2579 788 quidem
2612 720 2780 775 altera
2812 721 3062 775 Piamollt
3096 721 3330 775 trimisia
3351 721 3461 776 duo
3488 722 3701 783 tribuit.

2123 825 2277 861 suem
2318 821 2498 864 autem
2536 809 2770 883 Georgio
2804 810 3034 880 prtebuit
3075 811 3279 875 altera;
3323 796 3445 881 qua
3507 826 3605 880 per
3643 828 3703 867 se

2121 900 2343 969 quidem
2398 900 2685 954 oblaturas
2729 917 2789 955 se
2837 901 3053 955 vovisse
3101 900 3379 965 dicebant,
3433 902 3528 955 sed
3572 914 3699 955 cum

2124 990 2240 1044 haec
2267 1007 2362 1060 per
2392 1008 2452 1046 se
2476 991 2695 1046 deferre
2731 1006 2841 1045 non
2876 1000 3122 1061 possent,
3160 992 3491 1047 necessitate
3514 991 3704 1063 cujus-

2122 1082 2248 1136 dam
2277 1082 2372 1152 qui
2421 1084 2564 1136 viam
2614 1083 2969 1152 impediebat,
3019 1082 3104 1137 Itis
3144 1084 3236 1150 qui
3284 1082 3522 1139 ministri
3562 1098 3702 1154 opus

2123 1173 2421 1240 habebant,
2464 1185 2522 1229 ut
2568 1178 2682 1229 inec
2707 1176 2863 1229 aiunt
2899 1176 3163 1230 abeuntes
3201 1174 3445 1231 oﬂeratis
3495 1178 3703 1233 sanctis

2126 1282 2226 1335 pro
2262 1268 2457 1333 nobis;
2489 1268 2733 1322 debitum
2768 1268 2916 1323 enim
2950 1268 3087 1332 haec,
3117 1278 3170 1324 et
3196 1284 3305 1323 non
3334 1270 3538 1325 donum
3567 1286 3702 1325 con-

2094 1346 2348 1415 ’sistunt.
2379 1361 2446 1414 At
2475 1361 2550 1413 illi
2585 1361 3050 1429 postulationibus
3083 1360 3409 1415 feminarum
3440 1364 3701 1432 acceptis.

2123 1463 2251 1502 cum
2274 1450 2356 1502 eis
2391 1450 2555 1503 etiam
2586 1466 2708 1519 quae
2752 1451 2956 1505 dantur
2985 1461 3296 1515 assumunt,
3349 1468 3456 1506 non
3499 1455 3703 1507 amoris

2123 1537 2483 1593 Irateruitatis
2525 1541 2606 1594 vel
2647 1539 2873 1595 honoris
2921 1550 3225 1610 martyrum
3267 1555 3472 1605 causa,
3516 1551 3705 1597 essent

2050 1621 2092 1678 Β
2121 1630 2266 1684 enim
2310 1628 2449 1684 beati
2494 1631 2537 1684 si
2583 1630 2862 1700 martyrici
2919 1631 3125 1692 cultus,
3162 1636 3219 1685 et
3264 1631 3436 1683 tnutui
3497 1634 3705 1686 amoris

2121 1722 2298 1792 gratia
2334 1721 2449 1775 hinc
2479 1721 2736 1791 egissent.
2768 1720 2861 1774 sed
2882 1721 3009 1789 quia
3043 1719 3191 1774 fures
3217 1728 3403 1786 erant;
3432 1720 3538 1776 ltoc
3558 1721 3702 1773 enim

2121 1818 2287 1869 etiam
2325 1814 2393 1868 de
2432 1813 2519 1868 his
2551 1813 2856 1868 secundum
2881 1812 3129 1866 divinum
3163 1810 3436 1867 Joannem
3467 1822 3593 1882 apte
3617 1812 3705 1866 di-‘

2122 1906 2357 1959 cendum
2383 1915 2501 1972 est;
2546 1904 2779 1976 etquod
2824 1905 3012 1959 datum
3047 1904 3247 1969 fuerat,
3292 1904 3575 1975 proprium
3612 1920 3707 1959 ex-

2123 1997 2447 2064 spectabant
2470 1994 2860 2050 munusculum
2897 1993 3101 2060 facere,
3123 1992 3268 2064 quod
3299 1999 3355 2048 et
3386 2003 3703 2064 gesserunt.

2120 2087 2225 2140 hoc
2278 2097 2499 2142 sanctos
2546 2087 2805 2156 ignorare
2860 2094 3137 2156 putantes.
3191 2084 3299 2140 Sed
3343 2100 3471 2140 vere
3518 2086 3705 2140 miseri

2119 2179 2280 2234 ambo
2304 2180 2446 2233 male
2479 2179 2707 2233 mercati
2748 2189 2916 2243 sunt;
2955 2177 3160 2232 vilibus
3190 2178 3335 2232 enim
3380 2179 3705 2245 acceptioni-

2120 2270 2223 2327 bus
2254 2280 2308 2326 et
2349 2270 2506 2326 valde
2540 2270 2743 2326 modici
2782 2270 2941 2341 pretii
2974 2278 3247 2327 tormenta
3297 2284 3494 2339 magna
3527 2270 3703 2338 perci-

2119 2369 2305 2439 piunt,
2342 2377 2395 2422 et
2445 2382 2636 2439 pmnas
2681 2368 2827 2423 haud
2877 2366 3182 2421 mediocres
3221 2366 3544 2431 incurrunt,
3594 2382 3705 2436 quo

2122 2460 2520 2544 Aigyptiorum.
2529 2461 2775 2515 omnium
2797 2458 3111 2515 eruditores
3137 2458 3329 2513 tierent
3360 2467 3416 2513 et
3433 2458 3701 2527 magistri.
3723 2440 3732 2452 ’

2120 2563 2344 2607 sanctos
2371 2559 2431 2604 ut
2458 2552 2703 2606 debitum
2731 2559 2816 2606 est
2847 2546 3086 2613 colendi,
3114 2563 3419 2618 eorumque
3447 2550 3702 2605 virtutem

2120 2644 2346 2729 minime
2379 2642 2697 2712 respuendi.
2735 2640 2994 2711 Acceptis
3023 2639 3171 2694 enim
3209 2639 3500 2694 mulierum
3539 2639 3705 2704 votis,

2120 2733 2186 2787 ad
2218 2737 2535 2788 orationem
2567 2732 2799 2802 profecti
2841 2741 2995 2794 sunt,
3033 2742 3085 2786 et
3124 2732 3211 2787 his
3234 2732 3287 2786 in
3321 2732 3406 2785 via
3446 2745 3707 2787 consum-

2120 2828 2249 2897 ptis,
2291 2828 2539 2890 redeunt,
2571 2840 2697 2882 eum
2733 2827 2879 2898 Cyro
2901 2826 3037 2880 nihil
3068 2834 3123 2880 et
3150 2815 3346 2881 ,Ιοέηηὶ
3368 2826 3705 2896 martyribus

2119 2936 2182 2974 ex
2216 2920 2302 2975 Itis
2334 2937 2456 2990 qua:
2488 2922 2685 2974 collata
2724 2919 2961 2982 fuerant,
2994 2918 3347 2974 obtulissent.

2197 3105 2261 3155 lit
2288 3103 2374 3156 liis
2395 3104 2582 3174 gestis,
2612 3101 2995 3165 aequanimiter
3028 3101 3271 3156 ferebant
3292 3102 3501 3163 sancti,
3535 3101 3707 3170 pumi-

2124 3199 2352 3250 tet.tiam
2371 3213 2562 3250 eorum
2582 3203 2989 3265 exspectantes,
3008 3203 3061 3249 et
3083 3194 3292 3250 Domini
3307 3193 3512 3250 Cltristi
3540 3193 3702 3248 etiam

2123 3290 2177 3345 in
2213 3290 2317 3343 hoc
2353 3289 2788 3343 misericordiam
2819 3288 3121 3342 imitantes.
3153 3286 3417 3343 Sed'cum
3437 3286 3735 3343 vidissent.

2121 3395 2216 3435 eos
2243 3380 2310 3434 ad
2352 3381 2569 3449 propria
2617 3395 2917 3445 remeasse,
2959 3387 3014 3431 et
3054 3379 3121 3433 ad
3152 3396 3210 3434 se
3239 3393 3563 3444 conversos,
3595 3394 3704 3433 non

2123 3482 2309 3525 autem
2345 3487 2645 3526 conversos
2680 3472 2747 3524 ad
2790 3471 3195 3541 paenitentiam,
3225 3469 3389 3540 digne
3428 3469 3707 3541 ﬂagellant

2125 3572 2450 3630 utrumque;
2487 3563 2735 3616 l’iatnotlt
2769 3563 2986 3632 quidetn
3019 3576 3213 3615 manus
3252 3569 3306 3615 et
3347 3561 3512 3631 pedes
3542 3562 3703 3617 colli-

2121 3668 2336 3728 gentes.
2379 3664 2431 3709 et
2464 3664 2639 3708 totum
2670 3672 2870 3725 corpus
2900 3654 3020 3721 ejus
3061 3652 3377 3724 paralyseos
3420 3653 3705 3710 doloribus

2121 3750 2506 3806 verberantes;
2536 3746 2756 3818 Georgii
2790 3757 2990 3811 autem,
3023 3746 3115 3816 qui
3149 3760 3272 3800 cum
3306 3746 3482 3800 altero
3512 3760 3706 3816 accep.

2121 3849 2234 3892 tum
2285 3854 2512 3907 porcum
2545 3837 2621 3907 (Ξ)
2653 3837 2987 3899 cometlerat,
3028 3835 3270 3905 pessimo
3310 3836 3582 3892 daemonio
3620 3837 3706 3890 in-

2123 3932 2347 3985 troitum
2396 3930 2764 3999 indulgentes.
2794 3927 3046 3999 Cumque
3080 3928 3350 3983 maturius
3398 3928 3585 3984 miseri
3624 3931 3703 3983 af—

2120 4020 2372 4092 ﬂigentcs
2405 4038 2464 4077 se
2508 4021 2922 4092 cognovissent,
2957 4027 3011 4075 et
3065 4018 3244 4090 palam
3289 4021 3547 4076 omnibus
3585 4022 3703 4077 suis

2121 4118 2371 4187 proprias
2418 4113 2663 4170 confessi
2693 4116 2886 4185 culpas
2922 4113 3173 4177 fuissent,
3214 4113 3707 4185 postulassentque

2124 4210 2374 4271 feminas.
2400 4225 2523 4280 qua:
2554 4208 2863 4265 oblationes
2885 4208 2990 4263 sibi
3028 4208 3396 4278 pratbuerant,
3426 4222 3494 4262 ne
3514 4223 3573 4261 se
3591 4222 3706 4261 ma-

434 4299 547 4361 τοῐς
568 4299 988 4370 παρασχόμενα,
1020 4301 1289 4371 κατάραις
1322 4301 1504 4366 αὐτοῖς
1526 4302 1601 4373 μὴ
1622 4303 2014 4371 καθάπτεσθαι,

2127 4300 2515 4372 ledictionibus
2540 4300 2891 4370 impeterent.
2916 4298 2984 4353 ad
3013 4308 3237 4353 sanctos
3270 4298 3428 4353 sicuti
3460 4314 3566 4354 non
3588 4313 3707 4367 ενοι

436 4389 572 4459 πρδς
632 4390 758 4453 τοὺς
814 4391 1004 4459 ἁγίους
1026 4391 1104 4455 ὡς
1133 4392 1235 4445 οὐκ
1299 4392 1539 4463 ήλπισαν
1593 4394 1866 4464 ἔρχονται,
1916 4397 2012 4450 καὶ

436 4480 767 4553 συγγνώμης
790 4486 976 4552 τυχεῖν
1024 4478 1335 4536 ὲλιτάνευον
1356 4475 1432 4535 ὧν
1457 4483 1537 4547 εἰς
1567 4484 1765 4549 αὐτοὺς
1825 4488 2011 4557 ἡμαρσ

432 4574 686 4642 τήκασιν,
713 4577 1008 4647 σωφρονεῖν
1028 4575 1124 4629 τού
1162 4575 1353 4629 λοιποῦ
1385 4576 1830 4643 συνταττόμενοι.

504 4668 568 4721 Οί
594 4667 651 4720 δὲ
681 4667 961 4739 μάρτυρες
992 4667 1085 4721 τὸν
1108 4665 1336 4738 Πιαμὼθ
1373 4668 1466 4720 ἐπὶ
1496 4668 1671 4739 μῆνας
1702 4667 1761 4735 ἐξ
1794 4672 2009 4723 αἰκισά-

438 4773 589 4827 μενοι
610 4759 719 4811 τῶν
748 4740 998 4829 βασάνων
1025 4759 1251 4827 ἀφιᾶσιν
1264 4774 1293 4832 ’0
1308 4759 1404 4813 καὶ
1437 4760 1541 4812 τὸν
1564 4760 1767 4828 τρόπον
1784 4759 1838 4813 δὲ
1857 4760 2008 4825 λέξο-

438 4867 538 4920 μεν
554 4851 652 4921 τῆς
669 4852 943 4920 ἀφέσεωςο
974 4850 1122 4904 ἔστιν
1147 4850 1256 4922 γὰρ
1276 4851 1584 4920 διηγήσεως
1600 4852 1770 4916 ἀξιοςο
1794 4852 2015 4906 ἐκάθευο

432 4942 490 4997 δε
523 4941 754 5013 Πιαμὼθ
785 4943 882 4995 ἐπὶ
935 4941 1258 5014 στρώματα,
1299 4945 1395 4996 καὶ
1420 4942 1639 5011 βλέπειν
1683 4944 1856 4998 ἐδόκει
1887 4947 2015 5009 τοὺς

436 5036 627 5104 ἁγίους
683 5035 921 5106 ὁράματι
969 5034 1144 5089 ταῦτα
1174 5035 1573 5108 προσελθόντας
1607 5036 1703 5089 καὶ
1731 5035 2011 5105 λέγοντας.

436 5127 625 5192 Θέλεις
650 5130 835 5199 τυχεῖν
865 5125 966 5197 τῆς
1022 5128 1217 5192 ἰάσεως
1243 5132 1336 5182 καὶ
1362 5130 1555 5198 φυγεῖν
1581 5128 1682 5199 τῆς
1726 5130 1885 5183 νόσου
1916 5131 2015 5202 τὴν

437 5214 706 5286 βάσανονς
758 5219 817 5271 ὐ
847 5217 927 5283 δὲ,
953 5218 1063 5272 Καὶ
1084 5219 1250 5290 μάλα,
1279 5219 1416 5291 πρὸς
1440 5219 1637 5283 αὐτοὺς
1659 5221 2008 5294 ἀπεκρίνατο.

2122 4398 2378 4443 raverant
2425 4390 2679 4454 veniunt,
2733 4400 2788 4444 et
2837 4389 3053 4443 veniam
3106 4388 3301 4444 dehis
3354 4405 3477 4460 qua:
3529 4395 3583 4445 in
3626 4406 3697 4445 co

2120 4490 2480 4552 peccaverant
2528 4483 2824 4551 impetrare
2875 4481 3342 4552 deprecabantur,
3387 4482 3587 4554 corrigi
3636 4481 3706 4537 de

2120 4585 2318 4631 caetero
2340 4575 2678 4645 pollicentes.

2191 4667 2458 4738 Martyres
2496 4675 2678 4721 autem
2719 4681 2845 4722 cum
2898 4664 3146 4721 Piamoth
3196 4683 3296 4738 per
3346 4683 3565 4724 menses
3609 4684 3701 4723 sex

2125 4762 2535 4823 verberassent.
2587 4775 2616 4813 a
2658 4759 2943 4830 Suppliciis
2969 4758 3328 4815 dimiserunt.
3368 4758 3431 4813 Et
3479 4757 3702 4813 modum

2121 4868 2340 4923 quoque
2379 4852 2629 4907 dicemus
2660 4850 3046 4918 dimissionis;
3080 4859 3163 4905 est
3194 4851 3341 4907 enim
3385 4852 3703 4905 narratione

2120 4942 2344 5012 dignus.
2381 4940 2692 4995 Dormieltat
2724 4938 2997 5006 Piamotli,
3034 4950 3086 4995 et
3113 4940 3362 5012 aspicere
3396 4952 3620 4997 sanctos
3646 4943 3701 4995 in

2122 5034 2241 5086 visu
2273 5032 2499 5102 putabat
2542 5032 2609 5085 ad
2648 5045 2709 5085 se
2732 5029 3013 5085 venientes
3060 5038 3228 5099 atque
3260 5033 3377 5085 hare
3403 5027 3651 5086 dicentes
3688 5054 3699 5085 :

2123 5124 2219 5179 Vis
2248 5123 2477 5193 adipisci
2525 5125 2818 5178 sanitatem
2857 5130 2911 5177 et
2948 5121 3137 5193 iugere
3177 5137 3207 5176 a
3240 5120 3524 5193 languoris
3571 5137 3705 5191 snp-

2124 5216 2321 5288 plicio?
2349 5218 2417 5271 At
2465 5216 2555 5271 ille
2581 5219 2646 5270 ad
2682 5230 2779 5271 eos
2807 5234 2819 5270 :
2854 5213 2918 5270 Et
2943 5214 3120 5280 valde,
3152 5212 3457 5283 respondit.
3500 5211 3557 5268 Si
3591 5216 3698 5277 vis,

434 5307 499 5363 Ei
532 5308 699 5383 βούλῃ
717 5309 882 5381 φασιν
913 5309 1120 5383 ταύτην
1154 5310 1371 5365 ὲκδύναι
1395 5311 1492 5382 τὴν
1536 5313 1797 5382 μάστιγα,
1830 5314 1898 5366 τὰ
1920 5313 2014 5366 δύο

2123 5312 2303 5373 aiunt,
2342 5310 2464 5364 Altoc
2503 5309 2775 5381 ﬂagellum
2826 5307 3082 5373 evadere,
3126 5305 3236 5362 duo
3278 5305 3513 5363 trimisia
3549 5304 3703 5363 defer

924 5458 936 5487 ι
1157 5423 1161 5429 ’
1954 5426 2187 5483 NOTAE.

458 5517 585 5588 [(1)
629 5515 743 5588 lmn
776 5516 963 5575 G-vcce
1004 5536 1015 5572 :
1066 5516 1323 5574 oriundus
1386 5528 1501 5573 erat
1563 5536 1697 5588 prth
1759 5516 2002 5575 Mendici:

435 5584 576 5645 cited
600 5584 779 5643 urbem
822 5590 976 5645 Sam.

2184 5520 2259 5590 (ιι)
2290 5517 2522 5574 Videtur
2549 5516 2878 5577 Anastasius
2903 5515 3100 5590 legisse
3134 5515 3314 5590 τούτῳ
3339 5516 3402 5573 ὗν
3433 5527 3702 5575 σύμ-,τον-

2110 5589 2435 5664 ϐριῦξαντος.
