  <div class='ocr_page' id='page_1' title='image "/cluster/home/n/w/nwhite01/storage/ocr_20150623/87:3/hvd.32044069650125/417.png"; bbox 0 0 3998 6200; ppageno 0'>
   <div class='ocr_carea' id='block_1_1' title="bbox 349 101 486 169">
    <p class='ocr_par' dir='ltr' id='par_1_1' title="bbox 349 101 486 169">
     <span class='ocr_line' id='line_1_1' title="bbox 349 101 486 169; baseline -0.022 -1"><span class='ocrx_word' id='word_1_1' title='bbox 349 101 486 169; x_wconf 79' lang='grc' dir='ltr'>3θθἸ</span> 
     </span>
    </p>
   </div>
   <div class='ocr_carea' id='block_1_2' title="bbox 1232 110 2745 174">
    <p class='ocr_par' dir='ltr' id='par_1_2' title="bbox 1232 110 2745 174">
     <span class='ocr_line' id='line_1_2' title="bbox 1232 110 2745 174; baseline 0.002 -4"><span class='ocrx_word' id='word_1_2' title='bbox 1232 111 1293 170; x_wconf 91' lang='lat' dir='ltr'><strong>S.</strong></span> <span class='ocrx_word' id='word_1_3' title='bbox 1331 110 1744 170; x_wconf 78' lang='lat' dir='ltr'><strong>SOPHRUNII</strong></span> <span class='ocrx_word' id='word_1_4' title='bbox 1801 111 2305 174; x_wconf 66' lang='lat' dir='ltr'><strong>PATRIARCH/E</strong></span> <span class='ocrx_word' id='word_1_5' title='bbox 2343 114 2745 174; x_wconf 73' lang='lat' dir='ltr'><strong>HlEHOSOL.</strong></span> 
     </span>
    </p>
   </div>
   <div class='ocr_carea' id='block_1_3' title="bbox 3491 116 3626 179">
    <p class='ocr_par' dir='ltr' id='par_1_3' title="bbox 3491 116 3626 179">
     <span class='ocr_line' id='line_1_3' title="bbox 3491 116 3626 179; baseline 0.015 -1"><span class='ocrx_word' id='word_1_6' title='bbox 3491 116 3626 179; x_wconf 84' lang='lat'><strong>3608</strong></span> 
     </span>
    </p>
   </div>
   <div class='ocr_carea' id='block_1_4' title="bbox 349 219 1940 303">
    <p class='ocr_par' dir='ltr' id='par_1_4' title="bbox 349 219 1932 288">
     <span class='ocr_line' id='line_1_4' title="bbox 349 219 1932 288; baseline 0.006 -16"><span class='ocrx_word' id='word_1_7' title='bbox 349 232 472 286; x_wconf 77' lang='lat' dir='ltr'><strong>qna:</strong></span> <span class='ocrx_word' id='word_1_8' title='bbox 507 219 768 288; x_wconf 80' lang='lat' dir='ltr'><strong>accepisti</strong></span> <span class='ocrx_word' id='word_1_9' title='bbox 815 231 869 274; x_wconf 78' lang='lat' dir='ltr'><strong>et</strong></span> <span class='ocrx_word' id='word_1_10' title='bbox 903 238 1012 277; x_wconf 90' lang='lat' dir='ltr'><strong>non</strong></span> <span class='ocrx_word' id='word_1_11' title='bbox 1044 225 1298 287; x_wconf 86' lang='lat' dir='ltr'><strong>attulisti,</strong></span> <span class='ocrx_word' id='word_1_12' title='bbox 1333 236 1385 280; x_wconf 85' lang='lat' dir='ltr'><strong>ct</strong></span> <span class='ocrx_word' id='word_1_13' title='bbox 1412 237 1630 285; x_wconf 73' lang='lat' dir='ltr'><strong>reporta</strong></span> <span class='ocrx_word' id='word_1_14' title='bbox 1675 229 1932 282; x_wconf 71' lang='lat' dir='ltr'><strong>celerius.</strong></span> 
     </span>
    </p>
   </div>
   <div class='ocr_carea' id='block_1_5' title="bbox 2030 219 3629 303">
    <p class='ocr_par' dir='ltr' id='par_1_5' title="bbox 2041 229 3629 303">
     <span class='ocr_line' id='line_1_5' title="bbox 2041 229 3629 303; baseline 0.006 -23"><span class='ocrx_word' id='word_1_15' title='bbox 2041 231 2343 303; x_wconf 80' lang='grc' dir='ltr'>τριμήσσια</span> <span class='ocrx_word' id='word_1_16' title='bbox 2394 231 2610 302; x_wconf 76' lang='grc' dir='ltr'>κόμιζε,</span> <span class='ocrx_word' id='word_1_17' title='bbox 2646 229 2788 300; x_wconf 68' lang='grc' dir='ltr'>ἅπερ</span> <span class='ocrx_word' id='word_1_18' title='bbox 2833 231 3011 284; x_wconf 87' lang='grc' dir='ltr'>λαϐὼν</span> <span class='ocrx_word' id='word_1_19' title='bbox 3053 233 3158 286; x_wconf 84' lang='grc' dir='ltr'><strong>οὐκ</strong></span> <span class='ocrx_word' id='word_1_20' title='bbox 3207 231 3510 301; x_wconf 69' lang='grc' dir='ltr'>λκόμισας,</span> <span class='ocrx_word' id='word_1_21' title='bbox 3541 238 3629 290; x_wconf 74' lang='grc' dir='ltr'>καὶ</span> 
     </span>
    </p>
   </div>
   <div class='ocr_carea' id='block_1_6' title="bbox 346 311 1936 389">
    <p class='ocr_par' dir='ltr' id='par_1_6' title="bbox 346 311 1936 389">
     <span class='ocr_line' id='line_1_6' title="bbox 346 311 1936 389; baseline 0.008 -27"><span class='ocrx_word' id='word_1_22' title='bbox 346 311 447 364; x_wconf 72' lang='lat' dir='ltr'><strong>Ast</strong></span> <span class='ocrx_word' id='word_1_23' title='bbox 488 325 814 377; x_wconf 86' lang='lat' dir='ltr'><strong>conversus,</strong></span> <span class='ocrx_word' id='word_1_24' title='bbox 857 330 1033 383; x_wconf 88' lang='lat' dir='ltr'><strong>neque</strong></span> <span class='ocrx_word' id='word_1_25' title='bbox 1075 317 1220 369; x_wconf 89' lang='lat' dir='ltr'><strong>enim</strong></span> <span class='ocrx_word' id='word_1_26' title='bbox 1273 318 1360 370; x_wconf 91' lang='lat' dir='ltr'><strong>illa</strong></span> <span class='ocrx_word' id='word_1_27' title='bbox 1413 320 1708 383; x_wconf 80' lang='lat' dir='ltr'><strong>tribuerat,</strong></span> <span class='ocrx_word' id='word_1_28' title='bbox 1759 337 1936 389; x_wconf 84' lang='lat' dir='ltr'><strong>neque</strong></span> 
     </span>
    </p>
   </div>
   <div class='ocr_carea' id='block_1_7' title="bbox 349 405 1931 476">
    <p class='ocr_par' dir='ltr' id='par_1_7' title="bbox 349 405 1931 476">
     <span class='ocr_line' id='line_1_7' title="bbox 349 405 1931 476; baseline 0.006 -21"><span class='ocrx_word' id='word_1_29' title='bbox 349 417 479 455; x_wconf 85' lang='lat' dir='ltr'><strong>cum</strong></span> <span class='ocrx_word' id='word_1_30' title='bbox 521 405 735 458; x_wconf 84' lang='lat' dir='ltr'><strong>veniret</strong></span> <span class='ocrx_word' id='word_1_31' title='bbox 776 407 1055 470; x_wconf 89' lang='lat' dir='ltr'><strong>attulerat,</strong></span> <span class='ocrx_word' id='word_1_32' title='bbox 1107 408 1250 461; x_wconf 85' lang='lat' dir='ltr'><strong>netis</strong></span> <span class='ocrx_word' id='word_1_33' title='bbox 1293 410 1569 464; x_wconf 82' lang='lat' dir='ltr'><strong>somnium</strong></span> <span class='ocrx_word' id='word_1_34' title='bbox 1627 411 1931 476; x_wconf 82' lang='lat' dir='ltr'><strong>iudicarit;</strong></span> 
     </span>
    </p>
   </div>
   <div class='ocr_carea' id='block_1_8' title="bbox 348 493 1932 573">
    <p class='ocr_par' dir='ltr' id='par_1_8' title="bbox 348 493 1932 573">
     <span class='ocr_line' id='line_1_8' title="bbox 348 493 1932 573; baseline 0.008 -30"><span class='ocrx_word' id='word_1_35' title='bbox 348 493 442 559; x_wconf 83' lang='lat' dir='ltr'><strong>qui</strong></span> <span class='ocrx_word' id='word_1_36' title='bbox 503 493 631 547; x_wconf 86' lang='lat' dir='ltr'><strong>huic</strong></span> <span class='ocrx_word' id='word_1_37' title='bbox 663 496 1008 563; x_wconf 75' lang='lat' dir='ltr'><strong>.pt&#39;a-dictaui</strong></span> <span class='ocrx_word' id='word_1_38' title='bbox 1059 500 1343 565; x_wconf 80' lang='lat' dir='ltr'><strong>pecuniam</strong></span> <span class='ocrx_word' id='word_1_39' title='bbox 1385 503 1775 567; x_wconf 70' lang='lat' dir='ltr'><strong>commodauit,</strong></span> <span class='ocrx_word' id='word_1_40' title='bbox 1823 521 1932 573; x_wconf 87' lang='lat' dir='ltr'><strong>qua</strong></span> 
     </span>
    </p>
   </div>
   <div class='ocr_carea' id='block_1_9' title="bbox 350 583 1932 664">
    <p class='ocr_par' dir='ltr' id='par_1_9' title="bbox 350 583 1932 664">
     <span class='ocr_line' id='line_1_9' title="bbox 350 583 1932 664; baseline 0.008 -30"><span class='ocrx_word' id='word_1_41' title='bbox 350 583 644 650; x_wconf 79' lang='lat' dir='ltr'><strong>languidus</strong></span> <span class='ocrx_word' id='word_1_42' title='bbox 675 595 923 654; x_wconf 83' lang='lat' dir='ltr'><strong>accepta,</strong></span> <span class='ocrx_word' id='word_1_43' title='bbox 953 590 1405 660; x_wconf 80' lang='lat' dir='ltr'><strong>tnartyribusqne</strong></span> <span class='ocrx_word' id='word_1_44' title='bbox 1439 592 1644 656; x_wconf 85' lang='lat' dir='ltr'><strong>oblata,</strong></span> <span class='ocrx_word' id='word_1_45' title='bbox 1688 609 1714 645; x_wconf 92' lang='lat' dir='ltr'><strong>a</strong></span> <span class='ocrx_word' id='word_1_46' title='bbox 1758 595 1932 664; x_wconf 76' lang='lat' dir='ltr'><strong>plagis</strong></span> 
     </span>
    </p>
   </div>
   <div class='ocr_carea' id='block_1_10' title="bbox 349 676 1932 755">
    <p class='ocr_par' dir='ltr' id='par_1_10' title="bbox 349 676 1932 755">
     <span class='ocr_line' id='line_1_10' title="bbox 349 676 1932 755; baseline 0.009 -27"><span class='ocrx_word' id='word_1_47' title='bbox 349 676 663 737; x_wconf 87' lang='lat' dir='ltr'><strong>dimittitur,</strong></span> <span class='ocrx_word' id='word_1_48' title='bbox 696 677 1002 731; x_wconf 89' lang='lat' dir='ltr'><strong>mirandam</strong></span> <span class='ocrx_word' id='word_1_49' title='bbox 1045 695 1231 734; x_wconf 85' lang='lat' dir='ltr'><strong>eorum</strong></span> <span class='ocrx_word' id='word_1_50' title='bbox 1259 685 1518 736; x_wconf 87' lang='lat' dir='ltr'><strong>virtutem</strong></span> <span class='ocrx_word' id='word_1_51' title='bbox 1554 696 1834 755; x_wconf 70' lang='lat' dir='ltr'><strong>expertus,</strong></span> <span class='ocrx_word' id='word_1_52' title='bbox 1878 702 1932 744; x_wconf 89' lang='lat' dir='ltr'><strong>ct</strong></span> 
     </span>
    </p>
   </div>
   <div class='ocr_carea' id='block_1_11' title="bbox 349 768 1930 848">
    <p class='ocr_par' dir='ltr' id='par_1_11' title="bbox 349 768 1930 848">
     <span class='ocr_line' id='line_1_11' title="bbox 349 768 1930 848; baseline 0.008 -29"><span class='ocrx_word' id='word_1_53' title='bbox 349 768 490 820; x_wconf 89' lang='lat' dir='ltr'><strong>ultra</strong></span> <span class='ocrx_word' id='word_1_54' title='bbox 519 784 579 820; x_wconf 80' lang='lat' dir='ltr'><strong>se</strong></span> <span class='ocrx_word' id='word_1_55' title='bbox 611 768 737 822; x_wconf 88' lang='lat' dir='ltr'><strong>talia</strong></span> <span class='ocrx_word' id='word_1_56' title='bbox 764 786 870 823; x_wconf 91' lang='lat' dir='ltr'><strong>non</strong></span> <span class='ocrx_word' id='word_1_57' title='bbox 917 784 1377 842; x_wconf 74' lang='lat' dir='ltr'><strong>pt&#39;u&#39;sttmpturttm</strong></span> <span class='ocrx_word' id='word_1_58' title='bbox 1406 777 1771 846; x_wconf 77' lang='lat' dir='ltr'><strong>jurejurando</strong></span> <span class='ocrx_word' id='word_1_59' title='bbox 1809 781 1930 848; x_wconf 84' lang='lat' dir='ltr'><strong>pol-</strong></span> 
     </span>
    </p>
   </div>
   <div class='ocr_carea' id='block_1_12' title="bbox 345 859 1930 936">
    <p class='ocr_par' dir='ltr' id='par_1_12' title="bbox 345 859 1930 936">
     <span class='ocr_line' id='line_1_12' title="bbox 345 859 1930 936; baseline 0.006 -23"><span class='ocrx_word' id='word_1_60' title='bbox 345 859 549 913; x_wconf 85' lang='lat' dir='ltr'><strong>licitus.</strong></span> <span class='ocrx_word' id='word_1_61' title='bbox 577 860 871 930; x_wconf 70' lang='lat' dir='ltr'><strong>Georgium</strong></span> <span class='ocrx_word' id='word_1_62' title='bbox 907 876 1086 917; x_wconf 84' lang='lat' dir='ltr'><strong>autem</strong></span> <span class='ocrx_word' id='word_1_63' title='bbox 1125 882 1154 918; x_wconf 90' lang='lat' dir='ltr'><strong>a</strong></span> <span class='ocrx_word' id='word_1_64' title='bbox 1197 883 1430 936; x_wconf 86' lang='lat' dir='ltr'><strong>nequam</strong></span> <span class='ocrx_word' id='word_1_65' title='bbox 1463 868 1760 935; x_wconf 67' lang='lat' dir='ltr'><strong>daemonio,</strong></span> <span class='ocrx_word' id='word_1_66' title='bbox 1799 887 1930 923; x_wconf 81' lang='lat' dir='ltr'><strong>nec-</strong></span> 
     </span>
    </p>
   </div>
   <div class='ocr_carea' id='block_1_13' title="bbox 345 952 1930 1032">
    <p class='ocr_par' dir='ltr' id='par_1_13' title="bbox 345 952 1930 1032">
     <span class='ocr_line' id='line_1_13' title="bbox 345 952 1930 1032; baseline 0.009 -27"><span class='ocrx_word' id='word_1_67' title='bbox 345 952 474 1005; x_wconf 87' lang='lat' dir='ltr'><strong>dum</strong></span> <span class='ocrx_word' id='word_1_68' title='bbox 508 952 742 1005; x_wconf 85' lang='lat' dir='ltr'><strong>liberare</strong></span> <span class='ocrx_word' id='word_1_69' title='bbox 769 953 1088 1022; x_wconf 85' lang='lat' dir='ltr'><strong>judicaverc</strong></span> <span class='ocrx_word' id='word_1_70' title='bbox 1126 958 1377 1026; x_wconf 79' lang='lat' dir='ltr'><strong>dignum,</strong></span> <span class='ocrx_word' id='word_1_71' title='bbox 1411 962 1504 1015; x_wconf 90' lang='lat' dir='ltr'><strong>sed</strong></span> <span class='ocrx_word' id='word_1_72' title='bbox 1542 964 1721 1016; x_wconf 89' lang='lat' dir='ltr'><strong>adhuc</strong></span> <span class='ocrx_word' id='word_1_73' title='bbox 1763 980 1930 1032; x_wconf 71' lang='lat' dir='ltr'><strong>pones</strong></span> 
     </span>
    </p>
   </div>
   <div class='ocr_carea' id='block_1_14' title="bbox 343 1043 1929 1124">
    <p class='ocr_par' dir='ltr' id='par_1_14' title="bbox 343 1043 1929 1124">
     <span class='ocr_line' id='line_1_14' title="bbox 343 1043 1929 1124; baseline 0.01 -30"><span class='ocrx_word' id='word_1_74' title='bbox 343 1055 404 1095; x_wconf 90' lang='lat' dir='ltr'><strong>se</strong></span> <span class='ocrx_word' id='word_1_75' title='bbox 453 1058 549 1110; x_wconf 87' lang='lat' dir='ltr'><strong>per</strong></span> <span class='ocrx_word' id='word_1_76' title='bbox 587 1043 719 1097; x_wconf 93' lang='lat' dir='ltr'><strong>illud</strong></span> <span class='ocrx_word' id='word_1_77' title='bbox 767 1047 1126 1101; x_wconf 83' lang='lat' dir='ltr'><strong>erudiendum</strong></span> <span class='ocrx_word' id='word_1_78' title='bbox 1179 1050 1410 1116; x_wconf 73' lang='lat' dir='ltr'><strong>habent,</strong></span> <span class='ocrx_word' id='word_1_79' title='bbox 1463 1063 1516 1106; x_wconf 85' lang='lat' dir='ltr'><strong>et</strong></span> <span class='ocrx_word' id='word_1_80' title='bbox 1563 1071 1796 1124; x_wconf 78' lang='lat' dir='ltr'><strong>purgare</strong></span> <span class='ocrx_word' id='word_1_81' title='bbox 1846 1055 1929 1110; x_wconf 85' lang='lat' dir='ltr'><strong>bis</strong></span> 
     </span>
    </p>
   </div>
   <div class='ocr_carea' id='block_1_15' title="bbox 344 1133 1928 1212">
    <p class='ocr_par' dir='ltr' id='par_1_15' title="bbox 344 1133 1928 1212">
     <span class='ocr_line' id='line_1_15' title="bbox 344 1133 1928 1212; baseline 0.008 -27"><span class='ocrx_word' id='word_1_82' title='bbox 344 1147 504 1186; x_wconf 89' lang='lat' dir='ltr'><strong>suum</strong></span> <span class='ocrx_word' id='word_1_83' title='bbox 546 1133 601 1188; x_wconf 90' lang='lat' dir='ltr'><strong>in</strong></span> <span class='ocrx_word' id='word_1_84' title='bbox 633 1135 722 1189; x_wconf 90' lang='lat' dir='ltr'><strong>die</strong></span> <span class='ocrx_word' id='word_1_85' title='bbox 769 1139 1030 1206; x_wconf 84' lang='lat' dir='ltr'><strong>templum</strong></span> <span class='ocrx_word' id='word_1_86' title='bbox 1074 1151 1398 1206; x_wconf 60' lang='lat' dir='ltr'><strong>struxerunt,</strong></span> <span class='ocrx_word' id='word_1_87' title='bbox 1439 1154 1716 1212; x_wconf 85' lang='lat' dir='ltr'><strong>quatenus</strong></span> <span class='ocrx_word' id='word_1_88' title='bbox 1763 1147 1928 1199; x_wconf 86' lang='lat' dir='ltr'><strong>dcor-</strong></span> 
     </span>
    </p>
   </div>
   <div class='ocr_carea' id='block_1_16' title="bbox 344 1229 1926 1306">
    <p class='ocr_par' dir='ltr' id='par_1_16' title="bbox 344 1229 1926 1306">
     <span class='ocr_line' id='line_1_16' title="bbox 344 1229 1926 1306; baseline 0.01 -30"><span class='ocrx_word' id='word_1_89' title='bbox 344 1238 463 1276; x_wconf 87' lang='lat' dir='ltr'><strong>sum</strong></span> <span class='ocrx_word' id='word_1_90' title='bbox 494 1239 640 1294; x_wconf 60' lang='lat' dir='ltr'><strong>serpe</strong></span> <span class='ocrx_word' id='word_1_91' title='bbox 666 1229 1034 1297; x_wconf 74' lang='lat' dir='ltr'><strong>pro~picieus,</strong></span> <span class='ocrx_word' id='word_1_92' title='bbox 1070 1241 1124 1284; x_wconf 90' lang='lat' dir='ltr'><strong>et</strong></span> <span class='ocrx_word' id='word_1_93' title='bbox 1153 1233 1204 1284; x_wconf 92' lang='lat' dir='ltr'><strong>iu</strong></span> <span class='ocrx_word' id='word_1_94' title='bbox 1241 1249 1394 1287; x_wconf 88' lang='lat' dir='ltr'><strong>suem</strong></span> <span class='ocrx_word' id='word_1_95' title='bbox 1436 1252 1596 1304; x_wconf 88' lang='lat' dir='ltr'><strong>quem</strong></span> <span class='ocrx_word' id='word_1_96' title='bbox 1639 1248 1926 1306; x_wconf 87' lang='lat' dir='ltr'><strong>acceperat</strong></span> 
     </span>
    </p>
   </div>
   <div class='ocr_carea' id='block_1_17' title="bbox 345 1320 1929 1396">
    <p class='ocr_par' dir='ltr' id='par_1_17' title="bbox 345 1320 1929 1396">
     <span class='ocr_line' id='line_1_17' title="bbox 345 1320 1929 1396; baseline 0.008 -28"><span class='ocrx_word' id='word_1_97' title='bbox 345 1325 614 1378; x_wconf 85' lang='lat' dir='ltr'><strong>mutatus,</strong></span> <span class='ocrx_word' id='word_1_98' title='bbox 663 1320 984 1373; x_wconf 77' lang='lat' dir='ltr'><strong>recordetur</strong></span> <span class='ocrx_word' id='word_1_99' title='bbox 1037 1322 1244 1387; x_wconf 79' lang='lat' dir='ltr'><strong>delicti,</strong></span> <span class='ocrx_word' id='word_1_100' title='bbox 1288 1337 1338 1379; x_wconf 80' lang='lat' dir='ltr'><strong>et</strong></span> <span class='ocrx_word' id='word_1_101' title='bbox 1373 1342 1495 1380; x_wconf 86' lang='lat' dir='ltr'><strong>sese</strong></span> <span class='ocrx_word' id='word_1_102' title='bbox 1543 1326 1644 1380; x_wconf 83' lang='lat' dir='ltr'><strong>hoc</strong></span> <span class='ocrx_word' id='word_1_103' title='bbox 1679 1329 1929 1396; x_wconf 84' lang='lat' dir='ltr'><strong>nequiter</strong></span> 
     </span>
    </p>
   </div>
   <div class='ocr_carea' id='block_1_18' title="bbox 343 1407 1925 1490">
    <p class='ocr_par' dir='ltr' id='par_1_18' title="bbox 343 1407 1925 1490">
     <span class='ocr_line' id='line_1_18' title="bbox 343 1407 1925 1490; baseline 0.011 -32"><span class='ocrx_word' id='word_1_104' title='bbox 343 1407 523 1474; x_wconf 74' lang='lat' dir='ltr'><strong>egisse</strong></span> <span class='ocrx_word' id='word_1_105' title='bbox 563 1410 847 1477; x_wconf 60' lang='lat' dir='ltr'><strong>paeniteat.</strong></span> <span class='ocrx_word' id='word_1_106' title='bbox 899 1411 1006 1468; x_wconf 83' lang='lat' dir='ltr'><strong>Nos</strong></span> <span class='ocrx_word' id='word_1_107' title='bbox 1050 1423 1230 1470; x_wconf 88' lang='lat' dir='ltr'><strong>autem</strong></span> <span class='ocrx_word' id='word_1_108' title='bbox 1258 1418 1422 1471; x_wconf 88' lang='lat' dir='ltr'><strong>etiam</strong></span> <span class='ocrx_word' id='word_1_109' title='bbox 1464 1435 1558 1487; x_wconf 89' lang='lat' dir='ltr'><strong>per</strong></span> <span class='ocrx_word' id='word_1_110' title='bbox 1603 1420 1700 1472; x_wconf 83' lang='lat' dir='ltr'><strong>bos</strong></span> <span class='ocrx_word' id='word_1_111' title='bbox 1741 1422 1925 1490; x_wconf 79' lang='lat' dir='ltr'><strong>agnita</strong></span> 
     </span>
    </p>
   </div>
   <div class='ocr_carea' id='block_1_19' title="bbox 343 1503 1925 1579">
    <p class='ocr_par' dir='ltr' id='par_1_19' title="bbox 343 1503 1925 1579">
     <span class='ocr_line' id='line_1_19' title="bbox 343 1503 1925 1579; baseline 0.011 -28"><span class='ocrx_word' id='word_1_112' title='bbox 343 1508 662 1555; x_wconf 87' lang='lat' dir='ltr'><strong>sanctorum</strong></span> <span class='ocrx_word' id='word_1_113' title='bbox 713 1503 956 1570; x_wconf 89' lang='lat' dir='ltr'><strong>virtute,</strong></span> <span class='ocrx_word' id='word_1_114' title='bbox 1012 1508 1277 1575; x_wconf 82' lang='lat' dir='ltr'><strong>operibus</strong></span> <span class='ocrx_word' id='word_1_115' title='bbox 1322 1525 1417 1564; x_wconf 82' lang='lat' dir='ltr'><strong>eos</strong></span> <span class='ocrx_word' id='word_1_116' title='bbox 1479 1512 1634 1567; x_wconf 90' lang='lat' dir='ltr'><strong>bonis</strong></span> <span class='ocrx_word' id='word_1_117' title='bbox 1678 1513 1925 1579; x_wconf 85' lang='lat' dir='ltr'><strong>placidos</strong></span> 
     </span>
    </p>
   </div>
   <div class='ocr_carea' id='block_1_20' title="bbox 344 1592 1923 1666">
    <p class='ocr_par' dir='ltr' id='par_1_20' title="bbox 344 1592 1923 1666">
     <span class='ocr_line' id='line_1_20' title="bbox 344 1592 1923 1666; baseline 0.009 -23"><span class='ocrx_word' id='word_1_118' title='bbox 344 1592 636 1658; x_wconf 77' lang='lat' dir='ltr'><strong>faciamus,</strong></span> <span class='ocrx_word' id='word_1_119' title='bbox 665 1605 721 1649; x_wconf 90' lang='lat' dir='ltr'><strong>et</strong></span> <span class='ocrx_word' id='word_1_120' title='bbox 749 1607 972 1666; x_wconf 78' lang='lat' dir='ltr'><strong>propter</strong></span> <span class='ocrx_word' id='word_1_121' title='bbox 1003 1598 1119 1652; x_wconf 76' lang='lat' dir='ltr'><strong>lucc</strong></span> <span class='ocrx_word' id='word_1_122' title='bbox 1158 1616 1252 1653; x_wconf 88' lang='lat' dir='ltr'><strong>eos</strong></span> <span class='ocrx_word' id='word_1_123' title='bbox 1281 1601 1479 1654; x_wconf 83' lang='lat' dir='ltr'><strong>itcrtttn</strong></span> <span class='ocrx_word' id='word_1_124' title='bbox 1514 1602 1772 1657; x_wconf 83' lang='lat' dir='ltr'><strong>laudibus</strong></span> <span class='ocrx_word' id='word_1_125' title='bbox 1794 1603 1923 1657; x_wconf 78' lang='lat' dir='ltr'><strong>ell‘c-</strong></span> 
     </span>
    </p>
   </div>
   <div class='ocr_carea' id='block_1_21' title="bbox 343 1687 1920 1772">
    <p class='ocr_par' dir='ltr' id='par_1_21' title="bbox 343 1687 1920 1772">
     <span class='ocr_line' id='line_1_21' title="bbox 343 1687 1920 1772; baseline 0.008 -34"><span class='ocrx_word' id='word_1_126' title='bbox 343 1694 546 1749; x_wconf 85' lang='lat' dir='ltr'><strong>rentes,</strong></span> <span class='ocrx_word' id='word_1_127' title='bbox 569 1687 800 1742; x_wconf 83' lang='lat' dir='ltr'><strong>aliorum</strong></span> <span class='ocrx_word' id='word_1_128' title='bbox 833 1689 1223 1745; x_wconf 90' lang='lat' dir='ltr'><strong>beneﬁciorum</strong></span> <span class='ocrx_word' id='word_1_129' title='bbox 1253 1693 1522 1761; x_wconf 87' lang='lat' dir='ltr'><strong>ipsorum,</strong></span> <span class='ocrx_word' id='word_1_130' title='bbox 1550 1696 1733 1772; x_wconf 85' lang='lat' dir='ltr'><strong>potius</strong></span> <span class='ocrx_word' id='word_1_131' title='bbox 1756 1713 1920 1766; x_wconf 80' lang='lat' dir='ltr'><strong>quam</strong></span> 
     </span>
    </p>
   </div>
   <div class='ocr_carea' id='block_1_22' title="bbox 343 1778 1683 1864">
    <p class='ocr_par' dir='ltr' id='par_1_22' title="bbox 343 1778 1683 1864">
     <span class='ocr_line' id='line_1_22' title="bbox 343 1778 1683 1864; baseline 0.01 -36"><span class='ocrx_word' id='word_1_132' title='bbox 343 1778 642 1844; x_wconf 88' lang='lat' dir='ltr'><strong>minarum,</strong></span> <span class='ocrx_word' id='word_1_133' title='bbox 674 1778 746 1834; x_wconf 87' lang='lat' dir='ltr'><strong>de</strong></span> <span class='ocrx_word' id='word_1_134' title='bbox 777 1792 973 1836; x_wconf 50' lang='lat' dir='ltr'><strong>caetero</strong></span> <span class='ocrx_word' id='word_1_135' title='bbox 1001 1786 1320 1839; x_wconf 87' lang='lat' dir='ltr'><strong>memoriam</strong></span> <span class='ocrx_word' id='word_1_136' title='bbox 1351 1785 1637 1843; x_wconf 79' lang='lat' dir='ltr'><strong>faciamus.</strong></span> <span class='ocrx_word' id='word_1_137' title='bbox 1682 1855 1683 1864; x_wconf 13' lang='grc' dir='ltr'>ξ</span> 
     </span>
    </p>
   </div>
   <div class='ocr_carea' id='block_1_23' title="bbox 518 1979 1765 2058">
    <p class='ocr_par' dir='ltr' id='par_1_23' title="bbox 518 1979 1765 2058">
     <span class='ocr_line' id='line_1_23' title="bbox 518 1979 1765 2058; baseline 0.01 -24"><span class='ocrx_word' id='word_1_138' title='bbox 518 1979 579 2035; x_wconf 73' lang='grc' dir='ltr'>ι.</span> <span class='ocrx_word' id='word_1_139' title='bbox 627 1981 701 2036; x_wconf 90' lang='lat' dir='ltr'><strong>De</strong></span> <span class='ocrx_word' id='word_1_140' title='bbox 725 1985 915 2038; x_wconf 75' lang='lat' dir='ltr'><strong>[Venno</strong></span> <span class='ocrx_word' id='word_1_141' title='bbox 941 1987 1287 2041; x_wconf 74' lang='lat' dir='ltr'><strong>semiaridum</strong></span> <span class='ocrx_word' id='word_1_142' title='bbox 1315 1994 1496 2058; x_wconf 87' lang='lat' dir='ltr'><strong>pedem</strong></span> <span class='ocrx_word' id='word_1_143' title='bbox 1525 1993 1765 2047; x_wconf 79' lang='lat' dir='ltr'><strong>habente.</strong></span> 
     </span>
    </p>
   </div>
   <div class='ocr_carea' id='block_1_24' title="bbox 413 2144 1922 2227">
    <p class='ocr_par' dir='ltr' id='par_1_24' title="bbox 413 2144 1922 2227">
     <span class='ocr_line' id='line_1_24' title="bbox 413 2144 1922 2227; baseline 0.01 -30"><span class='ocrx_word' id='word_1_144' title='bbox 413 2144 686 2210; x_wconf 86' lang='lat' dir='ltr'><strong>Quoniam</strong></span> <span class='ocrx_word' id='word_1_145' title='bbox 737 2148 1070 2218; x_wconf 80' lang='lat' dir='ltr'><strong>prodigium,</strong></span> <span class='ocrx_word' id='word_1_146' title='bbox 1108 2154 1251 2221; x_wconf 88' lang='lat' dir='ltr'><strong>quod</strong></span> <span class='ocrx_word' id='word_1_147' title='bbox 1305 2164 1434 2209; x_wconf 87' lang='lat' dir='ltr'><strong>ante</strong></span> <span class='ocrx_word' id='word_1_148' title='bbox 1475 2156 1577 2210; x_wconf 87' lang='lat' dir='ltr'><strong>hoc</strong></span> <span class='ocrx_word' id='word_1_149' title='bbox 1620 2161 1922 2227; x_wconf 78' lang='lat' dir='ltr'><strong>praecessit,</strong></span> 
     </span>
    </p>
   </div>
   <div class='ocr_carea' id='block_1_25' title="bbox 343 2238 1921 2317">
    <p class='ocr_par' dir='ltr' id='par_1_25' title="bbox 343 2238 1921 2317">
     <span class='ocr_line' id='line_1_25' title="bbox 343 2238 1921 2317; baseline 0.011 -29"><span class='ocrx_word' id='word_1_150' title='bbox 343 2252 452 2290; x_wconf 90' lang='lat' dir='ltr'><strong>non</strong></span> <span class='ocrx_word' id='word_1_151' title='bbox 497 2238 849 2294; x_wconf 85' lang='lat' dir='ltr'><strong>mediocriter</strong></span> <span class='ocrx_word' id='word_1_152' title='bbox 885 2257 987 2298; x_wconf 89' lang='lat' dir='ltr'><strong>nos</strong></span> <span class='ocrx_word' id='word_1_153' title='bbox 1017 2244 1273 2301; x_wconf 83' lang='lat' dir='ltr'><strong>virtutem</strong></span> <span class='ocrx_word' id='word_1_154' title='bbox 1318 2259 1633 2304; x_wconf 89' lang='lat' dir='ltr'><strong>sanctorum</strong></span> <span class='ocrx_word' id='word_1_155' title='bbox 1669 2254 1921 2317; x_wconf 89' lang='lat' dir='ltr'><strong>edocuit;</strong></span> 
     </span>
    </p>
   </div>
   <div class='ocr_carea' id='block_1_26' title="bbox 341 2329 1924 2410">
    <p class='ocr_par' dir='ltr' id='par_1_26' title="bbox 341 2329 1924 2410">
     <span class='ocr_line' id='line_1_26' title="bbox 341 2329 1924 2410; baseline 0.011 -30"><span class='ocrx_word' id='word_1_156' title='bbox 341 2329 582 2383; x_wconf 86' lang='lat' dir='ltr'><strong>ostendit</strong></span> <span class='ocrx_word' id='word_1_157' title='bbox 637 2331 781 2385; x_wconf 91' lang='lat' dir='ltr'><strong>enim</strong></span> <span class='ocrx_word' id='word_1_158' title='bbox 835 2343 1100 2403; x_wconf 90' lang='lat' dir='ltr'><strong>quantum</strong></span> <span class='ocrx_word' id='word_1_159' title='bbox 1150 2339 1348 2403; x_wconf 88' lang='lat' dir='ltr'><strong>severi,</strong></span> <span class='ocrx_word' id='word_1_160' title='bbox 1389 2350 1766 2410; x_wconf 88' lang='lat' dir='ltr'><strong>quantumque</strong></span> <span class='ocrx_word' id='word_1_161' title='bbox 1814 2346 1924 2398; x_wconf 92' lang='lat' dir='ltr'><strong>sint</strong></span> 
     </span>
    </p>
   </div>
   <div class='ocr_carea' id='block_1_27' title="bbox 342 2424 1924 2501">
    <p class='ocr_par' dir='ltr' id='par_1_27' title="bbox 342 2424 1924 2501">
     <span class='ocr_line' id='line_1_27' title="bbox 342 2424 1924 2501; baseline 0.011 -25"><span class='ocrx_word' id='word_1_162' title='bbox 342 2424 752 2491; x_wconf 81' lang='lat' dir='ltr'><strong>misericordes,</strong></span> <span class='ocrx_word' id='word_1_163' title='bbox 788 2435 843 2481; x_wconf 91' lang='lat' dir='ltr'><strong>et</strong></span> <span class='ocrx_word' id='word_1_164' title='bbox 873 2445 1035 2497; x_wconf 86' lang='lat' dir='ltr'><strong>quam</strong></span> <span class='ocrx_word' id='word_1_165' title='bbox 1065 2432 1365 2501; x_wconf 90' lang='lat' dir='ltr'><strong>corripiant</strong></span> <span class='ocrx_word' id='word_1_166' title='bbox 1394 2435 1794 2493; x_wconf 84' lang='lat' dir='ltr'><strong>rationabiliter</strong></span> <span class='ocrx_word' id='word_1_167' title='bbox 1824 2437 1924 2494; x_wconf 87' lang='lat' dir='ltr'><strong>hos</strong></span> 
     </span>
    </p>
   </div>
   <div class='ocr_carea' id='block_1_28' title="bbox 341 2513 1924 2591">
    <p class='ocr_par' dir='ltr' id='par_1_28' title="bbox 341 2513 1924 2591">
     <span class='ocr_line' id='line_1_28' title="bbox 341 2513 1924 2591; baseline 0.009 -25"><span class='ocrx_word' id='word_1_168' title='bbox 341 2513 434 2581; x_wconf 86' lang='lat' dir='ltr'><strong>qui</strong></span> <span class='ocrx_word' id='word_1_169' title='bbox 470 2515 536 2568; x_wconf 92' lang='lat' dir='ltr'><strong>ad</strong></span> <span class='ocrx_word' id='word_1_170' title='bbox 570 2517 946 2585; x_wconf 79' lang='lat' dir='ltr'><strong>pcenitentiam</strong></span> <span class='ocrx_word' id='word_1_171' title='bbox 980 2528 1264 2588; x_wconf 90' lang='lat' dir='ltr'><strong>spectant;</strong></span> <span class='ocrx_word' id='word_1_172' title='bbox 1299 2522 1353 2576; x_wconf 91' lang='lat' dir='ltr'><strong>in</strong></span> <span class='ocrx_word' id='word_1_173' title='bbox 1381 2539 1490 2591; x_wconf 90' lang='lat' dir='ltr'><strong>quo</strong></span> <span class='ocrx_word' id='word_1_174' title='bbox 1524 2539 1630 2578; x_wconf 92' lang='lat' dir='ltr'><strong>non</strong></span> <span class='ocrx_word' id='word_1_175' title='bbox 1664 2525 1924 2581; x_wconf 85' lang='lat' dir='ltr'><strong>decuerat</strong></span> 
     </span>
    </p>
   </div>
   <div class='ocr_carea' id='block_1_29' title="bbox 343 2606 1923 2694">
    <p class='ocr_par' dir='ltr' id='par_1_29' title="bbox 343 2606 1923 2694">
     <span class='ocr_line' id='line_1_29' title="bbox 343 2606 1923 2694; baseline 0.008 -37"><span class='ocrx_word' id='word_1_176' title='bbox 343 2606 715 2660; x_wconf 87' lang='lat' dir='ltr'><strong>narrationem</strong></span> <span class='ocrx_word' id='word_1_177' title='bbox 755 2609 1135 2678; x_wconf 82' lang='lat' dir='ltr'><strong>prodigiorum</strong></span> <span class='ocrx_word' id='word_1_178' title='bbox 1189 2611 1243 2665; x_wconf 93' lang='lat' dir='ltr'><strong>in</strong></span> <span class='ocrx_word' id='word_1_179' title='bbox 1293 2611 1579 2682; x_wconf 67' lang='lat' dir='ltr'><strong>Aigyptios</strong></span> <span class='ocrx_word' id='word_1_180' title='bbox 1629 2623 1684 2668; x_wconf 91' lang='lat' dir='ltr'><strong>et</strong></span> <span class='ocrx_word' id='word_1_181' title='bbox 1719 2613 1923 2694; x_wconf 48' lang='lat' dir='ltr'><strong>Libyes</strong></span> 
     </span>
    </p>
   </div>
   <div class='ocr_carea' id='block_1_30' title="bbox 341 2700 1920 2772">
    <p class='ocr_par' dir='ltr' id='par_1_30' title="bbox 341 2700 1920 2772">
     <span class='ocr_line' id='line_1_30' title="bbox 341 2700 1920 2772; baseline 0.008 -20"><span class='ocrx_word' id='word_1_182' title='bbox 341 2713 373 2752; x_wconf 69' lang='grc' dir='ltr'>ι</span> <span class='ocrx_word' id='word_1_183' title='bbox 411 2700 746 2768; x_wconf 78' lang='lat' dir='ltr'><strong>martyribus</strong></span> <span class='ocrx_word' id='word_1_184' title='bbox 796 2711 1139 2770; x_wconf 88' lang='lat' dir='ltr'><strong>patratorum</strong></span> <span class='ocrx_word' id='word_1_185' title='bbox 1199 2719 1418 2760; x_wconf 89' lang='lat' dir='ltr'><strong>sumere</strong></span> <span class='ocrx_word' id='word_1_186' title='bbox 1463 2704 1645 2772; x_wconf 87' lang='lat' dir='ltr'><strong>ﬁnem,</strong></span> <span class='ocrx_word' id='word_1_187' title='bbox 1683 2707 1755 2761; x_wconf 88' lang='lat' dir='ltr'><strong>ita</strong></span> <span class='ocrx_word' id='word_1_188' title='bbox 1799 2719 1920 2764; x_wconf 89' lang='lat' dir='ltr'><strong>uta</strong></span> 
     </span>
    </p>
   </div>
   <div class='ocr_carea' id='block_1_31' title="bbox 343 2790 1923 2866">
    <p class='ocr_par' dir='ltr' id='par_1_31' title="bbox 343 2790 1923 2866">
     <span class='ocr_line' id='line_1_31' title="bbox 343 2790 1923 2866; baseline 0.007 -21"><span class='ocrx_word' id='word_1_189' title='bbox 343 2790 614 2846; x_wconf 84' lang='lat' dir='ltr'><strong>beneﬁcio</strong></span> <span class='ocrx_word' id='word_1_190' title='bbox 651 2803 705 2845; x_wconf 90' lang='lat' dir='ltr'><strong>et</strong></span> <span class='ocrx_word' id='word_1_191' title='bbox 741 2794 1128 2861; x_wconf 87' lang='lat' dir='ltr'><strong>compassione</strong></span> <span class='ocrx_word' id='word_1_192' title='bbox 1170 2795 1314 2850; x_wconf 86' lang='lat' dir='ltr'><strong>circa</strong></span> <span class='ocrx_word' id='word_1_193' title='bbox 1363 2797 1686 2866; x_wconf 77' lang='lat' dir='ltr'><strong>languentes</strong></span> <span class='ocrx_word' id='word_1_194' title='bbox 1720 2801 1792 2855; x_wconf 86' lang='lat' dir='ltr'><strong>sit</strong></span> <span class='ocrx_word' id='word_1_195' title='bbox 1826 2801 1923 2855; x_wconf 90' lang='lat' dir='ltr'><strong>in-</strong></span> 
     </span>
    </p>
   </div>
   <div class='ocr_carea' id='block_1_32' title="bbox 343 2881 1924 2946">
    <p class='ocr_par' dir='ltr' id='par_1_32' title="bbox 343 2881 1924 2946">
     <span class='ocr_line' id='line_1_32' title="bbox 343 2881 1924 2946; baseline 0.006 -11"><span class='ocrx_word' id='word_1_196' title='bbox 343 2881 561 2946; x_wconf 84' lang='lat' dir='ltr'><strong>clioata,</strong></span> <span class='ocrx_word' id='word_1_197' title='bbox 595 2890 648 2934; x_wconf 92' lang='lat' dir='ltr'><strong>et</strong></span> <span class='ocrx_word' id='word_1_198' title='bbox 681 2883 732 2934; x_wconf 92' lang='lat' dir='ltr'><strong>in</strong></span> <span class='ocrx_word' id='word_1_199' title='bbox 765 2883 1026 2938; x_wconf 91' lang='lat' dir='ltr'><strong>ultionem</strong></span> <span class='ocrx_word' id='word_1_200' title='bbox 1060 2900 1123 2938; x_wconf 90' lang='lat' dir='ltr'><strong>ac</strong></span> <span class='ocrx_word' id='word_1_201' title='bbox 1160 2885 1452 2940; x_wconf 81' lang='lat' dir='ltr'><strong>vindictam</strong></span> <span class='ocrx_word' id='word_1_202' title='bbox 1489 2904 1774 2943; x_wconf 79' lang='lat' dir='ltr'><strong>excessum</strong></span> <span class='ocrx_word' id='word_1_203' title='bbox 1812 2901 1924 2944; x_wconf 88' lang='lat' dir='ltr'><strong>ter-</strong></span> 
     </span>
    </p>
   </div>
   <div class='ocr_carea' id='block_1_33' title="bbox 345 2973 1920 3050">
    <p class='ocr_par' dir='ltr' id='par_1_33' title="bbox 345 2973 1920 3050">
     <span class='ocr_line' id='line_1_33' title="bbox 345 2973 1920 3050; baseline 0.006 -26"><span class='ocrx_word' id='word_1_204' title='bbox 345 2973 585 3036; x_wconf 86' lang='lat' dir='ltr'><strong>minata;</strong></span> <span class='ocrx_word' id='word_1_205' title='bbox 631 2973 725 3027; x_wconf 91' lang='lat' dir='ltr'><strong>sed</strong></span> <span class='ocrx_word' id='word_1_206' title='bbox 762 2974 906 3028; x_wconf 80' lang='lat' dir='ltr'><strong>sicut</strong></span> <span class='ocrx_word' id='word_1_207' title='bbox 935 2989 964 3026; x_wconf 89' lang='lat' dir='ltr'><strong>a</strong></span> <span class='ocrx_word' id='word_1_208' title='bbox 1008 2976 1380 3031; x_wconf 88' lang='lat' dir='ltr'><strong>misericordia</strong></span> <span class='ocrx_word' id='word_1_209' title='bbox 1423 2986 1476 3032; x_wconf 89' lang='lat' dir='ltr'><strong>et</strong></span> <span class='ocrx_word' id='word_1_210' title='bbox 1519 2981 1695 3048; x_wconf 76' lang='lat' dir='ltr'><strong>gratia</strong></span> <span class='ocrx_word' id='word_1_211' title='bbox 1735 2983 1920 3050; x_wconf 72' lang='lat' dir='ltr'><strong>cmpit,</strong></span> 
     </span>
    </p>
   </div>
   <div class='ocr_carea' id='block_1_34' title="bbox 345 3063 1922 3134">
    <p class='ocr_par' dir='ltr' id='par_1_34' title="bbox 345 3063 1922 3134">
     <span class='ocr_line' id='line_1_34' title="bbox 345 3063 1922 3134; baseline 0.008 -19"><span class='ocrx_word' id='word_1_212' title='bbox 345 3063 420 3116; x_wconf 83' lang='lat' dir='ltr'><strong>ita</strong></span> <span class='ocrx_word' id='word_1_213' title='bbox 482 3064 538 3116; x_wconf 91' lang='lat' dir='ltr'><strong>in</strong></span> <span class='ocrx_word' id='word_1_214' title='bbox 602 3063 764 3117; x_wconf 85' lang='lat' dir='ltr'><strong>ﬁnem</strong></span> <span class='ocrx_word' id='word_1_215' title='bbox 822 3065 1078 3120; x_wconf 85' lang='lat' dir='ltr'><strong>desinere</strong></span> <span class='ocrx_word' id='word_1_216' title='bbox 1137 3068 1567 3134; x_wconf 88' lang='lat' dir='ltr'><strong>misericordem,</strong></span> <span class='ocrx_word' id='word_1_217' title='bbox 1621 3075 1922 3128; x_wconf 86' lang='lat' dir='ltr'><strong>secundum</strong></span> 
     </span>
    </p>
   </div>
   <div class='ocr_carea' id='block_1_35' title="bbox 345 3156 1925 3226">
    <p class='ocr_par' dir='ltr' id='par_1_35' title="bbox 345 3156 1925 3226">
     <span class='ocr_line' id='line_1_35' title="bbox 345 3156 1925 3226; baseline 0.007 -18"><span class='ocrx_word' id='word_1_218' title='bbox 345 3162 526 3224; x_wconf 86' lang='lat' dir='ltr'><strong>aptam</strong></span> <span class='ocrx_word' id='word_1_219' title='bbox 563 3156 762 3210; x_wconf 88' lang='lat' dir='ltr'><strong>lineam</strong></span> <span class='ocrx_word' id='word_1_220' title='bbox 796 3159 936 3224; x_wconf 79' lang='lat' dir='ltr'><strong>cycli</strong></span> <span class='ocrx_word' id='word_1_221' title='bbox 972 3172 1092 3226; x_wconf 71' lang='lat' dir='ltr'><strong>quae</strong></span> <span class='ocrx_word' id='word_1_222' title='bbox 1122 3173 1246 3212; x_wconf 89' lang='lat' dir='ltr'><strong>cum</strong></span> <span class='ocrx_word' id='word_1_223' title='bbox 1286 3164 1355 3214; x_wconf 85' lang='lat' dir='ltr'><strong>ab</strong></span> <span class='ocrx_word' id='word_1_224' title='bbox 1386 3161 1577 3216; x_wconf 87' lang='lat' dir='ltr'><strong>eodem</strong></span> <span class='ocrx_word' id='word_1_225' title='bbox 1621 3171 1800 3218; x_wconf 89' lang='lat' dir='ltr'><strong>motus</strong></span> <span class='ocrx_word' id='word_1_226' title='bbox 1827 3181 1925 3219; x_wconf 85' lang='lat' dir='ltr'><strong>su-</strong></span> 
     </span>
    </p>
   </div>
   <div class='ocr_carea' id='block_1_36' title="bbox 345 3247 1921 3319">
    <p class='ocr_par' dir='ltr' id='par_1_36' title="bbox 345 3247 1921 3319">
     <span class='ocr_line' id='line_1_36' title="bbox 345 3247 1921 3319; baseline 0.007 -19"><span class='ocrx_word' id='word_1_227' title='bbox 345 3256 459 3302; x_wconf 89' lang='lat' dir='ltr'><strong>mat</strong></span> <span class='ocrx_word' id='word_1_228' title='bbox 491 3247 727 3312; x_wconf 87' lang='lat' dir='ltr'><strong>initiutn,</strong></span> <span class='ocrx_word' id='word_1_229' title='bbox 761 3248 813 3302; x_wconf 91' lang='lat' dir='ltr'><strong>in</strong></span> <span class='ocrx_word' id='word_1_230' title='bbox 846 3249 1083 3319; x_wconf 87' lang='lat' dir='ltr'><strong>idipsmn</strong></span> <span class='ocrx_word' id='word_1_231' title='bbox 1117 3265 1309 3306; x_wconf 86' lang='lat' dir='ltr'><strong>rursus</strong></span> <span class='ocrx_word' id='word_1_232' title='bbox 1355 3254 1718 3309; x_wconf 89' lang='lat' dir='ltr'><strong>cessationem</strong></span> <span class='ocrx_word' id='word_1_233' title='bbox 1767 3273 1921 3310; x_wconf 82' lang='lat' dir='ltr'><strong>sum-</strong></span> 
     </span>
    </p>
   </div>
   <div class='ocr_carea' id='block_1_37' title="bbox 346 3341 1925 3414">
    <p class='ocr_par' dir='ltr' id='par_1_37' title="bbox 346 3341 1925 3414">
     <span class='ocr_line' id='line_1_37' title="bbox 346 3341 1925 3414; baseline 0.008 -23"><span class='ocrx_word' id='word_1_234' title='bbox 346 3345 505 3408; x_wconf 87' lang='lat' dir='ltr'><strong>ptura</strong></span> <span class='ocrx_word' id='word_1_235' title='bbox 533 3341 791 3395; x_wconf 87' lang='lat' dir='ltr'><strong>recurrit.</strong></span> <span class='ocrx_word' id='word_1_236' title='bbox 819 3341 960 3412; x_wconf 83' lang='lat' dir='ltr'><strong>Ergo</strong></span> <span class='ocrx_word' id='word_1_237' title='bbox 988 3343 1318 3414; x_wconf 80' lang='lat' dir='ltr'><strong>principium</strong></span> <span class='ocrx_word' id='word_1_238' title='bbox 1344 3354 1397 3399; x_wconf 89' lang='lat' dir='ltr'><strong>et</strong></span> <span class='ocrx_word' id='word_1_239' title='bbox 1423 3345 1583 3400; x_wconf 87' lang='lat' dir='ltr'><strong>ﬁnem</strong></span> <span class='ocrx_word' id='word_1_240' title='bbox 1613 3347 1925 3403; x_wconf 83' lang='lat' dir='ltr'><strong>misericor-</strong></span> 
     </span>
    </p>
   </div>
   <div class='ocr_carea' id='block_1_38' title="bbox 345 3428 1924 3496">
    <p class='ocr_par' dir='ltr' id='par_1_38' title="bbox 345 3428 1924 3496">
     <span class='ocr_line' id='line_1_38' title="bbox 345 3428 1924 3496; baseline 0.006 -15"><span class='ocrx_word' id='word_1_241' title='bbox 345 3428 436 3482; x_wconf 87' lang='lat' dir='ltr'><strong>dia</strong></span> <span class='ocrx_word' id='word_1_242' title='bbox 471 3438 684 3496; x_wconf 86' lang='lat' dir='ltr'><strong>teneat;</strong></span> <span class='ocrx_word' id='word_1_243' title='bbox 729 3431 810 3486; x_wconf 84' lang='lat' dir='ltr'><strong>sic</strong></span> <span class='ocrx_word' id='word_1_244' title='bbox 839 3432 986 3486; x_wconf 91' lang='lat' dir='ltr'><strong>enim</strong></span> <span class='ocrx_word' id='word_1_245' title='bbox 1030 3441 1084 3486; x_wconf 88' lang='lat' dir='ltr'><strong>et</strong></span> <span class='ocrx_word' id='word_1_246' title='bbox 1124 3433 1300 3487; x_wconf 88' lang='lat' dir='ltr'><strong>media</strong></span> <span class='ocrx_word' id='word_1_247' title='bbox 1331 3448 1454 3487; x_wconf 90' lang='lat' dir='ltr'><strong>cmn</strong></span> <span class='ocrx_word' id='word_1_248' title='bbox 1489 3436 1692 3492; x_wconf 90' lang='lat' dir='ltr'><strong>talibus</strong></span> <span class='ocrx_word' id='word_1_249' title='bbox 1731 3441 1924 3492; x_wconf 84' lang='lat' dir='ltr'><strong>termi-</strong></span> 
     </span>
    </p>
   </div>
   <div class='ocr_carea' id='block_1_39' title="bbox 345 3521 1921 3592">
    <p class='ocr_par' dir='ltr' id='par_1_39' title="bbox 345 3521 1921 3592">
     <span class='ocr_line' id='line_1_39' title="bbox 345 3521 1921 3592; baseline 0.006 -18"><span class='ocrx_word' id='word_1_250' title='bbox 345 3522 434 3576; x_wconf 89' lang='lat' dir='ltr'><strong>nis</strong></span> <span class='ocrx_word' id='word_1_251' title='bbox 489 3521 811 3576; x_wconf 88' lang='lat' dir='ltr'><strong>conﬁrmata</strong></span> <span class='ocrx_word' id='word_1_252' title='bbox 873 3525 1254 3592; x_wconf 85' lang='lat' dir='ltr'><strong>misericordia</strong></span> <span class='ocrx_word' id='word_1_253' title='bbox 1313 3528 1543 3581; x_wconf 92' lang='lat' dir='ltr'><strong>nimium</strong></span> <span class='ocrx_word' id='word_1_254' title='bbox 1607 3544 1921 3584; x_wconf 68' lang='lat' dir='ltr'><strong>cerni-mur.</strong></span> 
     </span>
    </p>
   </div>
   <div class='ocr_carea' id='block_1_40' title="bbox 348 3612 1920 3689">
    <p class='ocr_par' dir='ltr' id='par_1_40' title="bbox 348 3612 1920 3689">
     <span class='ocr_line' id='line_1_40' title="bbox 348 3612 1920 3689; baseline 0.007 -23"><span class='ocrx_word' id='word_1_255' title='bbox 348 3612 488 3667; x_wconf 88' lang='lat' dir='ltr'><strong>Illud</strong></span> <span class='ocrx_word' id='word_1_256' title='bbox 537 3615 705 3686; x_wconf 77' lang='lat' dir='ltr'><strong>igitur</strong></span> <span class='ocrx_word' id='word_1_257' title='bbox 757 3626 944 3686; x_wconf 87' lang='lat' dir='ltr'><strong>utpote</strong></span> <span class='ocrx_word' id='word_1_258' title='bbox 1002 3619 1162 3673; x_wconf 88' lang='lat' dir='ltr'><strong>triste</strong></span> <span class='ocrx_word' id='word_1_259' title='bbox 1212 3628 1462 3688; x_wconf 89' lang='lat' dir='ltr'><strong>putatum</strong></span> <span class='ocrx_word' id='word_1_260' title='bbox 1511 3633 1920 3689; x_wconf 63' lang='lat' dir='ltr'><strong>prmtercuutes,</strong></span> 
     </span>
    </p>
   </div>
   <div class='ocr_carea' id='block_1_41' title="bbox 345 3705 1924 3784">
    <p class='ocr_par' dir='ltr' id='par_1_41' title="bbox 345 3705 1924 3784">
     <span class='ocr_line' id='line_1_41' title="bbox 345 3705 1924 3784; baseline 0.007 -26"><span class='ocrx_word' id='word_1_261' title='bbox 345 3705 400 3758; x_wconf 88' lang='lat' dir='ltr'><strong>in</strong></span> <span class='ocrx_word' id='word_1_262' title='bbox 449 3705 551 3760; x_wconf 90' lang='lat' dir='ltr'><strong>hoc</strong></span> <span class='ocrx_word' id='word_1_263' title='bbox 600 3707 925 3777; x_wconf 87' lang='lat' dir='ltr'><strong>scripturam</strong></span> <span class='ocrx_word' id='word_1_264' title='bbox 967 3725 1131 3778; x_wconf 89' lang='lat' dir='ltr'><strong>quam</strong></span> <span class='ocrx_word' id='word_1_265' title='bbox 1189 3714 1240 3764; x_wconf 93' lang='lat' dir='ltr'><strong>in</strong></span> <span class='ocrx_word' id='word_1_266' title='bbox 1296 3709 1584 3783; x_wconf 70' lang='lat' dir='ltr'><strong>Aﬂgyptios</strong></span> <span class='ocrx_word' id='word_1_267' title='bbox 1620 3721 1673 3766; x_wconf 88' lang='lat' dir='ltr'><strong>et</strong></span> <span class='ocrx_word' id='word_1_268' title='bbox 1724 3712 1924 3784; x_wconf 72' lang='lat' dir='ltr'><strong>Libyes</strong></span> 
     </span>
    </p>
   </div>
   <div class='ocr_carea' id='block_1_42' title="bbox 345 3796 1923 3869">
    <p class='ocr_par' dir='ltr' id='par_1_42' title="bbox 345 3796 1923 3869">
     <span class='ocr_line' id='line_1_42' title="bbox 345 3796 1923 3869; baseline 0.003 -18"><span class='ocrx_word' id='word_1_269' title='bbox 345 3796 698 3866; x_wconf 81' lang='lat' dir='ltr'><strong>scripsimus,</strong></span> <span class='ocrx_word' id='word_1_270' title='bbox 731 3800 1112 3855; x_wconf 89' lang='lat' dir='ltr'><strong>terminemus.</strong></span> <span class='ocrx_word' id='word_1_271' title='bbox 1151 3800 1351 3869; x_wconf 89' lang='lat' dir='ltr'><strong>Sicque</strong></span> <span class='ocrx_word' id='word_1_272' title='bbox 1383 3817 1508 3856; x_wconf 90' lang='lat' dir='ltr'><strong>cum</strong></span> <span class='ocrx_word' id='word_1_273' title='bbox 1539 3800 1650 3856; x_wconf 89' lang='lat' dir='ltr'><strong>Deo</strong></span> <span class='ocrx_word' id='word_1_274' title='bbox 1687 3811 1741 3857; x_wconf 90' lang='lat' dir='ltr'><strong>et</strong></span> <span class='ocrx_word' id='word_1_275' title='bbox 1776 3821 1923 3857; x_wconf 85' lang='lat' dir='ltr'><strong>mar-</strong></span> 
     </span>
    </p>
   </div>
   <div class='ocr_carea' id='block_1_43' title="bbox 347 3889 1924 3960">
    <p class='ocr_par' dir='ltr' id='par_1_43' title="bbox 347 3889 1924 3960">
     <span class='ocr_line' id='line_1_43' title="bbox 347 3889 1924 3960; baseline 0.004 -18"><span class='ocrx_word' id='word_1_276' title='bbox 347 3889 562 3960; x_wconf 84' lang='lat' dir='ltr'><strong>tyribus</strong></span> <span class='ocrx_word' id='word_1_277' title='bbox 615 3890 904 3956; x_wconf 87' lang='lat' dir='ltr'><strong>miracula,</strong></span> <span class='ocrx_word' id='word_1_278' title='bbox 937 3907 1059 3959; x_wconf 71' lang='lat' dir='ltr'><strong>qua:</strong></span> <span class='ocrx_word' id='word_1_279' title='bbox 1100 3892 1154 3946; x_wconf 91' lang='lat' dir='ltr'><strong>in</strong></span> <span class='ocrx_word' id='word_1_280' title='bbox 1205 3893 1408 3946; x_wconf 71' lang='lat' dir='ltr'><strong>exteris</strong></span> <span class='ocrx_word' id='word_1_281' title='bbox 1456 3893 1596 3946; x_wconf 73' lang='lat' dir='ltr'><strong>facta</strong></span> <span class='ocrx_word' id='word_1_282' title='bbox 1641 3901 1792 3958; x_wconf 89' lang='lat' dir='ltr'><strong>sunt,</strong></span> <span class='ocrx_word' id='word_1_283' title='bbox 1842 3895 1924 3949; x_wconf 83' lang='lat' dir='ltr'><strong>iu-</strong></span> 
     </span>
    </p>
   </div>
   <div class='ocr_carea' id='block_1_44' title="bbox 346 3979 1926 4042">
    <p class='ocr_par' dir='ltr' id='par_1_44' title="bbox 346 3979 1926 4042">
     <span class='ocr_line' id='line_1_44' title="bbox 346 3979 1926 4042; baseline 0.006 -10"><span class='ocrx_word' id='word_1_284' title='bbox 346 3980 632 4035; x_wconf 83' lang='lat' dir='ltr'><strong>cliocmus.</strong></span> <span class='ocrx_word' id='word_1_285' title='bbox 661 3979 834 4036; x_wconf 86' lang='lat' dir='ltr'><strong>Porro</strong></span> <span class='ocrx_word' id='word_1_286' title='bbox 862 3991 916 4034; x_wconf 84' lang='lat' dir='ltr'><strong>et</strong></span> <span class='ocrx_word' id='word_1_287' title='bbox 948 3984 1049 4036; x_wconf 90' lang='lat' dir='ltr'><strong>boc</strong></span> <span class='ocrx_word' id='word_1_288' title='bbox 1075 3999 1197 4038; x_wconf 87' lang='lat' dir='ltr'><strong>esse</strong></span> <span class='ocrx_word' id='word_1_289' title='bbox 1225 3983 1424 4038; x_wconf 90' lang='lat' dir='ltr'><strong>bonum</strong></span> <span class='ocrx_word' id='word_1_290' title='bbox 1452 3984 1704 4038; x_wconf 79' lang='lat' dir='ltr'><strong>arbitrati</strong></span> <span class='ocrx_word' id='word_1_291' title='bbox 1735 4000 1926 4042; x_wconf 84' lang='lat' dir='ltr'><strong>sumus</strong></span> 
     </span>
    </p>
   </div>
   <div class='ocr_carea' id='block_1_45' title="bbox 344 4070 1923 4144">
    <p class='ocr_par' dir='ltr' id='par_1_45' title="bbox 344 4070 1923 4144">
     <span class='ocr_line' id='line_1_45' title="bbox 344 4070 1923 4144; baseline 0.006 -23"><span class='ocrx_word' id='word_1_292' title='bbox 344 4070 490 4141; x_wconf 89' lang='lat' dir='ltr'><strong>quod</strong></span> <span class='ocrx_word' id='word_1_293' title='bbox 543 4071 612 4124; x_wconf 86' lang='lat' dir='ltr'><strong>ab</strong></span> <span class='ocrx_word' id='word_1_294' title='bbox 656 4071 936 4144; x_wconf 58' lang='lat' dir='ltr'><strong>&#39;[Egyptiis</strong></span> <span class='ocrx_word' id='word_1_295' title='bbox 985 4074 1314 4143; x_wconf 88' lang='lat' dir='ltr'><strong>incipientes</strong></span> <span class='ocrx_word' id='word_1_296' title='bbox 1357 4076 1408 4128; x_wconf 92' lang='lat' dir='ltr'><strong>iu</strong></span> <span class='ocrx_word' id='word_1_297' title='bbox 1455 4074 1655 4144; x_wconf 86' lang='lat' dir='ltr'><strong>Libyos</strong></span> <span class='ocrx_word' id='word_1_298' title='bbox 1701 4075 1923 4130; x_wconf 79' lang='lat' dir='ltr'><strong>desina-</strong></span> 
     </span>
    </p>
   </div>
   <div class='ocr_carea' id='block_1_46' title="bbox 345 4167 1924 4237">
    <p class='ocr_par' dir='ltr' id='par_1_46' title="bbox 345 4167 1924 4237">
     <span class='ocr_line' id='line_1_46' title="bbox 345 4167 1924 4237; baseline 0.003 -19"><span class='ocrx_word' id='word_1_299' title='bbox 345 4179 491 4226; x_wconf 87' lang='lat' dir='ltr'><strong>mus,</strong></span> <span class='ocrx_word' id='word_1_300' title='bbox 517 4175 788 4233; x_wconf 88' lang='lat' dir='ltr'><strong>quatenus</strong></span> <span class='ocrx_word' id='word_1_301' title='bbox 820 4167 909 4220; x_wconf 87' lang='lat' dir='ltr'><strong>alii</strong></span> <span class='ocrx_word' id='word_1_302' title='bbox 938 4167 1012 4219; x_wconf 89' lang='lat' dir='ltr'><strong>illi</strong></span> <span class='ocrx_word' id='word_1_303' title='bbox 1039 4168 1259 4236; x_wconf 87' lang='lat' dir='ltr'><strong>quidem</strong></span> <span class='ocrx_word' id='word_1_304' title='bbox 1296 4169 1646 4237; x_wconf 85' lang='lat' dir='ltr'><strong>principium,</strong></span> <span class='ocrx_word' id='word_1_305' title='bbox 1677 4169 1767 4222; x_wconf 86' lang='lat' dir='ltr'><strong>alii</strong></span> <span class='ocrx_word' id='word_1_306' title='bbox 1797 4186 1924 4224; x_wconf 90' lang='lat' dir='ltr'><strong>vero</strong></span> 
     </span>
    </p>
   </div>
   <div class='ocr_carea' id='block_1_47' title="bbox 2039 322 3628 396">
    <p class='ocr_par' dir='ltr' id='par_1_47' title="bbox 2039 322 3628 396">
     <span class='ocr_line' id='line_1_47' title="bbox 2039 322 3628 396; baseline 0.002 -22"><span class='ocrx_word' id='word_1_307' title='bbox 2039 323 2264 391; x_wconf 68' lang='grc' dir='ltr'>κομίζου</span> <span class='ocrx_word' id='word_1_308' title='bbox 2297 323 2491 376; x_wconf 77' lang='grc' dir='ltr'>θᾶττον</span> <span class='ocrx_word' id='word_1_309' title='bbox 2516 325 2614 392; x_wconf 81' lang='grc' dir='ltr'>τὴν</span> <span class='ocrx_word' id='word_1_310' title='bbox 2652 325 2822 377; x_wconf 82' lang='grc' dir='ltr'>ῐασιν.</span> <span class='ocrx_word' id='word_1_311' title='bbox 2871 323 2929 376; x_wconf 78' lang='grc'><strong>’0</strong></span> <span class='ocrx_word' id='word_1_312' title='bbox 2949 323 3007 376; x_wconf 77' lang='grc' dir='ltr'>δὲ</span> <span class='ocrx_word' id='word_1_313' title='bbox 3038 322 3314 394; x_wconf 77' lang='grc' dir='ltr'><strong>στραφεὶς</strong></span> <span class='ocrx_word' id='word_1_314' title='bbox 3348 323 3495 391; x_wconf 69' lang='grc' dir='ltr'>(οὐδὲ</span> <span class='ocrx_word' id='word_1_315' title='bbox 3528 326 3628 396; x_wconf 78' lang='grc' dir='ltr'>γὰρ</span> 
     </span>
    </p>
   </div>
   <div class='ocr_carea' id='block_1_48' title="bbox 2036 409 3627 485">
    <p class='ocr_par' dir='ltr' id='par_1_48' title="bbox 2036 409 3627 485">
     <span class='ocr_line' id='line_1_48' title="bbox 2036 409 3627 485; baseline 0.003 -21"><span class='ocrx_word' id='word_1_316' title='bbox 2036 409 2104 484; x_wconf 78' lang='grc' dir='ltr'>ἦν</span> <span class='ocrx_word' id='word_1_317' title='bbox 2122 414 2260 466; x_wconf 73' lang='grc' dir='ltr'>αὐτὰ</span> <span class='ocrx_word' id='word_1_318' title='bbox 2273 413 2710 485; x_wconf 75' lang='grc' dir='ltr'><strong>παρασχόμενος,</strong></span> <span class='ocrx_word' id='word_1_319' title='bbox 2733 413 2854 467; x_wconf 81' lang='grc' dir='ltr'>οὐδὲ</span> <span class='ocrx_word' id='word_1_320' title='bbox 2883 415 3119 482; x_wconf 84' lang='grc' dir='ltr'>κομίσας</span> <span class='ocrx_word' id='word_1_321' title='bbox 3143 416 3165 465; x_wconf 83' lang='grc' dir='ltr'>ὲ</span> <span class='ocrx_word' id='word_1_322' title='bbox 3177 413 3504 483; x_wconf 70' lang='grc' dir='ltr'>ρχξιμενος),</span> <span class='ocrx_word' id='word_1_323' title='bbox 3524 420 3627 478; x_wconf 84' lang='grc' dir='ltr'>τοῖς</span> 
     </span>
    </p>
   </div>
   <div class='ocr_carea' id='block_1_49' title="bbox 2035 503 3626 576">
    <p class='ocr_par' dir='ltr' id='par_1_49' title="bbox 2035 503 3626 576">
     <span class='ocr_line' id='line_1_49' title="bbox 2035 503 3626 576; baseline 0.002 -20"><span class='ocrx_word' id='word_1_324' title='bbox 2035 506 2336 575; x_wconf 74' lang='grc' dir='ltr'>γνωρίμοις</span> <span class='ocrx_word' id='word_1_325' title='bbox 2377 505 2470 557; x_wconf 77' lang='grc' dir='ltr'><strong>τὸν</strong></span> <span class='ocrx_word' id='word_1_326' title='bbox 2518 505 2726 576; x_wconf 76' lang='grc' dir='ltr'>δνειρον</span> <span class='ocrx_word' id='word_1_327' title='bbox 2794 505 3080 574; x_wconf 64' lang='grc' dir='ltr'>ἧγγειλενι</span> <span class='ocrx_word' id='word_1_328' title='bbox 3132 506 3186 557; x_wconf 80' lang='grc' dir='ltr'><strong>οῖ</strong></span> <span class='ocrx_word' id='word_1_329' title='bbox 3248 504 3310 556; x_wconf 82' lang='grc' dir='ltr'>δὲ</span> <span class='ocrx_word' id='word_1_330' title='bbox 3363 503 3528 556; x_wconf 74' lang='grc' dir='ltr'>τοῦτο</span> <span class='ocrx_word' id='word_1_331' title='bbox 3572 506 3626 559; x_wconf 84' lang='grc' dir='ltr'><strong>τδ</strong></span> 
     </span>
    </p>
   </div>
   <div class='ocr_carea' id='block_1_50' title="bbox 2035 591 3620 666">
    <p class='ocr_par' dir='ltr' id='par_1_50' title="bbox 2035 591 3620 666">
     <span class='ocr_line' id='line_1_50' title="bbox 2035 591 3620 666; baseline 0.003 -22"><span class='ocrx_word' id='word_1_332' title='bbox 2035 593 2223 663; x_wconf 80' lang='grc' dir='ltr'>λεχθὲν</span> <span class='ocrx_word' id='word_1_333' title='bbox 2281 592 2543 664; x_wconf 85' lang='grc' dir='ltr'>ἀργύριον</span> <span class='ocrx_word' id='word_1_334' title='bbox 2565 597 2622 647; x_wconf 84' lang='grc' dir='ltr'>ὲν</span> <span class='ocrx_word' id='word_1_335' title='bbox 2653 595 2846 666; x_wconf 80' lang='grc' dir='ltr'>χρήσει</span> <span class='ocrx_word' id='word_1_336' title='bbox 2889 592 3151 656; x_wconf 76' lang='grc' dir='ltr'>διδόασιν,</span> <span class='ocrx_word' id='word_1_337' title='bbox 3209 595 3359 663; x_wconf 77' lang='grc' dir='ltr'>ὅπερ</span> <span class='ocrx_word' id='word_1_338' title='bbox 3405 591 3620 648; x_wconf 85' lang='grc' dir='ltr'>λαϐὼνὸ</span> 
     </span>
    </p>
   </div>
   <div class='ocr_carea' id='block_1_51' title="bbox 2034 683 3618 756">
    <p class='ocr_par' dir='ltr' id='par_1_51' title="bbox 2034 683 3618 756">
     <span class='ocr_line' id='line_1_51' title="bbox 2034 683 3618 756; baseline 0 -18"><span class='ocrx_word' id='word_1_339' title='bbox 2034 686 2207 738; x_wconf 81' lang='grc' dir='ltr'>νοσῶν</span> <span class='ocrx_word' id='word_1_340' title='bbox 2238 688 2330 739; x_wconf 77' lang='grc' dir='ltr'>καὶ</span> <span class='ocrx_word' id='word_1_341' title='bbox 2379 687 2754 756; x_wconf 70' lang='grc' dir='ltr'><strong>προσενέγκας</strong></span> <span class='ocrx_word' id='word_1_342' title='bbox 2781 689 2895 748; x_wconf 89' lang='grc' dir='ltr'>τοῖς</span> <span class='ocrx_word' id='word_1_343' title='bbox 2932 686 3234 756; x_wconf 84' lang='grc' dir='ltr'>μάρτυσιν,</span> <span class='ocrx_word' id='word_1_344' title='bbox 3263 683 3383 736; x_wconf 80' lang='grc' dir='ltr'><strong>τῶν</strong></span> <span class='ocrx_word' id='word_1_345' title='bbox 3414 685 3618 752; x_wconf 71' lang='grc' dir='ltr'>πληγῶν</span> 
     </span>
    </p>
   </div>
   <div class='ocr_carea' id='block_1_52' title="bbox 2032 776 3622 848">
    <p class='ocr_par' dir='ltr' id='par_1_52' title="bbox 2032 776 3622 848">
     <span class='ocr_line' id='line_1_52' title="bbox 2032 776 3622 848; baseline -0.003 -16"><span class='ocrx_word' id='word_1_346' title='bbox 2032 779 2352 842; x_wconf 82' lang='grc' dir='ltr'>ἀπολύεται,</span> <span class='ocrx_word' id='word_1_347' title='bbox 2410 778 2718 842; x_wconf 70' lang='grc' dir='ltr'>παιδευθεὶς</span> <span class='ocrx_word' id='word_1_348' title='bbox 2750 779 2928 832; x_wconf 84' lang='grc' dir='ltr'>αὐτῶν</span> <span class='ocrx_word' id='word_1_349' title='bbox 2956 778 3054 848; x_wconf 80' lang='grc' dir='ltr'>τὴν</span> <span class='ocrx_word' id='word_1_350' title='bbox 3081 777 3338 842; x_wconf 76' lang='grc' dir='ltr'>ἐξαίσιον</span> <span class='ocrx_word' id='word_1_351' title='bbox 3382 776 3622 844; x_wconf 75' lang='grc' dir='ltr'>δύναμιν,</span> 
     </span>
    </p>
   </div>
   <div class='ocr_carea' id='block_1_53' title="bbox 2033 868 3629 942">
    <p class='ocr_par' dir='ltr' id='par_1_53' title="bbox 2033 868 3629 942">
     <span class='ocr_line' id='line_1_53' title="bbox 2033 868 3629 942; baseline -0.003 -18"><span class='ocrx_word' id='word_1_352' title='bbox 2033 871 2129 924; x_wconf 72' lang='grc' dir='ltr'><strong>καὶ</strong></span> <span class='ocrx_word' id='word_1_353' title='bbox 2159 871 2382 924; x_wconf 84' lang='grc' dir='ltr'>τοιαῦτα</span> <span class='ocrx_word' id='word_1_354' title='bbox 2413 872 2611 942; x_wconf 83' lang='grc' dir='ltr'>μηκέτι</span> <span class='ocrx_word' id='word_1_355' title='bbox 2660 871 2863 941; x_wconf 79' lang='grc' dir='ltr'>τολμᾷν</span> <span class='ocrx_word' id='word_1_356' title='bbox 2896 870 3314 939; x_wconf 75' lang='grc' dir='ltr'><strong>ἐπομνύμενος.</strong></span> <span class='ocrx_word' id='word_1_357' title='bbox 3363 868 3629 937; x_wconf 82' lang='grc' dir='ltr'>Γεώργιον</span> 
     </span>
    </p>
   </div>
   <div class='ocr_carea' id='block_1_54' title="bbox 2029 959 3629 1032">
    <p class='ocr_par' dir='ltr' id='par_1_54' title="bbox 2029 959 3629 1032">
     <span class='ocr_line' id='line_1_54' title="bbox 2029 959 3629 1032; baseline -0.001 -18"><span class='ocrx_word' id='word_1_358' title='bbox 2029 963 2085 1015; x_wconf 82' lang='grc' dir='ltr'>δὲ</span> <span class='ocrx_word' id='word_1_359' title='bbox 2104 961 2196 1014; x_wconf 73' lang='grc' dir='ltr'>τοῦ</span> <span class='ocrx_word' id='word_1_360' title='bbox 2222 962 2460 1032; x_wconf 78' lang='grc' dir='ltr'>πονηροῦ</span> <span class='ocrx_word' id='word_1_361' title='bbox 2487 962 2742 1031; x_wconf 83' lang='grc' dir='ltr'>δαίμονος</span> <span class='ocrx_word' id='word_1_362' title='bbox 2763 961 2916 1014; x_wconf 73' lang='grc' dir='ltr'>οὔπω</span> <span class='ocrx_word' id='word_1_363' title='bbox 2938 961 3287 1030; x_wconf 77' lang='grc' dir='ltr'><strong>λυτροῦσθαι</strong></span> <span class='ocrx_word' id='word_1_364' title='bbox 3309 959 3629 1030; x_wconf 81' lang='grc' dir='ltr'>κεκρίκασιν</span> 
     </span>
    </p>
   </div>
   <div class='ocr_carea' id='block_1_55' title="bbox 2031 1050 3629 1118">
    <p class='ocr_par' dir='ltr' id='par_1_55' title="bbox 2031 1050 3629 1118">
     <span class='ocr_line' id='line_1_55' title="bbox 2031 1050 3629 1118; baseline -0.003 -12"><span class='ocrx_word' id='word_1_365' title='bbox 2031 1054 2200 1118; x_wconf 79' lang='grc' dir='ltr'>ἄξιον,</span> <span class='ocrx_word' id='word_1_366' title='bbox 2237 1054 2351 1107; x_wconf 80' lang='grc' dir='ltr'>ἀλλ’</span> <span class='ocrx_word' id='word_1_367' title='bbox 2385 1055 2510 1106; x_wconf 74' lang='grc' dir='ltr'>ἐπεὶ</span> <span class='ocrx_word' id='word_1_368' title='bbox 2545 1056 2676 1108; x_wconf 72' lang='grc' dir='ltr'>παρ’</span> <span class='ocrx_word' id='word_1_369' title='bbox 2706 1055 2895 1118; x_wconf 80' lang='grc' dir='ltr'>αὐτοῖς</span> <span class='ocrx_word' id='word_1_370' title='bbox 2922 1055 3001 1107; x_wconf 86' lang='grc' dir='ltr'>δι”</span> <span class='ocrx_word' id='word_1_371' title='bbox 3023 1054 3194 1108; x_wconf 81' lang='grc' dir='ltr'>αὐτοῦ</span> <span class='ocrx_word' id='word_1_372' title='bbox 3233 1050 3629 1118; x_wconf 80' lang='grc' dir='ltr'>παιδευόμενον</span> 
     </span>
    </p>
   </div>
   <div class='ocr_carea' id='block_1_56' title="bbox 2031 1143 3626 1215">
    <p class='ocr_par' dir='ltr' id='par_1_56' title="bbox 2031 1143 3626 1215">
     <span class='ocr_line' id='line_1_56' title="bbox 2031 1143 3626 1215; baseline -0.003 -17"><span class='ocrx_word' id='word_1_373' title='bbox 2031 1147 2265 1215; x_wconf 76' lang='grc' dir='ltr'>ἔχουσιν,</span> <span class='ocrx_word' id='word_1_374' title='bbox 2299 1145 2393 1198; x_wconf 74' lang='grc' dir='ltr'><strong>και</strong></span> <span class='ocrx_word' id='word_1_375' title='bbox 2418 1149 2646 1215; x_wconf 81' lang='grc' dir='ltr'>κοσμεῖν</span> <span class='ocrx_word' id='word_1_376' title='bbox 2673 1145 2852 1198; x_wconf 84' lang='grc' dir='ltr'>αὐτῶν</span> <span class='ocrx_word' id='word_1_377' title='bbox 2877 1147 2970 1197; x_wconf 77' lang='grc' dir='ltr'>τὸν</span> <span class='ocrx_word' id='word_1_378' title='bbox 3004 1145 3140 1198; x_wconf 85' lang='grc' dir='ltr'>νεὼν</span> <span class='ocrx_word' id='word_1_379' title='bbox 3165 1146 3256 1208; x_wconf 70' lang='grc' dir='ltr'>δὶς</span> <span class='ocrx_word' id='word_1_380' title='bbox 3277 1144 3386 1214; x_wconf 83' lang='grc' dir='ltr'>τῆς</span> <span class='ocrx_word' id='word_1_381' title='bbox 3412 1143 3524 1213; x_wconf 82' lang='grc' dir='ltr'>ἡμέ</span> <span class='ocrx_word' id='word_1_382' title='bbox 3535 1159 3626 1213; x_wconf 87' lang='grc' dir='ltr'><strong>ρας</strong></span> 
     </span>
    </p>
   </div>
   <div class='ocr_carea' id='block_1_57' title="bbox 2029 1235 3627 1307">
    <p class='ocr_par' dir='ltr' id='par_1_57' title="bbox 2029 1235 3627 1307">
     <span class='ocr_line' id='line_1_57' title="bbox 2029 1235 3627 1307; baseline -0.004 -17"><span class='ocrx_word' id='word_1_383' title='bbox 2029 1239 2342 1297; x_wconf 78' lang='grc' dir='ltr'>ὲθέσπισαν,</span> <span class='ocrx_word' id='word_1_384' title='bbox 2401 1239 2550 1299; x_wconf 81' lang='grc' dir='ltr'>ὅπως</span> <span class='ocrx_word' id='word_1_385' title='bbox 2579 1235 2644 1290; x_wconf 83' lang='grc' dir='ltr'>ἂν</span> <span class='ocrx_word' id='word_1_386' title='bbox 2681 1237 2829 1290; x_wconf 76' lang='grc' dir='ltr'>κάτω</span> <span class='ocrx_word' id='word_1_387' title='bbox 2883 1236 3099 1307; x_wconf 79' lang='grc' dir='ltr'>βλέπων</span> <span class='ocrx_word' id='word_1_388' title='bbox 3145 1235 3627 1306; x_wconf 72' lang='grc' dir='ltr'>ωχνὸτερον,καὶ</span> 
     </span>
    </p>
   </div>
   <div class='ocr_carea' id='block_1_58' title="bbox 2028 1325 3640 1399">
    <p class='ocr_par' dir='ltr' id='par_1_58' title="bbox 2028 1325 3640 1399">
     <span class='ocr_line' id='line_1_58' title="bbox 2028 1325 3640 1399; baseline -0.004 -17"><span class='ocrx_word' id='word_1_389' title='bbox 2028 1330 2088 1382; x_wconf 82' lang='grc' dir='ltr'>τὸ</span> <span class='ocrx_word' id='word_1_390' title='bbox 2141 1329 2237 1381; x_wconf 78' lang='grc' dir='ltr'>νῦν</span> <span class='ocrx_word' id='word_1_391' title='bbox 2295 1329 2354 1382; x_wconf 85' lang='grc' dir='ltr'>ὃν</span> <span class='ocrx_word' id='word_1_392' title='bbox 2409 1329 2624 1398; x_wconf 80' lang='grc' dir='ltr'><strong>εἰλήφει</strong></span> <span class='ocrx_word' id='word_1_393' title='bbox 2681 1328 3060 1399; x_wconf 81' lang='grc' dir='ltr'>μιμούμενος,</span> <span class='ocrx_word' id='word_1_394' title='bbox 3122 1325 3481 1399; x_wconf 85' lang='grc' dir='ltr'>μνημονεύοι</span> <span class='ocrx_word' id='word_1_395' title='bbox 3536 1325 3640 1385; x_wconf 23' lang='grc' dir='ltr'>τοῦ,</span> 
     </span>
    </p>
   </div>
   <div class='ocr_carea' id='block_1_59' title="bbox 2030 1419 3623 1490">
    <p class='ocr_par' dir='ltr' id='par_1_59' title="bbox 2030 1419 3623 1490">
     <span class='ocr_line' id='line_1_59' title="bbox 2030 1419 3623 1490; baseline -0.003 -15"><span class='ocrx_word' id='word_1_396' title='bbox 2030 1422 2394 1490; x_wconf 73' lang='grc' dir='ltr'>πταίσματος,</span> <span class='ocrx_word' id='word_1_397' title='bbox 2419 1421 2513 1474; x_wconf 75' lang='grc' dir='ltr'>καὶ</span> <span class='ocrx_word' id='word_1_398' title='bbox 2544 1422 2944 1489; x_wconf 75' lang='grc' dir='ltr'><strong>μεταγινώσκω</strong></span> <span class='ocrx_word' id='word_1_399' title='bbox 2972 1419 3132 1473; x_wconf 81' lang='grc' dir='ltr'>τοῦτο</span> <span class='ocrx_word' id='word_1_400' title='bbox 3160 1419 3460 1480; x_wconf 85' lang='grc' dir='ltr'>κακίστως</span> <span class='ocrx_word' id='word_1_401' title='bbox 3489 1434 3623 1487; x_wconf 83' lang='grc' dir='ltr'>πρα-</span> 
     </span>
    </p>
   </div>
   <div class='ocr_carea' id='block_1_60' title="bbox 2030 1511 3653 1583">
    <p class='ocr_par' dir='ltr' id='par_1_60' title="bbox 2030 1511 3653 1583">
     <span class='ocr_line' id='line_1_60' title="bbox 2030 1511 3653 1583; baseline -0.003 -17"><span class='ocrx_word' id='word_1_402' title='bbox 2030 1513 2280 1583; x_wconf 78' lang='grc' dir='ltr'>ξάμενος.</span> <span class='ocrx_word' id='word_1_403' title='bbox 2324 1513 2512 1582; x_wconf 80' lang='grc' dir='ltr'>Ἡμεῖς</span> <span class='ocrx_word' id='word_1_404' title='bbox 2541 1513 2596 1566; x_wconf 85' lang='grc' dir='ltr'>δὲ</span> <span class='ocrx_word' id='word_1_405' title='bbox 2633 1513 2726 1566; x_wconf 82' lang='grc' dir='ltr'>καὶ</span> <span class='ocrx_word' id='word_1_406' title='bbox 2748 1513 2838 1566; x_wconf 76' lang='grc' dir='ltr'><strong>διὰ</strong></span> <span class='ocrx_word' id='word_1_407' title='bbox 2866 1513 3069 1566; x_wconf 85' lang='grc' dir='ltr'>τούτων</span> <span class='ocrx_word' id='word_1_408' title='bbox 3102 1511 3219 1566; x_wconf 85' lang='grc' dir='ltr'><strong>τῶν</strong></span> <span class='ocrx_word' id='word_1_409' title='bbox 3251 1511 3433 1580; x_wconf 83' lang='grc' dir='ltr'>ἁγίων</span> <span class='ocrx_word' id='word_1_410' title='bbox 3460 1512 3653 1578; x_wconf 82' lang='grc' dir='ltr'>ἐγνω-·</span> 
     </span>
    </p>
   </div>
   <div class='ocr_carea' id='block_1_61' title="bbox 2028 1603 3628 1676">
    <p class='ocr_par' dir='ltr' id='par_1_61' title="bbox 2028 1603 3628 1676">
     <span class='ocr_line' id='line_1_61' title="bbox 2028 1603 3628 1676; baseline -0.003 -18"><span class='ocrx_word' id='word_1_411' title='bbox 2028 1607 2183 1667; x_wconf 70' lang='grc' dir='ltr'>κοτες</span> <span class='ocrx_word' id='word_1_412' title='bbox 2209 1605 2308 1675; x_wconf 77' lang='grc' dir='ltr'>τὴν</span> <span class='ocrx_word' id='word_1_413' title='bbox 2341 1604 2594 1674; x_wconf 80' lang='grc' dir='ltr'>δύναμιν,</span> <span class='ocrx_word' id='word_1_414' title='bbox 2630 1604 2814 1676; x_wconf 75' lang='grc' dir='ltr'>ἔργοις</span> <span class='ocrx_word' id='word_1_415' title='bbox 2842 1605 3041 1666; x_wconf 70' lang='grc' dir='ltr'>αὐτοὺς</span> <span class='ocrx_word' id='word_1_416' title='bbox 3084 1603 3324 1672; x_wconf 78' lang='grc' dir='ltr'>ἀγαθοῖς</span> <span class='ocrx_word' id='word_1_417' title='bbox 3380 1603 3628 1672; x_wconf 81' lang='grc' dir='ltr'>εὐμενεῖς</span> 
     </span>
    </p>
   </div>
   <div class='ocr_carea' id='block_1_62' title="bbox 2025 1695 3624 1767">
    <p class='ocr_par' dir='ltr' id='par_1_62' title="bbox 2025 1695 3624 1767">
     <span class='ocr_line' id='line_1_62' title="bbox 2025 1695 3624 1767; baseline -0.004 -18"><span class='ocrx_word' id='word_1_418' title='bbox 2025 1696 2384 1767; x_wconf 71' lang='grc' dir='ltr'>ποιησώμεθα</span> <span class='ocrx_word' id='word_1_419' title='bbox 2418 1716 2430 1726; x_wconf 89' lang='grc'><strong>·</strong></span> <span class='ocrx_word' id='word_1_420' title='bbox 2466 1696 2558 1748; x_wconf 71' lang='grc' dir='ltr'>καὶ</span> <span class='ocrx_word' id='word_1_421' title='bbox 2587 1695 2675 1748; x_wconf 71' lang='grc' dir='ltr'>διὰ</span> <span class='ocrx_word' id='word_1_422' title='bbox 2713 1695 2887 1748; x_wconf 79' lang='grc' dir='ltr'>ταῦτα</span> <span class='ocrx_word' id='word_1_423' title='bbox 2941 1696 3104 1749; x_wconf 80' lang='grc' dir='ltr'>πάλιν</span> <span class='ocrx_word' id='word_1_424' title='bbox 3132 1695 3347 1757; x_wconf 80' lang='grc' dir='ltr'>αὐτοὺς</span> <span class='ocrx_word' id='word_1_425' title='bbox 3378 1695 3624 1764; x_wconf 82' lang='grc' dir='ltr'>ἁνυμνή-</span> 
     </span>
    </p>
   </div>
   <div class='ocr_carea' id='block_1_63' title="bbox 2027 1784 3624 1856">
    <p class='ocr_par' dir='ltr' id='par_1_63' title="bbox 2027 1784 3624 1856">
     <span class='ocr_line' id='line_1_63' title="bbox 2027 1784 3624 1856; baseline -0.003 -16"><span class='ocrx_word' id='word_1_426' title='bbox 2027 1804 2239 1850; x_wconf 78' lang='grc' dir='ltr'>σαντες,</span> <span class='ocrx_word' id='word_1_427' title='bbox 2275 1786 2600 1856; x_wconf 77' lang='grc' dir='ltr'>εὐεργεσιῶν</span> <span class='ocrx_word' id='word_1_428' title='bbox 2642 1786 2824 1839; x_wconf 82' lang='grc' dir='ltr'>αὐτῶν</span> <span class='ocrx_word' id='word_1_429' title='bbox 2881 1787 3082 1854; x_wconf 80' lang='grc' dir='ltr'>μᾶλλον</span> <span class='ocrx_word' id='word_1_430' title='bbox 3135 1785 3356 1856; x_wconf 77' lang='grc' dir='ltr'>ἐτέρων</span> <span class='ocrx_word' id='word_1_431' title='bbox 3393 1786 3491 1838; x_wconf 81' lang='grc' dir='ltr'>καὶ</span> <span class='ocrx_word' id='word_1_432' title='bbox 3529 1784 3624 1837; x_wconf 87' lang='grc' dir='ltr'><strong>οὐκ</strong></span> 
     </span>
    </p>
   </div>
   <div class='ocr_carea' id='block_1_64' title="bbox 2024 1877 3127 1948">
    <p class='ocr_par' dir='ltr' id='par_1_64' title="bbox 2024 1877 3127 1948">
     <span class='ocr_line' id='line_1_64' title="bbox 2024 1877 3127 1948; baseline -0.002 -16"><span class='ocrx_word' id='word_1_433' title='bbox 2024 1878 2263 1932; x_wconf 82' lang='grc' dir='ltr'>ἀπειλῶν</span> <span class='ocrx_word' id='word_1_434' title='bbox 2293 1877 2386 1930; x_wconf 75' lang='grc' dir='ltr'>τοῦ</span> <span class='ocrx_word' id='word_1_435' title='bbox 2409 1877 2598 1930; x_wconf 78' lang='grc' dir='ltr'>λοιποῦ</span> <span class='ocrx_word' id='word_1_436' title='bbox 2635 1878 3127 1948; x_wconf 71' lang='grc' dir='ltr'>μνημονεύσωμεν.</span> 
     </span>
    </p>
   </div>
   <div class='ocr_carea' id='block_1_65' title="bbox 2025 1989 3617 2058">
    <p class='ocr_par' dir='ltr' id='par_1_65' title="bbox 2025 1989 3617 2058">
     <span class='ocr_line' id='line_1_65' title="bbox 2025 1989 3617 2058; baseline 0 -16"><span class='ocrx_word' id='word_1_437' title='bbox 2025 1991 2106 2044; x_wconf 84' lang='lat' dir='ltr'><strong>N&#39;.</strong></span> <span class='ocrx_word' id='word_1_438' title='bbox 2137 1989 2275 2057; x_wconf 76' lang='grc' dir='ltr'>Περὶ</span> <span class='ocrx_word' id='word_1_439' title='bbox 2305 1990 2554 2044; x_wconf 67' lang='grc' dir='ltr'>Νωννοῦ</span> <span class='ocrx_word' id='word_1_440' title='bbox 2593 1989 2700 2043; x_wconf 84' lang='grc' dir='ltr'>τοῦ</span> <span class='ocrx_word' id='word_1_441' title='bbox 2725 1989 2832 2041; x_wconf 80' lang='grc' dir='ltr'>τὸν</span> <span class='ocrx_word' id='word_1_442' title='bbox 2866 1989 3024 2042; x_wconf 80' lang='grc' dir='ltr'>πόδα</span> <span class='ocrx_word' id='word_1_443' title='bbox 3064 1990 3382 2058; x_wconf 74' lang='grc' dir='ltr'>ήμίξηρον</span> <span class='ocrx_word' id='word_1_444' title='bbox 3445 1990 3617 2057; x_wconf 83' lang='grc' dir='ltr'>ἕχον-</span> 
     </span>
    </p>
   </div>
   <div class='ocr_carea' id='block_1_66' title="bbox 2750 2077 2876 2125">
    <p class='ocr_par' dir='ltr' id='par_1_66' title="bbox 2750 2077 2876 2125">
     <span class='ocr_line' id='line_1_66' title="bbox 2750 2077 2876 2125; baseline 0 -13"><span class='ocrx_word' id='word_1_445' title='bbox 2750 2077 2876 2125; x_wconf 85' lang='grc' dir='ltr'>τος.</span> 
     </span>
    </p>
   </div>
   <div class='ocr_carea' id='block_1_67' title="bbox 2105 2150 3620 2221">
    <p class='ocr_par' dir='ltr' id='par_1_67' title="bbox 2105 2150 3620 2221">
     <span class='ocr_line' id='line_1_67' title="bbox 2105 2150 3620 2221; baseline -0.003 -17"><span class='ocrx_word' id='word_1_446' title='bbox 2105 2150 2325 2218; x_wconf 79' lang='grc' dir='ltr'>Ἐπειδὴ</span> <span class='ocrx_word' id='word_1_447' title='bbox 2351 2151 2412 2202; x_wconf 64' lang='grc' dir='ltr'>τὸ</span> <span class='ocrx_word' id='word_1_448' title='bbox 2441 2150 2546 2211; x_wconf 70' lang='grc' dir='ltr'><strong>πρὸ</strong></span> <span class='ocrx_word' id='word_1_449' title='bbox 2576 2150 2768 2202; x_wconf 89' lang='grc' dir='ltr'>τούτου</span> <span class='ocrx_word' id='word_1_450' title='bbox 2792 2151 3081 2221; x_wconf 79' lang='grc' dir='ltr'>τεράστιον</span> <span class='ocrx_word' id='word_1_451' title='bbox 3107 2153 3166 2203; x_wconf 82' lang='grc' dir='ltr'><strong>οὐ</strong></span> <span class='ocrx_word' id='word_1_452' title='bbox 3201 2150 3456 2221; x_wconf 86' lang='grc' dir='ltr'>μετρίως</span> <span class='ocrx_word' id='word_1_453' title='bbox 3477 2150 3620 2217; x_wconf 75' lang='grc' dir='ltr'>ἡμᾶς</span> 
     </span>
    </p>
   </div>
   <div class='ocr_carea' id='block_1_68' title="bbox 1996 2238 3620 2310">
    <p class='ocr_par' dir='ltr' id='par_1_68' title="bbox 1996 2238 3620 2310">
     <span class='ocr_line' id='line_1_68' title="bbox 1996 2238 3620 2310; baseline -0.001 -17"><span class='ocrx_word' id='word_1_454' title='bbox 1996 2240 1998 2242; x_wconf 73' lang='grc'><em>’</em></span> <span class='ocrx_word' id='word_1_455' title='bbox 2023 2240 2121 2310; x_wconf 84' lang='grc' dir='ltr'>τὴν</span> <span class='ocrx_word' id='word_1_456' title='bbox 2147 2240 2256 2293; x_wconf 81' lang='grc' dir='ltr'><strong>τῶν</strong></span> <span class='ocrx_word' id='word_1_457' title='bbox 2283 2241 2452 2307; x_wconf 88' lang='grc' dir='ltr'>ἁγίων</span> <span class='ocrx_word' id='word_1_458' title='bbox 2501 2242 2653 2310; x_wconf 79' lang='grc' dir='ltr'>ίσχύν</span> <span class='ocrx_word' id='word_1_459' title='bbox 2683 2241 3088 2306; x_wconf 77' lang='grc' dir='ltr'>ὲξεπαίδευσεν.</span> <span class='ocrx_word' id='word_1_460' title='bbox 3119 2242 3334 2308; x_wconf 76' lang='grc' dir='ltr'>ἔδειξεν</span> <span class='ocrx_word' id='word_1_461' title='bbox 3359 2243 3474 2309; x_wconf 71' lang='grc' dir='ltr'>γὰρ</span> <span class='ocrx_word' id='word_1_462' title='bbox 3499 2238 3620 2294; x_wconf 82' lang='grc' dir='ltr'>ὅσον</span> 
     </span>
    </p>
   </div>
   <div class='ocr_carea' id='block_1_69' title="bbox 2023 2331 3618 2402">
    <p class='ocr_par' dir='ltr' id='par_1_69' title="bbox 2023 2331 3618 2402">
     <span class='ocr_line' id='line_1_69' title="bbox 2023 2331 3618 2402; baseline -0.002 -17"><span class='ocrx_word' id='word_1_463' title='bbox 2023 2331 2304 2402; x_wconf 82' lang='grc' dir='ltr'>ἐμϐριθεῖς</span> <span class='ocrx_word' id='word_1_464' title='bbox 2364 2333 2468 2383; x_wconf 74' lang='grc' dir='ltr'>εἰσι</span> <span class='ocrx_word' id='word_1_465' title='bbox 2500 2334 2594 2384; x_wconf 75' lang='grc' dir='ltr'>καὶ</span> <span class='ocrx_word' id='word_1_466' title='bbox 2624 2331 3016 2401; x_wconf 72' lang='grc' dir='ltr'>φιλάνθρωποι,</span> <span class='ocrx_word' id='word_1_467' title='bbox 3067 2334 3161 2385; x_wconf 77' lang='grc' dir='ltr'>καὶ</span> <span class='ocrx_word' id='word_1_468' title='bbox 3189 2334 3270 2395; x_wconf 82' lang='grc' dir='ltr'>ὡς</span> <span class='ocrx_word' id='word_1_469' title='bbox 3297 2331 3618 2385; x_wconf 74' lang='grc' dir='ltr'>παιδεύουσι</span> 
     </span>
    </p>
   </div>
   <div class='ocr_carea' id='block_1_70' title="bbox 2024 2421 3615 2492">
    <p class='ocr_par' dir='ltr' id='par_1_70' title="bbox 2024 2421 3615 2492">
     <span class='ocr_line' id='line_1_70' title="bbox 2024 2421 3615 2492; baseline -0.004 -14"><span class='ocrx_word' id='word_1_470' title='bbox 2024 2425 2167 2478; x_wconf 76' lang='grc' dir='ltr'>κατὰ</span> <span class='ocrx_word' id='word_1_471' title='bbox 2217 2424 2373 2492; x_wconf 76' lang='grc' dir='ltr'>λόγον</span> <span class='ocrx_word' id='word_1_472' title='bbox 2408 2424 2534 2486; x_wconf 79' lang='grc' dir='ltr'>τοὺς</span> <span class='ocrx_word' id='word_1_473' title='bbox 2567 2421 2884 2486; x_wconf 80' lang='grc' dir='ltr'>πταίοντας,</span> <span class='ocrx_word' id='word_1_474' title='bbox 2937 2425 3033 2475; x_wconf 74' lang='grc' dir='ltr'>καὶ</span> <span class='ocrx_word' id='word_1_475' title='bbox 3065 2424 3231 2477; x_wconf 80' lang='grc' dir='ltr'>πάλιν</span> <span class='ocrx_word' id='word_1_476' title='bbox 3271 2423 3467 2476; x_wconf 81' lang='grc' dir='ltr'>ίῶνται</span> <span class='ocrx_word' id='word_1_477' title='bbox 3491 2421 3615 2484; x_wconf 76' lang='grc' dir='ltr'>τοὺς</span> 
     </span>
    </p>
   </div>
   <div class='ocr_carea' id='block_1_71' title="bbox 2023 2509 3615 2586">
    <p class='ocr_par' dir='ltr' id='par_1_71' title="bbox 2023 2509 3615 2586">
     <span class='ocr_line' id='line_1_71' title="bbox 2023 2509 3615 2586; baseline -0.003 -17"><span class='ocrx_word' id='word_1_478' title='bbox 2023 2519 2100 2579; x_wconf 82' lang='grc' dir='ltr'><strong>είς</strong></span> <span class='ocrx_word' id='word_1_479' title='bbox 2159 2517 2449 2586; x_wconf 80' lang='grc' dir='ltr'>μετάνοιαν</span> <span class='ocrx_word' id='word_1_480' title='bbox 2496 2514 2815 2585; x_wconf 79' lang='grc' dir='ltr'>βλέποντας,</span> <span class='ocrx_word' id='word_1_481' title='bbox 2843 2517 2901 2567; x_wconf 83' lang='grc' dir='ltr'>ὲν</span> <span class='ocrx_word' id='word_1_482' title='bbox 2933 2509 3086 2586; x_wconf 77' lang='grc' dir='ltr'>ᾧπερ</span> <span class='ocrx_word' id='word_1_483' title='bbox 3135 2517 3239 2568; x_wconf 83' lang='grc' dir='ltr'><strong>οὐκ</strong></span> <span class='ocrx_word' id='word_1_484' title='bbox 3262 2515 3480 2584; x_wconf 74' lang='grc' dir='ltr'>ἔπρεπε</span> <span class='ocrx_word' id='word_1_485' title='bbox 3508 2512 3615 2566; x_wconf 84' lang='grc' dir='ltr'><strong>τῶν</strong></span> 
     </span>
    </p>
   </div>
   <div class='ocr_carea' id='block_1_72' title="bbox 2023 2606 3616 2679">
    <p class='ocr_par' dir='ltr' id='par_1_72' title="bbox 2023 2606 3616 2679">
     <span class='ocr_line' id='line_1_72' title="bbox 2023 2606 3616 2679; baseline -0.003 -18"><span class='ocrx_word' id='word_1_486' title='bbox 2023 2611 2102 2670; x_wconf 84' lang='grc' dir='ltr'><strong>εἰς</strong></span> <span class='ocrx_word' id='word_1_487' title='bbox 2130 2607 2458 2675; x_wconf 83' lang='grc' dir='ltr'>Αἰγυπτίους</span> <span class='ocrx_word' id='word_1_488' title='bbox 2484 2607 2576 2660; x_wconf 70' lang='grc' dir='ltr'>καὶ</span> <span class='ocrx_word' id='word_1_489' title='bbox 2598 2606 2802 2670; x_wconf 86' lang='grc' dir='ltr'>Λίϐυας</span> <span class='ocrx_word' id='word_1_490' title='bbox 2833 2607 3188 2679; x_wconf 74' lang='grc' dir='ltr'>πραχθέντων</span> <span class='ocrx_word' id='word_1_491' title='bbox 3220 2608 3479 2678; x_wconf 72' lang='grc' dir='ltr'>τεράτων</span> <span class='ocrx_word' id='word_1_492' title='bbox 3507 2609 3616 2668; x_wconf 89' lang='grc' dir='ltr'>τοῖς</span> 
     </span>
    </p>
   </div>
   <div class='ocr_carea' id='block_1_73' title="bbox 2028 2698 3618 2770">
    <p class='ocr_par' dir='ltr' id='par_1_73' title="bbox 2028 2698 3618 2770">
     <span class='ocr_line' id='line_1_73' title="bbox 2028 2698 3618 2770; baseline -0.002 -17"><span class='ocrx_word' id='word_1_493' title='bbox 2028 2701 2286 2770; x_wconf 77' lang='grc' dir='ltr'>μάρτυσι,</span> <span class='ocrx_word' id='word_1_494' title='bbox 2346 2699 2519 2768; x_wconf 86' lang='grc' dir='ltr'>πέρας</span> <span class='ocrx_word' id='word_1_495' title='bbox 2547 2699 2734 2752; x_wconf 88' lang='grc' dir='ltr'>λαϐεῖν</span> <span class='ocrx_word' id='word_1_496' title='bbox 2779 2700 2878 2769; x_wconf 83' lang='grc' dir='ltr'>τὴν</span> <span class='ocrx_word' id='word_1_497' title='bbox 2903 2699 3177 2769; x_wconf 84' lang='grc' dir='ltr'>διήγησιν,</span> <span class='ocrx_word' id='word_1_498' title='bbox 3205 2699 3269 2765; x_wconf 81' lang='grc' dir='ltr'>ἐξ</span> <span class='ocrx_word' id='word_1_499' title='bbox 3293 2698 3618 2770; x_wconf 77' lang='grc' dir='ltr'>εὐεργεσίας</span> 
     </span>
    </p>
   </div>
   <div class='ocr_carea' id='block_1_74' title="bbox 2029 2789 3616 2862">
    <p class='ocr_par' dir='ltr' id='par_1_74' title="bbox 2029 2789 3616 2862">
     <span class='ocr_line' id='line_1_74' title="bbox 2029 2789 3616 2862; baseline -0.003 -19"><span class='ocrx_word' id='word_1_500' title='bbox 2029 2792 2128 2860; x_wconf 82' lang='grc' dir='ltr'>μὲν</span> <span class='ocrx_word' id='word_1_501' title='bbox 2148 2791 2462 2860; x_wconf 78' lang='grc' dir='ltr'>ἀρξαμένην</span> <span class='ocrx_word' id='word_1_502' title='bbox 2479 2792 2573 2843; x_wconf 71' lang='grc' dir='ltr'>καὶ</span> <span class='ocrx_word' id='word_1_503' title='bbox 2593 2789 2937 2859; x_wconf 79' lang='grc' dir='ltr'>συμπαθείας</span> <span class='ocrx_word' id='word_1_504' title='bbox 2958 2791 3057 2861; x_wconf 81' lang='grc' dir='ltr'>τῆς</span> <span class='ocrx_word' id='word_1_505' title='bbox 3077 2791 3216 2862; x_wconf 65' lang='grc' dir='ltr'>πρὸς</span> <span class='ocrx_word' id='word_1_506' title='bbox 3227 2793 3364 2853; x_wconf 65' lang='grc' dir='ltr'>τοὺς</span> <span class='ocrx_word' id='word_1_507' title='bbox 3387 2791 3616 2857; x_wconf 70' lang='grc' dir='ltr'>πάσχον-</span> 
     </span>
    </p>
   </div>
   <div class='ocr_carea' id='block_1_75' title="bbox 1951 2877 3616 2974">
    <p class='ocr_par' dir='ltr' id='par_1_75' title="bbox 1951 2877 3616 2974">
     <span class='ocr_line' id='line_1_75' title="bbox 1951 2877 3616 2974; baseline -0.004 -40"><span class='ocrx_word' id='word_1_508' title='bbox 1951 2917 1993 2974; x_wconf 75' lang='lat' dir='ltr'>c</span> <span class='ocrx_word' id='word_1_509' title='bbox 2028 2899 2145 2944; x_wconf 87' lang='grc' dir='ltr'>τας.</span> <span class='ocrx_word' id='word_1_510' title='bbox 2164 2884 2242 2943; x_wconf 85' lang='grc' dir='ltr'><strong>εἰς</strong></span> <span class='ocrx_word' id='word_1_511' title='bbox 2264 2882 2476 2950; x_wconf 74' lang='grc' dir='ltr'>ἄμυναν</span> <span class='ocrx_word' id='word_1_512' title='bbox 2498 2879 2552 2932; x_wconf 80' lang='grc' dir='ltr'>δὲ</span> <span class='ocrx_word' id='word_1_513' title='bbox 2574 2882 2669 2932; x_wconf 80' lang='grc' dir='ltr'>καὶ</span> <span class='ocrx_word' id='word_1_514' title='bbox 2691 2881 3051 2950; x_wconf 80' lang='grc' dir='ltr'>πταισμάτων</span> <span class='ocrx_word' id='word_1_515' title='bbox 3075 2879 3441 2945; x_wconf 77' lang='grc' dir='ltr'>ὐπεξέλευσιν</span> <span class='ocrx_word' id='word_1_516' title='bbox 3456 2877 3616 2946; x_wconf 79' lang='grc' dir='ltr'>λήξα-</span> 
     </span>
    </p>
   </div>
   <div class='ocr_carea' id='block_1_76' title="bbox 2029 2967 3612 3041">
    <p class='ocr_par' dir='ltr' id='par_1_76' title="bbox 2029 2967 3612 3041">
     <span class='ocr_line' id='line_1_76' title="bbox 2029 2967 3612 3041; baseline -0.004 -17"><span class='ocrx_word' id='word_1_517' title='bbox 2029 2991 2147 3025; x_wconf 79' lang='grc' dir='ltr'>σαν’</span> <span class='ocrx_word' id='word_1_518' title='bbox 2169 2971 2282 3026; x_wconf 83' lang='grc' dir='ltr'>ἀλλ’</span> <span class='ocrx_word' id='word_1_519' title='bbox 2301 2971 2491 3041; x_wconf 83' lang='grc' dir='ltr'>ὥσπερ</span> <span class='ocrx_word' id='word_1_520' title='bbox 2515 2973 2580 3022; x_wconf 84' lang='grc' dir='ltr'>ἐκ</span> <span class='ocrx_word' id='word_1_521' title='bbox 2598 2969 3009 3040; x_wconf 71' lang='grc' dir='ltr'>φιλανθρωπίας</span> <span class='ocrx_word' id='word_1_522' title='bbox 3034 2970 3128 3020; x_wconf 78' lang='grc' dir='ltr'>καὶ</span> <span class='ocrx_word' id='word_1_523' title='bbox 3147 2972 3375 3040; x_wconf 79' lang='grc' dir='ltr'>χάριτος</span> <span class='ocrx_word' id='word_1_524' title='bbox 3393 2967 3612 3038; x_wconf 74' lang='grc' dir='ltr'>ἤρξατο,</span> 
     </span>
    </p>
   </div>
   <div class='ocr_carea' id='block_1_77' title="bbox 2025 3059 3616 3134">
    <p class='ocr_par' dir='ltr' id='par_1_77' title="bbox 2025 3059 3616 3134">
     <span class='ocr_line' id='line_1_77' title="bbox 2025 3059 3616 3134; baseline -0.006 -16"><span class='ocrx_word' id='word_1_525' title='bbox 2025 3065 2167 3118; x_wconf 76' lang='grc' dir='ltr'>οὕτω</span> <span class='ocrx_word' id='word_1_526' title='bbox 2200 3063 2332 3134; x_wconf 71' lang='grc' dir='ltr'>πρῖις</span> <span class='ocrx_word' id='word_1_527' title='bbox 2363 3064 2512 3124; x_wconf 81' lang='grc' dir='ltr'>τέλος</span> <span class='ocrx_word' id='word_1_528' title='bbox 2542 3061 2890 3114; x_wconf 78' lang='grc' dir='ltr'>καταπαῦσαι</span> <span class='ocrx_word' id='word_1_529' title='bbox 2923 3062 3333 3131; x_wconf 58' lang='grc' dir='ltr'>φιλάνθρωπον,</span> <span class='ocrx_word' id='word_1_530' title='bbox 3360 3059 3498 3113; x_wconf 76' lang='grc' dir='ltr'>κατὰ</span> <span class='ocrx_word' id='word_1_531' title='bbox 3523 3059 3616 3128; x_wconf 80' lang='grc' dir='ltr'>τὴν</span> 
     </span>
    </p>
   </div>
   <div class='ocr_carea' id='block_1_78' title="bbox 2025 3152 3613 3231">
    <p class='ocr_par' dir='ltr' id='par_1_78' title="bbox 2025 3152 3613 3231">
     <span class='ocr_line' id='line_1_78' title="bbox 2025 3152 3613 3231; baseline -0.006 -18"><span class='ocrx_word' id='word_1_532' title='bbox 2025 3159 2119 3213; x_wconf 72' lang='grc' dir='ltr'>τοῦ</span> <span class='ocrx_word' id='word_1_533' title='bbox 2164 3159 2363 3212; x_wconf 85' lang='grc' dir='ltr'>κύκλου</span> <span class='ocrx_word' id='word_1_534' title='bbox 2426 3157 2690 3231; x_wconf 77' lang='grc' dir='ltr'>γραμμὴν</span> <span class='ocrx_word' id='word_1_535' title='bbox 2739 3159 3078 3228; x_wconf 75' lang='grc' dir='ltr'>ἐναρμόνιον,</span> <span class='ocrx_word' id='word_1_536' title='bbox 3125 3157 3237 3210; x_wconf 77' lang='grc' dir='ltr'><strong>ἀπὸ</strong></span> <span class='ocrx_word' id='word_1_537' title='bbox 3269 3156 3389 3226; x_wconf 67' lang='grc' dir='ltr'>,τοῦ</span> <span class='ocrx_word' id='word_1_538' title='bbox 3446 3152 3613 3208; x_wconf 76' lang='grc' dir='ltr'>αὑτοῦ</span> 
     </span>
    </p>
   </div>
   <div class='ocr_carea' id='block_1_79' title="bbox 2029 3247 3616 3320">
    <p class='ocr_par' dir='ltr' id='par_1_79' title="bbox 2029 3247 3616 3320">
     <span class='ocr_line' id='line_1_79' title="bbox 2029 3247 3616 3320; baseline -0.004 -17"><span class='ocrx_word' id='word_1_539' title='bbox 2029 3251 2268 3303; x_wconf 81' lang='grc' dir='ltr'>λαϐοῦσα</span> <span class='ocrx_word' id='word_1_540' title='bbox 2296 3250 2394 3320; x_wconf 84' lang='grc' dir='ltr'>τὴν</span> <span class='ocrx_word' id='word_1_541' title='bbox 2423 3250 2596 3320; x_wconf 76' lang='grc' dir='ltr'>ἀρχὴν</span> <span class='ocrx_word' id='word_1_542' title='bbox 2623 3248 2724 3317; x_wconf 78' lang='grc' dir='ltr'>τῆς</span> <span class='ocrx_word' id='word_1_543' title='bbox 2745 3249 3035 3320; x_wconf 74' lang='grc' dir='ltr'>κινήσεως,</span> <span class='ocrx_word' id='word_1_544' title='bbox 3073 3249 3168 3301; x_wconf 67' lang='grc' dir='ltr'><strong>ἐπὶ</strong></span> <span class='ocrx_word' id='word_1_545' title='bbox 3196 3249 3260 3300; x_wconf 76' lang='grc' dir='ltr'>τὸ</span> <span class='ocrx_word' id='word_1_546' title='bbox 3293 3248 3430 3300; x_wconf 86' lang='grc' dir='ltr'>αὐτὸ</span> <span class='ocrx_word' id='word_1_547' title='bbox 3455 3247 3616 3299; x_wconf 86' lang='grc' dir='ltr'>πάλιν</span> 
     </span>
    </p>
   </div>
   <div class='ocr_carea' id='block_1_80' title="bbox 2027 3335 3616 3420">
    <p class='ocr_par' dir='ltr' id='par_1_80' title="bbox 2027 3335 3616 3420">
     <span class='ocr_line' id='line_1_80' title="bbox 2027 3335 3616 3420; baseline -0.005 -24"><span class='ocrx_word' id='word_1_548' title='bbox 2027 3341 2254 3396; x_wconf 75' lang='grc' dir='ltr'>ἐλθοῦσα</span> <span class='ocrx_word' id='word_1_549' title='bbox 2295 3340 2480 3393; x_wconf 73' lang='grc' dir='ltr'>λαϐεῖν</span> <span class='ocrx_word' id='word_1_550' title='bbox 2511 3343 2608 3408; x_wconf 75' lang='grc' dir='ltr'>τὴν</span> <span class='ocrx_word' id='word_1_551' title='bbox 2639 3340 3005 3393; x_wconf 83' lang='grc' dir='ltr'>κατάπαυσιν.</span> <span class='ocrx_word' id='word_1_552' title='bbox 3045 3339 3291 3420; x_wconf 30' lang='grc' dir='ltr'>Οὐκοῦνέ</span> <span class='ocrx_word' id='word_1_553' title='bbox 3312 3338 3490 3408; x_wconf 83' lang='grc' dir='ltr'>ἀρχὴν</span> <span class='ocrx_word' id='word_1_554' title='bbox 3520 3335 3616 3389; x_wconf 76' lang='grc' dir='ltr'>καὶ</span> 
     </span>
    </p>
   </div>
   <div class='ocr_carea' id='block_1_81' title="bbox 2024 3429 3616 3503">
    <p class='ocr_par' dir='ltr' id='par_1_81' title="bbox 2024 3429 3616 3503">
     <span class='ocr_line' id='line_1_81' title="bbox 2024 3429 3616 3503; baseline -0.005 -16"><span class='ocrx_word' id='word_1_555' title='bbox 2024 3435 2176 3497; x_wconf 80' lang='grc' dir='ltr'>τέλος</span> <span class='ocrx_word' id='word_1_556' title='bbox 2207 3433 2378 3503; x_wconf 65' lang='grc' dir='ltr'>ἐχέτω</span> <span class='ocrx_word' id='word_1_557' title='bbox 2435 3431 2824 3502; x_wconf 73' lang='grc' dir='ltr'>φιλάνθρωπον</span> <span class='ocrx_word' id='word_1_558' title='bbox 2847 3449 2860 3462; x_wconf 93' lang='grc'><strong>·</strong></span> <span class='ocrx_word' id='word_1_559' title='bbox 2891 3431 3035 3484; x_wconf 77' lang='grc' dir='ltr'>οὕτω</span> <span class='ocrx_word' id='word_1_560' title='bbox 3090 3431 3199 3502; x_wconf 80' lang='grc' dir='ltr'>γὰρ</span> <span class='ocrx_word' id='word_1_561' title='bbox 3232 3432 3332 3484; x_wconf 79' lang='grc' dir='ltr'>καὶ</span> <span class='ocrx_word' id='word_1_562' title='bbox 3376 3432 3447 3482; x_wconf 74' lang='grc' dir='ltr'>τὰ</span> <span class='ocrx_word' id='word_1_563' title='bbox 3479 3429 3616 3498; x_wconf 81' lang='grc' dir='ltr'>μέσα</span> 
     </span>
    </p>
   </div>
   <div class='ocr_carea' id='block_1_82' title="bbox 2029 3523 3614 3596">
    <p class='ocr_par' dir='ltr' id='par_1_82' title="bbox 2029 3523 3614 3596">
     <span class='ocr_line' id='line_1_82' title="bbox 2029 3523 3614 3596; baseline 0.004 -20"><span class='ocrx_word' id='word_1_564' title='bbox 2029 3526 2224 3596; x_wconf 77' lang='grc' dir='ltr'>πέρασι</span> <span class='ocrx_word' id='word_1_565' title='bbox 2257 3525 2520 3587; x_wconf 77' lang='grc' dir='ltr'>τοιούτοις</span> <span class='ocrx_word' id='word_1_566' title='bbox 2547 3523 2914 3596; x_wconf 82' lang='grc' dir='ltr'>κρατούμενα,</span> <span class='ocrx_word' id='word_1_567' title='bbox 2971 3524 3337 3596; x_wconf 76' lang='grc' dir='ltr'>φιλάνθρωπα</span> <span class='ocrx_word' id='word_1_568' title='bbox 3399 3523 3614 3582; x_wconf 70' lang='grc' dir='ltr'>πάντως</span> 
     </span>
    </p>
   </div>
   <div class='ocr_carea' id='block_1_83' title="bbox 2032 3611 3610 3689">
    <p class='ocr_par' dir='ltr' id='par_1_83' title="bbox 2032 3611 3610 3689">
     <span class='ocr_line' id='line_1_83' title="bbox 2032 3611 3610 3689; baseline -0.004 -17"><span class='ocrx_word' id='word_1_569' title='bbox 2032 3619 2352 3688; x_wconf 78' lang='grc' dir='ltr'>κριθήσεται</span> <span class='ocrx_word' id='word_1_570' title='bbox 2398 3616 2514 3689; x_wconf 79' lang='grc' dir='ltr'>[καὶ</span> <span class='ocrx_word' id='word_1_571' title='bbox 2543 3617 2629 3671; x_wconf 67' lang='grc' dir='ltr'><strong>διὰ</strong></span> <span class='ocrx_word' id='word_1_572' title='bbox 2682 3616 2946 3687; x_wconf 75' lang='grc' dir='ltr'>σαρκικδν</span> <span class='ocrx_word' id='word_1_573' title='bbox 2972 3618 3105 3686; x_wconf 78' lang='grc' dir='ltr'>ἡμῖν</span> <span class='ocrx_word' id='word_1_574' title='bbox 3146 3618 3411 3687; x_wconf 75' lang='grc' dir='ltr'>φρόνημα</span> <span class='ocrx_word' id='word_1_575' title='bbox 3442 3616 3508 3666; x_wconf 77' lang='grc' dir='ltr'>τὰ</span> <span class='ocrx_word' id='word_1_576' title='bbox 3537 3611 3610 3681; x_wconf 80' lang='grc' dir='ltr'>μὴ</span> 
     </span>
    </p>
   </div>
   <div class='ocr_carea' id='block_1_84' title="bbox 2026 3703 3613 3778">
    <p class='ocr_par' dir='ltr' id='par_1_84' title="bbox 2026 3703 3613 3778">
     <span class='ocr_line' id='line_1_84' title="bbox 2026 3703 3613 3778; baseline -0.005 -16"><span class='ocrx_word' id='word_1_577' title='bbox 2026 3708 2249 3762; x_wconf 75' lang='grc' dir='ltr'>τοιαῦτα</span> <span class='ocrx_word' id='word_1_578' title='bbox 2265 3710 2553 3778; x_wconf 76' lang='grc' dir='ltr'>τυγχάνειν</span> <span class='ocrx_word' id='word_1_579' title='bbox 2567 3706 2898 3778; x_wconf 68' lang='grc' dir='ltr'>νομίξηται].</span> <span class='ocrx_word' id='word_1_580' title='bbox 2919 3708 3124 3762; x_wconf 83' lang='grc' dir='ltr'>Ἐκεῖνο</span> <span class='ocrx_word' id='word_1_581' title='bbox 3139 3708 3324 3760; x_wconf 82' lang='grc' dir='ltr'>τοίνυν</span> <span class='ocrx_word' id='word_1_582' title='bbox 3337 3707 3411 3769; x_wconf 76' lang='grc' dir='ltr'>ὡς</span> <span class='ocrx_word' id='word_1_583' title='bbox 3427 3703 3613 3758; x_wconf 73' lang='grc' dir='ltr'>δοκοῦν</span> 
     </span>
    </p>
   </div>
   <div class='ocr_carea' id='block_1_85' title="bbox 2026 3796 3612 3872">
    <p class='ocr_par' dir='ltr' id='par_1_85' title="bbox 2026 3796 3612 3872">
     <span class='ocr_line' id='line_1_85' title="bbox 2026 3796 3612 3872; baseline -0.005 -18"><span class='ocrx_word' id='word_1_584' title='bbox 2026 3801 2267 3872; x_wconf 82' lang='grc' dir='ltr'>λυπηρὸν</span> <span class='ocrx_word' id='word_1_585' title='bbox 2298 3799 2754 3872; x_wconf 82' lang='grc' dir='ltr'>παρελεύσαντες,</span> <span class='ocrx_word' id='word_1_586' title='bbox 2782 3801 2838 3851; x_wconf 79' lang='grc' dir='ltr'>ὲν</span> <span class='ocrx_word' id='word_1_587' title='bbox 2857 3799 3032 3869; x_wconf 83' lang='grc' dir='ltr'>τούτῳ</span> <span class='ocrx_word' id='word_1_588' title='bbox 3051 3801 3150 3868; x_wconf 81' lang='grc' dir='ltr'>τὴν</span> <span class='ocrx_word' id='word_1_589' title='bbox 3167 3801 3244 3862; x_wconf 88' lang='grc' dir='ltr'><strong>είς</strong></span> <span class='ocrx_word' id='word_1_590' title='bbox 3276 3796 3612 3867; x_wconf 77' lang='grc' dir='ltr'>Αἰγυπτίους</span> 
     </span>
    </p>
   </div>
   <div class='ocr_carea' id='block_1_86' title="bbox 2028 3890 3611 3963">
    <p class='ocr_par' dir='ltr' id='par_1_86' title="bbox 2028 3890 3611 3963">
     <span class='ocr_line' id='line_1_86' title="bbox 2028 3890 3611 3963; baseline -0.004 -17"><span class='ocrx_word' id='word_1_591' title='bbox 2028 3897 2122 3948; x_wconf 75' lang='grc' dir='ltr'>καὶ</span> <span class='ocrx_word' id='word_1_592' title='bbox 2149 3892 2356 3955; x_wconf 85' lang='grc' dir='ltr'>Λίϐυας</span> <span class='ocrx_word' id='word_1_593' title='bbox 2387 3891 2606 3963; x_wconf 77' lang='grc' dir='ltr'>γραφὴν</span> <span class='ocrx_word' id='word_1_594' title='bbox 2663 3893 3145 3962; x_wconf 77' lang='grc' dir='ltr'>συμπεράσωμεν·</span> <span class='ocrx_word' id='word_1_595' title='bbox 3184 3895 3280 3946; x_wconf 76' lang='grc' dir='ltr'>καὶ</span> <span class='ocrx_word' id='word_1_596' title='bbox 3313 3893 3486 3954; x_wconf 75' lang='grc' dir='ltr'>οὔτως</span> <span class='ocrx_word' id='word_1_597' title='bbox 3518 3890 3611 3940; x_wconf 76' lang='grc' dir='ltr'><strong>σὺν</strong></span> 
     </span>
    </p>
   </div>
   <div class='ocr_carea' id='block_1_87' title="bbox 2027 3981 3610 4055">
    <p class='ocr_par' dir='ltr' id='par_1_87' title="bbox 2027 3981 3610 4055">
     <span class='ocr_line' id='line_1_87' title="bbox 2027 3981 3610 4055; baseline -0.003 -18"><span class='ocrx_word' id='word_1_598' title='bbox 2027 3983 2145 4055; x_wconf 85' lang='grc' dir='ltr'><strong>Θεῷ</strong></span> <span class='ocrx_word' id='word_1_599' title='bbox 2163 3985 2255 4037; x_wconf 68' lang='grc' dir='ltr'>καὶ</span> <span class='ocrx_word' id='word_1_600' title='bbox 2282 3985 2394 4046; x_wconf 85' lang='grc' dir='ltr'>τοῖς</span> <span class='ocrx_word' id='word_1_601' title='bbox 2420 3983 2659 4052; x_wconf 77' lang='grc' dir='ltr'>μάρτυσι</span> <span class='ocrx_word' id='word_1_602' title='bbox 2679 3983 2789 4037; x_wconf 78' lang='grc' dir='ltr'>τῶν</span> <span class='ocrx_word' id='word_1_603' title='bbox 2823 3983 2916 4036; x_wconf 77' lang='grc' dir='ltr'><strong>ἐπὶ</strong></span> <span class='ocrx_word' id='word_1_604' title='bbox 2941 3982 3116 4048; x_wconf 77' lang='grc' dir='ltr'>ξένοις</span> <span class='ocrx_word' id='word_1_605' title='bbox 3143 3985 3454 4052; x_wconf 79' lang='grc' dir='ltr'>γεγονότων</span> <span class='ocrx_word' id='word_1_606' title='bbox 3485 3981 3610 4034; x_wconf 76' lang='grc' dir='ltr'>Θου-</span> 
     </span>
    </p>
   </div>
   <div class='ocr_carea' id='block_1_88' title="bbox 2031 4069 3606 4144">
    <p class='ocr_par' dir='ltr' id='par_1_88' title="bbox 2031 4069 3606 4144">
     <span class='ocr_line' id='line_1_88' title="bbox 2031 4069 3606 4144; baseline -0.003 -19"><span class='ocrx_word' id='word_1_607' title='bbox 2031 4076 2215 4144; x_wconf 78' lang='grc' dir='ltr'>μὰτων</span> <span class='ocrx_word' id='word_1_608' title='bbox 2250 4071 2575 4142; x_wconf 76' lang='grc' dir='ltr'>ἀρξώμεθα·</span> <span class='ocrx_word' id='word_1_609' title='bbox 2607 4069 2746 4126; x_wconf 76' lang='grc' dir='ltr'>εἶναι</span> <span class='ocrx_word' id='word_1_610' title='bbox 2785 4072 2841 4125; x_wconf 81' lang='grc' dir='ltr'>δὲ</span> <span class='ocrx_word' id='word_1_611' title='bbox 2874 4071 3033 4126; x_wconf 81' lang='grc' dir='ltr'>τοῦτο</span> <span class='ocrx_word' id='word_1_612' title='bbox 3080 4073 3244 4126; x_wconf 69' lang='grc' dir='ltr'>καλὸν</span> <span class='ocrx_word' id='word_1_613' title='bbox 3301 4072 3606 4140; x_wconf 76' lang='grc' dir='ltr'>ὑπειλήφα-</span> 
     </span>
    </p>
   </div>
   <div class='ocr_carea' id='block_1_89' title="bbox 2032 4163 3606 4235">
    <p class='ocr_par' dir='ltr' id='par_1_89' title="bbox 2032 4163 3606 4235">
     <span class='ocr_line' id='line_1_89' title="bbox 2032 4163 3606 4235; baseline -0.002 -19"><span class='ocrx_word' id='word_1_614' title='bbox 2032 4182 2152 4233; x_wconf 88' lang='grc' dir='ltr'>μεν,</span> <span class='ocrx_word' id='word_1_615' title='bbox 2174 4164 2242 4233; x_wconf 72' lang='grc' dir='ltr'>ῖν“</span> <span class='ocrx_word' id='word_1_616' title='bbox 2265 4164 2360 4218; x_wconf 80' lang='grc' dir='ltr'><strong>ἀπ’</strong></span> <span class='ocrx_word' id='word_1_617' title='bbox 2393 4165 2708 4232; x_wconf 84' lang='grc' dir='ltr'>Αἰγυπτίων</span> <span class='ocrx_word' id='word_1_618' title='bbox 2735 4163 3055 4235; x_wconf 78' lang='grc' dir='ltr'>ἀρξάμενοι,</span> <span class='ocrx_word' id='word_1_619' title='bbox 3088 4165 3167 4228; x_wconf 85' lang='grc' dir='ltr'><strong>είς</strong></span> <span class='ocrx_word' id='word_1_620' title='bbox 3205 4164 3415 4224; x_wconf 83' lang='grc' dir='ltr'>Λίϐυας</span> <span class='ocrx_word' id='word_1_621' title='bbox 3443 4177 3606 4215; x_wconf 85' lang='grc' dir='ltr'>κατα-</span> 
     </span>
    </p>
   </div>
   <div class='ocr_carea' id='block_1_90' title="bbox 347 4253 1940 4328">
    <p class='ocr_par' dir='ltr' id='par_1_90' title="bbox 347 4255 1918 4319">
     <span class='ocr_line' id='line_1_90' title="bbox 347 4255 1918 4319; baseline 0.004 -13"><span class='ocrx_word' id='word_1_622' title='bbox 347 4255 677 4309; x_wconf 72' lang='lat' dir='ltr'><strong>nari-ationis</strong></span> <span class='ocrx_word' id='word_1_623' title='bbox 718 4259 874 4310; x_wconf 84' lang='lat' dir='ltr'><strong>linem</strong></span> <span class='ocrx_word' id='word_1_624' title='bbox 920 4259 1123 4319; x_wconf 75' lang='lat' dir='ltr'><strong>sortiti,</strong></span> <span class='ocrx_word' id='word_1_625' title='bbox 1164 4259 1430 4312; x_wconf 77' lang='lat' dir='ltr'><strong>adversus</strong></span> <span class='ocrx_word' id='word_1_626' title='bbox 1465 4259 1696 4313; x_wconf 86' lang='lat' dir='ltr'><strong>invicem</strong></span> <span class='ocrx_word' id='word_1_627' title='bbox 1743 4259 1918 4312; x_wconf 84' lang='lat' dir='ltr'><strong>nulla-</strong></span> 
     </span>
    </p>
   </div>
   <div class='ocr_carea' id='block_1_91' title="bbox 2030 4253 3592 4328">
    <p class='ocr_par' dir='ltr' id='par_1_91' title="bbox 2030 4253 3592 4328">
     <span class='ocr_line' id='line_1_91' title="bbox 2030 4253 3592 4328; baseline -0.008 -15"><span class='ocrx_word' id='word_1_628' title='bbox 2030 4260 2268 4328; x_wconf 70' lang='grc' dir='ltr'>λήξωμεν</span> <span class='ocrx_word' id='word_1_629' title='bbox 2296 4259 2389 4310; x_wconf 71' lang='grc' dir='ltr'>καὶ</span> <span class='ocrx_word' id='word_1_630' title='bbox 2417 4260 2474 4310; x_wconf 81' lang='grc' dir='ltr'>ὲν</span> <span class='ocrx_word' id='word_1_631' title='bbox 2505 4260 2688 4320; x_wconf 73' lang='grc' dir='ltr'>αὐτοῖς</span> <span class='ocrx_word' id='word_1_632' title='bbox 2714 4257 3179 4326; x_wconf 72' lang='grc' dir='ltr'>καταπαύσωμεν·</span> <span class='ocrx_word' id='word_1_633' title='bbox 3215 4257 3288 4320; x_wconf 70' lang='grc' dir='ltr'>ὡς</span> <span class='ocrx_word' id='word_1_634' title='bbox 3316 4257 3383 4310; x_wconf 80' lang='grc' dir='ltr'>ἂν</span> <span class='ocrx_word' id='word_1_635' title='bbox 3409 4257 3458 4308; x_wconf 81' lang='grc' dir='ltr'>οἱ</span> <span class='ocrx_word' id='word_1_636' title='bbox 3496 4253 3592 4322; x_wconf 80' lang='grc' dir='ltr'>μὲν</span> 
     </span>
    </p>
   </div>
   <div class='ocr_carea' id='block_1_92' title="bbox 344 4344 1920 4418">
    <p class='ocr_par' dir='ltr' id='par_1_92' title="bbox 344 4344 1920 4418">
     <span class='ocr_line' id='line_1_92' title="bbox 344 4344 1920 4418; baseline 0.004 -22"><span class='ocrx_word' id='word_1_637' title='bbox 344 4353 506 4398; x_wconf 81' lang='lat' dir='ltr'><strong>tenus</strong></span> <span class='ocrx_word' id='word_1_638' title='bbox 561 4344 847 4404; x_wconf 86' lang='lat' dir='ltr'><strong>dimicent.</strong></span> <span class='ocrx_word' id='word_1_639' title='bbox 889 4348 1046 4416; x_wconf 82' lang='lat' dir='ltr'><strong>quasi</strong></span> <span class='ocrx_word' id='word_1_640' title='bbox 1105 4347 1397 4418; x_wconf 72' lang='lat' dir='ltr'><strong>Libym-um</strong></span> <span class='ocrx_word' id='word_1_641' title='bbox 1472 4349 1655 4418; x_wconf 86' lang='lat' dir='ltr'><strong>potius</strong></span> <span class='ocrx_word' id='word_1_642' title='bbox 1705 4361 1759 4403; x_wconf 90' lang='lat' dir='ltr'><strong>et</strong></span> <span class='ocrx_word' id='word_1_643' title='bbox 1814 4365 1920 4404; x_wconf 91' lang='lat' dir='ltr'><strong>non</strong></span> 
     </span>
    </p>
   </div>
   <div class='ocr_carea' id='block_1_93' title="bbox 346 4433 1925 4513">
    <p class='ocr_par' dir='ltr' id='par_1_93' title="bbox 346 4433 1925 4513">
     <span class='ocr_line' id='line_1_93' title="bbox 346 4433 1925 4513; baseline 0.005 -25"><span class='ocrx_word' id='word_1_644' title='bbox 346 4433 752 4504; x_wconf 61' lang='lat' dir='ltr'><strong>Egyptiurum,</strong></span> <span class='ocrx_word' id='word_1_645' title='bbox 785 4438 868 4490; x_wconf 81' lang='lat' dir='ltr'><strong>vel</strong></span> <span class='ocrx_word' id='word_1_646' title='bbox 901 4438 1057 4505; x_wconf 86' lang='lat' dir='ltr'><strong>quasi</strong></span> <span class='ocrx_word' id='word_1_647' title='bbox 1092 4438 1474 4509; x_wconf 72' lang='lat' dir='ltr'><strong>A‘lgyptlorum</strong></span> <span class='ocrx_word' id='word_1_648' title='bbox 1503 4452 1555 4494; x_wconf 88' lang='lat' dir='ltr'><strong>et</strong></span> <span class='ocrx_word' id='word_1_649' title='bbox 1585 4458 1691 4495; x_wconf 89' lang='lat' dir='ltr'><strong>non</strong></span> <span class='ocrx_word' id='word_1_650' title='bbox 1726 4441 1925 4513; x_wconf 81' lang='lat' dir='ltr'><strong>Libyo—</strong></span> 
     </span>
    </p>
   </div>
   <div class='ocr_carea' id='block_1_94' title="bbox 344 4531 1924 4602">
    <p class='ocr_par' dir='ltr' id='par_1_94' title="bbox 344 4531 1924 4602">
     <span class='ocr_line' id='line_1_94' title="bbox 344 4531 1924 4602; baseline 0.009 -20"><span class='ocrx_word' id='word_1_651' title='bbox 344 4546 466 4583; x_wconf 87' lang='lat' dir='ltr'><strong>rum</strong></span> <span class='ocrx_word' id='word_1_652' title='bbox 531 4531 806 4601; x_wconf 87' lang='lat' dir='ltr'><strong>scriptura</strong></span> <span class='ocrx_word' id='word_1_653' title='bbox 863 4533 1156 4602; x_wconf 88' lang='lat' dir='ltr'><strong>consistat;</strong></span> <span class='ocrx_word' id='word_1_654' title='bbox 1220 4539 1312 4591; x_wconf 76' lang='lat' dir='ltr'><strong>sed</strong></span> <span class='ocrx_word' id='word_1_655' title='bbox 1368 4553 1715 4594; x_wconf 74' lang='lat' dir='ltr'><strong>communem</strong></span> <span class='ocrx_word' id='word_1_656' title='bbox 1783 4542 1924 4596; x_wconf 87' lang='lat' dir='ltr'><strong>banc</strong></span> 
     </span>
    </p>
   </div>
   <div class='ocr_carea' id='block_1_95' title="bbox 342 4624 1922 4696">
    <p class='ocr_par' dir='ltr' id='par_1_95' title="bbox 342 4624 1922 4696">
     <span class='ocr_line' id='line_1_95' title="bbox 342 4624 1922 4696; baseline 0.009 -23"><span class='ocrx_word' id='word_1_657' title='bbox 342 4624 692 4690; x_wconf 83' lang='lat' dir='ltr'><strong>deputantes,</strong></span> <span class='ocrx_word' id='word_1_658' title='bbox 730 4627 1100 4682; x_wconf 83' lang='lat' dir='ltr'><strong>communiter</strong></span> <span class='ocrx_word' id='word_1_659' title='bbox 1133 4635 1191 4680; x_wconf 88' lang='lat' dir='ltr'><strong>ut</strong></span> <span class='ocrx_word' id='word_1_660' title='bbox 1241 4629 1504 4683; x_wconf 74' lang='lat' dir='ltr'><strong>condetzct</strong></span> <span class='ocrx_word' id='word_1_661' title='bbox 1547 4647 1687 4696; x_wconf 81' lang='lat' dir='ltr'><strong>pace</strong></span> <span class='ocrx_word' id='word_1_662' title='bbox 1735 4644 1922 4687; x_wconf 84' lang='lat' dir='ltr'><strong>mutua</strong></span> 
     </span>
    </p>
   </div>
   <div class='ocr_carea' id='block_1_96' title="bbox 343 4717 1587 4783">
    <p class='ocr_par' dir='ltr' id='par_1_96' title="bbox 343 4717 1587 4783">
     <span class='ocr_line' id='line_1_96' title="bbox 343 4717 1587 4783; baseline 0.003 -15"><span class='ocrx_word' id='word_1_663' title='bbox 343 4717 720 4783; x_wconf 73' lang='lat' dir='ltr'><strong>perfruantur.</strong></span> <span class='ocrx_word' id='word_1_664' title='bbox 1477 4777 1484 4783; x_wconf 57' lang='grc'><strong>,</strong></span> <span class='ocrx_word' id='word_1_665' title='bbox 1585 4724 1587 4726; x_wconf 78' lang='grc'><em>’</em></span> 
     </span>
    </p>
   </div>
   <div class='ocr_carea' id='block_1_97' title="bbox 414 4898 1922 4972">
    <p class='ocr_par' dir='ltr' id='par_1_97' title="bbox 414 4898 1922 4972">
     <span class='ocr_line' id='line_1_97' title="bbox 414 4898 1922 4972; baseline 0.007 -19"><span class='ocrx_word' id='word_1_666' title='bbox 414 4899 573 4962; x_wconf 76' lang='lat' dir='ltr'><strong>Adsit</strong></span> <span class='ocrx_word' id='word_1_667' title='bbox 616 4898 804 4970; x_wconf 87' lang='lat' dir='ltr'><strong>itaque</strong></span> <span class='ocrx_word' id='word_1_668' title='bbox 847 4900 1010 4958; x_wconf 86' lang='lat' dir='ltr'><strong>nobis</strong></span> <span class='ocrx_word' id='word_1_669' title='bbox 1049 4901 1274 4960; x_wconf 80' lang='lat' dir='ltr'><strong>Nonnus</strong></span> <span class='ocrx_word' id='word_1_670' title='bbox 1310 4907 1366 4960; x_wconf 85' lang='lat' dir='ltr'><strong>in</strong></span> <span class='ocrx_word' id='word_1_671' title='bbox 1405 4907 1640 4964; x_wconf 90' lang='lat' dir='ltr'><strong>medium</strong></span> <span class='ocrx_word' id='word_1_672' title='bbox 1673 4908 1922 4972; x_wconf 86' lang='lat' dir='ltr'><strong>veniens,</strong></span> 
     </span>
    </p>
   </div>
   <div class='ocr_carea' id='block_1_98' title="bbox 345 4990 1924 5067">
    <p class='ocr_par' dir='ltr' id='par_1_98' title="bbox 345 4990 1924 5067">
     <span class='ocr_line' id='line_1_98' title="bbox 345 4990 1924 5067; baseline 0.005 -22"><span class='ocrx_word' id='word_1_673' title='bbox 345 4998 400 5046; x_wconf 86' lang='lat' dir='ltr'><strong>et</strong></span> <span class='ocrx_word' id='word_1_674' title='bbox 438 4990 492 5044; x_wconf 89' lang='lat' dir='ltr'><strong>in</strong></span> <span class='ocrx_word' id='word_1_675' title='bbox 537 4995 914 5048; x_wconf 83' lang='lat' dir='ltr'><strong>narrationem</strong></span> <span class='ocrx_word' id='word_1_676' title='bbox 969 4994 1297 5065; x_wconf 86' lang='lat' dir='ltr'><strong>adimplcus,</strong></span> <span class='ocrx_word' id='word_1_677' title='bbox 1339 5009 1393 5052; x_wconf 90' lang='lat' dir='ltr'><strong>et</strong></span> <span class='ocrx_word' id='word_1_678' title='bbox 1439 4999 1596 5052; x_wconf 86' lang='lat' dir='ltr'><strong>tinem</strong></span> <span class='ocrx_word' id='word_1_679' title='bbox 1639 4998 1924 5067; x_wconf 87' lang='lat' dir='ltr'><strong>imponens</strong></span> 
     </span>
    </p>
   </div>
   <div class='ocr_carea' id='block_1_99' title="bbox 347 5083 1922 5162">
    <p class='ocr_par' dir='ltr' id='par_1_99' title="bbox 347 5083 1922 5162">
     <span class='ocr_line' id='line_1_99' title="bbox 347 5083 1922 5162; baseline 0.006 -26"><span class='ocrx_word' id='word_1_680' title='bbox 347 5083 627 5138; x_wconf 83' lang='lat' dir='ltr'><strong>miraculis</strong></span> <span class='ocrx_word' id='word_1_681' title='bbox 659 5101 780 5153; x_wconf 69' lang='lat' dir='ltr'><strong>qua:</strong></span> <span class='ocrx_word' id='word_1_682' title='bbox 811 5085 863 5140; x_wconf 90' lang='lat' dir='ltr'><strong>in</strong></span> <span class='ocrx_word' id='word_1_683' title='bbox 896 5084 1180 5156; x_wconf 61' lang='lat' dir='ltr'><strong>Egyptios</strong></span> <span class='ocrx_word' id='word_1_684' title='bbox 1217 5099 1273 5144; x_wconf 89' lang='lat' dir='ltr'><strong>et</strong></span> <span class='ocrx_word' id='word_1_685' title='bbox 1306 5089 1508 5161; x_wconf 82' lang='lat' dir='ltr'><strong>Libyos</strong></span> <span class='ocrx_word' id='word_1_686' title='bbox 1542 5095 1745 5162; x_wconf 85' lang='lat' dir='ltr'><strong>scripta</strong></span> <span class='ocrx_word' id='word_1_687' title='bbox 1773 5103 1922 5155; x_wconf 82' lang='lat' dir='ltr'><strong>Stml,</strong></span> 
     </span>
    </p>
   </div>
   <div class='ocr_carea' id='block_1_100' title="bbox 344 5173 1917 5251">
    <p class='ocr_par' dir='ltr' id='par_1_100' title="bbox 344 5173 1917 5251">
     <span class='ocr_line' id='line_1_100' title="bbox 344 5173 1917 5251; baseline 0.01 -27"><span class='ocrx_word' id='word_1_688' title='bbox 344 5176 436 5242; x_wconf 83' lang='lat' dir='ltr'><strong>qui</strong></span> <span class='ocrx_word' id='word_1_689' title='bbox 473 5184 527 5228; x_wconf 89' lang='lat' dir='ltr'><strong>et</strong></span> <span class='ocrx_word' id='word_1_690' title='bbox 563 5173 763 5246; x_wconf 78' lang='lat' dir='ltr'><strong>Libyes</strong></span> <span class='ocrx_word' id='word_1_691' title='bbox 795 5189 936 5242; x_wconf 87' lang='lat' dir='ltr'><strong>erat,</strong></span> <span class='ocrx_word' id='word_1_692' title='bbox 971 5191 1024 5232; x_wconf 90' lang='lat' dir='ltr'><strong>et</strong></span> <span class='ocrx_word' id='word_1_693' title='bbox 1052 5181 1164 5236; x_wconf 86' lang='lat' dir='ltr'><strong>illic</strong></span> <span class='ocrx_word' id='word_1_694' title='bbox 1184 5181 1321 5236; x_wconf 85' lang='lat' dir='ltr'><strong>Nicii</strong></span> <span class='ocrx_word' id='word_1_695' title='bbox 1354 5184 1594 5239; x_wconf 85' lang='lat' dir='ltr'><strong>civitatis</strong></span> <span class='ocrx_word' id='word_1_696' title='bbox 1625 5185 1917 5251; x_wconf 87' lang='lat' dir='ltr'><strong>oriundus,</strong></span> 
     </span>
    </p>
   </div>
   <div class='ocr_carea' id='block_1_101' title="bbox 345 5269 1928 5345">
    <p class='ocr_par' dir='ltr' id='par_1_101' title="bbox 345 5269 1928 5345">
     <span class='ocr_line' id='line_1_101' title="bbox 345 5269 1928 5345; baseline 0.009 -26"><span class='ocrx_word' id='word_1_697' title='bbox 345 5274 399 5319; x_wconf 80' lang='lat' dir='ltr'><strong>et</strong></span> <span class='ocrx_word' id='word_1_698' title='bbox 436 5285 501 5320; x_wconf 82' lang='lat' dir='ltr'><strong>ex</strong></span> <span class='ocrx_word' id='word_1_699' title='bbox 537 5269 620 5321; x_wconf 84' lang='lat' dir='ltr'><strong>bis</strong></span> <span class='ocrx_word' id='word_1_700' title='bbox 651 5271 744 5337; x_wconf 83' lang='lat' dir='ltr'><strong>qui</strong></span> <span class='ocrx_word' id='word_1_701' title='bbox 780 5271 831 5325; x_wconf 92' lang='lat' dir='ltr'><strong>in</strong></span> <span class='ocrx_word' id='word_1_702' title='bbox 874 5273 1084 5327; x_wconf 75' lang='lat' dir='ltr'><strong>divitiis</strong></span> <span class='ocrx_word' id='word_1_703' title='bbox 1131 5285 1288 5328; x_wconf 77' lang='lat' dir='ltr'><strong>erant</strong></span> <span class='ocrx_word' id='word_1_704' title='bbox 1330 5277 1720 5345; x_wconf 81' lang='lat' dir='ltr'><strong>opiualissimi,</strong></span> <span class='ocrx_word' id='word_1_705' title='bbox 1755 5285 1809 5331; x_wconf 85' lang='lat' dir='ltr'><strong>et</strong></span> <span class='ocrx_word' id='word_1_706' title='bbox 1836 5294 1928 5345; x_wconf 83' lang='lat' dir='ltr'><strong>ge-</strong></span> 
     </span>
    </p>
   </div>
   <div class='ocr_carea' id='block_1_102' title="bbox 348 5358 1926 5437">
    <p class='ocr_par' dir='ltr' id='par_1_102' title="bbox 348 5358 1926 5437">
     <span class='ocr_line' id='line_1_102' title="bbox 348 5358 1926 5437; baseline 0.01 -29"><span class='ocrx_word' id='word_1_707' title='bbox 348 5371 473 5412; x_wconf 81' lang='lat' dir='ltr'><strong>nere</strong></span> <span class='ocrx_word' id='word_1_708' title='bbox 505 5358 775 5416; x_wconf 80' lang='lat' dir='ltr'><strong>ﬂorebant</strong></span> <span class='ocrx_word' id='word_1_709' title='bbox 822 5365 965 5433; x_wconf 83' lang='lat' dir='ltr'><strong>apud</strong></span> <span class='ocrx_word' id='word_1_710' title='bbox 1016 5367 1288 5435; x_wconf 75' lang='lat' dir='ltr'><strong>rcgioncm</strong></span> <span class='ocrx_word' id='word_1_711' title='bbox 1326 5382 1479 5421; x_wconf 86' lang='lat' dir='ltr'><strong>suam</strong></span> <span class='ocrx_word' id='word_1_712' title='bbox 1522 5368 1744 5437; x_wconf 72' lang='lat' dir='ltr'><strong>insigni.</strong></span> <span class='ocrx_word' id='word_1_713' title='bbox 1779 5367 1926 5422; x_wconf 81' lang='lat' dir='ltr'><strong>Non-</strong></span> 
     </span>
    </p>
   </div>
   <div class='ocr_carea' id='block_1_103' title="bbox 351 5456 1922 5530">
    <p class='ocr_par' dir='ltr' id='par_1_103' title="bbox 351 5456 1922 5530">
     <span class='ocr_line' id='line_1_103' title="bbox 351 5456 1922 5530; baseline 0.009 -30"><span class='ocrx_word' id='word_1_714' title='bbox 351 5465 454 5506; x_wconf 85' lang='lat' dir='ltr'><strong>nus</strong></span> <span class='ocrx_word' id='word_1_715' title='bbox 485 5470 616 5522; x_wconf 73' lang='lat' dir='ltr'><strong>ergo</strong></span> <span class='ocrx_word' id='word_1_716' title='bbox 665 5456 788 5519; x_wconf 71' lang='lat' dir='ltr'><strong>i~te,</strong></span> <span class='ocrx_word' id='word_1_717' title='bbox 822 5458 916 5526; x_wconf 91' lang='lat' dir='ltr'><strong>qui</strong></span> <span class='ocrx_word' id='word_1_718' title='bbox 957 5462 1142 5514; x_wconf 88' lang='lat' dir='ltr'><strong>multis</strong></span> <span class='ocrx_word' id='word_1_719' title='bbox 1183 5472 1301 5516; x_wconf 82' lang='lat' dir='ltr'><strong>erat</strong></span> <span class='ocrx_word' id='word_1_720' title='bbox 1351 5463 1678 5530; x_wconf 71' lang='lat' dir='ltr'><strong>prmeipuus.</strong></span> <span class='ocrx_word' id='word_1_721' title='bbox 1710 5470 1763 5514; x_wconf 85' lang='lat' dir='ltr'><strong>ct</strong></span> <span class='ocrx_word' id='word_1_722' title='bbox 1800 5477 1922 5514; x_wconf 84' lang='lat' dir='ltr'><strong>cru-</strong></span> 
     </span>
    </p>
   </div>
   <div class='ocr_carea' id='block_1_104' title="bbox 351 5539 1922 5614">
    <p class='ocr_par' dir='ltr' id='par_1_104' title="bbox 351 5539 1922 5614">
     <span class='ocr_line' id='line_1_104' title="bbox 351 5539 1922 5614; baseline 0.006 -22"><span class='ocrx_word' id='word_1_723' title='bbox 351 5539 457 5594; x_wconf 76' lang='lat' dir='ltr'><strong>dett</strong></span> <span class='ocrx_word' id='word_1_724' title='bbox 490 5545 735 5611; x_wconf 61' lang='grc' dir='ltr'>τωρωι-ξε</span> <span class='ocrx_word' id='word_1_725' title='bbox 769 5547 1020 5614; x_wconf 71' lang='lat' dir='ltr'><strong>pusionc</strong></span> <span class='ocrx_word' id='word_1_726' title='bbox 1046 5549 1405 5605; x_wconf 81' lang='lat' dir='ltr'><strong>clarissimus.</strong></span> <span class='ocrx_word' id='word_1_727' title='bbox 1442 5548 1562 5603; x_wconf 76' lang='lat' dir='ltr'><strong>ll;ec</strong></span> <span class='ocrx_word' id='word_1_728' title='bbox 1593 5559 1770 5603; x_wconf 82' lang='lat' dir='ltr'><strong>autem</strong></span> <span class='ocrx_word' id='word_1_729' title='bbox 1805 5557 1922 5604; x_wconf 82' lang='lat' dir='ltr'><strong>erat</strong></span> 
     </span>
    </p>
   </div>
   <div class='ocr_carea' id='block_1_105' title="bbox 2024 4345 3592 4420">
    <p class='ocr_par' dir='ltr' id='par_1_105' title="bbox 2024 4345 3592 4420">
     <span class='ocr_line' id='line_1_105' title="bbox 2024 4345 3592 4420; baseline -0.004 -18"><span class='ocrx_word' id='word_1_730' title='bbox 2024 4350 2122 4420; x_wconf 79' lang='grc' dir='ltr'>τὴν</span> <span class='ocrx_word' id='word_1_731' title='bbox 2150 4350 2342 4419; x_wconf 81' lang='grc' dir='ltr'>ἀρχὴν,</span> <span class='ocrx_word' id='word_1_732' title='bbox 2365 4351 2416 4402; x_wconf 75' lang='lat' dir='ltr'><strong>oi</strong></span> <span class='ocrx_word' id='word_1_733' title='bbox 2447 4350 2500 4402; x_wconf 80' lang='grc' dir='ltr'>δὲ</span> <span class='ocrx_word' id='word_1_734' title='bbox 2532 4350 2591 4402; x_wconf 70' lang='grc' dir='ltr'><strong>τ’)</strong></span> <span class='ocrx_word' id='word_1_735' title='bbox 2617 4350 2769 4412; x_wconf 80' lang='grc' dir='ltr'>τέλος</span> <span class='ocrx_word' id='word_1_736' title='bbox 2821 4351 2921 4415; x_wconf 76' lang='grc' dir='ltr'>τῆς</span> <span class='ocrx_word' id='word_1_737' title='bbox 2968 4350 3278 4420; x_wconf 82' lang='grc' dir='ltr'>διηγήσεως</span> <span class='ocrx_word' id='word_1_738' title='bbox 3309 4345 3592 4418; x_wconf 73' lang='grc' dir='ltr'>κληρωσάο</span> 
     </span>
    </p>
   </div>
   <div class='ocr_carea' id='block_1_106' title="bbox 2028 4437 3590 4512">
    <p class='ocr_par' dir='ltr' id='par_1_106' title="bbox 2028 4437 3590 4512">
     <span class='ocr_line' id='line_1_106' title="bbox 2028 4437 3590 4512; baseline -0.005 -18"><span class='ocrx_word' id='word_1_739' title='bbox 2028 4459 2197 4512; x_wconf 84' lang='grc' dir='ltr'>μενοι,</span> <span class='ocrx_word' id='word_1_740' title='bbox 2233 4440 2368 4509; x_wconf 67' lang='grc' dir='ltr'>πρὸς</span> <span class='ocrx_word' id='word_1_741' title='bbox 2393 4441 2653 4511; x_wconf 75' lang='grc' dir='ltr'>ἀλλήλους</span> <span class='ocrx_word' id='word_1_742' title='bbox 2683 4443 2836 4495; x_wconf 80' lang='grc' dir='ltr'>οὐδὲν</span> <span class='ocrx_word' id='word_1_743' title='bbox 2855 4442 3252 4512; x_wconf 70' lang='grc' dir='ltr'>διαμάχωνται,</span> <span class='ocrx_word' id='word_1_744' title='bbox 3277 4442 3354 4505; x_wconf 86' lang='grc' dir='ltr'>ὡς</span> <span class='ocrx_word' id='word_1_745' title='bbox 3378 4437 3590 4493; x_wconf 73' lang='grc' dir='ltr'>Λιϐύων</span> 
     </span>
    </p>
   </div>
   <div class='ocr_carea' id='block_1_107' title="bbox 2028 4524 3594 4605">
    <p class='ocr_par' dir='ltr' id='par_1_107' title="bbox 2028 4524 3594 4605">
     <span class='ocr_line' id='line_1_107' title="bbox 2028 4524 3594 4605; baseline -0.004 -22"><span class='ocrx_word' id='word_1_746' title='bbox 2028 4534 2226 4605; x_wconf 78' lang='grc' dir='ltr'>μᾶλλον</span> <span class='ocrx_word' id='word_1_747' title='bbox 2257 4533 2351 4585; x_wconf 78' lang='grc' dir='ltr'>καὶ</span> <span class='ocrx_word' id='word_1_748' title='bbox 2381 4535 2480 4585; x_wconf 88' lang='grc' dir='ltr'><strong>οὐκ</strong></span> <span class='ocrx_word' id='word_1_749' title='bbox 2534 4533 2864 4599; x_wconf 76' lang='grc' dir='ltr'>Αἰγυπτίων,</span> <span class='ocrx_word' id='word_1_750' title='bbox 2898 4533 3040 4602; x_wconf 83' lang='grc' dir='ltr'><strong>ἢ-ὼς</strong></span> <span class='ocrx_word' id='word_1_751' title='bbox 3070 4535 3386 4600; x_wconf 79' lang='grc' dir='ltr'>Αἰγυπτίων</span> <span class='ocrx_word' id='word_1_752' title='bbox 3416 4529 3508 4582; x_wconf 74' lang='grc' dir='ltr'>καὶ</span> <span class='ocrx_word' id='word_1_753' title='bbox 3537 4524 3594 4578; x_wconf 75' lang='grc' dir='ltr'><strong>οὐ</strong></span> 
     </span>
    </p>
   </div>
   <div class='ocr_carea' id='block_1_108' title="bbox 2025 4616 3594 4694">
    <p class='ocr_par' dir='ltr' id='par_1_108' title="bbox 2025 4616 3594 4694">
     <span class='ocr_line' id='line_1_108' title="bbox 2025 4616 3594 4694; baseline -0.006 -13"><span class='ocrx_word' id='word_1_754' title='bbox 2025 4627 2240 4682; x_wconf 83' lang='grc' dir='ltr'>Λιϐύων</span> <span class='ocrx_word' id='word_1_755' title='bbox 2291 4625 2442 4688; x_wconf 79' lang='grc' dir='ltr'>δντος</span> <span class='ocrx_word' id='word_1_756' title='bbox 2495 4625 2590 4678; x_wconf 82' lang='grc' dir='ltr'>τοῦ</span> <span class='ocrx_word' id='word_1_757' title='bbox 2643 4625 2993 4694; x_wconf 72' lang='grc' dir='ltr'>γράμματος,</span> <span class='ocrx_word' id='word_1_758' title='bbox 3060 4625 3194 4677; x_wconf 75' lang='grc' dir='ltr'>ἀλλὰ</span> <span class='ocrx_word' id='word_1_759' title='bbox 3239 4626 3417 4678; x_wconf 79' lang='grc' dir='ltr'>κοινὸν</span> <span class='ocrx_word' id='word_1_760' title='bbox 3470 4616 3594 4675; x_wconf 76' lang='grc' dir='ltr'>αὐτὸ</span> 
     </span>
    </p>
   </div>
   <div class='ocr_carea' id='block_1_109' title="bbox 2023 4715 3595 4788">
    <p class='ocr_par' dir='ltr' id='par_1_109' title="bbox 2023 4715 3595 4788">
     <span class='ocr_line' id='line_1_109' title="bbox 2023 4715 3595 4788; baseline -0.004 -16"><span class='ocrx_word' id='word_1_761' title='bbox 2023 4719 2372 4788; x_wconf 81' lang='grc' dir='ltr'>λογισάμενοι</span> <span class='ocrx_word' id='word_1_762' title='bbox 2395 4717 2469 4781; x_wconf 82' lang='grc' dir='ltr'>ὡς</span> <span class='ocrx_word' id='word_1_763' title='bbox 2495 4717 2694 4786; x_wconf 81' lang='grc' dir='ltr'>πρέπει</span> <span class='ocrx_word' id='word_1_764' title='bbox 2749 4716 2912 4787; x_wconf 84' lang='grc' dir='ltr'>κοινῷ</span> <span class='ocrx_word' id='word_1_765' title='bbox 2976 4719 3110 4788; x_wconf 75' lang='grc' dir='ltr'>πρὸς</span> <span class='ocrx_word' id='word_1_766' title='bbox 3169 4719 3398 4779; x_wconf 75' lang='grc' dir='ltr'>ἑαυτοὺς</span> <span class='ocrx_word' id='word_1_767' title='bbox 3446 4715 3595 4783; x_wconf 80' lang='grc' dir='ltr'><strong>εἰρη-</strong></span> 
     </span>
    </p>
   </div>
   <div class='ocr_carea' id='block_1_110' title="bbox 1937 4812 2256 4866">
    <p class='ocr_par' dir='ltr' id='par_1_110' title="bbox 1937 4812 2256 4866">
     <span class='ocr_line' id='line_1_110' title="bbox 1937 4812 2256 4866; baseline 0.009 -3"><span class='ocrx_word' id='word_1_768' title='bbox 1937 4844 1941 4848; x_wconf 96' lang='grc'><strong>-</strong></span> <span class='ocrx_word' id='word_1_769' title='bbox 2025 4812 2256 4866; x_wconf 82' lang='grc' dir='ltr'>νεύοιεν.</span> 
     </span>
    </p>
   </div>
   <div class='ocr_carea' id='block_1_111' title="bbox 2094 4894 3595 4974">
    <p class='ocr_par' dir='ltr' id='par_1_111' title="bbox 2094 4894 3595 4974">
     <span class='ocr_line' id='line_1_111' title="bbox 2094 4894 3595 4974; baseline 0.009 -18"><span class='ocrx_word' id='word_1_770' title='bbox 2094 4904 2317 4974; x_wconf 86' lang='grc' dir='ltr'>Παρίτω</span> <span class='ocrx_word' id='word_1_771' title='bbox 2373 4905 2504 4971; x_wconf 78' lang='grc' dir='ltr'>γοῦν</span> <span class='ocrx_word' id='word_1_772' title='bbox 2561 4906 2690 4973; x_wconf 78' lang='grc' dir='ltr'>ἡμῖν</span> <span class='ocrx_word' id='word_1_773' title='bbox 2741 4904 2821 4966; x_wconf 79' lang='grc' dir='ltr'><strong>εἰς</strong></span> <span class='ocrx_word' id='word_1_774' title='bbox 2864 4903 3027 4972; x_wconf 84' lang='grc' dir='ltr'>μέσον</span> <span class='ocrx_word' id='word_1_775' title='bbox 3071 4906 3099 4956; x_wconf 84' lang='grc' dir='ltr'>ὁ</span> <span class='ocrx_word' id='word_1_776' title='bbox 3130 4902 3348 4964; x_wconf 82' lang='grc' dir='ltr'>Νῶννος</span> <span class='ocrx_word' id='word_1_777' title='bbox 3387 4894 3595 4968; x_wconf 65' lang='grc' dir='ltr'>πληρῶν</span> 
     </span>
    </p>
   </div>
   <div class='ocr_carea' id='block_1_112' title="bbox 2025 4987 3593 5066">
    <p class='ocr_par' dir='ltr' id='par_1_112' title="bbox 2025 4987 3593 5066">
     <span class='ocr_line' id='line_1_112' title="bbox 2025 4987 3593 5066; baseline -0.003 -17"><span class='ocrx_word' id='word_1_778' title='bbox 2025 4999 2108 5065; x_wconf 71' lang='grc' dir='ltr'><strong>ἐφ’</strong></span> <span class='ocrx_word' id='word_1_779' title='bbox 2141 4996 2319 5062; x_wconf 74' lang='grc' dir='ltr'>ἑαυτῷ</span> <span class='ocrx_word' id='word_1_780' title='bbox 2369 4997 2467 5065; x_wconf 80' lang='grc' dir='ltr'>τὴν</span> <span class='ocrx_word' id='word_1_781' title='bbox 2520 4995 2791 5066; x_wconf 82' lang='grc' dir='ltr'>διήγησιν,</span> <span class='ocrx_word' id='word_1_782' title='bbox 2845 4997 2940 5048; x_wconf 70' lang='grc' dir='ltr'>καὶ</span> <span class='ocrx_word' id='word_1_783' title='bbox 2997 4997 3172 5064; x_wconf 85' lang='grc' dir='ltr'>πέρας</span> <span class='ocrx_word' id='word_1_784' title='bbox 3211 4991 3470 5051; x_wconf 78' lang='grc' dir='ltr'>ἐπιτιθεὶς</span> <span class='ocrx_word' id='word_1_785' title='bbox 3489 4987 3593 5044; x_wconf 76' lang='grc' dir='ltr'>τοῖς</span> 
     </span>
    </p>
   </div>
   <div class='ocr_carea' id='block_1_113' title="bbox 2026 5081 3585 5157">
    <p class='ocr_par' dir='ltr' id='par_1_113' title="bbox 2026 5081 3585 5157">
     <span class='ocr_line' id='line_1_113' title="bbox 2026 5081 3585 5157; baseline -0.002 -19"><span class='ocrx_word' id='word_1_786' title='bbox 2026 5088 2314 5157; x_wconf 72' lang='grc' dir='ltr'>γραφεῖσιν</span> <span class='ocrx_word' id='word_1_787' title='bbox 2374 5087 2456 5147; x_wconf 84' lang='grc' dir='ltr'><strong>εἰς</strong></span> <span class='ocrx_word' id='word_1_788' title='bbox 2504 5084 2834 5152; x_wconf 81' lang='grc' dir='ltr'>Αίγυπτίους</span> <span class='ocrx_word' id='word_1_789' title='bbox 2891 5083 2987 5135; x_wconf 70' lang='grc' dir='ltr'>καὶ</span> <span class='ocrx_word' id='word_1_790' title='bbox 3048 5083 3255 5147; x_wconf 84' lang='grc' dir='ltr'>Λίϐυας</span> <span class='ocrx_word' id='word_1_791' title='bbox 3307 5081 3585 5147; x_wconf 73' lang='grc' dir='ltr'>θαύμασιν,</span> 
     </span>
    </p>
   </div>
   <div class='ocr_carea' id='block_1_114' title="bbox 2025 5166 3588 5248">
    <p class='ocr_par' dir='ltr' id='par_1_114' title="bbox 2025 5166 3588 5248">
     <span class='ocr_line' id='line_1_114' title="bbox 2025 5166 3588 5248; baseline 0.001 -18"><span class='ocrx_word' id='word_1_792' title='bbox 2025 5178 2104 5242; x_wconf 84' lang='grc' dir='ltr'>ὼς</span> <span class='ocrx_word' id='word_1_793' title='bbox 2123 5177 2218 5230; x_wconf 70' lang='grc' dir='ltr'>καὶ</span> <span class='ocrx_word' id='word_1_794' title='bbox 2249 5177 2478 5248; x_wconf 86' lang='grc' dir='ltr'>Λιϐύην,</span> <span class='ocrx_word' id='word_1_795' title='bbox 2541 5177 2637 5230; x_wconf 77' lang='grc' dir='ltr'>καὶ</span> <span class='ocrx_word' id='word_1_796' title='bbox 2672 5175 2864 5230; x_wconf 80' lang='grc' dir='ltr'>Νικίου</span> <span class='ocrx_word' id='word_1_797' title='bbox 2897 5177 2997 5246; x_wconf 80' lang='grc' dir='ltr'>τῆς</span> <span class='ocrx_word' id='word_1_798' title='bbox 3041 5173 3221 5230; x_wconf 83' lang='grc' dir='ltr'>ἐκεῖσε</span> <span class='ocrx_word' id='word_1_799' title='bbox 3259 5175 3457 5231; x_wconf 78' lang='grc' dir='ltr'>πόλεως</span> <span class='ocrx_word' id='word_1_800' title='bbox 3484 5166 3588 5235; x_wconf 80' lang='grc' dir='ltr'><strong>ὥρ-</strong></span> 
     </span>
    </p>
   </div>
   <div class='ocr_carea' id='block_1_115' title="bbox 2030 5255 3580 5341">
    <p class='ocr_par' dir='ltr' id='par_1_115' title="bbox 2030 5255 3580 5341">
     <span class='ocr_line' id='line_1_115' title="bbox 2030 5255 3580 5341; baseline -0.01 -18"><span class='ocrx_word' id='word_1_801' title='bbox 2030 5287 2187 5341; x_wconf 82' lang='grc' dir='ltr'>μητο,</span> <span class='ocrx_word' id='word_1_802' title='bbox 2218 5255 2311 5322; x_wconf 66' lang='grc' dir='ltr'><strong>καί</strong></span> <span class='ocrx_word' id='word_1_803' title='bbox 2342 5270 2450 5321; x_wconf 80' lang='grc' dir='ltr'>τῶν</span> <span class='ocrx_word' id='word_1_804' title='bbox 2469 5271 2526 5322; x_wconf 84' lang='grc' dir='ltr'>ὲν</span> <span class='ocrx_word' id='word_1_805' title='bbox 2558 5269 2776 5340; x_wconf 82' lang='grc' dir='ltr'>πλούτῳ</span> <span class='ocrx_word' id='word_1_806' title='bbox 2826 5268 3249 5338; x_wconf 77' lang='grc' dir='ltr'>γνωριζομένων</span> <span class='ocrx_word' id='word_1_807' title='bbox 3280 5267 3580 5333; x_wconf 75' lang='grc' dir='ltr'>ἐτύγχανεν.</span> 
     </span>
    </p>
   </div>
   <div class='ocr_carea' id='block_1_116' title="bbox 2026 5348 3583 5429">
    <p class='ocr_par' dir='ltr' id='par_1_116' title="bbox 2026 5348 3583 5429">
     <span class='ocr_line' id='line_1_116' title="bbox 2026 5348 3583 5429; baseline -0.001 -15"><span class='ocrx_word' id='word_1_808' title='bbox 2026 5362 2120 5414; x_wconf 76' lang='grc' dir='ltr'>καὶ</span> <span class='ocrx_word' id='word_1_809' title='bbox 2148 5362 2294 5425; x_wconf 87' lang='grc' dir='ltr'>γένει</span> <span class='ocrx_word' id='word_1_810' title='bbox 2320 5359 2610 5429; x_wconf 80' lang='grc' dir='ltr'>διέπρεπεν</span> <span class='ocrx_word' id='word_1_811' title='bbox 2650 5359 2906 5428; x_wconf 79' lang='grc' dir='ltr'>ἐπισήμῳ</span> <span class='ocrx_word' id='word_1_812' title='bbox 2937 5357 3079 5410; x_wconf 83' lang='grc' dir='ltr'>κατὰ</span> <span class='ocrx_word' id='word_1_813' title='bbox 3103 5356 3288 5428; x_wconf 82' lang='grc' dir='ltr'>χώραν</span> <span class='ocrx_word' id='word_1_814' title='bbox 3317 5348 3583 5421; x_wconf 73' lang='grc' dir='ltr'><strong>ὑπάρξαν’</strong></span> 
     </span>
    </p>
   </div>
   <div class='ocr_carea' id='block_1_117' title="bbox 2025 5443 3577 5518">
    <p class='ocr_par' dir='ltr' id='par_1_117' title="bbox 2025 5443 3577 5518">
     <span class='ocr_line' id='line_1_117' title="bbox 2025 5443 3577 5518; baseline -0.005 -14"><span class='ocrx_word' id='word_1_815' title='bbox 2025 5470 2098 5506; x_wconf 86' lang='grc' dir='ltr'>τι.</span> <span class='ocrx_word' id='word_1_816' title='bbox 2130 5450 2347 5512; x_wconf 85' lang='grc' dir='ltr'>Νῶννος</span> <span class='ocrx_word' id='word_1_817' title='bbox 2373 5445 2464 5502; x_wconf 78' lang='grc' dir='ltr'><strong>οὖν</strong></span> <span class='ocrx_word' id='word_1_818' title='bbox 2487 5445 2641 5512; x_wconf 75' lang='grc' dir='ltr'>οὗτος</span> <span class='ocrx_word' id='word_1_819' title='bbox 2663 5451 2762 5502; x_wconf 79' lang='grc' dir='ltr'><strong>ὁὲν</strong></span> <span class='ocrx_word' id='word_1_820' title='bbox 2789 5449 3000 5512; x_wconf 82' lang='grc' dir='ltr'>πολλοῖς</span> <span class='ocrx_word' id='word_1_821' title='bbox 3030 5448 3210 5518; x_wconf 80' lang='grc' dir='ltr'>λαχὼν</span> <span class='ocrx_word' id='word_1_822' title='bbox 3227 5448 3288 5502; x_wconf 73' lang='grc' dir='ltr'>τὸ</span> <span class='ocrx_word' id='word_1_823' title='bbox 3304 5443 3577 5512; x_wconf 58' lang='grc' dir='ltr'>ἐξαίρετον,</span> 
     </span>
    </p>
   </div>
   <div class='ocr_carea' id='block_1_118' title="bbox 2029 5526 3578 5614">
    <p class='ocr_par' dir='ltr' id='par_1_118' title="bbox 2029 5526 3578 5614">
     <span class='ocr_line' id='line_1_118' title="bbox 2029 5526 3578 5614; baseline -0.003 -16"><span class='ocrx_word' id='word_1_824' title='bbox 2029 5545 2118 5598; x_wconf 70' lang='grc' dir='ltr'>καὶ</span> <span class='ocrx_word' id='word_1_825' title='bbox 2148 5541 2307 5597; x_wconf 73' lang='grc' dir='ltr'>πάθει</span> <span class='ocrx_word' id='word_1_826' title='bbox 2337 5541 2494 5614; x_wconf 81' lang='grc' dir='ltr'>δεινῷ</span> <span class='ocrx_word' id='word_1_827' title='bbox 2545 5541 2807 5612; x_wconf 69' lang='grc' dir='ltr'>διέλαμπε</span> <span class='ocrx_word' id='word_1_828' title='bbox 2842 5539 3111 5614; x_wconf 81' lang='grc' dir='ltr'>σώματος.</span> <span class='ocrx_word' id='word_1_829' title='bbox 3148 5539 3316 5593; x_wconf 84' lang='grc' dir='ltr'>Τοῦτο</span> <span class='ocrx_word' id='word_1_830' title='bbox 3337 5537 3378 5592; x_wconf 78' lang='grc' dir='ltr'>δ’</span> <span class='ocrx_word' id='word_1_831' title='bbox 3405 5529 3466 5602; x_wconf 75' lang='grc' dir='ltr'>ἦν</span> <span class='ocrx_word' id='word_1_832' title='bbox 3490 5526 3578 5581; x_wconf 66' lang='grc' dir='ltr'><strong>αὖ⁹</strong></span> 
     </span>
    </p>
   </div>
  </div>
