4020 6200
271 226 415 337 θεὸς

1302 270 1408 332 SS.
1437 266 1614 330 CIR!
1644 266 1739 327 ET
1774 266 2097 328 JOANNIS
2123 269 2542 330 MlRACULA.

3408 269 3550 334 3610

276 387 373 443 τού
430 386 492 441 τὸ
539 384 908 458 ἀρρώστημα,
968 381 1059 435 τοῦ
1108 379 1286 448 δεξιοῦ
1326 380 1859 450 ποδὸςήάσθένεια·

1970 382 2277 446 a-gromtio,
2334 383 2512 436 dextri
2569 380 2721 450 pedis
2769 380 3101 446 infirmitas;
3154 381 3303 436 hunc
3351 385 3558 453 quippe

275 478 465 534 τοῦτον
482 478 592 548 γάρ
608 476 767 549 ἔσχεν
799 476 1089 547 ἡμίξηρον,
1123 472 1281 539 ξύλου
1316 474 1484 546 μηδὲν
1510 473 1860 544 διαφέροντα,

275 570 411 626 ἀλλὰ
437 570 622 641 πάσης
664 567 842 622 ποδῶν
883 566 1166 639 ἐνεργείας
1219 567 1549 637 χηρεύοντα.
1576 566 1673 620 καὶ
1700 564 1861 638 σῶμα

275 660 549 715 τὸλοιπδν
596 659 761 730 μηδὲν
813 658 1178 727 εὐεργετῆσαι
1225 656 1550 726 δυνάμενον,
1599 655 1737 710 ἀλλὰ
1767 656 1863 709 καὶ

276 753 478 824 βλάψαι
516 751 587 804 τά
634 751 890 822 μέγιστα.
918 750 993 802 Οὐ
1032 748 1193 819 μόνον
1230 751 1339 819 γάρ
1368 748 1469 801 οῦκ
1503 747 1805 814 ἐϐάσταζεν
1831 747 1861 801 ὃ

276 844 568 916 βαστάζειν
616 842 753 912 πρδς
810 840 905 894 τοῦ
970 841 1312 903 πεπλακότος
1330 839 1670 910 κεκλήρωτο,
1723 839 1862 894 ἀλλὰ

276 936 454 1006 μάτην
482 936 548 986 ἐκ
576 933 771 986 τούτου
809 932 970 1002 μόνον
999 931 1292 1001 ἐκρέματο,
1326 930 1636 985 αὐανθέντα
1666 930 1861 984 κλάδον

273 1028 368 1079 καὶ
416 1025 511 1078 τοῦ
566 1024 786 1093 δένδρου
821 1023 1191 1093 κρεμάμενον,
1225 1021 1300 1084 ὡς
1320 1023 1379 1073 ἐν
1401 1024 1572 1074 εἰκόνι
1629 1022 1858 1092 φράσαι,

276 1116 635 1190 μιμούμενος.
658 1115 812 1186 Τάχα
848 1115 905 1168 δὲ
932 1115 1028 1168 καὶ
1069 1113 1257 1167 τούτου
1287 1113 1487 1185 χείρων
1537 1114 1753 1183 ὑπῆρχε
1782 1111 1861 1182 τῷ

276 1210 519 1279 σώματι·
543 1211 571 1263 ὁ
602 1208 796 1271 κλάδος
853 1210 954 1277 μὲν
1000 1206 1111 1277 γάρ
1154 1206 1215 1259 τὸ
1251 1205 1471 1276 δένδρον
1523 1206 1654 1268 ἴσως
1705 1204 1859 1258 οὐδὲν

253 1300 334 1413 ιτδ
366 1300 532 1370 φέρον
567 1298 728 1353 αὑτὸν
784 1298 1119 1369 ἐλυμήνατο,
1147 1296 1264 1350 ἀλλ’
1290 1296 1455 1361 αὐτὸς
1495 1296 1595 1365 μὲν
1625 1290 1736 1360 οἷος
1759 1298 1861 1350 ὐπ-

285 1394 300 1413 2
323 1409 355 1413 -,
388 1409 406 1413 _
448 1391 722 1413 §,£-_-,._-.-
763 1389 818 1413 -ι
852 1389 905 1413 βλ
939 1388 1006 1413 21.
1030 1389 1152 1413 ΩΑ--.
1181 1389 1270 1413 ---ἱ
1306 1387 1531 1413 --Ω-’.λρ
1560 1388 1697 1413 ..μ-Σ.
1733 1390 1860 1413 ’-3.-

249 1387 410 1463 ίῆρχε
444 1391 722 1461 διέμενεν
761 1389 823 1443 τὸ
849 1389 907 1442 δέ
936 1388 1153 1460 δένδρον
1181 1389 1276 1442 καὶ
1306 1387 1531 1459 τεθηλὸς
1560 1388 1698 1442 κατὰ
1733 1390 1860 1452 τοὺς

242 1466 493 1548 ’,λοιποὺς
517 1483 683 1537 αὐτοῦ
720 1482 947 1545 κλάδους
986 1480 1242 1551 ἐφαίνετο
1273 1480 1441 1534 καὶτὸ
1464 1482 1735 1552 στέλεχος,
1763 1483 1861 1535 καὶ

273 1574 491 1644 φύλλοις
520 1575 662 1628 κατά
692 1575 881 1646 καιρὸν
903 1573 1194 1643 ὡραΐζετο,
1225 1574 1321 1626 καὶ
1348 1576 1589 1644 καρποῖς
1616 1576 1664 1626 εί
1695 1572 1859 1644 τύχοι

268 1667 509 1720 τοιοῦτον
532 1665 807 1736 ἐϐρίθετο,
834 1667 929 1718 καὶ
960 1667 1158 1735 χωρεῖν
1181 1664 1268 1718 ἐπ’
1307 1663 1456 1733 αύτῴ
1488 1664 1583 1716 τὸν
1609 1664 1858 1734 γεωργὸν

270 1759 673 1832 παρεσκεύαζε,
706 1760 797 1813 καὶ
838 1758 942 1828 τῆς
983 1757 1237 1826 εὐλογίας
1275 1756 1442 1810 αὑτοῦ
1475 1756 1621 1810 κατά
1646 1754 1857 1810 Παῦλον

269 1855 446 1908 εἰπεῖν
478 1851 571 1905 τδν
625 1853 896 1922 μακάριον
957 1848 1391 1921 μετελάμϐανεν,
1443 1848 1597 1902 οὐδὲν
1625 1850 1734 1903 άπδ
1762 1848 1858 1902 τοῦ

268 1943 469 1998 κλάδον
511 1941 607 1995 τοῦ
656 1941 1013 2012 ξηρανθέντος
1064 1939 1456 2011 βλαπτόμενον.
1503 1937 1768 1991 Ἐνταῦθα
1796 1938 1854 1991 δὲ

264 2034 330 2088 ού
379 2034 541 2104 μόιον
583 2034 612 2086 ὁ
646 2032 779 2095 ποῦς
831 2031 930 2101 τῆς
984 2029 1189 2092 οἰκείας
1246 2030 1509 2100 ἐστέρητο
1551 2030 1856 2099 ἐνεργείας,

267 2124 408 2178 ἀλλὰ
467 2125 565 2177 καὶ¹
613 2123 732 2177 ὅλον
759 2122 819 2176 τὸ
850 2121 1009 2192 σῶμα
1068 2121 1355 2189 συναλγεῖν
1390 2119 1540 2189 αὐτῷ
1576 2125 1855 2191 κατηνάγ-

268 2219 404 2284 καζε
424 2236 437 2250 ο
470 2218 566 2272 καὶ
616 2216 725 2269 εἴθε
755 2212 824 2286 ἦν
846 2205 1229 2286 άνενέργητός,
1281 2215 1375 2266 καὶ
1404 2213 1481 2284 μὴ
1509 2213 1709 2277 παντὸς
1761 2215 1856 2269 τοῦ

278 2314 521 2381 σώματος
554 2310 656 2381 τὴν
678 2308 907 2379 ἁργείαν
933 2306 1260 2378 εἰργάζετοί
1294 2302 1419 2377 Εἶχε
1453 2306 1510 2359 δὲ
1541 2305 1638 2359 καὶ
1663 2306 1855 2360 τούτου

276 2420 329 2457 τι
362 2399 739 2472 χαλεπώτερον
759 2416 771 2428 ·
802 2401 1030 2469 πάσχων
1051 2398 1160 2469 γὰρ
1192 2392 1356 2460 αὐτὸς
1383 2398 1477 2450 καὶ
1498 2399 1620 2460 ταῖς
1639 2396 1856 2459 ὀδύναις

270 2492 661 2565 κρατούμενος,
689 2492 1037 2560 συμπάσχειν
1064 2487 1214 2558 αὐτῷ
1239 2489 1336 2541 καλ⁵
1362 2490 1472 2542 πᾶν
1498 2488 1659 2558 μέλος
1681 2490 1855 2542 ἐποίει
1899 2495 1911 2513 ‘

267 2585 363 2640 τοῦ
391 2585 646 2657 σώματος
670 2599 683 2612 ·
721 2581 978 2654 ἀληθεύει
1003 2581 1111 2652 γάρ
1137 2585 1166 2635 ό
1190 2581 1366 2635 εἰπὼν
1398 2582 1578 2635 πάντα
1604 2581 1673 2633 τά
1715 2581 1852 2653 μέλη

210 2685 217 2691 ”
264 2677 364 2733 τοῦ
400 2677 653 2747 σώματος
677 2675 754 2748 τῷ
824 2675 980 2747 μέλει
1015 2673 1363 2746 συμπάσχειν
1410 2672 1490 2742 τῷ
1538 2672 1850 2744 πάσχοντι·

268 2770 462 2840 ὥσπερ
492 2770 588 2823 καὶ
616 2768 960 2839 δοξαζομένῳ
991 2766 1072 2821 ἐνὶ
1102 2765 1381 2835 πεφύκασι
1410 2764 1851 2830 συνδοξάζεσθαι.

340 2862 453 2916 Καὶ
497 2858 658 2914 τοῦτο
689 2859 790 2929 μὲν
847 2858 944 2912 τοῦ
989 2857 1215 2911 Νώννου
1242 2857 1304 2911 τὸ
1335 2857 1574 2927 νόσημα,
1599 2858 1738 2928 ὅπερ
1762 2857 1856 2910 εὑκ

268 2953 411 3018 Bito;
457 2952 785 3024 ἀρξάμενον,
814 2952 910 3005 καὶ
938 2950 1018 3022 μὴ
1044 2951 1279 3021 φανερὸν
1311 2952 1426 3014 τοῖς
1458 2951 1592 3003 πᾶσι
1623 2949 1854 3019 γενόμε-

266 3065 360 3103 νον
415 3047 616 3118 ίατρῶν
672 3047 798 3116 ἐπχε
855 3045 1061 3116 πλῆθος
1107 3042 1423 3106 ἀντίπαλον,
1486 3044 1583 3096 καὶ
1644 3043 1854 3096 τούτων

270 3140 509 3211 μάλιστα
532 3138 658 3202 τοὺς
679 3140 736 3192 ἐν
760 3138 940 3205 λόγοις
966 3137 1272 3207 ἐξέχοντας
1295 3135 1344 3188 οἳ
1371 3135 1637 3199 πολλάκις
1662 3136 1853 3204 λόγους

271 3232 434 3304 μόνον
452 3232 562 3292 τοῖς
586 3229 834 3283 νοσοῦσιν
868 3226 1208 3299 χαρίζονται,
1230 3226 1437 3280 τούτων
1474 3226 1628 3280 οὐδὲν
1652 3228 1730 3290 εἰς
1758 3225 1853 3296 ἕρ-

266 3342 366 3394 γον
397 3324 787 3395 προφέροντες.
816 3323 966 3392 Ὀσῳ
992 3321 1048 3375 δέ
1078 3319 1410 3390 προέκοπτε,
1444 3318 1697 3373 τοσοῦτον
1725 3320 1853 3377 τοὺς

271 3415 614 3486 μαχομένους
669 3413 897 3465 ἔϐλεπεν
947 3413 1212 3480 ἥττονας·
1282 3412 1377 3464 καὶ
1414 3411 1540 3462 ὅσον
1575 3408 1725 3480 αὐτῷ
1754 3410 1855 3479 τὴν

269 3505 499 3575 αὔξησιν
551 3505 921 3566 ἐπεδείκνυτο,
973 3503 1232 3557 τοσοῦτον
1262 3503 1421 3556 αὐτοὶ
1476 3487 1859 3571 κατάβραχίιν

274 3597 663 3669 ἐσμικρύνοντο
693 3614 706 3627 ·
737 3598 842 3660 ἕως
883 3595 1057 3650 ἐλθὼν
1123 3596 1262 3666 πρὸς
1293 3596 1355 3649 τὸ
1380 3594 1605 3659 τέλειον,
1648 3588 1763 3648 οἷον
1792 3590 1860 3667 ἦν

277 3691 564 3761 γενόμενον
607 3690 909 3761 γνώριμον,
943 3688 1029 3741 ἐπ’
1072 3687 1263 3751 ἁδείας
1304 3685 1591 3756 ἐτυράννει
1645 3685 1736 3736 τὸν
1763 3683 1858 3736 ὄιν-

275 3781 511 3852 θρωπον,
547 3779 740 3835 ούδένα
771 3779 960 3833 λοιπὸν
1008 3776 1131 3848 ἔχον
1176 3779 1235 3830 ἐν
1273 3773 1583 3845 ἀνθρώποις
1632 3774 1860 3825 ἀντίπα-

196 3940 197 3943 η
271 3874 382 3930 λον.
424 3860 439 3881 ί
1058 3874 1067 3879 ’

343 3965 547 4020 Τούτου
575 3964 631 4019 δὲ
658 3962 758 4035 τὴν
798 3962 957 4035 νίκην
995 3960 1267 4016 κάκείνων
1292 3958 1393 4031 τὴν
1418 3954 1590 4031 ἧτταν
1629 3958 1657 4008 ὁ
1689 3955 1859 4011 νοσῶν

271 4058 630 4127 θεασάμενος,
689 4055 859 4127 Κύρῳ
909 4055 1006 4108 καὶ
1055 4054 1286 4127 Ἰωάννῃ
1314 4053 1430 4114 τοῖς
1467 4050 1735 4121 μάρτυσιν
1785 4048 1860 4111 ὡς

275 4152 483 4221 ἰατροῖς
504 4152 793 4220 ἀηττήτοις
831 4147 1238 4219 προσέδραμεν,
1264 4146 1359 4198 καὶ
1390 4144 1466 4207 ὼς
1486 4143 1660 4207 πάντα
1684 4141 1860 4210 πράτ-

272 4257 388 4293 τειν
413 4238 689 4309 ἰσχύουσιν
718 4239 819 4291 ὅσα
855 4237 989 4308 δρᾷν
1031 4235 1362 4305 ἐθελήσωσιν
1383 4248 1396 4262 ·
1449 4234 1717 4302 τοσαύτην
1752 4232 1861 4301 γὰρ

254 4315 461 4405 ξαύτοῖς
495 4331 556 4383 τὸ
591 4329 733 4382 θεῖον
773 4328 1025 4396 παρέσχε
1044 4326 1143 4397 τὴν
1189 4324 1423 4395 δύναμιν
1455 4323 1530 4386 ὡς
1579 4324 1717 4392 πρὸς
1750 4322 1860 4405 πᾶν

1969 469 2209 525 habebat
2241 469 2618 530 semiaridum.
2647 485 2677 524 a
2707 470 2852 540 ligno
2883 472 3036 525 sicco
3068 470 3199 524 nihil
3234 464 3567 536 distantem,

1969 562 2068 617 sed
2098 563 2246 617 onmi
2288 563 2483 632 pedum
2519 563 2840 631 Operatione
2869 573 3169 627 carentem,
3193 566 3557 635 corporisque

1972 655 2196 712 residuo
2232 643 2305 709 nii
2348 656 2627 729 prodesse,
2667 655 2762 709 sed
2812 658 2995 725 petius
3029 657 3225 713 obesse
3261 658 3553 715 valentem.

1968 748 2090 804 Non
2143 749 2321 803 solum
2370 751 2517 802 enim
2564 764 2673 803 non
2740 751 2995 818 portabat
3043 750 3189 821 quod
3246 766 3467 820 portare
3524 767 3557 805 a

1973 843 2163 895 lictore
2181 838 2733 904 sortituserat,sedin
2767 856 2965 895 vanqu
2983 858 3050 896 ex
3073 843 3405 897 hoct’antum
3426 859 3558 913 pen-
3608 829 3611 831 ί

1968 931 2152 995 debat,
2185 930 2490 987 arefactum
2534 948 2747 987 ramum
2783 942 2838 986 et
2874 934 3191 1003 pendentem
3223 935 3294 988 ab
3335 938 3554 999 arbore,

1971 1025 2047 1078 uti
2083 1026 2136 1078 in
2171 1024 2411 1094 imagine
2451 1025 2705 1087 dixerim,
2748 1025 3010 1080 imitatus.
3064 1024 3338 1082 Fortassis
3372 1018 3553 1082 autem

1966 1126 2018 1170 et
2072 1114 2238 1185 hujus
2289 1116 2507 1186 corpori
2563 1116 2716 1186 pejor
2749 1126 2899 1184 erat;
2938 1134 3059 1171 ttam
3105 1135 3292 1173 ramus
3330 1120 3479 1188 quid.
3501 1136 3551 1172 ιιι

1967 1209 2221 1262 arborem
2278 1223 2401 1272 qum
2451 1225 2511 1264 se
2567 1208 2755 1275 ferret,
2784 1209 2839 1263 in
2896 1211 3046 1264 nullo
3083 1209 3339 1265 fortassis
3367 1222 3551 1265 ester-

1967 1301 2235 1366 minaret;
2285 1309 2372 1355 ast
2408 1301 2571 1355 arbor
2618 1302 2782 1355 etiam
2834 1301 3037 1359 ﬂorens
3075 1301 3378 1358 secundum
3426 1303 3550 1355 reli-

1965 1407 2107 1461 quos
2133 1408 2314 1445 ramos
2356 1401 2411 1447 et
2457 1392 2698 1460 stipitem
2739 1392 3039 1457 videretur,
3069 1403 3124 1449 et
3162 1392 3307 1448 foliis
3352 1408 3551 1449 secun-

1966 1482 2096 1535 dum
2121 1492 2340 1552 tempus
2367 1484 2741 1548 decoraretur,
2769 1493 2823 1537 et
2851 1485 3124 1539 fructibus
3154 1484 3196 1538 si
3228 1485 3552 1554 contigisset

1967 1574 2058 1642 buj
2070 1574 2284 1629 usunodi
2306 1583 2652 1643 gravaretur,
2669 1585 2722 1628 et
2742 1575 2980 1644 gaudere
2993 1590 3161 1644 super
3176 1591 3236 1630 se
3252 1574 3549 1644 agricolam

1968 1664 2197 1728 faceret,
2251 1671 2306 1718 ct
2339 1654 2818 1720 benedictionibus
2857 1664 2996 1730 suis,
3030 1673 3087 1718 ut
3129 1665 3287 1735 juxta
3319 1664 3547 1718 Paulum

1888 1746 2248 1819 “dicamus,
2294 1756 2707 1826 impertiretur,
2766 1757 2836 1811 ab
2890 1756 3132 1812 arefacto
3179 1772 3332 1812 ramo
3372 1760 3552 1812 nulla-

1963 1857 2126 1904 tenus
2156 1847 2307 1902 laesa.
2341 1846 2443 1903 llic
2490 1857 2670 1904 autem
2725 1865 2833 1904 non
2878 1851 3056 1905 solum
3093 1851 3316 1919 propria
3357 1865 3552 1920 opera-

1962 1941 2112 1996 tione
2143 1941 2390 2005 carebat,
2426 1942 2521 1995 sed
2557 1950 2610 1995 et
2642 1950 2815 1995 totum
2847 1928 3049 2012 corpus
3084 1943 3324 1998 otiosum
3359 1958 3549 1997 secum

1962 2032 2081 2087 fore
2131 2033 2381 2102 cogebat.
2437 2032 2500 2089 Et
2550 2035 2764 2089 utinam
2831 2043 2980 2089 esset
3038 2035 3157 2089 sine
3208 2035 3550 2104 Operationis

1958 2126 2190 2190 effectu,
2232 2138 2286 2181 et
2336 2141 2447 2181 non
2493 2127 2663 2181 totius
2712 2129 2963 2196 corporis
3012 2126 3183 2181 ferias
3233 2124 3546 2182 effecisset!

1960 2220 2206 2276 Habebat
2235 2229 2417 2274 autem
2450 2220 2553 2274 hoc
2578 2219 2785 2290 aliquid
2823 2222 3059 2287 saevius;
3096 2237 3219 2276 cum
3251 2221 3398 2276 enim
3431 2220 3551 2290 ipse

1957 2320 2256 2382 pateretur,
2283 2318 2338 2365 et
2381 2325 2413 2365 a
2463 2311 2743 2367 laboribus
2791 2319 3095 2376 teneretur,
3144 2312 3387 2383 eompati
3434 2313 3544 2369 sibi

1957 2419 2122 2459 Omtte
2151 2404 2459 2459 membrum
2489 2406 2741 2474 corporis
2770 2404 3010 2459 faciebat
3036 2420 3052 2457 :
3078 2405 3362 2460 veritatem
3394 2419 3549 2458 nam-

1957 2509 2062 2561 que
2092 2492 2248 2553 dicit,
2296 2494 2480 2547 omnia
2527 2495 2769 2549 membra
2822 2494 3072 2564 corporis
3116 2494 3363 2551 membro
3394 2510 3550 2549 com-

1955 2584 2067 2655 pati
2124 2586 2380 2656 patienti;
2439 2586 2585 2642 sicut
2633 2595 2690 2642 et
2744 2587 2977 2658 gloriam
3023 2588 3295 2655 habente,
3350 2599 3549 2644 caetera

1957 2684 2178 2731 constat
2208 2676 2371 2731 simul
2405 2675 2726 2748 gloriﬁcari.

2028 2856 2095 2913 Et
2131 2861 2218 2914 hic
2248 2859 2470 2929 quidem
2505 2859 2685 2915 Νοιιηὶ
2722 2860 2955 2932 languor
2983 2869 3139 2929 erat;
3186 2861 3283 2933 qui
3326 2877 3451 2917 mox
3493 2872 3554 2939 ut

1956 2950 2222 3020 coepisset
2277 2952 2634 3021 nondumque
2684 2953 2941 3009 onmibus
2995 2953 3327 3009 manifestus
3378 2963 3549 3015 esset,

1884 3078 1929 3137 ο
1962 3043 2296 3098 medicormn
2323 3044 2556 3098 habebat
2583 3044 2988 3100 multitudinem
3023 3046 3322 3112 inimicam,
3349 3055 3400 3101 et
3427 3046 3554 3100 illo-

1964 3151 2081 3188 rum
2119 3136 2360 3190 maxime
2409 3136 2504 3208 qui
2551 3138 2904 3193 sermonibus
2948 3138 3310 3201 excellebant,
3347 3140 3555 3209 quique

1956 3243 2100 3297 saepe
2143 3227 2309 3282 verba
2351 3229 2469 3283 sola
2516 3230 2906 3300 languentibus
2961 3230 3194 3294 donant,
3232 3233 3427 3284 hortnn
3477 3232 3555 3286 nil

1959 3320 2329 3389 producentes
2381 3319 2435 3374 in
2486 3336 2647 3390 opus.
2697 3320 2771 3374 Eo
2820 3329 3002 3375 atttem
3063 3322 3409 3392 proficiebat,
3442 3338 3556 3392 quo

1958 3413 2062 3465 silli
2115 3421 2486 3481 repugnantes
2532 3412 2867 3467 intirmiores
2911 3413 3246 3481 aspiciebat;
3288 3422 3340 3468 et
3372 3430 3552 3483 ιμιειιι-

1961 3511 2074 3554 tam
2104 3502 2221 3570 ipse
2253 3501 2581 3556 incrementi
2616 3504 2981 3567 monstrabat,
3014 3513 3228 3556 tantum
3263 3520 3377 3557 suae
3408 3520 3548 3573 pau-

1957 3594 2111 3649 latim
2155 3593 2245 3649 isti
2286 3595 2675 3648 minorationis
2729 3595 3053 3664 plorabant;
3105 3596 3281 3649 donec
3330 3599 3556 3649 veniens

1960 3686 2025 3739 ad
2061 3685 2471 3754 perfectioaem,
2517 3686 2696 3754 qualis
2729 3696 2878 3740 esset
2908 3686 3159 3751 alfeetus,
3192 3688 3551 3754 dignoscere-

1961 3787 2081 3842 tur;
2128 3786 2183 3830 et
2227 3777 2457 3831 licenter
2509 3761 2800 3846 iiupeteret
2854 3780 3155 3843 hominem,
3205 3780 3415 3834 nullum
3454 3781 3551 3834 ha-

1961 3868 2097 3923 bens
2129 3868 2268 3921 inter
2298 3868 2548 3923 homines
2581 3869 2819 3927 hostem.

2032 3959 2209 4032 Hujus
2262 3971 2443 4016 autem
2500 3962 2761 4025 victoria,
2819 3963 3151 4034 ﬁliorumque
3197 3968 3558 4036 attperatione

1963 4053 2252 4122 languidus
2303 4053 2443 4119 visa,
2489 4056 2554 4107 ad
2602 4053 2804 4126 Cyrum
2856 4063 2910 4111 et
2949 4055 3218 4112 Joannem
3258 4068 3563 4129 martyres,

1962 4152 2224 4213 tanquam
2269 4143 2335 4198 ad
2385 4143 2788 4212 insuperabiles
2832 4142 3075 4199 medicos
3109 4140 3304 4207 currit,
3347 4146 3565 4215 quith

1960 4238 2150 4291 omnia
2198 4250 2388 4305 gerere
2439 4245 2675 4304 queunt,
2712 4251 3063 4305 qumcuuque,
3093 4251 3282 4304 gerere
3329 4236 3565 4303 volunt;

1964 4336 2169 4382 tantam
2219 4326 2365 4381 enim
2417 4327 2672 4380 virtutem
2726 4326 2834 4380 illis
2879 4325 3141 4380 divinitas
3186 4326 3460 4396 praestitit,
3493 4335 3560 4378 ut.

250 4398 263 4495 ξ
286 4429 466 4495 ὶρκεῖν
490 4423 832 4494 ἀρρώστημα
859 4418 1141 4475 δύνασθαι.
1160 4418 1321 4473 ’Ὅθεν
1350 4418 1441 4471 τὸν
1463 4416 1633 4486 ἄνδρα
1657 4415 1752 4484 τῆς
1776 4398 1859 4476 εἰς

1968 4419 2233 4473 adversus
2258 4433 2473 4472 onmem
2498 4417 2819 4489 languorem
2855 4418 3068 4487 possint
3099 4419 3367 4473 sutiicere.
3393 4415 3567 4471 Unde-

250 4504 263 4531 ¹ι

280 4612 561 4680 γνώσεως,
594 4603 662 4680 ἧς
690 4607 785 4660 καὶ
832 4604 940 4676 πρὸ
984 4605 1181 4675 πείρας
1233 4600 1330 4671 τὴν
1362 4600 1547 4653 πίστιν
1576 4598 1859 4664 ἐκέκτητο.

278 4707 387 4759 Καὶ
417 4705 608 4766 me);
649 4706 728 4765 εις
774 4701 939 4754 αὑτὸν
984 4696 1329 4767 ἀφικόμενοι,
1372 4690 1626 4762 ἐλαίῳτὸ
1662 4690 1861 4757 φέγγος

275 4798 576 4868 ἀκοίμητον
629 4793 783 4863 παρὰ
825 4792 925 4871 τὴν
976 4790 1157 4845 αὐτῶν
1196 4788 1354 4858 σορὸν
1402 4784 1858 4854 ἀπαυγάζοντι,ἦ

276 4892 498 4961 κηρωτῇ
520 4891 587 4959 τῇ
604 4886 748 4942 κατὰ
771 4886 952 4953 πάσης
966 4883 1165 4955 ἐχούσῃ
1178 4882 1334 4934 νόσου
1359 4880 1419 4932 τὸ
1439 4879 1701 4932 δύνασθαι
1719 4877 1864 4930 ἀλεξ-

276 4999 399 5051 φειν
414 4982 502 5035 τὴν
518 4982 650 5035 πόδα
672 4979 1005 5033 κελεύουσιν·
1022 4976 1050 5030 ὃ
1067 4976 1235 5031 ποιῶν
1252 4974 1391 5043 μετὰ
1403 4974 1500 5042 τὴν
1522 4990 1594 5040 μα
1602 4988 1698 5042 ρτυ
1708 4968 1863 5039 ρικὴν

275 5077 625 5146 ἐπιφάνειαν,
662 5075 797 5142 rma
843 5072 938 5128 καὶ
959 5071 1150 5126 τοῦτον
1168 5070 1241 5135 ὼς
1270 5069 1361 5122 τὸν
1384 5067 1543 5121 ἄλλον
1572 5065 1702 5136 ἐκτή
1715 5080 1858 5116 τατο·

273 5170 351 5233 ὡς
397 5169 569 5240 λήθην
601 5167 861 5222 παντοίαν
894 5163 1228 5237 ποιήσασθαι
1249 5161 1311 5215 τὸ
1339 5160 1512 5232 δῶρον
1556 5156 1736 5211 λαϐὼν
1763 5156 1864 5226 τῆς

278 5263 475 5326 ἰάσεως
512 5260 608 5314 τοῦ
656 5260 763 5331 πρὸ
813 5258 1018 5329 ταύτης
1061 5256 1448 5328 χαλεπωτάτου
1502 5252 1809 5320 νοσήματος
1844 5267 1860 5282 ·

275 5352 509 5425 λαμπρᾷ
551 5351 609 5406 δὲ
640 5353 791 5422 φωνῇ
810 5353 936 5414 τοῖς
966 5349 1143 5418 ἁγίοις
1177 5345 1555 5417 προσενέγκας
1594 5344 1690 5412 τὴν
1719 5342 1865 5394 αἴνε-

278 5462 382 5508 σιν,
401 5447 498 5499 καὶ
529 5444 629 5516 τὴν
653 5443 834 5498 αὐτῶν
854 5444 1076 5516 ἀρωγὴν
1109 5443 1358 5495 σύνοικον
1383 5439 1529 5509 ἔχειν
1546 5436 1864 5505 εὐξάμενος.

277 5537 484 5611 χαίρων
507 5539 602 5591 καὶ
635 5535 874 5608 σκιρτῶν
906 5533 1002 5589 τοῦ
1030 5533 1291 5605 τεμένους
1320 5532 1642 5599 ἀπέρχεται.
1672 5528 1865 5597 Ἡμεῖς

279 5632 339 5685 δὲ
370 5630 577 5687 τούτων
612 5627 720 5682 τῶν
750 5629 831 5691 είς
865 5626 1195 5694 Αἰγυπτίους
1229 5624 1322 5678 καὶ
1355 5624 1561 5685 Λὶὄυας
1583 5618 1866 5690 διηγηθένο

276 5712 399 5777 των
447 5720 762 5792 θαυμάτων,
822 5719 983 5772 πέντε
1035 5717 1090 5771 δὲ
1151 5717 1326 5772 ταῦτα
1376 5716 1511 5785 πρδς
1563 5714 1677 5775 τοῖς
1735 5711 1866 5765 δέκα

251 4505 472 4580 ἓἰὑτοτλς
534 4516 875 4585 άγαοάμενοι
950 4514 1223 4575 πίστεως,
1298 4506 1561 4578 ἐναργοῦς
1621 4505 1861 4574 ἠξίωσαν
1910 4566 1920 4576 ,

1969 4512 2141 4564 virum
2195 4509 2318 4564 fidei
2363 4526 2493 4578 erga
2543 4524 2603 4564 se
2664 4511 2863 4564 habita:
2911 4503 3270 4572 admirantes,
3310 4510 3553 4563 evidenti

1964 4603 2188 4674 dignum
2235 4602 2415 4657 fecere
2458 4604 2709 4663 scicntia.
2737 4602 2899 4671 cujus
2930 4604 3144 4658 scilicet
3187 4602 3361 4657 tidem
3387 4604 3560 4657 etiam

1966 4706 2094 4750 ante
2147 4696 2528 4766 probationem
2576 4696 2952 4762 possederant.
2989 4694 3055 4748 Et
3103 4705 3267 4748 noctu
3317 4693 3382 4747 ad
3427 4708 3558 4746 eum

1966 4789 2275 4850 venientes,
2316 4788 2440 4842 oleo
2470 4804 2580 4858 quo
2614 4786 2875 4855 splendor
2909 4804 3011 4838 non
3061 4786 3346 4839 dormiens
3386 4799 3563 4849 penes

1966 4880 2372 4934 Confessionem
2415 4896 2606 4932 eorum
2657 4878 2925 4937 radiabat,
2964 4886 3018 4930 et
3058 4889 3242 4930 cerote
3286 4875 3569 4928 adversus

1966 4987 2181 5023 otnnem
2239 4969 2474 5023 habente
2529 4984 2690 5037 posse
2743 4968 3098 5037 languorem,
3149 4966 3307 5019 linire
3364 4966 3558 5033 pedem

1968 5061 2326 5131 pra'cipiunt;
2374 5076 2483 5130 quo
2542 5072 2664 5128 post
2714 5041 3068 5128 martyricant
3130 5058 3556 5111 illustrationem

1970 5154 2136 5212 farto.
2181 5169 2378 5208 sanum
2417 5164 2470 5207 et
2509 5155 2654 5206 hunc
2687 5153 2833 5205 sicut
2863 5150 3094 5204 alterum
3131 5150 3448 5221 acquisivit,
3483 5149 3563 5202 ita

1970 5256 2026 5299 ιιι
2058 5244 2430 5300 omnintodant
2469 5244 2801 5298 oblivionem
2846 5240 3073 5304 fureret,
3106 5240 3251 5294 dono
3299 5239 3558 5294 sanitatis

1969 5344 2216 5407 accepto,
2253 5336 2542 5393 satvissimi
2592 5335 2682 5403 qui
2738 5336 3021 5402 praecessit
3071 5331 3370 5400 languoris.
3415 5330 3567 5385 Pin:-

1972 5439 2118 5483 terea
2149 5428 2295 5481 clara
2336 5443 2464 5483 voce
2501 5428 2661 5481 laude
2705 5427 2916 5481 sanctis
2957 5426 3165 5487 oblata,
3198 5441 3322 5478 cum
3358 5424 3563 5479 habere
3586 5483 3609 5502 κ

1971 5520 2426 5575 rohabitatricem
2455 5521 2873 5590 Opitulationetn
2923 5535 3114 5574 eorum
3176 5518 3559 5586 exui-avisset,

1972 5614 2219 5683 gaudens
2247 5622 2410 5684 atque
2440 5614 2751 5682 tripudians
2788 5632 2817 5669 a
2858 5612 3063 5680 templo
3097 5612 3348 5665 recessit.
3389 5608 3560 5664 Porro

1975 5720 2075 5760 nos
2107 5703 2254 5761 hunc
2284 5707 2676 5765 miraculorum
2709 5725 2834 5780 quae
2865 5708 2925 5763 iu
2954 5699 3242 5772 Egyptios
3269 5708 3325 5756 et
3362 5698 3581 5772 Libyos.
