3998 6200
455 198 589 265 οδιι

1292 209 1374 268 .s.
1406 206 1830 269 SOPHRONII
1872 206 2375 269 ΡΑτιιιΑιιεΗΑι
2419 176 2825 267 Ηιιιιιοεοι..

3539 205 3650 271 3612

460 314 730 368 recensita
784 322 935 380 sunt,
979 330 1101 385 quae
1147 318 1391 387 quinque
1433 332 1600 386 super
1649 318 1838 372 decem
1886 324 2074 381 sunt,,

2162 318 2521 386 τυγχάνουσιν,
2562 314 2715 377 τέλος
2763 313 3101 382 τευξάμενοι,
3153 312 3271 375 τοῖις
3305 310 3491 366 τούτων
3524 317 3653 386 θερί-

459 405 622 458 tinem
659 405 941 469 facientes,
975 409 1311 478 martyribus
1341 411 1433 479 qui
1471 409 1665 464 horum
1713 419 1844 465 sunt
1873 423 2036 463 cura-

462 506 611 550 tores
639 497 1047 562 benedieamus,
1069 508 1123 553 et
1151 498 1251 553 hos
1274 500 1435 556 nobis
1460 501 1514 556 in
1541 501 1802 555 auxilium
1832 514 2038 554 cenvo-

461 595 670 648 cautes.
696 588 761 640 ad
791 588 1101 644 divinorum
1133 592 1451 646 relationem
1478 593 1893 658 miraculorum,
1919 608 2041 660 qua:

464 679 517 732 in
551 679 777 748 reliquis
808 681 1064 748 gentibus
1092 699 1242 751 gesta
1273 692 1425 747 sunt,
1467 700 1844 753 properemus.

535 788 802 844 INITIUM
853 791 1360 848 MlliACllLORUM
1406 794 1576 860 ρυλε
1618 796 1685 849 IN
1719 793 2043 849 EXTEROS

982 860 1272 917 SUlill’TA
1328 864 1532 919 SUNT.

653 971 740 1026 LI.
780 973 855 1027 De
885 972 1108 1045 Georgio
1139 977 1228 1044 qui
1260 985 1566 1029 cataractas
1609 976 1853 1043 pertulit.

542 1135 781 1205 Tempus
828 1148 1006 1193 autem
1063 1141 1171 1211 jam
1220 1140 1292 1195 sit
1332 1155 1506 1210 pauca
1560 1140 1722 1194 etiam
1768 1139 2048 1208 prodigio-

475 1245 619 1292 rum,
651 1246 770 1298 qua:
806 1247 833 1282 a
874 1233 1205 1301 martyribus
1233 1232 1288 1285 in
1317 1232 1526 1285 exteris
1566 1231 1707 1284 facta
1759 1239 1906 1294 sunt,
1945 1229 2049 1285 Ro-

458 1323 655 1375 manis
681 1321 952 1385 videlicet,
984 1321 1191 1375 Galalis
1220 1328 1275 1375 et
1315 1320 1600 1384 Cilicibus,
1634 1322 1851 1376 Asianis
1886 1324 2048 1375 etiam

473 1423 528 1467 et
565 1416 838 1470 lnsulauis
889 1424 1052 1484 atque
1105 1413 1485 1479 thnicihus,
1550 1415 2056 1483 Constantinopoli-

476 1505 621 1559 tauis
651 1513 705 1558 et
733 1505 1181 1576 Bithyniensibus
1221 1514 1277 1559 et
1313 1504 1693 1573 JEthiOpihus.
1724 1503 2053 1561 Thraceusi-

476 1595 583 1650 bus
618 1606 672 1648 et
712 1595 906 1658 Medis.
942 1597 1359 1665 Palaestinisque
1402 1612 1467 1650 ac
1497 1598 1651 1667 Syris
1681 1608 1736 1651 et
1778 1597 2051 1660 Elamitis,

476 1703 578 1743 nec
612 1703 717 1742 non
742 1689 997 1744 omnibus
1013 1704 1134 1758 qua:
1159 1689 1264 1743 sub
1294 1674 1435 1743 dmlo
1469 1690 1895 1758 suntgentibus,
1927 1690 2055 1744 huic

478 1777 864 1830 commendare
896 1776 1108 1831 laudem
1141 1780 1427 1848 opusculo.
1456 1776 1732 1848 lmpotens
1753 1781 1898 1833 enim
1932 1770 2052 1833 sum

476 1882 579 1937 ego
633 1867 699 1919 ad
752 1866 1127 1922 suﬂ‘erendum
1183 1868 1377 1921 horum
1434 1869 1577 1921 ultra
1626 1868 1955 1922 calumniam
2003 1876 2055 1923 et

477 1956 785 2009 molestiam
822 1957 1247 2023 iucessabilem;
1280 1957 1538 2026 quoniam
1587 1959 1825 2020 sanctis,
1879 1960 2053 2021 aiunt,

479 2047 599 2101 sine
628 2064 992 2117 personarum
1024 2050 1344 2118 acceptione
1382 2049 1841 2105 distribuentibus
1878 2053 2055 2105 omni-

477 2141 580 2195 bus
611 2146 921 2207 sanitatem,
948 2152 1002 2195 et
1020 2157 1186 2211 super
1201 2156 1392 2196 omnes
1423 2142 1706 2212 aequaliter
1733 2159 1797 2203 ex
1812 2143 2057 2211 penden-

476 2234 625 2288 tibus
668 2234 808 2287 dona
841 2234 1102 2289 bonitatis
1129 2248 1261 2297 sum,
1309 2244 1586 2289 extremos
1640 2249 1741 2289 nos
1774 2235 1826 2288 in
1865 2250 2054 2289 eorum

480 2325 735 2379 laudibus
763 2325 1086 2391 ordinastis,
1136 2326 1529 2382 imbecilliores
1587 2326 1842 2383 fortassis
1871 2340 1925 2382 et
1972 2328 2057 2381 in-

477 2427 664 2487 gratos
694 2426 858 2488 atque
897 2419 1084 2473 tardos
1121 2433 1222 2476 nos
1271 2420 1337 2473 ad
1386 2419 1687 2487 gratiarum
1742 2420 2056 2474 actionibus

480 2511 669 2579 plenas
700 2527 797 2578 pro
836 2512 1051 2564 collatis
1087 2510 1373 2565 beneﬁciis
1405 2510 1562 2565 odas.
1590 2508 1897 2565 Praesertim
1930 2527 2054 2566 eum

481 2615 582 2655 nos
621 2602 769 2671 digni
803 2602 980 2656 simus
1005 2601 1279 2673 praeferri,
1317 2602 1547 2655 multum
1593 2588 1931 2657 sustinentes
1978 2602 2060 2655 la-

481 2691 692 2756 borem,
727 2695 1046 2763 itinerisque
1111 2695 1476 2763 transigentes
1518 2691 1820 2756 fastidium,
1854 2701 1909 2747 et
1937 2708 2056 2748 ma-

482 2787 633 2841 rinas
665 2794 987 2855 respnentes
1040 2787 1335 2854 procellas,
1376 2794 1429 2839 et
1485 2800 1624 2838 smva
1677 2785 1922 2853 pericula
1962 2779 2072 2854 pa?

481 2880 700 2942 tientes,
741 2890 795 2933 et
828 2880 1117 2933 innumera
1170 2878 1344 2947 spatia
1392 2886 1735 2940 recusantes,
1786 2887 1842 2932 et
1874 2893 2059 2931 amore

2143 409 2348 469 πευτὰς
2394 406 2808 476 εύιρημήσωμεν
2841 406 3147 474 μάρτυρας,
3184 403 3272 455 καὶ
3323 406 3527 468 τούτους
3548 408 3654 478 ἡμῖν

2144 496 2280 566 πρὸς
2328 494 2641 565 συμμαχίαν
2685 492 3035 556 καλέσαντες,
3076 491 3167 543 ἐπὶ
3199 490 3342 544 θείαν
3394 489 3532 558 αὖθις
3554 498 3656 567 ἁφή-

2144 603 2305 654 γησιν
2332 585 2453 655 τῶν¹
2476 588 2569 638 ἐπὶ
2594 584 2805 646 λοιποῖς
2828 580 3005 636 ἔθνεσι
3045 581 3384 654 πραχθέντων
3411 583 3657 652 θαυμάτων

2147 674 2487 744 χωρήσωμεν
2498 712 2512 725 .

2146 785 2333 836 ΑΡΧΗ
2396 782 2531 835 ΤΩΝ
2603 781 2709 835 ΕΙΣ
2757 778 3025 835 ΞΕΝΟΥΣ
3088 780 3477 834 ΓΡᾹΦΕΝΤΩΝ
3535 783 3665 838 ΘΔΥ-

2799 853 2855 904 Μ
2864 850 3062 904 ᾹΤΩΝ.

2150 964 2279 1018 NA'.
2314 964 2455 1031 Περὶ
2485 964 2782 1031 Γεωργίου
2836 962 2946 1015 τοῦ
3000 962 3397 1031 πρεσϐυτέρου
3446 964 3540 1018 τοῦ
3581 985 3668 1021 πα-

2656 1035 2866 1097 θόντος
2912 1033 3051 1101 ἐπίχ
3060 1049 3220 1086 υσιν.

2224 1126 2430 1197 Καιρδς
2468 1124 2511 1178 δ’
2541 1123 2606 1178 ἂν
2635 1125 2719 1193 εἴη
2764 1123 2950 1176 λοιπὸν
2979 1123 3073 1175 καὶ
3104 1122 3308 1193 βραχέα
3341 1123 3440 1175 τῶν
3465 1124 3546 1176 ἐπὶ
3587 1129 3674 1189 τοῖς

2152 1215 2378 1276 ὀθνείοις
2434 1214 2737 1282 γεγονότων
2785 1215 2893 1275 τοῖς
2954 1212 3246 1285 μάρτυσιν,
3314 1213 3581 1282 Ῥωμαίοις
3611 1232 3674 1277 τε,

2154 1305 2316 1373 φημὶ,
2345 1304 2437 1357 καὶ
2472 1304 2760 1367 Γαλάταις,
2808 1304 2903 1356 καλ⁵
2941 1301 3138 1367 Κίλιξι.
3177 1303 3449 1367 Αίσιανοῖς
3486 1321 3557 1367 τε,
3603 1309 3678 1360 καὶ

2155 1397 2483 1465 Νησιώταις,
2517 1400 2612 1451 καὶ
2636 1398 2859 1465 Φοίνιξι,
2917 1398 3234 1463 Βυζαντίοις
3262 1414 3320 1451 τε
3362 1402 3447 1451 καὶ
3478 1399 3681 1461 Βιθυνοῖς

2156 1490 2248 1541 καὶ
2281 1486 2517 1557 Αἰθίοψι,
2543 1489 2712 1560 Θρᾳξί
2746 1505 2805 1541 τε
2840 1490 2935 1542 καὶ
2977 1489 3185 1559 Μήδοις
3235 1490 3327 1542 καὶ
3358 1489 3565 1561 Ἄραψι,
3592 1490 3683 1541 Πα-

2155 1580 2447 1642 λαιστινοῖς
2483 1596 2543 1632 τε
2574 1582 2668 1633 καὶ
2696 1580 2887 1652 Σύροις
2921 1580 3016 1633 καὶ
3057 1579 3403 1651 Ἐλᾶμίταις,
3454 1581 3539 1632 καὶ
3575 1582 3684 1632 πᾶσι

2156 1673 2270 1733 τοῖς
2307 1671 2416 1723 ὑπὸ
2449 1671 2541 1723 τὸν
2569 1672 2798 1740 οὐρανὸν
2837 1671 3198 1740 τυγχάνουσιν
3231 1671 3456 1733 ἔθνεσιν,
3483 1671 3602 1739 τῷδε
3624 1672 3687 1741 τῷ

2155 1761 2264 1813 τῶν
2297 1762 2589 1831 ἐγκωμίων
2632 1762 2976 1834 παραθέσθαι
3021 1760 3382 1834 συντάγματι.
3407 1765 3580 1834 Φέρειν
3605 1764 3689 1834 γὰρ

2158 1852 2239 1904 ἔτι
2261 1851 2467 1905 τούτων
2494 1854 2591 1923 οὐχ
2625 1851 2734 1916 οἷός
2760 1856 2818 1907 τέ
2854 1857 2969 1925 εἰμι
3017 1854 3116 1926 τὴν
3144 1857 3477 1927 κατάρρησιν
3505 1857 3589 1909 καὶ
3613 1856 3691 1925 τὴν

2159 1941 2436 1994 ἄπαυστον
2481 1943 2703 2013 ὄχλησιν
2730 1960 2744 1975 ⁶
2795 1945 2877 1997 ὅτι
2909 1946 3040 2013 φασὶ
3083 1938 3192 1997 τῶν
3220 1946 3389 2014 ἁγίων
3412 1946 3693 2016 ἀπροσωποο

2158 2033 2381 2102 λὴπτως
2429 2035 2562 2087 πᾶσι
2612 2035 2890 2104 νεμόντων
2920 2038 3020 2105 τὴν
3051 2037 3218 2101 ίασιν,
3268 2038 3362 2089 καὶ⁵
3410 2039 3562 2090 πᾶσιν
3590 2037 3696 2098 ίσως

2161 2123 2545 2193 ἐφαπλούντων
2571 2126 2639 2179 τὰ
2668 2125 2817 2196 δῶρα
2845 2128 2943 2196 τῆς
2971 2127 3151 2180 αὐτῶν
3174 2128 3524 2198 ἀγαθότητος,
3543 2130 3696 2181 τελευ-

2160 2216 2344 2279 ταίους
2394 2218 2540 2287 ἡμᾶς
2589 2218 2648 2269 ἐν
2691 2221 2813 2281 ταῖς
2852 2219 3031 2272 αὐτῶν
3086 2219 3389 2289 εὐφημίαις
3435 2222 3699 2288 τετάχατε.

2159 2306 2523 2378 νοθρωτέρους
2572 2310 2711 2379 τάχα
2758 2327 2859 2363 που
2897 2312 2990 2362 καὶ
3022 2310 3352 2381 ἀγνώμονας
3397 2311 3489 2365 καὶ
3517 2310 3699 2381 βραδεῖς

2161 2399 2297 2468 πρὸς
2337 2400 2436 2461 τὰς
2482 2400 2621 2470 ὑπὲρ
2671 2400 2774 2469 τῆς
2816 2400 3131 2470 εὐεργεσίαι,
3176 2400 3555 2472 χαριστηρίους
3584 2400 3703 2470 ᾠδὰς

2161 2493 2541 2561 αἰνιττόμενοι.
2579 2492 2775 2546 Καίτοι
2812 2495 3204 2565 προκρίνεσθαι
3232 2499 3398 2565 ἡμεῖς
3439 2494 3500 2549 ἂν
3540 2495 3702 2562 εἴημεν

2160 2584 2325 2650 ἄξιοι,
2349 2584 2514 2638 πολὺν
2547 2586 2914 2655 ὑπομένοντες
2936 2588 3205 2657 κάματον,
3229 2587 3535 2657 ὁδοιπορίας
3554 2603 3608 2638 τε
3630 2586 3702 2637 κό-

2160 2695 2260 2730 πον
2282 2676 2557 2741 ἀνύοντες,
2589 2678 2686 2730 καὶ⁸
2709 2676 2997 2731 θαλαττίου
3029 2679 3439 2742 καταπτύοντες
3469 2677 3717 2739 κλύδωνος.

2161 2771 2256 2823 καὶ
2291 2769 2557 2824 κινδύνων
2604 2769 2856 2840 χαλεπῶν
2891 2771 3229 2841 ἀνεχόμενοι,
3276 2773 3371 2825 καὶ
3400 2767 3709 2840 ἀναρίθμητα

2160 2862 2506 2934 διαστήματα
2567 2864 2879 2933 τέμνοντες,
2943 2864 3039 2917 καὶ
3098 2862 3252 2934 πόθῳ
3306 2862 3385 2932 τῷ
3447 2864 3573 2932 πρὶς
3606 2856 3710 2918 τοὺς

483 2973 631 3026 circa
673 2983 939 3042 martyres
975 2970 1165 3025 habito
1202 2971 1271 3024 ab
1320 2970 1455 3039 ipsis
1504 2969 1569 3023 ad
1614 2985 1709 3023 eos
1748 2969 2062 3026 novissimis

2168 2958 2450 3027 μάρτυρας
2498 2956 2593 3010 ἀπ’
2648 2956 2825 3011 αὐτῶν
2879 2956 3014 3025 πρὸς
3066 2956 3269 3020 αὐτοὺς
3313 2955 3419 3009 τῶν
3477 2948 3712 3022 ἐσχατιῖυν

488 3062 686 3119 linibus
712 3074 870 3117 terra:
905 3063 1190 3127 abeuntes,
1234 3070 1289 3117 et
1316 3062 1519 3129 ubique
1556 3062 1911 3126 praedicantes
1937 3061 2063 3134 Cyri

481 3153 819 3224 Joannisque
840 3154 1127 3216 miracula,
1156 3160 1209 3206 et
1236 3152 1567 3206 ineﬂ'abilem
1601 3167 1791 3207 eorum
1823 3162 1877 3207 et
1901 3154 2065 3207 attri-

488 3248 671 3301 butam
724 3247 987 3300 divinitus
1023 3244 1425 3299 fortitudinem.
1483 3241 1685 3296 llorum
1739 3253 1918 3298 autem
1963 3259 2064 3298 nos

489 3341 665 3393 zelum
727 3338 1011 3402 mirantes,
1063 3343 1119 3391 et
1184 3350 1283 3404 pro
1331 3341 1485 3388 tanto
1538 3334 1719 3390 studio
1760 3334 1905 3404 quod
1937 3350 2063 3402 erga

487 3435 803 3486 sanctorum
852 3426 1040 3481 laudes
1087 3425 1360 3478 habebant
1412 3424 1885 3493 obstupesrentes.
1942 3440 2067 3494 per-

488 3522 681 3592 paucis
711 3520 993 3575 tristitiam
1026 3519 1362 3584 medeamur,
1413 3518 1495 3574 eis
1535 3520 1797 3571 rationem
1829 3518 2067 3571 redden-

485 3621 591 3673 tes.
622 3623 675 3667 et
720 3595 999 3683 querelam
1052 3626 1174 3683 qua:
1213 3611 1478 3667 adversus
1529 3626 1630 3666 nos
1662 3622 1778 3665 erat
1822 3612 2065 3664 cireum-

487 3708 779 3764 solventes.
1500 3694 1525 3711 ί

559 3797 802 3867 Denique
848 3796 1173 3867 jampridem
1224 3795 1485 3853 diximus.
1534 3795 1665 3863 quia
1720 3808 1887 3847 causa
1941 3792 2063 3848 ﬁdei

486 3889 791 3953 miraculis,
826 3904 948 3958 qua:
996 3888 1049 3942 in
1086 3888 1291 3943 exteris
1326 3886 1468 3941 facta
1517 3897 1666 3950 sunt,
1718 3901 1780 3940 ea
1817 3902 1937 3954 qua:
1967 3902 2064 3941 sn-

486 3995 584 4051 per
629 3979 901 4049 indigenis
940 3977 1300 4040 refulserunt,
1345 3985 1725 4052 praeponentes
1765 3976 2065 4047 descripsi-

489 4089 631 4133 mus,
648 4080 704 4128 et
730 4087 827 4142 pro
852 4071 938 4127 his
961 4072 1273 4142 apologiam
1298 4071 1541 4126 texuisse
1567 4070 1946 4140 dignoscimur
1969 4088 1984 4137 ;
2008 4078 2063 4125 et

488 4163 632 4233 quod
676 4179 852 4231 neque
893 4163 1115 4217 ultimos
1167 4177 1267 4217 vos
1307 4163 1455 4215 velut
1504 4161 1753 4230 ingratos
1810 4158 2062 4229 posueri-

2167 3048 2554 3118 ἀπερχόμενοι,
2587 3048 2682 3100 καὶ
2712 3048 3019 3117 πανταχόσε
3034 3046 3406 3117 κηρύττοντες
3430 3046 3599 3114 Κύρου
3636 3041 3714 3094 καὶ

2180 3140 2429 3192 Ἰωάννου
2463 3139 2532 3191 τά
2556 3139 2835 3209 θαύματα.
2887 3139 2982 3192 καὶ
3017 3140 3114 3210 τὴν
3162 3140 3407 3210 ἀρῤητον
3448 3134 3612 3190 αὐτῶν
3637 3133 3717 3187 καὶ

2168 3228 2447 3283 θεόσδοτον
2473 3228 2723 3298 δύναμιν.
2769 3228 2987 3282 Τούτων
3030 3229 3086 3282 δὲ
3128 3231 3291 3298 ἡμεῖς
3316 3228 3408 3281 τὸν
3438 3227 3587 3298 ζῆλον
3616 3224 3720 3277 θαυ-

2172 3319 2456 3389 μάζοντες,
2502 3321 2595 3372 καὶ
2627 3319 2724 3391 τὴν
2770 3319 2906 3390 πρὸς
2950 3320 3051 3384 τὰς
3097 3320 3207 3373 τῶν
3261 3319 3434 3387 ἁγίων
3478 3315 3717 3386 εὐφημίας

2169 3410 2403 3480 σπουδὴν
2445 3412 2803 3481 ἀγασάμενοι.
2854 3410 2922 3466 δι’
2946 3413 3149 3479 ὀλίγων
3189 3411 3293 3481 τὴν
3334 3410 3510 3479 λύπην
3537 3405 3720 3462 ἀκισώ·

2171 3503 2330 3571 μεθα,
2382 3498 2919 3571 ἀπολογίας“αὑτοὺς
2976 3488 3333 3572 ἀξιώσαντες,
3399 3504 3492 3557 καὶ
3527 3501 3583 3554 τὸ
3619 3497 3720 3552 καθ’

2167 3596 2200 3665 ή
2211 3594 2325 3664 μῶν
2351 3595 2738 3669 περιλύσαντες
2767 3595 2935 3666 ἐγκλη
2946 3613 3039 3666 μα.

2243 3780 2382 3850 Ἤδη
2457 3778 2558 3848 μὲν
2612 3778 2722 3848 γὰρ
2766 3776 3135 3849 προλαϐόντες
3168 3778 3495 3849 εἰρήκαμεν,
3538 3773 3615 3827 ὅτι
3651 3769 3719 3823 πί·

2169 3889 2339 3936 στεως
2378 3872 2563 3935 ἕνεκα,
2598 3870 2710 3923 τῶν
2754 3871 2843 3922 ἐπ’
2871 3869 3103 3933 ὀθνείοις
3154 3870 3497 3940 γιγνομένων
3541 3862 3721 3932 θαυμά-

2164 3979 2274 4016 των
2301 3962 2371 4015 τά
2418 3959 2510 4014 ἐπὶ
2553 3961 2667 4023 τοῖς
2722 3958 3350 4030 αὐτόχθοσι,λάμψαντα
3408 3952 3725 4029 προεγρὰψα·

2169 4070 2287 4123 μεν,
2312 4052 2403 4105 καὶ
2433 4051 2530 4122 τὴν
2566 4050 2705 4121 ὑπὲρ
2729 4050 2933 4104 τούτων
2954 4049 3244 4121 φθάνωμεν
3275 4049 3568 4118 ἀπολογίαν
3608 4043 3723 4111 ὑφά-

2165 4159 2354 4205 ναντες
2374 4158 2388 4172 ·
2414 4141 2509 4195 καὶ
2530 4140 2607 4203 ὼς
2632 4140 2755 4194 οὔτε
2781 4140 3126 4203 τελευταίους
3147 4139 3292 4211 ὑμᾶς
3318 4140 3395 4203 ώς
3427 4135 3724 4207 ἀχαρίστους

490 4268 631 4319 mus,
669 4268 844 4321 neque
883 4254 1087 4322 primos
1119 4252 1241 4307 illos
1266 4252 1422 4322 quasi
1457 4250 1631 4320 magis
1674 4250 1833 4303 nobis
1878 4250 2059 4304 devoti

2169 4233 2460 4304 ἐτάξαμεν,
2492 4232 2617 4287 οὔτε
2670 4229 2923 4303 πρώτους
2965 4231 3205 4295 ἐκείνους
3236 4230 3315 4294 da;
3349 4230 3548 4301 μᾶλλον
3589 4226 3743 4282 ὄντας.

491 4345 600 4400 sint
653 4345 1076 4413 prmtulerimus,
1117 4344 1229 4412 jam
1285 4343 1680 4411 perhibuimus.
1749 4339 1805 4395 lu
1862 4343 2063 4396 talibus

490 4435 632 4485 enim
667 4447 981 4502 praeponere
1006 4446 1359 4501 quemquam,
1386 4438 1480 4484 aut
1501 4430 1709 4499 scripto
1736 4441 2065 4499 postponere

491 4526 679 4589 alium,
716 4538 893 4593 neque
926 4524 1231 4593 postposito
1266 4523 1458 4575 nocuit
1486 4536 1663 4590 neque
1692 4521 1821 4575 huic
1854 4535 2066 4591 pra‘po-

490 4620 655 4673 situm
683 4616 929 4672 exhibuit
964 4616 1263 4671 meliorem.
1300 4613 1434 4668 Nam
1476 4630 1653 4685 neque
1686 4615 1859 4668 vinea:
1891 4614 2065 4668 domi-

491 4726 597 4767 nus
625 4709 889 4778 operariis
915 4708 1215 4764 mercedem
1240 4706 1551 4770 conferens,
1577 4721 1674 4761 eos
1701 4705 1793 4774 qui
1830 4704 2064 4773 primum

491 4800 698 4869 operati
727 4798 966 4862 fuerant,
1009 4798 1439 4853 honorabiliores
1483 4797 1801 4851 novissimis
1832 4796 2067 4850 arbitra-

492 4900 582 4945 tus
626 4899 742 4956 est,
796 4905 971 4959 neque
1029 4888 1297 4944 mercedis
1327 4882 1605 4942 dationem
1666 4902 1696 4940 a
1754 4886 2069 4942 novissimis

494 4979 784 5049 incipiens,
816 4977 1167 5046 reprehendit
1196 4992 1292 5031 eos
1342 4976 1436 5044 qui
1476 4984 1604 5029 ante
1656 4975 2065 5040 laboraverant,

492 5072 599 5126 nisi
625 5072 752 5142 quia
781 5069 900 5125 zelo
931 5070 1119 5137 repleti
1156 5075 1666 5130 murmuraverunt,
1707 5074 1761 5120 et
1805 5068 1928 5137 plus
1973 5082 2071 5121 ac-

492 5165 678 5233 cipere
714 5178 878 5232 quam
919 5162 1131 5216 sancita
1160 5160 1378 5215 fuerant
1400 5159 1710 5214 voluerunt.

564 5255 676 5325 Ego
709 5263 890 5309 autem
921 5254 1084 5309 etiam
1120 5253 1274 5307 timui
1305 5268 1371 5307 ne
1404 5252 1543 5307 forte
1577 5269 1679 5308 nos
1712 5252 2069 5309 Alexandrini

494 5348 976 5415 reprehenderent,
1018 5354 1276 5416 tanquam
1332 5346 1598 5413 injuriam
1652 5347 1801 5417 passi
1849 5357 2072 5416 propter

495 5439 841 5510 privilegium
876 5442 1020 5510 quod
1051 5447 1276 5510 putatur
1302 5454 1332 5493 a
1368 5442 1545 5500 vobis.
1573 5438 1703 5493 dum
1737 5440 2072 5510 gubernato-

496 5542 585 5583 res
610 5532 700 5598 qui
738 5531 922 5587 nautis
956 5531 1395 5587 ltonorahiliores
1437 5539 1587 5595 sunt,
1639 5530 1693 5584 in
1752 5530 2071 5586 novissimis

499 5618 746 5684 tricrmn,
805 5629 857 5674 et
910 5625 1113 5688 auriga‘
1176 5631 1295 5690 post
1332 5636 1600 5690 equorum
1655 5620 1845 5676 clunes
1900 5619 2066 5689 positi

2166 4328 2537 4397 εὐγνώμονας.
2583 4327 2657 4380 Τὸ
2700 4324 2809 4397 γὰρ
2852 4326 2911 4378 ἐν
2952 4324 3165 4388 τούτοις
3191 4321 3536 4395 προταγῆναί
3561 4334 3667 4372 τινα
3696 4316 3737 4387 ἧς

2166 4420 2418 4490 δεύτερον
2442 4422 2722 4490 γραφῆναι
2744 4419 2836 4473 τὸν
2862 4418 3071 4488 ἕτερον,
3102 4417 3255 4470 οὐδὲν
3295 4416 3425 4470 οὔτε
3456 4415 3546 4467 τὸν
3567 4411 3735 4490 δεύτεη

2170 4526 2262 4583 ρον
2304 4510 2558 4581 ἔϐλαψεν,
2586 4510 2708 4563 οὐδὲ
2732 4510 2925 4581 τούτου
2957 4507 3050 4561 τὸν
3076 4506 3312 4561 λαϐόντα
3334 4507 3538 4575 δέδειχε
3566 4498 3721 4572 κρείτ-

2167 4621 2297 4658 τονα
2315 4619 2330 4633 °
2366 4605 2487 4657 ἐπεὶ
2519 4605 2657 4675 μήτε
2682 4603 2778 4657 τοῦ
2805 4603 3127 4674 ἀμπελῶνος
3155 4604 3184 4655 ό
3204 4601 3487 4669 Δεσπότης
3517 4600 3624 4659 τοῖς
3652 4590 3756 4664 i9".

2169 4698 2366 4767 γάταις
2391 4697 2482 4751 τὸν
2518 4698 2710 4768 μισθὸν
2744 4696 3118 4769 παρεχόμενος
3138 4736 3153 4760 ,
3198 4693 3307 4748 τῶν
3345 4693 3591 4762 ἐσχάτων
3619 4685 3727 4745 τοὺς

2172 4791 2389 4862 πρῶτον
2437 4792 2848 4863 ἐργασαμένους
2894 4788 3256 4861 τιμιωτέρους
3294 4786 3545 4855 ἡγήσατο
3572 4798 3585 4811 ο
3622 4776 3727 4831 οὔτε

2170 4883 2268 4953 τῆς
2312 4881 2653 4953 μισθοδοσίας
2699 4883 2805 4936 ἀπὸ
2834 4883 2943 4936 τῶν
2997 4882 3242 4953 ἐσχάτων
3284 4877 3591 4952 ἀρξάμενος
3623 4871 3727 4931 τοὺς

2172 4972 2548 5044 προλαϐόντας
2606 4974 2914 5045 ἐμέμψατο,
2971 4976 3020 5029 εί
3066 4974 3142 5047 μὴ
3196 4973 3363 5046 ζήλου
3421 4968 3729 5040 πλησθέντες

2173 5064 2500 5135 ἐγόγγυσαν,
2536 5069 2631 5120 καὶ
2665 5067 2836 5121 πλείω
2866 5068 3168 5138 λαμϐάνειν
3196 5066 3306 5120 τῶν
3346 5060 3731 5119 θεπισθέντων

2172 5159 2483 5229 ἠϐούλοντο.

2257 5251 2398 5319 Ἐγὼ
2451 5250 2508 5303 δέ
2541 5252 2637 5305 καὶ
2672 5249 2885 5304 δέδοικα
2931 5251 3127 5322 μήπως
3176 5251 3340 5320 ἡμεῖς
3385 5239 3730 5311 Ἀλεξανδρεῖς

2176 5345 2574 5417 ἐπιϐλέψοιντο,
2619 5346 2695 5409 ώς
2730 5345 3048 5415 ὑϐρισμένοι
3073 5344 3162 5398 διά
3185 5344 3280 5398 τοῦ
3307 5341 3594 5400 δοκοῦντος
3622 5333 3734 5402 ὑμῖν

2178 5439 2616 5510 προτερήματος,
2661 5437 2819 5507 είπερ
2868 5436 3197 5507 κυδερνῆται
3251 5435 3354 5505 μὲν
3407 5434 3456 5488 οἱ
3494 5429 3598 5482 τῶν
3615 5438 3733 5478 ναυσ

2178 5529 2345 5583 τικῶν
2418 5528 2777 5601 τιμιώτεροι,
2836 5529 2895 5582 ἐν
2949 5529 3199 5599 ἐσχάτοις
3262 5525 3584 5588 καθέζονται
3636 5512 3735 5566 τῶν

2179 5621 2438 5694 τριήρων,
2483 5621 2575 5676 καὶ
2618 5620 2724 5675 τῶν
2760 5622 2939 5675 intona
2979 5620 3201 5676 ὄπισθεν
3234 5621 3279 5674 οἱ
3311 5618 3543 5690 ἡνίοχοι,
3576 5607 3665 5666 καὶ
3692 5604 3733 5657 οἱ

3791 580 3811 609 θ
