3998 6200
301 357 442 426 3613

1341 364 1444 426 SS.
1469 362 1646 426 CYRI
1673 363 1768 425 ET
1797 359 2122 425 JOANNIS
2141 359 2554 422 MIRACULA.

3433 355 3572 420 36H

306 472 512 542 πρῶτοι
544 471 798 541 γενέσθαι
840 471 1173 545 γλιχόμενοι,
1204 473 1423 538 πάντως
1463 473 1681 544 ἔσχατοι
1718 488 1885 544 προσ‹

1998 471 2250 546 sedeanta
2275 469 2381 526 Sed
2430 479 2483 524 et
2513 469 2591 534 hi,
2637 467 2730 540 qtti
2783 466 2946 539 primi
2981 464 3096 522 ﬂeri
3139 435 3426 535 appetunt,
3470 483 3570 518 no-

305 573 592 619 τάττονται
639 563 910 630 γίνεσθαι.
945 566 1058 620 Καὶ
1089 567 1408 638 πρώτιστοι,
1447 567 1547 636 μὲν
1575 567 1624 618 oi
1652 565 1891 634 ἔσχατοι,

307 657 525 727 ἔσχατοι
549 657 607 710 δὲ
637 657 799 710 πάλιν
819 657 868 710 οί
908 657 1202 730 πρώτιστοι
1231 657 1508 728 γίγνονται
1528 675 1542 688 ·
1567 659 1660 712 καὶ
1689 656 1758 710 τὰ
1787 656 1896 709 τῶν

311 749 490 820 μελῶν
531 750 855 820 ἀτιμότερα,
894 750 1059 822 τιμὴν
1101 751 1498 822 περισσοτέραν
1547 750 1614 804 τὰ
1638 737 1910 804 δοκοῦντα

307 843 596 912 τυγχάνειν
624 845 932 912 ἀσχήμονα,
964 844 1056 896 Διὸ
1085 843 1178 897 καὶ
1208 844 1390 897 αἰτίαν
1409 845 1508 912 τῆς
1531 843 1735 896 τούτων
1759 858 1894 910 προ-

308 935 528 1002 γραφῆς
581 933 1028 1004 προσδεξάμενοι,
1087 937 1182 988 καὶ
1243 935 1318 1000 ὡς
1371 933 1677 1002 ἀναγκαίαν
1729 929 1896 987 οὖσαν

311 1043 387 1097 μα
401 1027 697 1091 ιθάνοντες,
733 1028 863 1096 περὶ
895 1028 1180 1097 πρωτείων
1207 1027 1280 1098 μὴ
1313 1026 1575 1096 μάχεσθε,
1613 1026 1752 1094 μήτε
1783 1025 1894 1077 τῶν

310 1120 450 1190 μετὰ
493 1119 665 1172 ταῦτα
699 1120 956 1190 τετάχθαι
988 1120 1290 1187 νομίσοιτε,
1338 1121 1425 1173 ῖνα
1463 1119 1537 1188 μὴ
1572 1119 1704 1189 πρὸς
1741 1116 1898 1185 αἱρέ-

310 1225 423 1272 σεις
453 1210 548 1264 καὶ
596 1211 870 1279 σχίσματα
903 1209 1296 1281 διαιρούμενοι,
1343 1211 1402 1262 τὸ
1448 1208 1746 1278 προσφιλὲς
1777 1207 1886 1260 τῶν

309 1301 482 1368 ἁγίων
513 1303 799 1370 ἐγκώμιον
837 1301 1186 1372 διατέμνητε,
1228 1303 1324 1355 καὶ
1368 1302 1468 1370 τῆς
1509 1301 1688 1354 αὐτῶν
1725 1301 1892 1368 εὐφη-

311 1391 438 1461 μίας
461 1392 522 1444 τὸ
554 1392 780 1462 φαιδρὸν
811 1393 1182 1463 ἀμαυρώσητε
1203 1411 1217 1424 ·
1254 1393 1391 1446 ἀλλά
1415 1377 1659 1462 χαίροιτέ
1694 1390 1895 1461 μᾶλλον

310 1486 404 1538 καὶ
435 1485 692 1557 ἀλλήλοις
726 1487 1100 1557 συγχαίροιτε,
1131 1489 1227 1550 τὰς
1251 1485 1358 1538 τῶν
1391 1486 1592 1554 ἐτέρων
1620 1484 1786 1553 τιμὰς
1812 1484 1894 1535 οἰ-

307 1577 635 1646 κειούμενοι,
670 1578 767 1630 καὶ
797 1579 896 1640 τὰς
942 1578 1152 1642 οἰκείας
1184 1577 1550 1648 δωρούμενοι·
1597 1577 1694 1629 καὶ
1743 1575 1803 1628 τὸ
1829 1574 1894 1646 δὴ

311 1670 566 1740 μέγιστον
593 1671 690 1724 καὶ
721 1670 1012 1742 μακάριον,
1043 1670 1124 1722 ὃτι
1159 1668 1476 1723 συντελέσαι
1507 1668 1643 1738 πρὸς
1672 1667 1894 1722 ἔπαινον

307 1762 647 1832 τηλικούτων
686 1763 856 1830 ἁγίων
898 1762 1138 1815 εὐκλεῶν
1189 1761 1483 1833 ἠξιώθη-τε.
1523 1763 1668 1834 Φέρε.
1711 1761 1892 1814 τοίνυν

308 1855 405 1907 καὶ
460 1857 625 1925 ἡμεῖς
673 1856 742 1910 τὰ
797 1851 897 1918 τὰς
947 1855 1224 1926 εὐφημίας
1275 1854 1581 1920 ἐπαύξοντα
1641 1853 1894 1924 θαύματα

309 1943 487 2018 [deest
537 1945 808 2020 verbum],
861 1947 956 2000 καὶ
1006 1947 1080 2018 μή
1134 1963 1224 2017 μοι
1281 1947 1558 2016 φαίνοισθε
1597 1945 1706 1998 τῶν
1761 1961 1892 2013 προ-

306 2038 484 2108 τέρων
513 2037 803 2106 ἐλάσσονες
837 2037 1111 2110 ὑπερϐολῇ
1143 2038 1440 2108 θαυμάτων
1466 2036 1784 2106 νικώμενοι.

307 2135 636 2190 inmedium
668 2133 994 2200 aderamus;
1057 2143 1113 2190 et
1163 2135 1297 2190 mihi
1353 2149 1462 2190 non
1531 2134 1870 2205 apparebitis

304 2225 433 2282 rati.

379 2318 516 2388 Βοᾷν
559 2317 614 2370 δὲ
681 2317 867 2372 τοῦτον
909 2323 974 2374 ἐκ
1019 2319 1189 2389 μέσου
1236 2317 1382 2373 δοκῶ
1433 2319 1523 2372 τὸν
1577 2319 1888 2390 πρεσϐύτην

312 2409 602 2480 Γεώργιον,
651 2411 962 2480 ἡγούμενον
1007 2411 1107 2481 μὲν
1165 2413 1263 2478 τῆς
1317 2411 1496 2467 αὐτῶν
1545 2411 1890 2490 ὁμηγύρεως,

305 2501 562 2590 ἡγεῖσθαι
590 2502 646 2555 δὲ
673 2503 772 2556 καὶ
805 2505 862 2554 ὲν
886 2506 952 2576 τῇ
981 2503 1089 2556 τῶν
1123 2503 1418 2574 θαυμάτων
1453 2505 1752 2576 ἐπαγγελίᾳ.
1775 2504 1891 2578 γλι-

302 2582 553 2663 χόμενον,
578 2593 636 2658 ὃς
656 2594 782 2666 ἀξίᾳ
808 2595 902 2649 καὶ
917 2575 1094 2668 χρόνῳ
1115 2597 1209 2650 καὶ
1244 2575 1893 2666 παλαιότητιθαυμαστος

299 2687 370 2738 τὶι
416 2686 678 2756 πρεσϐεῖα
719 2686 1034 2756 δεξάμενος,
1071 2689 1320 2759 ἡγεῖσθαι
1352 2687 1692 2759 καθέστηκεν
1721 2687 1890 2754 ἄξιος,

301 2778 398 2830 καί
434 2779 772 2849 προτραπεὶς
801 2781 937 2850 πρὸς
980 2781 1091 2834 τῶν
1124 2781 1300 2834 ἄλλων
1328 2783 1620 2851 ἡγήσεται,
1671 2779 1780 2846 ζῶν
1813 2781 1894 2834 ἔτι

303 2869 403 2922 καὶ
433 2871 716 2940 τυγχάνων
765 2871 822 2923 ἐν
853 2871 1088 2941 σώματι,
1115 2874 1208 2925 καὶ
1235 2874 1402 2926 πᾶσιν
1431 2873 1784 2942 ἐπαγγέλλων
1816 2874 1893 2944 τῷ

305 2961 540 3032 στόματι
568 2960 628 3014 τδ
662 2963 887 3032 γεγονὸς
923 2965 980 3017 ὲν
1019 2964 1168 3032 αὐτῷ
1209 2963 1318 3016 τῶν
1363 2965 1537 3033 ἁγίων
1583 2966 1890 3036 τεράστιον.

317 3053 532 3120 Ἀγνοεῖ
565 3053 662 3122 μὲν
696 3054 806 3121 γάρ
847 3054 1026 3106 αὐτῶν
1055 3053 1228 3117 οὐδεὶς
1264 3054 1374 3108 τῶν
1408 3058 1464 3108 ἐν
1495 3055 1642 3110 ἔτεσι
1684 3057 1892 3121 τούτοις

305 3147 420 3205 τοῖς
465 3145 606 3196 ἑπτὰ
639 3146 732 3197 καὶ
765 3145 1028 3215 ἐξήκοντα
1063 3145 1246 3216 Κύρου
1289 3147 1386 3199 καὶ
1423 3145 1672 3200 Ἰωάννου
1706 3165 1892 3200 κατει-

303 3236 558 3306 ληφότων
607 3237 666 3288 τὺ
694 3236 921 3306 τέμενος
947 3253 960 3267 ·
995 3236 1140 3290 ἴσασι
1193 3237 1250 3290 δὲ
1279 3239 1494 3302 πάντως
1541 3239 1616 3302 ὡς
1663 3239 1850 3310 οἴομαι
1873 3256 1886 3269 ⁸

1999 561 2206 617 vissimi
2251 561 2364 616 fieri
2393 570 2715 616 cunctorum
2741 561 3044 631 jubeutur:
3083 559 3218 626 quin
3252 559 3416 612 etiam
3458 562 3574 628 pri-

1997 670 2180 710 mores
2226 652 2447 723 quidem
2484 651 2790 712 novissimi,
2843 648 3130 703 novissimi
3193 661 3323 702 vero
3377 662 3572 703 rursus

1998 748 2270 819 primores
2305 743 2648 807 eﬂiciuntur;
2689 749 2744 796 et
2786 757 2908 810 quae
2938 742 2991 794 in
3031 739 3292 795 membris
3321 748 3450 794 sunt
3486 741 3572 792 in-

2000 835 2428 898 honorabiiiora,
2483 833 2742 886 honorem
2801 829 3258 885 abundantiorem
3311 829 3569 889 induunt,

1997 937 2052 986 et
2089 931 2428 983 honestatem
2473 942 2592 995 qua:
2628 940 2750 978 esse
2783 925 3068 978 inhonesta
3124 923 3400 978 videntur.
3439 921 3573 977 Pro-

1997 1032 2116 1093 pter
2145 1021 2286 1091 quod
2321 1035 2542 1074 causam
2581 1019 2772 1071 horuut
2808 1015 3239 1086 pratscriptionis
3275 1013 3570 1070 a.|mitten-

1997 1123 2104 1178 tes,
2135 1122 2188 1168 et
2234 1111 2406 1174 veluti
2450 1111 2819 1164 macessariam
2875 1114 3294 1176 cognoscentes,
3352 1105 3418 1160 de
3459 1106 3571 1176 pri-

1997 1215 2145 1260 matu
2194 1205 2407 1274 litigare
2435 1202 2640 1266 nolite;
2688 1213 2864 1268 neque
2912 1199 2955 1251 si
2994 1195 3426 1266 postponamini,
3472 1209 3572 1249 vos

1998 1298 2283 1370 pertulisse
2330 1295 2593 1362 iniuriam
2627 1291 2992 1354 arbitremini,
3030 1305 3099 1342 ne
3140 1288 3206 1340 ad
3256 1287 3490 1342 haereses
3517 1297 3574 1342 et

1996 1391 2292 1446 schismata
2322 1387 2504 1456 partiti
2529 1384 2868 1446 dilahamini,
2899 1392 2954 1436 et
2991 1379 3222 1434 amahile
3255 1389 3571 1434 sanctorum

1997 1481 2332 1551 praeconium
2355 1475 2635 1538 resecetis,
2655 1487 2954 1542 eorumque
2974 1470 3130 1526 bona:
3151 1469 3304 1523 fama:
3333 1469 3542 1539 pulchri
3557 1497 3574 1508 -

1996 1570 2238 1625 tudinem
2282 1564 2586 1620 otfuscetis.
2675 1561 2783 1617 Sed
2837 1559 3019 1629 potius
3080 1555 3452 1628 gratulamini,
3516 1563 3572 1608 et

1995 1663 2221 1719 alternis
2251 1655 2735 1730 congratulamini,
2781 1655 3019 1707 honores
3059 1651 3290 1704 aliorum
3321 1649 3573 1718 proprios

1998 1757 2286 1820 facientes,
2325 1761 2384 1807 et
2432 1751 2557 1804 aliis
2600 1758 2816 1802 vestros
2863 1744 3165 1810 donantes;
3215 1749 3270 1797 et
3299 1741 3439 1810 quod
3487 1747 3574 1795 est

1927 1828 1968 1883 Β
2003 1850 2180 1918 majus
2205 1856 2368 1914 atque
2402 1843 2637 1902 beatius,
2673 1839 2800 1907 quia
2831 1832 3217 1896 connumerari
3253 1831 3320 1885 ad
3355 1829 3572 1884 laudem

2001 1951 2278 1996 tantorum
2310 1946 2627 1992 sanctorum
2677 1938 2732 1984 et
2787 1929 3086 1983 illustrium
3120 1923 3423 1994 meruistis.
3478 1919 3575 1974 Eia

2001 2035 2169 2102 igitur
2199 2039 2253 2084 et
2304 2043 2406 2083 nos
2455 2023 2740 2080 miracula.
2775 2035 2897 2090 quae
2960 2017 3150 2073 laudes
3212 2021 3570 2085 augmentant

1928 2133 2170 2186 minores
2227 2125 2538 2196 prioribus,
2591 2117 2980 2174 miraculorum
3035 2111 3333 2169 eminentia
3403 2122 3568 2178 supe-

2095 2311 2266 2365 Porro
2297 2309 2535 2363 clamare
2562 2304 2631 2359 de
2663 2303 2857 2356 horum
2897 2299 3078 2354 medio
3117 2296 3410 2366 Georgium
3437 2301 3577 2366 puto

1991 2403 2397 2476 presbyterum,
2460 2397 2552 2466 qui
2588 2396 2757 2452 abbas
2833 2391 3052 2464 quidem
3128 2389 3572 2458 congregationis

1993 2508 2184 2549 eorum
2217 2499 2356 2550 erat,
2391 2497 2446 2543 et
2479 2498 2535 2541 ut
2589 2489 2643 2540 in
2701 2484 2968 2540 relatione
3025 2481 3414 2536 miraculorum
3463 2479 3572 2532 dux

1997 2585 2170 2648 lieret,
2199 2581 2508 2651 appetebat.
2535 2577 2674 2632 Cum
2721 2585 2902 2630 autem
2942 2575 3165 2644 dignum
3209 2580 3265 2626 et
3330 2579 3576 2640 tempore

1998 2685 2052 2732 et
2092 2682 2362 2728 vetustate
2418 2669 2668 2726 miraculi
2729 2668 3025 2738 primatum
3063 2662 3410 2730 sumpsisset,
3461 2659 3574 2714 dux

2001 2766 2115 2822 fieri
2157 2781 2264 2820 non
2305 2764 2579 2819 immerito
2609 2760 2761 2816 visus
2789 2769 2896 2822 est,
2927 2765 2982 2812 et
3011 2755 3077 2810 ad
3108 2755 3366 2808 ducatum
3409 2765 3576 2822 agen-

1997 2859 2127 2915 dum
2181 2857 2248 2911 ab
2291 2856 2417 2910 aliis
2454 2853 2774 2908 exhortatus
2799 2857 2903 2915 est;
2941 2847 3035 2917 qui
3078 2845 3208 2898 vivit
3261 2843 3463 2906 adhuc,
3518 2849 3576 2896 et

1997 2959 2081 3008 est
2121 2951 2175 3004 in
2217 2963 2472 3018 corpore,
2503 2961 2599 3000 ore
2635 2943 2878 2998 referens
2909 2939 3052 3010 quod
3088 2939 3289 2992 factum
3319 2941 3404 2990 est
3431 2933 3486 2986 in
3515 2944 3578 2986 se

1996 3049 2310 3097 sanctorum
2377 3036 2706 3108 prodigium.
2771 3031 3059 3102 Siquidem
3132 3029 3346 3098 ignorat
3427 3025 3576 3078 hunc

1999 3133 2184 3188 nullus
2217 3145 2281 3185 ex
2320 3129 2428 3189 his.
2479 3125 2572 3195 qui
2624 3125 2677 3178 in
2735 3122 2824 3176 his
2869 3128 3075 3191 septem
3123 3118 3280 3172 annis
3318 3123 3374 3170 et
3417 3128 3580 3170 sexa-

1997 3229 2170 3297 ginta,
2199 3221 2324 3294 Cyri
2354 3228 2408 3276 et
2447 3216 2680 3273 Joannis
2730 3223 2998 3270 venerunt
3051 3211 3116 3264 ad
3149 3209 3432 3297 templum;
3466 3209 3579 3260 imo

302 3286 414 3381 ἀὲξι
441 3325 710 3378 τοσούτων
751 3286 858 3396 γάρ
901 3286 1115 3395 Ξιράνων
1145 3327 1174 3380 ο
1199 3286 1892 3396 ζέρζξ-έξξςξωζζςαῑξέξὸᾲ-

2000 3325 2271 3371 noverunt
2301 3327 2513 3375 omnes,
2545 3320 2604 3364 ut
2631 3323 2794 3364 reor:
2827 3323 2856 3361 a
2885 3314 2966 3360 tot
2997 3305 3198 3374 quippe
3228 3286 3388 3356 annis
3411 3315 3577 3354 senex

314 3419 430 3491 ρῶς
455 3417 674 3489 Χριστῷ
704 3417 944 3472 δουλεύει
999 3421 1094 3472 καὶ
1131 3417 1422 3488 μάρτυσιν,
1453 3420 1630 3472 πάντα
1670 3422 1896 3486 τελέσας

307 3509 406 3564 τοῦ
435 3510 637 3580 κλήρου
665 3509 734 3562 τὰ
761 3509 1042 3580 τάγματα,
1093 3512 1184 3564 καὶ
1229 3510 1425 3582 χρόνον
1471 3512 1595 3566 τινὰ
1637 3513 1730 3566 τοῦ
1763 3514 1894 3568 ναοῦ

312 3603 643 3673 θαυμαστῶς
690 3603 1056 3673 ἡγησάμενος.

382 3691 539 3758 Κίλιξ
570 3689 638 3765 ἦν
670 3693 698 3744 ὁ
726 3691 1020 3762 Γεώργιος,
1053 3693 1146 3746 καὶ
1179 3693 1386 3758 πόλεως
1415 3694 1515 3748 οὐκ
1549 3695 1764 3766 ἀσήμου
1796 3713 1896 3750 που·
1971 3747 1982 3758 ,

313 3787 463 3857 λίτης
489 3786 827 3856 ἐτύγχανεν·
863 3784 1074 3854 Ταρσὸν
1101 3785 1207 3855 γὰρ
1230 3784 1386 3855 ηὔχει
1415 3785 1773 3854 μητρόπολιν,
1801 3789 1894 3840 καὶ

313 3881 526 3934 Παῦλον
589 3878 774 3934 ἐκάλει
831 3879 1152 3949 συνήγορον,
1207 3877 1300 3930 ἐπὶ
1349 3877 1539 3948 πολίτῃ
1595 3879 1689 3931 καὶ
1741 3879 1895 3930 πόλει

311 3970 710 4041 γαυρούμενος,
735 3970 829 4023 καὶ
851 3969 1062 4030 τούτοις
1077 3969 1178 4022 οὐκ
1204 3968 1448 4036 ἀγεννῶς
1471 3968 1892 4038 σεμνυνόμενος.

311 4056 481 4125 Οῖτος
507 4059 600 4114 οὖν
626 4061 655 4113 ὁ
687 4058 958 4129 Γεώργιος
989 4061 1046 4113 ὲν
1069 4061 1228 4114 παισὶ
1247 4060 1438 4118 τελῶν.
1463 4063 1557 4114 καὶ
1591 4060 1896 4130 μειρακίοις

313 4154 499 4224 φέρων
540 4153 637 4222 τὴν
665 4151 894 4213 δίαιταν,
939 4151 1038 4220 τῆς
1088 4151 1346 4220 πατρίδος
1395 4151 1626 4221 ἐκδημεί
1651 4151 1746 4204 σὺν
1785 4153 1897 4214 τοῖς

317 4243 574 4313 φύσασιν.
626 4243 739 4312 Τῆς
766 4241 1029 4310 ἐκδημίας
1061 4240 1117 4292 δὲ
1153 4243 1354 4304 σκοπὸς
1379 4240 1590 4311 ὑπῆρχε
1626 4241 1719 4293 καὶ
1759 4239 1896 4306 πρό.

315 4351 482 4402 φασις
511 4335 544 4404 ἠ
573 4333 654 4394 είς
717 4333 908 4402 Μηνᾶν
958 4331 1049 4384 τὸν
1082 4332 1236 4398 ἆγιον
1283 4331 1374 4384 τὸν
1427 4333 1484 4382 ἐν
1525 4333 1592 4400 τῇ
1624 4329 1897 4404 Μαρεὼτῃ

317 4426 690 4498 προσκύνησις
717 4441 734 4458 ·
768 4425 834 4495 ἣν
871 4425 970 4492 τῆς
993 4423 1349 4494 Ἀλεξάνδρου
1379 4423 1768 4495 κατειληφότες
1789 4425 1896 4476 ἀπ-

323 4517 520 4571 εἰίδουν
549 4517 627 4587 τῷ
657 4516 892 4587 μάρτυρι
919 4531 933 4546 ·
955 4516 1048 4568 καὶ
1079 4515 1178 4587 τὴν
1203 4515 1461 4569 ἐπάνοδον
1484 4515 1666 4578 αὐτοῖς
1689 4516 1897 4586 χειμῶο

303 4593 407 4672 ινος
441 4608 779 4669 κωλύσαντος
799 4647 813 4672 ,
849 4608 942 4660 καὶ
975 4609 1166 4676 χρόνου
1222 4607 1419 4679 μικροῦ
1453 4607 1892 4672 διῖππεύσαντος,

2007 3411 2109 3466 iste
2143 3418 2330 3464 sancte
2363 3420 2426 3460 ac
2466 3419 2604 3473 pure
2643 3401 2868 3456 Christo
2926 3385 3580 3468 martyribusque‘deser-

2004 3504 2101 3564 vit,
2133 3515 2256 3556 cum
2289 3515 2478 3553 omnes
2503 3496 2630 3552 cleri
2663 3493 2888 3549 ordines
2917 3495 3375 3550 consummasset,
3401 3491 3456 3540 et
3486 3500 3584 3550 per

2007 3600 2216 3660 tempus
2249 3587 2468 3658 aliquod
2501 3585 2702 3655 templo
2725 3583 3050 3638 mirabiliter
3084 3577 3413 3648 praefuisset.

2109 3684 2248 3738 Cilix
2287 3689 2406 3737 erat
2434 3679 2724 3750 Georgius,
2759 3686 2814 3730 et
2843 3672 3081 3728 ci\itatis
3112 3686 3220 3724 non
3269 3671 3466 3738 ignota!
3505 3663 3582 3718 ci-

2001 3778 2109 3842 vis,
2167 3775 2340 3829 Tarso
2392 3773 2537 3827 enim
2587 3768 2932 3840 gloriabatur
2979 3761 3287 3832 metropoli,
3335 3766 3390 3812 et
3441 3757 3582 3811 Pau-

2003 3868 2118 3921 lum
2154 3863 2383 3920 vocabat
2410 3872 2835 3922 coassertorem,
2863 3857 2918 3910 in
2961 3855 3188 3910 concive
3234 3864 3299 3902 ac
3353 3847 3582 3902 civitate

2003 3957 2291 4028 gioriatus,
2323 3961 2387 4008 et
2433 3951 2519 4007 his
2574 3965 2680 4002 non
2739 3945 3056 4017 ignnbilitﬂ‘
3111 3941 3426 3996 decoratus.
3478 3933 3580 3988 llic

2003 4066 2134 4116 ergo
2192 4047 2464 4114 Georgius
2535 4038 3013 4095 conversationem
3057 4024 3202 4088 inter
3247 4031 3486 4084 infantes
3528 4036 3583 4081 et

2005 4157 2204 4209 pueros
2248 4153 2436 4208 agens,
2471 4151 2499 4188 a
2535 4132 2714 4204 patria
2764 4145 2990 4202 peregre
3044 4123 3409 4196 proficiscitur
3453 4135 3580 4174 cum

2005 4229 2347 4302 parentibus.
2405 4227 2574 4280 Porro
2619 4219 3072 4294 peregrinationis
3133 4215 3364 4271 intentio
3409 4219 3464 4268 et
3493 4226 3584 4264 oe-

2005 4324 2154 4378 casio
2182 4328 2300 4376 erat
2323 4317 2386 4372 ad
2415 4317 2644 4372 Mennan
2676 4323 2924 4368 sanctum
2951 4306 3327 4383 profectionis,
3350 4313 3402 4359 et
3440 4302 3585 4372 apud

2006 4413 2280 4468 Mareoten
2317 4407 2655 4465 adorationis
2685 4405 2922 4468 devotio;
2967 4415 3130 4472 quam
3176 4412 3301 4453 cum
3347 4396 3587 4450 Alexan-

2003 4506 2176 4561 driam
2226 4501 2625 4574 pervenissent,
2671 4495 2894 4568 martyri
2936 4493 3308 4549 reddiderunt.
3339 4488 3589 4554 Cumque

2006 4599 2237 4654 reditum
2285 4595 2393 4650 illis
2433 4594 2608 4647 hiems
2665 4587 3059 4660 prohibuisset,
3126 4593 3180 4638 et
3229 4594 3443 4652 tempus
3473 4593 3591 4632 mo-

315 4701 410 4757 τοῦ
443 4701 632 4764 παιδὸς
666 4703 694 4754 ὁ
719 4701 902 4770 πατὴρ
936 4698 1310 4768 ἐτελεύτησεν,
1331 4699 1428 4770 καὶ,
1449 4701 1479 4752 ὁ
1514 4702 1643 4762 παῖς
1667 4699 1897 4771 ὀρφανὸς

2007 4692 2185 4744 dicunt
2219 4686 2572 4758 praeterisset,
2619 4680 2773 4751 pueri
2826 4688 2980 4750 pater
3034 4673 3336 4731 defunctus
3387 4679 3494 4731 est,
3534 4677 3588 4724 et

321 4795 680 4857 κατελίπετο,
745 4794 840 4847 καὶ
899 4791 996 4859 τῆς
1049 4790 1314 4860 ὀρφανίας
1366 4790 1660 4854 ἀκόλουθος
1699 4793 1733 4862 ή
1789 4793 1900 4844 τῶν

319 4887 614 4958 ὀφθαλμῶν
653 4886 870 4956 ἐγένετο
920 4886 1199 4958 στέρησις,
1239 4887 1303 4938 ὲκ
1339 4879 1546 4948 πάθους
1597 4885 1904 4955 ἑπιχύσεως

324 4979 590 5051 ρεύσασα.

403 5069 614 5142 Ἰατροῦ
646 5067 702 5122 δὲ
735 5067 934 5130 παντὸς
964 5066 1100 5138 προς
1135 5066 1196 5119 τὸ
1226 5065 1397 5128 πάθος
1428 5065 1783 5128 ὀκλάσαντος,
1811 5065 1904 5119 καὶ

318 5164 620 5237 διαρρήδην
649 5161 746 5232 τὴν
798 5156 970 5233 ἧτταν
1025 5158 1483 5230 ὁμολογήσαντος,
1522 5157 1700 5228 Κῦρος
1743 5158 1907 5222 εὐθὺς

321 5259 418 5310 καὶ
461 5255 714 5322 Ἰωάννης
773 5253 823 5306 οἱ
875 5251 1154 5322 μάρτυρες
1206 5249 1540 5320 θεραπευταὶ
1571 5249 1665 5302 τοῦ
1701 5249 1906 5314 πάθους

321 5345 686 5416 ἠγγέλλοντο·
721 5344 800 5406 εἰς
830 5338 923 5402 οὒς
953 5338 1126 5392 ἐλθὼν
1153 5337 1181 5391 ὁ
1210 5337 1486 5406 Γεὼργιος
1526 5337 1652 5401 τοὺς
1685 5335 1906 5406 εἰρηκὸο

323 5453 426 5500 τας
467 5437 570 5491 οὐκ
628 5434 864 5507 ᾔσχυνε·
893 5431 990 5503 τήν
1030 5447 1088 5485 τε
1127 5431 1236 5500 γὰρ
1283 5429 1535 5500 ἐπίχυσιν
1570 5427 1900 5490 ἀπεδύσατο,

325 5530 422 5584 καὶ
455 5527 554 5595 τὴν
586 5525 848 5594 γλυκείαν
905 5521 1194 5590 ἀνείληφεν
1225 5521 1435 5592 ὅρασιν.
1472 5518 1585 5588 Τῆς
1623 5517 1814 5586 ὑγείας
1845 5517 1904 5572 δὲ

324 5619 486 5676 τοῦτο
513 5615 579 5690 ἦν
609 5619 680 5682 ὡς
710 5619 843 5686 φασὶ
895 5615 952 5670 τὸ
1004 5614 1276 5685 βοήθημα.
1331 5613 1508 5684 Τυρὺν
1541 5610 1690 5680 αὐτῷ
1717 5609 1906 5680 τρίψαι

325 5714 420 5766 τον
441 5713 504 5763 ἐκ
538 5711 792 5770 Βιθυνίας
852 5709 1167 5780 ἐρχόμενον,
1229 5707 1322 5759 καὶ
1362 5705 1586 5774 κηρωτῇ
1636 5702 1909 5770 συμμίξαι

332 5804 426 5861 καὶ
459 5804 618 5883 μόνον
653 5801 920 5854 ἐπιθεῖναι
969 5802 1079 5864 τοῖς
1132 5798 1378 5869 ὄμμασιν
1440 5796 1487 5848 οἱ
1541 5796 1636 5865 τῆς
1685 5794 1904 5866 gitimam;

2007 4780 2257 4848 orphauo
2309 4791 2481 4846 puero
2529 4773 2816 4836 derelicto,
2869 4767 3238 4839 orphanitatis
3286 4777 3589 4820 SttCCPSsut‘

2009 4874 2293 4924 oculorum
2344 4875 2456 4923 est'
2488 4865 2678 4922 etTecta
2711 4865 2966 4935 privatio,
2995 4876 3024 4912 a
3054 4858 3288 4914 fusiouis
3331 4858 3593 4926 passione

2009 4963 2229 5020 diffusn.

2119 5054 2326 5109 Medico
2355 5060 2536 5106 autem
2577 5049 2724 5104 omni
2753 5049 2904 5102 circa
2939 5047 3248 5117 passionem
3280 5043 3590 5101 deﬁciente,

2012 5132 2358 5216 sparsimque
2403 5145 2506 5198 -sni
2579 5141 2989 5211 superationem
3039 5139 3358 5199 conﬁtente,
3415 5133 3593 5204 Cyrus

2013 5239 2198 5292 statim
2243 5243 2298 5290 et
2345 5232 2588 5288 Joannes
2634 5241 2926 5304 martyres,
2976 5240 3263 5285 curatores
3317 5225 3592 5297 passionis

2009 5328 2388 5392 enuntiautur;
2432 5327 2498 5381 ad
2547 5339 2687 5392 quos
2723 5321 2988 5392 Georgius
3017 5321 3258 5380 veniens,
3298 5317 3590 5388 praedictos

2008 5419 2274 5478 dedecore
2331 5435 2435 5474 non
2490 5416 2694 5475 affecit.
2748 5424 2804 5470 et
2854 5421 3161 5470 cataractas
3213 5409 3489 5482 deposuit.
3534 5416 3585 5462 et

2007 5514 2224 5568 dulcem
2273 5511 2424 5566 visus
2470 5510 2711 5580 percepit
2775 5507 3054 5561 intuitum.
3115 5503 3286 5558 Porro
3332 5501 3593 5558 sanitatis

2011 5607 2114 5661 hoc
2143 5613 2282 5669 erat,
2314 5613 2370 5658 ιιι
2397 5603 2600 5671 inquit,
2640 5600 2926 5678 auxiliuun
2969 5597 3200 5652 CaSI'lll"
3234 5597 3310 5650 illi
3346 5605 3521 5649 terere
3561 5609 3592 5647 a

2016 5697 2266 5767 Bithynia
2315 5696 2576 5756 delatum,
2621 5701 2677 5747 et
2713 5691 2882 5746 ceroti
2939 5691 3172 5746 miscere
3220 5695 3275 5742 et
3325 5701 3594 5756 superpo-

2015 5805 2142 5846 nere
2171 5787 2366 5854 oculis,
2403 5783 2660 5841 samtatis
2695 5780 3054 5836 fabricatores
3087 5779 3411 5850 praecipiunt
3445 5791 3592 5834 mar-
