3998 6200
464 244 606 309 3615

1330 262 1401 319 ’8.
1438 257 1855 325 SOPHRONII
1880 265 2384 330 ΡΑΤΒΙΑΒΟΗᾸΞ
2423 268 2804 333 HlEROSOL

3572 279 3688 347 3616

468 371 638 429 tyres;
686 374 862 431 eoque
901 373 1093 433 agente
1130 365 1433 432 jussioueut
1476 380 1818 439 sanctorum,
1868 375 2046 430 οιηηὶε

2154 375 2405 439 τέκτονες
2442 378 2796 448 ἐπιτρέπουσι
2864 377 3174 451 μάρτυρες·
3232 379 3327 432 καὶ
3382 389 3687 457 πεπραχότας

468 449 689 519 quidem
718 452 1006 508 confestim
1047 455 1329 514 oculorum
1382 459 1581 514 humor
1623 461 1880 519 deorsum
1915 463 2050 520 ﬂue-

474 541 588 605 bat;
640 544 857 597 munda:
900 532 1082 599 autem
1133 547 1354 617 pupilla:
1403 565 1469 604 ac
1523 552 1719 609 lucida:
1779 555 1958 620 factae,
2019 574 2049 611 a

471 647 659 688 crassa
723 634 815 688 illa
855 637 1086 692 materia
1127 638 1375 696 liberatae
1433 646 1811 709 remanebant,
1865 658 1918 703 et
1960 649 2048 704 lu-

473 734 597 774 nien
651 721 774 775 sine
818 722 1211 793 impedimento
1269 730 1630 801 recipiebant,
1687 743 1742 789 et
1791 735 2050 806 deinceps

408 866 417 871 ,
469 812 846 880 operabantur
890 819 1208 884 operatione
1243 838 1403 893 quam
1434 832 1562 880 ante
1608 828 1914 895 passionem
1952 830 2052 884 ha-

470 900 722 957 lmerant.
760 902 827 959 Et
878 906 982 962 hoc
1028 911 1248 980 quidem
1291 914 1439 986 quod
1486 916 1688 971 factum
1739 926 1824 973 est
1872 919 1924 973 in
1985 936 2051 975 eo

470 994 804 1062 prodigium.
841 997 1047 1054 dictum
1072 1012 1176 1056 est.
1226 1003 1345 1057 Alia
1380 1020 1513 1060 vero
1538 1022 1660 1076 qua:
1686 1022 1715 1060 a
1753 1011 1960 1065 sanctis
1995 1011 2048 1065 in

471 1083 590 1153 ipso
636 1087 971 1145 charismata
1014 1101 1166 1162 gesta
1211 1104 1361 1159 sunt,
1416 1097 1634 1168 longum
1676 1098 1923 1168 profecto
1968 1110 2053 1157 est

468 1192 729 1234 enarrare
760 1196 859 1251 per
887 1182 1123 1255 singula,
1164 1202 1291 1242 eum
1322 1190 1529 1260 scripto
1564 1192 1785 1261 proprio
1833 1203 2048 1264 egeant,

470 1270 819 1354 plurimoque
874 1282 1119 1346 tempore
1176 1293 1316 1348 opus
1374 1280 1629 1348 habeant,
1681 1299 1843 1354 quam
1908 1301 2054 1341 nunc

468 1360 550 1415 eis
583 1364 883 1419 Secundum
920 1369 1404 1439 aequipara‘tionem
1438 1373 1603 1427 tribui
1636 1373 1848 1429 debeat.

540 1451 617 1510 Nc
648 1471 778 1512 vero
819 1458 984 1528 hujus
1036 1462 1111 1517 rei
1163 1464 1340 1531 gratia
1377 1464 1491 1519 haec
1535 1482 1644 1520 non
1694 1467 1928 1538 scripta,
1962 1470 2047 1524 vel

469 1545 592 1599 sine
645 1552 1170 1608 commemoratione
1209 1552 1573 1621 dimittamus,
1624 1565 1679 1612 et
1731 1558 1834 1613 huc
1887 1558 2052 1614 modo

467 1636 779 1694 audientem
806 1639 1003 1697 hedere
1024 1644 1330 1709 videamur.
1359 1647 1524 1702 unius
1558 1649 1640 1703 vel
1667 1648 1835 1703 duum
1865 1664 2052 1705 recor-

2151 466 2317 521 αύτού
2346 467 2457 521 τῶν
2485 468 2659 536 ἁγίων
2696 467 2795 541 τὴν
2829 468 3102 532 κέλευσιν.
3129 469 3273 526 ἅπαν
3305 475 3403 544 μὲν
3434 477 3581 542 εὐθὺς
3600 484 3686 539 τῶν

2150 556 2448 628 ὀφθαλμῶν
2499 557 2562 610 τὸ
2588 557 2753 630 ὑγρὸν
2804 558 3138 629 κατεφέρετο
3158 576 3173 590 ο
3210 562 3450 631 καθαραὶ
3474 565 3526 619 δὲ
3555 570 3681 641 κόραι

2152 648 2250 702 καὶ
2279 648 2541 717 διαυγεῖς,
2574 650 2673 719 τῆς
2702 649 2934 720 παχείας
2978 651 3194 722 ἐκείνης
3225 653 3358 722 ὖλης
3394 656 3679 729 dmum.

2154 756 2242 792 σαι
2281 739 2563 820 διέμενον,
2598 742 2693 796 καὶ
2723 741 2840 810 φῶς
2877 742 3287 810 ἀνεμποδίστως
3329 747 3582 818 ἐδέχοντο,
3611 756 3680 808 καὶ

2152 833 2339 887 λοιπὸν
2361 835 2647 906 ἐνήργουν,
2666 836 2735 907 ἠν
2767 838 2874 908 πρὸ
2892 839 2986 892 τοῦ
3016 840 3215 905 πάθους
3242 841 3402 911 ἔσχον
3423 844 3686 914 ἐνέργειαν.

2152 925 2263 978 Καὶ
2290 925 2450 978 τοῦτο
2465 927 2563 995 μὲν
2591 927 2653 979 τὸ
2681 928 2933 999 ὲπάύτῷ
2953 933 3177 1000 γεγονὸς
3209 932 3401 1005 ἐλέχθη
3426 930 3697 1006 τεράστιον,

2153 1013 2334 1067 una
2364 1016 2420 1069 δὲ
2437 1019 2545 1077 τοῖς
2561 1016 2739 1084 ἁγίοις
2763 1021 2843 1077 είς
2870 1019 3036 1072 αὐτὸν
3062 1022 3377 1092 πραχθέντα
3394 1026 3693 1097 χαρίσματα,

2156 1107 2369 1177 μακρὸν
2397 1106 2464 1160 ἂν
2493 1107 2579 1178 εἴη
2603 1109 2726 1162 καθ’
2759 1109 2816 1162 ἓν
2843 1110 3235 1181 διηγήσασθαι,
3256 1118 3567 1186 συγγραφῆς
3584 1119 3699 1180 ἰδίας

2151 1198 2401 1268 δεόμενα,
2473 1199 2569 1253 καὶ
2626 1201 2820 1274 χρόνου
2862 1203 3110 1269 πλείονος
3155 1205 3449 1277 χρῄζοντα,
3495 1209 3582 1263 τοῦ
3620 1212 3699 1266 νῦν

2152 1283 2336 1349 αὐτοῖς
2393 1288 2843 1360 προσνεμηθῆναι
2874 1294 2996 1345 κατ’
3052 1295 3361 1368 ίσομοιρίαν
3403 1299 3699 1369 ὀφείλοντος.

2225 1452 2343 1519 Ἰνα
2376 1466 2435 1521 δὲ
2466 1467 2540 1540 μὴ
2571 1468 2766 1524 τούτου
2796 1473 2957 1542 χάριν
2988 1473 3216 1544 ἄγραφα
3242 1476 3417 1531 ταῦτα
3438 1479 3529 1533 καὶ
3559 1483 3704 1551 ἀμνη-

2156 1557 2389 1629 μόνευτα
2420 1561 2856 1634 καταλείψωμεν,
2894 1566 2989 1619 καὶ
3021 1567 3231 1632 ταύτας
3259 1569 3499 1638 δόξωμεν
3528 1572 3703 1625 ἀδικεῖν

2152 1650 2245 1704 τὸν
2282 1653 2575 1717 ἀκούοντα,
2624 1655 2742 1718 ἑνὸς
2788 1656 2824 1726 ἢ
2895 1657 3151 1732 δευτέρου
3200 1660 3598 1734 μνησθήσομαι,
3626 1665 3704 1718 καὶ

466 1728 741 1799 dabimur,
765 1743 818 1785 et
847 1733 961 1789 haec
988 1737 1296 1793 recidentes
1335 1749 1604 1809 quantum
1648 1744 1819 1796 virtus
1845 1758 2046 1812 suppe-

2150 1742 2325 1797 ταῦτα
2359 1744 2671 1815 συντέμνων
2708 1745 2784 1811 ὡς
2821 1728 3208 1824 δύναμιςίὸι),

466 1826 627 1881 ditat.
652 1826 972 1909 Suscipiunt
1012 1830 1329 1903 Georgium,
1350 1850 1474 1889 cum
1500 1852 1636 1906 puer
1657 1845 1824 1903 esset,
1849 1837 2259 1894 clementissimi
2279 1848 2569 1910 martyres,
2593 1849 2647 1896 et
2672 1843 2915 1912 paternis
2928 1859 3053 1899 eum
3085 1846 3381 1915 diligentes
3408 1848 3703 1911 visceribus,

466 1920 746 1976 dimittere
776 1938 972 1978 rursus
1002 1924 1069 1977 ad
1096 1927 1418 1995 genitricem
1468 1928 1695 1983 minime
1720 1929 2064 1999 judicarunt,
2094 1929 2191 1985 sed
2233 1931 2351 1999 vice
2394 1931 2567 1999 patris
2598 1931 2804 1999 habita,
2846 1950 2971 1991 cum
3002 1943 3179 1991 matre
3206 1937 3415 1993 liberos
3451 1939 3703 2004 dividunt,

465 2024 521 2069 et
552 2013 685 2069 huic
716 2015 933 2073 liliahus
964 2018 1248 2076 attributis
1274 2036 1396 2091 qua:
1439 2021 1563 2076 dum
1601 2031 1761 2077 erant
1792 2023 2186 2093 superadultae,
2224 2021 2521 2093 Georgium
2572 2023 2678 2091 ipsi
2721 2027 3057 2096 suscipiunt,
3088 2028 3428 2098 iuramentis
3456 2046 3546 2100 per
3577 2047 3706 2085 som-

469 2110 620 2160 nium
647 2109 897 2176 genitrici
933 2112 1160 2168 credere.
1187 2113 1503 2180 suadentes,
1540 2115 1609 2169 ab
1649 2117 1731 2171 eis
1765 2114 1883 2172 fore
1925 2116 2258 2172 sanandum.
2306 2118 2449 2170 Ante
2488 2115 2780 2171 sanitatem
2813 2121 3016 2190 quippe
3044 2120 3191 2177 facta
3218 2131 3353 2178 sunt
3383 2124 3517 2189 haec,
3554 2139 3705 2194 seque

467 2198 715 2254 facturos
762 2200 911 2268 quod
953 2211 1129 2272 pater,
1160 2204 1325 2260 etiam
1375 2206 1423 2263 si
1473 2215 1756 2278 superstes
1803 2216 1974 2273 esset,
2024 2208 2215 2279 utique
2248 2223 2356 2261 non
2413 2206 2656 2263 fecisset.
2707 2208 2867 2277 Quod
2907 2226 3465 2281 consummaverunt,
3500 2224 3552 2272 ct
3579 2218 3706 2287 quod

464 2289 655 2345 dixere
691 2293 960 2349 veraciter
993 2297 1205 2365 operati
1236 2308 1387 2353 sunt.

536 2407 778 2480 Recepto
805 2412 951 2467 enim
981 2414 1273 2485 peregrino
1313 2415 1479 2470 simul
1517 2423 1575 2469 et
1603 2430 1772 2480 caeco,
1814 2414 2048 2487 pupillo.

463 2516 625 2570 vago,
666 2511 1015 2573 etpaupere,
1063 2507 1249 2562 omnia
1294 2506 1627 2577 compendio
1673 2518 2046 2576 sanaverunt;

465 2596 658 2665 patriae
698 2595 959 2654 videlicet
991 2600 1377 2668 privationem,
1421 2602 1702 2670 proprium
1731 2596 2047 2669 iacientes;

465 2689 795 2754 caecitatem,
826 2690 1016 2747 oculos
1048 2691 1455 2758 illuminantes;
1501 2692 1837 2762 orphanitati
1866 2700 2051 2761 patres

464 2777 683 2846 eﬂecti;
711 2780 954 2836 erratico
990 2780 1388 2838 habitationem
1430 2782 1775 2849 tribuentes;
1814 2796 2046 2853 pauper-

466 2880 633 2925 tatem
667 2873 974 2927 secundum
1016 2880 1339 2943 utrumque,
1368 2888 1574 2944 corpus
1603 2874 1816 2931 scilicet
1841 2880 1895 2928 et
1923 2874 2046 2927 ani-

2222 2416 2496 2482 Λαϐόντες
2524 2417 2634 2489 γὰρ
2665 2417 2817 2485 ξένον
2865 2417 3003 2489 ὁμοῦ
3035 2420 3132 2476 καὶ
3160 2417 3392 2488 τυφλὸν,
3426 2415 3644 2489 ὀρφανόν
3661 2439 3711 2475 τε

2152 2507 2249 2560 καὶ
2274 2508 2553 2579 πλανήτην
2582 2509 2679 2563 καὶ
2701 2509 2933 2581 πένητα,
2962 2510 3142 2565 πάντα
3164 2512 3451 2583 συντόμως
3492 2512 3704 2567 ίάσαντο’

2151 2600 2415 2671 πατρίδος
2466 2600 2723 2672 στέρησιν
2772 2603 3195 2673 οίκειωσὰμενοι
3219 2621 3232 2634 ·
3287 2603 3577 2675 τύφλωσιν,
3598 2606 3711 2672 τοὺς

2150 2691 2463 2762 ὀφθαλμοὺς
2495 2693 2946 2762 κατανγάσαντες
2966 2711 2979 2725 ο
3009 2695 3304 2768 όρφανείᾳ,
3325 2697 3555 2769 πατέρες
3576 2697 3709 2766 γενό-

2154 2802 2344 2855 μενοι⁹
2380 2785 2665 2858 ἀλλότριον
2720 2787 3070 2857 ᾠκειώσαντο
3092 2804 3107 2819 ο
3144 2788 3343 2843 πενίαν
3386 2790 3505 2843 κατ’
3545 2789 3709 2860 ἄμφω.

2148 2875 2331 2948 ψυχὴν
2346 2876 2492 2946 λέγω
2515 2880 2612 2931 καὶ
2642 2876 2823 2947 σῶμα,
2857 2878 3239 2944 πλουτοῦντες,
3283 2880 3445 2952 είπερ
3477 2883 3566 2935 καὶ
3589 2880 3710 2934 κατὰ

466 2976 635 3027 mam,
668 2962 1094 3031 Iocupletantes,
1135 2964 1181 3018 si
1220 2972 1370 3019 certe
1411 2973 1466 3019 et
1503 2964 1810 3042 secundum
1844 2979 2046 3034 corpus

2151 2966 2311 3035 σῶμα
2343 2965 2598 3020 πλουτεῖν
2642 2968 2985 3039 κατεδέχετο.
3028 2969 3230 3024 Τοῦτον
3260 2976 3374 3042 γὰρ
3404 2972 3476 3036 ὡς
3508 2974 3593 3026 τὸν
3621 2989 3711 3026 πα-

465 3050 790 3121 locupletari
847 3053 1212 3123 permisisset.
1244 3052 1404 3109 Hunc
1454 3038 1601 3109 enim
1633 3055 1775 3110 sicut
1801 3064 2043 3112 veterem

2150 3055 2298 3111 λαιὸν
2325 3058 2585 3129 Σαμουὴλ
2604 3060 2748 3112 κατὰ
2776 3061 2869 3113 τὸν
2899 3058 3080 3114 αὐτῶν
3115 3038 3289 3128 σηκὸν
3319 3038 3709 3134 ἀνατρέφοντες,

466 3140 779 3198 Samuelem
813 3144 867 3198 in
905 3144 1109 3214 templo
1132 3159 1236 3198 suo
1262 3145 1491 3210 alentes,
1520 3147 1785 3219 virtutum
1820 3162 2045 3217 posses-

2150 3149 2247 3202 καὶ
2295 3149 2502 3220 ἀρετῆς
2555 3150 2896 3221 πεποιήκασι
2955 3150 3221 3223 κτήτορα,
3281 3153 3377 3207 καὶ
3426 3155 3504 3217 είς
3533 3153 3713 3225 κλῆρον

468 3227 650 3288 sereni
699 3234 973 3301 fecerunt,
1030 3244 1085 3289 et
1123 3236 1179 3290 in
1227 3235 1435 3290 clerum
1470 3236 1733 3306 paulatim
1781 3252 2044 3307 provexe-

2150 3239 2271 3293 κατ’
2328 3239 2508 3309 ὀλίγον
2561 3242 2907 3313 προήγαγον,
2953 3243 3046 3297 τὸν
3085 3242 3441 3315 καταλλήλως
3472 3248 3586 3307 ταῖς
3615 3245 3714 3314 ἡλι-

467 3332 620 3387 ruut,
662 3326 757 3396 qui
806 3325 1202 3382 convenienter
1239 3327 1295 3383 in
1341 3327 1575 3397 singulis
1616 3328 1871 3383 :etatibus
1913 3344 2046 3384 con-

2154 3333 2302 3396 κίαις
2331 3333 2646 3405 ἁρμόζοντα
2672 3349 2686 3364 ⁸
2715 3335 2811 3388 καὶ
2846 3334 2949 3405 τῆς
3002 3335 3185 3389 αὐτῶν
3227 3338 3541 3406 οἰκονομίας
3572 3337 3714 3407 ἠξίω-

467 3419 721 3487 gruebat,
769 3434 983 3489 suaque
1032 3420 1259 3489 dignum
1296 3420 1709 3491 dispensatione
1768 3421 2044 3489 fecerunt,

2153 3440 2276 3490 σαν,
2324 3424 2413 3478 ὅτε
2465 3424 2675 3497 ταύτην
2730 3425 2941 3479 διέπειν
2982 3425 3238 3495 ἠδύνατο.
3288 3425 3459 3482 Τόὗτο
3505 3429 3713 3482 θανάτου

461 3524 589 3565 cum
641 3514 784 3575 hanc
827 3510 1105 3567 moderari
1153 3512 1438 3569 valuisset.
1476 3512 1635 3570 Hunc
1683 3528 1712 3568 a
1751 3527 1923 3569 morte
1960 3515 2046 3571 bis

2150 3516 2233 3579 δὶς
2275 3516 2676 3589 ὲλυτρώσαντο,
2714 3517 3037 3590 προσθήκην
3095 3517 3234 3572 ἑτῶν
3264 3521 3364 3574 καὶ
3398 3520 3541 3591 ζωῆς
3573 3535 3713 3591 χαρι-

465 3601 858 3670 liberaverunt,
884 3616 1238 3675 augmentum
1265 3599 1495 3659 dierum
1513 3613 1567 3660 et
1591 3605 1715 3661 vita:
1745 3604 2039 3663 donantes.
2154 3606 2405 3677 σάμενοι.
2955 3684 2963 3690 .

535 3695 849 3753 Pestilentia
893 3705 1033 3761 erat,
1083 3706 1140 3753 et
1181 3698 1271 3768 qui
1306 3707 1437 3752 tune
1479 3699 1836 3768 :egrotabant.
1890 3701 2044 3771 prius

2219 3698 2421 3768 Λοιμὸς
2443 3692 2534 3769 ἦν,
2568 3698 2663 3753 καὶ
2696 3700 2744 3752 οἱ
2783 3700 2905 3754 τότε
2932 3701 3219 3765 νοσοῦντες
3279 3703 3412 3773 πρὶν
3441 3703 3473 3768 ἢ
3504 3702 3711 3768 διαγνωο

462 3802 627 3856 quam
678 3786 909 3858 languor
958 3797 1303 3850 nosceretur,
1338 3788 1740 3842 moriebantur.
1775 3787 2040 3859 :Egrota-

462 3877 543 3930 vit
573 3877 736 3932 etiam
769 3878 1059 3949 Georgius,
1085 3885 1142 3932 et
1172 3878 1404 3949 expletis
1436 3877 1686 3933 terminis
1724 3867 1876 3939 vitae.
1901 3894 2043 3949 pra:-

463 3977 673 4024 scntem
721 3970 858 4025 obiit
908 3970 1102 4035 vitam,
1143 3969 1404 4040 videtque
1450 3969 1675 4038 angelos
1703 3970 2040 4041 accipientes

463 4076 526 4117 se
557 4069 611 4116 et
639 4061 996 4130 deducentes,
1032 4069 1086 4117 et
1115 4061 1319 4134 Cyrum
1345 4062 1426 4117 eis
1451 4069 1506 4116 et
1535 4059 1807 4115 Joannem
1835 4070 2042 4132 marty-

463 4164 554 4202 res
579 4158 957 4215 occurrentes.
988 4158 1044 4205 et
1072 4150 1266 4205 donari
1296 4149 1402 4206 sibi
1442 4150 1824 4221 presbyterum
1865 4151 2040 4205 inter-

366 4241 373 4247 ’
458 4237 744 4305 cedentes,
771 4240 919 4309 quod
954 4254 1016 4294 se
1061 4239 1243 4295 facere
1289 4254 1396 4294 non
1451 4254 1616 4311 posse
1651 4228 1895 4293 virtutes
1935 4239 2040 4293 illa:

460 4330 741 4402 dicebant,
776 4332 976 4386 divinae
1003 4331 1281 4387 sanctioni
1322 4345 1478 4386 more
1507 4330 1670 4387 solito
1699 4330 2036 4398 servientes;

459 4431 785 4489 exspectare
813 4430 995 4478 autem
1033 4421 1233 4476 factam
1264 4422 1334 4478 ad
1374 4420 1541 4477 Deum
1578 4422 2036 4492 supplicationem

460 4526 678 4576 eorum,
709 4524 765 4568 et
802 4514 1039 4568 alterum
1081 4514 1203 4584 ejus
1242 4513 1546 4583 praestolari
1584 4523 1916 4585 prmceptum
1954 4514 2037 4570 fe-

2151 3788 2346 3859 σθῆναι
2382 3791 2481 3861 τὴν
2513 3792 2668 3844 νόσον
2700 3791 3066 3864 ἀπέθνησκον.
3118 3794 3378 3871 Ἐνόσησε
3428 3796 3520 3849 καὶ
3549 3792 3711 3862 Γεὼρο

2149 3897 2290 3949 γιος,
2361 3883 2458 3935 καὶ
2509 3882 2618 3936 τῶν
2680 3884 2824 3955 ὅρων
2853 3886 2952 3955 τῆς
3004 3885 3154 3957 ζωῆς
3181 3878 3600 3957 πληρωθέντων,
3631 3884 3712 3951 τῆς

2149 3974 2436 4045 παρούσης
2486 3973 2633 4047 ζωῆς
2690 3976 3102 4049 ὲκδεδήμηκεν·
3160 3981 3257 4034 καὶ
3290 3980 3423 4042 τοὺς
3472 3976 3712 4046 ἀγγέλους

2148 4068 2252 4138 ὁρᾷ
2280 4065 2546 4131 λαϐόντας
2573 4070 2736 4124 αὐτὸν
2770 4070 2885 4141 «καὶ
2915 4072 3251 4141 ἀπάγοντας,
3285 4073 3387 4126 καὶ
3421 4071 3601 4143 Κῦρον
3632 4068 3712 4121 αὖ·

2146 4161 2260 4222 τοῖς
2291 4162 2389 4213 καὶ
2440 4161 2695 4231 Ἰωάννην
2722 4165 3105 4229 συναντῶντας
3134 4167 3267 4229 τοὺς
3301 4167 3600 4237 μάρτυρας,
3632 4160 3710 4214 καὶ

2146 4247 2471 4318 χαρίζεσθαι
2516 4251 2702 4315 αὐτοῖς
2757 4253 3071 4327 πρεσϐύτην
3125 4256 3552 4328 πρεσϐεύοντας,
3592 4255 3709 4319 ὅπερ

2147 4342 2322 4394 ποιεῖν
2374 4341 2563 4411 ελεγον
2619 4344 2678 4397 αἱ
2738 4345 2999 4415 δυνάμεις
3054 4348 3132 4419 μὴ
3191 4348 3481 4411 δύνασθαι,
3520 4337 3709 4415 θείῳδὶ

2147 4431 2483 4504 θεσπίσματι
2512 4437 2657 4490 κατὰ
2682 4438 2885 4508 τρόπον
2915 4439 3270 4495 δουλεύουσαι
3289 4459 3304 4472 ο
3353 4442 3536 4514 μένειν
3562 4439 3604 4492 δ’
3628 4437 3709 4490 uti"
3733 4513 3739 4519 .
3825 4480 3833 4489 .

2144 4524 2254 4577 τῶν
2290 4526 2392 4596 τὴν
2422 4527 2557 4598 πρὸς
2587 4529 2721 4582 Θεὸν
2748 4532 2992 4585 ἱκετείαν
3023 4533 3394 4604 ἀπήγγελλον,
3429 4533 3520 4587 καὶ
3553 4527 3736 4604 δευτέ-3

464 4603 682 4659 rebant.
714 4606 829 4661 Hac
868 4615 1138 4679 martyres
1183 4608 1549 4678 responsione
1579 4618 1827 4679 accepta,
1865 4615 2042 4663 verte-

2150 4634 2248 4687 ραν
2280 4591 2446 4672 αὑτοῦ
2466 4591 2865 4691 προσδέχεσθαι
2909 4591 3435 4696 κέλευσιν.”ῐἀύτην
3481 4598 3740 4708 λαϐόντεςξ
3768 4672 3773 4676 .

465 4696 666 4750 bantur
709 4697 775 4751 ad
807 4712 1022 4766 preces,
1051 4699 1118 4753 ad
1162 4698 1446 4762 Deumque
1491 4699 1723 4768 genibus
1757 4696 1913 4753 ﬂexis
1943 4697 2039 4752 dn-

466 4790 584 4843 nari
617 4790 721 4844 sibi
765 4792 1033 4846 cultorem
1081 4792 1541 4862 deprecabantur.
1587 4791 1657 4846 Et
1689 4791 1794 4846 hoc
1838 4790 2044 4845 facien-

462 4881 636 4945 Lhus,
667 4896 698 4936 e
726 4882 865 4938 male
915 4898 1015 4937 vox
1068 4883 1343 4939 ferebatur
1384 4886 1667 4948 deorsum,
1709 4881 2044 4953 martyribus

466 4973 847 5045 presbyterum
896 4974 1018 5030 dari
1066 4976 1414 5047 praecipiens,
1469 4986 1525 5032 et
1561 4979 1723 5032 annis
1774 4978 1831 5031 in
1881 4992 2047 5032 carne

466 5067 651 5122 vivere
674 5067 865 5138 viginti
901 5066 1192 5126 deﬁniens.
1226 5069 1292 5124 Et
1317 5071 1399 5125 sic
1423 5071 1646 5140 quidem
1684 5071 1788 5126 iste
1818 5069 2046 5125 mirabi-

466 5156 588 5213 liter
618 5170 846 5214 mortem
886 5177 1008 5231 quae
1049 5172 1183 5218 tunc
1227 5162 1458 5232 urgebat
1493 5163 1686 5228 evasit,
1720 5164 1843 5234 plus
1881 5178 2045 5232 quam

467 5248 733 5306 Ezechias
772 5254 898 5306 vitae
953 5268 1130 5311 annos
1181 5255 1429 5325 quinque
1486 5255 1821 5325 percipiens,
1861 5254 2046 5309 studio

467 5349 771 5413 mattyrutn
822 5344 1079 5416 donoque
1130 5347 1339 5404 divino.
1386 5347 1520 5403 Cum
1546 5355 1730 5403 autem
1758 5346 2057 5403 vicennale.

2148 4710 2198 4761 οἱ
2229 4709 2509 4779 μάρτυρες
2523 4710 2623 4779 τὴν
2642 4712 2961 4791 ἀπόκρισιν,
2981 4714 3117 4784 πρὸς
3144 4716 3385 4769 ἱκετείαν
3413 4714 3701 4784 ἐτρέποντο,

2150 4802 2246 4852 καὶ
2273 4799 2413 4872 πρὸς
2432 4801 2565 4855 Θεὸν
2596 4803 2666 4857 τὰ
2721 4803 2927 4871 γόνατα
2950 4805 3254 4871 κλίναντες,
3291 4806 3598 4877 δωρηθῆναι
3628 4800 3708 4853 αὑ-

2150 4893 2267 4955 τοῖς
2312 4892 2406 4945 τὸν
2435 4892 2645 4965 λάτρην
2678 4894 2923 4948 ἐδέοντο*
2960 4898 3055 4950 καὶ
3089 4895 3250 4951 τοῦτο
3296 4895 3602 4953 ποιούντων,
3627 4887 3706 4943 ἀπ’

2152 4981 2386 5052 οὐρανοῦ
2440 4984 2596 5054 φωνὴ
2645 4986 3000 5057 κατεφέρετο,
3065 4986 3266 5041 διδόναι
3319 4984 3705 5056 προστάττουσα

2153 5074 2265 5135 τοῖς
2296 5074 2535 5143 μάρτυσι
2564 5073 2659 5127 τὸν
2709 5074 3111 5144 πρεσϐύτερον,
3155 5075 3251 5129 καὶ
3299 5074 3526 5145 χρόνους
3553 5068 3701 5123 είκοσο

2153 5164 2211 5216 ὲν
2236 5166 2403 5234 σαρκὶ
2432 5164 2764 5235 διορίζουσα.
2796 5167 2908 5220 Καὶ
2935 5166 3078 5220 οὕτω
3101 5168 3199 5237 μὲν
3212 5161 3408 5230 οὗτοςὸ
3432 5162 3711 5233 θαυμάσιον

2151 5255 2245 5309 τὸν
2276 5256 2397 5309 τότε
2431 5257 2655 5326 διέφυγε
2678 5258 2929 5323 θάνατον,
2964 5260 3209 5326 Ἐζεκίου
3245 5260 3408 5314 πλέον
3437 5258 3528 5326 ἔτη
3562 5252 3700 5307 πέντε

2151 5345 2298 5418 ζωῆς
2335 5350 2729 5421 κομισάμενος,
2794 5351 3087 5424 μαρτύρων
3116 5352 3323 5425 σπουδῇ
3350 5351 3445 5406 καὶ
3467 5345 3589 5415 Θείῳ
3609 5342 3699 5396 5w-

1975 5520 2213 5578 ΝΟΤιΕ.

545 5674 640 5749 (5),
684 5679 913 5738 Abhinc
936 5676 1317 5741 desiderantur
1350 5692 1460 5742 tres
1486 5683 1757 5756 pericopa:
1795 5683 1852 5740 in
1882 5682 2073 5741 Greco
2109 5692 2282 5752 textu,
2322 5700 2461 5756 quas
2493 5683 2723 5745 Latinus
2761 5686 3125 5745 conservavit.
