3998 6200
298 325 437 392 ’ὶδιῑ

1339 328 1443 388 ss.
1480 326 1656 387 (IYRI
1690 325 1784 386 ET
1818 294 2141 386 J‘OANNIs
2165 324 2573 386 MIRACULA.

3422 322 3565 390 3618

302 443 528 511 ρήματι.
560 437 693 490 Ὅτε
715 435 772 490 δὲ
791 435 1193 505 τὸνέἱκοσαετῆ
1209 434 1308 508 τῆς
1336 438 1483 509 ζωῆς
1508 438 1700 509 χρόνον
1723 436 1888 506 ἐπλή-

2001 437 2120 489 vitae
2153 448 2366 504 tempus
2395 436 2692 505 explesset,
2722 433 2901 487 domm
2930 432 3287 497 moriebatur,
3322 440 3378 487 et
3398 433 3562 490 vitam

212 530 217 535 “
303 548 466 603 ρωσε,
516 530 684 586 πάλιν
734 531 1068 600 ἀπέθνησκε,
1126 536 1222 583 καὶ
1273 531 1375 600 τὴν
1425 531 1707 603 παροῦσαν
1738 531 1883 604 ζωὴν

299 622 740 690 κατελίμπανεν,
794 623 908 683 τοῖς
963 618 1215 673 λαϐοῦσιν
1283 620 1534 688 ἀγγέλοις
1581 622 1882 693 ἑπόμενος·

299 716 442 770 ἀλλά
474 715 636 770 πάλιν
660 716 1003 786 συναντήσας
1053 719 1165 779 τοῖς
1205 715 1496 786 μάρτυσιν,
1538 716 1702 770 πάλιν
1729 717 1803 780 ὡς
1826 718 1889 770 τὸ

299 809 572 879 πρότερον
603 808 893 872 ἀπελύετο,
958 807 1149 878 χρόνον
1199 807 1348 877 ζωῆς
1385 809 1698 877 εὐτυχήσας
1733 810 1888 881 ἀόρι-

303 915 450 952 στον.
488 900 584 961 Ὃς
617 898 871 969 δεύτερον
896 896 1153 961 τεθνεὼς,
1193 900 1285 951 καὶ
1334 897 1526 967 φυγὼν
1561 901 1624 953 ἐκ
1651 899 1888 953 Θανάτου

298 993 359 1042 τὸ
391 988 668 1062 δεύτερον,
698 993 795 1059 τῆς
845 989 955 1042 τῶν
1008 990 1181 1057 ἁγίων
1238 990 1375 1060 πρὸς
1407 990 1540 1043 Θῶν
1576 990 1890 1063 παρρησίας

297 1083 535 1152 ’ἕστηκεν
594 1074 834 1151 ἐλεγχος,
889 1083 983 1135 καὶ
1036 1081 1205 1135 εἰκὼν
1234 1084 1334 1152 τῆς
1372 1084 1554 1137 αὐτῶν
1585 1082 1768 1153 ἰσχύος
1796 1083 1893 1136 καὶ

300 1174 528 1244 χάριτος
550 1192 563 1203 ·
608 1175 774 1244 ἡμεῖς
820 1172 877 1225 δὲ
926 1174 1017 1226 τὸν
1044 1172 1418 1245 πρεσϐύτερον
1452 1173 1640 1227 τοῦτον
1678 1176 1767 1227 τὸν
1802 1174 1892 1227 θε-

303 1265 529 1318 σπέσιον
549 1266 690 1337 ὑπὲρ
724 1265 883 1335 ἡμῶν
917 1265 1246 1333 πρεσϐεύειν
1273 1268 1398 1329 τοὺς
1417 1267 1607 1343 ἁγίους
1640 1268 1895 1339 αἰτήσανο

284 1367 411 1421 ’τες,
447 1360 544 1411 καὶ
577 1359 891 1427 προστάτας
922 1360 1101 1434 ποιεζν
1127 1362 1223 1411 καὶ
1243 1358 1404 1428 ἡμῶν
1430 1358 1789 1423 ἀξιώσαντες,
1808 1360 1892 1426 ἐφ’

300 1449 491 1518 ἐτέρου
521 1448 831 1518 βαδίσωμεν
859 1448 1115 1519 διήγησιν
1141 1448 1447 1519 θαύματος.

304 1540 430 1595 NB’.
463 1540 600 1608 Περὶ
639 1541 916 1609 Ζωσίμου
948 1541 1054 1594 τοῦ
1087 1540 1415 1608 άρχιήτρου
1461 1540 1716 1610 ἔχοντος
1740 1539 1894 1608 πάρ-

1024 1627 1179 1664 εσιν.

378 1696 547 1753 Ἦλθε
583 1717 713 1753 ποτε
740 1701 833 1753 καὶ
859 1702 1158 1766 Βυζάντιος
1210 1701 1460 1770 Ζώσιμος
1491 1701 1755 1768 τοῦνομα,
1794 1703 1896 1771 ἁρ-

1988 536 2308 592 pra-scntein
2344 525 2653 588 deserebat,
2707 524 2929 593 angelos
2967 539 3026 577 se
3056 524 3314 578 tollentes
3341 533 3567 580 secutus

1988 614 2081 669 scd
2144 615 2338 668 iterum
2384 630 2681 669 occurrens
2739 613 3096 685 martyribus.
3158 613 3356 667 iterum
3421 614 3568 669 sicut

1989 706 2144 777 prius
2171 706 2582 769 absolvcbatttr,
2616 715 2830 774 tempus
2860 707 2980 757 vitae
3006 703 3281 759 inﬁnitum
3314 706 3565 776 adeptus.

1989 797 2092 863 Qui
2150 797 2395 849 secundo
2445 796 2758 854 defunctus,
2793 803 2847 848 et
2881 812 2907 846 a
2943 803 3120 848 morte
3161 796 3406 849 secundo
3452 797 3567 851 ela-

1994 903 2148 957 psus,
2202 896 2520 941 sanctorum
2563 889 2704 955 apud
2756 887 2922 939 Deum
2980 887 3177 941 habitae
3226 888 3572 943 conﬁdentiae.

1993 980 2245 1034 constitit
2274 980 2458 1035 index.
2499 991 2547 1032 et
2580 981 2759 1046 imago
2790 979 3014 1035 virtutis
3041 994 3231 1031 eorum
3267 988 3320 1031 et
3356 981 3568 1048 gratiae.

1998 1071 2106 1123 Nos
2144 1082 2324 1122 autem
2378 1071 2761 1140 presbyterum
2808 1069 2973 1121 istum
3028 1070 3307 1137 egregium
3344 1085 3442 1138 pro
3477 1086 3574 1123 no-

1996 1160 2079 1212 bis
2122 1160 2466 1214 interccdcre
2514 1161 2653 1227 apud
2706 1173 2924 1214 sanctos
2985 1168 3251 1228 petentes.
3289 1169 3342 1214 et
3382 1168 3571 1230 patro-

1995 1265 2096 1304 nos
2127 1252 2291 1306 etiam
2338 1265 2583 1307 uostrmn
2634 1252 2811 1306 facere
2841 1255 3204 1320 postulantes,
3250 1253 3316 1307 ad
3345 1255 3572 1309 alterius

1994 1341 2313 1411 gradiantur
2343 1357 2406 1394 na
2418 1344 2716 1396 rratinncm
2750 1343 3024 1395 miraculi.

2071 1525 2178 1581 ιιι.
2222 1525 2298 1581 De
2337 1524 2553 1581 Zosimo
2587 1528 2858 1581 orchiatro
2893 1529 3169 1598 paralysin
3194 1530 3503 1586 sustinente.

2073 1704 2230 1759 Venit
2282 1695 2578 1775 aliquando
2605 1714 2659 1760 et
2683 1705 3017 1777 Byzantinus
3044 1707 3301 1763 Zosimus
3331 1710 3573 1772 nomine,

302 1793 528 1863 χιητρὺς
551 1792 614 1845 τὸ
661 1793 1036 1862 ἐπιτήδευμα,
1076 1794 1169 1846 καὶ
1197 1793 1258 1847 τδ
1307 1793 1480 1855 πάθος
1535 1793 1849 1862 παράλυτος
1877 1809 1890 1824 ⁸

2001 1800 2180 1853 studio
2212 1816 2339 1853 vero
2390 1800 2638 1855 medicus
2688 1816 2958 1865 summus,
3006 1811 3060 1855 et
3091 1803 3422 1873 paralytirtls
3451 1818 3578 1872 pas-

302 1887 399 1937 καὶ
425 1885 591 1938 πόθεν
626 1886 725 1954 μὲν
760 1885 911 1953 αὐτῷ
945 1886 1005 1937 τὸ
1064 1885 1235 1949 πάθος
1261 1885 1544 1957 γεγένητο,
1580 1886 1762 1955 λέγειν
1788 1888 1889 1938 οὐκ

302 1978 524 2047 ἔχομεν,
559 1978 699 2048 πλὴν
735 1980 815 2031 ὅτι
843 1978 1082 2047 πάρετος
1118 1973 1209 2049 ἦν,
1261 1978 1355 2030 καὶ
1389 1978 1456 2031 τὰ
1482 1977 1580 2044 τῆς
1604 1977 1889 2047 παρέσεως

303 2069 467 2141 ἔφερε
491 2071 807 2140 σήμαντρα,
837 2069 898 2121 οὗ
920 2069 1074 2139 μέλει
1103 2071 1183 2123 ἐνὶ
1211 2069 1496 2139 βαστάζων
1509 2070 1886 2140 τὴνπάρεσιν,

301 2160 421 2214 ἀλλ’
472 2161 619 2223 ὅλοις
647 2162 741 2213 καὶ
792 2161 869 2231 τῷ
912 2161 1087 2215 ταῦτα
1126 2163 1407 2232 συνέχονιι
1444 2161 1680 2232 σώματι.
1715 2156 1884 2224 Οὗτος

306 2252 432 2305 οὔτε
487 2252 641 2306 δυσὶν
694 2254 919 2324 ἠρκεῖτο
981 2253 1372 2324 βαστάζεσθαι,
1429 2254 1568 2308 ἀλλὰ
1625 2254 1890 2308 πλειόνων

310 2343 490 2396 ἐδέετο
507 2360 519 2373 ·
543 2342 605 2397 οὖ
617 2361 673 2396 τε
724 2346 781 2397 ἐν
827 2344 984 2418 κλίνῃ
1011 2344 1319 2415 τιθέμενος,
1350 2345 1484 2407 ὅλως
1511 2345 1703 2399 ἐαυτὸν
1730 2363 1788 2398 στ
1800 2347 1889 2413 ρὲ-

307 2451 432 2502 φειν
459 2434 710 2504 ἠδύνατο,
755 2436 871 2489 ἀλλ’
902 2437 1092 2506 ἐτέρου
1137 2436 1232 2490 τοῦ
1269 2437 1593 2507 στρέφοντος
1636 2437 1886 2508 ἔχρῃζεν.
1923 2507 1926 2511 _

291 2502 428 2579 οὔτε
465 2502 774 2597 βρωμάτων
805 2502 1117 2598 ἁπτόμενος
1164 2502 1395 2592 οἰκείαις
1417 2502 1595 2600 Ὕχερσὶ

303 2619 494 2680 ϐανεν,
518 2618 635 2672 ἀλλ’
664 2618 824 2683 ἄλλος
845 2619 1010 2672 αὑτὸν
1053 2621 1465 2690 παριστάμενος
1509 2620 1760 2691 ἔτρεφεν,
1795 2622 1893 2675 καὶ⁸

302 2712 381 2773 ὡς
406 2712 510 2765 οὐκ
533 2707 605 2781 ἦν
629 2710 814 2781 ἰατρὸς
847 2711 1215 2782 ἀπηλέγχετο,
1257 2712 1353 2764 καὶ
1377 2713 1474 2783 τὴν
1502 2712 1699 2783 τέχνην
1732 2713 1894 2766 ἀσθε-

303 2801 505 2856 νοῦσαν
554 2802 816 2864 ἐδείκνυε,
848 2803 942 2856 καὶ
986 2802 1165 2865 ἄλλοις
1195 2802 1669 2874 ἐπαγγελλόμενος
1725 2804 1888 2864 ῐασιν,

304 2891 490 2963 ἐαυτῷ
544 2891 762 2963 βοηθεῖν
802 2891 903 2945 οὐκ
940 2890 1341 2962 ἡδύνατο,’άλλ’
1376 2892 1456 2956 είς
1476 2894 1690 2964 ἄμυναν
1707 2891 1892 2946 ἐκάλει

301 2988 434 3048 τοὺς
467 2982 774 3056 μάρτυρας.
1860 2986 1865 2993 ’

390 3075 596 3131 Ἐλθὼν
628 3071 722 3129 οὖν
748 3074 887 3146 πρὸς
909 3076 1037 3138 τοὺς
1080 3073 1252 3138 ὅντως
1288 3075 1509 3146 ἰατροὺς
1535 3075 1631 3128 καὶ
1659 3076 1688 3128 ὀ
1717 3072 1892 3128 Ζώσι-

309 3184 434 3238 μσς,
465 3169 562 3221 καὶ
589 3167 951 3239 μαρτυρήσας
999 3166 1188 3230 αὐτοῖς
1215 3165 1277 3219 τὸ
1309 3166 1516 3232 προσὸν
1542 3167 1889 3232 ἀλεξίκακον,

305 3260 500 3313 τούτου
533 3262 712 3330 τυχεῖν
735 3259 1033 3322 ἐλιτάνευε,
1052 3259 1147 3312 καὶ
1174 3258 1472 3313 λιτανεύων
1503 3260 1733 3331 ἐπέτυχε
1753 3299 1768 3322 ,
1802 3259 1896 3325 καὶ

305 3347 488 3421 τυχὼν
507 3351 755 3421 ἄπήλαυε
789 3347 1030 3419 ῥώσεως.
1047 3348 1211 3419 Τρεῖς
1231 3349 1343 3419 γὰρ
1370 3350 1536 3419 μόνας
1553 3350 1769 3420 ἡμέρας
1782 3352 1895 3414 τοῖς

309 3442 491 3509 ἁγίοις
522 3441 840 3511 εὐξάμενος,
872 3442 951 3504 εἰς
982 3439 1211 3512 λουτρὸν
1263 3440 1441 3494 ἐλθεῖν
1471 3443 1893 3511 προσετάττετο,

309 3535 407 3588 καὶ
437 3533 663 3603 θερμοῖς
711 3532 772 3585 τὸ
814 3516 1323 3602 σῶμαλούσασθαι
1369 3532 1643 3602 νάμασιν·
1688 3534 1778 3587 καὶ
1829 3534 1896 3603 δὴ

316 3621 562 3685 πεισθεὶς
576 3624 692 3685 τοῖς
713 3620 1059 3682 κελεύσασιν,
1087 3621 1137 3674 οἱ
1165 3621 1432 3674 θειότατοι
1464 3622 1574 3692 γὰρ
1601 3622 1919 3699 ἐτύγχανον

321 3714 619 3785 μάρτυρες,
652 3715 733 3776 εἰς
762 3714 825 3767 τὺ
857 3712 1084 3783 λουτρὸν
1113 3712 1502 3783 παραγίνεται,
1535 3714 1630 3766 καὶ
1656 3714 1765 3767 τῶν
1797 3717 1898 3785 ἐμ-

317 3805 508 3874 πύρων
539 3803 723 3875 ἀέρων
752 3803 900 3857 ἔνδον
934 3802 1235 3874 γενόμενος
1250 3801 1344 3857 ἐπὶ
1380 3803 1628 3864 στιϐάδος
1662 3806 1767 3859 ὑπὸ
1786 3808 1898 3859 τῶν

312 3896 581 3967 αίρὸντων
612 3897 840 3952 ἐτίθετο.
864 3895 1191 3960 Τεθεικότες
1238 3893 1295 3948 δὲ
1329 3895 1422 3949 τὸν
1459 3895 1707 3968 Ζώσιμον
1735 3899 1782 3952 oi
1808 3897 1901 3968 βα-

314 3988 629 4053 στάζοντες,
689 3989 980 4059 οἰκονομίᾳ
1032 3987 1171 4041 Θεοῦ
1204 3988 1315 4042 τῶν
1361 3988 1626 4058 ἐμπύρων
1659 3988 1896 4056 ἐξίεσαν,

311 4083 414 4150 τῆς
448 4080 628 4145 ἐξόδου
662 4080 763 4153 τὴν
790 4080 1046 4152 ἀφορμὴν
1068 4078 1179 4135 τῶν
1208 4079 1487 4151 χρειωδῶν
1513 4081 1613 4151 τὴν
1641 4084 1900 4155 εἰσφορὰν

314 4173 691 4246 ποιησόμενοι.

388 4356 612 4410 Τούτων
638 4358 694 4411 δὲ
724 4356 1112 4429 ποιησαμένων
1144 4356 1240 4427 τὴν
1275 4354 1476 4421 ἔξοδον,
1502 4355 1685 4427 Κῦρος
1712 4357 1740 4409 ὁ
1766 4355 1903 4427 μάρ-

1993 1890 2169 1944 sione.
2206 1889 2264 1942 Et
2301 1891 2444 1945 unde
2472 1891 2548 1945 illi
2579 1893 2764 1960 passio
2797 1892 2938 1946 facta
2980 1905 3084 1953 est.
3118 1894 3303 1963 dipere
3336 1910 3445 1949 non
3474 1896 3575 1949 lia-

1994 1979 2207 2042 bemus,
2278 1989 2479 2048 pneter
2526 1980 2671 2051 quod
2722 1980 3031 2037 dissolutus
3076 1993 3214 2047 erat,
3256 1993 3311 2037 et
3361 1987 3575 2058 paraly-

1993 2085 2118 2125 seos
2182 2071 2390 2126 ferebat
2433 2073 2675 2144 insignia
2727 2090 2835 2130 non
2897 2092 3006 2129 uno
3046 2078 3291 2130 membro
3347 2086 3573 2146 portans

1994 2160 2165 2228 ipsam
2197 2162 2623 2234 dissolutionem
2657 2165 2751 2219 sed
2803 2167 3086 2231 omnibus,
3119 2175 3173 2218 et
3203 2169 3322 2235 ipso
3352 2184 3573 2241 quoque

1939 2302 1952 2313 ,
1992 2265 2224 2320 corpore
2255 2255 2399 2321 quod
2452 2256 2693 2308 membra
2739 2259 2987 2310 continet
3015 2259 3218 2312 omnia.
3251 2259 3349 2313 llic
3391 2276 3571 2330 neque

1991 2341 2211 2399 duobus
2243 2354 2542 2401 contentus
2589 2356 2707 2400 erat
2738 2348 2804 2400 ad
2837 2348 3257 2417 deportandum,
3287 2350 3381 2404 sed
3410 2351 3574 2421 pluri-

1995 2435 2098 2490 mis
2123 2432 2261 2504 opus
2287 2437 2552 2504 habebat;
2588 2455 2764 2509 neque
2790 2440 2842 2494 in
2876 2440 3227 2509 lrctojacens
3264 2447 3491 2499 omnino
3513 2460 3573 2501 se

1994 2525 2171 2596 ipsum
2212 2538 2427 2584 vertere
2474 2540 2706 2600 poterat,
2746 2533 2841 2586 sed
2890 2532 3139 2595 alterius,
3172 2536 3263 2603 qui
3305 2551 3365 2591 se
3395 2544 3573 2592 verte-

1993 2629 2097 2687 ret,
2128 2621 2443 2692 indigebat;
2481 2640 2659 2690 neque
2691 2625 2859 2705 cibos
2905 2626 3145 2695 prepriis
3186 2636 3363 2682 tactos
3392 2630 3572 2683 mani-

2000 2712 2103 2769 bus
2161 2714 2523 2785 percipiebat,
2559 2716 2654 2771 sed
2695 2716 2839 2770 alius
2871 2725 3060 2772 astans
3097 2734 3224 2773 eum
3269 2719 3488 2785 alebat,
3519 2730 3576 2773 et

1993 2807 2148 2873 quasi
2176 2808 2421 2864 medicus
2444 2824 2553 2862 non
2577 2817 2745 2881 esset,
2768 2810 3242 2877 convincebatur;
3267 2819 3320 2866 et
3337 2812 3429 2883 qui
3450 2813 3575 2868 aliis
3654 2834 3660 2841 ·

1993 2898 2415 2967 repromittebat
2438 2900 2756 2966 sanitatem,
2784 2901 2888 2956 sibi
2914 2903 3170 2956 auxiliari
3196 2917 3305 2958 nou
3335 2912 3573 2973 poterat,

1995 2988 2089 3043 sed
2121 2987 2190 3044 ad
2213 2989 2532 3060 prmsidium
2566 2999 2837 3062 martyres
2871 2992 3182 3047 invocabat.

2067 3079 2202 3135 Cum
2246 3095 2379 3152 ergo
2408 3091 2464 3135 et
2487 3078 2744 3136 Zosimus
2777 3081 2843 3135 ad
2884 3097 2981 3138 eos
3013 3083 3106 3153 qui
3149 3083 3574 3148 rerera_medici

1996 3177 2126 3225 sunt
2164 3171 2429 3237 venisset,
2469 3178 2524 3227 et
2573 3172 2951 3228 testimonium
2991 3174 3105 3228 illis
3154 3173 3380 3228 remedii
3428 3175 3576 3243 quod

1994 3258 2064 3313 ab
2096 3260 2231 3329 ipsis
2271 3260 2509 3315 dabatur
2547 3260 2941 3331 perbibuisset,
2971 3263 3074 3317 hoc
3121 3263 3352 3332 adipisci
3384 3264 3580 3333 depre-

1995 3352 2261 3417 cabatur;
2319 3360 2374 3407 et
2426 3354 2780 3422 deprecatus,
2827 3361 3163 3410 consecutus
3194 3364 3311 3413 est:
3360 3365 3411 3409 et
3446 3371 3578 3411 con-

1995 3448 2244 3504 secutus,
2291 3446 2530 3497 sanitate
2571 3443 2779 3512 potitus
2809 3452 2915 3498 est.
2958 3443 3092 3497 Cum
3134 3445 3281 3498 enim
3318 3446 3452 3501 solis
3479 3447 3578 3500 tri-

1995 3530 2099 3585 lms
2144 3531 2339 3586 diebus
2393 3543 2617 3586 sanctos
2676 3542 2915 3593 orasset,
2964 3532 3031 3585 ad
3081 3532 3337 3588 balneum
3390 3536 3578 3591 venire

1997 3621 2336 3692 praecipitur,
2377 3631 2432 3674 et
2462 3619 2662 3677 calidis
2710 3636 2914 3692 corpus
2962 3622 3147 3677 lavare
3181 3621 3435 3689 ﬂuentis;
3481 3626 3574 3693 qui

1991 3711 2314 3780 jnbentibns
2366 3710 2654 3774 obediens,
2690 3710 2862 3765 divini
2900 3710 3048 3765 enim
3100 3721 3368 3783 martyres
3396 3726 3574 3778 erant,

1997 3801 2064 3857 ad
2099 3802 2351 3857 balneum
2394 3804 2565 3863 venit,
2605 3809 2659 3856 et
2714 3802 2857 3855 intra
2910 3799 3273 3857 ferventiorcs
3320 3803 3578 3860 inventus

1999 3880 2177 3956 acres,
2223 3907 2387 3963 supra
2438 3901 2800 3947 stramentum
2847 3891 2917 3945 ab
2963 3890 3050 3945 bis
3081 3890 3174 3961 qui
3221 3891 3367 3946 hunc
3396 3903 3578 3963 gesta-

1998 3991 2189 4038 verant
2219 3983 2459 4054 ponitur.
2493 3982 2741 4053 Cumque
2790 3982 3113 4053 posuissent
3143 3985 3292 4038 illum
3325 3986 3419 4055 qui
3452 3999 3580 4053 por-

2001 4076 2215 4140 tabant,
2250 4075 2659 4146 dispensatione
2708 4074 2802 4130 Dei
2851 4091 2880 4130 a
2914 4076 3052 4131 locis
3088 4076 3195 4132 illis
3226 4075 3576 4132 ferventiori-

2000 4168 2104 4223 bus
2158 4167 2433 4230 exierunt,
2485 4167 2671 4222 exitus
2719 4166 3072 4225 occasionem
3134 4167 3575 4223 necessariorum

2003 4258 2302 4313 illationem
2337 4257 2595 4313 ferentes.

2075 4350 2173 4405 His
2205 4358 2386 4404 autem
2421 4349 2779 4414 exeuntibus,
2805 4347 2985 4421 Cyrus
3027 4348 3119 4403 ille
3150 4360 3360 4420 martyr
3389 4348 3442 4402 iu
3471 4362 3581 4401 uto-

314 4465 415 4512 τυς
436 4451 495 4503 ἐν
523 4448 759 4519 μοναχοῦ
785 4448 1027 4520 σχήματι
1049 4444 1127 4517 τῷ
1154 4445 1402 4501 νοσοῦντι
1423 4447 1776 4519 παρίσταται.
1797 4447 1895 4501 οὐκ

2003 4443 2162 4498 naclii
2204 4443 2483 4497 schemate
2533 4448 2677 4496 astat
2721 4450 2949 4512 aegroto,
3005 4453 3114 4494 non
3145 4438 3201 4494 in
3231 4439 3466 4506 somnis,
3521 4450 3579 4493 ut

315 4541 455 4612 ϐναρ
484 4540 561 4602 ὡς
588 4543 703 4604 τοῖς
748 4538 961 4594 πλείοσι
992 4539 1265 4608 φαίνεται,
1299 4538 1415 4592 ἀλλ’
1443 4537 1593 4609 ῦπαρ
1619 4537 1694 4602 ὡς
1738 4533 1807 4608 ἦν
1839 4554 1899 4590 τε

317 4633 417 4687 καὶ
450 4632 724 4704 γράφεται
750 4648 766 4663 ο
820 4631 916 4684 καὶ
972 4636 1166 4699 φανεὶς
1198 4631 1497 4701 ἀναστῆναι
1538 4630 1617 4702 τῷ
1658 4629 1902 4684 νοσοῦντι

329 4726 720 4795 προσέταττεν,
760 4724 857 4778 καὶ
884 4725 1111 4795 θερμοῖς
1143 4722 1535 4793 ἐγκυϐιστῆσαι
1583 4724 1693 4784 τοῖς
1723 4723 1902 4791 νάμα-

325 4832 427 4871 σιν.
465 4816 529 4870 Ὀ
549 4815 607 4869 δὲ
642 4817 716 4887 μὴ
749 4813 1056 4886 θαμϐηθεὶς
1086 4812 1224 4885 πρὸς
1251 4814 1351 4885 τὴν
1369 4814 1582 4883 ὅρασιν,
1615 4811 1738 4881 μηδ’
1766 4811 1904 4874 ὅλως

320 4910 402 4971 εἰς
439 4905 567 4960 νοῦν
593 4904 918 4975 προσλαϐὼν
934 4904 994 4957 τὸ
1025 4898 1354 4973 παράδοξον,
1391 4901 1552 4954 τοῦτο
1580 4900 1902 4970 τετευχότας

321 4997 419 5052 τοῦ
454 4999 733 5069 μάρτυρος
755 4996 834 5060 ὡς
860 4995 928 5049 ἂν
955 4994 1029 5065 μὴ
1063 4994 1214 5064 φόϐῳ
1244 4992 1409 5046 πάθοι
1429 5010 1478 5046 τι
1498 4993 1596 5063 τὴν
1633 4988 1895 5057 διάνοιαν,

324 5090 401 5159 μὴ
427 5086 691 5141 δύνασθαι
745 5085 887 5156 πρὸς
936 5084 1098 5138 αὐτὸν
1150 5084 1504 5156 ἀπεκρίνατο.
1544 5082 1706 5137 Ἀλλὰ
1739 5083 1901 5137 πάλιν

317 5178 480 5232 τοῦτο
517 5181 691 5232 ποιεῖν
734 5176 832 5231 τοῦ
865 5176 1127 5246 φανέντος
1166 5176 1567 5247 προτρέποντος
1601 5176 1899 5246 μάρτυρος,

321 5269 419 5323 καὶ
446 5267 588 5323 κατὰ
627 5266 802 5340 βραχὺ
862 5268 1306 5335 καταλαμϐάνειν
1362 5268 1461 5338 τὴν
1513 5267 1767 5338 ἔμϐασιν,
1810 5270 1903 5323 καὶ

320 5362 574 5414 κατιέναι
630 5357 988 5430 λουσάμενον,
1036 5357 1174 5430 πρὸς
1226 5358 1287 5410 τὸ
1308 5357 1600 5412 κελευσθὲν
1630 5358 1902 5425 ἐϐιάζετο,

320 5450 557 5522 δύναμιν
611 5446 763 5522 αὖτῷ
812 5451 907 5504 τοῦ
967 5447 1255 5511 λαλοῦντος
1313 5447 1752 5518 ἐμπνεύσαντος·
1809 5451 1905 5505 καὶ

323 5545 485 5615 χερσὶ
511 5542 608 5598 καὶ
637 5543 767 5597 ποσὶ
808 5538 1245 5611 κυλινδούμενος,
1297 5538 1710 5610 καταλαμϐάνει
1748 5541 1904 5611 μόλις

322 5636 425 5706 τὴν
450 5632 707 5706 ῑμϐασιν,
741 5633 920 5703 ὄφεως
944 5631 1102 5703 δίκην
1124 5629 1446 5703 συρόμενος,
1484 5632 1579 5685 καὶ⁵
1605 5632 1680 5696 ὡς
1714 5634 1902 5702 ῐσχυσε

323 5726 605 5781 κατελθὼν
620 5728 702 5789 εἰς
715 5726 785 5780 τά
811 5725 1052 5796 νάματα,
1081 5723 1406 5796 ἀνελήλυθεν
1428 5722 1503 5786 ὡς
1526 5723 1623 5777 οὐκ
1651 5723 1901 5792 ἤλπισενο

2007 4535 2195 4590 multis
2238 4540 2487 4603 apparet,
2525 4532 2625 4587 sed
2656 4533 2709 4587 in
2755 4534 3008 4600 veritate,
3047 4534 3192 4588 sicut
3221 4541 3343 4590 erat
3370 4541 3426 4588 et
3461 4532 3582 4605 pin-

2005 4628 2188 4698 gitur;
2249 4638 2301 4681 et
2333 4630 2627 4696 apparens,
2680 4640 2909 4696 surgere
2957 4624 3240 4695 languenti
3293 4625 3585 4695 praecipie-

2004 4720 2119 4785 bat,
2144 4727 2199 4773 et
2230 4718 2286 4773 in
2321 4718 2501 4773 calida
2549 4719 2723 4788 mergi
2778 4718 3003 4772 ﬂuenta.
3051 4719 3121 4771 At
3163 4717 3255 4771 ille
3296 4717 3372 4771 nil
3403 4717 3470 4771 ad
3501 4716 3583 4770 vi-

2003 4811 2214 4867 sionem
2247 4813 2613 4882 stupetactns,
2658 4824 2758 4864 nec
2790 4808 3018 4862 omnino
3064 4809 3119 4862 in
3149 4815 3386 4863 mentem
3423 4822 3578 4863 assu-

2006 4915 2159 4957 mens
2202 4900 2619 4955 admirationem
2661 4900 2812 4953 illam
2864 4913 3029 4967 quam
3062 4905 3197 4952 tunc
3229 4903 3440 4969 martyr
3488 4912 3585 4969 pa-

2005 4997 2271 5056 traverat,
2296 5005 2365 5046 ne
2385 4989 2513 5060 quid
2558 4989 2757 5044 timore
2807 4995 3087 5058 pateretur
3116 4987 3170 5041 in
3199 4995 3422 5057 mente;
3470 5001 3583 5042 non

2006 5096 2169 5153 posse
2195 5096 2255 5136 se
2280 5080 2348 5135 ad
2379 5095 2504 5135 eum
2547 5078 2857 5152 respondit.
2894 5076 3002 5133 Sed
3036 5077 3239 5134 iterum
3276 5093 3403 5133 cum
3436 5092 3583 5131 mar-

2007 5185 2093 5246 tyr
2133 5174 2224 5244 qui
2275 5180 2626 5243 apparuerat,
2669 5173 2773 5239 hoc
2822 5170 3004 5228 facere
3048 5180 3102 5226 et
3132 5170 3198 5224 ad
3229 5169 3586 5238 solinmpau-

2006 5266 2160 5320 latim
2196 5264 2406 5329 venire,
2461 5278 2524 5318 ac
2557 5262 2895 5318 descendere
2941 5263 3249 5317 levaturum
3294 5261 3586 5333 praecpis-

2006 5365 2111 5419 set,
2149 5357 2215 5409 ad
2248 5354 2299 5410 id
2334 5354 2433 5409 niti
2460 5356 2605 5427 quod
2654 5355 2871 5425 iussum
2919 5353 3096 5410 fuerat
3141 5351 3437 5423 languidus
3490 5367 3584 5405 co-

2004 5448 2255 5519 gebatur,
2290 5446 2395 5503 sibi
2426 5462 2491 5502 eo
2537 5446 2630 5517 qui
2687 5447 3015 5514 loquebatur
3067 5444 3371 5515 inspirante
3415 5444 3587 5519 virtu:

2006 5548 2140 5601 tem,
2197 5538 2561 5609 manibusque
2604 5554 2669 5594 ac
2717 5537 2948 5609 pedibus
3007 5539 3331 5609 provolutus
3375 5537 3465 5591 vix
3518 5534 3587 5590 ad

2006 5632 2206 5689 solium
2251 5633 2522 5702 pervenit,
2578 5632 2754 5688 instar
2803 5631 3019 5723 coln'bri
3064 5640 3300 5697 tractus,
3346 5639 3399 5685 et
3439 5630 3587 5686 sicut

2007 5724 2179 5780 valuit
2220 5724 2275 5778 in
2321 5721 2525 5780 ﬂuenta
2574 5721 2937 5792 descendens,
2987 5725 3135 5782 sicut
3179 5740 3286 5780 non
3344 5723 3586 5796 speravit
