4020 6200
389 365 523 434 3621

1392 366 1497 430 ss.
1526 368 1696 428 cvm
1734 368 1829 428 ET
1869 326 2189 430 .iOANNIS
2217 370 2629 459 MIRACULA.
2728 322 2729 325 Ν

3505 376 3645 441 εδει

385 500 486 551 νην
513 484 569 536 ἐν
606 482 817 538 ὕδασιν.
855 483 1180 554 Ἐλκόμενος
1210 483 1307 554 μὲν
1330 484 1439 553 γάρ
1461 482 1738 554 Θεόδωρος
1768 485 1959 536 ὲπεκα-

2078 491 2188 548 tur,
2223 482 2366 555 Cyro
2400 484 2454 537 ln
2488 458 2667 553 aquis
2722 458 2974 552 adiutore
3029 481 3351 553 Joanneqne
3405 499 3647 555 reperio.

384 572 530 628 λείτο
560 573 650 628 τδν
693 575 949 646 μάρτυρα
973 594 985 606 ο
1007 575 1114 628 ὑπὸ
1139 574 1366 645 ψάμμον
1395 575 1452 627 δὲ
1479 574 1756 642 κείμενος,
1788 574 1969 643 Κῦρον

385 665 444 716 tv
475 663 550 734 νῷ
580 666 677 718 καὶ
719 665 975 736 Ἰωάννην
1029 664 1337 728 ἐλάμϐανε·
1394 664 1489 718 καὶ
1518 665 1593 728 ὡς
1629 664 1858 734 πλησίον
1901 660 1969 735 ἦν

383 752 534 824 αὐτῷ
560 740 994 826 ἐμνημόνευσεν,
1031 757 1123 809 καὶ
1145 758 1210 808 ὲκ
1243 754 1337 807 τοῦ
1361 754 1630 823 πελάγους
1655 753 1802 823 αύτῷ
1842 753 1968 826 βοη-

384 842 496 896 θεῖν
521 844 819 907 ἐλιτάνευε,
851 848 944 899 καὶ
968 845 1297 917 ρύεσθαιτοῦ
1332 845 1646 915 συνέχοντος
1678 844 1966 909 κλύδωνος,

383 934 637 1000 ὲκϐύθιος
668 935 742 990 ὥν
762 955 777 970 ο
804 939 899 991 καὶ
930 937 1059 991 ἐϐόα
1092 937 1389 1007 Θεόδωρος,
1434 937 1527 989 καὶ
1553 936 1613 1000 ἐξ
1645 936 1889 1007 οὐρανῶν
1916 938 1966 989 οἱ

386 1026 663 1100 μάρτυρες
687 1030 783 1100 τῆς
818 1030 1056 1100 δεήσεως
1091 1029 1315 1099 ἢκουον,
1361 1029 1457 1081 καὶ
1488 1028 1596 1080 τῶν
1646 1029 1849 1099 τριχῶν
1876 1029 1966 1081 τὸν

381 1117 728 1189 τεθαμμένον
788 1119 1168 1189 ἁρπάσαντες,
1235 1120 1311 1186 μὴ
1397 1117 1527 1188 βοᾷν
1602 1118 1736 1188 πρὸς
1805 1118 1964 1171 αὑτὸν

382 1210 817 1280 ἀπεφθέγγοντο,
845 1211 941 1262 καὶ
969 1209 1160 1263 τοῦτον
1205 1210 1304 1277 τῆς
1345 1210 1522 1281 ὑγρᾶς
1561 1207 1950 1276 ἐξενέγκαντες

382 1305 476 1358 ἐπὶ
525 1304 627 1372 γῆς
658 1302 920 1366 τιθέασιν,
954 1302 1054 1355 ούκ
1106 1303 1416 1371 ἐμπνέοντα
1455 1303 1573 1354 νέον
1633 1303 1817 1355 Ἰωνᾶν
1858 1302 1965 1354 δει-

384 1397 605 1458 κνύντες
661 1395 961 1464 Θεόδωρον,
993 1394 1086 1448 καὶ
1133 1394 1231 1464 τὴν
1286 1396 1454 1464 πνοὴν
1488 1395 1543 1447 δὲ
1583 1394 1701 1464 μετ’
1731 1396 1790 1447 ού
1823 1394 1959 1448 πολὺ

359 1484 764 1558 ’χαρισάμενοι,
818 1488 955 1556 πρὸς
1003 1485 1257 1555 αἴσθησιν
1311 1481 1446 1555 ἦγον
1493 1486 1589 1539 τοῦ
1619 1486 1961 1557 τραύματος,

382 1580 520 1647 ὅπερ
558 1581 584 1631 ὁ
612 1578 757 1630 κύων
787 1578 1139 1644 ἐνειργάσατο
1153 1577 1393 1645 δήγματι
1413 1592 1429 1609 ⁶
1454 1578 1555 1647 τῆς
1587 1580 1829 1648 πτέρνης
1854 1582 1963 1647 γὰρ

381 1674 492 1734 τοῖς
523 1669 702 1723 ὀδοῦσι
749 1668 1111 1739 δραξάμενος,
1158 1671 1251 1721 καὶ
1289 1671 1352 1722 ὲκ
1417 1670 1625 1741 ταύτης
1666 1670 1841 1723 ἕλκων
1871 1670 1965 1722 τὸν

381 1762 689 1831 ἄνθρωπον,
752 1760 900 1814 ἅπαν
951 1760 1116 1813 αὑτοῦ
1163 1760 1223 1813 τὸ
1266 1760 1448 1828 πέλμα
1493 1761 1654 1831 μέχρι
1684 1761 1962 1814 δακτύλων

2071 573 2348 642 Siquidem
2418 573 2545 626 dum
2600 574 2911 627 traheretur
2969 573 3329 642 Theodorus,
3378 586 3650 649 martyres

2074 664 2405 730 invocabat;
2437 663 2567 718 dum
2636 679 2766 718 vero
2811 664 2916 718 sub
2970 679 3134 719 arena
3182 665 3411 735 jaceret,
3447 666 3648 738 Cyrum

2068 754 2447 827 Joannemque
2485 759 2536 810 in
2568 766 2803 812 mentem
2838 757 3115 823 sumebat,
3170 767 3224 812 et
3277 759 3425 827 quod
3466 763 3650 830 proxi-

2072 861 2193 903 mas
2231 859 2377 902 esset
2410 863 2605 901 eorum
2666 848 3159 910 commemorabat,
3224 860 3279 902 et
3346 848 3412 904 de
3457 853 3649 922 pelago

2070 937 2321 990 auxiliari
2370 935 2474 990 sibi
2509 944 2561 988 et
2593 950 2787 989 eruere
2816 950 2844 985 a
2881 937 3144 990 continuo
3199 947 3337 992 aestu
3398 942 3645 1010 rogabat.

2069 1030 2134 1083 Et
2168 1045 2293 1083 cum
2331 1030 2384 1082 in
2420 1028 2707 1098 profundis
2740 1035 2907 1091 esset,
2965 1028 3238 1083 clamabat
3296 1027 3646 1096 Theodorus,

2067 1129 2123 1175 et
2179 1121 2247 1174 de
2301 1121 2457 1174 cwlis
2514 1119 2956 1187 deprecationem
3012 1128 3281 1189 martyres
3330 1120 3648 1186 audiebant,

2066 1219 2120 1264 et
2153 1211 2340 1265 audita
2391 1211 2659 1265 continuo
2704 1209 3012 1263 veniebant.
3048 1208 3192 1279 Ergo
3239 1220 3509 1282 martyres
3563 1230 3650 1268 te-

2069 1301 2261 1355 lociter
2294 1303 2642 1361 assistentes,
2692 1311 2746 1355 et
2804 1317 2899 1371 per
2941 1303 3170 1372 capillos
3230 1307 3504 1375 sepultum
3557 1322 3649 1358 ar-

2068 1391 2331 1458 ripientes
2365 1407 2378 1443 :
2414 1389 2535 1443 Noli
2590 1394 2853 1456 clamare,
2893 1394 2961 1445 ad
3018 1410 3144 1447 eum
3202 1395 3480 1449 dicebant.
3537 1394 3651 1450 Hoc

2066 1482 2135 1536 ab
2185 1482 2414 1537 humido
2448 1468 2646 1539 educto
2683 1501 2851 1555 super
2889 1487 3098 1540 aridam
3152 1497 3478 1561 posuerunt,
3537 1504 3646 1544 non

2066 1576 2371 1645 Spirantem
2400 1577 2684 1646 juvenem,
2720 1576 2914 1632 Jonatn
2967 1579 3325 1634 ostendentes
3384 1580 3644 1635 Theodo-

2066 1681 2225 1732 rum;
2263 1675 2316 1721 et
2344 1668 2604 1737 spiritum
2640 1684 2748 1721 non
2807 1679 2921 1736 post
2966 1670 3197 1722 tnultum
3243 1669 3533 1733 donantes,
3577 1671 3645 1724 ad

2068 1774 2293 1814 sensum
2334 1760 2615 1815 ducebant
2660 1762 2929 1825 vulneris,
2984 1763 3129 1829 quod
3175 1766 3330 1839 cauis
3380 1776 3644 1833 operatus

382 1854 639 1924 ἐμέρισεν
659 1870 672 1884 ·
705 1854 842 1923 ὅπερ
868 1853 943 1915 ὡς
993 1853 1101 1905 ἀπὸ
1141 1853 1358 1925 δένδρου
1384 1854 1583 1924 φύλλον
1616 1854 1959 1924 κρεμάμενον

2069 1859 2154 1904 est
2180 1866 2402 1919 morsu;
2436 1853 2696 1908 calcaneo
2724 1854 2926 1923 quippe
2976 1855 3232 1910 dentibus
3276 1855 3642 1925 apprehenso,

382 1944 479 1997 καὶ
502 1944 625 2015 τῇδε
657 1944 880 1997 κάκεῖσε
937 1944 1262 2014 φερόμενον,
1295 1944 1372 2015 τῷ
1398 1949 1497 2014 τῆς
1539 1947 1791 2016 κηρωτῆς
1820 1962 1960 2016 φαρ-

384 2034 548 2103 μάκῳ
577 2035 960 2104 προσήνωσαν,
996 2033 1314 2106 βραχυτάτῃ
1347 2037 1485 2106 ῥοπῇ
1505 2036 1642 2089 πόδα
1669 2037 1762 2089 καὶ
1784 2035 1959 2106 ψυχὴν

379 2126 757 2195 χαρισάμενοι,
814 2125 910 2179 καὶ
945 2127 1122 2196 φυγὴν
1167 2127 1261 2180 τοῦ
1313 2127 1479 2197 Θηρδς
1518 2127 1955 2198 ἀπροσδόκητον.

393 2217 582 2286 Ἥμεϊς
613 2217 667 2269 δὲ
698 2218 793 2270 σὺν
818 2216 989 2286 αὐτῷ,
1026 2218 1106 2270 ἔτι
1131 2220 1241 2288 γάρ
1260 2218 1393 2288 τῷδε
1419 2219 1495 2288 τῷ
1530 2220 1629 2288 βίῳ
1659 2217 1959 2288 περίεστιν,

385 2309 614 2372 καὶτοῖς
640 2308 761 2361 τότε
794 2308 1054 2381 παροῦσι,
1096 2313 1189 2363 καὶ
1240 2313 1355 2371 τοῖς
1402 2311 1605 2379 ἀρτίως
1641 2310 1954 2373 ἀκούουσιν,

314 2442 327 2451 .
381 2402 503 2463 τοὺς
527 2402 840 2463 σεσωκότας
872 2402 1233 2472 ὑμνήσαντες,
1285 2402 1380 2455 καὶ
1420 2402 1593 2465 οὕτως
1626 2402 1793 2466 ὀξέως
1835 2404 1956 2455 ἐπι-

379 2497 597 2564 κουρεῖν
641 2496 737 2548 καὶ
778 2496 910 2564 ήμίν
956 2496 1013 2547 ὲν
1068 2493 1336 2557 κινδύνοις
1409 2496 1771 2566 αἰτήσαντες,
1830 2493 1957 2546 ἄλλο

376 2585 663 2655 τεράστιον
682 2584 858 2638 ἄλλων
886 2584 1126 2637 ἐπαίνων
1154 2584 1512 2655 ποιησώμεθα
1538 2585 1833 2655 πρόφασιν.

2064 1950 2117 1994 et
2143 1942 2324 1995 taliter
2357 1942 2578 1997 homine
2608 1952 2808 2009 tracto,
2842 1951 3019 1998 totum
3052 1944 3200 1998 illius
3224 1945 3544 2000 calcaneutn
3575 1945 3643 2000 ad

2064 2031 2266 2102 digitos
2322 2048 2495 2101 usque
2551 2033 2786 2101 partitus
2844 2042 2963 2088 est.
3016 2032 3188 2099 Quem
3263 2036 3407 2089 sicut
3452 2033 3669 2089 folium-

2065 2123 2209 2192 quod
2266 2138 2331 2177 ex
2360 2125 2556 2178 arbore
2595 2124 2817 2193 pendet,
2872 2138 2926 2178 et
2962 2124 3064 2179 hac
3088 2125 3328 2194 illacque
3371 2124 3639 2190 defertur,

2065 2223 2252 2267 cerote
2310 2215 2671 2268 medicamine
2728 2213 3077 2277 adunarunt,
3135 2215 3466 2269 brevissimo
3520 2231 3642 2267 ino-

2068 2314 2253 2358 mento
2300 2306 2490 2375 pedem
2520 2307 2874 2375 animamque
2919 2307 3212 2373 donantes,
3265 2316 3319 2360 ct
3366 2308 3644 2376 insperate

2068 2415 2095 2450 a
2127 2399 2299 2452 bestia
2338 2398 2522 2467 fugere
2552 2399 2935 2454 concedentes.
2997 2396 3168 2451 Porro
3219 2413 3320 2452 nos
3372 2412 3496 2451 cum
3552 2412 3640 2459 eo,

2065 2491 2245 2544 adhuc
2277 2492 2420 2545 enim
2448 2490 2574 2543 huic
2602 2498 2854 2560 superest
2878 2491 3024 2554 vitai,
3047 2500 3099 2544 et
3128 2489 3215 2543 his
3240 2490 3332 2559 qui
3358 2498 3488 2543 tunc
3514 2487 3643 2543 ade-

2066 2592 2188 2636 rant
2220 2590 2274 2636 et
2305 2581 2396 2649 qui
2452 2581 2613 2635 modo
2662 2582 2917 2645 audiunt,
2953 2597 3047 2636 eos
3075 2581 3168 2651 qui
3223 2582 3437 2636 salvum
3496 2580 3639 2635 fece-

379 2687 512 2730 runt
547 2676 721 2745 illum,
775 2678 996 2749 hymnis
1043 2689 1463 2755 prosequentes,
1532 2691 1587 2734 et
1643 2681 1716 2732 ita
1755 2678 2018 2734 velociter
2071 2677 2233 2730 etiam
2290 2676 2449 2732 nobis
2513 2675 2801 2731 consulere
2856 2676 2911 2730 in
2980 2676 3239 2746 periculis
3305 2678 3643 2748 postulantes

378 2769 526 2823 aliud
558 2772 862 2840 prodigidm
897 2771 1128 2824 aliarum
1173 2771 1437 2826 faciamus
1460 2772 1807 2825 occasionem
1840 2768 2238 2823 laudationum.

580 2862 705 2915 ΝΜ.
745 2862 884 2929 Περὶ
930 2860 1235 2932 Ἰσιδώρου
1264 2862 1758 2931 ἐπιληπτιῶντος.

453 2951 807 3022 Σεμνυνέσθω
836 2952 931 3006 καὶ
955 2952 1247 3022 Δαμασκδς
1274 2954 1367 3006 ἐπὶ
1390 2955 1503 3016 τοῖς
1531 2953 1639 3006 τῶν
1663 2951 1959 3025 μαρτύρων

376 3046 719 3115 δωρήμασιν,
750 3046 783 3115 ἡ
816 3044 1031 3098 Παῦλον
1076 3044 1427 3097 ἀπολαϐοῦσα
1461 3044 1534 3114 μὴ
1563 3044 1847 3114 βλέποντα,
1879 3044 1960 3095 δι-

377 3136 565 3205 ώκτην
596 3136 900 3206 ξενήσασα,
934 3137 1027 3188 καὶ
1056 3138 1333 3206 ποιήσασα
1362 3139 1599 3208 κήρυκα,
1630 3139 1663 3207 ἡ
1693 3135 1962 3206 φονευοῆ-

2421 2859 2555 2913 μιν.
2588 2858 2662 2914 De
2694 2859 2905 2914 Isidoro
2935 2861 3285 2930 epilempliro.

2137 2951 2437 3006 Decoretur
2459 2953 2623 3006 etiam
2663 2953 2963 3017 Damascus
3006 2955 3058 3006 in
3093 2964 3391 3025 martyrum
3448 2956 3634 3022 donis,

2063 3059 2187 3113 qua:
2238 3044 2473 3098 Paulum
2520 3044 2745 3101 admisit
2804 3060 2912 3098 non
2962 3046 3259 3109 videntem,
3318 3056 3372 3102 et
3433 3049 3645 3104 dimisit

2066 3134 2362 3199 videntem,
2388 3144 2442 3189 et
2468 3135 2705 3205 hospitio
2749 3136 2954 3204 recepit
2977 3147 3407 3204 persecutorem,
3433 3147 3487 3193 et
3514 3138 3642 3193 fecit

376 3245 466 3282 ναι
497 3228 825 3303 ζητούμενον
849 3227 1122 3297 κρύψασα,
1145 3227 1238 3279 καὶ
1270 3227 1357 3279 διά
1387 3226 1599 3296 θυρίδος
1627 3230 1684 3281 ἐν
1715 3229 1959 3299 σαργάνῃ

2067 3226 2523 3293 praedicatorem;
2571 3242 2732 3296 quem
2783 3228 3072 3296 quaesitum
3137 3228 3205 3281 ad
3255 3229 3640 3294 occidendum,
3716 3286 3727 3298 ,

378 3317 574 3380 νυκτὸς
608 3315 1028 3384 φυγαδεύσασα·
1066 3316 1158 3368 καὶ
1206 3318 1305 3385 τῆς
1339 3316 1444 3387 πρὸ
1477 3317 1678 3383 ταύτης
1706 3316 1961 3386 εὐδαιμο-

380 3409 499 3471 νίας
539 3408 602 3460 τὸ
634 3410 926 3478 μετασχεῖν
959 3406 1069 3460 τῶν
1101 3406 1274 3474 ἁγίων
1302 3410 1399 3478 τῆς
1450 3409 1670 3477 χάριτος
1721 3408 1964 3475 ἡγείσθω

380 3500 780 3571 λαμπρότερον.
813 3498 963 3569 Αὕτη
1001 3499 1111 3569 γὰρ
1143 3500 1243 3569 τῆς
1290 3499 1476 3569 κοίλης
1525 3500 1721 3569 Συρίας
1759 3500 1963 3569 μητρό-

383 3595 557 3657 πολις,
571 3595 669 3663 τῆς
683 3594 809 3665 ὅλης
828 3594 1001 3664 Ἐᾠας
1026 3594 1267 3664 άρχηγδς
1289 3593 1594 3659 ἐϐασίλευε,
1614 3595 1772 3647 Νῖνον
1794 3597 1961 3667 ἑαυτῇ

389 3682 882 3753 βασιλεύονταίκαλ.
913 3686 1228 3756 Σεμίραμιν
1258 3685 1356 3757 τὴν
1388 3686 1593 3755 περίφη
1605 3704 1701 3754 μον
1741 3686 1958 3756 ἔχουσα.

388 3776 586 3848 Ἄμφω
613 3776 723 3848 γὰρ
748 3778 866 3830 ἐκεῖ
890 3776 1330 3847 βασιλεύσαντες,
1352 3778 1445 3830 καὶ
1461 3778 1665 3846 τείχεσι
1684 3779 1782 3847 τὴν
1807 3776 1963 3831 πόλιν

379 3869 783 3932 κυκλώσαντες,
821 3869 915 3922 ἀπ’
946 3868 1118 3938 αὐτῆς
1150 3868 1249 3931 τὰς
1277 3867 1534 3930 ἀποικίας
1566 3866 1857 3936 ἐξήγαγον,
1883 3871 1964 3932 εἴς

378 3976 436 4013 τε
471 3959 571 4030 τὴν
605 3957 788 4013 Ἀσίαν
818 3959 911 4012 καὶ
949 3957 1205 4029 Ἀραϐίαν
1234 3957 1330 4029 τὴν
1358 3958 1661 4028 λεγομένην
1691 3957 1959 4027 Εὐδαίμο-

378 4069 467 4106 να.
489 4050 713 4121 Ἔμεινε
740 4050 795 4103 δὲ
814 4051 1102 4120 Δαμασκὸς
1128 4050 1488 4119 βασιλεύουσα
1515 4050 1619 4111 ἕως
1646 4050 1673 4102 ὁ
1694 4048 1962 4104 Μακεδὼν

392 4139 739 4209 Ἀλέξανδρος
770 4141 993 4210 Δαρεῖον
1025 4138 1248 4201 ἀνελὼν,
1287 4139 1410 4201 τοὺς
1445 4136 1611 4190 αὐτοῦ
1652 4137 1962 4208 θησαυροὺς

381 4235 445 4285 ἐκ
472 4230 674 4298 ταύτης
699 4230 978 4299 ἁφείλατο,
1010 4228 1256 4283 καθελὼν
1288 4229 1382 4283 σὺν
1412 4229 1560 4299 αύτῷ
1585 4229 1653 4282 τά
1690 4229 1959 4299 βασίλεια·

380 4324 476 4376 καὶ
498 4324 672 4378 ταῦτα
704 4325 800 4390 μὲν
833 4321 1033 4386 ἔξωθεν
1057 4321 1185 4390 περὶ
1208 4319 1498 4389 Δαμασκοῦ
1530 4319 1957 4390 μεμαθήκαμεν’

380 4414 442 4491 ού
480 4415 586 4484 μὴν
617 4414 753 4467 ἀλλὰ
786 4415 877 4467 καὶ
908 4412 1118 4466 πολλῶν
1143 4412 1408 4483 βασιλέων
1439 4413 1496 4463 ὲν
1523 4413 1659 4482 αὐτῇ
1682 4411 1959 4482 θεασάμε-

380 4521 461 4559 νοι
494 4508 773 4575 μνήματα.
818 4505 952 4558 Ἀπὸ
969 4504 1024 4557 δὲ
1053 4505 1151 4574 τῆς
1175 4503 1534 4557 Θεοπνεύστου
1554 4504 1775 4573 Γραφῆς
1796 4504 1957 4557 πάλιν

2067 3320 2388 3384 occultavit,
2445 3328 2498 3374 et
2556 3328 2724 3372 noctu
2776 3335 2873 3388 per
2931 3319 3228 3373 fenestram
3285 3322 3640 3375 smnmissum

2068 3407 2121 3461 in
2157 3417 2338 3476 sporta
2375 3409 2603 3479 fugavit,
2635 3418 2692 3461 nt
2720 3424 2785 3463 ex
2835 3420 3151 3463 sanctorum
3189 3410 3378 3478 gratia.»
3419 3411 3643 3480 partici—

2068 3499 2288 3567 patione
2316 3498 2422 3551 dux
2475 3499 2687 3552 clarius‘
2720 3499 2833 3563 liat,
2865 3514 3030 3568 quam
3087 3515 3151 3553 ex
3205 3499 3463 3556 felicitate
3518 3518 3640 3572 qua:

2065 3590 2209 3643 hanc
2258 3592 2555 3658 praecessit.
2593 3590 2716 3644 llaec
2745 3592 2889 3644 enim
2926 3607 3048 3645 cum
3090 3590 3401 3661 Cwlesyriaa
3432 3602 3637 3645 metro-

2065 3678 2204 3747 polis
2237 3687 2401 3741 esset,
2438 3677 2489 3730 in
2526 3686 2641 3731 toto
2670 3694 2898 3747 prorsus
2947 3676 3168 3732 Oriente
3199 3680 3487 3748 principali
3518 3681 3642 3750 jure

2067 3768 2349 3838 regnabat,
2402 3766 2603 3821 Ninum
2638 3770 2691 3822 in
2725 3785 2785 3824 se
2836 3779 3173 3838 regnantem,
3205 3780 3258 3824 et
3316 3768 3641 3825 Semiramin

2068 3857 2279 3912 habens
2311 3858 2459 3912 illam
2511 3858 2798 3913 famosam.
2831 3858 3007 3912 Ambo
3036 3860 3237 3930 quippe
3263 3862 3372 3916 illic
3401 3875 3635 3930 regnan—

2065 3956 2169 4014 tes,
2200 3959 2252 4003 et
2285 3952 2455 4005 muris
2482 3950 2760 4004 civitatem
2791 3951 3217 4017 circumdantes,
3249 3954 3316 4007 ab
3367 3968 3430 4006 ea
3486 3954 3640 4007 habi-
3684 4022 3689 4027 Α

2066 4041 2240 4094 tacula
2272 4041 2577 4095 eduxerunt
2610 4050 2719 4095 tam
2766 4043 2818 4096 in
2849 4044 3028 4097 Asiam
3083 4059 3245 4112 quam
3284 4045 3338 4097 in
3386 4046 3637 4098 Arabiam

2064 4132 2266 4185 dictam
2295 4130 2644 4185 Eudannona.
2699 4131 2898 4187 Mansit
2955 4141 3134 4187 autem
3200 4134 3499 4188 Damascus
3556 4151 3639 4188 re-

2064 4236 2259 4290 gnans,
2291 4222 2466 4276 donec
2495 4220 2804 4276 Alexander
2830 4221 3053 4276 Macedo
3096 4221 3259 4277 Dario
3285 4224 3632 4295 interempto,

2062 4327 2129 4366 ex
2180 4312 2284 4366 hac
2315 4312 2600 4366 thesauros
2631 4311 2749 4381 ejus
2777 4312 2999 4375 ademit,
3045 4327 3167 4365 cum
3202 4313 3509 4382 ipsa.etiam
3552 4333 3637 4375 re-

2063 4402 2202 4471 galia
2239 4401 2547 4458 dcstrucns.
2603 4400 2675 4455 Et
2716 4404 2832 4457 haec
2887 4403 3104 4471 quidem
3160 4405 3504 4458 extrinsecus
3571 4406 3640 4459 de

2064 4493 2330 4549 Damasco
2366 4494 2701 4560 didicimus;
2731 4496 3025 4547 multorum
3066 4493 3418 4548 nihilominus
3448 4509 3635 4566 regum

379 4596 551 4667 αὐτὴν
609 4595 1001 4666 βασιλεύουσαν
1051 4597 1317 4664 ἔγνωμεν,
1346 4595 1438 4648 τὴν
1484 4596 1600 4649 υἱὸν
1635 4595 1810 4664 Ἄδερ,
1864 4595 1956 4647 τὸν

2066 4589 2119 4643 in
2152 4590 2267 4658 ipsa
2321 4596 2676 4642 monumenta
2716 4588 2986 4643 videntes.
3044 4588 3099 4639 ΑΔ
3145 4586 3410 4642 divinitus
3456 4593 3638 4641 autem

377 4689 575 4757 Φούλα,
606 4689 698 4742 τὸν
730 4687 1212 4758 Θεγλαφελλασὰρ,
1247 4688 1339 4740 τὸν
1372 4685 1592 4756 Ἀζαὴλ,
1625 4688 1716 4739 τὸν
1753 4688 1952 4739 Ῥαασ-

379 4781 489 4837 σὼν
524 4782 906 4851 βασιλεύοντας
933 4782 1132 4851 ἔχουσα
1153 4796 1166 4810 ο
1193 4774 1268 4832 ὧν
1297 4780 1462 4833 πλέον
1489 4779 1747 4832 ἁπάντων
1771 4778 1953 4848 Κύρου

378 4876 474 4929 καὶ
490 4876 736 4928 Ἰωάννου
757 4873 974 4943 δωρεῶν
997 4870 1377 4935 ἀπολαύσασα,
1396 4871 1492 4924 καὶ
1509 4872 1631 4933 ταῖς
1651 4870 1744 4920 ἐπὶ
1757 4868 1955 4938 Παύλῳ

381 4966 806 5037 μεγαλαυχείειις
839 4966 1041 5029 ταύτας
1085 4962 1371 5031 συνάψασα
1425 4964 1539 5023 τοῖς
1588 4960 1956 5030 σκιρτήμασιν

379 5059 762 5130 ἐναϐρύνεται.
796 5056 1157 5126 Δαμασκηνὸς
1189 5050 1257 5126 ἦν
1292 5057 1384 5108 καὶ
1413 5053 1523 5106 τῶν
1554 5053 1611 5107 ἐν
1638 5052 1782 5104 τέλει
1816 5050 1955 5119 λαμ-

379 5152 534 5220 πρῶν
558 5151 851 5213 Διονύσιος.
875 5151 937 5202 ἐκ
964 5150 1153 5216 γένους
1179 5146 1486 5217 βλαστήσας
1508 5144 1597 5200 ἀεὶ
1616 5142 1955 5212 διαλάμψαν-

375 5257 469 5303 τος
488 5256 501 5269 ³
537 5235 710 5309 οὗπερ
742 5239 884 5310 ἁρχὴ
913 5242 1003 5291 καὶ
1032 5238 1156 5308 ῥίζα
1187 5237 1453 5298 Νικόλαος
1485 5232 1567 5306 ἦν
1586 5237 1614 5288 ὁ
1643 5234 1953 5303 φιλόσοερος,

378 5333 408 5384 ὁ
442 5321 684 5399 Ἡρώδου
715 5329 1025 5398 παιδευτὴς,
1058 5327 1152 5380 καὶ
1180 5325 1386 5379 πάδων
1408 5324 1516 5379 τῶν
1545 5323 1834 5377 Ἀντωνίου
1862 5324 1955 5374 καὶ

384 5422 741 5491 Κλεοπάτρας
761 5420 1078 5481 διδάσκαλος
1100 5433 1112 5445 ·
1142 5410 1316 5487 ἀφόἶ)
1345 5418 1440 5470 καὶ
1468 5416 1728 5470 Νικόλαοι
1750 5412 1958 5467 δώδεκα

379 5496 524 5570 κατᾶ
544 5511 796 5580 διαδοχὴν
826 5508 1242 5580 ἐξανθήσλντες,
1266 5503 1954 5577 φιλοσοφίτιγαυρούμενοι,

380 5601 443 5657 τὸ
472 5604 628 5671 γένος
656 5603 1002 5671 ἐφαίδρυναν,
1036 5603 1127 5655 καὶ
1179 5603 1256 5663 εἰς
1308 5602 1447 5666 μέγα
1498 5599 1656 5669 δόξης
1700 5599 1790 5651 κοιλ⁸
1820 5596 1957 5665 λαμ-

389 5691 652 5763 πρότητο;
695 5693 924 5762 ἣξάγον.
1828 5744 1831 5747 .
1872 5740 1881 5749 .
1958 5680 1959 5685 η

2070 4678 2341 4746 inspirata
2371 4677 2623 4732 doctrina
2663 4677 2860 4732 iterum
2902 4685 3221 4747 regnantem
3256 4677 3309 4731 in
3339 4693 3401 4731 ea
3432 4692 3636 4747 cogno-

2065 4769 2239 4821 vimus
2263 4766 2434 4820 lilium
2468 4767 2632 4830 Ader,
2671 4765 2863 4831 Phula,
2914 4765 3381 4834 Teglaplicllasar,
3451 4767 3635 4829 Azael,

2063 4857 2321 4913 Rhaason
2367 4873 2521 4927 reges
2555 4856 2868 4911 habentem.
2938 4856 3069 4922 Quae
3120 4855 3244 4926 Cyri
3301 4855 3636 4923 Joannisque

2063 4955 2184 5023 plus
2211 4966 2374 5022 quam
2408 4954 2625 5006 illorum
2662 4950 2984 5003 muneribus
3016 4949 3175 5015 freta,
3207 4960 3256 5001 et
3308 4950 3411 5004 sub
3465 4947 3636 5004 Paulo

2067 5043 2454 5113 magniloquiis
2477 5056 2839 5111 congregans,
2868 5040 3326 5094 exsultationibus
3347 5041 3639 5111 gtoriatur.

2063 5136 2435 5189 Damascenus
2487 5142 2604 5187 erat
2658 5133 2973 5202 DiOnysins,
3023 5141 3078 5185 et
3116 5147 3181 5186 ex
3229 5133 3314 5186 his
3353 5133 3445 5202 qui
3489 5134 3643 5207 inter

2066 5239 2322 5295 proceres
2350 5233 2404 5278 et
2448 5224 2627 5278 claros
2667 5208 2989 5278 videbantur
3022 5224 3235 5287 haberi,
3270 5224 3358 5291 qui
3391 5240 3456 5277 ex
3511 5238 3637 5293 ger-

2066 5317 2210 5371 mine
2244 5327 2362 5370 erat
2395 5331 2659 5386 perpetuo
2710 5316 2956 5385 fulgido;
3012 5316 3181 5385 eujus‘
3204 5296 3368 5385 'origo
3394 5325 3449 5370 ct
3482 5316 3638 5371 radix

2062 5402 2249 5457 Nicola
2259 5419 2323 5456 us
2337 5412 2453 5457 erat
2470 5404 2561 5458 ille
2584 5402 2963 5473 philosophus,
2983 5403 3209 5458 llerodis
3224 5403 3487 5468 eruditor,
3507 5404 3637 5457 lilii.)-

2066 5508 2296 5563 rumque
2326 5487 2549 5548 Antonii
2572 5504 2627 5549 et
2652 5495 2955 5565 CleOpatra:
2983 5497 3263 5567 magister,
3297 5510 3325 5548 a
3347 5486 3638 5567 quoetiam

2070 5583 2275 5636 ἰνίουιοί
2302 5570 2590 5638 duodecim
2614 5599 2708 5655 per
2732 5588 3133 5641 successionem
3166 5583 3495 5650 elIlorentes.
3518 5586 3636 5660 phlo

2065 5673 2432 5745 losopltizeque
2470 5677 2667 5731 (lurore
2707 5679 2963 5765 nitentes,
2996 5694 3166 5746 genus
3202 5676 3637 5745 illustraverunt,

2064 5778 2116 5824 et
2145 5768 2210 5822 ad
2240 5783 2491 5841 magnam
2522 5774 2826 5831 claritatem
2856 5760 2908 5830 et
2938 5774 3164 5843 gloriam
3197 5771 3559 5832 deduxerunt.
3636 5760 3641 5765 ’
