3998 6200
435 308 575 376 3693

511 425 584 478 l-Zir.
621 423 704 478 bis
734 421 1053 493 splendidus
1112 421 1406 491 Dionysius
1441 431 1606 476 natus
1665 420 1836 475 lilium
1888 437 2012 490 pro-
2042 422 2094 480 Λ

434 512 710 580 Sapizeqtte
747 523 1121 564 successorem
1187 507 1420 562 habebat
1490 507 1783 562 lsidorum.
1856 507 2012 562 Hunc

437 617 558 654 rum
591 617 722 671 puer
751 611 915 660 esset,
949 599 1144 651 balneo
1205 599 1510 652 secundum
1552 599 2010 654 consuetudinem

436 705 616 749 IlSlltll,
659 689 1030 757 nequissimus
1067 689 1288 756 quidam
1340 689 1624 744 insecutus
1659 698 1742 744 est
1777 693 2013 753 dazmon,

434 791 488 832 et
534 781 587 831 in
646 776 850 832 terram
908 781 1195 832 cadentem
1236 788 1399 847 atque
1447 779 1744 848 iacentem.
1805 780 1860 834 lti
1920 781 2014 848 qui

434 877 692 937 tanquam
729 884 953 937 puerum
994 869 1143 922 illum
1177 869 1415 933 alebant,
1447 879 1600 922 extra
1633 869 1840 924 calidos
1861 885 2016 922 aeres

432 963 781 1028 eduxerunt;
825 962 976 1016 intus
1019 963 1163 1014 enim
1197 961 1429 1015 insidias
1465 977 1660 1030 passus
1689 972 1769 1015 est
1807 963 2014 1015 daemo-

434 1038 540 1114 nis,
577 1053 940 1106 defectionem
978 1053 1146 1105 animi
1202 1055 1510 1121 passionem
1564 1069 1685 1107 esse
1739 1061 2014 1121 putantes,

432 1161 555 1212 quae
585 1145 770 1198 multis
799 1159 940 1214 Step0
983 1144 1252 1210 contingit
1291 1143 1342 1196 in
1381 1145 1611 1208 balucis,
1645 1153 1692 1195 et
1733 1160 1842 1196 non
1902 1159 2015 1196 ma-

434 1240 704 1308 lignorum
763 1241 1052 1306 spirituuzu
1113 1240 1528 1307 operationem;
1589 1253 1714 1291 cum
1775 1247 1829 1292 et
1897 1239 2018 1293 sine

425 1325 628 1384 balneo
652 1331 974 1385 sustinuerit
1004 1332 1283 1383 Izcsionem
1313 1346 1327 1393 ;
1364 1339 1417 1382 et
1442 1331 1725 1383 excusatio
1759 1344 1866 1382 non
1898 1338 2017 1383 erat

434 1439 554 1488 qme
589 1423 903 1489 languorem
949 1429 1132 1488 posset
1175 1419 1405 1472 ulterius
1459 1421 1783 1485 occultare;
1841 1428 1895 1473 et
1937 1419 2019 1471 id-

433 1517 584 1567 circo
637 1524 690 1566 et
749 1512 900 1580 pueri
938 1513 1248 1580 passionem
1284 1517 1646 1578 agnoverunt,
1680 1516 1734 1563 et
1785 1516 2016 1564 eventus

349 1626 351 1628 ·
431 1606 744 1661 «Ιιεηιοιιῑοαι
775 1603 1028 1671 nequitiae
1061 1603 1449 1655 tmutiaverunt
1487 1610 1616 1654 tunc
1650 1588 1813 1656 talem
1871 1616 2012 1667 esse,

431 1709 484 1752 ct
543 1698 690 1748 illam
753 1696 1142 1747 intellexerunt
1222 1693 1734 1757 commutationem,
1803 1692 2015 1747 scilicet

431 1803 552 1858 qua:
603 1786 776 1856 prima
836 1785 889 1837 in
950 1783 1158 1838 balneis
1219 1782 1357 1835 facta
1415 1792 1519 1835 est.
1582 1780 1703 1846 Quo
1766 1790 2019 1850 parentes

431 1885 732 1948 comperto,
764 1893 870 1929 non
906 1873 1258 1928 mediocriter
1298 1872 1685 1934 tristabantur,
1736 1881 1789 1926 et
1823 1882 2020 1926 aestua-

434 1974 600 2032 bant;
657 1979 773 2022 erat
821 1965 966 2019 enim
1013 1966 1096 2018 eis
1156 1966 1299 2016 inter
1351 1964 1495 2016 lilios
1559 1963 1710 2018 solus
1774 1963 2018 2018 Isidorus

436 2060 737 2124 masculus,
805 2065 859 2111 et
914 2071 1130 2110 onmem
1187 2057 1239 2109 in
1277 2071 1335 2110 se
1411 2057 1750 2124 posteritatis
1809 2053 2018 2111 ferebat

437 2152 728 2216 iiduciam;
773 2148 917 2201 unde
940 2147 1036 2202 isti
1059 2162 1220 2201 omne
1249 2147 1492 2200 studium
1544 2161 1639 2216 pro
1669 2148 1825 2216 pueri
1856 2163 2018 2202 cura-

435 2246 579 2297 tione
605 2241 901 2311 ponebant,
931 2246 983 2293 et
1009 2240 1154 2292 hunc
1180 2239 1557 2308 probabilibus
1584 2239 1810 2294 medicis
1833 2250 2019 2296 osten-

433 2333 668 2394 debant,
733 2328 1083 2384 mnltitudine
1141 2330 1660 2383 melancltolicm'um
1727 2331 2016 2386 humorum

437 2425 750 2496 frequentes
788 2424 911 2478 illas
963 2423 1311 2492 epilompsias
1342 2431 1396 2476 et
1428 2423 1617 2493 longas
1646 2425 1842 2492 capitis
1888 2438 2016 2494 gra-

433 2518 659 2573 vedines
724 2514 975 2569 accidere
1021 2515 1356 2567 arbitrantes
1404 2531 1417 2567 :
1469 2530 1593 2568 nam
1642 2523 1904 2586 utrasque
1963 2524 2020 2570 ut

431 2607 800 2677 cognovimus
851 2605 1187 2675 patiebatur,
1222 2600 1426 2660 alteras
1478 2605 1699 2674 quidem
1760 2607 2019 2677 frequen-

435 2702 566 2762 tius,
601 2699 805 2752 alteras
858 2713 986 2750 vero
1032 2695 1440 2750 indcﬂcicntius
1471 2707 1522 2750 et
1565 2697 1855 2766 prolixius.
1912 2697 2018 2754 Sed

433 2793 590 2861 quasi
655 2805 820 2844 unam
879 2789 947 2840 ab
1005 2788 1261 2841 onnnbus
1317 2788 1646 2842 sententiam
1700 2789 2017 2854 audiebant,

435 2883 574 2935 idem
609 2879 928 2934 hominibus
957 2878 1219 2932 invictum
1251 2893 1373 2931 esse
1395 2879 1731 2947 languorem,
1760 2882 2017 2949 spiritum

431 2971 644 3024 scilicet
673 2983 928 3038 nequam,
961 2975 1015 3020 et
1039 2982 1144 3020 non
1185 2968 1645 3021 melancholicqu
1699 2969 2014 3036 humorem,

432 3076 653 3134 causam
690 3062 999 3114 habentem.

500 3141 1094 3224 CumqueDionysius
1164 3151 1317 3220 pueri
1394 3161 1546 3222 pater
1617 3155 2013 3224 discipulorum

347 3280 353 3288 -
433 3245 576 3316 lead.
604 3259 669 3297 ex
703 3244 860 3298 libris
884 3259 980 3311 pro
1007 3243 1430 3315 discipulorum]
1477 3243 1828 3314 Hippocratis
1863 3249 2015 3303 iniirs

434 3336 678 3389 unitatem
711 3333 1188 3403 deprehendisset,
1228 3336 1371 3388 hunc
1398 3350 1519 3388 cum
1559 3347 1730 3390 matre
1783 3338 1850 3392 ad
1911 3339 2017 3410 Cy-

433 3443 553 3481 rum
588 3435 642 3482 et
671 3426 936 3480 Joannem
992 3427 1160 3489 misit,
1207 3427 1366 3480 sicuti
1426 3427 1491 3480 ad
1531 3426 1781 3483 Elisaeum
1832 3445 2011 3500 quon-

433 3518 559 3571 dam
602 3515 861 3570 Neemam
897 3517 1094 3585 Syrum
1157 3532 1247 3570 rex
1288 3515 1536 3571 Damasci
1589 3519 1822 3584 direxit;
1876 3536 2017 3590 quos

435 3623 560 3661 cum
594 3607 895 3666 venissent,
928 3617 1196 3677 martyres
1221 3619 1565 3676 receperunt,
1597 3622 1649 3686 et
1681 3621 1801 3680 post
1841 3614 2016 3667 modi-

432 3714 556 3754 cum
584 3698 933 3760 dimiserunt,
959 3700 1241 3753 ciu-atione
1263 3699 1484 3754 donata.
1505 3703 1842 3771 Apparentes
1869 3707 2013 3759 enim

434 3793 594 3846 matri
630 3793 775 3861 pueri
805 3807 928 3846 cum
959 3793 1243 3859 dormiret,
1276 3794 1417 3847 hunc
1442 3797 1597 3850 linire
1629 3813 1724 3866 per
1746 3813 1806 3852 se
1859 3816 1888 3852 a
1923 3815 2015 3852 ca-

436 3887 584 3955 pillis
613 3901 785 3953 usque
812 3884 877 3937 ad
905 3886 1136 3956 ungulas
1178 3886 1407 3954 porcino
1459 3890 1783 3956 praicipiunt
1829 3890 2008 3960 adipe,

431 3975 614 4027 divina
645 3975 1057 4042 dispensatione
1090 3982 1324 4038 utentes,
1359 3987 1414 4030 et
1445 3979 1616 4045 ipsius
1656 3993 1854 4035 curare
1895 3982 2014 4034 ani-

433 4082 574 4120 mam
610 4065 1170 4131 festinantes;la‘sam
1215 4070 1416 4140 quippe
1471 4069 1673 4126 Juliam
1708 4087 1853 4136 esse.
1909 4077 2012 4128 boc

418 4158 575 4213 .enim
599 4169 715 4211 erat
757 4174 951 4211 nomen
982 4158 1124 4227 ejus,
1154 4160 1303 4214 circa
1331 4161 1487 4216 [idem
1519 4163 1894 4226 diﬂ'amabant.
1945 4166 2012 4221 ad

431 4250 690 4318 gentilem
721 4251 1037 4304 inclinatam
1065 4268 1332 4318 errorem,
1389 4271 1452 4309 ac
1500 4257 1731 4325 proinde
1784 4267 2013 4329 propter

431 4337 699 4391 Adonidis
732 4349 960 4392 mortem
993 4354 1190 4395 carnes
1223 4341 1465 4397 refutare
1511 4347 1724 4401 suillas.
1781 4347 1844 4402 Et
1894 4352 2012 4406 sive

1335 315 1394 371 S.
1434 307 1853 370 SOPIIRONII
1879 309 2384 379 PATRIAIltIH/E
2422 309 2825 370 HIEROSOL.

3563 312 3678 381 31334

2186 422 2284 474 Ἐκ
2317 421 2523 474 τούτων
2558 423 2586 474 ὁ
2628 419 2882 503 λαμπρὸς
2921 419 3202 490 γεννηθεὶς
3233 421 3515 485 Διονύσιος
3543 429 3676 483 παῖδά

2115 531 2174 566 τε
2206 514 2300 566 καὶ
2341 512 2437 566 τοῦ
2474 514 2671 582 γένους
2700 513 2944 583 διάδοχον
2976 513 3132 582 ἔσχεν
3170 513 3470 586 Ἰσίδωρον.
3509 516 3680 574 Τοῦτον

2118 606 2176 656 ἐν
2229 603 2539 674 μειρακίοις
2587 603 2932 672 τυγχάνοντα
2982 602 3192 673 λουτρῷ
3227 605 3373 656 κατά
3400 602 3460 656 τὸ
3489 608 3685 676 συνεχὲς

2117 695 2401 766 χρώμενον
2422 738 2436 760 ,
2473 696 2708 764 πονηρός
2740 712 2827 758 τις
2855 695 3066 764 δαίμων
3098 694 3380 765 εἰσήλατο,
3412 699 3505 750 καὶ
3534 703 3688 769 χαμαὶ

2120 790 2359 842 πεσόντα
2391 790 2486 842 καὶ
2528 787 2784 856 κείμενον
2817 790 2866 840 οί
2898 787 3391 858 παιδοτροφοῦντες
3429 782 3584 842 αὑτὸν
3609 795 3691 846 ἀν-

2119 881 2389 950 ελόμενοι,
2424 880 2528 946 ἔξω
2547 880 2652 931 τῶν
2683 879 2907 950 θερμῶν
2938 881 3118 950 ἀέρων
3153 881 3415 944 ἐξέὸαλον
3436 898 3449 911 ·
3477 883 3575 949 ἐξω
3596 887 3691 954 γάρ

2118 973 2186 1026 τά
2240 973 2339 1040 τῆς
2387 972 2654 1042 ἐπηρείας
2699 971 2792 1022 τοῦ
2843 971 3097 1041 δαίμονος
3127 971 3390 1035 πέπονθε,
3422 973 3692 1046 ὀλιγωρίαν

2119 1058 2261 1115 εἶναι
2283 1061 2343 1115 τὸ
2371 1063 2544 1124 πάθος
2575 1063 2969 1131 γνωρίσαντες,
3002 1062 3100 1132 τὴν
3129 1063 3351 1125 πολλοῖς
3381 1065 3438 1115 ἐν
3470 1065 3694 1137 λουτροῖς

2120 1154 2385 1217 πολλάκις
2420 1154 2842 1224 συμϐαίνουσαν,
2872 1155 2968 1207 καὶ
2997 1157 3058 1208 οὑ
3096 1157 3354 1227 πονηρῶν
3385 1159 3696 1227 πνευμάτων

2092 1247 2432 1316 ,ἐνέργειανο
2478 1245 2700 1309 ἀλλ’ὡς
2743 1246 2836 1298 καὶ
2867 1245 3096 1316 λουτροῦ
3143 1249 3317 1316 χωρὶς
3365 1249 3462 1318 τὴν
3509 1249 3696 1320 βλάῆην

2118 1337 2447 1406 ὑπέμεινεν,
2481 1339 2578 1391 καὶ
2623 1340 2899 1408 πρόφασις
2943 1340 3044 1390 οὑκ
3077 1334 3145 1409 ἦν
3177 1341 3210 1409 ή
3249 1341 3518 1408 κρύπτειν
3545 1343 3617 1394 ἔτι
3645 1344 3698 1394 τδ

2119 1430 2292 1493 πάθος
2328 1429 2587 1500 ἰσχύουσα
2609 1447 2621 1458 ·
2673 1431 2764 1482 καὶ
2809 1430 2904 1482 τοῦ
2940 1431 3155 1483 παιδίου
3183 1433 3246 1483 τὸ
3279 1433 3452 1497 πάθος
3484 1435 3695 1502 ἐγνώρι-

2121 1539 2242 1584 σαν,
2278 1524 2373 1575 καὶ
2419 1522 2691 1592 δαιμόνων
2719 1522 2934 1585 ἀδικίας
2963 1523 3063 1586 τάς
3097 1524 3410 1592 συμϐάσεις
3441 1526 3699 1596 ἀπήγγελ-

2117 1615 2209 1667 λον
2223 1603 2246 1646 Ῑ
2273 1614 2395 1667 τότε
2423 1617 2678 1685 τοιαύτην
2723 1615 2993 1686 ὑπάρχειν
3031 1617 3298 1686 κάκείνην
3329 1618 3578 1686 ἐνόησαν,
3608 1618 3696 1691 τὴν

2124 1705 2348 1777 πρώτην
2389 1708 2446 1758 ἐν
2479 1705 2693 1776 λουτρῷ
2731 1705 3032 1774 γενομένην
3063 1705 3378 1759 ἀλλοίωσιν.
3412 1707 3578 1762 Τοῦτο
3602 1728 3696 1778 μα-

2125 1796 2312 1858 θόντες
2359 1797 2406 1847 οἱ
2460 1794 2751 1862 φύσαντες,
2791 1796 2852 1847 ού
2904 1796 3143 1866 μετρίως
3186 1815 3306 1860 πως
3347 1799 3574 1867 ἠνιῶντο
3613 1801 3698 1855 καὶ

2121 1889 2390 1962 ἤσχαλλον
2410 1905 2424 1920 ’
2452 1885 2519 1960 ἦν
2551 1891 2659 1957 γάρ
2693 1884 2878 1952 αὐτοῖς
2914 1891 3007 1942 καὶ
3040 1891 3200 1960 μόνος
3231 1893 3411 1963 ἄρσην
3439 1895 3495 1944 ἐν
3525 1895 3698 1948 παισὶν

2120 1981 2148 2031 δ
2184 1980 2472 2049 Ἰσίδωρος,
2510 1979 2605 2032 καὶ
2640 1979 2822 2043 πάσας
2874 1981 2958 2045 ἐφ’
2984 1982 3176 2035 ἑαυτὸν
3225 1984 3328 2046 τὰς
3377 1985 3471 2037 τοῦ
3521 1986 3698 2050 γένους

2120 2067 2341 2131 ἐλπίδας
2375 2069 2697 2139 κατέφερεν.
2737 2069 2898 2122 Ὅθεν
2925 2063 3070 2122 οὗτοι
3102 2073 3345 2142 σπουδὴν
3366 2074 3575 2130 ἃπασαν
3607 2077 3697 2146 τῆς

2119 2157 2215 2210 τοῦ
2252 2159 2438 2221 παιδὸς
2471 2160 2772 2229 θεραπείας
2803 2161 3043 2214 ἐτίθεντο
3071 2204 3084 2227 ,
3117 2164 3214 2215 καὶ
3246 2163 3438 2217 τοῦτον
3470 2166 3698 2237 δοκίμοις

2125 2252 2330 2318 ἰατροῖς
2353 2251 2728 2316 ὑπεδείκνυον,
2768 2253 2876 2304 ἀπὸ
2908 2254 3145 2324 πλήθους
3182 2257 3594 2324 μελαγχολικῶν
3613 2279 3698 2328 χυ-
3775 2263 3781 2276 ’

2124 2340 2241 2410 μῶν
2289 2341 2386 2404 τάς
2443 2345 2690 2410 συνεχεῖς
2738 2342 3032 2412 ἐπιληψίας
3081 2345 3301 2408 ἐκείνας
3354 2347 3450 2400 καὶ
3495 2349 3697 2419 μακρὰς

2122 2431 2499 2502 καρηϐαρείας
2531 2432 2852 2502 συμϐαίνειν
2883 2435 3121 2504 οἰόμενοι
3145 2450 3159 2465 ⁶
3189 2437 3467 2508 ἑκατέρας
3497 2439 3601 2509 γάρ
3628 2440 3696 2503 ὡς

2121 2524 2372 2594 ἔγνωμεν
2403 2525 2664 2594 ἔπασχεν,
2692 2527 2788 2589 τὰς
2824 2528 2924 2596 μὲν
2969 2529 3388 2601 συνεχέστερον,
3419 2531 3512 2594 τάς
3540 2531 3592 2584 δέ
3621 2535 3696 2586 ἐν·

2057 2683 2062 2688 _
2119 2617 2418 2687 τονώτερον
2449 2618 2545 2670 καὶ
2577 2619 2920 2690 μακρότερον
2939 2637 2952 2650 ο
2987 2620 3102 2673 ἀλλ’
3134 2622 3210 2685 ὡς
3235 2624 3368 2692 μίαν
3399 2624 3534 2692 πρὸς
3567 2626 3695 2678 πάν-

2120 2726 2230 2762 των
2274 2710 2556 2778 ἀπόφασιν
2603 2711 2801 2780 ἤκουον
2837 2711 3148 2782 ἀνθρώποις
3186 2717 3451 2786 ἀνίκητον
3482 2707 3611 2770 εἶναι
3641 2715 3695 2769 τὺ

2120 2799 2354 2869 νόσημα,
2388 2799 2607 2870 πνεῦμα
2642 2803 2877 2873 πονηρδν
2908 2805 3000 2856 καὶ
3024 2803 3089 2888 οὑ
3119 2805 3515 2877 μελαγχολικὸν
3535 2806 3693 2879 χυμὸν

2122 2891 2260 2962 ἔχων
2297 2892 2360 2944 τὸ
2399 2892 2528 2962 νόση
2539 2888 2652 2961 μαλ’

2203 3166 2263 3221 ’0
2295 3166 2388 3222 τοῦ
2425 3169 2617 3234 παιδὸς
2657 3172 2840 3244 πατὴρ
2868 3173 3165 3241 Διονύσιος,
3196 3179 3309 3234 τῶν
3340 3179 3401 3247 ἐξ
3421 3180 3697 3252 Ἱπποκρά-

2120 3277 2246 3322 τους
2267 3261 2553 3331 θεωρήσας
2587 3263 2647 3315 τὸ
2676 3263 2931 3328 ἀναλκές,
2954 3266 3143 3321 τοῦτον
3165 3269 3265 3322 σὺν
3297 3275 3366 3342 τῇ
3391 3276 3554 3344 μητρὶ
3576 3274 3698 3344 πρὸς

2121 3351 2303 3420 Κῦρον
2338 3353 2432 3405 καὶ
2470 3354 2724 3424 Ἰωάννην
2758 3357 3104 3425 ἀπέστειλεν,
3137 3361 3215 3424 ὼς
3245 3365 3388 3434 πρὸς
3415 3365 3700 3418 Ἐλισσαῖὸν

2118 3461 2250 3496 ποτε
2296 3445 2526 3516 Ναεμάν
2567 3446 2659 3501 τὸν
2703 3449 2875 3520 Σύρον
2907 3453 2934 3504 ό
2965 3455 3256 3524 Δαμασκοῦ
3293 3457 3592 3527 βασιλεύων
3618 3457 3699 3521 ἐξ·

2119 3536 2368 3606 ἐπεμψεν
2393 3553 2403 3564 ·
2443 3539 2536 3591 καὶ
2560 3542 2786 3605 τούτους
2809 3542 3064 3608 ἐλθόντας
3092 3545 3474 3614 ἀπολαϐόντες
3497 3549 3544 3603 οί
3569 3552 3696 3620 μάρ-

2125 3643 2312 3696 τυρες,
2346 3631 2464 3696 μετ’
2502 3631 2681 3698 ὀλίγον
2707 3633 2990 3687 ἀπέλυσαν
3016 3636 3478 3707 θεραπεύσαντες.
3515 3643 3700 3694 Φανέν-

2116 3736 2208 3782 τες
2239 3719 2348 3791 γὰρ
2378 3724 2444 3791 τῇ
2483 3713 2652 3795 μητρὶ
2682 3725 2775 3778 τοῦ
2808 3728 3001 3792 παιδὸς
3041 3730 3116 3793 ὡς
3161 3731 3479 3800 ἐκάθευδεν,
3522 3733 3695 3787 τοῦτον

2116 3812 2292 3882 χρίειν
2337 3812 2404 3866 δι’
2445 3816 2646 3884 ἑαυτῆς
2688 3817 2796 3870 ἀπὸ
2823 3819 3028 3890 τριχῶν
3082 3821 3280 3892 μέχρις
3319 3825 3526 3896 ὀνύχων
3573 3826 3691 3895 ὑείῳ

2119 3904 2499 3972 προσέταττον
2531 3907 2735 3972 στέατι,
2769 3911 3051 3982 οἰκονομίᾳ
3080 3916 3425 3984 χρησάμενοι
3471 3917 3567 3987 τὴν
3606 3917 3692 3969 ati-

2114 3997 2216 4065 τῆς
2235 3994 2413 4065 ψυχὴν
2439 3995 2776 4066 θεραπεῦσαι
2807 4002 3244 4068 σπουδάσαντεςο
3270 4008 3570 4077 βεϐλάφθαι
3595 4011 3689 4078 γὰρ

2113 4087 2650 4156 τὴν⁹Ιουλίαν,τοῦτο
2677 4091 2788 4164 γάρ
2818 4095 2991 4163 αὑτῆς
3026 4097 3236 4170 ὑπῆρχε
3267 4100 3330 4154 τὸ
3363 4103 3551 4170 ὄνομα,
3576 4099 3691 4170 περὶ

2112 4177 2213 4247 τὴν
2239 4177 2423 4231 πίστιν
2453 4182 2751 4251 ἐφήμιζον,
2791 4185 2928 4255 πρὸς
2965 4187 3177 4259 πλάνην
3219 4190 3540 4263 Ἑλληνικὴν
3568 4193 3690 4246 ἁπο-

2113 4271 2424 4336 κλίνουσαν,
2452 4273 2546 4326 καὶ
2590 4274 2762 4347 ταύτῃ
2808 4277 2897 4330 διὰ
2943 4280 3034 4332 τὸν
3067 4281 3351 4349 ’Λδώνιδος
3383 4287 3606 4341 θάνατον
3629 4285 3688 4338 τὰ

2113 4361 2252 4428 κρέα
2280 4363 2665 4431 παραιτεῖσθαι
2685 4365 2752 4417 τά
2781 4364 2926 4424 ὕεια.
2952 4369 3062 4422 Kal.
3089 4373 3188 4424 εἴτ’
3219 4373 3395 4444 ἀληθῆ
3423 4372 3490 4445 ἦν
3516 4376 3582 4428 τά
3611 4374 3688 4425 λε-

431 4445 557 4483 vcra
585 4446 705 4499 qua:
732 4431 1057 4486 dicebantur
1083 4445 1289 4494 essent.
1324 4438 1438 4491 sive
1475 4439 1631 4504 l'alsa,
1659 4457 1779 4511 quae
1817 4445 2006 4513 opinio

2114 4447 2340 4518 γόμενα,
2373 4450 2484 4503 εἴτε
2513 4450 2688 4523 ψευδῆ
2734 4455 2802 4508 τὰ
2852 4456 2951 4525 τῆς
3001 4459 3190 4529 φήμης
3220 4431 3536 4532 ἐτύγχανεν,
3568 4462 3685 4514 Θεὸν

430 4520 771 4589 divulgabat,
810 4521 976 4577 Deum
1018 4541 1202 4588 nosse,
1259 4537 1312 4582 et
1353 4530 1444 4599 qui
1508 4534 1610 4586 hoc
1642 4547 2012 4606 prreceperant

433 4621 704 4682 martyres
729 4629 742 4664 :
771 4614 898 4682 quia
929 4616 1072 4668 enim
1099 4632 1293 4673 carnes
1317 4624 1703 4676 exsecrabatur
1733 4627 2008 4694 porcinas,

438 4702 790 4775 manifestum
837 4712 957 4757 erat
1004 4716 1057 4758 et
1099 4705 1499 4778 inantbiguum.
1554 4711 1623 4764 At
1681 4728 1808 4767 vero
1852 4714 2010 4783 cujus

432 4797 510 4850 rei
538 4797 711 4867 gratia
740 4798 840 4854 bas
881 4817 988 4854 non
1019 4804 1406 4868 manducabat,
1442 4807 1626 4862 nullus
1655 4825 1721 4862 ex
1782 4809 1867 4863 bis
1916 4811 2010 4879 qui

431 4905 622 4942 uertex
650 4892 972 4962 propinquis
1004 4903 1123 4948 erat
1181 4897 1409 4952 sciebat.
1469 4897 1860 4956 Verumtamen
1930 4902 2012 4957 in-

431 4981 663 5034 tirmitas
697 4980 1180 5053 puerijussionem
1218 4988 1396 5044 facere
1455 4993 1710 5060 cogebat,
1756 5001 1811 5046 et
1867 4996 2012 5048 bunc

428 5072 712 5127 insinuata
735 5075 934 5131 liniens
961 5075 1138 5148 adipe,
1172 5060 1456 5134 inﬁrmum
1493 5083 1780 5140 manifeste
1813 5086 2009 5152 linitit,

424 5171 484 5215 et
516 5161 804 5218 manifesta
846 5166 1186 5221 inﬁrmitatis
1209 5167 1472 5223 ferentem
1510 5171 1766 5242 insignia.

501 5251 767 5310 Praeterea
845 5257 1221 5324 daemonium,
1311 5264 1456 5332 quod
1512 5264 1638 5319 ltuic
1716 5268 2006 5323 molesrum

425 5354 546 5409 erat
575 5355 629 5400 et
658 5350 1076 5419 comprimebat,
1114 5355 1415 5423 perfectam
1473 5359 1754 5414 unctionis
1811 5372 2011 5417 attrec-

429 5437 691 5492 tationcm
737 5456 842 5493 non
872 5444 1218 5510 prmstolans,
1251 5455 1512 5517 tanquam
1552 5465 1579 5502 a
1622 5451 1803 5506 divina
1837 5453 2007 5522 rugie-

430 5527 523 5581 bat
578 5530 778 5585 virtute
825 5531 1175 5604 ﬂagellatum.
1227 5538 1402 5609 Cyrus
1455 5542 1603 5594 enim
1655 5559 1717 5597 ac
1766 5543 2009 5600 Joannes

429 5617 781 5675 invisibiliter
813 5621 1181 5694 ﬂagellabant,
1206 5630 1297 5696 qui
1331 5629 1511 5684 divina
1536 5633 1738 5687 virtute
1766 5633 2008 5687 circnm-

434 5720 614 5762 ιιι-οτο
642 5715 888 5768 consueti
917 5725 1043 5772 sunt
1067 5717 1384 5790 diemonas;
1417 5722 1559 5777 unde
1599 5723 1669 5776 ab
1724 5723 1814 5780 ilto
1872 5733 2009 5779 tem-

2113 4539 2336 4606 εἰδέναι,
2370 4544 2465 4596 καὶ
2499 4545 2659 4598 τοῦτο
2702 4547 3074 4615 κελεύσαντας
3111 4555 3427 4626 μάρτυρας·
3472 4556 3552 4610 ὃτι
3597 4554 3685 4624 μὲν

2065 4655 2080 4664 ·
2112 4631 2310 4702 γάρτά
2337 4634 2476 4704 κρέα
2507 4643 2807 4710 παρῃτεῖτο
2835 4643 2901 4695 τά
2929 4634 3077 4708 ὖεια,
3110 4649 3347 4719 φανερὸν
3365 4649 3573 4718 ὑπῆρχε
3600 4646 3686 4700 καὶ

2112 4726 2354 4798 ἄμαχον·
2387 4732 2510 4784 ὅτου
2539 4733 2596 4786 δὲ
2625 4735 2784 4806 χάριν
2813 4737 2985 4792 ταῦτα
3019 4741 3095 4812 μὴ
3123 4741 3332 4811 ἢσθιεν,
3385 4743 3556 4806 οἰδεὶς
3586 4740 3682 4794 τῶν

2113 4820 2432 4890 ἐγγυτάτων
2473 4825 2774 4892 ἐγίνωσκεν
2797 4845 2810 4858 ·
2841 4829 2983 4900 πλὴν
3016 4831 3111 4885 τοῦ
3156 4834 3348 4898 παιδὸς
3379 4836 3411 4906 ἡ
3443 4833 3682 4888 ἀσθένεια

2115 4912 2176 4964 τὸ
2204 4913 2495 4968 κελευσθὲν
2546 4920 2719 4970 ποιεῖν
2753 4920 3005 4997 ἐβιάζετο
3027 4940 3040 4954 ⁸
3072 4925 3165 4978 καὶ
3200 4925 3388 4979 τοῦτον
3418 4926 3494 4997 τῷ
3521 4942 3679 4996 μηνυ-

2116 5003 2262 5057 θέντι
2315 5009 2689 5092 καταχρίουσα
2738 4985 2945 5080 στέατι,
2985 5017 3376 5087 ἀρρωστοῦντα
3420 4985 3676 5090 προὲήέιως

2115 5095 2395 5165 κατέχριε,
2430 5097 2528 5150 καὶ
2579 5100 2791 5171 φανερά
2839 5104 2936 5173 τῆς
2976 5105 3289 5176 ἀρρωστίας
3315 5108 3384 5162 τὰ
3410 5111 3675 5178 σήμαντρα

2115 5183 2370 5254 φέροντα.

2185 5277 2258 5328 Τὸ
2281 5278 2338 5330 δέ
2370 5281 2544 5349 τούτῳ
2570 5286 2940 5355 παρενοχλοῠν
2970 5289 3064 5342 καὶ
3094 5291 3274 5346 θλίόον
3301 5292 3568 5361 δαιμόνιον
3584 5289 3672 5359 τὴν

2112 5365 2328 5420 τελείαν
2363 5368 2458 5420 τοῦ
2490 5371 2794 5440 χρίσματος
2851 5379 2925 5446 μὴ
2988 5385 3313 5452 περιμεῖναν
3358 5377 3668 5454 πῳσὲνεξινι

2113 5454 2188 5516 ὡς
2219 5456 2322 5508 ὑπὸ
2359 5455 2508 5522 θείας
2537 5459 2818 5531 δυνάμεως
2843 5469 3237 5538 μαστιζόμενον
3266 5471 3475 5539 ἔφευγε.
3506 5467 3668 5534 Κῦρος

2114 5547 2224 5615 γάρ
2250 5547 2414 5600 αὑτὸν
2445 5551 2540 5604 καὶ
2577 5552 2828 5624 Ἰωάννης
2863 5559 3113 5623 ἀοράτως
3143 5561 3450 5630 ἐμάστιζον,
3488 5560 3531 5612 oi
3561 5554 3666 5618 Osi?-

2111 5636 2340 5706 δυνάμει
2365 5643 2743 5716 περιστροϐεῐν
2789 5644 3071 5716 ἡθισμένοι
3109 5650 3234 5714 τοὺς
3262 5651 3536 5718 δαίμονας·
3556 5643 3662 5696 ὅθεν

2113 5724 2208 5779 ἀπ’
2239 5728 2450 5782 ἐκείνου
2474 5731 2564 5785 τοῦ
2587 5734 2780 5805 χρόνου
2804 5736 2998 5808 μέχρις
3023 5735 3085 5793 οὑ
3115 5742 3258 5796 κατά
3287 5740 3427 5796 τόνδε
3457 5737 3538 5791 τὸν
3561 5734 3662 5805 βίον
