3998 6200
414 372 551 436 3627

484 485 616 542 LVI.
663 485 737 540 De
766 483 987 556 Georgio
1027 482 1222 556 Cyprio
1258 486 1349 556 qui
1394 485 1615 555 pedibus
1638 500 1703 540 ex
1729 501 1917 556 opera-

750 556 887 608 tione
919 554 1176 609 daemonis
1204 554 1514 623 inﬁrmatus
1541 565 1620 610 es!

479 666 597 721 Non
636 674 818 719 autem
854 664 1224 734 deSpiciamus
1257 664 1557 738 Georgium
1580 667 1759 723 adhuc
1792 665 1847 720 in
1887 665 1987 738 Cy-

410 776 509 831 pro
537 761 848 830 degentem,
883 761 1145 831 quoniam
1194 777 1405 833 pauper
1460 771 1566 826 est,
1633 772 1687 818 et
1743 768 1986 833 egestate

408 851 774 922 deprimitur;
809 865 934 905 nam
974 867 1075 908 nec
1100 853 1279 924 Cyrus
1318 868 1441 908 eum
1480 864 1534 910 et
1559 853 1805 910 Joannes
1840 870 1985 909 mar-

407 952 555 1013 tyres
592 941 979 1011 despexerunt,
1012 943 1107 999 sed
1151 953 1210 998 ut
1240 953 1510 1001 amatores
1563 950 1863 1016 pauperum
1898 960 1987 1001 as-

407 1041 784 1103 sumpserunt,
857 1042 911 1089 et
969 1036 1256 1092 curatione
1310 1037 1537 1108 dignum
1590 1037 1984 1105 exhibuerunt,

404 1135 664 1196 tanquam
730 1126 846 1181 vcri
899 1143 1198 1200 pauperum
1252 1141 1545 1186 amatores.
1615 1128 1746 1201 Agri
1803 1129 1984 1184 cultor

404 1227 521 1273 erat
552 1217 847 1289 Georgius,
904 1228 958 1274 et
993 1221 1256 1292 praedium
1313 1220 1596 1276 habitabat
1650 1220 1795 1291 quod
1837 1221 1980 1290 apud

405 1310 693 1365 Nemesum
735 1310 1040 1382 adjaeebat.
1105 1311 1284 1367 Phava
1326 1314 1483 1368 idem
1508 1312 1772 1385 praedium
1818 1328 1980 1369 voca-

407 1403 583 1463 batur,
615 1401 760 1473 quod
787 1404 1186 1474 quinquaginta
1219 1403 1437 1475 quidem
1473 1420 1503 1459 a
1531 1403 1775 1469 civitate,
1802 1404 1982 1458 tribus

406 1503 590 1551 autent
620 1500 674 1548 et
695 1492 925 1548 dimidio
959 1495 1157 1550 stadiis
1179 1510 1210 1547 a
1240 1494 1374 1548 mari
1406 1494 1664 1554 distabat.
1711 1492 1981 1550 Prmtcrea
2014 1488 2017 1489 ⁷

405 1586 487 1640 sic
550 1583 784 1655 pedibus
842 1583 1112 1655 Georgius
1185 1584 1498 1640 inﬁrmatus
1536 1592 1643 1641 cst.
1699 1584 1831 1655 Quae
1886 1600 1983 1655 per

410 1692 575 1747 agros
605 1684 766 1733 erant
803 1676 1145 1746 inspiciebat,
1168 1685 1219 1731 et
1246 1676 1508 1748 leporem,
1533 1687 1591 1732 ut
1638 1675 1980 1739 autumabat,

405 1766 652 1833 videbat,
702 1774 757 1821 et
792 1765 1015 1820 intuens
1068 1765 1482 1837 insequebatur.
1519 1765 1706 1823 Dulcis
1744 1781 1979 1835 namque

1303 373 1365 430 s.
1406 366 1822 430 SOPHRONII
1862 360 2369 426 PATRIARCH/E
2407 328 2812 425 titERosoL.

2019 495 2062 552 Α
2092 482 2241 550 NQ".
2270 482 2423 552 ,Περὶ
2456 484 2754 552 Γεωργίου
2772 481 2880 535 τοῦ
2896 483 3161 549 Κυπρίου
3190 483 3293 537 τοῦ
3319 483 3453 551 τοὺς
3466 490 3618 551 πόδας

2319 180 2404 201 εκ-

3507 370 3619 434 3m

2255 551 2326 615 ἐξ
2364 553 2668 621 ἐνεργείας
2704 551 2991 621 δαίμονος
3028 554 3490 621 ἀσθενήσαντος.

2158 660 2249 734 Μὴ
2276 661 2591 732 παρίδωμεν
2623 661 2679 716 δὲ
2709 661 2801 715 τὸν
2824 662 3117 733 Γεὼργιον,
3151 661 3229 715 ἔτι
3264 663 3399 717 κατὰ
3422 664 3512 736 τὴν
3538 668 3610 720 liti.

2088 769 2226 820 προν
2254 752 2558 821 διάγοντες,
2585 752 2669 805 ὅτι
2695 751 2864 822 πένης
2885 753 3033 805 ἐστὶν
3059 753 3151 806 καὶ
3179 754 3416 825 πτωχείᾳ
3436 756 3614 826 συνέχεο

2086 861 2181 897 ται
2202 860 2215 876 ’
2252 843 2378 898 ἐπεὶ
2420 844 2559 916 μήτε
2588 844 2769 916 Κῦρος
2822 844 2984 898 αὐτὸν
3018 843 3114 898 καὶ
3145 844 3391 915 Ἰωάννης
3435 847 3622 917 παρίδον

2087 936 2135 990 οἱ
2166 936 2467 1008 μάρτυρες,
2498 933 2614 989 ἀλλ’
2641 936 2717 1000 ὡς
2749 935 3081 1006 τριλόπτωχοι
3112 936 3523 1007 προσελάϐοντο,
3550 939 3627 991 καὶ

2089 1012 2381 1099 θεραπείας
2408 1026 2774 1099 ἡξίωσαν,’ὡς
2806 1026 3030 1099 ἀληθεῖς
3059 1025 3426 1097 φιλοπένητες.
3476 1024 3628 1097 Γεωρ-

2087 1119 2183 1188 γδς
2212 1119 2320 1191 γὰρ
2349 1114 2418 1193 ἦν
2452 1123 2479 1172 ό
2512 1116 2810 1190 Γεὼργιςς,
2838 1118 2932 1171 καὶ
2958 1119 3158 1190 χωρίον
3177 1104 3311 1190 ᾤκει
3341 1123 3404 1192 τῇ
3430 1120 3629 1191 Νεμεσῴ

2089 1213 2495 1283 παρακείμενον
2517 1227 2532 1243 ο
2566 1212 2717 1265 Φαῦα
2746 1212 2806 1266 τὸ
2836 1212 3036 1281 χωρίον
3077 1210 3317 1280 ἐλέγετο,
3343 1210 3433 1265 καὶ
3458 1211 3631 1281 πεντή-

2086 1319 2254 1357 κοντα
2285 1303 2384 1373 μέν
2426 1305 2525 1374 τῆς
2561 1303 2787 1368 πόλεως,
2815 1302 2960 1374 τρισὶ
2989 1303 3047 1356 δέ
3081 1304 3174 1357 καὶ
3203 1302 3370 1374 ἣμισυ
3416 1304 3507 1372 τῆς
3549 1303 3632 1356 θαο

2087 1393 2287 1465 λάττης
2313 1392 2547 1457 σταδίοις
2571 1394 2875 1464 διέστηκεν.
2905 1393 3062 1448 οὕτω
3085 1394 3142 1449 δὲ
3169 1394 3297 1456 τοὺς
3314 1393 3471 1457 πόδας
3492 1394 3634 1465 ἠσθέ-

2087 1502 2250 1556 νησεν
2278 1487 2306 1539 ό
2332 1484 2603 1557 Γεώργιος
2623 1500 2637 1514 ο
2672 1485 2742 1538 τὰ
2770 1484 2887 1538 κατ’
2911 1485 3116 1556 ἀγροὺς
3146 1485 3502 1538 ἐπεσκέπτετο
3519 1524 3532 1548 ,
3554 1485 3634 1538 καὶ

2088 1576 2319 1646 λαγωὸν,
2336 1576 2411 1639 ὼς
2425 1576 2694 1647 ἐνόμιζεν,
2718 1574 2967 1642 ἔϐλεπεν,
2986 1575 3321 1630 καὶκατιδὼν
3338 1576 3604 1630 κατεδίωκε
3618 1592 3633 1608 ο

2087 1668 2262 1737 γλυκὺ
2283 1668 2394 1740 γὰρ
2419 1666 2578 1722 τοῦτο
2598 1670 2710 1732 τοῖς
2735 1667 3016 1740 ἀγροίκοις
3045 1669 3106 1723 τδ
3137 1668 3381 1739 θήραμα,
3406 1670 3491 1722 καὶ
3514 1686 3636 1733 παρ-

2088 1757 2334 1830 οτρῦνον,
2368 1760 2418 1813 εί
2447 1762 2611 1830 φανῇ,
2647 1758 2783 1830 πρὸς
2820 1759 3307 1830 κατάληψιν·’άλλὰ
3335 1759 3531 1813 διώκων
3556 1761 3641 1812 οὐκ

401 1862 488 1910 est
522 1854 637 1910 inec
665 1855 886 1912 venatio
918 1854 1162 1919 rusticis,
1188 1827 1244 1909 et
1265 1853 1506 1912 incitans
1549 1855 1596 1911 si
1654 1855 1974 1926 apparuerit

2081 1827 2273 1906 ἔλαϐεν
2292 1867 2306 1883 ο
2339 1852 2400 1906 οὐ
2425 1852 2530 1924 γὰρ
2552 1827 2621 1925 ἦν
2649 1827 2862 1922 λαγωός
2890 1851 2952 1906 τὸ
2981 1827 3326 1925 φαινόμενον,
3343 1854 3472 1908 ἀλλά
3497 1852 3639 1907 πνεῦ-

405 1945 476 2001 ad
517 1936 873 2021 capiendum.
920 1943 1119 2001 Verum
1175 1961 1516 2018 persequens
1565 1962 1673 2002 non
1724 1961 1976 2016 compre-

408 2036 632 2104 hendit;
664 2050 775 2093 non
809 2037 954 2092 enim
985 2046 1101 2092 erat
1131 2038 1289 2107 lepus
1335 2037 1429 2108 qui
1483 2048 1829 2109 apparuerat,
1883 2034 1977 2094 sed

400 2128 627 2199 spiritus
653 2142 911 2199 nequam,
954 2137 1007 2183 ct
1038 2129 1318 2183 hominem
1357 2128 1569 2186 odiens.
1597 2128 1772 2184 Porro
1794 2144 1824 2183 a
1849 2144 1978 2183 cur.

409 2230 474 2268 su
502 2213 702 2268 iterum
727 2227 977 2281 cessans,
1015 2215 1178 2283 pedes
1206 2229 1426 2270 movere
1452 2229 1560 2270 non
1592 2222 1830 2286 poterat,
1882 2214 1978 2271 sed

402 2302 698 2360 immobilis
728 2312 853 2374 post
878 2319 1105 2359 cursum
1153 2305 1432 2370 manebat,
1478 2304 1718 2376 leporem
1757 2305 1976 2376 quidem

403 2408 510 2447 non
542 2394 790 2466 capiens,
825 2395 1047 2465 capiens
1068 2404 1248 2450 autem
1269 2395 1468 2465 pedum
1495 2396 1930 2468 obligamenttun
1962 2415 1977 2464 ;

400 2488 531 2542 talia
560 2489 703 2543 enim
733 2496 864 2543 sunt
892 2487 1040 2543 illius
1063 2488 1269 2559 leporis
1314 2488 1480 2543 dona.

471 2578 607 2635 llinc
626 2580 694 2634 ad
725 2580 927 2652 Cyrum
957 2588 1013 2636 ct
1048 2579 1309 2635 Joannem
1342 2597 1508 2652 super
1525 2582 1784 2638 humeros
1809 2583 1979 2638 Geor-

400 2672 525 2742 gius
561 2681 876 2743 asportatus
903 2670 1149 2739 elIertur,
1172 2682 1220 2727 et
1253 2674 1449 2729 horum
1466 2673 1699 2745 pedibus
1726 2676 1794 2729 ab
1811 2675 1983 2729 alum-

402 2764 490 2821 nis
534 2764 844 2837 projicitur,
883 2772 940 2820 et
964 2773 1209 2836 tempore
1239 2764 1412 2821 multo
1450 2764 1617 2832 facto,
1670 2781 1844 2837 usque
1870 2781 1983 2836 quo

400 2854 547 2911 Deus
575 2866 629 2910 et
666 2862 993 2911 sanctorum
1023 2857 1201 2928 gratia
1225 2856 1417 2924 voluit,
1444 2857 1539 2912 tali
1561 2858 1727 2913 modo
1772 2858 1981 2913 sanita-

400 2956 507 3003 tem
538 2944 769 3017 adeptus
798 2954 904 3002 est.
936 2944 1200 3004 Molestus
1234 2955 1355 3003 erat
1372 2948 1628 3014 inﬁrmis,
1652 2956 1706 3003 et
1738 2940 1977 3002 laborem

400 3053 510 3094 non
535 3037 756 3094 brevem
783 3038 1079 3110 praestabat
1130 3037 1217 3093 his
1258 3039 1352 3110 qui
1400 3039 1592 3095 talium
1638 3040 1882 3097 studium
1922 3037 1976 3094 in

400 3130 604 3201 templo
635 3130 919 3201 gerebant,
947 3129 1109 3186 citius
1127 3129 1195 3185 ad
1233 3131 1462 3188 latrinas
1494 3132 1742 3197 veniens,
1780 3129 1874 3195 sed
1910 3130 1979 3185 ab
2004 3172 2047 3231 α

399 3222 486 3278 bis
515 3236 624 3277 non
647 3222 811 3278 citius
843 3222 1081 3290 rediens,
1118 3223 1191 3278 ita
1208 3230 1267 3279 ut
1291 3223 1532 3280 dormire
1565 3224 1626 3279 in'
1658 3223 1744 3280 his
1782 3224 1977 3279 crebro

397 3313 787 3381 dimitteretur,
816 3328 882 3369 eo
929 3313 1074 3384 quod
1105 3315 1302 3370 crebro
1339 3316 1536 3379 abiret,
1583 3321 1637 3370 et
1663 3315 1977 3370 tardaretur

397 3422 463 3462 ex
523 3407 921 3463 consuetudine
982 3407 1202 3465 sedens.
1271 3405 1478 3465 Taliter
1507 3417 1690 3463 autem
1743 3407 1975 3481 Georgio

400 3505 667 3568 martyres
690 3496 831 3563 viso,
874 3496 941 3552 ad
968 3497 1379 3555 miserationem
1401 3500 1628 3555 veniunt
1647 3507 1702 3556 et
1723 3515 1977 3571 compas-

398 3588 635 3652 s'ionem,
697 3597 751 3644 et
791 3591 846 3644 in
896 3589 1111 3646 latrinis
1160 3589 1397 3661 quadam
1444 3589 1535 3648 die
1586 3589 1878 3648 dormienti
1918 3591 1973 3647 in

395 3682 606 3738 somnis
637 3691 898 3751 apparent
925 3682 1170 3738 dicentes
1202 3699 1218 3738 :
1256 3683 1529 3755 «Surgens
1545 3683 1822 3757 egredere,
1844 3693 1897 3740 et
1920 3684 1976 3740 in

397 3772 509 3827 tuis
530 3772 706 3826 dormi
745 3771 1090 3829 stramentis.
1116 3771 1219 3840 Qui
1247 3774 1689 3846 expergefactus,
1716 3783 1772 3831 et
1806 3773 1978 3829 nemi-

400 3876 522 3916 nem
551 3860 766 3926 videns,
803 3862 1001 3918 iterum
1025 3861 1356 3919 dormiebat.
1386 3861 1455 3917 Et
1483 3862 1680 3918 iterum
1704 3870 1976 3934 martyres

401 3957 644 4010 secundo
673 3963 878 4025 astant,
918 3957 1108 4013 eadem
1140 3957 1516 4028 disponentes.
1538 3956 1607 4010 At
1630 3955 1719 4012 ille
1748 3970 1977 4012 conver-

399 4062 494 4104 sus
536 4047 757 4113 iterum,
812 4060 867 4105 et
893 4049 1169 4104 neminem
1228 4063 1427 4105 rursus
1478 4048 1732 4115 intuitus,
1777 4049 1973 4104 iterum

398 4140 645 4197 secundo
673 4140 1007 4197 dormiebat.
1040 4139 1229 4194 Tertio
1267 4148 1450 4195 autem
1489 4140 1667 4196 sancti
1710 4140 1761 4197 ei
1804 4156 1975 4212 appa-

400 4241 602 4297 rentes,
630 4232 870 4302 peditem
919 4246 952 4286 a
1004 4230 1218 4288 latrinis
1274 4231 1463 4303 egredi
1522 4232 1737 4303 iubent,
1778 4248 1972 4305 panem

401 4323 747 4394 porrigentes
785 4322 853 4379 ad
881 4314 1345 4380 manducandum.
1380 4322 1555 4380 Porro
1586 4325 1747 4381 tertio
1794 4324 1974 4381 factus

399 4417 453 4470 iu
481 4415 689 4470 somnis
708 4401 820 4472 non
848 4414 1067 4486 quidem
1085 4424 1384 4488 praesentes
1415 4415 1634 4473 videbat
1676 4424 1972 4489 martyres.

400 4507 497 4563 sed
526 4507 838 4571 inveniebat
865 4507 1307 4567 benedictionem
1336 4507 1516 4566 datam
1551 4508 1618 4565 ad
1643 4509 1973 4576 sanitatem;
2007 4526 2051 4582 ι)

400 4597 454 4644 ct
468 4590 750 4646 cumhanc
773 4589 1149 4656 manducaret,
1180 4592 1620 4649 convalescebat.
1647 4591 1972 4647 Sanctorum

394 4681 668 4756 jussionis
695 4697 927 4749 memor,
959 4698 989 4737 a
1022 4683 1239 4739 latrinis
1270 4685 1467 4756 surgit.
1499 4691 1555 4740 et
1598 4684 1804 4741 saliens
1835 4682 1970 4748 exit,

398 4774 601 4829 ibidem
632 4754 950 4846 languorem
982 4774 1287 4841 dimittens,
1329 4754 1648 4833 sanctorum
1711 4775 1971 4831 virtutem

397 4864 733 4938 gloriﬁcans.
762 4866 956 4923 Adhuc
984 4877 1165 4923 autem
1192 4878 1247 4923 et
1273 4876 1525 4941 superest
1575 4868 1703 4932 iste,
1740 4878 1795 4924 et
1828 4882 1975 4922 mar-

399 4968 582 5031 tyrum
623 4967 878 5032 peragrat
905 4961 1187 5031 templum,
1222 4961 1538 5032 languorem
1570 4961 1777 5032 pariter
1797 4969 1850 5015 et
1876 4974 1969 5015 sa-

400 5051 624 5107 nitatem
651 5067 937 5117 euarrans,
978 5060 1033 5107 et
1069 5053 1135 5107 ad
1193 5050 1407 5108 laudem
1459 5052 1549 5109 Dei
1621 5063 1974 5108 sanctorum‘

398 5148 506 5212 quc
561 5142 833 5198 canticum
878 5143 973 5213 qui
1028 5151 1361 5199 sanaverunt
1438 5159 1790 5200 commovens
1872 5160 1972 5197 au-

398 5234 630 5288 dientes.

526 5388 681 5444 LVll.
714 5387 789 5445 De
816 5388 1043 5461 Cyriaco
1077 5390 1279 5446 Rhodio
1306 5392 1626 5447 «immanium
1647 5410 1827 5464 passo.

468 5479 589 5537 Non
651 5490 831 5538 autem
900 5485 1143 5555 ineptum
1174 5494 1258 5541 est
1283 5485 1497 5559 Cyriaci
1559 5488 1721 5543 etiam
1776 5486 1974 5545 Rhodii

400 5569 582 5626 facere
638 5572 993 5640 mentionem,
1057 5584 1113 5631 et
1158 5590 1285 5631 eum
1326 5578 1598 5633 insulanis
1656 5580 1971 5640 insulanum

398 5676 818 5728 connumerare,
844 5673 899 5718 et
921 5665 1137 5735 Cypriis
1170 5668 1459 5724 adnectere
1508 5667 1780 5723 Rhodium
1807 5686 1823 5734 ;
1854 5671 1974 5740 plus

400 5752 548 5808 enim
579 5753 947 5822 congratulari
976 5758 1260 5814 iusulanos
1295 5760 1528 5815 invicem
1563 5761 1771 5832 accepi,
1805 5778 1969 5834 quam

2087 1960 2167 2014 μα
2197 1942 2435 2016 πονηρὸν
2469 1945 2561 1998 καὶ
2598 1943 3011 2017 μισάνθρωπον.
3044 1944 3152 2000 Τοῦ
3185 1946 3385 2017 δρόμου
3418 1945 3470 1999 δέ
3503 1946 3642 1999 πάλιν

2084 2036 2459 2106 παυσάμενος,
2492 2035 2621 2100 τοὺς
2666 2036 2832 2100 πόδας
2880 2038 3050 2091 κινεῖν
3100 2038 3201 2091 οὐκ
3248 2037 3490 2109 ἠδύνατο,
3535 2036 3645 2092 ἀλλ’

2092 2125 2351 2195 ἀκίνητος
2389 2125 2528 2196 μετά
2553 2125 2751 2198 δρόμον
2777 2125 2994 2199 διέμενε
3013 2168 3028 2196 ,
3068 2126 3284 2197 λαγωὸν
3332 2128 3428 2198 μέν
3457 2128 3546 2181 οὐκ
3577 2129 3644 2181 εί·

2080 2213 2288 2287 ληφὼς,
2307 2212 2546 2286 εἰληφὼς
2569 2215 2625 2269 δὲ
2644 2216 2753 2269 τῶν
2777 2217 2952 2270 ποδῶν
2976 2217 3068 2271 τὸν
3095 2218 3389 2290 ἐπίδεσμον
3404 2235 3417 2248 ·
3445 2218 3644 2272 τοιαῦτα

2080 2307 2190 2378 γάρ
2228 2308 2373 2361 ἐστιν
2410 2308 2624 2362 ἐκείνου
2665 2307 2758 2362 τοῦ
2798 2307 3014 2377 λαγωοῦ
3054 2310 3121 2364 τὰ
3160 2310 3496 2384 χαρίσματα.

2150 2577 2437 2632 Ἐντεῦθεν
2467 2580 2560 2633 ἐπὶ
2591 2577 2775 2652 Κῦρον
2804 2579 2900 2634 καὶ
2935 2580 3190 2654 Ἰωάννην
3231 2585 3358 2649 τοὺς
3389 2584 3647 2658 μάρτυρας

2079 2666 2168 2719 ἐπ’
2195 2666 2361 2738 ὤμων
2409 2667 2702 2739 αἰρόμενος
2744 2669 2797 2745 όη
2826 2668 3099 2742 Γεὼργιος
3143 2671 3365 2742 ἄγεται,
3416 2676 3517 2729 καὶ
3550 2677 3646 2739 toi;

2079 2756 2284 2811 τούτων
2318 2758 2476 2811 ποσὶν
2527 2758 2631 2811 ὑπὸ
2667 2760 2776 2813 τῶν
2821 2760 3182 2841 θρεψαμένων
3230 2767 3649 2838 προσρίπτεταιο

2080 2848 2175 2901 καὶ
2204 2848 2395 2920 χρόνον
2422 2850 2653 2921 ποιήσας
2678 2853 2873 2921 συχνὸν
2891 2846 2997 2918 ἕως
3018 2848 3079 2907 οὗ
3101 2855 3235 2922 Θεὸς
3262 2859 3352 2912 καὶ
3374 2860 3476 2914 τῶν
3497 2860 3649 2928 ἁγίων

2079 2940 2114 3009 ἡ
2143 2939 2303 3011 χάρις
2336 2939 2622 3011 ἠϐούλετο,
2655 2942 2804 2997 τόνδε
2830 2942 2922 2999 τὸν
2954 2947 3158 3016 τρόπον
3188 2951 3294 3023 τῆς
3336 2951 3524 3016 ἰάσεως
3542 2952 3648 3005 ἐτυ-

2079 3046 2196 3101 χενο
2227 3031 2504 3104 Ἐπαχθὴς
2547 3034 2795 3107 ὑπῆρχεν
2822 3034 2897 3100 ὡς
2928 3037 3234 3110 ἄρρωστος,
3271 3044 3367 3097 καὶ
3413 3044 3569 3098 κόπον
3595 3042 3649 3097 οὐ

2085 3121 2294 3195 βραχὺν
2340 3125 2455 3188 τοῖς
2502 3124 2605 3180 ἀνὰ
2644 3127 2738 3181 τὸν
2781 3126 2919 3183 νεὼν
2950 3131 3304 3199 φιλοπονοῦσι
3334 3135 3647 3206 παρείχετοο

2082 3213 2295 3283 ταχέως
2342 3215 2421 3277 εἰς
2467 3216 2786 3285 ἀφεδρῶνας
2832 3220 3163 3292 ἐρχόμενος,
3193 3226 3295 3278 καὶ
3342 3227 3416 3297 μὴ
3460 3227 3652 3297 ταχέως

2084 3303 2264 3357 αὐτῶν
2296 3303 2682 3376 ἐξερχόμενος,
2712 3308 2789 3373 ὡς
2838 3311 3117 3367 καθεύδειν
3168 3315 3432 3381 πολλάκις
3460 3319 3515 3371 ἐν
3539 3317 3651 3371 τού-

2084 3411 2197 3458 τοις
2224 3395 2501 3464 ἀφίεσθαι,
2531 3402 2627 3453 καὶ
2671 3400 3032 3472 ἐμϐραδύνειν
3081 3407 3145 3459 ἐκ
3192 3407 3485 3477 συνηθείας
3527 3409 3653 3463 καθ.

2085 3487 2309 3558 ήμενον.
2338 3490 2497 3545 Οῦτω
2524 3493 2580 3546 δὲ
2610 3492 2703 3546 τὸν
2732 3493 3003 3567 Γεώργιον
3037 3497 3239 3566 ἰδόντες
3282 3503 3334 3555 oi
3371 3504 3651 3576 μάρτυρες,

2088 3583 2167 3646 είς
2184 3577 2364 3638 οἷκτον
2384 3582 2633 3655 ἔρχονται
2652 3585 2747 3639 καὶ
2771 3591 3113 3658 συμπάθειαν
3130 3609 3144 3624 ⁸
3165 3597 3262 3648 καὶ
3286 3599 3398 3659 τοῖς
3414 3598 3643 3667 ἀφεδρῶ-

2089 3688 2175 3725 σιν
2191 3674 2250 3726 ἐν
2272 3676 2373 3747 μιᾷ
2393 3676 2582 3748 ἡμέρᾳ
2606 3679 3021 3753 καθευδήσαντι,
3050 3688 3108 3739 ἐν
3127 3689 3362 3761 ὀνείροις
3382 3691 3644 3761 φαίνονται

2086 3763 2360 3833 λέγοντες·
2403 3769 2667 3836 Ἀναστὰς
2695 3771 2855 3839 ἔξιθι,
2888 3778 2981 3829 καὶ
3011 3781 3068 3829 ἐν
3094 3782 3204 3841 τοῖς
3246 3784 3395 3845 ἰδίοις
3431 3783 3644 3836 κάθευδε

2087 3855 2421 3928 στρώμασιν.
2456 3858 2514 3913 '0
2547 3859 2603 3913 δέ
2631 3860 2982 3927 διυπνισθεὶς,
3015 3866 3107 3918 καὶ
3161 3867 3370 3937 μηδένα
3398 3868 3652 3939 θεασάμε-

2084 3960 2198 4010 νος,
2226 3947 2390 4003 πάλιν
2418 3949 2707 4004 ἐκάθευδεν
2727 3967 2741 3981 ·
2773 3954 2866 4007 καὶ
2897 3955 3060 4009 πάλιν
3090 3957 3139 4013 οἱ
3164 3958 3446 4032 μάρτυρες
3470 3964 3527 4014 ἐκ
3546 3961 3653 4013 δευ-

2083 4035 2246 4106 τέρου
2281 4040 2668 4111 παρίστανται,
2702 4045 2771 4098 τὰ
2800 4045 2941 4099 αὐτὰ
2960 4042 3355 4105 ’διατάττονται
3375 4068 3389 4081 ·
3418 4054 3445 4106 ό
3477 4052 3528 4105 δὲ
3559 4051 3651 4105 πά-

2085 4126 2167 4182 λιν
2219 4131 2502 4201 στραφεὶς,
2528 4135 2626 4188 καὶ
2676 4136 2881 4205 μηδένα
2930 4139 3092 4193 πάλιν
3143 4140 3291 4210 ίδὼν,
3325 4144 3483 4198 πάλιν
3524 4146 3652 4197 ἐκοιο

2088 4222 2226 4292 μᾶτο
2274 4222 2334 4276 τδ
2380 4222 2656 4297 δεύτερον.
2695 4227 2792 4280 Ἐκ
2829 4229 3012 4299 τρίτου
3043 4231 3098 4285 δὲ
3132 4235 3395 4302 φανέντες
3420 4235 3470 4287 οἱ
3498 4235 3650 4300 ἅγιοι,

2085 4310 2383 4376 πεζεύοντα
2428 4312 2485 4366 δὲ
2537 4312 2645 4367 τῶν
2694 4315 3023 4387 ἀφεδρὼνων
3076 4318 3283 4386 ἐξιέναι
3330 4319 3650 4383 κελεύουσιν,

2083 4400 2247 4474 ἄρτον
2297 4403 2497 4459 ἐσθίειν
2543 4404 2846 4478 ὁρέξαντες.
2873 4410 2930 4463 '0
2969 4411 3027 4464 δὲ
3066 4413 3125 4465 τδ
3172 4415 3354 4483 τρίτον
3382 4414 3654 4485 γενόμενος

2082 4491 2351 4563 ἇφυπνος,
2378 4494 2476 4567 οὐχ
2530 4496 2677 4569 ἐώρα
2732 4501 2832 4570 μὲν
2878 4502 3155 4573 παρόντας
3197 4504 3327 4569 τοὺς
3359 4503 3650 4577 μάρτυρας.

2078 4577 2301 4650 εὕρισκε
2349 4580 2405 4634 δέ
2454 4581 2551 4653 τὴν
2589 4583 2882 4658 δεδομένην
2915 4590 3170 4659 εὐλογίαν
3200 4592 3341 4664 πρὸς
3376 4595 3535 4657 τασιν,
3565 4591 3650 4645 καὶ

2076 4670 2282 4744 ταύτην
2312 4672 2506 4743 φαγὼν
2534 4676 2900 4751 ἁνερὼννυτο’
2940 4683 3033 4736 κα)⁸
3056 4683 3156 4752 τῆς
3185 4685 3296 4738 τῶν
3326 4687 3498 4756 ἁγίων
3526 4703 3649 4757 μνηο
3691 4710 3697 4714 -

2078 4763 2347 4833 μονεύσας
2373 4766 2696 4834 κελεύσεως,
2728 4772 2836 4825 τῶν
2869 4773 3200 4844 ἀφεδρὼνων
3226 4776 3533 4844 ἀνίσταται,
3561 4775 3648 4829 καὶ

2077 4854 2370 4926 ἁλλόμενος
2398 4856 2565 4925 ἔξεισι
2588 4900 2601 4922 ,
2629 4862 2804 4916 ἐκεῖσε
2836 4865 3169 4937 καταλείψας
3199 4869 3259 4922 τὸ
3287 4869 3497 4941 νόσημα
3515 4908 3531 4933 ,
3558 4865 3648 4922 καὶ

2075 4947 2182 5000 τῶν
2229 4949 2400 5016 ἁγίων
2431 4950 2668 5018 δοξάζων
2712 4955 2810 5027 τὴν
2837 4955 3087 5029 δύναμιν.
3111 4961 3234 5017 Ἔτι
3275 4962 3339 5017 δὲ
3382 4963 3476 5018 καὶ
3504 4956 3648 5024 οὗτος

2078 5040 2346 5109 περίεστι,
2378 5044 2474 5097 καὶ
2509 5044 2794 5116 περιπολεῖ
2833 5049 2941 5103 τῶν
2974 5052 3268 5124 μαρτύρων
3306 5054 3368 5108 τδ
3408 5054 3643 5125 τέμενος,

2075 5128 2171 5201 τὴν
2202 5132 2353 5187 νόσον
2379 5134 2513 5206 ὁμοῦ
2551 5138 2643 5190 καὶ
2670 5139 2767 5209 τὴν
2799 5142 2940 5194 ἴασιν
2972 5141 3361 5215 διηγούμενος,
3394 5148 3487 5200 καὶ
3516 5140 3645 5215 πρὸς

2075 5220 2223 5278 αἶνον
2267 5224 2423 5294 Θεοῦ,
2456 5229 2551 5281 καὶ
2581 5229 2689 5283 τῶν
2718 5231 3026 5303 ίασαμένων
3073 5237 3243 5305 ἁγίων
3287 5236 3432 5310 ᾠδὴν
3486 5237 3643 5293 κινῶν

2073 5317 2200 5380 τοὺς
2239 5317 2555 5382 ἀκούοντας.

2111 5407 2234 5462 NZ’.
2262 5400 2397 5478 Περὶ
2422 5413 2718 5480 Κιφιακοῦ
2758 5418 2862 5470 τοῦ
2915 5418 3137 5475 Ῥοδίου
3174 5420 3605 5495 δαιμονιῶντος.

2148 5499 2263 5552 Οὐκ
2288 5502 2518 5572 ἄκαιρον
2542 5503 2599 5556 δὲ
2626 5508 2721 5557 καὶ
2755 5508 3036 5580 Κυριακοῦ
3066 5510 3157 5564 τοῦ
3197 5512 3400 5566 Ῥοδίου
3430 5514 3640 5584 μνήμην

2077 5590 2428 5660 ποιήσασθαι,
2461 5594 2557 5647 καὶ
2604 5599 2717 5659 τοῖς
2765 5599 3057 5669 νησιώταις
3091 5602 3184 5655 τὸν
3211 5602 3482 5674 νησιώτην
3521 5618 3641 5654 συν-

2076 5681 2504 5754 αριθμήσασθαι,
2537 5688 2631 5740 καὶ
2663 5691 2773 5752 τοῖς
2802 5690 3073 5763 Κυπρίοις
3102 5696 3358 5760 συντάξαι
3390 5693 3480 5749 τὸν
3526 5690 3638 5745 Ῥό-

2076 5772 2187 5828 διον
2208 5791 2221 5807 ’
2254 5774 2437 5831 πλεῖον
2465 5779 2573 5849 γὰρ
2604 5781 2813 5851 χαίρειν
2832 5784 2956 5848 τοὺς
2980 5784 3250 5856 νησιώτας
3271 5783 3518 5856 αλλήλοις
3544 5783 3638 5835 ὑπ·
