3998 6200
389 251 532 317 3635

1303 253 1365 312 S.
1398 249 1818 315 SOPHRONII
1853 251 2362 316 PATRIARCHIE
2388 248 2792 314 HIEROSOL.

3532 253 3657 318 3636

393 381 451 422 et
484 364 820 422 iniirmitatis
861 364 1020 424 locus
1066 371 1186 421 erat
1214 362 1564 436 Byzantium.
1607 364 1789 426 Causa
1843 381 1977 425 vero

2098 383 2198 432 ioc,
2245 367 2342 420 καὶ
2389 365 2552 430 τόπος
2604 365 2705 435 τῆς
2750 364 3063 436 ἀρρωστίας
3115 360 3183 436 ἦν
3235 365 3298 420 τὸ
3349 365 3657 431 Βυζάντιον

397 460 739 517 inﬁrmitatis
796 457 920 528 ejus
972 464 1093 512 erat
1168 455 1601 527 inexstinguible
1659 455 1973 516 incendium

396 555 543 624 quod
577 551 850 607 valentius
880 562 1235 612 succensum,
1266 547 1556 604 sinistrum
1605 547 1726 619 ejus
1769 548 1987 604 inﬂam-

400 647 587 702 mabat
636 645 849 716 pedem,
884 643 1066 698 locum
1103 641 1182 696 illi
1219 655 1329 696 non
1381 643 1572 699 sinens
1619 643 1814 699 saltem
1870 657 1988 698 mo-

398 739 587 792 dicum
621 735 1052 798 incombustum,
1101 734 1196 790 sed
1241 742 1415 790 totum
1465 734 1812 790 reddens'ad
1838 735 1984 790 aliud

401 828 555 898 quid,
603 840 766 896 quam
815 824 972 895 pedis
1011 824 1447 881 similitudinem.
1478 822 1813 880 Medicorum
1855 840 1986 880 vero

407 917 662 986 sophista:
717 930 783 971 ac
822 915 1016 981 duces,
1065 915 1158 986 qui
1201 914 1366 972 ﬂores
1403 924 1562 972 erant
1608 917 1745 972 artis
1791 917 1987 974 claris-

403 1010 552 1076 simi,
585 1025 708 1065 cum
752 1008 1022 1065 ministris
1063 1018 1119 1064 et
1157 1008 1342 1079 pueris
1383 1020 1760 1073 aceurrentes,
1789 1017 1842 1064 et
1874 1007 1987 1064 fer-

403 1102 589 1158 vidum
639 1102 792 1157 illum
846 1102 1165 1173 languorem
1228 1103 1578 1172 exstinguere
1641 1101 1985 1167 festinantes,

404 1195 605 1250 inﬁrmi
635 1209 760 1248 esse
778 1191 846 1246 ad
867 1192 1033 1263 hujus
1055 1192 1473 1248 exstinctionem
1496 1191 1985 1248 conducebantur.

477 1285 636 1340 Sicut
680 1283 828 1340 enim
865 1283 990 1353 igne
1041 1283 1486 1352 praevalescente,
1531 1295 1695 1338 omne
1733 1282 1880 1352 quod
1918 1282 1987 1338 ad

405 1377 582 1444 ipsius
612 1376 839 1432 allatum
877 1374 1042 1430 fuerit
1067 1375 1492 1430 exstinctionem
1528 1373 1702 1430 fomes
1730 1373 1985 1440 edicitur,

403 1477 458 1520 et
488 1466 707 1544 ﬂauima
729 1481 852 1537 quae
879 1479 988 1520 non
1020 1465 1323 1536 mitigatur,
1348 1465 1501 1520 omni
1525 1479 1647 1536 qua:
1669 1464 1796 1520 data
1823 1463 1988 1520 fuerit

405 1560 613 1629 specie,
649 1558 703 1612 in
732 1567 985 1614 naturam
1015 1558 1202 1613 statim
1238 1558 1379 1628 ignis
1402 1557 1691 1625 translata,
1728 1557 1801 1610 ita
1822 1566 1876 1612 et
1898 1555 1988 1611 hic

406 1663 532 1703 eum
561 1649 800 1704 validum
839 1657 991 1704 esset
1029 1647 1367 1713 incendium,
1407 1664 1573 1704 omne
1611 1647 1756 1718 quod
1791 1645 1988 1702 medici

407 1743 474 1796 ad
506 1742 680 1812 ipsius
705 1741 1070 1797 cessationem
1106 1739 1426 1802 aﬂ'erebant,
1475 1740 1863 1810 augmentabat
1896 1755 1992 1810 po-
2022 1719 2063 1773 Β

409 1837 519 1889 tius
554 1835 896 1904 languorem,
939 1841 992 1888 et
1023 1833 1481 1904 coaugmentabat
1518 1833 1725 1903 pariter
1774 1831 1992 1887 inﬂatu-

409 1927 727 1980 u.a:ionem.
763 1924 856 1978 'Et
906 1940 1044 1995 pene
1092 1936 1264 1980 totum
1321 1925 1496 1994 ipsius
1550 1939 1756 1996 corpus
1806 1924 1990 1996 passio

405 2021 776 2082 combureret,
806 2018 950 2087 ignis
989 2033 1141 2074 more
1169 2017 1497 2088 depascens.
1536 2018 1640 2072 nisi
1675 2017 1992 2074 misericor-

405 2110 624 2165 dissimi
667 2121 940 2180 martyres
983 2111 1186 2180 ubique
1238 2119 1562 2181 praesentes,
1587 2118 1644 2165 et
1671 2109 1857 2165 omnia
1897 2124 1991 2164 co-

407 2211 759 2271 gnoseenzes,
788 2212 844 2256 et
873 2202 1189 2266 languorem
1224 2201 1610 2272 intelligentes,
1627 2211 1684 2255 et
1713 2199 1991 2255 hominem

409 2294 757 2358 miserantes,
777 2302 828 2347 et
848 2292 1190 2346 curationem
1217 2288 1990 2358 douare‘volentcs,Joannem

405 2386 720 2449 diaconum,
753 2385 909 2455 cujus
936 2395 989 2439 et
1025 2386 1176 2456 prius
1205 2384 1435 2440 fecimus
1481 2385 1835 2449 mentionem,
1865 2399 1990 2440 cum

410 2477 733 2530 miraculum
763 2475 954 2546 puellae
984 2492 1108 2547 quas
1141 2476 1416 2532 ceciderat
1446 2491 1866 2546 cxponeremus,
1897 2473 1992 2546 qui

406 2576 461 2622 et
494 2570 610 2638 ipse
636 2568 704 2623 de
735 2567 1002 2639 Byzantio
1039 2568 1165 2634 iuit,
1198 2578 1251 2624 et
1289 2568 1564 2623 hominem
1598 2567 1985 2638 cognoscebat.

411 2659 670 2714 intimare
699 2659 775 2713 illi
809 2675 902 2728 per
922 2662 1201 2716 somniqu
1234 2660 1510 2716 exhortati
1541 2660 1802 2727 fuissent,
1835 2659 1903 2713 ad
1932 2674 1994 2716 se

405 2753 597 2806 venire
621 2761 675 2806 et
709 2753 942 2807 salutem
983 2752 1288 2822 percipere.

481 2842 586 2910 Qui
642 2843 874 2900 Joannis
925 2855 1143 2914 recepta
1198 2845 1450 2913 epistola,
1483 2843 1716 2900 credens
1759 2843 1846 2900 his
1897 2844 1990 2914 qui

420 2938 665 2992 scribere
693 2935 980 3004 iusserant
1019 2935 1330 3005 (ignorabat
1357 2935 1502 2988 enim
1528 2935 1572 2988 si
1609 2933 1866 3004 passione
1895 2933 1991 2988 tali

2086 457 2329 512 αῖτιονδὲ
2359 457 2420 510 τὸ
2460 455 2552 510 τοῦ
2617 454 2778 520 ποδὸς
2845 455 3253 511 ἀκατάσϐεστον
3295 457 3599 529 πύρεθρον·
3624 460 3650 512 δ

2087 551 2227 604 πόδα
2259 549 2620 619 κατέφλεγεν,
2655 549 2822 603 τόπον
2855 549 3022 604 αὑτοῦ
3057 549 3159 604 κᾶν
3204 549 3381 621 βραχὺ
3441 551 3538 604 οὐκ
3569 553 3659 606 ἐῶν

2088 641 2522 710 ἁκατὰφλεκτον,
2555 641 2671 696 ἀλλ’
2703 642 2825 696 ὅλον
2859 642 3100 712 ἀμείψας
3125 642 3262 714 πρὸς
3296 641 3487 712 ἕτερόν
3538 659 3587 694 τι
3630 645 3658 716 ἢ

2088 735 2248 798 ποδὸς
2272 735 2626 806 ἀφομοῐωμα.
2661 735 2889 805 Ὶατρῶν
2916 734 2973 788 δὲ
3007 735 3261 803 σοφισταὶ
3294 735 3391 788 καὶ
3443 734 3663 805 ἡγούμε-

2089 845 2171 882 νοι
2201 828 2260 880 τὸ
2283 827 2535 898 λαμπρὸν
2575 827 2675 896 τῆς
2699 828 2896 898 τέχνης
2941 826 3288 898 ἁπάνθισμα,
3324 827 3423 879 σὺν
3474 827 3662 897 ὑπουρ-

2088 921 2204 988 γοῖς
2230 919 2322 972 καὶ
2348 918 2656 991 μειρακίοις
2684 918 3091 990 εἰστρέχοντες,
3130 921 3226 973 καὶ
3277 918 3342 970 τὸ
3387 919 3665 990 πυρρωπὺν

2089 1013 2268 1066 έκεῖνο
2291 1010 2506 1081 νόσημα
2528 1011 2718 1064 σϐέσαι
2747 1010 3167 1077 σπουδάζοντες,
3225 1010 3483 1074 ἀσθενεῖς
3542 1011 3665 1083 πρὸς

2088 1103 2188 1175 τὴν
2219 1103 2411 1157 τούτου
2446 1102 2632 1156 σϐέσιν
2663 1103 2986 1174 ἠλέγχοντο.

2163 1286 2372 1355 Ὠσπερ
2408 1285 2518 1356 γὰρ
2557 1284 2728 1356 πυρὸς
2773 1285 3192 1356 ἑπισχύσαντος,
3231 1287 3340 1340 πᾶν
3369 1287 3505 1358 ὅπερ
3535 1279 3666 1357 ’πρὸς

2089 1377 2187 1447 τὴν
2217 1376 2382 1430 αὑτοῦ
2413 1375 2803 1447 προσενεχθείη
2831 1375 3184 1438 κατάσόεσιν,
3215 1375 3322 1448 ὕλη
3354 1375 3561 1445 γίνεται
3580 1381 3666 1432 καὶ

2091 1468 2224 1536 φλὸξ
2253 1465 2680 1529 ἀκατεύναστος,
2730 1466 2934 1530 παντὸς
2990 1465 3083 1519 τοῦ
3135 1466 3386 1530 δοθέντος
3412 1470 3491 1533 εἰς
3521 1471 3668 1534 φύσιν

2090 1560 2253 1624 εὐθὺς
2278 1559 2451 1632 πυρὸς
2473 1557 2908 1630 μεταϐάλλοντος
2929 1571 2944 1587 °
2979 1557 3125 1612 οὕτω
3140 1559 3426 1614 κάνταῦθα
3452 1561 3668 1632 σφοδροῦ

2091 1651 2454 1722 τυγχάνοντες
2486 1649 2581 1704 τοῦ
2615 1649 2970 1722 πυρώματος,
2999 1651 3106 1704 πᾶν
3145 1651 3284 1722 ὅπερ
3324 1652 3500 1723 ἰατροὶ
3543 1653 3668 1725 πρὸς

2094 1742 2191 1812 τὴν
2224 1741 2388 1795 αὐτοῦ
2420 1740 2633 1794 παῦλαν
2666 1740 3026 1812 προσέφερον,
3080 1741 3217 1814 ηῦξε
3285 1743 3488 1814 μᾶλλον
3511 1744 3568 1798 τὸ
3589 1746 3670 1798 νό-

2096 1850 2269 1903 σημα,
2305 1833 2399 1886 καὶ
2431 1831 2665 1905 συνηῦξε
2687 1832 2746 1886 δὲ
2763 1833 2858 1886 καὶ
2883 1832 2984 1904 τὴν
3016 1833 3313 1903 φλόγωσιν,
3349 1835 3445 1891 καὶ
3485 1835 3668 1906 μικροῦ

2094 1929 2202 1981 πᾶν
2259 1926 2427 1980 αὑτοῦ
2462 1926 2525 1980 τὺ
2555 1927 2717 1997 σῶμα
2759 1925 2822 1980 τὸ
2851 1925 3033 1990 πάθος
3098 1927 3460 1997 κατέφλεξεν,
3511 1928 3669 1998 πυρὸς

2093 2018 2249 2090 δίκην
2311 2018 2674 2090 βοσκόμενον·
2697 2020 2747 2073 εί
2778 2019 2852 2091 μὴ
2889 2018 3168 2091 μάρτυρες
3213 2021 3267 2074 ot
3307 2020 3668 2092 φιὶάνθρωποι

2095 2109 2372 2180 πανταχοῦ
2402 2110 2668 2182 παρόντες
2701 2112 2796 2164 καὶ
2827 2111 3008 2165 πάντα
3040 2111 3428 2180 γινώσκοντες,
3457 2113 3552 2166 καὶ
3576 2113 3670 2184 τὴν

2096 2201 2257 2254 νόσον
2293 2202 2606 2272 νοήσαντες,
2632 2202 2726 2256 καὶ
2765 2202 2858 2256 τὸν
2891 2202 3180 2273 ἄνθρωπον
3207 2205 3668 2278 ὲποικτείραντες,

2095 2292 2192 2346 καὶ
2220 2292 2319 2364 τὴν
2347 2292 2644 2364 θεραπείαν
2694 2293 3048 2365 δωρήσασθαι
3105 2294 3382 2359 θέλοντες,
3435 2297 3671 2364 Ἰωάννην

2094 2385 2186 2438 τὸν
2251 2385 2522 2446 διάκονον,
2553 2381 2615 2438 οἷ)
2647 2386 2741 2438 καὶ
2801 2387 2996 2456 πρώην
3050 2387 3432 2458 ἐμνήσθημεν,
3488 2389 3570 2442 ὅτε
3617 2389 3671 2442 τὸ

2096 2475 2282 2546 θαῦμα
2313 2477 2412 2546 τῆς
2467 2477 2741 2547 πεσούσης
2773 2477 2964 2541 παιδὸς
3003 2479 3432 2548 συνετάττομεν,
3469 2485 3556 2533 τὸν
3585 2482 3670 2532 καὶ

2094 2568 2258 2620 αύτδν
2285 2569 2350 2622 ὲκ
2379 2568 2675 2632 Βυζαντίου
2710 2569 3023 2638 γενόμενον,
3048 2571 3140 2623 καὶ
3161 2571 3254 2622 τὸν
3285 2571 3457 2642 ἄνδρα
3485 2572 3670 2639 γνωρί-

2096 2658 2258 2723 ζοντα
2319 2660 2513 2730 δηλοῦν
2574 2660 2726 2730 αὐτῷ
2757 2661 2825 2714 δι’
2855 2661 3126 2715 ἐνυπνίων
3175 2663 3545 2735 παρώτρυναν
3601 2663 3670 2726 ὡς

2093 2751 2290 2814 αὐτοὺς
2316 2750 2490 2804 ἐλθεῖν
2530 2753 2625 2804 καὶ
2655 2751 2931 2821 σωτηρίαν
2971 2753 3332 2821 κομίσασθαι.

2173 2844 2268 2905 ’ος
2284 2842 2528 2895 Ἰωάννου
2557 2842 2616 2895 τὸ
2640 2843 2874 2914 γράμμα
2895 2843 3216 2914 δεξάμενος,
3243 2849 3346 2901 καὶ
3381 2846 3665 2908 πιστεύσας

2093 2935 2208 2996 τοῖς
2247 2932 2456 3002 γράψαι
2521 2930 2848 2987 κελεύσασιν
2893 2935 3104 3006 (ἠγνόει
3142 2936 3252 3006 γὰρ
3279 2938 3310 2988 ὁ
3347 2937 3584 2998 διάκονος
3627 2938 3670 2988 εἰ

411 3034 692 3088 teneretur
727 3025 1099 3098 Theodorus),
1130 3026 1311 3079 navim
1360 3025 1546 3080 statim
1585 3024 1891 3094 ingreditur
1938 3032 1993 3078 et

2098 3025 2260 3080 πάθει
2277 3025 2504 3096 τοιούτῳ
2524 3027 2806 3096 κρατεῖται
2831 3025 3154 3098 Θεόδωρος),
3175 3030 3254 3087 είς
3280 3029 3467 3082 πλοῖον
3484 3027 3669 3090 εὐθέως

412 3130 728 3178 sanctorum
764 3119 916 3175 venit
960 3118 1027 3172 ad
1075 3119 1336 3188 templum
1369 3118 1690 3173 arrabonas
1741 3115 1994 3171 sanitatis

417 3214 632 3268 habens
659 3226 771 3266 non
806 3209 1138 3265 mentientes
1171 3209 1238 3264 ad
1273 3223 1333 3264 se
1373 3209 1586 3262 litteras
1627 3207 1846 3276 scriptae
1876 3207 1999 3276 jus-

413 3301 611 3358 sionis.
654 3300 794 3354 Cum
842 3313 974 3369 ergo
1017 3297 1324 3354 venientem
1369 3306 1424 3352 et
1466 3295 1849 3351 voeationibus
1898 3311 1997 3367 pa-

412 3404 629 3448 rentem
675 3391 1000 3447 invitatores
1043 3390 1329 3453 vidissent,
1361 3387 1634 3443 maturius
1678 3401 1804 3442 eum
1853 3403 1996 3458 pra:-

413 3485 542 3540 stita
570 3484 806 3539 sanitate
836 3481 1142 3545 dimittunt,
1173 3479 1378 3535 donum
1415 3479 1572 3534 ocius
1599 3478 1905 3535 tribuentes
1939 3478 1996 3533 in

414 3594 475 3631 se
501 3575 696 3630 habitze
729 3574 875 3629 ﬁdei.
911 3571 977 3627 Et
1012 3571 1266 3628 sanitatis
1297 3570 1517 3640 quidem
1545 3578 1760 3639 tempus
1785 3569 1998 3624 brevis-

415 3672 618 3726 simum
679 3669 817 3734 fuit;
879 3667 1164 3738 languoris
1220 3675 1402 3722 autem
1462 3665 1670 3721 medela
1728 3674 1783 3722 et
1848 3665 1997 3721 illius

418 3763 740 3828 exstinctio,
771 3762 946 3816 lutum
976 3767 1098 3815 erat
1125 3773 1266 3829 aqua
1295 3758 1538 3817 solutum
1569 3757 1639 3812 ad
1659 3756 1997 3820 .liniendum,

412 3871 524 3925 quo
565 3854 841 3909 doliorum
884 3852 1125 3924 Egyptii
1172 3852 1468 3906 obstruunt
1524 3865 1642 3913 ora,
1677 3849 1769 3918 qui
1810 3847 1996 3901 vinum
2042 3893 2049 3899 .

414 3948 695 4002 excolunt.
725 3946 840 4002 Hoc
867 3946 1016 4002 enim
1043 3943 1344 3999 laudabiles
1380 3951 1652 4012 martyres
1690 3941 1746 3994 in
1788 3937 2000 3993 somnis

417 4050 768 4113 apparentes,
802 4041 983 4095 facere
1014 4047 1410 4109 praeceperunt.
1443 4032 1768 4088 'I‘heodorus
1814 4031 2000 4098 itaque

415 4133 717 4188 secundent
771 4129 1252 4202 repromissiouem
1290 4124 1537 4196 epistola:
1587 4122 1825 4177 Sanitate
1874 4135 2000 4190 per-

416 4232 596 4292 cepta,
637 4229 872 4277 cantans
905 4219 1182 4274 canticqu
1232 4216 1560 4286 gratiarum,
1609 4212 2001 4268 Constantino-

417 4315 586 4384 polim
614 4311 910 4382 navigavit.
929 4310 1040 4364 Nos
1063 4319 1239 4363 autem
1267 4316 1322 4362 et
1343 4305 1508 4374 bujus
1533 4303 1782 4358 miraculi
1804 4317 1996 4369 causa,

2098 3117 2426 3186 εἰσέρχεται,
2469 3116 2561 3170 καὶ
2615 3115 2678 3169 τὸ
2715 3117 2826 3172 τῶν
2879 3118 3053 3186 ἁγίων
3098 3119 3373 3173 κατέλαϐε
3434 3118 3668 3187 τέμενος,

2096 3207 2348 3277 ἀψευδεῖς
2377 3207 2706 3279 ἀρραϐῶνας
2757 3209 2896 3280 ἔχων
2934 3210 3036 3280 τῆς
3067 3210 3288 3280 ῥώσεως
3315 3213 3382 3265 τὰ
3423 3210 3557 3283 πρὸς
3583 3211 3671 3276 τῆς

2097 3299 2278 3353 αὐτῶν
2300 3299 2582 3371 γραφέντα
2602 3300 2905 3365 κελεύσεως
2934 3302 3260 3373 γράμματα.
3282 3304 3534 3357 Ἐλθόντα
3555 3299 3673 3368 γοῦν

2096 3393 2260 3446 αὑτὸν
2321 3394 2415 3446 καὶ
2472 3393 2770 3446 πεισθέντα
2825 3397 2945 3457 ταῖς
3005 3395 3262 3464 κλήσεσιν
3287 3396 3592 3466 ἑωρακότες
3627 3392 3671 3444 oi

2101 3483 2598 3554 κλήτορες,θᾶττον
2629 3483 2796 3536 αὐτὸν
2827 3483 3159 3537 ἀπολύουσιν
3190 3485 3550 3555 άκεσάμενοι,
3584 3483 3671 3536 δὼ-

2102 3591 2195 3644 ρον
2243 3573 2304 3626 τὸ
2333 3573 2496 3642 τάχος
2531 3573 2632 3642 τῆς
2680 3577 2758 3636 εἰς
2796 3575 2994 3637 αὐτοὺς
3039 3575 3393 3645 χαριζόμενοι
3429 3576 3670 3634 πίστεως.

2099 3666 2211 3719 Καὶ
2243 3664 2446 3734 βραχὺς
2491 3665 2588 3734 μὲν
2619 3667 2647 3718 ό
2680 3665 2872 3736 χρόνος
2899 3665 3090 3734 γέγονε
3123 3666 3223 3736 τῆς
3250 3667 3469 3730 ἰάσεωςο
3497 3666 3592 3734 τῆς
3619 3663 3670 3717 δὲ

2099 3756 2256 3811 νόσου
2286 3757 2346 3809 τὸ
2369 3757 2683 3826 φάρμακον,
2718 3756 2814 3811 καὶ
2845 3756 2940 3811 τοῦ
2969 3757 3144 3830 πυρὸς
3191 3757 3403 3813 ἐκείνου
3451 3755 3672 3825 σϐεστή-

2104 3861 2238 3914 ριον,
2270 3845 2444 3914 πηλὸς
2474 3845 2690 3917 ὑπῆρχε
2735 3844 2999 3916 λυόμενος
3026 3846 3179 3901 ῦδατι
3228 3848 3328 3901 καὶΙ
3370 3846 3668 3919 χριόμενος.

2099 3928 2144 4001 ᾧ
2170 3935 2279 3987 τῶν
2311 3936 2545 4004 κνηδίων
2575 3935 2644 3989 τά
2671 3935 2919 4006 στόματα
2974 3937 3306 4008 φράττουσιν
3341 3938 3392 3992 οἱ
3419 3936 3512 3990 τὸν
3536 3930 3667 3989 οἶνον

2099 4027 2191 4080 τὸν
2253 4027 2468 4099 κνήδιον
2524 4027 2900 4099 γεωργοῦντες
2933 4027 3243 4096 Μγύπτιοι.
3269 4028 3474 4082 Τοῦτον
3497 4027 3601 4097 γὰρ
3625 4026 3669 4076 οί

2103 4120 2452 4191 πανεύφημοι
2500 4119 2801 4192 μάρτυρες,
2830 4120 2962 4190 όναρ
2989 4120 3244 4190 ὀφθέντες
3269 4122 3490 4190 ποιῆσαι
3511 4131 3669 4187 προσ-

2101 4211 2319 4276 έταξαν.
2373 4211 2647 4282 Θεόδωρος
2698 4210 2831 4280 γοῦν
2880 4212 3022 4266 κατὰ
3076 4212 3178 4283 τὴν
3227 4211 3557 4280 ἐπαγγελίαν
3583 4205 3669 4261 τοῦ

2101 4306 2429 4376 γράμματος
2475 4303 2655 4372 τυχὼν
2684 4304 2784 4376 τῆς
2817 4303 3039 4371 ίάσεως,
3087 4305 3229 4376 ᾄσας
3251 4304 3398 4375 ᾠδὴν
3425 4301 3669 4375 χαριστή-

415 4414 470 4457 ut
499 4412 626 4461 ante
651 4402 979 4456 miraculum
1007 4398 1331 4458 vocationis,
1367 4412 1463 4452 eos
1504 4397 1596 4466 qui
1626 4393 1995 4450 invitaverunt

2106 4414 2240 4466 ριον,
2262 4398 2342 4459 εἰς
2367 4396 2428 4449 τὸ
2450 4393 2745 4459 Βυζάντιον
2763 4396 3047 4451 ἔπλευσεν.
3065 4387 3257 4468 Ἡμεῖς
3291 4396 3347 4450 δὲ
3376 4398 3466 4451 καὶ
3491 4392 3668 4448 τούτου

417 4507 471 4549 et
516 4493 844 4546 miraculum
877 4499 1234 4562 patraverunt
1282 4488 1502 4560 hymnis
1531 4487 1893 4554 celebrantes,
1927 4487 1995 4542 ad

421 4581 798 4638 narrationem
833 4579 1065 4636 alterius
1093 4579 1345 4634 miraculi
1373 4578 1714 4649 narigemus.

465 4759 601 4818 LXI.
641 4759 718 4814 De
757 4758 1061 4814 Philemone
1095 4760 1470 4812 Macrocomtte
1500 4757 1615 4823 (54)
1649 4755 1745 4826 qui
1762 4755 1961 4826 jecoris

679 4831 802 4884 vitio
834 4827 1112 4883 laborabat
1143 4827 1482 4898 ﬁstulamque
1503 4825 1750 4881 habebat.

491 4923 791 4980 Videamus
838 4929 1019 4976 autem
1069 4927 1124 4976 et
1171 4918 1545 4975 Philemonem
1593 4917 1912 4989 diaconum,
1946 4926 2002 4971 et

418 5015 692 5086 duplicem
747 5014 868 5082 ejus
919 5012 1268 5067 addiscamus
1314 5013 1652 5081 languorem,
1683 5007 1999 5078 conspicia-

421 5123 653 5178 ntusque
683 5106 859 5176 ipsius
885 5104 1162 5174 duplicem
1193 5103 1506 5158 sanitatem.
1551 5102 1758 5158 Pmsto
1782 5110 1867 5157 est
1893 5100 1997 5168 vir,

420 5216 546 5255 cum
599 5199 813 5269 magnis
863 5211 1060 5252 cursus
1114 5197 1358 5252 motibus
1401 5195 1470 5250 ad
1531 5209 1630 5250 nos
1679 5193 2000 5251 athnice

424 5291 724 5361 profectus,
758 5300 809 5347 et
866 5305 898 5344 a
951 5289 1116 5359 longo
1161 5289 1391 5344 castello
1440 5287 1586 5358 quod
1625 5287 1737 5342 illic
1767 5286 2002 5342 sortitus

429 5393 515 5437 est
543 5381 854 5436 :ediiicium.
887 5379 1092 5436 Praesto
1117 5389 1204 5437 est
1240 5394 1371 5449 ergo
1409 5379 1636 5447 scripto,
1673 5378 1836 5433 nobis
1882 5377 2001 5430 lan-

419 5487 621 5541 guorcs
675 5471 753 5544 [et
807 5487 928 5542 qua:
979 5471 1293 5543 languores]
1346 5473 1710 5540 insequuntur
1761 5469 2007 5525 medica-

2098 4485 2258 4556 χάριν
2290 4483 2384 4536 τοῦ
2412 4481 2711 4554 θαύματος,
2735 4485 2831 4538 καὶ
2863 4487 2962 4556 τῆς
2989 4484 3097 4557 πρὸ
3122 4485 3216 4539 τοῦ
3242 4485 3518 4557 θαύματος
3546 4482 3667 4552 κλή-

2101 4595 2259 4640 σεως,
2277 4578 2403 4639 τους
2435 4575 2771 4646 κεκληκότας
2802 4577 2898 4631 καὶ
2920 4577 2978 4630 τὸ
3004 4577 3189 4648 θαῦμα
3209 4578 3523 4646 πράξαντας
3545 4575 3670 4643 buv-

2097 4669 2428 4740 ῳδήσαυτες,
2465 4667 2552 4721 ἐπ’
2579 4667 2740 4722 ἄλλου
2770 4668 3046 4739 θαύματος
3068 4669 3321 4740 διήγησιν
3340 4668 3664 4736 πλεύσωμεν.

2104 4760 2226 4814 ΞΑ¹.
2257 4758 2427 4826 ,Περὶ
2491 4755 2834 4826 Φιλήμονος
2880 4757 2988 4812 τοῦ
3046 4758 3523 4826 Μακροκωμήτου
3571 4750 3666 4807 τοῦ

2244 4824 2406 4898 ἧπαρ
2429 4824 2778 4896 πάσχοκτος
2827 4827 2926 4882 καὶ
2966 4824 3223 4897 mamma
3267 4824 3532 4896 ἔχοντος.

2178 4921 2407 4991 Ἰδωμεν
2435 4919 2493 4972 δὲ
2515 4921 2610 4972 καὶ
2664 4917 2942 4989 Φιλήμονα
2981 4918 3070 4972 τὸν
3101 4917 3370 4980 διάκονον,
3393 4918 3485 4972 καὶ
3510 4914 3568 4968 τὸ
3598 4913 3666 4964 δι-

2110 5011 2276 5068 πλοῦν
2338 5009 2502 5065 αὑτοῦ
2539 5009 2949 5080 καταμάθωμεν
2976 5009 3213 5079 νόσημα,
3251 5009 3345 5063 καὶ
3367 5009 3464 5080 τὴν
3489 5003 3660 5072 διττὴν

2107 5103 2274 5160 αὐτοῦ
2304 5103 2666 5173 θεωρήσωμεν
2695 5100 2860 5155 ἴασιν.
2895 5101 3167 5172 Πάρεστιν
3205 5101 3314 5172 γάρ
3340 5102 3369 5154 ό
3399 5097 3550 5169 ἀνὴρ,
3578 5094 3663 5146 σὺν

2105 5195 2307 5267 δρόμου
2356 5195 2683 5266 ῥοιζήμασιν
2732 5193 2798 5249 ὲκ
2827 5193 3083 5263 Φοινίκης
3145 5193 3278 5262 ἡμῖν
3329 5189 3660 5261 ἀφικόμενος»

2103 5289 2200 5342 καὶ
2219 5287 2451 5358 Μακρᾶς
2481 5285 2674 5356 κώμης
2695 5285 2791 5355 τῆς
2813 5286 2990 5338 ἐκεῖσε
3012 5283 3282 5354 λαχούσης
3303 5281 3400 5352 τὴν
3427 5280 3656 5348 δόμησιν.

2106 5379 2348 5450 Πάρεστι
2397 5378 2527 5446 γοῦν
2573 5378 2651 5446 τί)
2694 5378 3006 5448 γράμματι,
3067 5377 3166 5438 τὰς
3220 5376 3406 5436 νόσους
3432 5373 3555 5442 ἡμῖν
3585 5368 3660 5417 ὲν·

2107 5470 2478 5542 δεικνύμενος,
2528 5473 2620 5526 καὶ
2643 5470 2711 5524 τά
2733 5469 2830 5536 τὰς
2863 5469 3051 5532 νόσους
3087 5470 3215 5540 ἡμῖν
3247 5465 3507 5520 ἐλάσαντα
3535 5456 3658 5528 φάρ-

1999 5585 2135 5641 ΤΕ.

1901 5585 1946 5641 Ν

485 5678 613 5758 L31)
653 5677 742 5739 Dic
768 5677 1184 5746 Matrocumeta,
1223 5695 1251 5733 a
1288 5681 1462 5750 patria
1497 5681 1851 5746 .ilacrocome,
1883 5589 1995 5751 (ei:

2098 5625 2300 5734 auctio.
