3998 6200
441 219 583 282 3637

1471 218 1573 278 SS.
1613 217 1789 278 CYRI
1834 217 1926 277 ET
1968 216 2288 278 JOANNIS
2317 207 2732 279 MIRACULA.

3555 217 3696 284 3633

445 346 618 400 μακα,
635 325 671 381 ά
693 325 788 379 καὶ
812 325 907 380 νῦν
938 323 1248 396 γράφεσθαι
1275 324 1544 396 βούλεται,
1579 326 1676 380 καὶ
1702 323 2007 394 πανταχόσε

2142 332 2294 379 nenta
2327 323 2716 382 demonstrans
2744 343 2759 392 ;
2807 341 3036 396 quaeque
3070 327 3237 383 scribi
3271 329 3386 382 vult
3415 341 3468 385 et
3498 333 3696 402 ubique

442 417 807 488 κηρύττεσθαι
841 416 976 488 πρδς
1003 416 1277 487 εὐφημίαν
1308 417 1408 486 τῆς
1430 416 1613 485 Κύρου
1651 415 2008 469 καὶΊωάννου

443 509 745 578 δυνάμεως,
783 507 892 560 τῶν
945 508 1254 577 οὐδαμινοῖς
1306 509 1399 561 καὶ
1449 508 1628 578 ψιλοῖς
1680 507 2020 580 βοηθήμασιν

449 599 647 668 ἰσχυρά
685 597 777 650 καὶ
809 596 1018 667 μεγάλα
1045 597 1325 650 παυόντων
1356 599 1660 668 νοσήματα.
1693 597 1904 651 Οὐκοῦν
1928 598 2021 651 καὶ

444 689 620 742 ταῦτα
663 692 777 752 τοῖς
833 689 1163 760 προλαϐοῦσι
1209 689 1581 758 συντάξωμεν,
1649 689 1750 758 τῆς
1785 690 1868 742 el‘
1894 689 2018 752 τοὺς

449 781 638 848 ἁγίους
675 779 891 842 εὐνοίας
920 780 1080 832 αὐτὸν
1111 780 1475 850 ἀγασάμενοι.

523 871 672 941 Πάθη
705 869 798 924 δύο
830 870 980 924 δεινά
1008 871 1103 924 καὶ
1134 871 1359 924 δυσίατα
1387 875 1600 944 προσῆν
1626 871 1705 943 τῷ
1736 871 2018 942 Φιλήμονι,

451 963 508 1014 ἐν
542 962 638 1032 μὲν
653 961 712 1013 τὸ
739 959 830 1014 τοῦ
851 961 1065 1032 ἥπατος
1085 961 1171 1014 ἀεὶ
1201 962 1415 1027 πιάζον,
1448 961 1542 1016 καὶ
1574 961 1807 1014 Θανάτου
1837 961 2024 1015 ποιοῦν

451 1053 870 1123 παραπλήσιονο
905 1051 1238 1124 τὸδεύτερον
1283 1053 1340 1106 δέ
1400 1055 1500 1120 τῆς
1547 1053 1826 1124 σύριγγος,
1879 1054 1907 1106 θ
1934 1054 2026 1107 τὸν

453 1145 727 1215 τράχηλον
782 1143 949 1198 αὐτοῦ
1012 1145 1464 1216 κληρωσάμενον,
1484 1145 1714 1215 κρουνὸν
1740 1145 1900 1198 αὐτὸν
1931 1148 2024 1199 ἐκ-

453 1236 644 1289 πτύειν
671 1239 734 1289 ἐκ
758 1235 1028 1306 τραχήλου
1061 1236 1382 1306 πεποίηκεν.
1435 1235 1543 1288 Καὶ
1567 1237 1687 1298 ταῖς
1729 1234 1827 1305 μὲν
1855 1235 2027 1305 ἀλγη-

452 1329 568 1382 δόσι
624 1327 717 1380 τοῦ
779 1327 987 1398 ἥπατος
1036 1326 1228 1398 καιρὸς
1291 1325 1661 1398 προσενέμετο
1700 1327 1793 1380 καὶ
1832 1327 2026 1396 χρόνου

455 1417 721 1488 περίοδος,
768 1417 888 1471 καθ’
924 1419 988 1488 ἢν
1013 1418 1289 1488 ἐσφρίγων
1351 1409 1512 1471 αὗται
1542 1418 1636 1469 καὶ
1659 1413 1908 1487 ἦκμαζον
1931 1417 2027 1468 καὶ

455 1511 550 1562 τὸν
573 1508 856 1579 άνθρωπον
893 1508 1212 1572 ἐϐασάνιζον
1233 1548 1248 1573 ,
1280 1509 1373 1560 καὶ
1409 1508 1532 1561 καθ’
1557 1511 1622 1578 ἥν
1649 1507 1946 1560 ἐνεδίδοσάν
1971 1523 2028 1558 τε

455 1601 550 1651 καὶ
569 1597 857 1668 ήσύχαζον,
895 1597 1100 1650 καὶτὸν
1127 1597 1413 1668 ἄνθρωπον
1430 1598 1557 1650 εἴων
1589 1595 1880 1649 ἀνώδυνον·
1910 1598 2027 1658 ταῖς

2127 415 2412 486 praedicari
2435 415 2501 470 ad
2533 416 2747 471 laudem
2771 415 2900 488 Cyri
2934 414 3271 488 Joannisque
3299 418 3584 486 virtutum,
3605 424 3696 490 qui

2125 507 2361 563 exilibus
2395 507 2716 578 exiguisque
2749 507 3098 564 adminiculis
3145 510 3314 566 fortes
3362 527 3701 583 magnosque

2129 612 2419 667 languores
2454 592 2832 667 compescunt.
2861 599 3004 670 Ergo
3029 609 3084 654 et
3121 600 3235 654 haec
3264 616 3388 655 cum
3424 602 3700 671 prioribus

2129 689 2468 754 ordinamus,
2518 705 2641 744 eum
2688 690 3077 746 benevolentiae
3121 690 3511 765 [hellenismus]
3553 698 3699 749 circa

2131 787 2352 836 sanctos
2385 779 2581 833 habitae
2605 779 2960 837 admirantes.

2200 868 2493 926 Passiones
2535 870 2656 925 dua:
2707 880 2944 937 atroces,
2992 881 3046 927 et
3081 887 3201 943 qua:
3256 871 3473 930 diﬁicile
3518 878 3699 931 sanari

2134 969 2384 1031 possunt.
2419 960 2719 1017 Philemoni
2752 963 3022 1020 aderant:
3057 965 3249 1018 harum
3289 965 3508 1031 quidem
3531 967 3700 1021 altera

2133 1053 2366 1122 hepatis,
2425 1069 2748 1124 semperque
2798 1055 3131 1125 deprimens,
3174 1069 3226 1112 et
3279 1059 3438 1111 morti
3500 1057 3702 1115 faciens

2133 1145 2365 1199 similem
2401 1164 2413 1199 :
2442 1146 2608 1200 altera
2651 1161 2780 1200 vero
2813 1146 3009 1202 ﬁstula:
3037 1163 3159 1216 quae
3197 1148 3393 1202 collum
3429 1148 3548 1217 ejus
3588 1165 3704 1205 sor-

2135 1235 2253 1300 tita,
2281 1235 2507 1302 fontem,
2536 1236 2588 1289 id
2625 1245 2710 1291 est
2741 1253 2864 1307 pus,
2899 1236 3229 1292 deﬂuentem
3258 1238 3324 1293 de
3355 1241 3519 1306 collo,
3554 1241 3700 1296 fecit.

2136 1324 2200 1380 Et
2235 1325 2517 1381 doloribus
2547 1327 2762 1396 quidem
2812 1329 3026 1398 hepatis
3064 1327 3346 1383 definitum
3381 1338 3616 1399 tempus,
3651 1344 3702 1384 et

2137 1414 2399 1484 temporis
2438 1415 2704 1471 circuitus
2747 1416 3111 1480 tribuebatur,
3146 1417 3198 1470 in
3232 1433 3340 1486 quo
3383 1419 3702 1473 crescebant

2137 1503 2191 1557 hi
2245 1514 2298 1558 et
2347 1504 2604 1574 vigebant
2659 1515 2713 1558 et
2763 1505 3038 1559 hominem
3071 1505 3469 1560 alternantibus
3495 1505 3704 1559 vicibus

2137 1595 2472 1657 cruciabam,
2503 1605 2556 1650 et
2585 1596 2638 1649 in
2670 1611 2780 1665 quo
2817 1595 3144 1650 recedebant
3185 1605 3238 1650 et
3263 1596 3620 1665 quiescebant
3653 1607 3704 1647 (ιι

455 1685 512 1738 δέ
544 1687 642 1752 τῆς
670 1686 927 1756 σύριγγος
956 1685 1238 1755 εύρέσεσιν
1275 1685 1467 1756 χρόνος
1521 1685 1620 1754 οὐχ
1653 1684 1874 1756 ὥριστο,
1919 1685 2028 1738 οὑδ’

2142 1683 2250 1738 siue
2297 1685 2486 1740 dolore
2555 1700 2947 1754 nonnunquam
2995 1685 3266 1741 hominem
3321 1685 3702 1748 dimittebant;

457 1775 685 1840 ἐναλλὰξ
731 1780 1023 1844 γιγνομένη
1056 1776 1323 1847 περίοδος,
1388 1776 1502 1830 ἀλλ’
1543 1777 1630 1829 ἀεὶ
1659 1777 1785 1838 τοὺς
1823 1775 2029 1846 ίχῶρας

456 1859 616 1919 αὗται
643 1865 964 1937 κατέφερον,
996 1868 1091 1919 καὶ
1120 1867 1372 1937 άλήκτως
1397 1866 1564 1936 ἠνίων
1593 1867 1685 1919 τὸν
1712 1865 2020 1937 ἄνθρωπον.

456 1957 558 2009 Διὰ
586 1956 756 2010 ταῦτα
782 1957 1132 2028 παρενοχλῶν
1162 1958 1368 2027 ίατροϊς
1407 1959 1508 2010 οὐκ
1535 1957 1798 2011 ἐπαύετο’
1835 1958 1926 2011 καὶ
1955 1957 2032 2020 ὡς

457 2048 662 2100 τούτων
685 2048 928 2119 σφοδρῶς
960 2048 1321 2118 αἰκιζόμενος,
1353 2050 1610 2120 ἐπεζήτει
1634 2050 1760 2112 τοὺς
1785 2048 2032 2119 κρείσσοο

455 2155 575 2200 νας,
611 2139 705 2191 καὶ
738 2138 868 2191 ποτέ
889 2139 986 2208 μὲν
1013 2138 1274 2202 ἐκείνους,
1316 2139 1446 2191 ποτὲ
1480 2139 1538 2192 δέ
1567 2125 1791 2202 τούτους
1815 2137 2028 2202 ἐδίωκε,

460 2229 590 2299 παρ’
611 2228 888 2300 ἑκατέρων
917 2228 973 2282 δὲ
1003 2229 1168 2300 μηδὲν
1198 2229 1502 2301 ὠφεληθεὶς
1527 2227 1814 2283 ἀπελύετο.

543 2496 630 2558 Ὠς
667 2496 765 2565 μὲν
790 2495 883 2548 οὖν
933 2496 1150 2566 ἰατροὺς
1199 2495 1449 2559 πλείονας
1505 2494 1756 2567 ήλλαξεν,
1813 2495 1906 2549 καὶ
1932 2494 2032 2560 τάς

460 2588 648 2650 νόσους
669 2588 954 2641 ἀλλάττειν
978 2589 1077 2658 οὐχ
1107 2587 1381 2657 εὕρισκεν,
1407 2587 1498 2638 ἐπὶ
1522 2585 1704 2656 Κῦρον
1732 2586 1824 2639 καὶ
1851 2586 2033 2640 Ἰωάν-

462 2696 561 2748 νην
585 2675 717 2750 ἦλθε
748 2680 872 2744 τοὺς
899 2680 1204 2750 μάρτυρας,
1226 2680 1354 2750 παρ’
1381 2676 1463 2742 οἷς
1495 2681 1551 2732 ἐν
1581 2678 1764 2732 πίστει
1802 2680 2033 2750 γενόμε-

465 2785 576 2830 νος,
627 2768 813 2836 ὑγείας
869 2770 965 2840 μὲν
1003 2770 1102 2832 τάς
1157 2769 1346 2834 νόσους
1385 2770 1676 2839 ἠλλάξατο,
1739 2770 1936 2834 ἄλλους
1977 2771 2035 2825 δὲ

465 2859 628 2911 πάλιν
657 2859 874 2928 ἰατροὺς
888 2859 990 2911 οὐκ
1020 2857 1330 2927 ἐνήλλαξεν.
1357 2860 1452 2910 Ὃν
1469 2858 1579 2929 γὰρ
1601 2861 1649 2911 oi
1680 2859 1824 2926 ἆγιοι
1849 2858 2036 2912 θεόθεν

463 2949 744 3015 δεξάμενοι
796 2949 982 3004 παθῶν
1007 2951 1068 3002 οὐ
1101 2948 1404 3020 βουληθῶσι
1463 2951 1866 3021 λυτρώσασθαι,
1912 2951 2034 3004 οὐδὲ

469 3043 578 3104 πᾶς
627 3039 804 3094 αὐτῶν
825 3042 852 3093 ὀ
876 3039 987 3093 τῶν
1026 3042 1109 3094 ίατ
1119 3041 1226 3112 ρῶν
1273 3041 1476 3112 κόσμος
1495 3040 1845 3113 λυτρώσηται
1865 3059 1878 3073 °
1920 3042 2034 3096 ἀλλ’

468 3133 560 3184 ἐπὶ
581 3131 643 3184 τὸ
668 3131 987 3200 λειπόμενον
1033 3131 1133 3201 τῆς
1169 3131 1478 3202 διηγήσεως
1531 3133 1796 3203 ἔλθωμεν,
1825 3135 1918 3186 καὶ
1939 3133 2039 3201 τὴν

468 3223 768 3291 θεραπείαν
820 3224 1060 3293 εἴπωμεν
1121 3223 1218 3276 τοῦ
1276 3223 1598 3294 Φιλήμονος,
1635 3224 1826 3296 ὥσπερ
1873 3225 2038 3279 αὑτοῦ

471 3314 567 3367 καὶ
591 3315 690 3378 τάς
718 3315 906 3378 νόσους
956 3317 1258 3387 εἰρήκαμεν
1276 3335 1291 3350 ο
1317 3319 1453 3391 αὕτη
1487 3320 1597 3390 γάρ
1624 3321 1742 3373 ἐστι
1775 3320 1837 3374 τὸ
1867 3321 2041 3388 γλυκὺ

471 3407 579 3459 τῶν
631 3408 939 3478 λεγομένων
985 3410 1280 3478 κεφάλαιον
1307 3426 1323 3440 ’
1370 3411 1660 3465 ἐκάθευδεν
1706 3411 1764 3464 δὲ
1812 3411 1905 3464 ἐπὶ⁵
1944 3411 2046 3481 τῆς

477 3501 762 3570 στρωμνῆς
793 3503 821 3554 ὁ
842 3500 1107 3566 διάκονος,
1152 3503 1248 3558 καὶ
1270 3505 1319 3556 οἱ
1351 3505 1627 3575 μάρτυρες
1657 3503 1804 3573 αύτῷ
1833 3521 2044 3572 κοιμωο

480 3593 624 3662 μένῳ
681 3593 1035 3664 παρίσταντο.
1089 3593 1244 3646 Καὶό
1267 3595 1366 3662 μὲν
1406 3593 1573 3646 αὑτοῦ
1611 3593 1672 3646 τὸ
1709 3585 1862 3664 ἧπαρ
1891 3593 2047 3646 ἐσκό-

477 3702 662 3748 πευεν,
694 3687 719 3736 ό
749 3685 804 3738 δὲ
834 3684 1078 3737 κατενόει
1136 3685 1229 3737 τοῦ
1281 3685 1558 3755 τραχήλου
1607 3684 1704 3750 τὴν
1757 3685 2000 3754 σύριγγα
2028 3699 2044 3714 ⁶

477 3778 571 3830 καὶ
597 3780 624 3830 ὁ
645 3776 743 3846 μὲν
772 3777 871 3840 τὰς
916 3777 1111 3842 ὀδύνας
1140 3776 1232 3830 τοῦ
1281 3777 1492 3847 ἥπατος
1517 3775 1774 3840 ἔπαυσεν,
1800 3776 1828 3827 ὁ
1859 3775 1916 3828 δὲ
1951 3776 2048 3838 τὰς

476 3871 578 3938 τῆς
618 3867 876 3940 σύριγγος
901 3868 1086 3938 πηγάς
1120 3867 1456 3938 άνεξήρανεν
1479 3885 1492 3899 ο
1531 3867 1624 3920 καὶ
1652 3866 1840 3936 ἐπειδὴ
1875 3865 2051 3920 ταῦτα

479 3961 758 4024 ποιοῦντες
811 3961 1141 4027 ἐπαύσαντο,
1169 3961 1296 4014 τάδε
1334 3962 1509 4013 ποιεῖν
1548 3959 1801 4021 ἀπιόντες
1830 3958 2050 4011 ἐκέλευ-

481 4069 598 4115 σαν,
633 4055 726 4106 καὶ
761 4052 1087 4121 ἀμφοτέρων
1114 4051 1324 4104 τελείαν
1349 4050 1446 4122 τὴν
1480 4050 1649 4122 ρῶσιν
1674 4049 2045 4118 κομίσασθαι·

477 4143 620 4212 ὁτῆς
664 4142 922 4212 σύριγγος
973 4143 1178 4213 στήσας
1203 4141 1273 4195 τά
1297 4140 1568 4211 ῥεύματα,
1619 4139 1810 4210 τρίψαι
1865 4139 2052 4209 κιτρό-

483 4235 655 4301 φυλλα
696 4234 791 4287 καὶ
831 4233 1193 4304 προσενέγκαι
1232 4232 1310 4302 τῷ
1340 4232 1500 4284 πάθει
1535 4230 1867 4300 προσέταξεν
1898 4244 1912 4259 ’
1939 4231 1967 4282 ό
1993 4229 2053 4282 τδ

2129 1771 2488 1828 allusiouibus
2523 1781 2702 1828 autem
2741 1782 2958 1842 tempus
2987 1772 3270 1828 deﬁnitum
3313 1775 3522 1828 nullum
3565 1783 3703 1835 erat,

2130 1877 2232 1918 nec
2273 1863 2519 1920 alternus
2567 1865 2746 1920 factus
2782 1879 2971 1920 earum
3015 1864 3306 1930 circuitus,
3357 1866 3449 1920 sed
3499 1865 3703 1936 jugiter

2131 1954 2315 2009 sanies
2359 1967 2419 2008 se
2459 1954 2717 2009 deorsum
2768 1954 3076 2019 mittebant,
3128 1966 3182 2008 et
3222 1955 3342 2010 sine
3383 1955 3571 2023 requie
3611 1955 3705 2006 ho-

2131 2044 2331 2098 minem
2363 2044 2719 2099 tribulabant.
2738 2043 3031 2116 Propterea
3057 2044 3320 2100 molestus
3337 2059 3460 2100 esse
3477 2043 3706 2100 medicis

2131 2148 2240 2190 non
2276 2135 2547 2199 cessabat,
2596 2143 2650 2190 et
2695 2150 2819 2189 cum
2868 2135 2955 2189 his
2988 2134 3165 2188 valide
3195 2133 3297 2206 [ita
3328 2133 3470 2204 rod.]
3514 2136 3706 2189 verbe-

2132 2236 2304 2288 ratus,
2339 2226 2594 2280 meliores
2636 2225 2949 2296 quaerebat;
2995 2233 3046 2278 et
3091 2225 3248 2281 modo
3294 2225 3514 2294 quidem
3549 2226 3690 2285 illos,

2131 2317 2295 2372 modo
2323 2332 2448 2371 vero
2481 2319 2618 2372 istos
2654 2317 3104 2386 prosequebatur,
3135 2316 3212 2385 ab;
3244 2315 3488 2384 utrisque
3514 2325 3691 2370 autem

2132 2406 2209 2461 nil
2243 2405 2462 2476 adjutus
2499 2406 2894 2461 dimittebatur.

2204 2496 2345 2568 Ergo
2390 2513 2513 2552 eum
2582 2497 2822 2552 medicos
2881 2498 3147 2566 plurimos
3192 2503 3606 2559 commutasset,
3653 2505 3704 2548 et

2133 2589 2430 2657 languores
2488 2587 2724 2658 qualiter
2775 2595 3063 2652 mutasset,
3111 2588 3336 2643 minime
3385 2587 3702 2643 invenisset.

2135 2677 2204 2733 ad
2242 2677 2443 2748 Cyrum
2491 2685 2546 2732 et
2577 2677 2844 2733 Joannem
2883 2687 3154 2750 martyres
3201 2678 3369 2744 venit,
3398 2677 3538 2748 apud
3569 2691 3706 2746 quos

2136 2767 2192 2824 in
2241 2767 2344 2824 ﬁde
2389 2776 2663 2838 repertus,
2695 2769 2988 2841 languores
3033 2770 3251 2840 quidem
3299 2769 3534 2826 sanitate
3582 2784 3706 2823 mu-

2135 2858 2290 2922 tavit,
2319 2857 2415 2915 sed
2455 2874 2560 2914 nec
2607 2860 2807 2915 iterum
2839 2861 3080 2916 medicos
3123 2861 3502 2917 commutavit.
3535 2859 3706 2928 Quem

2137 2953 2281 3007 enim
2334 2952 2508 3008 sancti
2535 2952 2810 3008 divinitus
2861 2960 3088 3023 accepta
3132 2951 3306 3022 gratia
3347 2951 3640 3006 noluerunt
3677 2966 3707 3002 ιι

2141 3044 2487 3115 passionibus
2529 3043 2784 3108 liberare,
2815 3056 2916 3097 nec
2949 3043 3129 3097 omnis
3173 3041 3510 3098 medicorum
3546 3054 3708 3094 mun-

2141 3135 2266 3202 dus,
2306 3144 2366 3190 ut
2412 3135 2485 3189 ita
2531 3133 2724 3200 fatear,
2767 3133 3040 3188 liberabit.
3087 3132 3193 3187 Sed
3251 3132 3320 3186 ad
3377 3130 3710 3186 narrationis

2141 3224 2420 3280 residuum
2451 3223 2754 3286 veniamus,
2780 3231 2836 3278 et
2870 3221 3203 3277 Philemonis
3241 3221 3578 3276 curationem
3622 3218 3710 3271 di-

2143 3330 2355 3379 camus,
2397 3314 2541 3370 sicut
2582 3316 2702 3382 ejus
2744 3313 2908 3370 etiam
2952 3313 3247 3382 lauguorcs
3288 3311 3579 3374 ediximus,
3609 3310 3712 3363 hac

2144 3405 2288 3460 enim
2335 3411 2420 3460 est
2462 3403 2626 3458 dulce
2687 3403 2958 3457 dictorum
3012 3401 3344 3471 capitulum.
3402 3397 3758 3454 Dot'miebat.

2148 3511 2314 3566 supra
2366 3502 2598 3550 stratum
2643 3492 2934 3558 diaconus,
2985 3500 3038 3546 et
3105 3497 3370 3560 martyres
3419 3487 3710 3542 dormienti

2147 3589 2196 3642 ei
2238 3587 2512 3651 astabant,
2565 3594 2621 3640 et
2676 3585 2815 3638 alter
2875 3583 3094 3651 quidem
3158 3583 3313 3650 jecur
3365 3579 3486 3648 ejus
3542 3585 3715 3632 attra-

2147 3679 2350 3741 ctabat,
2411 3677 2551 3730 alter
2614 3689 2744 3729 vero
2807 3674 2931 3727 colli
2997 3671 3228 3726 ﬁstulam
3295 3669 3712 3725 considerabat:

2150 3777 2204 3824 et
2262 3766 2353 3822 ille
2404 3766 2624 3836 quidem
2663 3765 2886 3819 dolores
2928 3762 3131 3832 jecoris
3171 3759 3569 3830 compescebat,
3616 3759 3717 3812 iste

2152 3871 2388 3926 namque
2448 3855 2623 3910 fontes
2684 3853 2878 3909 ﬁstula:
2939 3850 3264 3905 desiccabat.
3311 3847 3377 3902 Et
3415 3847 3544 3918 quia
3589 3861 3714 3901 cum

2152 3949 2267 4004 haec
2313 3945 2574 4002 fecissent
2607 3950 2985 4007 cessaverunt,
3017 3942 3131 3995 haec
3177 3940 3358 3996 facere
3403 3938 3716 3995 recedentes

2149 4041 2454 4110 jusserunt,
2481 4046 2538 4092 ut
2563 4036 2846 4104 utriusque
2891 4031 3188 4104 petfeetam
3220 4030 3486 4100 reciperet
3512 4029 3718 4085 sanita-

2157 4143 2285 4186 tem.
2316 4127 2420 4194 Qui
2449 4142 2579 4198 ergo
2620 4133 2772 4181 stare
2808 4123 2937 4178 iecit
2977 4122 3170 4177 ﬁstula;
3190 4120 3394 4186 ﬂuxus,
3434 4119 3558 4176 citri
3590 4117 3717 4173 folia

2156 4229 2331 4276 terere
2371 4227 2424 4273 et
2457 4217 2626 4272 ulceri
2664 4214 2860 4269 allerre
2893 4211 3173 4284 praecepit.
3203 4210 3260 4265 ιε
3309 4218 3489 4265 autem
3526 4209 3620 4279 qui
3647 4216 3719 4261 ta-

481 4319 632 4398 ἧπαρ
665 4327 721 4380 δέ
750 4300 1051 4394 ταίςτάφαῖς
1078 4300 1401 4394 ίασάμενος,
1439 4323 1626 4385 ἐλαίας
1656 4322 1881 4388 ἐνέγκαι
1911 4320 2037 4391 χλω·

2155 4311 2334 4366 clibus
2369 4313 2537 4378 hepar
2577 4313 2890 4370 sanaverat,
2949 4303 3126 4358 olivas
3167 4300 3382 4357 deferre
3418 4300 3644 4364 virides,
3667 4309 3721 4352 ct

487 4419 604 4486 ράς’
636 4419 729 4472 καὶ
761 4417 860 4480 τὰς
893 4417 994 4487 μὲν
1043 4416 1243 4469 ἐσθίειν
1284 4415 1558 4479 ἐθέσπισε,
1589 4414 1691 4477 τὰς
1719 4414 1775 4466 δὲ
1807 4413 2052 4475 λειῶσαι,

481 4509 684 4561 καὶτὸν
719 4511 884 4561 τόπον
915 4507 1259 4562 καταπλάσαι
1301 4507 1394 4560 τοῦ
1429 4507 1658 4578 ἥπατος.
1707 4504 1968 4568 Ἀναστάς
1997 4504 2054 4556 δέ

485 4599 622 4669 μετὰ
675 4599 766 4652 τὸν
825 4597 1042 4652 ὕπνονό
1077 4601 1377 4670 ἄρρωστος,
1428 4598 1528 4662 τάς
1589 4599 1916 4669 ἀμφοτέρων
1945 4595 2053 4650 τῶν

484 4691 653 4758 ἁγίων
701 4691 1026 4759 προστάξεις
1061 4691 1396 4759 ἐπλήρωσεν,
1426 4690 1522 4745 καὶ
1574 4688 1675 4752 τὰς
1729 4687 2054 4758 ἀμφοτέρων

483 4779 590 4832 τῶν
613 4777 780 4846 ἁγίων
808 4777 1108 4849 θεραπείας
1138 4777 1421 4846 ἐδρέψατο.
1447 4776 1705 4846 Φιλήμων
1733 4771 1824 4827 οὖν
1854 4777 1882 4828 ό
1914 4775 2047 4827 θαυ-

487 4871 678 4940 μάσιος
709 4869 852 4924 οὕτω
896 4870 1081 4938 φυγὼν
1111 4868 1180 4922 τὰ
1215 4869 1518 4938 νοσήματα,
1547 4869 1639 4920 καὶ
1667 4867 1848 4920 λαϐὼν
1866 4866 1933 4919 τά
1968 4866 2052 4920 ίά-

487 4985 648 5036 ματα,
678 4965 1126 5046 τοὺςκδεδωκότας
1167 4963 1349 5033 ύμνῶν
1381 4961 1736 5030 ἀπελήλυθεν.
1782 4961 1972 5031 Ἡμεῖς
1995 4961 2052 5014 δὲ

481 5058 549 5110 δι’
578 5057 895 5128 ἀμφοτέρας
953 5056 1050 5119 τάς
1106 5055 1301 5126 ρὡεις
1338 5055 1529 5116 διττῶς
1581 5053 1879 5123 ὑμνοῦντες
1924 5053 2053 5116 τοὺς

488 5149 790 5219 μάρτυρας,
843 5149 980 5216 πρὸς
1028 5147 1200 5201 ἄλλων
1253 5145 1436 5215 ὓμνων
1487 5145 1697 5214 μητέρα
1733 5145 1826 5197 καὶ
1854 5142 2052 5215 τροφὸν

485 5239 816 5306 ἐπαγγελίαν
838 5237 1246 5308 προσέλθωμεν.

554 5351 672 5404 EB’.
721 5348 861 5417 Περὶ
897 5348 1188 5414 Ῥοδόπης
1220 5345 1552 5415 ἐσχηκυίας
1581 5343 1978 5414 ἐκϐράσματα.

567 5501 877 5569 ἪῬοδόπη
911 5501 1008 5570 τὴν
1028 5499 1264 5572 γραφίδα
1293 5499 1690 5570 τροχάζουσαν,
1722 5497 1813 5550 καὶ
1842 5494 2051 5567 χαράτο

485 5609 600 5661 few
639 5593 800 5664 ἕτερα
821 5591 1072 5663 θαύματα
1104 5589 1455 5655 σπεύδουσαν,
1475 5590 1572 5660 τῆς
1604 5589 1692 5642 ἐπὶ
1717 5587 1923 5651 τούτοις
1952 5604 2048 5640 πο·

2159 4401 2349 4455 harum
2386 4400 2588 4454 alteras
2618 4397 2971 4461 manducare,
3013 4394 3214 4450 alteras
3234 4401 3419 4448 autem
3452 4392 3717 4454 emollire,

2155 4501 2210 4548 et
2232 4493 2410 4546 locum
2427 4490 2631 4561 jecoris
2649 4487 3044 4558 cataplasmare
3063 4482 3342 4555 pracepit.
3361 4486 3460 4540 Ast
3474 4481 3722 4538 inﬁrmus

2157 4599 2390 4656 surgens
2427 4589 2548 4654 post
2601 4581 2902 4644 somnium,
2945 4585 3236 4648 utramque
3257 4575 3561 4646 iussionem
3593 4587 3723 4628 san-

2155 4686 2367 4732 ctorum
2400 4673 2662 4744 implevit,
2693 4679 2748 4726 et
2778 4678 3139 4739 utrarumque
3183 4665 3497 4722 curationes
3517 4663 3724 4733 passio-

2155 4783 2284 4823 num
2337 4765 2598 4837 percepit.
2642 4763 2886 4818 Philemo
2931 4775 3062 4831 ergo
3090 4758 3181 4812 ille
3221 4756 3512 4817 mirabilis,
3538 4752 3722 4808 taliter

2154 4861 2448 4930 languores
2513 4854 2792 4924 eﬁ‘ugiens,
2842 4849 3095 4906 sanitatis
3147 4849 3293 4902 dono
3339 4854 3578 4914 recepto,
3627 4857 3721 4897 eos

2153 4951 2247 5021 qui
2305 4945 2648 5003 contulerant
2693 4939 3012 4996 collaudatis
3057 4936 3346 4992 abscessit.
3399 4933 3572 4990 Porro
3619 4946 3719 4987 nos

2154 5039 2226 5093 ob
2247 5046 2535 5104 utramque
2566 5030 2853 5087 sanitatem
2887 5025 3182 5095 dupliciter
3207 5023 3425 5094 hymnis
3453 5028 3720 5090 martyres

2153 5130 2580 5199 prosequentes.
2622 5119 2689 5174 ad
2744 5119 2978 5174 aliorum
3022 5115 3348 5186 hymnorum
3398 5110 3717 5168 relationem

2155 5225 2383 5274 matrem
2412 5229 2477 5270 ac
2512 5212 2786 5268 nutricem
2809 5208 3156 5264 accedamus.

2259 5328 2415 5384 LXII.
2469 5326 2545 5380 De
2615 5323 2857 5390 Rhodope
2911 5336 3032 5391 qua:
3073 5318 3256 5372 habuit
3308 5315 3614 5372 cbullientes

2748 5390 3116 5448 carbunculos.

2225 5491 2484 5562 Rhodope
2533 5487 2734 5558 stylum
2785 5483 2927 5556 [cod.
2959 5478 3408 5551 descriptionem]
3451 5485 3715 5533 rotantan

2152 5594 2206 5639 et
2235 5597 2464 5638 cxnrarc
2497 5581 2600 5638 alia
2634 5577 2896 5632 miracula
2929 5573 3298 5634 festinantem,
3333 5571 3403 5626 ab
3434 5569 3626 5625 itinere
3653 5570 3715 5626 ad
