3998 6200
320 127 468 194 3639

1233 127 1291 186 S.
1317 120 1736 186 SOPHRONII
1769 119 2276 182 PATRIARCILE
2311 119 2714 183 HIEROSOL.

3453 128 3594 192 3610

328 244 443 296 luet:
483 236 746 306 inhibuit,
775 247 831 295 et
867 239 1014 294 hunc
1054 239 1120 298 ad
1162 254 1225 294 se
1262 236 1623 296 transferens.
1660 232 1902 290 scribere

2009 231 2432 302 ρεῖαςέκώλυσεσ
2454 233 2548 287 καὶ
2573 233 2778 306 ταύτην
2801 234 2938 306 πρὸς
2955 235 3157 308 ἐαυτὴν
3183 237 3586 308 permixtam.

324 328 500 401 prius,
537 341 661 398 qua
707 326 778 382 de
823 341 884 382 se
932 335 1084 398 gesta
1123 331 1275 389 sunt,
1315 322 1610 393 compulit;
1664 320 1899 392 qualiter

325 418 582 476 videlicet
611 417 908 490 aliquando
940 424 1334 489 pmtereuntes
1363 429 1484 470 eam
1517 421 1812 485 martyres,
1846 421 1901 468 et

325 509 393 564 ad
451 509 684 564 aliorum
741 508 1084 562 infirmorum
1147 505 1491 560 visitationes
1539 504 1898 568 divertentes,

325 597 594 668 impedire
616 597 1050 668 praesumpserit,
1072 605 1127 651 et
1151 595 1238 651 sui
1269 595 1450 650 facere
1477 609 1602 650 cum
1642 593 1898 649 omnibus

326 685 737 748 visitationem;
773 683 900 738 licet
935 684 1036 737 hoc
1069 682 1214 738 facto
1243 680 1382 737 nihil
1410 680 1726 752 profecerit,
1760 696 1900 736 mor-

327 785 380 831 te
426 776 717 829 sanitatem
798 775 1197 844 praeveniente,
1252 781 1680 842 sanctorumque
1746 772 1901 826 ausi-

324 866 458 921 lium
492 866 790 921 rccidente.
828 864 974 936 Ergo
1009 875 1062 921 et
1098 881 1222 930 nos,
1255 881 1376 936 quae
1417 873 1734 919 sanctorum
1770 869 1901 918 sunt

325 956 760 1022 conscribentes,
796 965 850 1012 et
898 956 1100 1012 bonam
1156 970 1348 1012 eorum
1404 955 1472 1010 ad
1528 969 1721 1009 omnes
1767 969 1901 1009 con-

325 1047 744 1104 descensionem
796 1047 1190 1112 edisserentes,
1244 1047 1524 1102 imitemur
1567 1060 1686 1110 eos,
1735 1050 1791 1100 et
1834 1058 1900 1098 ea

325 1152 449 1206 quae
491 1137 639 1191 circa
683 1137 858 1206 ipsam
898 1144 1051 1207 gesta
1090 1143 1219 1204 sunt
1267 1133 1703 1198 conscribamus,
1749 1133 1900 1186 illam

327 1229 448 1285 sine
475 1229 1000 1287 commemoratione
1031 1228 1256 1283 minime
1288 1227 1622 1283 deserentes.

403 1320 670 1394 Rhodope
699 1321 955 1392 genimen
990 1329 1107 1376 erat
1134 1319 1352 1389 quidem
1383 1318 1749 1390 Theupoleos,
1779 1336 1900 1390 quae

327 1413 477 1468 omni
522 1411 779 1482 praesidet
817 1411 1048 1478 Orienti,
1083 1410 1340 1466 Antiochi
1389 1419 1580 1466 vocata
1623 1415 1766 1484 regis
1802 1429 1901 1468 co-

327 1503 608 1574 gnomine,
639 1510 694 1557 et
725 1502 1157 1572 principantium
1201 1504 1256 1556 in
1301 1517 1365 1557 ea
1409 1502 1676 1572 prosapia:
1712 1516 1776 1557 ac
1815 1503 1900 1558 di-

2003 321 2236 393 γράφειν
2289 323 2642 395 πρότεροντά
2674 325 2795 379 κατ’
2847 324 3020 396 αὐτὴν
3071 327 3367 392 ἐϐιάσατο,
3403 329 3589 403 ὥσπερ

2002 411 2131 465 ποτὲ
2162 411 2528 482 παρελθόντας
2557 414 2728 484 αὐτὴν
2749 415 2877 478 τοὺς
2904 415 3194 487 μάρτυρας
3213 417 3311 470 καὶ
3344 418 3483 488 πρὸς
3505 421 3590 474 άλ-

1999 503 2107 557 λων
2152 503 2396 559 ἀσθενῶν
2439 505 2760 576 ἐπισκέψεις
2797 507 3191 573 ἐκνεύσαντας,
3242 509 3590 572 ἀναποδίζειν

1997 595 2317 667 ἐτόλμησεν,
2367 598 2462 653 καὶ
2494 597 2592 670 τὴν
2615 597 2788 668 αὐτῆς
2835 600 3107 654 ποιεῖσθαι
3160 599 3314 670 μετὰ
3373 600 3588 655 πάντων

1998 686 2285 756 ἐπίσκεψιν
2305 704 2317 718 ·
2345 687 2393 742 εί
2418 689 2513 742 καὶ
2547 688 2712 759 μηδὲν
2742 687 2952 760 ὤνησεν
2979 688 3135 743 τοῦτο
3162 689 3477 759 ποιήσασα,
3499 692 3587 746 τοῦ

1998 777 2231 832 θανάτου
2249 777 2349 848 τὴν
2375 779 2541 847 ρὦιν
2569 779 3006 852 προφθάσαντος,
3024 779 3119 832 καὶ
3146 780 3253 849 τὴν
3274 779 3391 834 τῶν
3423 779 3589 848 ἁγίων

1998 868 2221 941 ἀρωγὴν
2280 868 2672 938 ἀνακόψαντος.
2714 868 2929 924 Οὐκοῦν
2982 869 3078 923 καὶ
3128 869 3304 941 ἡμεῖς
3355 867 3431 922 τά
3487 870 3592 923 τῶν

1998 959 2170 1029 ἁγίων
2218 960 2651 1031 συγγράφοντες,
2707 962 2800 1014 καὶ
2849 960 2951 1032 τὴν
2981 960 3116 1032 πρὸς
3157 959 3382 1024 πάντας
3415 959 3591 1016 αὐτῶν

1998 1049 2211 1120 ἀγαθὴν
2249 1050 2659 1119 συγκατάεασιν
2711 1051 3034 1122 φράζοντες,
3097 1049 3310 1112 αὐτοὺς
3341 1051 3591 1122 μιμησώο

2003 1140 2163 1211 μεθα,
2196 1141 2294 1195 καὶ
2318 1141 2390 1195 τὰ
2415 1143 2537 1194 κατ’
2568 1142 2742 1212 αὐτὴν
2783 1141 3224 1214 ἀναγράψωμεν,
3252 1141 3361 1194 οὐκ
3393 1143 3591 1208 ἐῶντες

2000 1230 2168 1302 αὐτὴν
2195 1231 2626 1302 ἀμνημόνευτον.

2085 1323 2313 1395 Ῥοδόπη
2379 1323 2626 1392 γέννημα
2676 1324 2776 1394 μὲν
2805 1318 2876 1394 ἦν
2904 1323 3303 1390 Θεουπόλεως,
3343 1325 3382 1395 ἢ
3414 1323 3590 1394 πάσης

2015 1415 2184 1488 Ἐῲας
2211 1416 2575 1486 προκάθηται,
2593 1417 2869 1488 Ἀντιόχου
2899 1417 3166 1488 κληθεῖσα
3183 1416 3286 1471 τοῦ
3325 1416 3590 1488 βασιλέως

2000 1507 2308 1577 ἐπώνυμος,
2343 1508 2440 1562 καὶ
2483 1508 2592 1561 τῶν
2622 1510 2680 1560 ἐν
2719 1510 2858 1580 αὐτῇ
2908 1509 3275 1580 προύχόντων
3321 1509 3471 1578 γένει
3501 1509 3593 1561 καὶ

331 1594 588 1649 vitiarum
619 1594 872 1674 claritate
905 1593 1244 1663 pracfulgida.
1277 1593 1545 1663 Tempore
1573 1609 1704 1650 vero
1734 1596 1902 1650 multo

2006 1597 2218 1668 πλούτῳ
2249 1598 2591 1668 προέλαμπε.
2618 1599 2825 1670 Χρόνον
2856 1600 2914 1653 δὲ
2949 1600 3146 1670 συχνὸν
3175 1599 3593 1670 Ἀλεξάνδρειαν

332 1683 680 1741 Alexandriae
719 1682 1004 1748 habitavit,
1051 1683 1316 1740 Joannem
1369 1686 1625 1740 maritum
1673 1687 1902 1753 habens,

330 1789 455 1828 cum
496 1788 608 1844 quo
664 1773 733 1827 ad
800 1773 949 1827 illam
1001 1775 1286 1839 assendit,
1346 1777 1440 1844 qui
1505 1776 1903 1834 rhetoricorum

329 1868 594 1938 magister
633 1874 756 1923 erat
802 1882 1144 1934 sermonum,
1179 1877 1233 1924 et
1283 1869 1513 1938 Eulogii,
1552 1869 1735 1940 magni
1783 1869 1904 1926 fidei

329 1958 735 2027 praedicatoris,
769 1958 1074 2029 discipulus
1111 1958 1362 2024 intimus,
1387 1960 1589 2031 quique
1625 1960 1749 2016 aliis
1780 1976 1904 2032 pro-

328 2048 555 2118 pinabat
595 2049 910 2114 utilitatem,
944 2064 1109 2118 quam
1153 2051 1224 2105 ab
1260 2051 1488 2121 Eulogio
1529 2052 1906 2108 sacratissimo

329 2137 460 2192 dum
492 2145 779 2211 supererat
805 2153 930 2196 cum
958 2141 1078 2209 ipso
1109 2153 1459 2196 commorans
1489 2139 1692 2202 hausit.
1729 2140 1905 2208 Hujus

329 2246 455 2287 cum
501 2240 650 2292 esset
695 2231 900 2302 conjux
948 2231 1212 2303 Rhodope
1250 2233 1306 2287 in
1347 2249 1410 2288 ea
1445 2233 1738 2290 Alexandri
1772 2234 1906 2289 civi-

329 2324 497 2378 vitate
540 2324 766 2396 degens,
802 2334 1107 2380 extremum
1143 2326 1462 2394 languorem
1512 2341 1767 2395 perpessa
1797 2336 1902 2393 est,

328 2427 430 2482 per
471 2420 643 2468 totum
691 2428 894 2484 corpus
940 2415 1064 2484 ejus
1113 2414 1464 2470 carbunculis
1508 2414 1900 2471 efﬂorentibus.

328 2497 578 2568 Cumque
625 2501 929 2570 pauxillum
993 2502 1224 2572 languor
1278 2503 1455 2558 lenior
1504 2502 1678 2569 ﬁeret,
1712 2513 1768 2559 et
1815 2505 1904 2562 ille

328 2591 540 2648 multus
583 2592 1048 2649 carbunculorum
1095 2593 1249 2650 furor
1293 2595 1348 2649 in
1397 2596 1693 2667 superficie
1735 2612 1904 2667 appa-

327 2681 567 2747 ruisset,
623 2683 1005 2754 retardarique
1055 2685 1161 2741 ista
1212 2685 1268 2740 in
1321 2700 1555 2756 corpore
1595 2701 1626 2741 a
1678 2687 1904 2743 medicis

327 2775 754 2841 aestimarentur,
789 2776 858 2832 ad
908 2775 1037 2847 Cyri
1087 2774 1425 2846 Joannisque
1475 2778 1755 2834 basilicam
1805 2792 1902 2833 νον

328 2863 452 2924 nire
502 2865 824 2922 muliercula
882 2868 1160 2939 cupiebat,
1201 2879 1264 2923 ut
1305 2873 1498 2924 horum
1547 2884 1650 2939 ope
1679 2882 1744 2922 ac
1780 2869 1901 2939 jus-

329 2955 508 3022 sione,
547 2955 941 3016 fostinatiorem
989 2961 1452 3016 carbunculorum
1501 2960 1898 3030 deposutionem

331 3047 628 3117 acciperet.
670 3046 735 3104 Et
767 3063 898 3105 ecce
927 3051 1196 3121 pervenit.
1232 3049 1363 3116 Quae
1397 3061 1559 3105 noctu
1597 3050 1901 3118 dormiens,

328 3147 612 3208 martyres.
635 3139 834 3209 aspicit
867 3139 1168 3210 phalangas
1196 3143 1578 3213 tegrotantium
1609 3156 1902 3213 peragran-

331 3239 441 3294 tes,
479 3239 534 3286 et
576 3246 676 3302 per
720 3231 970 3303 singulos
1004 3243 1196 3287 contra
1235 3247 1430 3288 omnes
1463 3232 1905 3304 congredientes,

331 3330 388 3376 et
411 3321 679 3377 sanitates
707 3323 1008 3393 unicuique
1036 3321 1418 3389 conferentes;
1447 3330 1503 3379 et
1529 3324 1656 3378 huic
1681 3324 1903 3394 quidem

332 3409 463 3473 hoc,
491 3411 616 3468 aliis
644 3419 828 3467 autem
856 3412 1010 3468 aliud
1035 3410 1216 3470 facere
1247 3411 1646 3482 pmcipientes.
1679 3412 1731 3474 Α
1755 3413 1906 3484 prin-

211 3557 246 3585 ε,
333 3500 488 3570 cipio.
532 3516 666 3575 ergo
716 3501 1064 3569 inchoantes,
1101 3510 1158 3559 et
1205 3518 1380 3574 usque
1431 3505 1497 3559 ad
1551 3518 1696 3566 eam,
1745 3503 1904 3572 quasi

333 3592 679 3663 subsequens
715 3602 887 3659 esset,
918 3595 1185 3652 medendo
1217 3597 1622 3666 pervenientes,
1652 3606 1706 3652 et
1741 3595 1905 3651 veluti

334 3681 616 3741 absentem
658 3683 809 3740 illam
853 3685 1222 3756 despicientes
1263 3687 1492 3756 sineque
1528 3685 1908 3743 consolatione

332 3771 803 3846 derelinquentes,
849 3776 919 3831 ad
956 3791 1080 3832 eum
1121 3777 1218 3846 qui
1264 3786 1387 3847 post
1427 3777 1570 3836 hanc
1596 3784 1715 3832 erat
1743 3777 1908 3831 adve-

333 3866 519 3931 niunt,
548 3875 605 3924 et
636 3866 897 3938 deinceps
944 3867 1012 3923 ad
1063 3879 1296 3925 caeteros
1336 3869 1586 3938 jacentes
1630 3867 1906 3935 progressi

333 3965 488 4016 sunt.

403 4131 537 4198 Quae
589 4147 721 4191 cum
769 4141 1121 4192 transeuntes
1175 4142 1448 4202 martyres
1497 4133 1818 4202 aspexisset,
1851 4144 1906 4192 et

2003 1685 2238 1758 ᾤκησεν,
2290 1688 2540 1760 Ἰωάννην
2586 1689 2786 1760 ἔχουσα
2826 1689 3078 1761 σύμϐιον,
3136 1692 3239 1744 καὶ
3279 1691 3383 1744 σὺν
3439 1688 3589 1759 αὒτῷ

2003 1779 2350 1849 ποιησαμένη
2404 1779 2504 1848 τὴν
2539 1782 2621 1842 είς
2667 1781 2838 1850 αὐτὴν
2883 1781 3162 1844 ἐπίϐασιν,
3189 1781 3254 1844 ὃς
3280 1773 3590 1850 ῥητορικῶν

2007 1867 2105 1939 μὲν
2139 1867 2312 1936 λόγων
2340 1870 2556 1940 ὑπῆρχε
2584 1870 2900 1934 διδάσκαλος
2927 1871 3086 1941 (δι’),
3117 1870 3390 1939 Εύλογίου
3414 1869 3473 1922 δέ
3498 1869 3592 1921 τοῦ

2007 1958 2244 2028 μεγάλου
2265 1960 2366 2029 τῆς
2387 1960 2622 2024 πίστεως
2641 1961 2885 2031 κήρυκος
2913 1962 3164 2032 μαθητὴς
3185 1960 3587 2031 γνησιώτατος,

2004 2049 2138 2102 πᾶσι
2173 2049 2233 2107 δὲ
2263 2052 2375 2114 τοῖς
2406 2050 2588 2114 ἀλλοις
2632 2051 2895 2122 πηγάζων
2930 2051 3223 2122 ὠφέλειαν,
3250 2052 3322 2122 ἢν
3348 2049 3592 2120 Εύλογίῳ

2002 2136 2082 2206 τῷ
2110 2137 2240 2208 θείῳ
2273 2138 2517 2210 περιόντι
2548 2137 2722 2193 συνὼν
2746 2138 3094 2210 ἐθησαύρισε.
3119 2139 3337 2194 Τούτου
3361 2138 3589 2206 σύζυγος

2005 2227 2038 2298 ή
2077 2228 2305 2299 Ῥοδόπη
2350 2229 2713 2299 τυγχάνουσα,
2757 2231 2853 2284 καὶ
2891 2230 3035 2284 κατὰ
3079 2229 3242 2300 τήνδε
3290 2230 3394 2301 τὴν
3437 2228 3590 2282 πόλιν

2016 2315 2367 2388 Ἀλεξάνδρου
2391 2318 2675 2387 διάγουσα,
2728 2320 2883 2374 νόσον
2908 2322 3008 2390 τὴν
3039 2321 3370 2375 τελευταίαν
3398 2321 3587 2389 ἐνόση-

2008 2424 2123 2473 σεν,
2153 2409 2274 2462 καθ’
2317 2409 2441 2464 ὅλου
2479 2410 2573 2464 τοῦ
2629 2411 2882 2482 σώματος
2910 2413 3187 2485 ἄνθρακας
3217 2411 3586 2483 ἐξανθήσασα.

2014 2500 2102 2564 Ὠς
2121 2500 2179 2554 δὲ
2205 2501 2398 2571 μικρὸν
2423 2502 2532 2557 τῶν
2565 2503 2993 2574 νόσωννέράῖσεν,
3030 2505 3125 2556 καὶ
3147 2504 3262 2559 τῶν
3299 2503 3587 2573 ἀνθράκων

2001 2591 2064 2648 οὐ
2095 2593 2307 2656 πολὺςό
2335 2592 2507 2663 θυμὸς
2547 2594 2887 2663 ἐπεφαίνετο,
2923 2595 3297 2665 ἐμϐραδύνειν
3337 2595 3394 2648 δὲ
3429 2593 3586 2663 μόνον

2002 2675 2147 2737 οὗτοι
2173 2682 2248 2753 τῷ
2281 2683 2495 2754 σώματι
2520 2687 2632 2750 τοῖς
2655 2687 2860 2756 ἰατροῖς
2895 2686 3234 2756 ἐνομίζοντο,
3269 2684 3457 2758 Κύρου
3492 2681 3586 2736 καὶ

2015 2774 2256 2832 Ἰωάννου
2275 2775 2338 2828 τὸ
2362 2777 2590 2847 τέμενος
2643 2777 2832 2831 ἐπόθει
2863 2777 2924 2833 τὸ
2954 2777 3200 2846 γύναιον,
3253 2777 3348 2831 ἵνα
3377 2775 3584 2830 τούτων

2001 2865 2190 2937 ἀρωγῇ
2209 2867 2304 2920 καὶ
2327 2866 2666 2936 κελεύσματι,
2683 2867 2991 2940 ταχυτέραν
3017 2869 3324 2940 ποιήσηται
3352 2867 3453 2936 τὴν
3478 2863 3584 2918 τῶν

2000 2954 2288 3028 ἀνθράκων
2317 2957 2597 3011 ἀπόθεσιν.
2617 2957 2730 3013 Καὶ
2756 2957 2822 3028 δὴ
2837 2958 3228 3028 παραγίνεται,
3255 2957 3354 3010 καὶ
3367 2955 3584 3023 νύκτωρ

2002 3046 2336 3100 καθεύδουσα
2365 3047 2555 3118 βλέπει
2606 3050 2735 3112 τοὺς
2794 3049 3102 3120 μάρτυρας,
3133 3049 3232 3112 τὰς
3255 3048 3370 3103 τῶν
3400 3043 3586 3117 ἀθρῶ·

2002 3155 2146 3193 στων
2200 3139 2657 3208 περιπολεύοντας
2687 3138 2995 3210 φάλαγγας,
3053 3139 3148 3192 καὶ
3176 3139 3324 3192 πᾶσι
3351 3134 3474 3191 καθ’
3493 3134 3588 3190 Eva.

2001 3229 2462 3301 προσϐάλλοντας,
2490 3232 2587 3284 καὶ
2609 3233 2709 3294 τὰς
2743 3230 2913 3294 ίάσεις
2968 3228 3186 3298 ἑκάστῳ
3213 3227 3584 3298 παρέχονταςο
3634 3305 3636 3308 τ

2003 3322 2098 3376 καὶ
2122 3321 2296 3392 τούτῳ
2323 3322 2424 3392 μὲν
2445 3322 2626 3389 τοῦτο,
2653 3322 2798 3392 ἄλλῳ
2819 3322 2876 3376 δὲ
2901 3321 3030 3377 ἀλλο
3058 3322 3234 3375 ποιεῖν
3260 3320 3582 3373 ἐπιτάττον·

2002 3429 2122 3477 τας.
2152 3414 2270 3468 Ἀπ’
2285 3415 2458 3485 ἀρχῆς
2480 3414 2578 3485 μὲν
2593 3409 2688 3468 οῦν
2712 3413 3030 3485 ἀρξάμενοι,
3061 3415 3154 3466 καὶ
3174 3412 3375 3483 μέχρις
3390 3410 3580 3478 αὐτῆς,

2005 3505 2157 3576 φησὶ,
2188 3504 2280 3558 τὸν
2300 3504 2535 3576 καθεξῆς
2563 3505 2926 3575 ἰατρεύοντες,
2957 3505 3051 3558 καὶ
3071 3503 3160 3558 ἐπ’
3183 3503 3361 3574 αὐτὴν
3393 3497 3582 3569 ἀφικό-

2009 3613 2178 3667 μενοι,
2232 3596 2329 3649 καὶ
2353 3596 2428 3660 ὡς
2456 3597 2700 3657 ἀποῦσαν
2739 3595 2912 3667 αὐτὴν
2970 3593 3454 3666 παραϐλέψαντες,
3491 3588 3582 3643 καὶ

2006 3685 2432 3756 καταλείψαντες
2473 3686 2906 3750 ἀνεπίσκεπτον,
2963 3685 3058 3739 ἐπὶ
3113 3685 3208 3738 τὸν
3247 3682 3369 3754 μετ’
3415 3679 3584 3750 αὐτὴν

2005 3775 2359 3844 ἀνακείμενον
2416 3775 2695 3848 ἔρχονται·
2729 3776 2822 3830 καὶ
2867 3774 3058 3830 τοῦτον
3118 3771 3578 3841 ἐπισκεψάμενοι,

2007 3865 2098 3918 καὶ
2122 3867 2295 3920 ποιεῖν
2323 3864 2402 3918 τὰ.
2421 3864 2557 3935 πρὸς
2583 3866 2768 3933 ὑγείαν
2797 3863 3183 3929 θεσπίσαντες,
3206 3863 3305 3915 ἐπὶ
3337 3862 3430 3915 τὸν
3463 3855 3580 3928 μετ’
3692 3892 3695 3894 -

2006 3953 2167 4007 αὑτὸν
2185 3955 2600 4026 παραγίνονται,
2622 3953 2879 4008 κάκεῖθεν
2896 3954 2990 4009 ἐπι
3007 3955 3132 4016 τοὺς
3150 3952 3276 4022 ἑξῆς
3297 3951 3581 4020 κείμενους

2007 4043 2262 4098 ἀπίεσαν.

2089 4135 2153 4187 'H
2178 4135 2235 4189 δὲ
2269 4134 2344 4197 ὼς
2375 4133 2748 4206 παρελθόντας
2789 4132 2924 4188 ,ἴδεν
2971 4135 3100 4197 τοὺς
3134 4132 3443 4204 μάρτυρας,
3488 4125 3580 4181 καὶ

333 4235 394 4274 se
420 4233 766 4290 nequaquam
791 4219 1046 4285 intuitos,
1070 4233 1172 4274 nec
1200 4218 1382 4274 facere
1405 4218 1471 4273 ad
1496 4220 1726 4276 salutem
1753 4222 1902 4292 quid-

2011 4225 2275 4296 μηδαμῶς
2289 4225 2459 4297 αύτὴν
2489 4225 2894 4295 θεωρήσαντας,
2954 4223 3090 4294 μηδὲ
3152 4225 3330 4276 ποιεῖν
3356 4238 3407 4274 τι
3445 4218 3579 4288 πρὸς

333 4323 496 4378 quam
541 4310 821 4380 iubentes,
877 4309 1138 4381 quinimo.
1173 4310 1673 4381 appropinquantes
1702 4320 1758 4367 et
1792 4329 1902 4370 non

333 4399 508 4464 multo
539 4399 701 4454 abea
748 4399 1040 4456 intervallo
1071 4398 1362 4465 distantes,
1396 4399 1512 4456 haec
1541 4400 1608 4455 ad
1639 4416 1744 4458 eos.
1775 4417 1903 4472 pro-

335 4488 448 4544 fata
481 4495 616 4544 est:
655 4507 680 4542 ι
710 4487 992 4549 0;Cbristi
1030 4491 1244 4548 Domini
1274 4491 1463 4546 famuli
1499 4501 1556 4548 et
1600 4493 1901 4550 imitatores

333 4579 514 4650 ipsius
539 4594 670 4650 erga
703 4596 816 4642 nos;
837 4580 1037 4643 habitat
1065 4581 1348 4650 bonitatis,
1383 4595 1546 4638 avos
1573 4584 1669 4654 qui
1707 4584 1754 4638 si
1793 4599 1901 4654 qua

333 4678 471 4735 stmt,
521 4673 687 4732 noxia.
739 4671 997 4739 humana;-
1047 4683 1258 4730 naturze
1303 4675 1595 4743 depellilis,
1638 4671 1903 4732 divinitus

333 4763 654 4834 passionum
706 4773 1028 4824 nostrarum
1075 4767 1188 4828 dati
1240 4766 1461 4831 modici,
1509 4782 1538 4820 a
1593 4765 1700 4820 Deo
1748 4765 1905 4822 missi

332 4864 660 4928 cunctarum
710 4857 1064 4921 insecutores,
1097 4859 1446 4928 languorem,
1490 4868 1556 4923 etr
1583 4858 1764 4924 omnis
1807 4872 1907 4913 cu-

333 4948 576 5023 rationis-
601 4949 825 5009 dalores
849 4951 1119 5022 perpetui,
1149 4961 1368 5022 propter
1401 4951 1545 5008 hanc
1581 4950 1905 5020 opitulatio-

334 5049 750 5107 nem.ves,tram,
797 5057 930 5111 quat.
951 5049 1036 5098 est
1076 5057 1204 5112 erga
1239 5057 1362 5107 nos,
1390 5049 1443 5096 et
1473 5055 1574 5109 ego,
1614 5040 1760 5104 veni,
1793 5055 1902 5095 non

335 5132 510 5188 solum
541 5132 750 5196 videre,
787 5133 890 5190 sed,
911 5131 1665 5203 ct.partioipari,desiderans
1690 5133 1900 5202 gratiae,

334 5227 389 5275 et
444 5235 572 5286 cum
630 5223 885 5280 omnibus
952 5221 1157 5293 perfrui
1221 5223 1490 5285 sanitate,
1563 5237 1726 5292 quam
1806 5237 1901 5278 vos

2011 4315 2284 4385 σωτηρίαν
2329 4314 2713 4380 κελεύσαντας,
2735 4313 2812 4366 ἐτι
2843 4313 2900 4366 δὲ
2931 4312 3356 4384 πλησιάζοντας,
3393 4309 3489 4364 καὶ
3513 4307 3571 4360 ού

2008 4407 2144 4461 πολὺ
2173 4405 2344 4476 αὐτῆς
2371 4404 2691 4475 ἀφεστῶτας
2712 4404 3008 4474 διάστημα,
3043 4403 3176 4457 ’τάδε
3203 4403 3341 4474 πρὸς
3379 4399 3576 4459 αὐτοὺς

2007 4497 2403 4567 ἀπεφθέγξατοο
2436 4492 2507 4548 Ὦ
2538 4494 2774 4566 Χριστοῦ
2803 4493 2896 4547 τοῦ
2923 4493 3206 4547 Δεσπότου.
3225 4493 3571 4563 θεράποντες,

2005 4590 2098 4644 καὶ
2136 4587 2375 4658 μιμηταὶ⁸
2403 4587 2501 4657 τῆς
2527 4585 2692 4639 αὐτοῦ
2725 4584 2859 4656 πρὸς
2911 4587 3060 4655 ἡμᾶς
3123 4582 3462 4652 ἀγαθότητος
3487 4593 3501 4608 ·
3528 4569 3572 4630 ὧ

2000 4681 2097 4751 τῆς
2123 4679 2472 4752 ἀνθρωπίνης
2522 4677 2742 4748 φύσεως
2787 4675 3122 4743 ἀλεξίκακοι,
3169 4676 3262 4728 καὶ
3297 4673 3407 4726 τῶν
3438 4672 3572 4740 ἡμε-

2001 4771 2174 4842 τέρων
2216 4770 2403 4824 παθῶν
2463 4770 2637 4843 ἰατροὶ
2687 4768 3033 4840 θεοδὼρητοι-·
3081 4761 3126 4822 ὦ
3184 4767 3365 4838 πάσης
3421 4761 3573 4817 νόσου

2003 4863 2227 4918 διῶκται
2279 4863 2637 4933 θεόπεμπτοι,
2679 4862 2774 4917 καὶ
2804 4861 2986 4929 πάσης
3017 4858 3314 4930 θεραπείας
3356 4853 3572 4920 δοτῆρες

2010 4953 2248 5018 ἀένναοι,
2282 4952 2486 5024 ταύτης
2519 4951 2684 5004 ἕνεκα
2701 4948 2856 5018 κάγὼ
2887 4947 2988 5018 τῆς
3018 4948 3153 5017 πρὸς
3193 4947 3400 5005 πάντας
3423 4936 3570 5009 ὑμῶν

2009 5043 2232 5119 ἀρωγῆς
2262 5040 2637 5113 παραγέγονα,
2675 5040 2749 5110 μὴ
2774 5037 2934 5108 μόνον
2960 5036 3091 5091 ἰδεῖν
3125 5035 3262 5089 ἀλλὰ
3294 5032 3387 5086 καὶ
3411 5040 3567 5119 μετα-

2011 5114 2158 5203 σχεῖν
2185 5131 2433 5186 παθοῦσα
2477 5131 2574 5204 τῆς
2611 5131 2854 5202 χάριτος,
2886 5129 2981 5181 καὶ
3011 5128 3107 5180 σὺν
3139 5127 3304 5179 πᾶσιν
3333 5114 3566 5204 ἀπολαῦ-

2012 5201 2101 5276 σαι
2124 5225 2222 5295 τῆς
2255 5221 2495 5294 ῥώσεως,
2522 5201 2590 5293 ἦν
2618 5201 2774 5292 ύμεῖς
2813 5221 2978 5274 πᾶσιν
3016 5217 3265 5287 ἀφθόνως
3294 5215 3407 5276 τοῖς
3438 5201 3566 5276 πρὸς

1828 5377 2066 5436 NOTAE.

406 5491 516 5569 13$)
598 5495 680 5552 Ad
729 5496 874 5557 hunc
923 5496 1182 5566 Joannem
1211 5508 1341 5575 puto
1393 5501 1626 5572 scriptas
1676 5498 1925 5568 Procopii
1959 5496 2217 5568 epistolas
2252 5496 2393 5562 illas,
2428 5511 2565 5567 quas
2600 5509 2763 5567 supra
2801 5492 3091 5548 edidimus.
