3998 6200
329 217 469 292 3641

1335 224 1441 285 SS.
1468 224 1645 287 CYRI
1684 225 1782 286 ET
1819 227 2144 291 JOANNIS
2183 227 2602 291 MIBACUIA.

3469 228 3611 294 3642

331 335 480 406 ὑμᾶς
528 331 848 404 ἐρχομένοις
877 332 1192 404 χαρίζεσθε.
1231 331 1297 386 Τί
1319 329 1412 388 οὖν
1450 335 1530 399 εις
1557 335 1704 406 ὑμᾶς
1734 336 1912 407 ἁμαρ-

2043 338 2275 396 mnibus
2327 340 2421 409 qui
2481 339 2552 393 ad
2624 351 2724 395 vos
2771 334 3044 392 accedunt
3115 333 3355 391 donatis.
3402 334 3608 406 thuid

329 425 578 498 τήσασάν
601 441 672 495 με
701 423 992 495 παρίδιτες
1022 424 1054 495 ἢ
1083 423 1246 478 ποίαν
1267 423 1377 478 τῶν
1409 425 1695 497 ὑμετέρων
1727 427 1916 480 κελεύ-

2020 446 2156 502 ergo
2195 447 2280 488 me
2325 433 2379 488 in
2411 448 2507 489 vos
2552 441 2873 502 peccantem
2917 428 3287 499 despexistis?
3319 436 3415 482 aut
3443 445 3608 498 quam

335 537 474 574 σεων
523 515 901 589 [παραϐᾶσαν]
941 517 1358 582 ἀνεπισκέπτως
1408 518 1727 588 παρῆλθε-τε
1757 537 1771 584 ;
1807 519 1920 589 ἢτί

2048 523 2337 577 ussionum
2403 530 2718 578 vestrarum
2808 535 2895 576 me
2973 529 3416 588 transgressam,
3487 521 3612 573 sine

335 609 458 664 καθ’
486 603 602 662 οἷον
630 608 694 679 δή
717 625 848 662 ποτε
866 608 1066 679 τρόπον
1088 608 1434 679 λυπήσασαν,
1459 608 1571 662 τῶν
1613 607 1921 680 φιλανθρώ-

335 717 454 756 πων
492 700 649 771 ὑμῶν
701 698 923 771 δωρεῶν
980 700 1350 770 ὲστερήσατε;
1414 700 1570 768 κάγὼ
1623 701 1722 769 μὲν
1767 701 1921 754 οὐδὲν

335 791 581 863 ἐμαυτὴν
606 787 723 845 οἶδα
748 791 858 844 τῶν
882 790 1141 844 τοιούτων
1199 793 1280 856 είς
1319 792 1465 862 ὑμᾶς
1519 792 1921 865 πλημμελήσα-

336 902 456 938 σαν.
488 881 553 938 Εί
583 883 642 936 δέ
690 901 746 937 τι
795 883 904 936 τῶν
934 883 1242 954 εἰρημένων
1287 901 1379 953 μοι
1429 883 1770 953 πέπρακται,
1831 887 1925 940 καὶ

335 973 506 1045 λήθης
542 974 776 1044 ἱματίων
804 973 1142 1028 καλύπτεται
1161 1014 1176 1037 ,
1209 974 1370 1027 τοῦτό
1390 991 1502 1044 μοι,
1537 974 1752 1046 δέομαι,
1777 978 1921 1046 φρά-

337 1083 494 1132 σατε,
523 1068 616 1120 καὶ
663 1064 933 1136 σύντομον
981 1064 1151 1120 αὑτοῦ
1211 1068 1511 1137 ποιήσομαι
1553 1068 1654 1133 τὴν
1693 1067 1923 1140 διόρθω-

339 1176 452 1215 σιν.

409 1249 628 1304 Τούτων
649 1250 699 1302 oi
728 1248 873 1318 ἅγιοι
917 1248 1056 1320 πρὸς
1117 1248 1217 1319 τῆς
1256 1248 1522 1320 Ῥοδόπης
1563 1248 1920 1315 ἀκούσαντες,

338 1343 442 1397 οὐκ
481 1340 858 1412 ἀτιμάζουσιν
887 1339 1060 1409 αὐτῆς
1093 1338 1196 1411 τὴν
1219 1339 1530 1412 ἀμώμητον
1553 1341 1765 1412 δέησιν,
1787 1341 1926 1398 ἀλλά

341 1433 482 1504 πρὸς
513 1431 684 1504 αὐτὴν
705 1432 1159 1504 ἐπιστρέψαντες,
1203 1432 1469 1496 τοιούτοις
1490 1434 1664 1504 αὐτὴν
1699 1435 1797 1488 καὶ
1825 1435 1928 1488 αύ-

338 1524 426 1576 τοδ.
459 1522 914 1594 παραμυθοῦνται
938 1525 1052 1587 τοῖς
1085 1524 1331 1594 ῥήμασιν
1353 1540 1366 1552 ·
1394 1525 1508 1594 Οὐχ
1534 1525 1611 1588 ὡς
1640 1528 1722 1590 εἰς
1755 1527 1926 1596 ἡμᾶς,

339 1609 593 1682 ὧγύναι,
648 1615 1131 1686 πλημμελήσασαν
1179 1613 1556 1686 παρήλθομεν,
1607 1619 1717 1673 οὐδ’
1759 1617 1835 1680 ῶς
1873 1635 1925 1672 τι

341 1708 452 1763 τῶν
479 1708 783 1780 ἡμετέρων,
815 1708 888 1772 ὡς
918 1707 1075 1779 ἔφης,
1108 1715 1550 1782 προσταγμάτων
1576 1714 1926 1784 πατήσασαν,

341 1801 460 1854 ἀλλ’
510 1800 594 1854 ὅτι
659 1817 753 1854 σου
788 1801 886 1872 τὴν
947 1803 1208 1859 ἀνάλυσιν
1255 1805 1585 1874 ἐγγίζουσαν
1633 1805 1927 1876 βλέπομεν,

343 1893 441 1944 καὶ
466 1891 563 1945 τοῦ
595 1893 938 1963 προσκαίρου
989 1893 1104 1963 βίου
1126 1895 1188 1948 τὸ
1212 1895 1512 1968 πλήρωμα,
1540 1898 1636 1950 καὶ
1662 1898 1763 1967 τῆς
1791 1913 1932 1966 παρ-

341 1983 511 2051 ούσης
541 1983 685 2052 ζωῆς
701 1982 798 2054 τὴν
819 1983 1104 2052 ἀπόθεσιν,
1135 1987 1230 2040 καὶ
1258 1990 1359 2057 τῆς
1391 1989 1449 2039 ὲν
1487 1983 1934 2058 Χριστῷκοιμή-

343 2089 484 2136 σεως
515 2071 614 2143 τὴν
635 2073 1011 2144 ἀπαραίτητον
1033 2072 1219 2144 ἄφιξιν
1237 2093 1250 2105 ’
1273 2068 1348 2128 ὧν
1381 2077 1479 2147 οὐχ
1503 2079 1667 2146 ἡμεῖς
1706 2077 1934 2146 δοτῆρες

342 2163 378 2234 ἢ
417 2163 644 2217 διῶκται
694 2165 1060 2236 τυγχάνομεν,
1127 2167 1264 2219 ἀλλὰ
1319 2167 1607 2238 Χριστὸςὸ
1635 2168 1744 2222 τῶν
1795 2168 1934 2223 ὅλων

345 2256 479 2320 Θεὸς
511 2258 606 2310 καὶ
631 2256 909 2328 Δεσπότης
941 2258 1034 2310 καὶ
1086 2257 1377 2329 πρύτανις,
1402 2260 1430 2311 ό
1460 2257 1604 2327 ζωῆς
1635 2258 1730 2310 καλ⁴
1759 2259 1930 2312 θανά-

347 2365 441 2402 του
501 2349 749 2418 κατέχων
795 2348 922 2411 τοὺς
956 2347 1172 2424 οἴακας.
1203 2350 1268 2401 Τί
1294 2344 1388 2402 οὖν
1421 2350 1583 2419 ἡμεῖς
1604 2348 1742 2417 πρὸς
1762 2348 1938 2402 ταῦτά

348 2455 433 2494 σοι
460 2439 822 2511 δράσομεν;ῆ
859 2439 1021 2524 ποίας
1073 2440 1378 2502 ἀθανασίας
1412 2439 1679 2518 ὀρέξομεν
1711 2441 1936 2511 φάρμα-

347 2547 480 2598 κον;
510 2533 592 2594 είς
618 2531 673 2583 τί
701 2531 760 2585 δὲ
787 2526 930 2602 καΥὴ
963 2531 1131 2602 ρῶσις
1158 2531 1482 2602 δοθήσεταις
1509 2531 1543 2600 ἢ
1565 2531 1619 2583 τί
1641 2531 1744 2601 τῆς
1770 2531 1938 2600 θερα-

346 2620 508 2684 πείας
549 2621 612 2674 τὸ
659 2623 978 2692 χρήσιμονς
1030 2622 1116 2684 τίς
1169 2620 1213 2673 δ’
1275 2621 1305 2672 ὁ
1363 2620 1536 2674 ταῦτα
1580 2621 1716 2691 πρὸς
1780 2621 1939 2692 ἡμῶν

347 2713 713 2784 κομισόμενος
740 2729 754 2778 ;
789 2713 822 2783 ἢ
852 2714 936 2777 τίς
973 2716 1001 2767 ὁ
1027 2711 1240 2776 τούτοις
1267 2713 1554 2783 ἐντρυφῶν
1575 2712 1937 2783 δωρήμασιν;

348 2805 423 2862 Σὺ
453 2804 564 2876 γὰρ
613 2806 752 2876 μετὰ
806 2805 1148 2876 βραχυτάτου
1197 2803 1394 2876 καιροῦ
1449 2803 1522 2857 τὰ
1575 2804 1684 2858 τῶν
1732 2804 1941 2875 βροτῶν

348 2897 750 2967 καταλείψασα,
783 2898 882 2968 τὴν
911 2897 1136 2951 πάντων
1173 2895 1295 2949 ὁδὸν
1339 2896 1582 2960 ὁδεύσεις
1614 2894 1938 2961 ὑπνώσασα,

2023 612 2399 669 consolatione
2451 613 2770 668 transistis?
2826 619 2921 664 aut
2972 623 3146 681 quare
3193 623 3280 664 me
3331 608 3612 678 quomodo

2023 723 2125 764 vos
2167 707 2587 762 contristantem
2639 703 3096 761 misericordihus
3148 701 3470 757 muneribus
3513 716 3610 757 ve-

2025 800 2158 858 stris
2195 799 2499 870 privastis?
2542 797 2608 854 Et
2639 813 2739 868 ego
2771 797 2992 866 quidem
3034 794 3112 848 nil
3156 793 3281 848 novi
3313 808 3400 848 me
3429 795 3482 848 in
3511 808 3612 849 vos

2028 891 2347 962 huiusmodi
2388 889 2713 959 deliquisse.
2753 887 2809 941 Si
2846 900 2976 941 vero
3006 900 3034 939 a
3062 899 3150 940 me
3185 882 3485 953 quidquam
3513 897 3611 938 eo-

2029 999 2148 1039 rum
2206 997 2329 1054 quae
2387 982 2534 1038 dicta
2591 985 2721 1036 sunt
2779 983 3174 1049 perpetratum,
3215 985 3270 1030 et
3318 974 3613 1031 oblivionis

2029 1085 2180 1133 veste
2222 1082 2544 1146 coopertum
2575 1079 2682 1137 est,
2711 1068 2816 1125 hoc
2862 1069 3020 1135 mihi,
3045 1067 3300 1132 obsecro,
3335 1065 3524 1132 dicite,
3559 1075 3614 1122 et

2031 1168 2133 1222 hoc
2163 1167 2280 1236 ipsa
2304 1166 2522 1220 concite
2549 1163 2846 1232 corrigam.
2881 1177 2904 1212 ι

2024 1312 2028 1320 ,
2102 1255 2200 1311 His
2245 1254 2425 1312 sancti
2479 1267 2508 1306 a
2563 1251 2831 1322 Rhodope
2868 1249 3096 1317 auditis,
3126 1261 3235 1303 non
3282 1247 3616 1302 inbonorant

2029 1347 2150 1417 ejus
2211 1345 2626 1400 immaculatam
2690 1342 3165 1412 deprecationem,
3209 1338 3306 1394 sed
3362 1339 3616 1394 conversi

2030 1439 2099 1492 ad
2139 1453 2258 1494 eam
2300 1438 2506 1494 talibus
2536 1437 2684 1492 illam
2724 1443 2777 1490 et
2811 1434 2920 1504 ipsi
2947 1432 3299 1489 sermonibus
3328 1431 3618 1488 consolan-

2030 1539 2122 1586 tur
2158 1547 2173 1585 :
2209 1530 2328 1586 Non
2383 1539 2645 1599 tanquam
2687 1543 2809 1599 quae
2870 1527 2926 1581 in
2957 1541 3060 1581 nos
3087 1525 3407 1596 deliqueris,
3433 1541 3466 1579 ο
3495 1539 3616 1578 nm-

2033 1626 2156 1690 lier,
2191 1631 2245 1679 te
2289 1623 2715 1694 praeterivimus,
2765 1635 2944 1691 neque
2981 1627 3242 1688 tanquam
3295 1631 3416 1686 qua:
3455 1616 3620 1686 quiil-

2035 1718 2180 1788 piam
2210 1731 2275 1769 ex
2309 1714 2537 1779 nostris,
2578 1721 2636 1767 ut
2675 1713 2779 1774 ais,
2829 1709 3122 1781 praeceptis
3167 1709 3489 1772 calcaveris,
3523 1705 3618 1761 sed

2033 1811 2162 1877 quia
2223 1807 2619 1862 resolutionem
2676 1813 2826 1858 luant
2880 1801 3135 1856 videmus
3187 1799 3514 1870 appmpiare
3567 1807 3622 1852 ct

2034 1898 2354 1970 temporalis
2408 1899 2537 1953 vita:
2585 1895 3166 1956 consummationem,
3223 1899 3277 1946 et
3337 1891 3622 1962 przesentis

2034 1992 2458 2062 depositionem,
2495 2000 2550 2045 et
2581 1990 2637 2043 in
2663 1988 2888 2044 Christo
2915 1983 3292 2041 inevitabilem
3329 1981 3622 2038 dormitio-

2036 2087 2124 2162 ni_s
2158 2097 2462 2151 accessum,
2495 2091 2732 2152 quorum
2785 2080 3034 2134 omnium
3086 2091 3194 2131 non
3251 2090 3352 2130 nos
3401 2074 3622 2130 datores

2036 2182 2122 2235 vel
2181 2185 2564 2250 persecutores
2621 2188 2848 2236 sumus,
2900 2171 2999 2226 sed
3065 2165 3322 2224 Christus
3378 2166 3619 2219 omnium

2039 2273 2182 2328 Deus
2223 2281 2276 2327 et
2322 2269 2637 2326 dominator
2665 2274 2720 2321 et
2752 2265 3030 2335 princeps,
3066 2262 3160 2331 qui
3210 2260 3336 2313 vitae
3375 2272 3438 2311 ac
3476 2271 3623 2311 mor-

2037 2369 2110 2421 tis
2142 2365 2341 2421 retinet
2379 2359 2774 2434 gubernacula.
2809 2355 2952 2423 Quid
2985 2368 3118 2426 ergo
3149 2367 3249 2407 nos
3278 2352 3343 2406 ad
3376 2351 3490 2405 haec
3522 2349 3621 2403 tibi

2040 2455 2402 2528 patrabimus,
2438 2459 2533 2505 aut
2573 2443 3006 2503 immortalitatis
3055 2441 3400 2511 porrigemus
3445 2452 3624 2493 reme-

2040 2545 2231 2602 dium?
2271 2544 2332 2599 In
2363 2557 2474 2613 quo
2507 2549 2692 2595 autem
2724 2537 2934 2594 sanitas
2965 2533 3222 2589 dabitur?
3261 2542 3355 2586 aut
3384 2547 3504 2601 qua:
3542 2536 3628 2584 est

2041 2637 2344 2695 curationis
2377 2631 2632 2690 utilitas?
2656 2631 2791 2697 Quis
2827 2642 2956 2683 vero
2996 2635 3080 2681 est
3120 2627 3212 2696 qui
3252 2625 3367 2678 haec
3405 2639 3433 2676 a
3468 2622 3627 2676 nobis

2043 2729 2220 2785 ferat?
2248 2726 2338 2782 vei
2367 2725 2492 2795 quis
2525 2722 2618 2794 qui
2652 2722 2847 2776 horum
2881 2717 3122 2789 potiatur
3152 2713 3518 2770 muneribus?
3545 2710 3627 2766 Tu

2042 2823 2188 2879 enim
2217 2827 2341 2892 post
2373 2816 2650 2888 paululum
2679 2828 2802 2884 quae
2834 2819 2962 2867 sunt
2992 2808 3305 2863 mortalium
3340 2807 3627 2867 deserens,

2045 2916 2188 2970 viam
2242 2916 2569 2966 cunctorum
2627 2904 2758 2968 ibis,
2807 2908 3136 2972 soporatura
3195 2910 3304 2968 qua
3365 2895 3623 2966 apostoli,

348 2988 418 3059 ἣν
447 2988 738 3042 ἀπόστολοι
768 2987 863 3041 καὶ
899 2988 1176 3059 προφῆται
1204 2987 1299 3046 καὶ
1338 2988 1618 3059 μάρτυρες
1664 2987 1932 3052 ὥδευσαν,

2043 3003 2317 3078 propheta:
2385 3015 2450 3055 ac
2497 3004 2771 3068 martyres
2795 2993 3074 3056 abierunt,
3116 2996 3172 3044 et
3218 2985 3476 3044 Christus
3513 2987 3631 3057 ipse

351 3083 447 3134 καὶ
481 3080 717 3151 Χριστὸς
768 3080 932 3142 αὐτὸς
957 3081 986 3132 ό
1015 3082 1116 3150 τῆς
1167 3078 1315 3150 ζωῆς
1352 3079 1598 3150 ἀρχηγὸς
1641 3082 1935 3150 γενόμενος

350 3172 674 3244 ἄνθρωπος·
708 3173 757 3226 εἰ
784 3173 880 3226 καὶ
937 3173 1180 3243 τριταῖος
1207 3179 1212 3184 “
1240 3171 1482 3234 ἀναστὰς
1512 3173 1640 3234 τοὺς
1668 3171 1769 3242 τῆς
1807 3171 1937 3225 ἁνα-

355 3266 601 3328 στάσεως
653 3266 786 3336 ἡμῖν
839 3263 1168 3336 ἀρραϐῶνας
1231 3263 1559 3336 παρέσχετο.
1603 3262 1932 3334 Ἐγερθεῖσα

354 3359 486 3427 γοῦν
526 3357 704 3423 ἄπιθι,
766 3358 864 3412 καὶ
917 3358 1020 3428 τὴν
1067 3356 1256 3410 ἑστίαν
1317 3355 1595 3410 κατάλαϐε
1656 3354 1848 3425 πρὶνή
1879 3370 1938 3406 σε

353 3450 534 3521 ψυχῆς
561 3450 628 3502 ἐκ
660 3448 760 3502 τοῦ
817 3447 1071 3519 σώματος
1125 3446 1424 3502 καταλάϐοι
1473 3445 1768 3510 διάζευξις.
1833 3445 1943 3497 Καὶ

355 3541 529 3601 ταῦτα
569 3542 670 3613 μὲν
720 3543 1016 3612 φήσαντες,
1073 3539 1315 3610 ἀπῆλθον
1369 3540 1417 3592 οἱ
1469 3538 1655 3606 ἅγιον
1705 3537 1844 3606 αὑτὴ
1884 3536 1942 3589 δὲ

361 3635 573 3706 πρωῖας
601 3636 680 3699 είς
709 3634 866 3686 πόλιν
897 3631 1144 3701 ἀφίκετο,
1172 3632 1266 3684 καὶ
1322 3629 1662 3700 θαυμάζοντι
1687 3627 1764 3698 τῷ
1789 3628 1944 3698 ἀνδρὶ

362 3726 460 3795 τῆς
505 3724 767 3779 ἐπανόδου
795 3723 858 3777 τὸ
886 3724 1161 3788 σύντονον,
1190 3721 1289 3791 τὴν
1316 3719 1426 3774 τῶν
1480 3719 1777 3790 μαρτύρων
1805 3735 1944 3789 προ-

360 3817 592 3886 φητείαν
621 3813 984 3886 ἀπήγγελλεψ
1009 3813 1105 3868 καὶ
1138 3811 1258 3884 μετ’
1285 3811 1346 3864 ού
1372 3810 1574 3872 πολλὰς
1605 3809 1704 3873 τὰς
1723 3810 1941 3878 ἡμέρας

359 3909 550 3971 δεινῶς
586 3907 979 3980 ἐπιϐρύσαντος
1016 3903 1112 3958 τοῦ
1157 3887 1488 3974 νοσήματος,
1543 3900 1682 3972 πρὸς
1739 3901 1947 3970 Κύριον

362 4000 718 4069 ὲξεδήμησεν,
750 3998 826 4061 ὡς
855 3997 1006 4068 παρὰ
1031 3995 1142 4049 τῶν
1168 3994 1340 4064 άγίων
1373 3993 1627 4047 ἐπύθετο.
1671 3993 1863 4062 Ἡμεῖς
1887 3990 1948 4044 δὲ

363 4090 645 4152 κάνταῦθα
666 4091 763 4144 ἐπὶ
795 4093 863 4163 τῇ
893 4091 1198 4163 προρρήσει
1226 4091 1328 4157 τῆς
1365 4087 1634 4157 Ῥοδόπης
1655 4085 1942 4154 τελευτῆς,

365 4184 492 4248 τοὺς
520 4182 881 4255 προειπόντας
909 4180 1311 4251 θαυμάσαντες,
1351 4178 1448 4231 καὶ
1479 4176 1581 4247 τὴν
1615 4176 1748 4243 περὶ
1776 4176 1950 4246 αὐτῆς

365 4275 618 4346 διήγησιν
651 4272 1128 4339 καταπαύσαντες,
1176 4269 1266 4324 ἐπ’
1297 4268 1458 4324 άλλου
1489 4267 1768 4339 θαύματος
1799 4269 1949 4337 ἀγω-

367 4365 471 4437 γὴν
492 4365 622 4436 ὲκδη
631 4366 916 4436 μήσωμεν.

368 4455 483 4510 ΞΓ.
517 4458 656 4526 Περὶ
701 4453 1001 4509 Ἐλπίδίου
1030 4453 1137 4526 τοῦ
1167 4453 1234 4526 ἐκ
1268 4449 1636 4521 περιεργείας
1663 4449 1952 4520 δονουμέο

864 4542 976 4579 νου
1004 4523 1074 4577 τὸ
1106 4523 1453 4590 πρόσωπον.

441 4620 664 4692 Παρίτω
693 4617 832 4689 μετὰ
868 4614 1129 4685 Ῥοδόπης
1144 4612 1432 4677 Ἐλπίδιος,
1463 4610 1559 4664 καὶ⁸
1595 4609 1951 4680 τοὺςάκροα-

1973 4347 2030 4409 D

2039 3107 2232 3154 auctor
2267 3093 2392 3149 vitae
2454 3089 2636 3145 factus
2692 3087 2878 3149 homo,
2929 3081 3183 3154 quamvis
3231 3078 3500 3134 tertianus
3545 3091 3633 3131 re-

2039 3199 2272 3257 surgens
2340 3179 2768 3239 resurrectionis
2836 3175 2998 3230 nobis
3036 3172 3230 3228 arrbas
3293 3168 3631 3240 praestiterit.

2039 3277 2217 3346 Surge
2255 3275 2460 3342 itaque,
2494 3270 2652 3331 vade,
2683 3277 2741 3343 et
2790 3267 2858 3321 ad
2910 3263 3135 3319 domum
3186 3259 3463 3331 propriam
3511 3272 3635 3328 pro-

2040 3369 2314 3431 ﬁciscere,
2348 3372 2639 3430 antequam
2673 3368 2724 3414 tc
2758 3357 2956 3412 animae
2995 3370 3025 3409 a
3064 3367 3298 3424 corpore
3331 3350 3634 3420 disiunctio

2041 3458 2245 3528 capiat.
2293 3455 2356 3508 Et
2380 3455 2466 3508 bis
2517 3451 2740 3522 quidem
2788 3448 2974 3510 dictis,
3003 3445 3180 3502 sancti
3207 3440 3635 3511 abierunthsa

2043 3563 2174 3603 vero
2206 3561 2367 3601 mane
2415 3543 2483 3597 ad
2529 3541 2805 3597 civitatem
2841 3537 3087 3610 profecta
3133 3545 3238 3599 est,
3274 3544 3329 3589 et
3373 3535 3492 3589 viro
3535 3533 3634 3586 mi-

2044 3637 2185 3694 ranti
2222 3632 2562 3691 reversionis
2595 3629 3003 3700 compendium,
3039 3625 3382 3695 prophetiam
3421 3629 3633 3692 marty-

2045 3743 2168 3784 rum
2205 3724 2480 3781 recltavit.
2531 3721 2598 3774 Et
2631 3736 2739 3774 non
2772 3725 2896 3789 post
2936 3715 3142 3770 multos
3190 3713 3309 3769 dies
3350 3712 3468 3767 dire
3512 3727 3639 3782 gra-

2048 3823 2301 3873 vescente
2330 3813 2616 3882 languore,
2650 3809 2717 3863 ad
2749 3808 2916 3860 Deum
2948 3802 3194 3874 proiecta
3224 3807 3328 3868 est,
3361 3809 3420 3856 ut
3448 3817 3476 3853 a
3508 3814 3638 3854 san-

2045 3910 2152 3966 ctis
2177 3907 2466 3964 didicerat.
2498 3901 2818 3970 Nosqautem
2852 3897 3018 3953 etiam
3053 3894 3141 3949 hic
3179 3907 3346 3964 super
3375 3890 3638 3947 vaticinio

2048 3996 2246 4054 mortis
2287 3993 2604 4061 Rhodopes,
2636 3990 2758 4044 illos
2797 3988 2891 4058 qui
2936 3984 3302 4056 praedixerant
3352 3979 3636 4034 admiran-

2045 4097 2154 4154 tes,
2185 4095 2252 4175 et;
2272 4085 2644 4141 narrationem
2675 4081 2742 4134 de
2773 4082 2888 4149 ipsa
2922 4078 3265 4142 deserentes,
3296 4075 3365 4128 ad
3409 4071 3639 4128 alterius

2049 4168 2454 4238 institutionem
2485 4173 2738 4231 miraculi
2772 4168 3160 4243 procedamus.

2053 4454 2239 4514 LXIII.
2275 4455 2352 4514 De
2393 4453 2640 4524 Helpidio
2681 4465 2747 4507 ea:
2799 4447 3065 4520 maleﬁcio
3109 4445 3300 4518 faciem
3347 4447 3639 4517 quatiente.

2123 4623 2333 4678 Praesto
2369 4618 2442 4677 sit
2487 4625 2611 4689 post
2645 4615 2950 4686 Rhodopen
2990 4610 3298 4683 Helpidius,
3332 4616 3388 4665 et
3419 4623 3544 4663 mox
3573 4607 3643 4661 de

369 4710 471 4775 τὰς
497 4707 730 4762 ὲστιάτω
778 4705 858 4776 τῷ
890 4703 1012 4757 κατ’
1041 4701 1206 4756 αὑτὸν
1235 4699 1398 4762 εὐθὺς
1425 4699 1728 4769 διηγήματι-
1756 4714 1771 4729 ·
1807 4699 1938 4751 ἐστιι

2043 4709 2291 4771 se‘l'a’era
2332 4713 2602 4768 relatione
2639 4708 2840 4764 reﬁciat
2889 4705 3205 4768 auditores;
3241 4709 3326 4759 est
3355 4702 3500 4756 enim
3539 4700 3642 4753 hoc

374 4799 673 4872 γάρτοῦτο
699 4797 820 4850 λίαν
871 4793 1054 4848 ἱκανὸν
1106 4792 1244 4862 πρὸς
1291 4789 1554 4855 ἑστίασιν,
1607 4791 1702 4844 καὶ
1733 4789 1954 4860 τρέφειν

373 4893 512 4954 am;
558 4888 800 4951 εὐσεϐῶς
818 4887 941 4950 τοὺς
976 4885 1299 4944 ἀκούοντας.
1322 4877 1488 4943 Οὗτος
1520 4880 1749 4951 ἐχθροὺς
1783 4880 1945 4950 ἔχων,

372 4985 450 5050 ὡς
478 4983 680 5047 ἔοικεν,
714 4979 803 5033 ἀεὶ
842 4976 1166 5049 μοχθηρίαις
1201 4973 1563 5042 συζήσαντας,
1596 4971 1689 5023 καὶ
1711 4970 1956 5040 παρανό-

376 5092 497 5149 μων
529 5073 706 5145 ἔργων
733 5069 974 5142 ἐργάτας
1018 5067 1388 5137 τυγχάνοντας
1409 5104 1425 5128 ,
1457 5062 1780 5133 περιεργείᾳ
1821 5061 1958 5133 πρὸς

373 5166 558 5223 αὐτῶν
586 5162 968 5224 ὑποϐάλλεται,
987 5159 1048 5214 ού
1082 5156 1422 5229 μαγγανείαν
1443 5154 1686 5217 ὑποστὰς
1706 5154 1795 5207 διὰ
1823 5151 1958 5224 βρώ-

375 5272 536 5319 σεως,
571 5254 606 5325 ἢ
633 5251 959 5324 δηλητήριον
985 5246 1166 5301 λαϐὼν
1191 5246 1280 5300 διὰ
1298 5245 1535 5308 πόσεως,
1561 5243 1696 5297 ἀλλὰ
1723 5243 1956 5312 πληγεὶς

375 5347 614 5419 ἀφειδῶς
651 5345 740 5399 διὰ
787 5341 1061 5412 δαίμονος,
1122 5339 1218 5392 καὶ
1272 5333 1519 5406 μυσαροῦ
1585 5334 1682 5388 καὶ
1728 5334 1960 5404 μέγιστα

377 5442 708 5516 βλάπτοντος
738 5438 1047 5506 πνεύματος
1072 5452 1085 5466 ·
1118 5436 1205 5488 ἀεὶ
1244 5433 1354 5503 γὰρ
1385 5428 1550 5484 αὑτοῦ
1585 5431 1694 5483 πᾶν
1727 5429 1960 5484 ἐδονεῖτο

376 5532 439 5584 τὸ
475 5530 766 5602 πρόσωπον
789 5544 802 5558 ·
841 5527 963 5580 καθ’
985 5521 1046 5579 οὗ
1076 5525 1169 5577 καλ⁸
1191 5525 1290 5593 τὴν
1325 5522 1536 5591 πληγὴν
1565 5520 1775 5590 ὑπῆρξε
1804 5519 1962 5585 δεξά-

386 5637 548 5697 μενος
581 5637 598 5652 ·
633 5621 770 5690 ὅπερ
802 5617 1069 5680 ἀκουσίως
1110 5616 1204 5669 καὶ
1234 5614 1421 5685 βιαίως
1447 5612 1736 5683 σειόμενον
1761 5612 1960 5684 ἑαυτῷ,

2057 4806 2193 4862 satis
2217 4805 2474 4861 idoneum
2504 4802 2571 4855 ad
2597 4798 2996 4870 epulationem,
3021 4810 3086 4849 ac
3109 4794 3194 4862 pie
3219 4793 3430 4847 nutrire
3459 4789 3642 4845 sciens

2057 4897 2364 4953 audientes.
2396 4893 2514 4947 II-ic-
2535 4893 2797 4945 nimirum
2835 4887 3089 4942 inimicos
3128 4883 3356 4944 habens,
3389 4880 3482 4949 qui
3513 4891 3637 4931 cum

2058 5002 2277 5059 semper
2319 4985 2571 5053 nequiter
2619 4983 2890 5043 viverent,
2938 4986 2998 5033 et‘
3035 4975 3350 5044 iniquorum
3406 4983 3635 5041 operum

2058 5077 2302 5149 operarii
2331 5083 2538 5137 essent,
2575 5070 2844 5149 maleﬁcio
2885 5069 2953 5122 ab
2998 5067 3080 5120 eis
3128 5061 3489 5126 submittitur,
3525 5073 3635 5114 non

2064 5170 2392 5246 maleficium
2429 5183 2532 5238 per
2548 5179 2743 5221 escam
2765 5173 3083 5234 perpessus,
3117 5163 3212 5212 aut
3241 5167 3513 5211 venenum
3547 5166 3644 5206 su-

2063 5274 2219 5315 mens
2248 5239 2302 5312 in
2339 5263 2494 5328 potu,
2533 5252 2628 5308 sed
2669 5249 2844 5322 plagis
2880 5262 2992 5303 non
3035 5242 3394 5315 parcentibus
3424 5239 3642 5297 saucia-

2065 5358 2174 5411 tus,
2216 5363 2311 5417 per
2356 5347 2657 5402 daemonem
2688 5351 2890 5396 tetrum
2925 5353 3000 5392 ac.
3025 5336 3310 5390 laedentem
3343 5330 3640 5402 plurimum

2063 5438 2351 5509 spiritum;
2405 5452 2621 5506 semper
2659 5434 2804 5489 enim
2839 5439 2963 5486 tota:
2995 5430 3162 5484 facies
3208 5425 3552 5488 movebatur,
3587 5423 3641 5476 in

2064 5543 2168 5598 qua
2218 5528 2430 5597 plagam
2482 5532 2827 5593 susceperat,
2863 5534 2988 5590 quae
3038 5533 3145 5583 non
3199 5523 3415 5582 sponte,
3448 5514 3540 5569 sed
3591 5513 3639 5565 \‘i

2066 5616 2290 5686 agitata,
2325 5624 2499 5671 totum
2532 5624 2723 5670 sccom
2759 5608 3140 5669 commovebat
3175 5607 3351 5678 caput
3381 5604 3568 5696 simul.
3585 5611 3639 5658 et
3715 5603 3722 5605 ’
