3998 6200
343 290 484 357 3645

1362 291 1466 355 SS.
1493 292 1669 355 CYRI
1708 292 1805 354 ET
1839 287 2163 354 JOANNIS
2196 290 2623 353 MIRACULA'

3471 282 3611 365 3646

345 401 690 469 ἀναδείξασιν
729 399 1001 472 ἀγνώμων
1026 400 1266 473 κρίνοιτο
1299 402 1395 457 καὶ
1418 405 1735 477 ἀχάριστος,
1769 406 1927 478 σιγᾷν

2055 421 2147 459 ero
2197 405 2426 471 uolens;
2458 418 2527 458 ne
2569 402 2656 459 his
2688 401 2780 473 qui
2830 399 3178 470 eloquentem
3234 396 3383 452 hunc
3426 408 3613 455 osten-

347 495 531 552 αὒτῶν
562 494 662 558 τὰς
690 494 901 566 δωρεάς
936 494 1359 579 ἀνασχόμενος..

419 676 601 742 Φοίνιξ
648 675 895 747 ὑπῆρχεν
921 676 950 727 ὁ
994 673 1189 739 άλαλος
1209 715 1223 740 ,
1248 675 1350 729 καὶ
1378 675 1555 747 Τύρου
1587 676 1685 748 τῆς
1724 676 1935 739 πόλεως

350 768 599 841 ὥρμητο,
634 767 871 836 ἐλέγχων
907 766 1047 837 τάχα
1076 767 1252 840 ταύτῃ
1280 770 1408 831 τοὺς
1435 769 1727 838 Ἕλληνας,
1751 768 1847 821 καὶ
1869 768 1937 822 τά

349 859 519 931 ψευδῆ
539 856 745 910 τούτων
767 856 859 909 καὶ
892 856 1112 927 γραὼδη
1152 857 1622 926 μυθάρια.Ἕνθεν
1648 857 1759 927 γὰρ
1789 850 1936 911 οὗτοι

349 951 442 1003 τὸν
467 949 686 1021 Κάδμον
710 947 1030 1018 μυθεύονται
1054 948 1273 1018 πρῶτον
1315 950 1660 1021 γραμμάτων
1681 949 1938 1018 γενέσθαι

353 1043 674 1111 γεννήτορά,
708 1040 801 1092 καὶ
829 1038 1038 1103 τούτοις
1054 1039 1280 1094 Ἐλλάδα
1303 1041 1511 1107 ξενίσαι
1543 1042 1643 1114 τὴν
1674 1045 1936 1113 ἄμουσον,

356 1136 448 1203 ἀφ’
500 1127 561 1187 οὗ
609 1133 705 1185 νῦν
767 1131 1077 1203 βλαστήσας
1136 1135 1165 1202 ᾧ
1209 1133 1402 1198 ἄλαλος
1426 1174 1441 1197 ο
1501 1135 1675 1206 σαφὴς
1720 1136 1941 1207 ἔλεγχος

357 1223 515 1294 ὤφθη
558 1222 656 1276 τοῦ
720 1222 1038 1294 πλάσματος
1081 1240 1095 1254 ο
1140 1224 1200 1277 ὅν
1247 1225 1510 1297 ’Έλληνες
1552 1227 1765 1300 ἀμαθίᾳ
1810 1245 1945 1283 κατ-

360 1318 668 1384 έκρυπτον,
734 1314 1001 1386 πρεσϐεῖα
1061 1315 1306 1381 Μωσέως
1358 1316 1421 1370 οὐ
1486 1317 1798 1388 βλέποντες,
1848 1320 1944 1373 καὶ

359 1407 587 1478 Κάδμου
613 1406 840 1478 χρόνους
862 1405 1144 1472 παντελῶς
1168 1409 1227 1461 ού
1260 1407 1645 1478 γινώσκοντες,
1673 1408 1768 1474 οὓς
1806 1412 1946 1482 πρὸς

363 1499 584 1570 ἔλεγχον
648 1498 1048 1570 παρατίθεσθαι
1121 1500 1378 1571 μείζονα,
1446 1502 1539 1555 καὶ
1603 1502 1947 1572 σαφεστέραν

367 1592 542 1645 ποιεῖν
582 1590 680 1661 τὴν
718 1590 927 1661 πλάνην
958 1592 1072 1654 τοῖς
1093 1589 1359 1656 θέλουσιν,
1400 1591 1429 1644 ὁ
1468 1591 1670 1656 σκοπὸς
1698 1592 1726 1645 ὁ
1757 1590 1947 1663 παρὼν

366 1684 467 1738 ούκ
496 1682 730 1755 ἀφίησι,
760 1682 897 1753 πρὸς
941 1682 1133 1736 ἐαυτὸν
1165 1682 1550 1753 ἐφελκόμενος,
1583 1685 1676 1738 καὶ
1707 1684 1948 1756 πληροῦν

368 1778 531 1832 αὖτἰν
560 1776 887 1845 ἀναγκάζων
910 1776 1003 1830 τὸν
1032 1773 1299 1846 κάλαμον.
1332 1777 1531 1849 Τύριος
1555 1773 1643 1850 ἦν,
1678 1780 1754 1843 ὡς
1786 1779 1948 1850 ἔφην,

369 1869 398 1923 ό
432 1868 648 1934 ἃλαλος,
694 1869 789 1922 καὶ
822 1867 1085 1937 σύγγονον
1130 1868 1256 1940 ἔσχε
1303 1870 1363 1923 τὸ
1392 1870 1629 1941 νόσημα,
1676 1871 1738 1925 ού
1773 1872 1952 1942 χρόνῳ

369 1960 478 2013 τινὶ
509 1959 721 2030 συμϐὰν
745 1960 841 2014 ἀπ’
862 1960 1022 2014 ἄλλου
1056 1962 1379 2032 νοσήματος,
1417 1962 1531 2015 ἀλλ’
1563 1962 1623 2027 ἐξ
1651 1964 1822 2034 αὐτῆς
1852 1963 1953 2019 αὑ-

369 2051 450 2120 τῷ
476 2051 762 2122 συντεχθὲν
790 2052 890 2123 τῆς
912 2052 1163 2122 κυήσεως
1184 2069 1199 2084 ο
1223 2053 1319 2106 καὶ
1341 2052 1499 2108 τοῦτο
1530 2054 1711 2126 λαχὼν
1744 2056 1806 2108 τὸ
1842 2056 1952 2111 πά-

372 2143 465 2203 θος
514 2144 578 2195 ἐκ
623 2143 837 2210 φύσεως
864 2184 878 2207 ,
917 2142 977 2196 ού
1027 2142 1285 2212 γλυκεῖαν
1332 2145 1546 2215 ἀφῆκεν
1588 2147 1776 2215 φωνὴν
1819 2147 1955 2219 προς

373 2236 501 2297 τοὺς
531 2232 827 2316 φύσαντας,
865 2234 924 2287 ού
970 2236 1185 2306 μητέρα
1218 2235 1348 2289 ποτὲ
1385 2236 1690 2308 τραυλίζων
1722 2239 1955 2310 ἠγόρευ-

381 2344 487 2391 σεν,
513 2327 573 2380 ού
600 2327 814 2398 πατέρα
847 2326 1113 2396 ψελλίζων
1142 2329 1402 2382 ἐκάλεσεν
1434 2346 1447 2360 ·
1472 2324 1554 2396 οἷς
1584 2331 1671 2384 ἀεὶ
1696 2332 1805 2384 τῶν
1828 2331 1957 2385 παι-

377 2417 482 2471 δων
529 2420 577 2472 οἱ
616 2423 792 2486 γονεῖς
836 2419 1313 2489 ἐπευφραένονται,
1362 2412 1467 2475 κάν
1531 2418 1840 2496 ἄναρθραῇ
1889 2423 1957 2477 τά

376 2509 751 2580 τραυλίσματα
782 2512 873 2564 καὶ
898 2510 1238 2580 ψελλίσματα
1266 2528 1279 2541 ⁸
1326 2512 1402 2576 ὡς
1437 2511 1710 2584 Ἀθηναῖοι
1742 2513 1803 2567 τὸ
1830 2515 1959 2587 πρὶν

377 2600 467 2654 ἐπ’
517 2602 745 2673 Αἰσχίνῃ
776 2604 871 2655 καὶ
921 2602 1255 2673 Δημοσθένει
1289 2604 1404 2668 τοῖς
1443 2605 1671 2677 ῥήτορσι
1708 2604 1802 2659 καὶ
1845 2607 1961 2670 τοῖς

375 2690 582 2744 τούτων
611 2692 935 2760 εύγλὼττοις
968 2692 1368 2765 στομύλμασιν.

465 2869 626 2940 Ἀνὴρ
668 2868 761 2923 οὖν
793 2869 1051 2939 γεγονὼς,
1096 2872 1195 2943 τὴν
1237 2870 1482 2942 γλῶτταν
1524 2869 1670 2945 εἶχεν
1707 2874 1962 2946 ἀκίνητον

2037 496 2254 561 derunt,
2287 497 2468 550 minus
2505 495 2736 549 devotus
2763 507 2888 548 esse
2922 491 3269 562 judicaretur
3313 487 3521 559 pariter
3560 500 3616 545 et

2039 587 2311 657 ingratus,
2347 586 2478 642 dum
2511 585 2654 640 dona
2688 599 2877 640 eorum
2930 592 3114 637 tacere
3153 579 3455 651 paleretur.

2108 677 2338 733 Phoenix
2378 687 2496 731 erat
2527 685 2730 738 tuutus,
2767 682 2822 729 et
2854 672 2984 744 Tyri
3038 671 3278 727 civitatis
3324 670 3616 735 oriundus,

2040 767 2378 839 redargueus
2407 766 2546 822 forte
2581 767 2669 822 hic
2699 765 2941 827 Graecos,
2988 771 3042 818 et
3102 763 3268 817 falsas
3314 761 3511 817 horqu
3563 774 3618 818 et

2041 862 2216 916 aniles
2244 860 2489 915 fabellas.
2520 858 2656 914 lliuc
2702 858 2847 913 enim
2883 859 2916 912 ii
2960 855 3202 911 Cadmon
3233 854 3472 910 fatentur
3504 855 3619 925 pri-

2041 970 2188 1008 mum
2218 954 2522 1008 litterarum
2562 951 2733 1006 fuisse
2762 950 3112 1020 magistrum,
3141 956 3194 1002 et
3229 946 3316 1002 his
3351 946 3616 1001 Graeciam

2043 1056 2387 1100 munieratqu
2422 1043 2703 1099 indoctam
2740 1040 2883 1115 [cod.
2929 1036 3228 1112 miratam].
3258 1040 3303 1092 Δ
3332 1054 3441 1108 quo
3476 1054 3619 1093 uuuc

2043 1136 2362 1207 germinans
2399 1147 2605 1201 mutus,
2647 1132 2974 1189 manifestus
3032 1131 3271 1185 lictionis
3305 1129 3468 1185 index
3520 1145 3619 1199 ap-
3660 1144 3681 1157 κ

2046 1230 2246 1301 paruit,
2305 1244 2468 1298 quem
2521 1227 2695 1283 Grreci
2759 1221 3271 1295 indiseiplinatione
3316 1220 3621 1277 absconde.

2045 1323 2197 1388 baut,
2256 1320 2553 1391 primatum
2611 1316 2784 1390 Moysi
2839 1330 2950 1371 non
3012 1312 3280 1379 videntes,
3338 1323 3393 1366 et
3433 1310 3620 1365 Cadmi

2046 1422 2291 1482 tempora
2326 1410 2504 1465 modis
2545 1408 2803 1465 omnibus
2844 1405 3197 1472 nescientes;
3246 1419 3385 1475 quos
3427 1402 3493 1456 ad
3536 1417 3623 1456 rc-

2046 1504 2428 1575 dargutionem
2487 1502 2749 1571 majorem
2803 1498 3230 1561 commendare,
3282 1495 3625 1550 manifestio-

2048 1609 2273 1665 rrmque
2320 1594 2407 1649 bis
2456 1593 2551 1663 qui
2605 1591 2801 1647 volunt
2849 1604 3093 1646 errorem
3143 1586 3341 1653 facere,
3394 1587 3625 1641 iutcutiu

2053 1701 2292 1755 praesens
2323 1701 2433 1739 non
2469 1684 2626 1747 sinit,
2652 1682 2719 1737 ad
2746 1697 2806 1739 se
2846 1696 2947 1737 nos
2977 1680 3287 1744 attrahens,
3318 1685 3372 1734 et
3400 1678 3628 1749 implere

2054 1793 2215 1833 suum
2263 1776 2536 1831 calamum
2572 1788 2797 1844 cogens.
2828 1771 3031 1844 Tyrius
3083 1778 3222 1837 erat,
3272 1778 3333 1824 ut
3361 1769 3495 1835 dixi,
3538 1769 3629 1823 ille

2053 1879 2258 1933 mutus,
2306 1877 2361 1922 et
2399 1866 2709 1938 passionem
2747 1864 2982 1920 habebat
3010 1864 3284 1935 cognitam
3334 1876 3440 1916 non
3488 1868 3630 1916 tem-

2054 1977 2189 2033 pore
2226 1962 2412 2032 aliquo
2451 1959 2520 2014 ab
2562 1958 2672 2013 alio
2725 1957 3064 2012 accidentem
3111 1957 3393 2026 languore,
3434 1954 3528 2010 sed
3562 1969 3627 2009 ex

2054 2055 2175 2127 ipso
2206 2069 2394 2110 secum
2427 2060 2586 2123 partu
2646 2056 2988 2105 nascentem.
3032 2047 3098 2101 Et
3130 2047 3275 2102 hanc
3317 2063 3383 2103 cx
3431 2055 3627 2101 natura

2055 2146 2302 2209 sortitus,
2337 2157 2444 2199 non
2481 2142 2699 2199 dulcem
2761 2139 2827 2195 ad
2879 2147 3134 2209 parentes
3183 2138 3365 2193 emisit
3417 2151 3630 2202 vocem,

2058 2254 2167 2294 non
2210 2240 2441 2292 matrem
2494 2232 2791 2304 aliquando
2822 2229 3134 2287 balbutiens
3177 2229 3490 2300 appellavit,
3523 2242 3628 2282 n0u

2056 2337 2266 2403 patrem
2310 2327 2462 2383 claro
2502 2326 2696 2381 saltem
2739 2330 2911 2377 multo
2958 2320 3056 2394 [ita
3094 2319 3263 2393 cod],
3297 2320 3508 2374 vocavit
3540 2334 3633 2374 su-

2058 2434 2154 2490 per
2182 2417 2384 2488 quibus
2407 2430 2623 2486 semper
2651 2428 2944 2486 puerorum
2974 2423 3227 2481 parentes
3260 2409 3628 2475 laetiﬁcantur,

2060 2511 2190 2566 licet
2218 2510 2339 2564 sine
2387 2506 2640 2562 articulis
2678 2505 2790 2560 sint
2839 2502 3132 2558 muttiendi
3184 2508 3239 2555 et
3294 2498 3631 2560 balbutiendi

2061 2617 2251 2659 eorum
2317 2598 2580 2664 affectus;
2641 2597 2785 2653 sicut
2832 2594 3193 2650 Atheuienses
3230 2593 3436 2664 pridem
3471 2607 3636 2664 super

2061 2692 2326 2749 [Eschine
2355 2691 2439 2747 vel
2489 2689 2653 2744 etiam
2708 2687 3072 2744 Demosthene
3107 2683 3417 2740 rhetoribus
3446 2690 3501 2739 et
3541 2685 3636 2737 bo-

2062 2800 2182 2841 rum
2209 2782 2475 2839 versutiis
2518 2778 2930 2850 eloquentibus.

2132 2875 2230 2932 Vir
2252 2888 2384 2946 ergo
2416 2872 2591 2927 l‘actus
2616 2870 2859 2940 linguam
2893 2869 3231 2924 immobilem
3270 2866 3481 2931 habuit,
3514 2880 3638 2919 cum

380 2964 475 3015 καὶ
499 2965 609 3025 τοῖς
631 2961 837 3024 λοιποῖς
872 2964 932 3015 ού
969 2964 1367 3035 συντρέχουσαν
1407 2966 1625 3037 μέλεσιν
1649 2984 1663 2998 ⁸
1692 2967 1788 3021 καὶ
1819 2969 1947 3038 τάχα

2067 2967 2295 3038 reliquis
2326 2963 2586 3021 membris
2615 2961 2843 3016 minime
2881 2967 3298 3016 concurrentem
3340 2975 3355 3013 :
3407 2965 3462 3010 et
3500 2956 3642 3011 forte

382 3056 452 3109 ἂν
480 3055 577 3124 τῆς
602 3053 885 3126 παρούσης
908 3055 1054 3124 ζωῆς
1076 3055 1217 3109 οὕτω
1238 3057 1594 3129 ἐξεδήμησεν,
1624 3060 1673 3113 ει
1700 3059 1777 3133 μὴ
1810 3059 1947 3129 φιλό·

2067 3062 2145 3117 sic
2180 3074 2211 3113 a
2244 3056 2496 3130 prmseuti
2533 3056 2641 3109 vita
2686 3053 2999 3125 migrasset,
3056 3051 3160 3106 uisi
3208 3052 3429 3123 quidam
3477 3048 3638 3103 amici

381 3145 595 3214 χριστοὶ
627 3162 772 3208 τινες
808 3147 902 3199 καὶ
937 3144 1309 3218 φιλάνθρωποι
1351 3148 1535 3220 Κύρου
1566 3153 1661 3204 καὶ
1718 3151 1947 3206 ’Ῑωάννοι

2067 3147 2272 3204 Christi
2313 3152 2367 3202 et
2411 3144 2693 3200 hominum
2749 3150 3024 3198 amatores
3051 3182 3065 3206 ,
3109 3142 3233 3213 Cyri
3293 3157 3357 3195 ac
3417 3139 3644 3195 Joannis

383 3236 483 3305 τὴν
518 3237 677 3306 χάριν
710 3236 1133 3306 γιγνώσκοντες,
1179 3240 1273 3293 καὶ
1315 3239 1386 3293 τά
1420 3240 1489 3294 δι’
1519 3241 1698 3295 αὐτῶν
1731 3245 1843 3307 τοῖς
1872 3259 1947 3295 πι·

2069 3239 2301 3310 gratiam
2335 3246 2389 3292 et
2418 3234 2685 3290 miracula
2718 3250 2840 3304 qua:
2875 3248 2972 3304 per
3002 3249 3097 3290 eos
3139 3232 3467 3303 prm’stautur
3509 3232 3643 3287 [ideo

386 3330 534 3391 στοῖς
561 3329 913 3399 παρεχόμενα
954 3329 1208 3399 θαύματα
1242 3330 1317 3394 ὼς
1357 3332 1542 3386 πιστοὶ
1569 3332 1947 3405 συμπαθήσανι

2070 3329 2215 3383 libus
2267 3335 2700 3397 cognoscentes,
2775 3332 3039 3395 tanquam
3097 3324 3285 3380 ﬁdeles
3336 3323 3645 3394 compassi,

385 3438 501 3483 τες,
532 3419 721 3473 τοῦτον
753 3420 889 3492 πρὸς
920 3422 1046 3485 τοὺς
1080 3421 1364 3493 μάρτυρας
1378 3424 1587 3496 ἤγαγον
1617 3440 1630 3453 ·
1658 3424 1787 3478 ἔνθα
1815 3425 1947 3495 γενόη

2070 3419 2218 3474 hunc
2257 3418 2322 3472 ad
2354 3424 2626 3488 martyras
2682 3415 3075 3481 adduxissent;
3126 3415 3219 3469 ubi
3271 3414 3429 3470 iidem
3478 3412 3647 3468 dedu-

392 3527 553 3581 μενος
580 3555 597 3583 ,
640 3513 734 3565 καὶ
775 3511 872 3582 τὴν
916 3513 1099 3566 πίστιν
1133 3512 1240 3566 τῶν
1275 3514 1594 3582 ἀγαγόντων
1634 3515 1774 3585 ἔχων
1832 3532 1947 3588 πρει

2072 3511 2318 3568 centium
2352 3508 2588 3571 habens,
2617 3521 2741 3562 cum
2773 3506 3032 3575 venisset,
3068 3505 3516 3570 intercedentem,
3549 3522 3647 3562 nec

391 3602 711 3668 σδεύουσαν,
748 3603 840 3656 καὶ
880 3596 1060 3656 οἶκτον
1085 3603 1177 3656 τὸν
1226 3603 1415 3656 ἐαυτοῦ
1456 3605 1591 3676 πρὸς
1627 3600 1807 3660 οἶκτον
1844 3607 1947 3660 tabi

2074 3618 2183 3658 nou
2219 3610 2274 3655 et
2307 3599 2718 3655 miserationem
2743 3597 2852 3664 sui,
2886 3597 2953 3652 ad
2989 3597 3394 3652 miserationem
3428 3603 3648 3650 sanctos

393 3694 578 3761 ἁγίους
608 3693 916 3764 ἐγείραντα,
950 3693 1106 3757 λάλος
1132 3692 1376 3763 γλώττης
1403 3694 1685 3766 ἐπέτυχεν,
1708 3696 1770 3750 οὐ
1793 3696 1947 3764 γλῶτη

2074 3693 2427 3758 excitantem,
2460 3689 2767 3759 eloquentis
2804 3689 3045 3760 linguam
3099 3687 3331 3757 adeptus
3379 3693 3483 3752 est,
3537 3701 3646 3741 nou

390 3803 492 3837 ταν
550 3785 718 3856 άλλην
772 3785 1134 3857 κτησάμενος,
1187 3785 1303 3838 ἀλλ’
1341 3780 1410 3857 ἦς
1453 3780 1597 3857 εἶχεν
1643 3786 1735 3842 τὸν
1776 3789 1947 3861 δεσμδη

2076 3788 2239 3844 aliam
2276 3787 2521 3856 linguam
2552 3782 2865 3854 acquireus,
2898 3781 2994 3838 sed
3024 3779 3300 3836 vinculum
3332 3776 3454 3849 ejus
3484 3795 3648 3849 quam

396 3876 751 3948 ἀποθέμενος.
816 3876 1042 3940 Πάντως
1095 3877 1152 3931 δὲ
1196 3877 1255 3930 τὸ
1289 3878 1579 3951 φάρμακον
1620 3877 1799 3948 λέγειν
1847 3882 1947 3935 άκό

2078 3877 2314 3933 habebat
2371 3875 2672 3944 deponens.
2722 3871 2927 3927 Verum
2982 3879 3037 3927 et
3087 3871 3410 3927 medicinam
3464 3869 3650 3925 dicers

395 3965 606 4033 λουθον,
635 3967 703 4020 δι’
724 3960 784 4021 οὗ
812 3967 872 4020 τὸ
894 3970 989 4038 τῆς
1009 3966 1253 4039 γλώττης
1278 3967 1447 4030 πάθος
1471 3968 1757 4041 ἐξέφυγεν.
1790 3972 1947 4043 ’Υδωγ

2078 3984 2424 4039 consequens
2457 3975 2563 4032 est,
2613 3981 2708 4036 per
2740 3980 2904 4036 quam
2955 3964 3152 4035 linguae
3202 3962 3514 4032 passionem
3550 3959 3652 4014 dif-

396 4057 547 4128 αὐτῷ
575 4059 752 4112 πίνειν
777 4058 1089 4113 καθεύδοντι
1122 4061 1171 4113 οἱ
1203 4060 1349 4130 ἅγιοι
1374 4062 1632 4130 φανέντες
1658 4063 1947 4119 ἐκέλευσαν

2081 4059 2237 4131 fugit.
2267 4060 2475 4129 Aquam
2517 4058 2566 4111 ei
2618 4056 2804 4112 bibere
2841 4052 3134 4110 dormienti
3175 4058 3497 4121 apparentes
3527 4063 3653 4131 sau-

400 4150 462 4203 οὐ
493 4150 671 4217 λόγοις
711 4149 869 4203 τοῦτο
903 4128 1364 4223 θεσπίζοντεςγ(ού
1388 4128 1517 4226 Ῠγάρ
1556 4155 1796 4227 ἤκουεν),
1836 4156 1947 4210 άλλι

2081 4152 2154 4209 eti
2201 4128 2513 4221 jusserunt,
2574 4163 2682 4202 non
2737 4145 2922 4201 verbis
2961 4144 3064 4199 hoc
3114 4142 3493 4205 decernentes,
3543 4128 3653 4194 non

400 4238 656 4308 νεύμασι,
703 4240 799 4293 καὶ
828 4240 922 4292 τοῦ
967 4239 1209 4309 νάματος
1252 4240 1471 4307 δείξεσι.
1519 4242 1577 4297 '0
1604 4243 1661 4297 δὲ
1689 4245 1947 4317 γενόμενο

2080 4240 2226 4297 enim
2258 4238 2537 4302 audiebat,
2572 4236 2668 4291 sed
2696 4234 2923 4291 nutibus
2962 4240 3017 4288 et
3059 4231 3292 4303 lymphae
3319 4227 3651 4284 ostensioni-

402 4327 650 4393 ἔξυπνος,
685 4329 746 4382 τὸ
765 4330 915 4399 νάμα
948 4330 1134 4400 φέρειν
1173 4329 1416 4385 ἐνένευεν
1451 4350 1466 4364 ο
1496 4333 1838 4407 ἐμεμαθήκει
1871 4336 1947 4405 γά

2082 4333 2208 4389 bus.
2271 4330 2376 4398 Qui
2431 4326 2849 4400 expergefactus
2915 4334 2975 4380 ut
3034 4322 3300 4378 ﬂuentum
3367 4319 3658 4376 aﬂ'erretur

402 4418 491 4472 διὰ
523 4420 810 4489 νεύματος,
839 4393 884 4474 ’ὃ
908 4393 1048 4475 ea;
1096 4422 1194 4475 ἴδοι
1229 4393 1777 4497 κοιμώμενόςίτοῦτο
1806 4393 1947 4485 ποιεῖ

2055 4393 2381 4488 ’ἱηιιιιοιιξιις
2417 4393 2685 4475 didicerat
2724 4417 2869 4472 enim
2919 4429 3017 4485 per
3058 4421 3251 4468 nutqu
3289 4421 3347 4465 ut
3393 4408 3657 4481 quidquid

404 4512 763 4578 ἀνιστάμενος
795 4528 808 4541 ·
844 4511 938 4565 καὶ
964 4511 1209 4576 δοθέντος
1238 4512 1385 4585 αὐτῷ
1413 4515 1606 4570 θᾶττον
1639 4517 1733 4570 τοῦ
1768 4516 1947 4582 ὓδατος

2083 4515 2295 4572 videret
2325 4512 2626 4577 dormiens,
2672 4509 2938 4579 evigilans
2969 4505 3213 4572 faceret;
3258 4511 3312 4559 et
3341 4502 3521 4557 datam
3555 4501 3658 4557 sibi

404 4607 696 4677 δεξάμενος
737 4607 914 4658 ἔπιεν.
945 4605 1056 4660 Καὶ
1106 4605 1245 4659 πιὼν
1284 4606 1485 4671 εὐθέως
1539 4607 1803 4676 ἐλάλησεν
1840 4626 1855 4641 ’
1889 4627 1947 4663 κο

2084 4603 2355 4662 maturius
2386 4617 2581 4673 aquam
2631 4597 2875 4669 suscepit
2922 4604 2976 4652 et
3024 4594 3181 4660 bibit,
3235 4599 3289 4648 et
3322 4589 3517 4647 bibens
3545 4597 3661 4644 sta-

403 4697 706 4751 λαλούντων
759 4694 1063 4767 ἀνθρώπων
1102 4696 1407 4767 ἐπήκουσεν
1444 4712 1460 4729 '
1524 4698 1618 4752 καὶ
1660 4699 1772 4752 τῶν
1814 4699 1947 4768 άγίω

2087 4699 2185 4753 tim
2215 4698 2434 4753 locutus
2459 4704 2564 4760 est,
2597 4700 2653 4749 et
2716 4690 2969 4746 homines
3010 4688 3298 4759 loquentes
3338 4680 3570 4745 audivit,
3606 4689 3658 4734 et

404 4785 720 4857 ἀπήγγελλε
782 4785 1099 4856 θέσπισμα,
1169 4786 1263 4839 τὸν
1328 4786 1540 4856 ὄνειρον
1612 4787 1795 4856 λόγοις
1851 4804 1947 4858 τρο

2088 4796 2404 4846 sanctorum
2458 4784 2647 4841 retulit
2706 4780 3086 4843 sanctionem,
3151 4775 3424 4833 somnium
3479 4770 3661 4826 verbis

407 4879 525 4931 νέσι
564 4875 921 4948 διηγούμενος
961 4875 1054 4929 καῖ¹
1094 4874 1204 4928 τῶν
1241 4874 1516 4946 ὀφθέντων
1569 4875 1845 4951 γεραίρων
1887 4877 1947 4949 τὴ

2087 4878 2364 4948 expressis
2386 4889 2676 4938 enarrans,
2716 4880 2983 4927 eteorum
3030 4866 3125 4937 qui
3156 4871 3521 4935 apparuerant
3556 4860 3662 4912 vir-

407 4969 664 5040 δύναμιν.
2089 4977 2257 5025 tutetu
2285 4965 2679 5021 eoncelcbrans
3614 4962 3621 4971 '

482 5066 669 5132 υύτως
714 5070 741 5122 ὁ
774 5067 958 5137 κωερδς
1003 5063 1336 5137 ἠκροάσατο,
1382 5058 1477 5115 καὶ
1511 5059 1672 5131 λόγον
1717 5060 1746 5112 ὁ
1795 5059 1947 5114 άλαλι

2161 5057 2370 5113 Taliter
2403 5052 2607 5110 surdus
2673 5049 2901 5114 audivit,
2931 5056 2987 5102 et
3034 5044 3257 5100 verbum
3311 5049 3498 5097 mutus
3535 5052 3661 5109 pro-

411 5160 811 5231 ἀπεφθέγξατο,
829 5132 889 5212 ού
919 5132 1347 5230 τῇςνκασταλίας
1373 5153 1706 5223 γευσάμενος
1728 5150 1947 5222 νάματος

2091 5147 2386 5212 nuntiavit,
2432 5159 2540 5198 non
2596 5140 2852 5197 Castaliae
2919 5145 3149 5208 gustatis
3203 5132 3487 5198 ﬂuentum,
3554 5142 3663 5231 non

412 5253 512 5325 οὐχ
529 5209 852 5323 addiderit};
867 5209 1197 5318 ἐτυγὺς
1230 5209 1620 5323 κατειδόμενον
1640 5286 1656 5312 ,
1685 5209 1746 5298 ού
1776 5209 1947 5315 ρεῖθρι

2092 5254 2291 5311 aquam
2340 5209 2537 5291 bibens
2571 5249 2599 5287 a
2631 5232 2797 5304 Styge
2826 5228 3272 5291 descendentem,
3306 5239 3413 5279 non
3445 5209 3664 5279 latican

414 5310 764 5398 Καυκάσειον
792 5310 1154 5412 ἀρυσάμενος,
1200 5310 1483 5410 εὐφημοῦν
1510 5310 1714 5409 ἀρετὴν
1745 5310 1947 5406 Πυθαγι

2093 5310 2423 5388 caucasiqu
2478 5319 3110 5386 hauriens,laudautem
3149 5317 3402 5371 virtutem
3456 5310 3662 5384 Pytha-

418 5452 586 5508 ρειον,
608 5435 683 5499 ὡς
719 5404 989 5505 Ἑλλήνων
1010 5434 1058 5486 οῖ
1088 5430 1246 5501 μῦθοι
1270 5404 1642 5508 θεσπίζουσιν,
1660 5404 1755 5484 καὶ
1780 5430 1887 5485 τῶν
1903 5404 1947 5501 γε

2095 5419 2358 5492 goricam,
2395 5425 2453 5471 ut
2488 5413 2770 5487 gentilium
2799 5409 2994 5465 tabula:
3032 5406 3306 5471 sanciunt,
3341 5415 3394 5460 et
3425 5404 3661 5474 scripto-

415 5495 703 5595 γραφότων
737 5526 770 5597 ἡ
798 5495 932 5594 πρὸς
978 5495 1235 5594 ἀλήθειαν
1262 5518 1437 5575 ἔνδεια
1469 5534 1486 5549 ο
1532 5495 1648 5572 ἀλλ’
1685 5495 1947 5597 εὐτυχήσι

2097 5527 2218 5569 rum
2277 5515 2543 5581 quantum
2604 5504 2801 5560 attinet
2840 5500 2908 5555 ad
2963 5498 3247 5555 veritatem
3308 5496 3513 5570 inopia,
3567 5495 3665 5549 sed

432 5588 679 5672 λίωάννου
888 5588 1079 5686 Κύρου
1133 5611 1232 5683 τὴν
1280 5610 1530 5665 κέλευσιν
1575 5588 1947 5682 ἀναπληροῧσι

2095 5603 2329 5661 Joannis
2389 5608 2444 5658 et
2491 5599 2618 5672 Cyri
2674 5596 2927 5668 iussione
2973 5592 3204 5665 potitus,
3229 5606 3350 5662 qua:
3387 5588 3668 5669 suppleret

421 5707 571 5780 αὐτῷ
609 5708 754 5782 άπερ
784 5711 817 5791 η
852 5685 1015 5779 φύσιές
1049 5704 1398 5776 δημιουργεῖν
1428 5702 1612 5769 αὐτοῖς
1665 5699 1947 5774 παρεχὼρτ

2102 5695 2181 5755 illi
2215 5692 2362 5768 quod
2394 5700 2589 5750 natura
2646 5689 2827 5747 lacero
2864 5685 3233 5745 concessisset
3256 5701 3277 5771 _;
3305 5698 3414 5757 quo
3445 5694 3665 5756 appare-
