3998 6200
345 300 486 365 3647

1271 311 1330 369 S.
1378 307 1800 370 SOPIIRONII
1835 308 2342 370 PATRIARCH/E
2370 308 2774 371 HIEROSOL.

3483 309 3627 376 3648

347 419 472 466 rent
505 419 775 486 martyres
820 415 1014 470 abindc
1067 415 1332 473 sanitates
1367 417 1598 482 donare,
1625 427 1678 473 et
1733 435 1796 473 ea
1828 436 1948 489 qua:

2055 438 2146 473 σεν
2183 437 2197 451 ·
2249 421 2335 472 ἵνα
2375 419 2618 490 φανῶσιν
2652 421 2702 472 οἱ
2743 419 3019 492 μάρτυρες
3055 417 3264 475 ἐκεῖθεν
3307 417 3405 483 τάς
3457 420 3630 487 ἰάσεις

349 504 419 562 ad
453 506 841 577 perfectionem
873 510 1187 565 hominibus
1219 511 1450 567 deerant
1489 513 1936 578 accommodare,

348 603 495 657 unde
515 613 566 656 et
591 604 905 672 aprineipio
937 603 1276 659 nativitatem
1314 607 1493 661 sortiti
1529 617 1676 662 sunt.
1704 605 1937 676 Propter

347 692 494 762 quod
531 703 581 746 et
624 708 722 746 nos
757 707 854 746 eos
881 704 1146 763 quantum
1192 711 1489 766 possumus
1535 699 1934 764 collaudantes,

345 793 401 836 et
426 784 544 838 dati
579 784 801 838 verbum
838 785 891 838 in
918 787 1204 854 apertione
1261 789 1374 844 oris
1425 792 1820 860 supplicantes,
1859 791 1937 846 si-

342 883 438 928 cut
468 873 629 928 etiam
662 888 808 928 nunc
865 877 1117 945 pnesenti
1177 888 1328 932 muto
1358 879 1648 943 dederunt,
1703 882 1767 933 ad
1804 881 1936 935 reli-

345 979 585 1033 quorum
649 965 1041 1021 miraculorum
1082 970 1458 1026 narrationem
1505 971 1763 1026 alacriter
1793 987 1938 1041 pro-

344 1071 624 1126 peremns.

423 1168 584 1226 LXV.
614 1171 692 1226 De
721 1171 990 1229 Theodoro
1028 1191 1164 1232 meo
1184 1187 1231 1232 et
1267 1176 1489 1232 habente
1522 1177 1871 1234 dwnionium.

419 1329 500 1385 Ad
553 1339 768 1402 tempus
803 1331 966 1387 nobis
988 1331 1128 1386 Cilix
1170 1335 1406 1390 accessit
1455 1335 1797 1406 Theodorus,
1829 1339 1934 1393 du-

349 1421 510 1490 plicis
540 1431 594 1476 et
627 1424 743 1492 ipse
792 1423 1132 1478 infirmitatis
1159 1424 1343 1494 fugam
1395 1442 1683 1495 enarratis,
1711 1438 1765 1484 et
1803 1445 1935 1484 con-

349 1513 517 1568 scribi
554 1529 678 1568 cum
713 1516 1060 1584 prmcedenti,
1089 1517 1183 1586 qui
1238 1530 1420 1574 mutus
1454 1527 1508 1573 et
1537 1521 1739 1576 surdus
1764 1524 1934 1577 exsu-

352 1612 517 1669 terat,
580 1607 828 1673 volens;
885 1606 1234 1678 duplicisque
1299 1612 1581 1682 languoris
1658 1613 1933 1685 duplicem

350 1698 585 1754 sortitus
637 1706 722 1752 est
752 1703 1068 1756 sanitatem.
1109 1701 1229 1768 Quo
1263 1703 1496 1775 benigne
1532 1716 1776 1776 recepto,
1808 1725 1936 1778 pro-

351 1799 474 1858 pter
501 1789 938 1846 benevolentiam
977 1809 1137 1862 quam
1171 1794 1318 1849 circa
1349 1803 1617 1867 martyras
1667 1798 1850 1864 habet,
1884 1809 1936 1856 et

351 1881 597 1953 linguam
622 1884 697 1938 illi
724 1885 788 1939 ad
821 1885 983 1940 breve
1012 1895 1229 1956 tempus
1259 1887 1608 1956 donabimus,
1635 1899 1687 1944 et
1715 1907 1938 1946 manum

356 1976 925 2042 accommodabimus,
957 1987 1010 2032 et
1049 1990 1297 2033 mutuum
1346 1983 1728 2050 praestabimus
1789 1987 1933 2038 cala-

353 2083 528 2134 mum,
575 2069 785 2124 sanctis
819 2069 1038 2124 laudem
1069 2071 1294 2138 texenti,
1322 2081 1376 2126 et
1432 2073 1688 2128 virtutem
1746 2090 1938 2130 eorum

355 2161 531 2216 ardue
584 2162 889 2231 praedicare
916 2164 1182 2219 studenti.
1221 2165 1555 2235 incipiamus
1591 2181 1720 2235 ergo
1755 2167 1823 2223 de
1847 2167 1941 2223 illo

355 2250 580 2318 referre,
608 2253 864 2307 alacriter
893 2253 942 2307 ei
977 2255 1161 2308 omnia
1218 2255 1374 2322 facti,
1438 2272 1636 2312 manus
1665 2258 1938 2326 videlicet,

355 2340 563 2414 lingua,
595 2351 647 2396 et
673 2341 920 2398 calamus
945 2343 1192 2400 Scribere
1228 2345 1490 2400 velociter
1518 2355 1571 2400 et
1601 2349 1940 2418 amplissime

353 2429 700 2487 adhortatus.

425 2523 566 2578 Cilix
599 2532 718 2579 erat
741 2521 1070 2581 Theodorus
1100 2545 1164 2582 ex
1189 2529 1524 2584 Anazarbeis
1553 2540 1799 2598 exortus,
1823 2548 1947 2604 pas-

355 2616 714 2688 siouibusque
751 2618 967 2674 duabus
985 2619 1296 2676 difficilibus
1327 2632 1668 2688 coarctatus,
1705 2641 1938 2694 quarum

355 2711 527 2765 altera
558 2710 886 2766 darmonium
946 2723 1062 2767 erat
1113 2713 1538 2782 nequissimum,
1577 2715 1750 2770 ferina
1782 2717 1942 2770 saevi-

358 2801 433 2856 tia
461 2803 880 2873 superveniens,
909 2813 964 2859 et
997 2803 1318 2872 dirumpens
1353 2820 1573 2876 semper
1605 2822 1768 2864 omne
1793 2807 1938 2876 quod

358 2893 699 2960 invenisset;
759 2895 1039 2951 multoties
1107 2897 1275 2962 enim,
1343 2906 1403 2950 at
1445 2898 1720 2966 quondam
1787 2911 1941 2969 pater

357 2985 692 3040 daemonium
757 2987 1020 3056 patientis
1085 2987 1138 3042 in
1188 2986 1501 3058 Evangeliis
1549 2991 1614 3046 ad
1649 2992 1938 3047 Dominum

2039 512 2393 583 δωρούμενοι,
2444 513 2538 565 καὶ
2565 513 2635 567 τά
2683 512 2819 584 πρὸς
2847 511 3128 565 τελείωσιν
3163 512 3276 575 τοῖς
3321 509 3630 582 ἀνθρώποις

2040 605 2382 670 ἐλλείποντα,
2409 605 2531 658 δθεν
2571 605 2628 671 ἐξ
2663 605 2840 676 ἀρχῆς
2868 605 2964 658 καὶ
3005 603 3103 673 τὴν
3142 603 3361 672 γένεσιν
3385 603 3580 674 ἔλαχον
3601 625 3618 641 ο

2038 697 2118 750 διὸ
2150 695 2243 750 καὶ
2279 698 2442 766 ἡμεῖς
2474 695 2551 760 ὼς
2577 695 2801 748 δυνατὸν
2836 695 3036 758 αὐτοὺς
3067 693 3510 764 εὐφημήσαντες,
3539 697 3625 748 καὶ

2037 787 2220 841 δοῦναι
2249 788 2405 856 λόγον
2437 790 2495 840 ὲν
2528 787 2729 852 ἀνοίξει
2763 785 2854 840 τοῦ
2905 785 3174 855 στόματος
3217 784 3626 849 ἱκετεύσαντες,

2035 878 2108 943 ὡς
2147 880 2239 932 καὶ
2266 879 2342 950 τῷ
2369 875 2596 950 παρόντι
2642 878 2737 934 νῦν
2769 878 2951 949 ἀλάλῳ
2981 875 3302 944 δεδώκασιν,
3332 876 3632 949 προθύμως

2037 989 2079 1024 π
2088 973 2174 1044 ρος
2205 971 2304 1044 τὴν
2327 973 2432 1027 τῶν
2459 971 2799 1044 λειπομένων
2821 967 3114 1042 θαυμάτων
3135 968 3388 1042 διήγησιν
3411 967 3633 1038 ἐπειγό-

2042 1063 2205 1135 μεθα.

2036 1173 2155 1229 ΞΕ’.
2217 1175 2356 1243 Περὶ
2404 1172 2727 1297 Θεοδώρουέ
2749 1173 2855 1228 τοῦ
2899 1174 3137 1244 τυφλοῦ
3180 1176 3283 1230 καὶ
3320 1175 3636 1246 διεξιών-ιο»⁹

2735 1261 2969 1297 γοντοο.

2730 1261 2969 1314 κοντος.

2109 1336 2202 1401 Et;
2226 1337 2416 1409 καιρὸν
2449 1338 2583 1406 ἡμῖν
2610 1337 2640 1390 6
2667 1336 2823 1402 Κίλιξ
2857 1337 3084 1408 ἀφῖκται
3105 1337 3380 1409 θεόδωρος
3402 1379 3418 1402 ,
3445 1337 3634 1408 διττῆς

2037 1426 2131 1480 καὶ
2158 1426 2318 1490 αὐτὸς
2346 1427 2629 1490 ἀσθενείας
2660 1430 2852 1496 φυγεῖν
2875 1428 3249 1500 διηγούμενος,
3279 1429 3370 1480 καὶ
3398 1428 3475 1498 τῷ
3498 1447 3636 1500 προ-

2035 1518 2254 1572 λαϐόντι
2283 1519 2453 1572 θέλων
2481 1519 2892 1585 συντάττεσθαι,
2927 1519 3176 1590 γλώττης
3201 1519 3401 1587 δεσμὸν
3428 1536 3634 1586 πεφευ-

2035 1611 2154 1678 γότι
2189 1611 2282 1664 καὶ
2313 1609 2592 1680 κώφωσιν,
2619 1611 2718 1665 καὶ
2765 1611 2944 1666 διττοῦ
2985 1612 3290 1682 νοσήματος
3316 1611 3498 1680 διττὴν
3528 1610 3630 1662 λα-

2038 1703 2183 1773 χόντι
2214 1702 2313 1773 τὴν
2351 1703 2515 1756 ἴασιν.
2575 1705 2671 1756 Ὃν
2716 1704 3052 1774 φιλοφρόνως
3081 1703 3384 1774 δεξάμενοι,
3415 1703 3503 1756 διὰ
3533 1702 3634 1774 τὴν

2041 1793 2178 1864 πρὸς
2201 1794 2328 1857 τοὺς
2361 1793 2649 1866 μάρτυρας
2677 1793 2916 1857 εὖνοιαν,
2949 1795 3044 1848 καὶ
3071 1794 3169 1865 τὴν
3199 1795 3447 1862 γλῶτταν
3477 1794 3632 1866 αύτῷ

2042 1884 2178 1956 πρὸς
2207 1885 2380 1957 βραχὺ
2411 1885 2786 1956 χαρισώμεθα,
2822 1887 2916 1938 καὶ
2949 1885 3048 1956 τὴν
3077 1889 3236 1956 χεῖρα
3265 1886 3626 1956 δανείσωμεν,

2043 1979 2136 2030 καὶ
2163 1977 2254 2030 τὸν
2281 1979 2527 2049 κάλαμον
2553 1979 2870 2049 χρήσωμεν,
2896 1980 3010 2042 τοῖς
3031 1978 3205 2042 ἁγίοις
3227 1977 3326 2047 τὴν
3355 1978 3632 2048 εὐφημίαν

2043 2068 2343 2137 ὑφαίνοντι,
2374 2069 2471 2123 καὶ
2511 2069 2608 2140 τὴν
2641 2069 2822 2126 αὐτῶν
2857 2070 3030 2141 ἀλκὴν
3057 2069 3394 2140 διαπρυσίως
3423 2070 3634 2141 κηρύτ-

2043 2179 2156 2216 τειν
2186 2161 2537 2228 σπουδάζοντι
2575 2179 2589 2194 ο
2640 2162 2936 2233 ἀρξώμεθα
2969 2163 3100 2232 γοῦν
3150 2163 3251 2231 τῆς
3305 2163 3426 2216 κατ’
3463 2163 3631 2218 αὑτὸν

2041 2255 2370 2325 διηγήσεως,
2423 2252 2717 2324 προθύμως
2752 2255 2900 2324 αύτῷ
2934 2255 3114 2310 πάντα
3156 2254 3490 2324 γιγνόμενοι,
3533 2255 3630 2308 καὶ

2043 2347 2164 2416 χεὶρ
2196 2347 2291 2400 καὶ
2318 2347 2533 2414 γλῶττα
2568 2347 2662 2401 καὶ
2694 2347 2958 2418 κάλαμος,
2983 2349 3011 2402 6
3038 2346 3376 2416 ξυγγράφειν
3409 2347 3632 2418 εὐφυῶς

2043 2435 2416 2505 ἐπειγόμενος.

2114 2529 2273 2594 Κίλιξ
2313 2525 2380 2600 ἦν
2414 2531 2442 2583 6
2471 2529 2748 2600 Θεόδωρος
2777 2528 2878 2598 τῆς
2935 2528 3316 2600 Ἀναζαρϐέων
3371 2530 3628 2599 ὁρμῶμεν·

2042 2640 2130 2685 νος
2161 2623 2386 2688 πόλεως,
2422 2622 2515 2675 καὶ
2545 2621 2744 2675 πάθεσι
2768 2621 2863 2675 δύο
2894 2622 3184 2694 δυσχερέσι
3203 2620 3586 2695 ¹κρατούμενος
3609 2639 3624 2652 ·

2040 2707 2116 2768 ὧν
2170 2714 2229 2767 τὸ
2269 2715 2367 2784 μὲν
2406 2713 2681 2784 δαιμόνιον
2731 2707 2800 2783 ἦν
2860 2711 3246 2782 πονηρότερον,
3291 2710 3627 2781 ἀγριώτερόν

2043 2822 2162 2868 πως
2185 2805 2553 2877 ἐπερχόμενον
2585 2805 2678 2859 καὶ
2704 2804 2906 2875 ρῆσσον
2934 2804 3024 2858 ἀεὶ
3052 2804 3190 2875 πρὸς
3225 2805 3333 2858 πᾶν
3376 2803 3626 2875 εὑρισκό-

2046 2911 2206 2964 μενον
2239 2912 2252 2926 ·
2289 2895 2549 2960 πολλάκις
2582 2895 2688 2967 γὰρ
2718 2896 2794 2960 ὡς
2815 2895 2843 2948 6
2888 2894 2984 2949 τοῦ
3027 2895 3411 2965 δαιμονιῶντος
3447 2894 3627 2964 πατὴρ

2044 2984 2102 3038 ἐν
2133 2985 2490 3055 Εὑαγγελίοις
2515 2986 2652 3058 πρὸς
2681 2987 2772 3040 τὸν
2799 2985 3006 3058 Κύριον
3029 2986 3252 3056 ἔφησεν,
3278 2987 3358 3050 εἰς
3386 2984 3496 3057 περ
3527 2985 3629 3037 a6-

356 3072 596 3139 dixit,in
653 3073 835 3145 ignem
884 3090 1008 3128 eum
1042 3081 1096 3130 et
1126 3091 1327 3146 aquam
1372 3077 1642 3146 jactabat,
1687 3081 1939 3137 occidere

2048 3074 2132 3130 τὸν
2158 3075 2252 3130 καὶ
2276 3075 2422 3148 ὓδωρ
2443 3076 2684 3140 ἐνέϐαλε,
2707 3076 2938 3132 κτείνειν
2962 3077 3196 3147 ἀφειδῶς
3222 3077 3316 3130 καὶ
3339 3075 3629 3131 ἀπολλύειν

359 3163 509 3218 hunc
551 3178 659 3218 non
699 3179 932 3233 parcens
964 3179 1028 3219 ac
1060 3164 1291 3236 perdere
1342 3167 1532 3224 volens
1567 3186 1582 3236 ;
1614 3169 1784 3226 altera
1812 3188 1942 3227 vero

357 3257 650 3309 oculorum
678 3257 895 3312 caecitas
924 3270 1059 3326 erat,
1080 3273 1189 3312 non
1211 3258 1526 3315 infirmitate
1547 3259 1689 3317 facta
1710 3272 1938 3330 naturae,

361 3344 458 3402 sed
491 3349 811 3415 operatione
827 3347 1094 3405 dremonis
1121 3359 1570 3421 praeparatamec
1597 3369 1661 3410 ex
1683 3355 1944 3427 languore

360 3439 637 3509 corporali
687 3441 1028 3511 superillata,
1091 3443 1184 3498 sed
1221 3459 1284 3499 ex
1335 3445 1563 3502 feritate
1591 3447 1819 3518 spiritus
1857 3450 1942 3504 in-

361 3530 568 3599 ducta;
601 3531 682 3586 sic
717 3533 1015 3606 malignum
1064 3541 1183 3590 erat
1214 3536 1570 3604 daamonium,
1622 3547 1676 3594 et
1723 3551 1947 3610 propter

361 3623 758 3679 abundantiam
820 3625 992 3682 rabiei
1047 3626 1414 3684 malevolum!
1467 3627 1664 3685 Verum
1713 3647 1837 3686 cum
1891 3621 1945 3686 in

361 3714 449 3770 his
480 3726 628 3771 esset
659 3714 1008 3782 Theodorus,
1037 3729 1091 3774 et
1131 3720 1266 3775 nihil
1297 3722 1538 3779 salutare
1562 3732 1828 3794 speraret,
1853 3734 1950 3780 aut

365 3804 435 3859 ab
473 3806 560 3862 his
593 3816 721 3863 ante
754 3809 1157 3877 liberationem,
1185 3829 1308 3883 quae
1352 3813 1411 3867 fit
1445 3829 1541 3884 per
1573 3825 1825 3878 mortem.
1860 3815 1948 3870 fu-

361 3909 494 3966 gere
508 3898 860 3966 passionibus
874 3910 1219 3971 exspectaret
1240 3919 1255 3968 ;
1277 3918 1422 3956 mors
1449 3907 1596 3958 enim
1621 3919 1810 3958 revera
1829 3903 1948 3959 viro

363 3985 607 4058 requies,
627 3987 804 4060 utJob
817 3991 910 4061 qui
927 3991 1345 4062 pliil050phatus
1373 4003 1458 4048 est
1485 3993 1538 4046 in
1567 3993 1944 4063 passiouibus.

359 4086 448 4134 est
501 4077 721 4143 affatus.
779 4094 996 4138 omnem
1061 4081 1321 4137 auferens
1389 4082 1574 4136 saeculi
1613 4081 1780 4151 hujus
1809 4083 1948 4138 ditii-

355 4167 650 4234 cultatem,
678 4169 1076 4239 praesentisque
1107 4168 1228 4224 vitae
1261 4168 1490 4223 multam
1524 4170 1861 4239 passionem,
1889 4179 1946 4226 et

362 4259 600 4314 multum
629 4260 872 4314 laborem
908 4259 1126 4331 ;Cyrus
1170 4271 1227 4316 et
1275 4259 1514 4317 Joannes
1542 4263 1944 4318 annuntiautur

359 4366 394 4405 a
426 4350 539 4406 Deo
568 4351 755 4407 donati
782 4353 1095 4407 daemonum
1149 4352 1498 4423 expulsores,
1540 4362 1594 4410 et
1621 4354 1950 4424 passionum

2047 3165 2366 3237 βουλόμενον
2400 3181 2414 3196 ⁶
2451 3166 2512 3220 τὸ
2555 3161 2612 3221 δὲ
2643 3167 2749 3224 τῶν
2774 3169 3038 3240 ὀμμάτων
3069 3168 3314 3239 ὑπῆρχεν
3347 3171 3380 3236 ὴ
3410 3167 3630 3237 τύφλω-

2047 3275 2150 3322 σις,
2197 3257 2299 3311 οὐκ
2327 3256 2582 3330 ἀσθενείᾳ
2613 3259 2881 3330 γενομένη
2926 3260 3025 3330 τῆς
3056 3259 3294 3328 φύσεως,
3331 3258 3448 3314 ἀλλ’
3476 3261 3634 3332 ἐνερ-

2045 3349 2168 3420 γείᾳ
2200 3342 2582 3420 σχεδιασθεῖσα
2603 3349 2698 3405 τοῦ
2723 3351 3000 3422 δαίμονος,
3029 3351 3129 3405 οὐκ
3156 3353 3222 3404 ὲκ
3245 3351 3401 3404 νόσου
3435 3368 3632 3422 σωμα-

2046 3442 2203 3511 τικῆς
2246 3442 2690 3515 ὲπεισφρήσασα,
2721 3443 2838 3497 ἀλλ’
2877 3443 2938 3510 ἐξ
2967 3443 3289 3515 ἀγριότητος
3318 3441 3637 3513 πνεύματος

2048 3532 2404 3603 ένδημήσασα
2437 3551 2450 3564 ο
2480 3534 2623 3588 οὓτω
2648 3534 2882 3606 πονηρὸν
2910 3531 2980 3606 ἦν
3010 3534 3069 3590 τὸ
3094 3535 3398 3605 δαιμόνιον,
3439 3535 3536 3588 και
3564 3534 3636 3587 δι’

2047 3623 2353 3696 ὑπερϐολὴν
2376 3625 2574 3697 λύττης
2612 3625 3020 3698 μισάνθρωπον.
3061 3625 3201 3679 Ἀλλ’
3230 3627 3287 3679 ὲν
3318 3625 3529 3688 τούτοις
3553 3626 3636 3696 τῷ

2047 3715 2306 3788 Θεοδώρῳ
2340 3717 2682 3788 τυγχάνοντι,
2718 3719 2812 3771 καὶ
2851 3717 3017 3788 μηδὲν
3045 3716 3386 3787 σωτηριῶδες
3415 3716 3504 3770 διὰ
3539 3716 3635 3769 τὸν

2047 3807 2239 3879 χρόνον
2263 3806 2558 3874 ἐλπίζοντι,
2591 3809 2624 3878 ἢ
2653 3807 2882 3862 τουτωνὶ
2907 3807 3018 3861 τῶν
3041 3808 3233 3861 παθῶν
3260 3808 3635 3878 προσδοκῶντι

2047 3901 2240 3965 φυγεῖν
2266 3898 2372 3967 πρὸ
2399 3898 2500 3968 τῆς
2529 3899 2593 3951 ὲκ
2628 3898 2858 3953 θανάτου
2884 3897 3227 3970 λυτρώσεωςο
3260 3898 3490 3961 θάνατος
3519 3901 3635 3970 γὰρ

2045 3985 2217 4050 ὅντως
2262 3987 2420 4059 ἀνδρὶ
2485 3987 2818 4052 ἀνάπαυσις,
2855 3988 2931 4052 ὡς
2963 3991 2991 4042 6
3027 3988 3397 4060 φιλοσοφήσας
3437 3990 3496 4041 ὲν
3523 3991 3636 4044 πά-

2048 4075 2194 4130 θεσιν
2239 4076 2358 4130 Ἰὼϐ
2387 4077 2786 4147 ἀπεφθέγξατο,
2824 4079 3004 4132 πᾶσαν
3037 4079 3278 4150 ἀναιρῶν
3325 4078 3424 4149 τὴν
3448 4080 3508 4132 ὲν
3530 4077 3635 4149 βίῳ

2043 4165 2384 4238 δυσχέρειαν,
2432 4169 2525 4221 καὶ
2559 4169 2661 4238 τῆς
2701 4167 2984 4239 παρούσης
3031 4167 3179 4240 ζωῆς
3211 4168 3272 4221 τὸ
3317 4167 3634 4231 πολυπαθὲς

2045 4257 2138 4312 καὶ
2190 4256 2530 4330 πολύμοχθον
2558 4273 2574 4288 ·
2625 4258 2808 4330 Κύρος
2859 4257 2955 4312 καὶ
3011 4255 3263 4329 Ἰωάννης
3303 4256 3630 4326 ἠγγέλλοντο

2043 4348 2315 4420 δαιμόνων
2347 4350 2537 4404 ὲλαταὶ
2559 4350 2904 4422 θεοδώρητοι,
2943 4349 3041 4404 καὶ
3084 4349 3272 4403 παθῶν
3298 4351 3631 4420 σωματικῶν

363 4443 739 4513 corporalium
776 4443 890 4500 veri
942 4443 1394 4514 propulsatores;
1430 4453 1486 4500 et
1537 4445 1770 4502 credens
1827 4445 1941 4504 Deo

2048 4441 2266 4514 ἀληθεῖς
2309 4439 2627 4508 ἀλεξίκακοι
2657 4458 2671 4471 ·
2715 4445 2811 4497 καὶ
2859 4442 3158 4507 πιστεύσας
3209 4441 3330 4514 Θεῷ
3379 4444 3475 4497 καὶ
3517 4446 3630 4508 τοῖς

362 4542 422 4589 ct
446 4533 784 4606 martyribus
819 4533 1212 4590 Alexandriam
1242 4536 1415 4603 venit,
1445 4548 1500 4593 et
1530 4538 1597 4593 ad
1624 4548 1941 4594 sanctorum

365 4629 622 4699 pervenit
643 4627 960 4693 ecclesiam,
994 4642 1055 4684 re
1097 4627 1428 4686 denuntians
1471 4629 1595 4686 ﬁdei
1633 4646 1760 4702 erga
1792 4632 1942 4686 illum

364 4719 827 4777 immobilitatem.
847 4721 1014 4786 Quem
1035 4719 1243 4776 Christi
1267 4721 1633 4792 suscipientes
1647 4722 1858 4789 famuli,
1890 4731 1946 4778 et

365 4827 398 4866 a
424 4810 584 4868 malis
629 4811 832 4884 quibus
864 4810 1199 4867 adiciebatur
1231 4812 1557 4882 liberarunt,
1585 4825 1640 4871 et
1673 4817 1796 4872 vitae
1833 4815 1942 4872 Deo

366 4902 620 4958 amabilis
645 4903 957 4974 operarium
1007 4903 1382 4960 reddiderunt.

441 4995 777 5066 Apparentes
795 4993 941 5050 enim
969 4993 1022 5049 ei
1052 5009 1162 5049 non
1191 4995 1362 5050 multo
1382 5004 1503 5064 post
1533 4997 1616 5050 sui
1652 4997 1944 5054 adventum

367 5099 480 5141 non
532 5085 808 5156 vigilanti,
841 5083 938 5143 sed
992 5100 1159 5156 super
1188 5094 1365 5141 strata
1424 5086 1740 5153 dormienti,
1789 5099 1947 5160 pacta

365 5189 496 5230 cum
527 5189 592 5231 eo
621 5183 676 5231 et
725 5175 1004 5245 jussiones
1039 5175 1303 5240 inierunt,
1339 5184 1395 5231 et
1425 5176 1508 5231 sic
1557 5192 1681 5232 eum
1717 5178 1944 5247 dignum

370 5266 581 5323 faciunt
613 5267 924 5322 valetudine
957 5284 972 5334 ;
1014 5276 1169 5336 pacta
1215 5276 1396 5324 autem
1451 5275 1507 5324 et
1539 5268 1822 5338 jussiones
1855 5286 1950 5339 per

370 5355 499 5412 illos
531 5355 706 5425 factae,
740 5359 1094 5416 tumultuosae
1153 5359 1277 5415 vita:
1337 5361 1694 5432 requirebant
1733 5363 1950 5433 deposi-

371 5451 603 5519 tiouem,
636 5462 690 5509 et
720 5455 845 5512 vitae
877 5456 1198 5511 monasticae
1233 5457 1585 5528 tranquillam
1641 5458 1949 5528 susceptio-

373 5558 525 5600 nem.
553 5543 678 5600 llzec
697 5546 844 5601 enim
895 5547 1008 5604 illis
1037 5563 1069 5601 a
1096 5548 1304 5604 sanatis
1328 5556 1414 5605 est
1440 5563 1654 5605 merces
1687 5557 1770 5605 ter
1800 5565 1949 5603 ama-

374 5633 531 5695 bilis.
561 5636 686 5690 vitae
719 5639 1017 5694 correctio.
1069 5636 1222 5694 Unde
1255 5639 1394 5695 tales
1451 5647 1508 5695 et
1555 5639 1855 5709 recipiunt,
1896 5650 1949 5695 et

375 5729 605 5781 sanatos
640 5725 823 5782 statim
853 5725 1160 5784 dissolvunt
1193 5746 1208 5795 ;
1239 5735 1290 5784 et
1325 5729 1427 5784 hoc
1494 5726 1842 5786 manifestum
1866 5735 1950 5784 est

2051 4535 2346 4606 μάρτυσιν,
2372 4536 2452 4600 είς
2495 4534 2901 4608 Ἀλεξάνδρειαν
2929 4535 3170 4607 ἔρχεται,
3201 4535 3296 4589 καὶ
3324 4534 3433 4588 τῶν
3457 4536 3632 4604 ἀγίων

2049 4624 2458 4698 καταλαμϐάνει
2495 4627 2556 4680 τὸ
2595 4629 2824 4698 τέμενος
2847 4668 2863 4694 ,
2911 4629 3058 4701 ἔργῳ
3090 4628 3376 4700 κηρύττων
3403 4629 3506 4698 τῆς
3548 4629 3632 4691 εἰς

2047 4718 2212 4773 αὐτὸν
2238 4717 2477 4783 πίστεως
2497 4718 2561 4772 τὸ
2584 4719 2940 4788 ἀκράδαντον·
2965 4719 3023 4773 δν
3050 4720 3101 4772 οί
3116 4719 3351 4790 Χριστοῦ
3371 4719 3630 4782 λαϐόντες

2048 4806 2400 4880 θεράποντες,
2424 4807 2521 4861 καὶ
2545 4807 2653 4862 τῶν
2680 4809 3010 4880 συνεχόντων
3033 4809 3220 4862 δεινῶν
3249 4809 3630 4880 ἠλευθέρωσαν

2047 4899 2142 4952 καὶ
2183 4899 2298 4970 βίου
2330 4897 2610 4968 θεοφιλοῦς
2643 4901 2880 4971 ἐργάτην
2907 4899 3202 4964 ἀνέδειξαν.

2116 4991 2381 5055 Φανέντες
2410 4991 2519 5060 γάρ
2547 4990 2695 5060 αὐτῷ
2742 4991 2861 5060 μετ’
2886 4991 2946 5042 ού
2974 4990 3109 5044 πολὺ
3137 4990 3236 5060 τῆς
3265 4989 3532 5058 ἀφίξεως,
3564 4989 3626 5042 ού

2049 5083 2429 5155 γρηγορούντι,
2478 5083 2593 5137 ἀλλ’
2621 5083 2714 5136 ἐπὶ
2756 5082 2864 5138 τῶν
2903 5082 3237 5154 στρωμάτων
3290 5083 3624 5145 καθεύδοντι,

2051 5175 2328 5246 συνθήκας
2385 5176 2521 5248 πρὸς
2549 5175 2711 5229 αὐτὸν
2743 5176 2838 5228 καὶ⁹
2894 5178 3293 5247 προστάγματα
3341 5175 3580 5230 τίθενται
3608 5192 3623 5207 ·

2051 5266 2147 5319 καὶ
2171 5261 2274 5320 εἷθ’
2301 5257 2651 5331 οὖτωξαύτὸν
2682 5265 2891 5332 ἀξιοῦσι
2925 5268 3022 5337 τῆς
3049 5266 3268 5338 ῥώσεως
3287 5283 3300 5295 °
3327 5269 3384 5320 ai
3419 5267 3475 5320 δὲ
3499 5284 3626 5321 cnv-

2051 5359 2238 5427 θῆκαι,
2283 5359 2378 5412 καὶ
2405 5359 2474 5413 τά
2509 5360 2574 5414 δι’
2614 5359 2795 5414 αὐτῶν
2826 5359 3086 5429 γεγονότα
3117 5357 3494 5429 συντάγματα,
3525 5360 3627 5428 τῆς

2049 5448 2397 5520 ταραχώδους
2437 5449 2583 5521 ζωῆς
2633 5451 2876 5523 ἀπῄτουν
2926 5451 3207 5517 ἀπόθεσιν,
3238 5451 3332 5504 καὶ
3371 5449 3487 5520 βίου
3526 5466 3623 5520 μο-

2050 5541 2115 5610 νή
2126 5553 2248 5610 ρους
2275 5539 2617 5610 γαληνιῶσαν
2649 5543 2912 5613 ἀνάληψιν
2943 5558 2957 5573 ο
2981 5541 3117 5612 αὕτη
3141 5541 3251 5612 γὰρ
3277 5543 3458 5606 αὐτοῖς
3492 5541 3626 5613 πρὸς
3697 5559 3706 5562 -

2052 5633 2160 5685 τῶν
2223 5633 2580 5703 ῥωννυμένων
2657 5634 2984 5705 μισθοπορία
3041 5633 3393 5704 τριπόθητος,
3454 5635 3488 5704 ἡ
3529 5633 3624 5686 τοῦ

2055 5723 2169 5795 βίου
2219 5723 2472 5792 τυγχάνει
2523 5715 2827 5794 διόρθωσις.
2871 5725 3032 5778 Ὅθεν
3063 5725 3188 5787 τους
3227 5722 3496 5788 τοιούτους
3529 5723 3623 5778 καὶ
