4020 6200
297 271 442 337 3649

1303 272 1406 332 SS.
1444 271 1619 339 CYRI
1671 272 1767 337 1'.T
1798 271 2126 334 JOANNIS
2156 274 2572 338 MIRACULA.

3441 284 3590 353 3650

298 380 595 453 γεγηθότες
643 379 1057 452 προσδέχονται,
1087 379 1180 433 κοιλ⁵
1211 380 1523 461 ῥωσθέντας
1550 381 1712 446 εὐθὺς
1754 381 1889 434 ἀπο-

1998 396 2059 436 ex
2122 382 2310 438 multis
2364 385 2586 456 quidem
2646 386 2793 450 aliis,
2835 403 2943 443 non
2970 390 3153 447 minus
3215 400 3399 461 autem
3436 403 3583 449 ett-vt

296 475 514 527 λύουσιν
546 488 560 502 ·
594 470 690 524 καὶ
735 470 896 524 τοῦτο
922 470 1080 542 δῆλον
1109 473 1174 526 ὲκ
1218 460 1429 526 πὸλλῶν
1461 475 1560 544 μὲν
1595 473 1690 526 καὶ
1712 472 1887 528 ἄλλων

296 563 663 634 καθέστηκεν,
721 563 820 633 οὐχ
866 555 1032 634 ἦττον
1073 562 1252 616 δὲκαὶ
1292 563 1389 618 τοῦ
1430 564 1695 635 παρόντος
1732 564 1889 636 ἡμῶν

295 654 952 728 διηγήματος.Ἐ).θόντες
980 655 1109 727 γάρ,
1136 655 1212 720 ὡς
1242 655 1412 727 ἔφθην
1444 655 1733 722 εἰπὼν,εῖς
1761 656 1890 710 Θεό-

296 750 491 822 δωρον,
518 748 729 813 Θέλεις,
758 746 964 817 ἔλεγον,
994 746 1152 819 ὑγιὴς
1182 747 1459 816 γενέσθαι,
1487 748 1765 820 Θεόδωρε;
1793 747 1888 803 τοῦ

295 843 354 896 δὲ
375 841 809 905 κατανεύσαντος
841 839 936 894 καὶ
979 838 1058 905 τὸ,
1103 840 1233 906 Ναὶ,
1277 838 1354 912 τῷ
1380 840 1610 911 στόματι
1640 840 1890 905 λέξαντος

298 934 374 997 (τί
411 934 522 1007 γάρ
562 933 662 987 οὒκ
701 931 929 1005 ἔμελλεν
971 932 1030 985 ἐν
1065 930 1304 1005 τοσούτῳ
1331 931 1489 1003 κακῷ
1526 931 1887 1004 πιεζόμενος),

297 1026 460 1080 πάλιν
498 1027 547 1080 οἱ
595 1025 870 1097 μάρτυρες
922 1022 1164 1094 ἔφασκον
1196 1038 1211 1053 °
1251 1023 1314 1077 Et
1363 1022 1530 1095 βούλῃ
1570 1025 1756 1097 τυχεῖν
1792 1025 1889 1092 τῆς

300 1116 498 1184 ἰάσεως
531 1119 627 1173 καὶ
661 1120 857 1189 φυγεῖν
889 1120 991 1189 τῆς
1014 1117 1304 1182 ἀσθενείας
1341 1117 1435 1171 τὸν
1465 1117 1732 1185 κίνδυνον,
1762 1117 1891 1171 σύν-

299 1213 393 1267 θου
422 1213 554 1283 ἡμῖν
583 1210 658 1276 ὡς
682 1210 988 1280 σωζόμενος
1021 1212 1190 1275 οἰκεῖς
1206 1211 1473 1283 Ἰορδάνου
1498 1210 1591 1265 τοῦ
1619 1212 1763 1264 θείου
1795 1229 1892 1264 πο-

295 1303 474 1376 ταμοῦ
502 1303 601 1375 τὴν
629 1304 884 1375 οὐράνιον
932 1303 1161 1376 ἔρημον,
1199 1303 1328 1358 ἔνθα
1358 1302 1594 1378 Χριστὸς
1626 1307 1655 1358 ό
1699 1305 1891 1376 Σωτὴρ

299 1397 554 1452 ἁπάντων
576 1395 962 1466 βεϐάπτισται,
987 1396 1298 1467 καὶταύτης
1317 1397 1559 1469 οἰκήτωρ
1581 1396 1887 1468 γινόμενος,

299 1490 488 1561 σχῆμα
514 1488 784 1557 μοναστοῦ
816 1490 911 1542 καὶ
938 1489 1176 1561 τρόπους
1195 1489 1664 1555 ὲνδείκνυσαι,τὺν
1690 1491 1893 1545 Βαπτι-

299 1581 432 1651 στὴν
472 1581 728 1652 Ἰωάννην
759 1580 1099 1653 μιμούμενος
1121 1621 1136 1647 ,
1161 1580 1254 1635 τὸν
1284 1579 1489 1654 ταύτης
1514 1582 1765 1653 οἰκιστὴν
1795 1582 1892 1638 καὶ

295 1672 523 1742 πολίτην
547 1669 868 1742 γενόμενον·
901 1671 993 1724 καὶ
1031 1671 1129 1742 τὴν
1166 1672 1335 1744 ῥῶσιν
1366 1671 1434 1726 δι’
1455 1672 1612 1744 ἡμῶν
1639 1672 1772 1738 Θεὸς
1808 1690 1891 1731 σοι

296 1759 603 1835 χαρίζεται,
642 1762 738 1815 καὶ
762 1759 1053 1832 λυτροῦται
1085 1763 1185 1833 τῆς
1231 1760 1343 1815 τῶν
1386 1761 1672 1835 παρόντων
1704 1764 1885 1818 κινδύ-

293 1872 405 1909 νων
432 1850 728 1918 κολάσεως.

367 1943 712 2014 Συνθεμένου
740 1942 797 1997 δὲ
824 1943 1018 1999 θᾶττον
1048 1943 1140 1998 τοῦ
1173 1944 1492 2017 πάσχοντος.
1519 1942 1613 1998 καὶ
1644 1942 1885 2013 πληροῦν

291 2026 477 2080 αὐτῶν
529 2026 880 2098 ὀμωμοκότος
934 2025 1030 2100 τήν
1065 2027 1347 2093 κέλευσιν,
1385 2026 1588 2091 εὐθέως
1633 2026 1684 2080 οἱ
1739 2026 1887 2096 ἃγιοι

295 2118 393 2173 καὶ
419 2116 483 2172 τὸ
526 2117 806 2190 δαιμόνιον
849 2117 924 2184 ὡς
965 2119 1261 2189 μαστιγίαν
1302 2117 1428 2175 τινὰ
1468 2121 1564 2174 καὶ
1604 2119 1886 2192 δραπέτην

300 2208 612 2263 ελαύνουσιν
640 2248 655 2271 ,
705 2208 802 2262 καὶ
845 2208 947 2280 τήν
998 2209 1105 2263 τῶν
1155 2208 1449 2281 ὀφθαλμῶν
1485 2209 1886 2282 θεραπεύουσιν

299 2299 590 2371 τύφλωσιν,
622 2301 692 2373 ἢν
726 2298 907 2371 ἑαυτῷ
945 2300 1008 2354 τὸ
1036 2300 1316 2371 δαιμόνιον
1337 2302 1758 2373 συνεισήγαγεν,
1788 2302 1887 2356 αύ-

298 2392 387 2444 τὸν
410 2391 511 2463 μὲν
523 2390 857 2462 κελεύσματι
885 2391 1347 2461 φυγαδεύσαντες,
1378 2392 1584 2463 ταύτην
1611 2392 1668 2446 δὲ
1693 2394 1760 2464 τῇ
1788 2391 1885 2463 τῆς

297 2465 552 2551 κηρωτῆς
582 2466 821 2534 ἐπιθέσει
839 2479 1150 2548 διώξαντες.
1204 2480 1479 2553 Θεόδωρος
1500 2481 1557 2535 δὲ
1588 2481 1686 2552 τήν
1709 2480 1886 2552 φυγὴν

296 2568 404 2621 τῶν
434 2568 711 2623 ἀνιὼντων
743 2568 1046 2640 εὑράμενος
1072 2608 1088 2633 ,
1124 2570 1219 2623 καὶ
1259 2568 1359 2639 τὴν
1394 2570 1563 2641 ρῶσιν
1589 2569 1681 2622 ἐπὶ
1711 2569 1886 2642 ταύτῃ

295 2660 660 2731 δρεψάμενος,
693 2659 1100 2732 εὐχαριστήσας
1142 2661 1266 2715 ὅσον
1300 2654 1411 2726 οἷός
1440 2677 1501 2714 τε
1531 2655 1602 2733 ἦν
1636 2661 1730 2714 καὶ
1760 2661 1887 2731 ἡδύ-

295 2768 447 2817 νστο,
477 2751 894 2822 καταλαμϐάνει
920 2752 1019 2822 τήν
1048 2752 1275 2823 ἔρημον,
1303 2752 1527 2806 κάκεῖσε
1558 2752 1759 2824 πληροῖ
1785 2753 1886 2823 τὴν

293 2843 404 2897 τῶν
435 2842 605 2911 άγίων
650 2842 881 2914 θεοφιλῆ
925 2844 1023 2897 καὶ
1070 2842 1379 2914 σεϐασμίαν
1406 2843 1651 2910 διάταξιν
1679 2859 1693 2873 ·
1726 2845 1886 2914 ἡμεῖς

296 2933 354 2988 δὲ
401 2933 628 2998 τούτους
671 2933 1079 3005 θαυμάσαντες,
1154 2935 1249 2989 καὶ
1291 2935 1390 3006 τῆς
1437 2935 1518 2999 εἰς
1563 2933 1887 3004 ἀνθρώπους

296 3024 450 3089 θείας
473 3024 653 3080 αὐτῶν
693 3025 973 3097 κηδαινίας
1005 3025 1110 3099 [ita
1139 3024 1282 3099 cod.j
1314 3026 1477 3100 χάριν
1516 3026 1881 3097 ὑμνήσαντες,

296 3116 493 3189 ἑτέρας
520 3116 700 3171 αὐτῶν
725 3091 804 3182 είς
820 3119 965 3191 ἡμᾶς
985 3091 1111 3183 τοὺς
1134 3091 1452 3191 ἅνθρωπους
1475 3091 1884 3189 ἀναγράφωμεν

296 3209 552 3281 χάριτας.
565 3248 589 3272 ρ

297 3322 435 3392 Ξεῗ.
465 3320 608 3393 Περὶ
649 3321 823 3392 Μηνᾶ
865 3322 974 3378 τοῦ
1029 3325 1257 3378 Λυκίου
1307 3324 1397 3391 εις
1440 3322 1633 3377 νόσον
1672 3321 1890 3393 ὕδερον

871 3395 1315 3462 περιελθόντος.

368 3483 437 3538 τί
470 3484 529 3539 δὲ
560 3485 656 3540 καὶ
683 3485 879 3558 Μηνᾶν
917 3484 1024 3538 ὑπὸ
1081 3484 1319 3561 ψάμμον
1356 3482 1738 3557 κρυπτόμενον
1785 3483 1888 3536 οὐκ

306 3576 644 3648 ἒκφέρωμεν,
667 3577 763 3631 καὶ
784 3575 943 3648 δῆλον
966 3574 1132 3629 αὑτὸν
1159 3576 1271 3637 τοῖς
1292 3571 1549 3642 ἀγνοοῦσι
1563 3571 1848 3643 ποιώμεθα
1868 3586 1886 3638 ;

306 3668 525 3740 Γραφῆς
576 3668 686 3740 γὰρ
731 3666 827 3721 καὶ
872 3665 942 3721 τὰ
991 3665 1115 3720 κατ’
1148 3665 1313 3718 αὑτὸν
1360 3663 1699 3732 καθέστηκεν
1735 3662 1881 3729 ἄξια,

303 3758 397 3814 καὶ
426 3761 488 3813 οὗ
515 3759 743 3830 ψάμμου
770 3757 864 3813 καὶ
893 3757 1065 3830 λήθης
1095 3756 1484 3826 σκεπάσματος
1513 3770 1527 3786 ⁸
1570 3754 1646 3817 ὼς
1675 3754 1886 3809 Mevan-

300 3848 401 3921 σῆς
434 3850 498 3903 τὸ
532 3848 831 3920 δαιμόνιον,
874 3849 970 3902 καὶ
998 3846 1204 3919 ταύτης
1232 3848 1290 3902 αι
1328 3845 1544 3898 τελεταὶ
1572 3846 1666 3898 καὶ
1710 3843 1887 3914 βωμοὶ⁵

299 3943 395 3996 καὶ
418 3942 479 3995 τὸ
516 3941 763 4011 τέμενος,
791 3936 866 3995 ὧν
918 3939 1197 4012 ὠφέλιμος
1233 3939 1332 4011 μὲν
1362 3940 1395 4010 ή
1428 3938 1568 4012 λήθη
1608 3938 1883 4010 καθέστηο

299 4048 416 4096 κεν,
464 4035 562 4087 καὶ
611 4034 699 4087 διὰ
728 4033 886 4087 τοῦτο
925 4036 1039 4097 τοῖς
1080 4032 1318 4104 μάρτυσι
1355 4030 1691 4102 πέπρακται.
1735 4030 1885 4083 Ἑπι-

300 4125 504 4198 6ὶ.α6ὴς
540 4125 598 4179 δὲ
631 4126 754 4180 λίαν
781 4129 817 4199 ή
842 4125 940 4180 θέα
969 4128 1083 4190 τοῖς
1131 4124 1441 4196 βλέπουσιν,
1490 4123 1584 4179 καὶ
1613 4122 1701 4178 διὰ
1727 4121 1886 4176 τοῦτο

298 4218 514 4289 ψάμμῳ
562 4216 826 4288 θαλαττίᾳ
881 4216 1237 4285 καλύπτεται,
1281 4215 1549 4287 άνελούσῃ
1607 4212 1886 4278 παντελῶς

302 4307 472 4378 αὐτῆς
510 4307 576 4361 τὸ
604 4308 970 4381 μνημόσυνον,
996 4308 1091 4361 καὶ
1116 4304 1527 4379 δημιουργούσῃ
1556 4303 1657 4376 τὴν
1676 4304 1786 4358 τῶν
1821 4304 1883 4358 ού

1995 485 2261 544 prmscnte
2328 488 2515 534 nostra
2567 481 2907 538 narratione.
2961 482 3254 541 Venientes
3302 485 3471 551 enim,
3527 498 3586 542 ut

1985 568 2098 647 jam
2136 571 2270 637 dixi,
2308 572 2374 627 ad
2397 571 2769 643 Theodorum,
2804 572 2917 643 Vis,
2941 572 3217 644 dicebant,
3250 593 3421 637 sanus
3448 577 3587 647 ﬁeri,

1992 646 2441 719 Theodorenllo
2478 682 2609 720 vero
2663 677 2961 733 annuente,
3012 678 3066 725 et
3093 670 3330 727 maxime
3376 686 3471 727 ore
3498 670 3586 726 di-

1991 760 2198 820 cente;
2241 755 2374 824 quid
2415 756 2560 812 enim
2594 765 2748 812 tanto
2785 759 2927 814 malo
2974 774 3272 830 Oppressus
3332 760 3590 817 diceret?

1994 847 2193 900 iterum
2222 856 2494 920 martyres
2523 850 2780 905 dicebant
2814 872 2827 907 :
2864 850 2921 905 Si
2966 851 3049 908 vis
3083 854 3334 907 obtinere
3374 856 3586 908 sanita-

1993 949 2123 1006 tem,
2149 950 2200 996 et
2236 942 2421 1015 fugere
2452 943 2843 1001 imbecillitatis
2906 945 3233 1016 periculum,
3267 946 3405 1002 inito
3454 961 3587 1001 con-

1990 1034 2327 1100 ventioncm,
2368 1036 2513 1107 quod
2571 1047 2798 1092 sanatus
2849 1036 3067 1091 habitas
3100 1035 3364 1093 Jordanis
3414 1036 3585 1093 divini

1992 1124 2238 1183 ﬂuminis
2270 1129 2551 1184 caelestem
2587 1147 2859 1197 cretnunt,
2900 1131 2991 1185 ubi
3021 1131 3274 1189 Christus
3330 1130 3585 1189 Salvator

1992 1220 2234 1274 omnium
2264 1221 2571 1293 baptizatus
2594 1233 2697 1280 est.
2732 1223 2797 1278 Et
2835 1224 2998 1296 hujus
3027 1225 3303 1281 habitator
3356 1225 3586 1282 eﬂ‘ectus

1993 1314 2226 1375 formam
2259 1320 2540 1387 monachi,
2575 1334 2631 1378 et
2652 1339 2831 1380 mores
2870 1325 3245 1390 demonstras,
3278 1323 3586 1396 Baptistam

1991 1407 2262 1467 Joannem
2306 1413 2529 1471 imitans
2560 1413 2727 1485 hujus
2768 1416 3136 1472 habitatorem
3161 1425 3216 1472 et
3241 1417 3415 1472 civem
3446 1418 3583 1475 olim

1993 1502 2396 1569 exsistentem;
2448 1515 2504 1561 et
2541 1506 2976 1563 incolumitatem
3010 1505 3151 1563 Deus
3194 1508 3290 1564 tibi
3337 1524 3431 1580 per
3482 1524 3588 1569 nos

1994 1593 2190 1659 donat,
2246 1605 2302 1653 et
2332 1596 2587 1653 liberata
2616 1599 2970 1668 praesentium
3010 1599 3384 1669 periculorum
3418 1601 3587 1672 puni-

1993 1690 2167 1744 tione.

2057 1956 2435 2014 Convenicnte
2470 1970 2652 2016 autem
2685 1970 2739 2018 et
2800 1963 2912 2020 cito
2970 1969 3233 2037 patiente,
3282 1982 3588 2042 eorumque

1991 2047 2311 2104 mandatum
2339 2050 2641 2122 adimplere
2666 2052 2911 2129 jurante,
2945 2056 3131 2111 Statim
3168 2058 3345 2114 sancti
3388 2057 3584 2116 dmino-

1986 2140 2136 2196 nium
2161 2156 2261 2196 ceu
2288 2143 2597 2213 mastigiam
2649 2145 2939 2213 quemdam
2969 2154 3027 2201 et
3055 2145 3301 2219 fugacem
3329 2148 3585 2219 ciiciunt,

1990 2241 2047 2286 et
2075 2234 2364 2287 oculorum
2420 2241 2620 2289 sanant
2693 2234 3145 2303 obcaecationem,
3183 2253 3350 2309 quam
3388 2254 3582 2296 secum

1986 2323 2323 2380 daemonium
2349 2326 2760 2389 contulit,illud
2795 2328 3017 2398 quidem
3051 2329 3267 2385 visione
3303 2330 3578 2402 lugentes,

1988 2415 2132 2471 hanc
2194 2432 2329 2473 vero
2365 2420 2538 2473 cerati
2579 2420 2967 2490 suppositione
3003 2420 3363 2492 expellentes.
3397 2420 3582 2478 Theo-

1987 2506 2161 2564 dorus
2184 2523 2315 2563 vero
2345 2507 2531 2581 fugam
2568 2510 2810 2575 illorum,
2838 2511 2933 2582 qui
2954 2514 3022 2567 ad
3065 2526 3124 2567 se
3175 2523 3444 2569 venerant
3493 2514 3580 2569 in-

1988 2599 2241 2666 veniens,
2272 2611 2327 2655 et
2377 2601 2614 2657 sanitate
2660 2616 2829 2672 super
2888 2602 3037 2657 illam
3090 2604 3322 2673 potitus,
3364 2606 3577 2676 gratias

1987 2706 2180 2761 agens,
2210 2702 2478 2761 quantum
2508 2693 2655 2762 potis
2692 2703 2814 2750 erat
2840 2703 2894 2749 et
2947 2694 3182 2760 valebat,
3213 2697 3461 2767 pervenit
3508 2697 3582 2755 ad

1988 2801 2260 2859 eremu‘m.
2296 2788 2488 2858 ibique
2519 2796 2841 2861 sanctorum
2864 2790 3085 2860 jussum
3132 2790 3372 2848 amabile
3407 2800 3463 2849 et
3488 2809 3578 2849 ve-

1988 2877 2293 2939 nerandum
2327 2878 2609 2950 adimplet.
2642 2878 2754 2937 Nos
2797 2896 2952 2945 vero,
3002 2881 3103 2936 hos
3134 2881 3495 2948 admirantes,
3525 2894 3581 2940 et

1994 2978 2222 3053 propter
2297 2969 2543 3026 divinam
2617 2973 2843 3028 illorum
2908 2987 3040 3047 erga
3094 2973 3348 3031 homines
3385 2990 3583 3032 curam

1987 3060 2297 3130 laudantes,
2332 3063 2471 3120 alias
2515 3063 2734 3123 illorum
2777 3077 2906 3137 erga
2955 3081 3059 3124 nos
3085 3066 3335 3125 homines
3365 3067 3578 3127 descri-

1991 3154 2189 3213 bamus
2219 3157 2452 3228 gratias.

1991 3333 2178 3391 LXVI.
2211 3334 2288 3391 De
2309 3335 2470 3393 Mena
2500 3337 2664 3413 Lycio
2718 3340 2772 3413 in
2819 3340 3060 3395 morbum
3089 3358 3245 3413 aqua:
3289 3322 3584 3401 intercutis

2624 3410 2906 3464 incidente.

2000 3510 2007 3517 ‘
2059 3494 2200 3563 Quid

2275 3512 2404 3552 vero
2473 3506 2527 3554 et
2584 3497 2798 3554 Menam
2864 3500 2969 3554 sub
3025 3516 3193 3557 arena
3238 3504 3581 3560 occultatum

1991 3602 2101 3642 non
2163 3589 2216 3641 in
2273 3589 2517 3643 medium
2575 3588 2881 3657 offerimus,
2926 3609 3162 3664 eumque
3221 3595 3587 3652 manifestum

1992 3679 2370 3736 nescientibus
2408 3696 2516 3735 non
2557 3681 2842 3738 facimus?
2892 3683 3175 3756 Scriptura
3230 3701 3465 3759 namque
3519 3698 3576 3744 et

1990 3786 2113 3842 qum
2147 3770 2216 3827 de
2249 3770 2343 3826 illo
2372 3780 2673 3828 narrantur
2722 3774 2886 3844 digna
2925 3784 3056 3830 sunt
3078 3785 3131 3832 et
3164 3792 3272 3833 non
3317 3793 3496 3835 arena:
3520 3789 3576 3836 et

1995 3863 2294 3919 oblivionis
2334 3864 2628 3932 velamine,
2682 3874 2741 3920 ut
2792 3865 3080 3924 Menuthes
3134 3868 3487 3936 damnantium,
3518 3879 3576 3928 el

1984 3954 2137 4010 illius
2183 3956 2544 4022 caeremoniae,
2578 3963 2627 4010 et
2658 3957 2878 4023 altaria,
2919 3965 2972 4014 et
2995 3958 3307 4025 delubrum,
3336 3978 3575 4034 quorum

1986 4046 2140 4101 utilis
2166 4048 2389 4118 quidem
2418 4047 2625 4103 oblivio
2663 4055 2747 4104 est
2776 4068 2790 4116 ;
2822 4057 2878 4105 et
2925 4049 3134 4106 idcirco
3178 4067 3206 4105 a
3239 4053 3578 4126 martyribus

1986 4134 2196 4191 factum
2225 4146 2311 4193 est
2347 4154 2363 4205 ;
2391 4146 2445 4193 et
2496 4139 2823 4196 damnosum
2878 4142 3044 4196 nimis
3076 4153 3160 4197 est
3190 4146 3576 4214 spectaculum

1993 4227 2469 4300 inspicientibus;
2503 4243 2841 4309 quapropter
2894 4249 3065 4289 arena
3125 4236 3339 4292 marina
3373 4252 3575 4310 coope-

1985 4320 2130 4377 ritur
2165 4322 2486 4380 destruente
2513 4336 2749 4394 prorsus
2798 4326 2950 4382 illius
2981 4329 3333 4396 memoriam,
3377 4337 3433 4385 et
3484 4345 3577 4386 re-

302 4397 591 4470 θεωμένων
613 4398 905 4469 ὠφέλειαν.
943 4397 1155 4453 Ἡκέτω
1203 4397 1385 4452 τοίνυν
1429 4398 1460 4450 ὁ
1491 4396 1693 4458 Λύκιος
1728 4396 1882 4495 διαρ-

1992 4420 2218 4485 parar.te
2276 4414 2636 4472 invisibilium
2697 4432 2883 4473 rerum
2963 4417 3279 4476 utilitatem.
3334 4420 3575 4477 Accedat

305 4489 473 4562 ῥήξας
500 4492 603 4562 τῆς
649 4491 880 4563 ψάμμου
925 4493 988 4546 τὸ
1019 4493 1309 4562 κάλυμμα,
1358 4490 1455 4589 καὶ
1484 4489 1719 4589 φανερὸν
1748 4489 1881 4562 ἡμῖν

1992 4506 2160 4576 igitur
2189 4507 2394 4578 Lycius
2425 4508 2754 4589 dirumpens
2819 4524 3001 4566 arenae
3048 4512 3319 4579 velamen,
3349 4522 3403 4569 et
3456 4526 3574 4568 meo

299 4583 362 4634 τὸ
399 4581 519 4635 κατ’
553 4581 719 4636 αὐτὸν
748 4584 974 4638 ποιείτω
1000 4583 1305 4654 τεράστιον,
1347 4580 1443 4635 καὶ
1476 4580 1558 4654 μή
1595 4582 1886 4653 κρυπτέτω

302 4674 489 4755 κακῶς
529 4674 636 4727 ὐπδ
667 4675 858 4746 κλίνην
886 4676 979 4729 καὶ
1011 4674 1213 4745 μόδιον,
1241 4673 1302 4728 τὸ
1333 4672 1517 4735 καλῶς
1544 4674 1638 4727 ἐπὶ
1661 4672 1885 4743 λυχνίαν

304 4767 516 4836 φαίνειν
546 4769 594 4821 ει
618 4768 800 4839 τεθείη
828 4768 1148 4839 δυνάμενον.

372 4945 573 5011 Λύκιος
609 4947 707 5017 μὲν
746 4949 775 5001 ό
808 4947 1001 5018 Μηνᾶς
1050 4944 1398 5017 ἐγνωρίζετο,
1460 4945 1555 4999 καὶ
1619 4945 1887 5016 Πατάρων

305 5037 579 5110 ὁρμᾶσθαι
626 5039 726 5108 τῆς
786 5038 994 5103 πόλεως
1028 5037 1214 5107 ἔλεγεν
1238 5053 1253 5069 ’
1308 5036 1477 5101 πάθος
1525 5036 1583 5095 δὲ
1626 5031 1773 5108 εἶχεν
1822 5037 1884 5090 ού

303 5129 458 5201 ψιλὸν
482 5129 619 5185 ἀλλὰ
650 5131 935 5201 μέγιστον,
968 5130 1063 5184 καὶ
1087 5129 1210 5183 οὐδὲ
1242 5129 1441 5203 ῥᾳδίως
1467 5129 1719 5201 ἰώμενον,
1751 5129 1888 5187 ἀλλὰ

304 5222 560 5294 δυσχερὲς
600 5222 700 5277 καὶ
723 5221 994 5289 δυσίατον,
1027 5222 1230 5293 ἰατροῖς
1258 5222 1323 5294 δὴ
1354 5221 1456 5294 τῆς
1487 5222 1727 5295 σήμερον
1764 5223 1885 5277 ὅσον

306 5315 372 5368 ἐκ
393 5314 588 5386 τέχνης
622 5314 865 5381 ἀνίατον,
901 5315 953 5367 et
984 5313 1059 5386 μή
1096 5312 1230 5377 Θεὸς
1277 5312 1675 5385 συμμαχοῦσαν
1703 5316 1888 5380 αὐτοῖς

305 5390 586 5476 χαρίσοιτο
620 5402 872 5476 δύναμιν.
909 5404 1004 5469 Et;
1035 5402 1225 5475 ὕδερον
1253 5402 1364 5475 γάρ
1389 5401 1573 5456 πεσὼν
1591 5403 1887 5477 άνιάτρευ-

304 5512 421 5561 τον,
465 5497 563 5549 καὶ⁵
613 5497 869 5570 χρονίσας
921 5496 981 5551 ὲν
1025 5494 1178 5565 αύτῷ
1216 5494 1296 5567 τῷ
1346 5496 1637 5567 νοσήματι,
1700 5497 1888 5565 δεινῶς

307 5588 615 5642 ἐκινδύνευε
635 5592 753 5654 ταῖς
774 5588 1031 5661 ἀλγηδόσι
1055 5589 1166 5644 τῶν
1187 5586 1515 5661 σπλάγχνων
1527 5588 1886 5663 ὀδυνώμενος,

310 5676 405 5731 καὶ
440 5680 564 5742 ταῖς
592 5678 688 5734 τοῦ
717 5680 921 5756 παντὸς
973 5681 1223 5752 σώματος
1266 5681 1536 5751 όγκώσεσι
1579 5687 1888 5755 συμπνιγό-

1987 4598 2247 4653 nil’estum
2278 4599 2332 4654 in
2368 4616 2428 4656 se
2453 4609 2668 4675 gestum
2735 4600 2904 4657 faciat
2938 4601 3099 4658 nobis
3155 4603 3485 4675 prodigium,
3516 4611 3576 4658 et
3628 4611 3633 4615 ‘

1985 4702 2095 4743 non
2119 4690 2429 4746 occultetur
2470 4693 2611 4748 male
2635 4692 2741 4747 sub
2769 4693 2911 4747 lecto
2942 4693 3022 4747 vel
3050 4693 3155 4749 sub
3193 4694 3399 4758 modio.
3424 4697 3575 4766 quod

1984 4776 2123 4833 bene
2173 4780 2356 4836 lucere
2394 4796 2561 4852 super
2588 4780 2995 4848 candelabrum,
3035 4781 3080 4836 sl
3115 4783 3353 4852 positum
3405 4785 3573 4842 fuerit
3670 4855 3711 4867 γ’

1987 4871 2215 4939 poterit.

2057 4960 2262 5034 Lycius
2288 4978 2421 5034 ergo
2461 4965 2654 5023 Menas
2682 4981 2805 5023 esse
2845 4966 3200 5035 noscebatur,
3221 4979 3276 5026 et
3304 4966 3575 5027 Patareu-

1987 5057 2129 5113 sium
2165 5073 2226 5115 se
2279 5074 2403 5117 esse
2445 5061 2665 5119 dicebat
2704 5064 2948 5122 civitatis
2980 5064 3275 5122 oriundum
3310 5082 3325 5133 ;
3354 5068 3570 5139 passio-

1986 5164 2114 5205 nem
2152 5158 2336 5205 autem
2369 5151 2609 5208 habebat
2640 5155 2785 5211 baud
2811 5155 3007 5223 levem,
3062 5157 3158 5215 sed
3193 5156 3486 5228 pessimam
3514 5166 3571 5219 et

1989 5239 2058 5295 ad
2113 5240 2423 5297 sanandum
2454 5242 2761 5312 diilicilem;
2794 5261 2960 5317 porro
3011 5246 3243 5303 medicis
3282 5247 3375 5318 qui
3409 5246 3573 5304 hodie

1988 5336 2119 5385 sunt
2154 5336 2422 5401 quantum
2455 5348 2520 5386 ex
2568 5345 2687 5390 arte
2742 5335 3128 5402 insanabilem,
3154 5336 3263 5394 nisi
3290 5335 3437 5393 Deus
3467 5353 3571 5393 au-

1988 5420 2273 5478 xiliantem
2339 5422 2446 5478 sibi
2496 5423 2724 5480 donaret
2783 5427 3087 5495 virtutem;
3150 5429 3206 5484 in
3266 5427 3573 5501 hydropem

1988 5511 2135 5567 enim
2196 5512 2559 5571 incurabilem
2621 5516 2826 5574 cadens
2872 5528 2928 5575 et
2980 5529 3227 5577 moratus
3276 5519 3334 5576 in
3377 5521 3573 5583 eodem

1993 5603 2260 5675 languore
2284 5606 2719 5676 periclitabatur,
2749 5613 3029 5670 doloribus
3063 5614 3339 5671 viscerum
3379 5610 3578 5684 fatiga-

1995 5703 2108 5762 tus,
2174 5696 2457 5769 totiusque
2509 5706 2763 5771 corporis
2814 5705 3053 5762 molibus
3097 5703 3426 5765 suffocatus.
3471 5703 3584 5771 Sed
