3998 6200
312 264 333 270 ”
393 298 530 379 3651

392 533 517 572 eum
559 515 794 571 sumciat
842 514 1101 569 omnibus
1136 511 1204 569 ad
1250 512 1502 568 notitiam
1536 512 1655 583 ipse
1700 511 1846 567 illius
1890 511 1985 582 qui

390 609 572 665 dictus
594 616 679 662 est
703 607 932 677 languor
954 605 978 658 ?
999 605 1120 661 Mox
1153 604 1300 661 enim
1326 605 1420 677 qui
1452 604 1631 676 hujus
1656 603 1986 674 appellatio-

390 713 510 753 nem
567 695 828 763 audiunt,
875 695 1089 751 doloris
1142 696 1385 750 formant
1414 696 1602 751 animo
1640 693 1985 766 magnitudi-

389 804 535 843 nem.
576 785 777 842 Verum
811 788 988 845 donec
1040 787 1232 844 uenas
1292 789 1345 844 in
1383 788 1635 845 exordiis
1676 796 1821 843 esset
1867 786 1985 841 lan-

388 878 600 949 guoris,
636 888 689 933 et
716 894 907 934 curam
943 881 1027 935 sui
1060 881 1288 952 gerebat
1316 887 1370 935 et
1407 879 1650 935 medicos
1706 878 1984 934 accersie-

386 968 615 1042 hat[iia
644 969 816 1043 ευιι.],
840 979 894 1026 et
927 972 1208 1041 jussiones
1232 988 1423 1028 eorum
1460 970 1643 1028 facere
1663 969 1981 1027 festinabat.

386 1061 526 1129 Quia
572 1078 705 1117 vero
734 1064 996 1135 passione
1053 1064 1394 1136 pretii-iebat,
1430 1072 1487 1119 et
1523 1064 1709 1119 nullus
1754 1072 1983 1120 vocatus

389 1150 646 1207 medicus
696 1152 980 1218 veniebat,
1008 1154 1192 1211 sciens
1251 1153 1612 1209 insanabilem
1647 1153 1981 1224 passionem,

386 1252 618 1298 mortem
654 1228 917 1314 consequi
955 1244 1231 1315 cupiebat,
1265 1254 1325 1299 ut
1377 1245 1572 1299 saltem
1631 1244 1713 1300 sic
1754 1243 1984 1315 languo-

388 1351 503 1391 rem
528 1336 821 1407 eti'ugeret.
855 1336 963 1391 Sed
1000 1353 1125 1393 cum
1160 1347 1215 1392 et
1247 1339 1354 1392 hoc
1384 1338 1708 1394 desiderans
1740 1352 1848 1392 non
1876 1337 1983 1391 im-

387 1438 693 1499 petrasset,
715 1430 781 1484 ad
816 1427 1021 1501 Cyrum
1055 1439 1109 1486 et
1142 1429 1409 1485 Joannem
1441 1438 1717 1502 martyras
1756 1429 1983 1485 ducitur

386 1535 449 1574 ex
515 1520 732 1579 duobus
789 1522 1019 1577 alterius
1083 1536 1276 1586 causa,
1333 1520 1548 1576 scilicet
1595 1528 1653 1575 ut
1707 1519 1854 1575 hunc
1886 1526 1981 1574 aut

386 1612 564 1668 sancti
605 1604 817 1668 niiserti
848 1621 1138 1674 curarent.
1196 1619 1292 1667 aut
1356 1620 1506 1668 certe
1560 1611 1771 1666 viscere
1814 1625 1982 1681 super

387 1719 513 1757 eum
562 1710 737 1769 moto,
769 1702 839 1757 de
875 1712 1056 1758 morte
1087 1701 1524 1757 misericorditer
1550 1690 1976 1756 intercederent.

1192 320 1197 323 '
1298 312 1361 373 s.
1402 308 1819 389 sornnomi
1851 291 2360 372 PATRI'ARCH/E
2382 309 2790 376 IIlEROSOL.

272 428 277 431 ’
392 424 524 497 quid
550 423 867 497 passionem
895 422 1022 478 huic
1051 420 1174 476 volo
1213 420 1606 476 commendare
1639 419 1930 491 scripturae
1955 458 1970 484 ,

2083 435 2244 491 μενος
2272 433 2289 451 ο
2335 420 2431 474 καὶ
2468 421 2522 474 τί
2570 419 2634 474 τὸ
2657 419 2834 485 πάθος
2866 417 3220 491 παραστῆσαι
3256 419 3335 491 τῷ
3384 420 3674 492 γράμματι

3537 312 3678 377 3652

2088 509 2393 582 βούλομαι;
2445 511 2608 582 ἀρκεῖ
2648 512 2757 583 γάρ
2804 513 2972 567 πᾶσιν
3029 510 3168 582 πρὸς
3221 511 3434 582 εἴδησιν
3485 512 3671 584 λεχθὲν

2086 603 2255 659 αὐτοῦ
2284 606 2381 659 καὶ
2408 603 2570 676 μόνον
2587 604 2649 658 τὸ
2672 605 2865 677 ὄνομα.
2894 604 3111 669 Εὐθέως
3134 604 3244 676 γὰρ
3276 605 3329 658 οἱ
3352 604 3451 674 τῆς
3480 607 3663 661 τούτου

2087 696 2461 771 προσηγορίας
2489 694 2845 759 ἀκούσαντες.
2880 697 2977 766 τῆς
3003 695 3196 766 ὀδύνης
3224 696 3666 769 ἐντυποῦνταιτῇ

2085 786 2300 859 διανοίᾳ
2348 786 2410 844 τὺ
2468 787 2730 860 μέγεθος
2766 787 3010 851 ἁλλ’ἓως
3042 788 3142 860 μὲν
3187 790 3246 841 ἐν
3281 788 3477 862 ἀρχαῖς
3529 785 3599 860 ἦν
3644 789 3678 843 δ

2085 879 2282 952 Μηνᾶς
2305 878 2400 934 τοῦ
2433 882 2765 954 νοσήματος,
2785 882 2880 934 καὶ
2910 881 3206 953 θεραπείας
3239 880 3547 953 ἐφρόντιζε,
3580 879 3681 936 καὶ

2084 972 2211 1036 τοὺς
2264 970 2487 1047 ἰατροὺς
2534 972 2916 1045 μετεπέμπετο
2950 1010 2966 1037 ,
3012 971 3107 1026 καὶ
3143 975 3320 1026 ποιεῖν
3351 972 3531 1026 αὐτῶν
3574 973 3681 1034 τὰς

2084 1062 2365 1129 κελεύσεις
2380 1063 2714 1129 ἐσπούδαζεν
2737 1082 2750 1095 ·
2771 1062 2960 1135 ἐπειδὴ
2978 1064 3036 1118 δέ
3054 1063 3130 1135 τῷ
3154 1062 3319 1117 πάθει
3337 1063 3681 1135 προέκοπτε,

2087 1155 2180 1208 καὶ
2213 1154 2398 1226 ἰατρὸς
2427 1154 2604 1218 οὐδεὶς
2638 1153 3116 1227 προσκαλούμενος
3144 1153 3367 1225 ἤρχετο,
3405 1151 3566 1216 εἰδὼς
3610 1154 3681 1206 ea

2083 1242 2176 1297 τοῦ
2228 1243 2435 1308 πάθους
2484 1244 2726 1312 ἀνίατον,
2779 1243 3013 1298 θανάτου
3068 1244 3357 1314 τυγχάνειν
3402 1242 3679 1314 ἐγλίχετο.

2083 1334 2173 1388 ἵνα
2203 1337 2297 1388 καὶ
2331 1335 2503 1398 οὕτως
2532 1335 2749 1410 ἐκφύγῃ
2771 1335 2833 1389 τὸ
2863 1336 3098 1406 νόσημα.
3145 1334 3285 1388 Ἀλλ’
3305 1335 3381 1398 ώς
3414 1337 3509 1389 καὶ
3542 1334 3679 1388 τού-

2084 1440 2180 1478 του
2223 1425 2406 1479 ποθῶν
2434 1425 2535 1479 οὐκ
2569 1425 2889 1496 ἐτύγχανεν,
2932 1428 3026 1480 ἐπὶ
3065 1424 3247 1498 Κῦρον
3284 1429 3381 1481 καὶ
3410 1427 3681 1497 Ἰωάννην

2081 1516 2207 1581 τοὺς
2255 1516 2542 1590 μάρτυρας
2573 1517 2791 1587 ἄγεται,
2824 1518 2969 1572 δυοῖν
3006 1518 3239 1592 θατέρου
3277 1518 3484 1586 ἕνεκεν,
3516 1521 3550 1588 ἢ
3586 1523 3678 1575 ὅτι

2079 1605 2268 1662 τοῦτον
2327 1608 2650 1679 ἐλεήσαντες
2702 1610 2753 1662 οί
2805 1609 2951 1679 ἅγιοι
3002 1608 3456 1681 θεραπεύσουσιν,
3507 1610 3542 1682 ἢ
3585 1612 3678 1665 ὅτι

2084 1699 2582 1769 σπλαγχνισθέντες
2638 1698 2729 1781 ἐπέ
2758 1701 2911 1773 αὐτῷ
2950 1701 3202 1773 περὶτοῦ
3249 1702 3483 1757 Θανάτου
3535 1719 3679 1774 πρε-

390 1792 543 1849 Unde
569 1765 804 1849 alterum
838 1809 904 1849 ex
932 1794 1152 1849 duobus
1171 1792 1733 1857 obtinuit,sanitatem
1763 1791 1979 1846 scilicet

2085 1765 2403 1845 σϐεύούσιν·
2467 1791 2593 1846 ὅθεν
2640 1775 2760 1857 ἐνδς
2812 1765 2922 1848 τών
2979 1765 3073 1847 δύο
3100 1794 3422 1866 τετύχηκεν,
3442 1765 3676 1864 ὑγείας,

385 1898 439 1941 et
468 1887 790 1956 sospitatem
821 1903 836 1953 ;
865 1886 961 1941 sed
996 1893 1050 1941 et
1075 1887 1394 1956 languorem
1434 1885 1633 1951 evasit,
1659 1899 1820 1955 quem
1851 1897 1972 1939 cva-

387 1977 519 2032 dere
556 1980 677 2033 sine
714 1986 891 2032 morte
920 1977 1238 2031 nullatenus
1255 1975 1588 2031 aestimabat.

461 2066 716 2123 Dicemus
760 2079 942 2123 autem
986 2078 1039 2124 et
1086 2067 1385 2134 medelam;
1429 2066 1642 2122 urbana
1697 2056 1844 2120 enim
1891 2071 1979 2120 est

387 2159 502 2213 haec
547 2169 603 2214 et
662 2159 961 2230 martyrica
1019 2159 1179 2229 plena
1223 2160 1400 2230 gratia
1452 2156 1617 2213 simul
1664 2162 1719 2211 et
1761 2156 1965 2211 fortitu-

384 2249 535 2305 dine.
569 2249 869 2306 Dormienti
899 2249 1045 2305 enim
1074 2251 1121 2306 ei
1164 2251 1256 2320 qui
1290 2250 1603 2320 patiebatur
1625 2242 1975 2320 apparentes,
2010 2284 2031 2293 ην

382 2349 439 2397 et
468 2357 589 2412 qua:
631 2342 799 2399 corde
830 2342 1006 2413 ipsius
1040 2342 1406 2398 versabantur
1438 2357 1588 2398 tuere
1617 2342 1878 2407 scientes,
1922 2349 1980 2397 et

383 2436 621 2506 qualiter
637 2435 934 2506 aliquando
964 2436 1183 2505 quidem
1209 2444 1446 2492 mmstus
1472 2443 1701 2493 mortem
1734 2444 1975 2502 vocaret,

383 2537 438 2584 et
461 2539 608 2584 terra
629 2526 786 2584 obrui
810 2528 954 2602 [ίοά.
984 2528 1137 2602 exui]
1161 2529 1344 2596 vellet,
1369 2528 1671 2602 aliquando
1691 2543 1820 2584 vero
1840 2543 1977 2583 eon-

384 2629 470 2675 tra
510 2636 610 2692 pro
642 2622 879 2676 sanitate
914 2621 1257 2678 intercedere
1286 2630 1341 2678 et
1375 2623 1557 2677 vivere
1584 2621 1629 2676 si
1664 2635 1837 2677 sanus
1864 2620 1977 2676 elli-

387 2722 614 2768 ceretur
636 2723 843 2777 oraret,
873 2712 1056 2770 facere
1083 2711 1495 2785 quodammodo
1526 2721 1823 2783 utrumque
1845 2727 1977 2783 prac-

384 2804 619 2874 cipiunt,
655 2813 709 2857 et
757 2805 1049 2858 sanitatem
1090 2803 1454 2875 porrigentes,
1495 2811 1549 2858 et
1597 2802 1973 2874 sepeliendum

385 2903 551 2951 terra:
591 2896 923 2952 tribuentes.
982 2895 1039 2951 Si
1087 2896 1232 2950 enim
1279 2896 1384 2960 vis,
1448 2895 1648 2965 inquit,
1695 2894 1976 2964 ereptione

385 2989 554 3062 potiri
613 2989 924 3060 languoris,
979 3004 1009 3044 a
1060 2990 1265 3061 templo
1313 2988 1566 3046 sublatus
1608 2987 1890 3061 egredere,
1920 2995 1975 3044 et

385 3080 736 3152 temetipsum
792 3081 959 3151 sepeli
994 3095 1164 3157 arena
1195 3081 1396 3136 vicina.
1442 3084 1512 3135 At
1553 3080 1644 3136 ille
1667 3094 1970 3136 conversus

384 3181 509 3244 post
543 3175 814 3244 Optimum
842 3175 1143 3238 somnium,
1179 3173 1371 3229 mortis
1394 3175 1579 3244 potius
1617 3189 1780 3242 quam
1813 3172 1965 3227 sani-

381 3269 515 3320 tatis
538 3266 824 3330 indicium,
849 3265 994 3319 illam
1030 3265 1082 3319 in
1125 3280 1289 3320 arena
1335 3265 1669 3334 sepulturam
1700 3263 1965 3334 conjicie-

385 3356 516 3423 bat;
541 3366 595 3411 ct
635 3365 816 3412 tamen
868 3357 995 3427 quia
1032 3367 1349 3427 utrumque,
1391 3367 1625 3412 mortem
1659 3356 1874 3412 scilicet
1913 3362 1967 3412 et

384 3449 701 3515 sanitatem,
746 3450 846 3505 etsi
888 3464 997 3504 non
1039 3449 1314 3515 similiter,
1353 3459 1575 3520 propter
1622 3449 1964 3519 languorem,

387 3537 760 3601 desiderabat,
796 3546 1125 3609 praeceptum
1151 3540 1369 3595 coneite
1395 3539 1650 3605 faciebat,
1679 3539 1805 3595 vitae
1842 3552 1967 3594 eum

392 3630 583 3686 dolore
615 3630 816 3685 hahiue
858 3645 1185 3703 prazponens
1212 3640 1524 3702 utrumque,
1555 3639 1787 3686 mortem
1817 3628 1970 3686 scili-

390 3731 474 3778 cet
496 3722 617 3777 sine
646 3721 857 3788 dolore,
884 3729 940 3777 et
964 3723 1130 3779 vitam
1154 3723 1362 3794 absque
1393 3723 1676 3796 languore.
1704 3722 1969 3794 Egressus

390 3829 521 3882 ergo
547 3813 821 3884 atemplo,
862 3823 917 3870 et
959 3830 1146 3881 arena,
1171 3824 1231 3870 ut
1255 3815 1446 3885 jussus
1479 3813 1680 3878 fuerat,
1710 3811 1967 3877 obrutus,

389 3915 444 3961 rt
472 3906 760 3962 sanitatem
797 3907 1063 3978 percepit,
1107 3916 1162 3962 et
1194 3918 1469 3978 speratam
1501 3912 1731 3959 mortem
1771 3904 1967 3959 evasit.

385 4004 523 4062 Cum
554 4004 701 4061 enim
747 4019 914 4058 arena
954 4001 1301 4074 sepeliretur,
1361 3999 1598 4054 habebat
1630 3997 1793 4052 etiam
1836 4012 1970 4053 eon-

388 4097 787 4168 sepeliendium
839 4095 944 4150 sibi
974 4093 1323 4165 languorem;
1364 4106 1429 4144 ex
1475 4088 1577 4144 hac
1626 4080 1804 4143 autem
1848 4096 1971 4159 post

389 4190 731 4261 sepulturam
767 4200 1083 4254 resurgens,
1121 4199 1230 4239 non
1268 4182 1503 4237 habebat
1545 4188 1969 4251 consurgentem

391 4293 580 4336 secum
618 4276 1034 4341 inlirmitatem;
1075 4273 1172 4328 sed
1195 4272 1276 4329 sic
1306 4286 1470 4328 arena
1495 4271 1755 4341 dissipata
1787 4286 1973 4342 surge-

388 4371 504 4447 bat,
531 4369 698 4428 sicuti
726 4366 949 4438 quando
976 4380 1041 4420 ex
1066 4365 1297 4421 matrice
1327 4365 1444 4420 sine
1465 4365 1721 4436 passione
1750 4348 1969 4435 preces-

2078 1880 2245 1951 φημὶ,
2275 1880 2373 1936 καὶ
2425 1884 2528 1953 τῆς
2567 1884 2792 1959 ῥώσεως
2812 1899 2828 1914 ·
2862 1885 2956 1937 καὶ
2986 1883 3082 1957 τὴν
3109 1884 3266 1939 νόσον
3293 1884 3572 1955 διέφυγεν,
3602 1887 3678 1957 ἢν

2077 1970 2343 2043 ἐκφυγεῖν
2374 1970 2610 2027 θανάτου
2649 1974 2822 2045 χωρὶς
2850 1975 2951 2028 ούκ
2974 1975 3216 2047 ἐνόμιζε.

2151 2063 2422 2135 Λέξωμεν
2450 2064 2508 2120 δέ
2538 2068 2634 2120 καὶ
2675 2065 2775 2138 τὴν
2799 2068 2946 2121 ῖασιν
2965 2083 2981 2100 ο
3007 2066 3198 2121 ἀστεία
3230 2068 3339 2141 γάρ
3369 2067 3533 2141 αὕτη,
3574 2068 3677 2123 καὶ

2080 2156 2424 2229 μαρωρικῆς
2461 2158 2708 2230 γέμουσα
2757 2159 2978 2230 χάριτος
3040 2160 3177 2231 ὁμοῦ
3217 2162 3312 2216 καὶ
3362 2158 3710 2231 δυνάμεως.’

2075 2249 2338 2314 Φανέντες
2391 2250 2501 2322 γάρ
2537 2253 2867 2323 κοιμωμένῳ
2896 2250 2974 2324 τῷ
3008 2250 3293 2325 πάσχοντι,
3340 2254 3435 2306 xui.
3470 2254 3679 2317 ἰδόντες

2077 2341 2321 2412 ἀκριϐῶς
2370 2342 2537 2397 αὐτοῦ
2561 2343 2629 2398 τά
2649 2344 2936 2417 ἐγκάρδια,
2967 2346 3062 2399 καὶ
3095 2345 3168 2409 ὡς
3203 2346 3330 2399 ποτὲ
3363 2346 3464 2416 μέν
3492 2346 3675 2417 ρᾳθυ-

2080 2430 2212 2501 μῶν
2231 2432 2555 2487 ἐπεκαλεῖτο
2588 2435 2680 2488 τὸν
2731 2435 2980 2502 θάνατον,
3010 2437 3105 2488 καὶ
3140 2435 3244 2506 γῆν
3288 2434 3480 2507 ἢθελεν
3506 2435 3674 2509 ⁷ύττοιο

2074 2522 2319 2593 δύεσθαι,
2352 2526 2484 2580 ποτέ
2519 2527 2577 2582 δὲ
2603 2526 2672 2582 αὖ
2703 2516 2955 2601 περὶτῆς
2987 2529 3178 2598 ὑγείας
3215 2529 3540 2602 ἐπρέσϐευε,
3569 2530 3673 2584 καὶ

2075 2613 2176 2686 ζῇν
2204 2617 2253 2669 εί
2280 2616 2518 2688 ῥωσθείη
2557 2616 2928 2690 προσηύχετο,
2979 2620 3270 2692 ἀμφότερα
3297 2620 3503 2691 τρόπον
3541 2619 3671 2673 τινα

2076 2707 2251 2759 ποιεῖν
2283 2707 2671 2764 ἐπιτάττουσιο
2724 2710 2819 2767 καὶ
2864 2710 2963 2783 τὴν
3006 2712 3176 2783 ρὦιν
3211 2712 3519 2784 ὀρέγοντες,
3570 2712 3672 2766 καὶ

2072 2799 2138 2869 τῇ
2167 2801 2237 2870 γῇ
2282 2797 2514 2864 διδόντες
2543 2802 2933 2858 ἐνθάπτεσθαι.
2978 2803 3042 2858 Εἰ
3083 2802 3246 2877 θέλῃς
3288 2804 3418 2878 γάρ,
3471 2804 3667 2873 φησιν,

2085 2891 2413 2963 ἀπαλλαγῆς
2448 2897 2632 2965 τυχεῖν
2670 2895 2765 2950 τοῦ
2805 2897 3135 2968 νοσήματος,
3168 2886 3261 2950 τοῦ
3290 2897 3548 2969 τεμένους
3576 2899 3671 2950 αι-

2074 2980 2302 3053 ρόμενος
2320 2983 2582 3050 ἔξιθι,καὶ
2600 2986 2819 3043 σεαυτὸν
2841 2987 3075 3043 ἕνθαπτε
3097 2988 3310 3062 ψάμμῳ
3344 2992 3411 3063 τῇ
3436 2988 3668 3056 γείτονι.

2083 3072 2142 3128 ’0
2169 3073 2228 3129 δέ
2266 3077 2528 3147 στραφεὶς
2570 3078 2711 3149 μετά
2732 3079 2823 3135 τὸν
2851 3080 3132 3136 κάλλιστον
3164 3082 3394 3153 δνειρον,
3428 3080 3672 3136 θανάτου

2074 3163 2276 3235 μᾶλλον
2317 3165 2351 3237 ἢ
2374 3167 2595 3237 ῥώσεως
2624 3170 2891 3241 σύμϐολον
2915 3171 3010 3242 τὴν
3030 3174 3089 3226 ἐν
3112 3172 3322 3244 ψάμμῳ
3357 3172 3532 3243 ταφὴν
3556 3172 3672 3225 ύπ-

2067 3256 2394 3329 ελάμϐανεν·
2418 3261 2568 3332 ὅμως
2591 3264 2892 3337 ἐπειδήπερ
2911 3265 3185 3336 ἑκατέρων
3200 3267 3295 3318 καὶ
3314 3263 3545 3319 θανάτου
3570 3263 3673 3319 καὶ

2070 3348 2313 3421 ῥώσεως.
2332 3352 2427 3405 καὶ
2454 3352 2530 3423 μὴ
2550 3355 2752 3426 ὁμοίως
2764 3356 2850 3410 διὰ
2867 3357 2968 3428 τὴν
2993 3358 3148 3411 νόσον
3176 3358 3437 3430 ὠρέγετο,
3464 3358 3671 3410 συντό-

2071 3459 2186 3513 μως
2200 3444 2374 3498 ἐποίει
2385 3447 2444 3500 το
2457 3447 2856 3520 θέσπισμα,τῆς
2869 3451 3142 3505 ἐπωδύνου
3153 3450 3300 3521 ζωῆς
3319 3453 3376 3504 ἐν
3387 3454 3668 3523 προτιμή-

2070 3547 2154 3585 σει
2178 3533 2359 3605 φέρων
2386 3535 2746 3606 ἐκάτερα,καὶ
2770 3537 2863 3590 τὸν
2888 3537 3156 3592 ἀνώδυνον
3177 3537 3427 3602 θάνατον,
3447 3539 3541 3593 καὶ
3562 3539 3671 3609 τὴν

2069 3622 2215 3697 ζωὴν
2248 3625 2346 3696 τὴν
2366 3625 2494 3680 ἄνευ
2522 3628 2853 3699 νοσήματος.
2889 3628 3151 3693 Ἐξελθὼν
3177 3626 3268 3685 οὖν
3297 3630 3358 3683 τὸ
3392 3631 3630 3700 τέμενος
3647 3669 3667 3696 ,

2070 3719 2168 3772 καὶ
2192 3717 2406 3792 ψάμμῳ
2432 3721 2663 3792 χωσθεὶς
2687 3723 2762 3787 ώς
2799 3710 3404 3799 κεκέλευστοςκαΐτῆς
3436 3723 3667 3795 ῥώσεως

2071 3809 2283 3883 ἔτυχεν,
2318 3814 2412 3867 καὶ
2440 3813 2533 3866 τὸν
2554 3814 2921 3886 ἐλπιζόμενον]
2936 3815 3407 3894 ἐφυγεβίνδυνον.
3438 3817 3518 3888 Τῇ
3548 3817 3666 3886 γὰρ

2071 3898 2286 3971 ψάμμῳ
2324 3903 2602 3968 παντελῶς
2620 3904 3042 3977 ἐνθαπτόμιενος,
3067 3903 3181 3978 εἶχε
3215 3907 3667 3977 συνθαπτόμενον

2071 3984 2221 4065 αὗτῷ
2251 3994 2436 4050 καὶτὸ
2479 3997 2692 4069 νόσημα
2717 4013 2733 4027 ο
2773 3998 2978 4071 ταύτης
3029 3999 3088 4054 δέ
3142 4000 3284 4072 μετὰ
3324 3999 3425 4072 τὴν
3476 4000 3664 4071 ταφὴν

2072 4085 2454 4157 ἀνιστάμενος,
2502 4088 2605 4142 οὐκ
2634 4084 2748 4163 εἶχε
2789 4091 3241 4163 συνεγειρόμενον
3277 4093 3428 4167 αὐτῷ
3464 4093 3527 4146 τὸ
3550 4096 3663 4166 ἀρ-

2073 4173 2340 4247 ρώστημα
2364 4195 2380 4210 ο
2435 4178 2550 4232 ἀλλ’
2579 4179 2725 4235 οὓτω
2758 4182 2856 4254 τὴν
2883 4182 3110 4255 ψάμμον
3144 4171 3500 4240 διασκεδάσαν
3562 4187 3662 4240 άν-

2075 4267 2260 4322 ίστατο
2280 4268 2357 4333 ώς
2386 4271 2451 4324 ἐκ
2488 4270 2700 4343 μήτρας
2732 4273 2861 4329 ἄνευ
2900 4276 3107 4340 πάθους
3141 4279 3507 4350 προσήρχετο.
3542 4278 3662 4332 Καὶ

2077 4359 2271 4431 Μηνᾶς
2302 4361 2408 4433 μὲν
2440 4356 2628 4437 τρόπῳ
2656 4367 2842 4439 τοιῷδε
2882 4368 2983 4440 τὴν
3030 4369 3202 4440 eam
3231 4370 3528 4442 ἀπείληφε,
3558 4372 3661 4425 καὶ

389 4463 483 4519 sit.
511 4461 577 4516 Et
608 4460 792 4516 Menas
821 4457 1040 4529 quidem
1092 4458 1184 4512 tali
1221 4457 1384 4512 modo
1424 4457 1713 4513 sanitatem
1779 4472 1968 4526 perce-

2079 4458 2428 4528 χαριστήριον
2467 4455 2618 4514 αἶνον
2659 4461 2947 4529 ἀνατείνας
3001 4466 3117 4529 τοῖς
3161 4464 3400 4536 μάρτυσι
3444 4464 3659 4535 χαίρων

389 4554 488 4624 pit,
542 4560 597 4608 et
652 4551 899 4621 gratilica
933 4561 1159 4605 extensa
1197 4548 1285 4624 [ex
1329 4548 1448 4621 Gn]
1488 4548 1667 4613 laude,
1722 4546 1966 4618 gaudens

388 4646 593 4717 pariter
609 4653 662 4701 et
689 4644 975 4700 exsultans
1005 4643 1068 4698 ad
1101 4641 1320 4717 Lyciam
1350 4642 1617 4714 pervenit.
1649 4640 1820 4697 Porro
1844 4656 1965 4705 nos,

388 4736 586 4791 iterum
609 4744 833 4790 sanctos
863 4733 1174 4802 laudantes,
1203 4734 1431 4791 alterius
1455 4748 1643 4790 eorum
1676 4731 1968 4788 oili-ramus

388 4827 637 4884 miraculi
673 4843 832 4898 opus.

529 4920 739 4978 LXVII.
784 4922 860 4977 De
899 4920 1122 4993 Georgia
1173 4922 1263 4991 qui
1299 4938 1330 4974 α
1365 4921 1553 4993 spiritu
1591 4919 1829 4991 agitems

590 5030 597 5035 -
898 4991 1226 5061 semetipsum
1248 4991 1458 5045 occidit.
1675 5038 1679 5042 _

462 5086 643 5142 Alium
678 5086 839 5141 nobis
888 5084 1102 5155 Cyprus
1148 5084 1213 5138 ad
1269 5081 1640 5136 narrationem
1673 5078 1968 5150 Georgium

386 5180 638 5249 protulit,
678 5186 733 5234 et
777 5180 922 5234 hunc
965 5176 1224 5247 copulare
1268 5174 1483 5230 duobus
1531 5172 1970 5244 prmeedentibus

386 5269 738 5332 exhortatur,
779 5279 837 5322 ut
864 5269 917 5322 in
962 5267 1201 5321 mirabili
1237 5277 1556 5322 sanctorum
1590 5279 1778 5335 opere,
1806 5265 1970 5320 tertio

388 5361 624 5432 prolato.
674 5360 824 5417 hunc
877 5359 1114 5430 potioris
1165 5358 1516 5415 creasiouem
1571 5356 1845 5427 superbia:
1884 5355 1964 5410 la-

386 5448 682 5506 eiat.Unde
718 5452 985 5523 mirantes
1022 5460 1078 5506 et
1124 5466 1225 5505 nos
1268 5448 1517 5520 ejusdem
1567 5449 1761 5504 insulae
1799 5448 1973 5503 hono-

386 5541 735 5608 riﬁcentiam,
774 5556 828 5600 et
859 5543 1309 5601 decentissimam
1363 5558 1491 5613 erga
1541 5550 1814 5614 martyras
1860 5540 1972 5612 pie-

388 5640 578 5699 tatem,
628 5634 967 5706 gloriamque
1009 5637 1186 5707 ipsius
1236 5634 1640 5698 multimodam,
1684 5649 1808 5705 quin
1850 5643 1971 5689 stu-

388 5722 547 5779 detur
588 5722 677 5793 [ex
722 5723 844 5794 Gn]
895 5729 951 5781 in
1013 5728 1121 5793 his,
1181 5726 1475 5796 petitiones
1532 5726 1968 5796 adimpleamus:

2071 4548 2207 4618 ὁμοῦ
2244 4550 2338 4603 καὶ
2360 4540 2600 4622 σκιρτῶν
2632 4549 2741 4623 τὴν,
2768 4552 2976 4607 Λυκίαν
3026 4554 3320 4626 κατείληφε
3342 4571 3357 4586 ο
3405 4555 3570 4625 ἡμεῖς
3595 4553 3659 4608 δὲ

2071 4638 2236 4693 πάλιν
2261 4642 2389 4706 τοὺς
2422 4642 2612 4712 ἁγίους
2642 4646 2977 4713 αἰνέσαντες,
3026 4646 3193 4717 άλλην
3231 4646 3411 4701 αὐτῶν
3434 4645 3657 4718 θαυμα-

2069 4731 2329 4804 τουργίαν
2357 4734 2756 4808 προσοισωμεν.
3566 4746 3573 4752 ’

2069 4912 2186 4967 ΞΖ’.
2238 4912 2380 4983 Περὶ
2410 4915 2714 4987 Γεωρτίου
2740 4916 2849 4971 τοῦ
2878 4918 3361 4987 πνευματιῶντος
3388 4921 3492 4975 καὶ
3516 4920 3660 4975 ἑαυο

2602 4986 2709 5038 τὸν
2746 4986 3120 5056 σφάξαντος.

2146 5075 2340 5130 ’Δλλον
2386 5077 2523 5148 ἡμῖν
2575 5080 2609 5149 ἡ
2666 5077 2891 5150 Κύπρος
2925 5079 3198 5151 Γεώργιον
3227 5079 3364 5153 πρὸς
3402 5081 3660 5155 διήγησιν

2071 5165 2301 5236 ἢγαγεν,
2326 5167 2420 5222 καὶ
2452 5166 2642 5222 τοῦτον
2679 5172 2794 5234 τοῖς
2845 5171 3179 5241 προλαϐοῦσι
3223 5173 3319 5227 δύο
3362 5175 3658 5231 συνάπτειν

2073 5262 2467 5333 προτρέπεται,
2518 5261 2586 5316 ἵν’
2609 5264 2666 5316 ἐν
2714 5266 2781 5336 τῇ
2830 5265 2940 5318 τῶν
2984 5266 3154 5335 ἁγίων
3202 5266 3663 5343 θαυματογριφίᾳ,

2073 5352 2255 5422 τρίτον
2274 5353 2570 5422 ἐνέγκασα,
2599 5353 2758 5409 τοῦτο
2795 5355 3041 5425 μείζονος
3066 5356 3320 5429 άτρορμὴν
3349 5360 3661 5430 ἀγερωχίας

2074 5445 2574 5515 ποιήσαιτο.”υθεν
2618 5445 3001 5517 θαυμάσαντες
3031 5447 3201 5520 αὐτῆς
3250 5450 3344 5504 καὶ
3389 5451 3550 5520 ἡμεῖς
3600 5452 3661 5504 τὸ

2075 5535 2381 5607 φιλότιμον,
2414 5538 2508 5591 καὶ
2540 5537 2638 5610 τὴν
2675 5541 2753 5603 είς
2784 5542 2912 5605 τοὺς
2953 5540 3240 5612 μάρτυρας
3280 5541 3659 5614 εὐπρεπεστά-

2072 5643 2175 5697 την
2202 5626 2509 5694 εὐσέϐειαν,
2548 5630 2642 5682 καὶ
2669 5630 2731 5682 τὸ
2756 5630 2849 5682 ἐπὶ
2878 5630 3091 5695 τούτοις
3120 5632 3257 5705 αὐτῇ
3286 5634 3660 5707 σπουδαζόμε-

2075 5737 2166 5776 νον
2188 5717 2527 5792 πολύτροπον
2552 5720 2835 5792 καύχημα,
2861 5721 2959 5785 τὰς
2986 5723 3230 5793 αἰτήσεις
3259 5722 3659 5796 πληρώσωμεν.
