3998 6200
312 409 382 472 36
392 408 458 471 53

1347 397 1449 459 SS.
1481 391 1657 455 CYRI
1691 390 1789 452 ET
1810 386 2136 451 JOANNIS
2165 385 2583 447 MIRACULA.

308 515 725 590 Κεχαρισμέναι
750 516 858 588 γὰρ
889 510 1174 570 αὗταικαὶ
1204 514 1339 584 ἡμῖν
1361 511 1668 581 καθεστήκῖ
1682 525 1788 571 σιν,
1818 506 1913 559 καὶ

2028 504 2134 560 hac
2167 501 2367 574 quippe
2382 501 2550 557 nobis
2573 500 2740 556 etiam
2771 511 2921 571 grata
2959 497 3293 565 consistunt,
3323 508 3381 554 et
3417 500 3589 557 virtu-

308 607 412 677 τὴν
457 608 538 669 είς
586 604 751 658 αὐτὸν
780 606 894 668 τοῖς
920 603 1097 671 άγίοις
1132 600 1455 673 πραχθεῖσιν
1485 600 1716 669 δύναμιν
1741 594 1908 661 λέξω-

315 714 440 767 μεν,
472 695 785 766 ύπερόολὴν
820 694 1106 764 θαύματος
1151 693 1405 763 ἔχουσαν,
1454 692 1551 744 καὶ
1594 691 1694 759 τὴν
1746 688 1907 759 χάριν

312 790 497 844 αὐτῶν
535 790 605 844 δι’
642 790 846 858 ἑαυτῆς
883 785 1282 850 είκονίζουσαν.

381 882 637 953 Κύπριος
684 877 753 952 ἦν
797 883 826 933 ὁ
871 877 1169 949 Γεὼργιος,
1203 877 1299 931 καὶ
1327 875 1609 943 δαιμόνιον
1640 874 1764 943 ἔσχε
1812 873 1907 925 ἐπὶ

313 973 486 1043 κακίᾳ
533 971 703 1041 πολλῇ
753 968 1194 1041 γνωριζόμενον·
1249 968 1519 1037 δαιμόνων
1551 966 1660 1036 γὰρ
1697 965 1909 1018 πολλῶν

313 1061 533 1132 ὑπῆρχε
578 1059 718 1117 πολὺ
748 1059 1142 1129 πονηρότατον,
1172 1060 1266 1111 καὶ
1297 1058 1364 1111 τά
1394 1059 1505 1120 τοῖς
1529 1055 1743 1120 πολλοῖς
1772 1055 1911 1127 δρώ-

316 1168 458 1222 μενα
490 1152 638 1207 κακά
673 1151 836 1224 μόνον
856 1150 1000 1204 αὐτὸ
1032 1154 1211 1203 ποιεῖν
1241 1150 1541 1219 ἠγωνίζετο
1563 1166 1577 1179 ·
1611 1148 1706 1202 καὶ
1743 1148 1912 1217 μεγά-

313 1244 415 1314 λην
461 1237 636 1314 ἧτταν
682 1243 744 1295 τὸ
793 1241 967 1295 δεινὸν
1012 1240 1418 1311 ὑπελάμϐανεν,
1449 1239 1499 1292 εί
1528 1242 1671 1310 φανῇ
1715 1240 1915 1310 μικρὸν

312 1336 424 1389 τῶν
440 1334 620 1388 ἄλλων
638 1335 895 1388 ἁπάντων
926 1332 1233 1403 πραότερον
1255 1348 1267 1361 ·
1290 1331 1437 1385 οὕτω
1463 1331 1520 1384 δὲ
1550 1331 1789 1401 χαλεπὸν
1815 1332 1913 1385 καὶ

318 1425 731 1496 μισάνθρωπον,
796 1422 1186 1494 χαλεπώτερον
1230 1424 1376 1493 ἥπερ
1398 1421 1548 1475 ἄλλοι
1575 1422 1779 1489 διετίθη
1821 1421 1913 1475 τδν

315 1514 627 1588 ἄνθρωπον,
676 1515 1096 1569 ἐπιπίπτονρὰεὶ
1126 1517 1223 1568 καὶ
1262 1516 1549 1585 συντρίσον
1581 1514 1673 1568 τὸν
1703 1514 1910 1578 ἄθλιον,

316 1609 416 1663 καὶ
442 1608 610 1663 αξιτοῦ
636 1610 703 1662 τὰ
732 1607 912 1662 πολλὰ
940 1607 1310 1678 μανικώτερον
1333 1606 1495 1661 αὐτὸν
1517 1605 1910 1679 ἐργαζόμενον.

319 1697 527 1754 Τούτου
572 1697 758 1751 ποθῶν
804 1697 904 1769 τὴν
955 1698 1136 1769 φυγὴν
1161 1699 1199 1751 ὁ
1224 1697 1523 1770 Γεώργιος,
1553 1701 1632 1762 είς
1666 1696 1916 1764 Ἀλεξάν-

315 1791 503 1861 δρειαν
532 1790 776 1862 ἔρχεται,
818 1792 914 1845 καὶ
958 1789 1051 1844 τὸν
1095 1791 1233 1844 νεὼν
1274 1790 1385 1845 τῶν
1416 1791 1600 1861 άγίων
1622 1791 1912 1856 κατέλαϐε,

318 1883 418 1936 καὶ
448 1881 635 1936 τοῦτον
670 1880 963 1952 κατῴκησε
999 1880 1139 1950 μετὰ
1168 1882 1278 1934 τῶν
1300 1881 1476 1937 ἄλλων
1501 1881 1746 1936 ἀσθενῶν
1771 1882 1912 1936 διαι-

2028 1888 2064 1937 :t
2095 1880 2150 1935 in
2185 1880 2288 1934 hac
2328 1880 2598 1935 habitavit
2627 1895 2751 1937 cum
2794 1882 2916 1936 aliis
2939 1892 3185 1937 moratus
3210 1881 3463 1937 inlirmis.
3491 1880 3600 1937 Sed
3655 1893 3689 1909 ἐ

2008 606 2115 652 tem
2151 611 2273 666 qua:
2313 596 2371 649 in
2393 609 2459 651 eo
2489 609 2519 647 a
2547 592 2758 649 sanctis
2788 600 2937 662 gesta
2963 597 3050 648 est
3077 591 3392 659 edicamus;
3426 593 3592 647 habet

2005 694 2152 750 enim
2179 692 2538 749 eminentiam
2582 691 2860 758 miraculi,
2910 704 3008 762 per
3036 705 3096 747 se
3139 690 3315 760 ipsam
3357 692 3591 762 gratiam

2006 799 2196 840 eorum
2231 785 2557 856 imaginans.

2078 876 2316 948 Cyprius
2357 882 2477 930 erat
2515 875 2783 945 Georgius
2811 882 2866 930 et
2911 874 3213 931 daemonem
3265 875 3497 932 habebat
3535 876 3592 932 in

2008 971 2180 1025 multa
2205 969 2408 1023 malitia
2442 969 2762 1040 cognitum;
2804 968 2997 1024 multis
3024 968 3169 1024 enim
3218 976 3337 1025 erat
3381 969 3591 1024 dremo-

2009 1063 2175 1117 nibus
2210 1061 2466 1132 nequior,
2501 1071 2555 1116 et
2604 1062 2745 1114 mala
2774 1075 2898 1131 qua:
2945 1076 2975 1114 a
3015 1060 3201 1117 multis
3233 1060 3589 1132 gerebantur,

2010 1156 2164 1211 solus
2206 1154 2326 1225 ipse
2354 1151 2536 1209 lacere
2588 1152 2935 1220 decertabat;
2983 1160 3039 1208 et
3072 1168 3323 1223 magnam
3362 1167 3593 1224 snpera-

2012 1247 2217 1302 tionem
2244 1247 2331 1303 sui
2357 1261 2484 1302 acer
2506 1245 2596 1300 ille
2613 1244 2860 1315 putabat,
2887 1245 2931 1300 si
2954 1246 3298 1316 apparuisset
3320 1245 3511 1300 saltem
3534 1245 3591 1299 in

2013 1337 2232 1393 modico
2262 1338 2540 1394 universis
2589 1337 2714 1393 aliis
2756 1337 2966 1391 mitior.
3007 1336 3143 1392 Cum
3177 1345 3358 1390 autem
3410 1336 3595 1390 taliter

2012 1444 2193 1486 saevus
2218 1437 2387 1495 esset,
2419 1436 2474 1484 et
2518 1428 2761 1484 hominis
2819 1442 2969 1494 osor,
3026 1428 3226 1483 saevius
3276 1442 3438 1498 quam
3499 1427 3594 1481 alii

2011 1522 2284 1578 tractabat
2308 1521 2611 1588 hominem,
2665 1522 2959 1577 immersus
3000 1534 3218 1591 semper
3258 1520 3314 1575 in
3352 1535 3501 1586 eum,
3541 1527 3598 1575 et

2012 1621 2309 1666 conterens
2336 1610 2602 1665 miseram
2647 1617 2704 1664 et
2732 1624 2854 1665 sese
2899 1609 3185 1664 saeviorem
3236 1610 3289 1662 in
3345 1608 3598 1677 plurimis

2011 1714 2271 1770 operans.
2298 1699 2478 1767 Hujus
2507 1699 2835 1755 desiderans
2869 1699 3053 1769 fugam
3072 1698 3340 1769 Georgius
3360 1699 3598 1755 Alexan-

2013 1791 2191 1846 driam
2232 1792 2404 1856 venit,
2438 1801 2493 1845 et
2526 1791 2613 1844 ad
2645 1791 2932 1848 basilicam
2971 1801 3287 1847 sanctorum
3339 1791 3595 1858 accessi',

316 1974 588 2045 τώμενος.
615 1972 755 2027 Ἀλλ’
771 1975 799 2026 ὁ
814 1973 1027 2044 δαίμων
1045 1976 1252 2037 ἐκεῖνος
1274 1976 1304 2027 ό
1327 1975 1517 2046 ἄγριος
1542 1979 1908 2047 μαρτυρικαῑς

2028 1970 2163 2026 'erns
2218 1970 2311 2026 ille
2343 1970 2582 2035 daemon,
2617 1972 2711 2042 qui
2762 1986 2793 2025 a
2846 1972 3161 2044 martyricis
3208 1974 3463 2030 manibus
3498 1972 3598 2027 lla-

318 2066 479 2137 χερσὶ
510 2056 928 2136 μαστιςόμενος,
959 2067 1056 2119 καὶ
1111 2065 1186 2136 μὴ
1233 2066 1418 2137 φέρων
1458 2065 1540 2118 ἔτι
1587 2065 1687 2133 τὴν
1719 2066 1910 2119 ἐνθάδε

2028 2060 2342 2133 ςοιιεῢοιωι,
2390 2074 2502 2115 non
2553 2059 2739 2117 ferens
2786 2061 2929 2116 ultra
2953 2062 3090 2118 ‘istic
3139 2061 3390 2119 habitare
3430 2062 3602 2119 Geor-

319 2156 597 2227 Γιωμγίου
624 2156 967 2226 κατοίκησιν,
997 2157 1137 2225 μήτε
1180 2155 1514 2225 χωρίζεσθαι
1540 2156 1733 2209 τούτου
1775 2156 1913 2228 πρὸς

2028 2153 2185 2224 rium,
2227 2164 2407 2224 neque
2440 2153 2685 2224 separari
2720 2152 2892 2220 abeo,
2922 2162 2983 2208 ut
3013 2154 3216 2209 abillis
3249 2153 3603 2226 pracipleba-

323 2248 509 2302 αὒῒῶν
534 2250 1024 2320 προσταττόμενος,
1054 2247 1298 2302 τοιοῦτόν
1343 2266 1395 2301 τι
1430 2250 1744 2319 μηχανᾶται
1770 2267 1914 2316 παγ-

328 2338 606 2403 κάκιστον,
644 2340 738 2392 xui.
769 2341 869 2409 τῆς
915 2337 1082 2391 αὑτοῦ
1132 2338 1400 2409 πονηρίας
1450 2339 1706 2404 ἐπάξιον,
1737 2339 1914 2409 φυγὴν

327 2428 506 2499 ἑαυτῷ
540 2430 640 2499 τῆς
676 2428 788 2482 τῶν
823 2428 998 2497 ἁγίων
1041 2428 1482 2499 μνηστευόμενος
1521 2429 1805 2500 μάστιγος.

397 2519 817 2589 Νυκτικόρακας
840 2516 902 2570 τὸ
950 2516 1292 2586 καλούμενον
1324 2517 1514 2588 θρνεον
1560 2516 1917 2589 ὲμφωλεῦσαι

324 2613 393 2682 τῇ
444 2610 614 2681 στέγῃ
659 2608 995 2679 πεποίηκεν,
1028 2609 1124 2662 καὶ
1151 2610 1260 2662 τῶν
1288 2608 1470 2664 τόπων
1496 2608 1610 2662 ἄνω
1634 2607 1919 2662 καθεύδειν

323 2717 387 2755 τε
411 2698 509 2755 καὶ
537 2697 888 2762 καθέζεσθαι,
918 2699 977 2751 ὲν
998 2692 1082 2761 οἷς
1103 2693 1173 2767 ἦν
1206 2697 1302 2751 καὶ
1335 2697 1610 2768 Γεωργίου
1645 2698 1714 2752 τὰ
1744 2697 1921 2768 στρώ-

328 2804 513 2861 μαοαιο
538 2789 662 2861 ὅθεν
685 2791 714 2842 ὁ
737 2786 1073 2859 νυκτικόραξ
1105 2786 1438 2858 καθήμενος,
1465 2788 1554 2840 ἐπ’
1578 2787 1741 2841 αύτδν
1758 2787 1922 2857 ἠκόνς-

324 2880 478 2947 τιζεν
525 2879 725 2935 ἑαυτοῦ
775 2880 838 2933 τὸ
892 2880 1202 2950 ἁφόδευμα,
1235 2881 1331 2932 καὶ
1381 2880 1564 2933 πᾶσαν
1609 2879 1777 2933 αὐτοῦ
1823 2880 1922 2950 τὴν

327 2973 565 3044 στρῶσιν
591 2971 877 3042 ἠφάνιζεν.
905 2968 1184 3032 Μαθόντες
1215 2970 1264 3022 οἱ
1312 2968 1392 3039 τῷ
1437 2968 1549 3049 νεῷ
1568 2968 1922 3038 διακονούμε-

326 3065 557 3132 vagat»:
596 3063 765 3117 τόπον
812 3062 1000 3133 ἕτερον
1051 3061 1148 3115 τὸν
1195 3059 1527 3115 ἀσθενοῦντα
1556 3062 1923 3132 μετήνεγκαν,

2015 2252 2127 2309 tur,
2155 2244 2460 2314 pessimum
2485 2245 2617 2309 quid
2649 2246 3018 2311 machinatur,
3053 2254 3107 2301 et
3135 2260 3233 2300 sua
3273 2247 3449 2317 ipsius
3469 2260 3605 2301 con-

2016 2332 2244 2403 dignum
2278 2333 2548 2404 nequitia,
2582 2334 2769 2404 fugam
2813 2336 2918 2391 sibi
2944 2351 2974 2388 a
3023 2342 3341 2391 sanctorum
3387 2336 3605 2408 ﬂagello

2017 2424 2366 2496 promittens.

2089 2519 2284 2585 Avetn,
2315 2534 2439 2588 qua:
2472 2525 2705 2574 vocatur
2749 2519 3091 2592 nycticorax,
3126 2519 3332 2575 cubare
3371 2518 3502 2575 fecit
3544 2520 3604 2576 in

2020 2618 2185 2674 tecto,
2215 2619 2270 2666 et
2290 2609 2345 2664 in
2365 2610 2505 2667 locis
2527 2610 2912 2681 superioribus
2942 2612 3186 2667 dormire
3208 2622 3373 2683 atque
3391 2613 3605 2679 sedere,

2022 2701 2075 2755 in
2107 2701 2311 2772 quibus
2342 2711 2503 2758 erant
2541 2710 2845 2758 stramenta
2880 2701 3139 2774 Georgii;
3179 2703 3326 2759 unde
3353 2703 3606 2775 nycticu-

2021 2807 2121 2847 ras
2174 2793 2375 2849 sedens
2422 2800 2641 2849 stercus
2670 2808 2831 2850 suum
2857 2793 3210 2864 jaculabatur
3237 2811 3406 2868 super
3450 2808 3599 2858 eum.

2022 2891 2078 2941 et
2139 2893 2313 2940 totum
2374 2884 2498 2955 ejus
2548 2885 2835 2941 sordidum
2889 2885 3154 2942 reddebat
3218 2895 3597 2949 stramentum,

2024 2977 2145 3043 Quo
2160 2985 2463 3047 comperto,
2480 2978 2665 3048 templi
2689 2977 2926 3032 ministri
2946 2977 3000 3032 in
3020 2978 3189 3032 alium
3211 2979 3391 3033 locum
3419 2988 3607 3035 trans-

2025 3065 2272 3121 tulerunt
2312 3066 2613 3133 inﬁrmum,
2662 3080 2832 3137 super
2870 3065 3129 3136 injuriam
3176 3067 3352 3138 ipsius
3384 3068 3454 3124 ad
3502 3068 3611 3122 mi-

324 3155 431 3227 τῆς
457 3155 676 3218 ἀδικίας
711 3152 873 3209 αὐτὸν
904 3153 1251 3223 ἐλεήσαντες.
1281 3151 1441 3206 Ἀλλὰ
1462 3150 1625 3207 πάλιν
1655 3151 1717 3205 τὸ
1737 3151 1923 3223 ὄρνεον

2029 3156 2388 3212 sericordiam
2441 3157 2705 3213 devoluti.
2764 3156 2871 3213 Sed
2913 3157 3113 3213 iterum
3148 3155 3288 3225 avis,
3335 3161 3496 3231 quasi
3543 3175 3609 3217 es

327 3249 406 3312 ὡς
460 3249 526 3311 ἐκ
567 3263 717 3311 τινος
764 3246 1067 3316 ἀναγκαίου
1115 3247 1499 3317 συνθήματος,
1542 3248 1665 3310 ταῖς
1713 3246 1923 3303 ἐκείνου

2033 3247 2273 3318 quodam
2313 3248 2639 3305 necessario
2667 3257 2852 3319 pacto,
2882 3264 3009 3305 cum
3049 3249 3199 3306 illius
3243 3249 3612 3307 comitabatur

329 3341 644 3410 στρωμναῖς
678 3338 1090 3409 συμμετήρχετο
1111 3379 1127 3403 ,
1167 3338 1260 3391 καὶ
1290 3337 1608 3402 ὡςτούτων
1634 3338 1734 3408 τὴν
1762 3337 1932 3408 φυλα-

329 3434 433 3503 κὴν
478 3433 942 3505 προσδεξάμενος,
974 3432 1071 3485 καὶ
1103 3432 1315 3495 ταύτας
1357 3433 1454 3504 ὲᾷν
1500 3433 1562 3486 οὐ
1609 3432 1927 3502 δυνάμενος,

329 3525 517 3580 ἐπάνω
562 3523 727 3578 πάλιν
773 3522 1041 3592 ἁφὼδευε,
1071 3524 1167 3579 καὶ
1219 3523 1317 3576 σὺν
1358 3524 1557 3588 αὐταῖς
1597 3526 1812 3594 συχνοῖς
1838 3525 1930 3578 τὸν

332 3616 376 3668 Γ
374 3614 604 3687 εὼργιον
633 3613 879 3687 ipp-ima
917 3616 1031 3678 τοῖς
1076 3614 1475 3684 ἀφοδεύμασιν.
1510 3614 1678 3678 Αὖθις
1711 3615 1769 3668 δὲ
1801 3616 1927 3668 τοῦ-

335 3724 421 3762 τον
450 3710 499 3761 οἱ
528 3707 765 3777 θυρωροὶ
809 3708 1313 3776 κατοικτείραντες,
1345 3708 1427 3770 είς
1454 3707 1623 3761 τόπον
1650 3706 1806 3770 αὖθις
1835 3707 1931 3761 άλ-

332 3799 419 3852 λον
454 3798 798 3869 μετέθηκανσ
826 3799 989 3853 τοῦτο
1009 3799 1066 3852 δὲ
1091 3797 1360 3867 πεποίηκε
1387 3799 1484 3853 καὶ
1510 3799 1572 3852 τὸ
1603 3798 1811 3869 ὖρνεον,
1834 3790 1929 3852 καὶ

331 3892 431 3960 τῆς
481 3889 801 3962 μεταθέσως
844 3892 946 3945 οὐκ
985 3890 1302 3961 ἠμέλησεν·
1353 3892 1454 3946 οὐκ
1507 3892 1720 3945 οἴκοθεν
1771 3891 1929 3945 τοῦτο

333 3981 659 4053 ποιούμενον
683 3981 820 4053 (ἔστι
850 3981 961 4052 γὰρ
991 3980 1356 4052 ἀδιανόητον),
1386 3981 1524 4035 ἀλλὰ
1550 3982 1806 4052 δαίμονος
1832 3982 1930 4037 αύ-

332 4070 412 4141 τῷ
448 4068 888 4133 συνελαύνοντος.
920 4070 1006 4134 '0;
1030 4070 1086 4124 δὲ
1116 4070 1301 4135 πάλιν,
1335 4071 1536 4142 μᾶλλον
1559 4072 1617 4126 δὲ
1644 4071 1925 4138 πολλάκις,

334 4163 384 4216 οἱ
417 4161 515 4233 τὴν
544 4162 849 4233 ὑπηρεσίαν
879 4161 977 4215 τοῦ
1005 4161 1269 4232 τεμένους
1304 4162 1648 4231 ποιούμενοι,
1681 4164 1772 4217 τὸν
1823 4164 1929 4236 ἀρ-

338 4249 646 4320 ρωστοῦντα
676 4251 973 4321 μετέφερον
993 4250 1236 4321 (δεκάκις
1253 4252 1362 4322 γὰρ
1386 4250 1542 4305 τοῦτο
1563 4253 1922 4323 πεπράκασι),

336 4343 432 4397 καὶ
456 4344 518 4397 τὸ
540 4343 726 4415 ὄρνεον
755 4341 1051 4396 ἀκολοθοῦν
1078 4344 1182 4396 οὐκ
1203 4343 1460 4406 ἐπαύετο,
1479 4344 1629 4408 τέλος
1652 4345 1926 4399 ὲπαύσαν·

336 4452 417 4501 το,
449 4436 735 4505 ἐνέργειαν
783 4429 922 4488 εἶναι
968 4431 1223 4504 δαίμονος
1261 4432 1361 4504 τὴν
1390 4436 1581 4487 τούτου
1618 4435 1925 4506 συνδρομὴν

338 4527 707 4598 λογισάμενοι.

407 4614 695 4684 summa;
722 4612 818 4669 οἶν
862 4615 931 4669 ὲκ
970 4614 1161 4669 τούτου
1194 4613 1488 4686 Γεώργιος,
1517 4614 1612 4668 καὶ
1648 4616 1924 4686 μάχαιραν

339 4705 516 4776 εὑρὼν
560 4708 624 4759 ὲκ
654 4703 965 4760 διαϐολικοῦ
992 4704 1236 4776 δηλονότι
1268 4704 1651 4774 συντάγματος
1672 4745 1689 4769 ,
1722 4704 1929 4775 ταύτην

341 4798 596 4871 ἁρπάσας
628 4799 657 4850 ὁ
688 4797 923 4859 δείλαιος
956 4796 1097 4850 κατὰ
1126 4795 1221 4849 τοῦ
1253 4796 1537 4867 φάρυγγος
1564 4796 1764 4866 ἤνεγκε
1786 4838 1800 4857 ,
1836 4796 1930 4849 καὶ

344 4889 589 4961 μεγάλην
623 4878 774 4961 αὐτῷ
825 4888 924 4960 τὴν
976 4887 1190 4960 σφαγὴν
1224 4888 1608 4958 ἐνειργάσατο·
1661 4887 1932 4957 κεντήσας

340 4982 453 5052 γὰρ
485 4979 702 5052 πρῶτον
750 4978 840 5032 τὸν
890 4977 1170 5050 λάρυγγα,
1207 4976 1368 5031 πάλιν
1396 4976 1527 5030 ἔνθα
1575 4976 1667 5029 καὶ
1712 4974 1841 5030 ἔνθα
1870 4979 1932 5031 τὸ

341 5070 496 5139 ξίφος
524 5070 797 5141 ἐκίνησεν,
820 5068 896 5132 ὡς
921 5070 1022 5122 οὐκ
1052 5067 1333 5141 ἀρκούσης
1363 5068 1465 5137 τῆς
1494 5068 1766 5139 προτέρας
1794 5068 1932 5140 πλη-

341 5162 445 5233 γῆς
468 5163 549 5226 εἰς
579 5160 883 5232 ἀναίρεσιν,
915 5161 967 5214 εί
999 5159 1079 5231 μὴ
1102 5162 1196 5215 καὶ
1228 5160 1288 5214 τὺ
1314 5161 1465 5225 ξίφος
1497 5161 1639 5232 μετὰ
1665 5162 1764 5233 τὴν
1785 5163 1931 5235 τρῶο

346 5269 431 5306 σιν
465 5252 562 5309 καὶ
585 5254 803 5324 κίνησιν
831 5257 927 5313 καὶ
964 5253 1064 5325 τὴν
1114 5253 1331 5324 πληγὴν
1363 5254 1654 5324 ποιήσαιτο
1685 5253 1932 5325 μείζονα.

350 5346 452 5398 *Ην
484 5347 627 5398 πάνυ
662 5345 752 5399 διὰ
785 5344 983 5416 βάθους
1004 5344 1185 5399 λαϐὼν
1214 5346 1244 5398 ὁ
1276 5346 1609 5417 τρισάθλιος,
1639 5346 1827 5401 πεσὼν
1853 5349 1930 5412 είς

344 5439 452 5509 γῆν
479 5437 752 5506 ἐκυλίετο,
789 5438 887 5493 καὶ
911 5437 1169 5509 ἔσκαιρεν
1206 5436 1278 5501 ὡς
1304 5439 1360 5491 οί
1389 5439 1751 5508 σφαττόμενοι
1783 5440 1936 5495 σκαί.

348 5547 558 5602 ρουσιν,
580 5530 681 5603 τὴν
707 5528 887 5602 ψυχὴν
912 5530 1207 5585 ἀπολλύειν
1236 5530 1506 5602 οἰόμενος,
1536 5531 1631 5585 καὶ
1649 5532 1763 5595 τοῖς
1788 5548 1933 5604 παρ-

345 5620 499 5674 οῦσιν
528 5620 786 5693 θνήσκειν
808 5621 982 5686 ἐὐθὺς
1011 5620 1577 5694 νομιζόμενος.⁹’οπερ
1604 5623 1656 5675 οι
1689 5622 1937 5695 πυλωροὶ

348 5711 699 5782 θεασάμενοι,
725 5713 821 5767 καὶ
838 5713 893 5766 0i
923 5712 1021 5784 τὴν
1049 5712 1396 5783 λειτουργίαν
1417 5711 1525 5765 τῶν
1550 5711 1721 5781 ἁγίων
1748 5714 1935 5768 ποιούς

352 5820 523 5872 μενοι,
549 5805 629 5869 εἰς
657 5805 775 5871 δέος
799 5806 901 5861 οὐκ
926 5804 1108 5875 ὀλίγον
1138 5805 1431 5873 ἐνέπεσαν,
1460 5806 1660 5862 οἰκεῖον
1681 5807 1935 5878 ἔγκλημα

1953 4547 2000 4606 D

2030 3340 2382 3408 stramentis;
2410 3348 2469 3396 et
2504 3341 2663 3410 quasi
2688 3341 2884 3398 borum
2913 3342 3218 3398 custodiam
3251 3344 3611 3413 suscepisset,

2029 3441 2084 3488 et
2114 3432 2230 3488 haec
2259 3433 2542 3489 dimittere
2571 3433 2799 3490 minime
2818 3436 3105 3504 valuisset,
3140 3435 3377 3506 desuper
3410 3438 3612 3492 iterum

2029 3525 2281 3588 cacahat,
2350 3532 2574 3578 etcum
2617 3524 2698 3579 eis
2753 3525 2917 3579 etiam
2976 3524 3271 3596 Georgium
3327 3526 3613 3581 sordidum

2029 3615 2372 3670 stercoribus
2418 3613 2705 3670 reddebat.
2742 3615 2956 3670 Rursus
2986 3627 3166 3670 autem
3202 3616 3350 3671 hunc
3393 3616 3611 3673 ostiarii

2029 3705 2243 3761 miserti
2277 3705 2334 3760 in
2367 3704 2477 3758 alio
2505 3704 2628 3759 loco
2672 3716 3009 3775 posuerunt;
3043 3707 3146 3760 hoc
3185 3713 3365 3761 autem
3397 3707 3524 3763 fecit
3554 3717 3610 3763 et

2028 3796 2171 3861 avis,
2195 3802 2250 3851 et
2282 3794 2666 3852 translationis
2690 3810 2878 3851 curam
2906 3810 3013 3851 non
3035 3796 3245 3862 habuit,
3273 3812 3383 3853 non
3415 3807 3612 3868 sponte

2029 3885 2136 3941 hoc
2166 3885 2395 3949 faciens,
2418 3892 2503 3940 est
2539 3884 2684 3940 enim
2717 3885 2998 3941 intellectu
3034 3899 3252 3952 carens,
3292 3887 3387 3942 sed
3415 3901 3474 3942 se
3496 3888 3611 3942 ἀοι·
3672 3920 3693 3933 κ

2029 3991 2193 4033 mone
2228 3977 2562 4048 impellente.
2584 3975 2834 4047 Cumque
2856 3978 3079 4036 iterum.
3103 3975 3217 4031 imo
3241 3992 3404 4047 sape,
3431 3977 3488 4032 bi
3511 3980 3607 4048 qui

2029 4067 2572 4123 administrationem
2623 4068 2810 4138 templi
2855 4066 3155 4135 faciebant,
3192 4068 3611 4124 transtulissent

2031 4160 2308 4216 inlirrmum
2340 4160 2546 4231 (decies
2580 4159 2727 4215 enim
2757 4159 2863 4214 hoc
2896 4159 3171 4231 egerunt),
3193 4168 3247 4215 et
3274 4162 3392 4216 avis
3417 4161 3609 4216 subse-

2028 4253 2120 4323 qui
2150 4266 2261 4308 non
2289 4260 2584 4317 cessasset,
2628 4261 2902 4322 postremo
2935 4253 3281 4323 quieverunt,
3334 4254 3611 4322 operat-io-

2027 4358 2154 4399 nem
2191 4357 2317 4399 esse
2341 4332 2631 4410 daemonis,
2663 4342 2832 4412 hujus
2872 4341 3342 4410 deprehendentes
3370 4357 3612 4398 concur-

2026 4449 2176 4493 sum.

2102 4610 2160 4666 lu
2208 4610 2452 4667 furorem
2505 4624 2641 4681 ergo
2692 4625 2758 4665 es
2802 4610 2906 4666 hoe
2936 4625 3130 4667 versus
3160 4611 3449 4685 Georgius,
3491 4630 3613 4670 tua-

2032 4703 2214 4758 chara
2264 4717 2335 4758 ex
2386 4702 2659 4757 diabolica
2707 4702 2955 4772 profecto
2998 4705 3321 4774 operatione
3372 4716 3612 4777 reperta,

2034 4794 2177 4850 hanc
2219 4793 2412 4849 infelix
2438 4795 2720 4865 abreptam
2752 4795 2936 4849 intulit
2969 4804 3159 4850 contra
3190 4806 3398 4868 guttur,
3417 4809 3471 4855 et
3499 4815 3613 4853 ma—

2031 4899 2196 4956 gnam
2230 4884 2337 4941 si‘bi
2369 4884 2586 4956 plagam
2628 4893 2891 4952 operatus
2922 4892 3038 4951 est;
3073 4896 3277 4957 puncto
3310 4891 3455 4943 enim
3492 4892 3611 4959 pri-

2034 4979 2203 5034 mitus
2232 4986 2477 5047 gutture,
2502 4976 2700 5031 iterum
2732 4976 2862 5031 hinc
2892 4987 2949 5031 et
2983 4976 3110 5032 inde
3142 4980 3382 5044 gladium
3416 4982 3609 5042 movit,

2032 5074 2194 5146 quasi
2234 5073 2301 5127 ad
2341 5071 2822 5141 interemptionem
2858 5069 3016 5142 prior
3050 5070 3205 5142 plaga
3237 5073 3461 5128 minime
3492 5072 3613 5130 suf-

2032 5167 2282 5234 fecisset,
2316 5164 2424 5220 nisi
2464 5171 2520 5221 et
2550 5163 2795 5234 gladium
2829 5173 2954 5234 post
3003 5162 3173 5217 ictum
3224 5166 3511 5232 movisset,
3556 5174 3612 5221 et

2032 5260 2248 5330 plagam
2280 5256 2544 5326 majorem
2603 5254 2848 5311 fecisset.
2894 5253 3068 5321 Quam
3114 5269 3240 5310 cum
3281 5255 3441 5312 valde
3484 5271 3643 5328 prec,

2035 5350 2259 5407 fundam
2300 5347 2645 5403 miserrimus
2684 5347 3013 5416 accepisset,
3066 5346 3270 5402 cadens
3304 5348 3358 5402 in
3410 5360 3611 5404 terram

2036 5441 2410 5504 volutabatur,
2459 5445 2515 5494 ct
2561 5437 2866 5508 palpitabat
2910 5438 3060 5493 sicut
3098 5436 3154 5491 bi
3199 5439 3464 5509 palpitant
3518 5440 3611 5511 qui

2035 5533 2385 5590 occiduntur.
2417 5531 2658 5586 animam
2683 5528 2965 5587 dimittere
2994 5529 3279 5600 opinatus,
3312 5541 3370 5584 et
3400 5549 3426 5583 a
3478 5547 3615 5602 prae.

2035 5626 2287 5683 sentibus
2318 5623 2456 5679 mori
2492 5630 2735 5692 putatus.
2760 5620 2917 5684 Quod
2946 5621 3163 5677 ostiarii
3194 5622 3461 5690 videntes,
3481 5625 3612 5681 dum

2035 5714 2272 5771 ollicium
2314 5713 2661 5769 celebrarent
2700 5718 3042 5777 sanctorum,
3085 5712 3140 5766 in
3196 5727 3452 5782 pavorem
3504 5730 3613 5771 non

2039 5807 2317 5865 modicum
2351 5811 2706 5872 corruerunt,
2745 5803 3025 5876 proprium
3054 5802 3110 5859 id
3147 5804 3357 5861 crimen
3402 5816 3455 5863 et
3496 5808 3613 5863 culi
