3998 6200
359 378 499 445 3655
583 367 586 370 ’

1301 367 1361 426 S.
1397 361 1816 428 SOPHRONII
1857 358 2365 424 PATRIARCHE
2405 357 2802 420 lllEROSOL.

3498 343 3645 413 363.6

363 509 487 565 pain
540 495 829 561 ponentes,
877 499 985 540 non
1026 481 1374 538 observando
1414 495 1539 536 eum
1579 479 1651 535 ab
1696 479 1952 549 hujusce-

2072 481 2153 534 ιαὶ
2188 478 2393 548 μέμψιν
2425 477 2724 544 τιθέμενοι,
2751 472 2812 524 τὸ
2847 471 2922 540 μὴ
2959 467 3196 540 φυλάξαι
3245 465 3505 536 τοιαύτης
3547 469 3646 524 air

366 582 512 638 modi
547 577 973 651 perpetratione,
1001 572 1098 643 qui
1128 587 1160 628 a
1209 572 1446 641 maligno
1477 570 1750 625 daemonio
1781 584 1944 624 vexa-

367 676 566 736 batur;
607 680 660 726 et
696 671 949 730 timentes
982 681 1051 721 ne
1073 663 1213 720 forte
1242 679 1312 720 ex
1342 663 1445 720 hoc
1481 663 1586 719 sibi
1637 662 1947 733 perieulum

367 767 543 827 fleret,
580 779 676 834 per
704 763 910 816 vicinas
941 761 1099 815 villas
1129 757 1516 814 discurrebant
1569 756 1814 811 medicos
1852 754 1950 808 ad.-

367 866 650 920 vocanles,
680 855 724 909 si
773 852 913 908 forte
946 863 1169 923 possent
1211 850 1488 906 assuenda
1529 848 1770 918 gutturis
1803 847 1947 902 letali

366 949 592 1002 vulnere
639 946 899 1016 copulato
943 946 1152 1001 salvmn
1201 942 1384 998 facere
1446 941 1723 996 hominem
1778 939 1950 993 mori-

355 1039 635 1102 .bundum,
664 1045 719 1091 et
753 1052 810 1091 se
833 1052 956 1091 cum
988 1037 1106 1105 ipso
1133 1033 1530 1104 periclitantes.
1558 1029 1740 1086 Unum
1763 1038 1948 1086 autem

367 1142 421 1185 et
453 1133 632 1186 solum
664 1128 805 1199 apud
847 1127 1140 1182 Heraclion
1169 1125 1476 1187 inventum,
1515 1132 1570 1178 et
1609 1122 1795 1178 multis
1825 1137 1956 1192 pre-

365 1223 528 1276 cibus
559 1235 882 1290 persuasum
957 1216 1022 1271 ad
1073 1215 1397 1286 martyrium
1445 1213 1814 1268 deduxerunt.
1847 1209 1952 1277 Qui

365 1326 486 1363 eum
518 1313 731 1380 plagam
765 1307 994 1364 vidisset
1037 1306 1154 1360 fore
1186 1305 1549 1372 mortiferam,
1578 1303 1810 1359 recessit
1838 1316 1951 1358 rem

364 1401 570 1455 nullam
603 1414 922 1469 aggressus,
976 1396 1070 1452 sed
1109 1399 1304 1452 timore
1349 1411 1550 1466 magno
1581 1394 1860 1458 detentus,
1901 1401 1957 1448 et

368 1494 605 1547 miratus
629 1491 910 1561 quomodo
941 1489 1184 1544 nondum
1212 1499 1464 1542 mortuus
1495 1496 1642 1566 esset
1662 1485 1953 1556 Georgius,

366 1582 458 1652 qui
498 1582 643 1637 hanc
672 1581 890 1636 sibimet
920 1581 1182 1635 intulerat
1206 1581 1459 1650 plagam;
1495 1577 1802 1648 praesertim
1829 1591 1954 1632 cum

367 1674 529 1729 natus
555 1689 650 1744 per
665 1687 787 1727 eam
829 1673 1171 1738 redderetur,
1192 1682 1242 1726 et
1276 1687 1468 1726 rursus
1497 1685 1594 1740 per
1613 1684 1733 1726 eam
1778 1668 1956 1740 inspi-

365 1766 580 1820 ratione
613 1765 1010 1832 ingrederetur,
1057 1762 1310 1818 similiter
1335 1774 1385 1815 et
1411 1761 1672 1817 alimenta
1707 1769 1763 1815 et
1793 1767 1957 1828 potus

318 1885 333 1900 -
369 1856 494 1911 inde
520 1854 760 1910 facerent
784 1854 1014 1910 exitum.

437 1945 508 1998 At
555 1959 685 1999 vero
720 1955 1010 2014 martyres,
1045 1952 1211 1999 noctu
1256 1944 1558 2006 venientes.
1584 1941 1954 2011 dispensatori

368 2033 668 2090 dormienti
727 2033 1058 2088 medicinam
1121 2033 1553 2103 disponebant:
1613 2031 1801 2087 vinum
1838 2039 1955 2090 erat

371 2129 487 2184 haec
515 2136 570 2181 et
597 2126 802 2190 oleum,
828 2141 926 2197 per
947 2140 1110 2196 quam
1143 2134 1196 2182 et
1227 2125 1494 2185 Dominus
1515 2139 1638 2180 eum
1663 2125 1757 2196 qui
1790 2125 1959 2178 latro-

371 2235 472 2276 nes
503 2217 778 2274 inciderat
827 2219 1044 2275 salvum
1086 2216 1240 2286 fecit,
1279 2218 1466 2276 vinum
1499 2218 1621 2289 ejus
1676 2219 1958 2276 ulceribus

372 2309 669 2366 infundens
697 2318 753 2364 et
783 2310 964 2371 oleum
992 2326 1008 2377 ;
1047 2324 1145 2380 per
1173 2325 1337 2381 quam
1373 2320 1428 2366 et
1461 2309 1769 2367 Slvatoris
1793 2326 1960 2366 annu-

370 2401 572 2458 latores
616 2400 913 2472 Georgium
965 2410 1188 2468 eruunt,
1243 2402 1427 2456 taliter
1474 2402 1662 2458 facere
1702 2402 1958 2458 Christo-

373 2494 516 2551 doro
551 2494 964 2564 praecipientes.
1015 2493 1298 2550 Ka-loelem
1345 2495 1638 2564 quemdam
1665 2495 1955 2554 ostiarium

374 2585 911 2658 eompreliendentes
963 2584 1335 2657 ﬂagellabant,
1396 2586 1671 2656 ﬂagellum
1712 2601 1778 2642 ex
1829 2586 1962 2641 fune

373 2693 634 2748 magnum
665 2678 916 2747 operati;
950 2678 1067 2747 ipse
1091 2679 1237 2734 enim
1275 2688 1393 2738 erat
1418 2681 1510 2749 qui
1546 2679 1879 2736 medieulum
1901 2680 1956 2734 in

375 2770 640 2840 templum
696 2785 859 2824 suum
893 2769 1234 2836 adduxerat;
1268 2778 1323 2826 et
1353 2771 1468 2826 hinc
1507 2769 1847 2842 llagellantes
1879 2771 1961 2827 di—

374 2863 618 2918 cebant:
656 2862 852 2918 Nescis
875 2862 1005 2932 quia
1051 2862 1242 2917 mundi
1287 2863 1458 2920 totius
1499 2863 1959 2920 medicamentum

377 2953 582 3008 domus
629 2959 825 3006 nostra
857 2951 1150 3008 consistit?
1190 2953 1376 3008 nescis
1409 2953 1534 3022 quia
1560 2952 1820 3010 Christus
1858 2968 1961 3008 nos

379 3044 628 3100 medicos
669 3043 898 3104 donavit
947 3042 1244 3100 ﬁdelibus?
1301 3059 1410 3114 qua
1463 3059 1596 3114 ergo
1641 3060 1743 3116 pro
1791 3058 1961 3100 causa

379 3138 658 3193 medicum
717 3137 913 3202 alium,
977 3136 1106 3193 dum
1161 3139 1280 3207 ipse
1343 3137 1712 3192 medicamine
1769 3149 1961 3192 nostro

2053 572 2178 635 τοὺς
2205 569 2576 638 ἐγχειρήσεως
2600 567 2690 617 τὸν
2718 561 2824 615 ύπδ
2846 558 3084 630 πονηροῦ
3109 558 3365 628 δαίμονος
3391 557 3646 628 ἐνεργού-

2056 677 2216 732 μενον
2235 677 2248 690 ·
2285 661 2378 714 καὶ
2413 658 2740 726 φοϐούμενοι
2771 655 2966 724 μήπως
2999 652 3182 713 αὐτοῖς
3207 651 3438 719 γένηται
3463 648 3638 702 κίνδυ-

2053 773 2162 819 νος,
2197 755 2278 817 εἰς
2302 753 2399 815 τὰς
2427 751 2675 818 γείτονας
2697 745 2890 817 κώμας
2912 745 3209 815 διέτρεχον,
3233 743 3453 813 ἰατροὺς
3475 759 3637 813 προσ.

2055 848 2402 918 καλούμενοι,
2423 845 2474 897 εἴ
2493 860 2610 907 πως
2635 840 2917 911 δυνηθείη,
2945 839 3143 910 ραφαῖς
3173 837 3235 889 τὸ
3264 835 3488 906 τραῦμα
3517 851 3642 890 συνο

2055 943 2314 1010 ἅψαντες,
2347 938 2544 1000 σῶσαι,
2591 935 2760 1006 μήπω
2808 933 3040 986 θανόντα
3068 931 3160 984 τὸν
3194 928 3518 1000 ἄνθρωπον,
3551 930 3650 981 καὶ

2054 1033 2251 1096 αὐτοὺς
2275 1032 2373 1085 σὺν
2401 1028 2549 1099 αύτῷ
2579 1025 3016 1087 κινδυνεύοντας.
3043 1023 3193 1085 Ἐνὸς
3223 1021 3280 1075 δὲ
3317 1021 3480 1092 μόνου
3503 1020 3650 1075 κατὰ

2053 1127 2115 1180 τδ
2145 1123 2465 1195 Ἡράκλειον
2500 1121 2928 1192 εὐπορήσαντος,
2961 1115 3058 1170 καὶ
3091 1113 3316 1176 πολλαῖς
3339 1113 3504 1167 αὑτὸν
3542 1129 3654 1167 πα-

2058 1214 2358 1287 ρακλήσεσι
2407 1210 2714 1272 πείσαντες,
2745 1209 2825 1272 εἰς
2867 1205 2928 1260 τὸ
2975 1203 3278 1276 μαρτύριον
3307 1203 3543 1273 ἧγαγον·
3589 1201 3652 1265 ὃς

2053 1309 2154 1380 τὴν
2199 1303 2418 1377 πληγὴν
2461 1303 2798 1374 θεασάμενος
2847 1298 3222 1369 θανατηφόρον
3249 1296 3651 1365 τυγχάνουσαν,

2055 1397 2404 1471 ἀνεχώρησεν
2436 1396 2537 1450 οὐκ
2563 1395 2893 1466 ἐγχειρήσας
2928 1392 3006 1462 τῷ
3035 1391 3344 1462 πράγματι,
3368 1387 3519 1458 φόὸῳ
3547 1403 3653 1456 με·

2057 1493 2208 1562 γάλῳ
2241 1488 2612 1562 κρατούμενος
2636 1487 2732 1540 καὶ
2757 1483 3029 1554 τεθηπὼς,
3053 1481 3171 1545 πῶς
3199 1480 3355 1536 οὕπω
3382 1478 3656 1548 τέθνηκεν

2056 1585 2086 1637 ὁ
2117 1581 2390 1654 Γιώργιος
2435 1582 2464 1634 ὸ
2511 1579 2716 1648 ταύτην
2759 1577 2847 1630 ἐπ’
2883 1575 3034 1646 αὐτῷ
3065 1570 3330 1646 [πληγὴν]
3365 1570 3651 1642 παρασχό-

2061 1691 2223 1747 μενος
2241 1689 2256 1704 ·
2284 1674 2322 1744 ἡ
2351 1689 2411 1727 τε
2441 1671 2548 1743 γάρ
2581 1671 2718 1741 πνοὴ
2749 1669 2817 1723 δι’
2842 1668 3014 1738 αὐτῆς
3045 1664 3334 1727 ἀνεδίδοτο,
3360 1662 3458 1716 καὶ
3486 1661 3657 1716 πάλιν

2060 1769 2095 1838 ἡ
2127 1765 2352 1836 εἰσπνυὴ
2378 1763 2445 1823 δι’
2467 1765 2637 1834 αὐτῆς
2667 1761 3036 1831 ύπεισήρχετο
3053 1775 3068 1789 ·
3097 1755 3298 1828 ὁμοίως
3328 1755 3398 1810 τά
3425 1769 3484 1809 τε

2065 1877 2214 1932 ματα
2237 1858 2449 1914 ἐκεῖθεν
2474 1855 2758 1911 ἐποιοῦντο
2789 1854 2888 1925 τὴν
2916 1851 3118 1917 ιξοδον.

2133 1953 2196 2006 Oi
2222 1952 2280 2005 δέ
2307 1951 2582 2022 μάρτυρες
2611 1947 2805 2012 νυκτὸς
2834 1944 3181 2016 ἀφικόμενοι,
3211 1940 3291 2012 τῷ
3323 1940 3422 2012 μὲν
3445 1938 3658 1995 οἰκονό-

2067 2057 2154 2112 μῳ
2200 2039 2517 2092 καθεύδοντι
2563 2037 2664 2108 τὴν
2714 2035 2960 2107 ἰατρείαν
3010 2033 3310 2089 ἐπέταττον
3362 2025 3535 2102 (οἰνος
3584 2024 3659 2101 ἦν

2063 2131 2204 2203 αὕτη
2240 2132 2336 2185 καὶ
2374 2130 2554 2185 ἔλαιον
2579 2129 2648 2183 δι’
2682 2124 2750 2201 ἧς
2775 2130 2804 2182 ὁ
2834 2127 3040 2199 Κύριος
3076 2125 3171 2179 τὸν
3197 2126 3277 2184 εἰς
3316 2123 3522 2196 λῃστὰς
3550 2123 3658 2193 ἐμ-

2064 2225 2301 2278 πεσόντα
2337 2221 2630 2288 διέσωσεν,
2660 2216 2804 2274 οἶνον
2830 2218 2998 2274 αὑτοῦ
3033 2220 3146 2283 τοίς
3175 2216 3490 2288 τραύμασιν
3535 2216 3662 2269 ἐπι·

2064 2315 2208 2385 χέων
2229 2315 2326 2368 καὶ
2359 2313 2582 2380 ἒλαιον)·
2615 2312 2682 2366 δι’
2713 2305 2784 2384 ἦς
2805 2311 2901 2365 καὶ
2929 2309 3022 2365 τοῦ
3054 2309 3308 2380 Σωτῆρος
3335 2308 3387 2361 οἰ
3421 2305 3661 2378 μιμηταὶ

2066 2408 2105 2460 Γ
2109 2405 2338 2476 εώργιον
2387 2405 2628 2478 ῥύονται,
2660 2403 2804 2458 οὕτω
2849 2405 3024 2458 ποιεῖν
3067 2400 3431 2474 Χριστοδώρῳ
3465 2399 3662 2454 Beati.-

2068 2513 2282 2564 σαντες.
2301 2498 2584 2569 Καλοὲτην
2606 2497 2666 2551 δέ
2690 2514 2812 2552 τινα
2832 2495 3078 2568 θυρωρὸν
3100 2492 3506 2565 κατεσχηκότες
3521 2493 3662 2562 ἐμώ-

2069 2591 2275 2658 στιζον.
2302 2591 2634 2662 φραγέλλιον
2659 2592 2724 2644 ἐκ
2754 2591 2992 2660 σχοινίου
3018 2587 3233 2661 μακρὴν
3253 2586 3622 2659 ἐργασάμενοι
3638 2598 3660 2618 ο

2067 2684 2231 2748 αὐτὸς
2259 2685 2368 2756 γὰρ
2395 2679 2462 2756 ἦν
2497 2685 2524 2737 ό
2544 2683 2637 2736 τὸν
2671 2684 2949 2754 ἰατρίσκον
2980 2681 3190 2734 ἐκεῖνον
3214 2677 3448 2748 ἐνέγκας
3477 2676 3661 2732 αὐτῶν

2068 2779 2147 2836 εἰς
2193 2775 2254 2830 τδ
2302 2776 2556 2846 τέμενος·
2588 2776 2683 2828 καὶ
2707 2771 2880 2829 ταῦτα
2913 2772 3268 2843 μαστίζοντες
3296 2770 3512 2839 ελεγον·
3543 2769 3662 2824 οὐκ

2067 2863 2216 2931 οἶδας
2259 2870 2342 2920 ὅτι
2385 2865 2482 2919 τοῦ
2523 2871 2730 2934 κόσμου
2762 2863 2963 2924 παντὸς
2994 2864 3230 2934 ἰατρεῖον
3260 2860 3418 2933 ἡμῶν
3449 2861 3483 2913 ὁ
3512 2854 3662 2924 οἶκος

2070 2959 2408 3032 καθέστηκεν
2426 2978 2453 3027 ;,
2467 2961 2566 3014 οὐκ
2588 2955 2736 3022 οἶδας
2757 2958 2841 3012 ὅτι
2861 2956 3092 3026 Χριστὸς
3123 2957 3268 3027 ἡμᾶς
3299 2953 3520 3025 ἰατροὺς
3539 2953 3658 3012 τοῖς

2071 3052 2285 3113 πιστοῖς
2327 3049 2653 3120 excipiente;
2695 3049 2798 3103 οὐκ
2829 3040 2978 3110 οἶδας
3008 3047 3091 3100 ὅτι
3121 3061 3182 3098 σε
3214 3043 3398 3098 πυλῶν
3429 3042 3661 3098 θανάτου

2071 3143 2234 3212 ἡμεῖς
2261 3142 2704 3212 άφηρπάσαμεν;
2748 3140 2905 3201 Τίνος
2943 3137 3038 3193 οὖν
3083 3138 3271 3193 ἕνεκεν
3315 3136 3498 3208 ίατρδν
3528 3126 3664 3207 ἡμῖν

381 3239 564 3300 egeat,
602 3229 668 3283 ad
718 3200 943 3282 douium
982 3200 1225 3284 nostrain
1260 3227 1502 3284 duxisti?
1536 3227 1602 3283 Et
1633 3229 1783 3284 hunc
1825 3229 1965 3285 bene

2072 3200 2260 3304 ἕτερον
2294 3200 2536 3304 ἰατρείας
2569 3200 2850 3302 μετέρας
2880 3229 3135 3301 δεόμενον
3173 3228 3252 3292 εἰς
3286 3200 3669 3298 ἡμέτερονῆοῐ-

384 3328 591 3374 tortum
650 3319 1009 3384 dimiserunt,
1049 3333 1116 3372 ne
1166 3318 1396 3374 ulterius
1431 3316 1538 3372 hoc
1565 3318 1770 3373 faceret
1802 3318 1966 3372 initii-

385 3423 587 3466 tantes.
626 3411 900 3467 Dixissent
940 3418 1122 3466 autem
1169 3411 1271 3466 hoc
1318 3409 1610 3468 audientes
1637 3410 1790 3481 quod
1813 3425 1968 3465 com-

387 3512 639 3576 petenter
673 3519 799 3558 eum
853 3502 1271 3573 ﬂagellavcrint,
1325 3503 1370 3558 si
1402 3517 1568 3572 super
1600 3518 1666 3557 eo
1709 3501 1910 3556 factam
1940 3517 1969 3556 a

387 3597 600 3653 sanctis
681 3596 1060 3666 operationem
1118 3596 1480 3650 didicissent.
1561 3591 1970 3650 Periclitantem

389 3690 595 3760 quippe
639 3689 794 3744 illum
842 3687 912 3743 de
959 3703 1292 3757 pneumone,
1337 3694 1394 3742 ct
1436 3688 1492 3742 in
1543 3687 1744 3742 inferni
1794 3686 1972 3757 portis

387 3781 595 3852 iugiter
642 3787 1102 3844 eommorantem,
1155 3788 1210 3835 et
1251 3780 1460 3835 nullam
1493 3795 1524 3834 a
1561 3779 1789 3835 medicis
1817 3793 1970 3848 spem

392 3875 593 3930 salutis
625 3874 1020 3939 invenientem,
1065 3873 1225 3928 aloen
1271 3874 1445 3928 solam
1485 3881 1754 3942 martyres
1779 3871 1974 3926 dantes

395 3971 710 4030 sanarent;
744 3973 800 4020 et
831 3982 940 4021 non
986 3967 1163 4021 solum
1207 3966 1371 4036 hujus
1408 3964 1486 4018 rei
1517 3979 1686 4018 causa
1729 3961 1971 4031 ﬂagella-

391 4066 592 4112 verunt
628 4065 892 4126 tanquam
933 4059 1335 4120 immemorem,
1371 4054 1468 4110 sed
1517 4062 1571 4108 et
1603 4053 1731 4122 quia
1765 4059 1846 4107 tot
1888 4055 1974 4106 in.

391 4157 555 4205 tuens
588 4151 934 4204 curationem
969 4149 1220 4218 adeptos,
1249 4156 1682 4215 sanctorumque
1716 4145 1975 4202 fortissi-

392 4252 482 4292 ma
517 4254 619 4308 ope
659 4238 928 4302 fruentes.
957 4239 1114 4308 quasi
1166 4236 1373 4292 iuerint
1410 4237 1489 4290 illi
1531 4236 1601 4292 ad
1651 4236 1888 4292 salutem
1922 4247 1978 4292 et

393 4331 737 4400 ereptioan
800 4331 1028 4393 inﬁrmi,
1090 4329 1362 4383 medicum
1421 4319 1624 4385 dueere
1679 4330 1838 4386 nisus
1889 4338 1976 4385 est

394 4419 590 4473 alium.
629 4417 839 4473 Taliter
887 4433 1015 4488 ergo
1059 4417 1324 4485 Georgius
1358 4428 1412 4475 et
1453 4419 1726 4475 insaniam
1774 4421 1975 4477 damo-

2070 3341 2164 3378 κον
2186 3324 2447 3394 ἐκόμισας
2467 3341 2481 3390 ;
2507 3323 2618 3376 Καὶ
2639 3322 2819 3385 καλῶς
2846 3321 3008 3376 αὑτὸν
3030 3319 3423 3391 βασανίσαντες
3444 3319 3664 3386 εἴασαν,

2073 3419 2274 3489 μηκέτι
2299 3436 2353 3472 τι
2378 3417 2589 3470 τοιοῦτο
2627 3419 2801 3470 ποιεῖν
2825 3415 3243 3486 ἀπειλήσαντες.
3275 3413 3496 3466 Εἰποιεν
3520 3411 3567 3465 δ’
3595 3409 3668 3466 ἂν

2071 3513 2120 3565 οἰ
2150 3510 2461 3574 ἀκούοντες,
2484 3510 2559 3571 ὼς
2593 3509 2819 3572 εἰκότως
2849 3508 3012 3561 αὐτὸν
3048 3506 3460 3579 ἐμαστίγωσαν,
3489 3505 3538 3558 εἰ
3561 3505 3668 3575 τὴν

2073 3601 2158 3654 ἐπ’
2191 3600 2338 3670 αὐτῷ
2367 3599 2659 3670 γινομένην
2709 3601 2820 3662 τοῖς
2874 3597 3050 3666 ἁγίοις
3099 3597 3381 3669 ἐνέργειαν
3419 3596 3643 3666 μάθοιεν

2076 3692 2469 3746 Κινδυνεύοντα
2519 3692 2627 3762 γὰρ
2658 3691 2822 3745 αὐτὸν
2871 3692 2936 3744 ἐκ
2985 3688 3080 3743 τοῦ
3127 3689 3448 3759 πνεύμονος,
3487 3689 3582 3742 καὶ
3607 3689 3670 3742 ἐν

2075 3786 2202 3857 ᾅδου
2241 3785 2438 3848 πύλαις
2471 3783 2713 3854 συνεχῶς
2742 3782 3120 3854 αύλιζόμενον,
3152 3783 3247 3834 καὶ
3291 3781 3561 3852 μηδεμίαν
3606 3779 3667 3847 ἐξ

2078 3875 2282 3947 ἰατρῶν
2314 3876 2506 3930 ἐλπίδα
2541 3874 2815 3945 σωτηρίας
2859 3874 3221 3944 εὑρίσκοντα.
3251 3871 3440 3944 nam
3492 3873 3668 3943 μόνην

2075 3969 2124 4022 oi
2155 3968 2431 4040 μάρτυρες
2460 3969 2602 4020 πιεῖν
2626 3966 2920 4029 δεδωκότες
2953 3966 3198 4020 ἰάσαντο.
3233 3965 3342 4020 Καὶ
3368 3965 3430 4020 ού
3459 3962 3671 4034 ταύτης

2076 4059 2239 4112 ἕνεκα
2287 4059 2446 4129 μόνον
2495 4056 2796 4126 ἐμάστιξαν
2824 4057 2900 4119 ὼς
2931 4055 3246 4126 ἀμνήμονα,
3295 4055 3409 4110 ἀλλ’
3439 4057 3522 4110 ὅτι
3567 4055 3668 4110 καὶ

2075 4149 2368 4217 τοσούτους
2394 4149 2536 4220 ὀρῶν
2562 4147 2859 4219 θεραπείας
2887 4148 3275 4218 τυγχάνοντας,
3307 4146 3527 4218 καὶτῆς
3553 4147 3670 4200 τῶν

2079 4243 2249 4311 ἁγίων
2274 4240 2608 4305 πανσθενοῦς
2629 4239 2853 4310 ἀρωγῆς
2871 4239 3264 4303 ἀπολαύοντας,
3280 4238 3356 4303 ὡς
3378 4239 3671 4293 ἀσθενούν-

2076 4351 2186 4386 των
2215 4332 2397 4386 αύτῶν
2420 4332 2554 4403 πρὸς
2578 4331 2853 4402 σωτηρίαν
2878 4331 2971 4384 καὶ
2998 4329 3288 4402 λύτρωσιν,
3317 4330 3500 4402 ίατρδν
3523 4331 3668 4399 ἁγα-

2079 4426 2197 4494 γεῖν
2244 4423 2602 4494 ἐπεχείρησεν
2651 4422 2860 4492 ἕτερον.
2903 4419 3061 4474 Οὕτω
3093 4420 3190 4491 μὲν
3218 4417 3312 4473 οὖν
3343 4421 3373 4472 ὁ
3396 4418 3669 4492 Γεώργιος

395 4509 506 4572 nis,
552 4518 607 4564 et
648 4525 809 4564 suum
878 4510 1051 4580 ipsius
1099 4510 1382 4565 occidendi
1433 4522 1689 4566 conatum
1760 4512 1972 4583 eﬂtigit.

2081 4517 2177 4570 καὶ
2214 4515 2314 4585 τὴν
2351 4513 2547 4586 μανίαν
2575 4513 2671 4566 τοῦ
2706 4514 2980 4585 δαίμονος,
3012 4511 3107 4565 καὶ
3151 4511 3252 4584 τὴν
3294 4510 3484 4566 ἑαυτοῦ
3517 4529 3669 4582 μιαι-

392 4598 569 4654 Porro
605 4616 707 4656 nos
754 4608 809 4655 et
845 4616 1014 4671 super
1058 4601 1166 4656 hoc
1205 4618 1424 4672 quoque
1469 4611 1695 4658 sanctos
1737 4604 1966 4659 laudan-

394 4698 501 4754 tes,
533 4691 679 4746 aliud
709 4691 1105 4764 magitudinis
1148 4707 1338 4747 eorum
1367 4693 1682 4766 prodigium
1718 4695 1972 4750 conscri-

395 4783 612 4840 bamus.

395 4895 628 4954 LXVIII.
663 4897 738 4954 De
771 4898 1011 4954 Joannis
1055 4913 1172 4968 qur:
1219 4913 1250 4950 a
1297 4898 1559 4967 maleﬁcio
1591 4899 1844 4952 lorsiones
1879 4915 1977 4967 pa-

1059 4971 1306 5022 liebnlur.

472 5057 674 5116 Multos
717 5059 1074 5130 pulchritudo
1109 5059 1366 5131 perdidit,
1399 5069 1456 5117 et
1484 5063 1698 5130 species
1723 5063 1976 5130 corporis

397 5153 813 5218 esteriiiinavit,
855 5167 1056 5209 savam
1080 5153 1346 5207 invidiam
1375 5152 1706 5215 incidentes.
1737 5161 1792 5208 et
1821 5170 1977 5209 sum.

397 5252 526 5313 ptus
560 5242 708 5298 acris
743 5243 936 5298 livoris
986 5243 1205 5308 eﬂeeti;
1241 5243 1506 5298 invidiam
1548 5245 1754 5315 quippe
1801 5246 1978 5301 susti-

399 5341 532 5387 nent
560 5348 778 5404 semper
807 5349 874 5389 ea
918 5349 1041 5402 qua:
1083 5335 1226 5389 bona
1274 5350 1505 5405 quaeque
1553 5336 1780 5390 meliora
1822 5348 1976 5402 sunt,

397 5431 452 5477 et
503 5423 709 5481 invidis
765 5425 948 5480 oculis
995 5425 1385 5483 destruantur.
1444 5425 1562 5482 Hoo
1602 5435 1784 5483 autem
1829 5436 1886 5486 et
1925 5429 1978 5485 hi

400 5513 495 5582 qui
530 5522 641 5568 tam
693 5516 991 5574 animabus
1041 5534 1204 5587 quam
1251 5519 1578 5589 corporibus
1625 5527 1756 5575 sunt
1796 5520 1978 5582 bonis.

401 5603 706 5672 saepissime
733 5607 1039 5676 patiuntur,
1077 5608 1184 5664 nisi
1235 5608 1404 5665 Deum
1438 5611 1674 5667 habeant
1713 5613 1982 5682 speciosi-

403 5691 533 5748 tatis
599 5709 714 5750 suae
761 5697 1114 5765 salvatorem,
1161 5700 1444 5755 custodem
1491 5706 1545 5754 et
1589 5709 1978 5770 protectorem.

399 5780 629 5840 Sienim
658 5785 1006 5844 adamantem
1047 5789 1269 5856 durum,
1315 5792 1409 5860 qui
1452 5791 1729 5860 lapidibus
1775 5793 1980 5850 nobili-

2080 4607 2240 4676 φόνον
2260 4605 2576 4676 ἐγχείρησιν
2597 4604 2816 4673 ἔφυγεν.
2837 4605 3026 4675 Ἦμεῖς
3038 4602 3116 4664 δὲ,
3136 4605 3230 4656 καὶ
3247 4603 3339 4655 ἐπὶ
3359 4602 3517 4656 τοῦτο
3538 4604 3667 4666 τοὺς

2077 4698 2263 4768 ἁγίους
2295 4697 2656 4768 ὑμνήσαντες,
2695 4697 2821 4750 ἄλλο
2849 4697 3135 4765 τεράστιον
3155 4695 3257 4765 τῆς
3285 4693 3465 4749 αὐτῶν
3495 4710 3669 4767 μίγα·

2075 4791 2166 4844 λου
2176 4791 2332 4860 ργίας
2372 4787 2801 4858 συγγράψωμεν.

2113 4903 2235 4959 EH'.
2284 4903 2421 4970 Περί
2448 4903 2759 4968 Ἰωαννίας
2794 4899 2904 4968 τῆς
2936 4902 3004 4954 ἐκ
3048 4900 3418 4970 περιερτεὶας
3452 4917 3634 4969 σειο-

2705 4971 3036 5042 φουμένης.

2151 5064 2388 5127 Πολλοὺς
2431 5065 2492 5117 τὸ
2543 5063 2738 5126 κάλλος
2765 5063 3065 5123 ἀπώλεσεν,
3097 5064 3192 5116 καὶ
3226 5063 3259 5132 ἠ
3288 5062 3407 5133 ὥρα
3437 5061 3530 5115 τού
3563 5061 3669 5116 σῶ-

2083 5177 2250 5230 ματος
2280 5159 2608 5230 ἐλυμήνατο.
2647 5157 2826 5229 φθόνῳ
2854 5156 3075 5228 χαλεπῷ
3105 5156 3506 5228 περιπέσαντας
3528 5196 3544 5223 ,
3575 5158 3670 5210 καὶ

2080 5253 2372 5321 γεγονότας
2399 5251 2698 5322 βασκανίας
2728 5250 2908 5320 δεινῆς
2943 5247 3352 5321 παρανάλωμα⁸
3393 5249 3671 5318 φθονεῖται

2083 5348 2191 5415 γὰρ
2223 5345 2307 5399 ἀεὶ
2354 5345 2422 5399 τὰ
2468 5343 2610 5398 καλὰ
2657 5345 2749 5396 καὶ
2796 5341 2868 5395 τὰ
2911 5340 3216 5412 κρείττονα,
3249 5342 3344 5394 καὶ
3391 5340 3671 5413 φθονερῶν

2081 5436 2293 5506 ὄμμασι
2322 5435 2672 5488 καταλύεται.
2700 5433 2870 5486 Τοῦτο
2899 5432 2953 5487 δὲ
2985 5433 3081 5486 καὶ
3109 5433 3158 5486 οἰ
3187 5432 3344 5486 καλοὶ
3371 5431 3471 5498 τὰς
3491 5431 3671 5504 ψυχάς

2083 5525 2268 5580 καὶτὰ
2298 5525 2526 5597 σώματα
2555 5526 2876 5594 πάσχουσιν,
2904 5525 2952 5577 εἰ
2981 5525 3055 5594 μὴ
3085 5523 3259 5595 ἔχοιεν
3287 5523 3422 5581 Θεὸν
3448 5523 3547 5594 τῆς
3570 5523 3670 5577 αύ-

2083 5618 2191 5672 τῶν
2222 5618 2558 5691 ὼραιότητος
2580 5618 2806 5688 σωτῆρα
2836 5618 2933 5671 καὶ
2957 5618 3274 5687 προστάτην
3302 5617 3398 5670 καὶ
3427 5615 3668 5686 φύλακα,

2086 5709 2147 5763 Εἰ
2178 5709 2289 5782 γάρ
2305 5710 2589 5782 ἀδάμαντα
2621 5710 2712 5764 τὸν
2741 5708 3079 5780 στερέμνιον,
3107 5709 3198 5762 τδν
3225 5707 3390 5762 λίθων
3415 5709 3672 5762 ἐπαινουο

2089 5797 2266 5867 μένων
2292 5797 2637 5868 τιμιώτερον,
2665 5799 2759 5852 τὸν
2792 5796 2979 5870 χαλκῷ
3012 5798 3105 5851 καὶ
3141 5796 3347 5869 σιδήρῳ
3379 5795 3672 5866 λεγόμενον
