4020 6200
288 145 429 209 3657

1281 142 1383 201 SS.
1423 141 1594 201 CYRl
1642 139 1738 200 ET
1776 139 2097 200 JOANNIS
2135 137 2553 203 MIBACUIA.

3402 140 3541 202 3658

287 252 904 327 ἀθραυστον,ὀφθαλμοὶ
934 252 1220 323 βασκάνων
1254 253 1569 323 ἐκτήκουσι,
1599 251 1651 304 τί
1681 251 1746 305 ἂν
1771 251 1867 303 ἀν-

1996 267 2077 306 ms
2116 258 2201 306 est
2254 252 2654 317 honorabilior,
2706 251 2832 321 quia
2883 264 2989 306 aere
3036 263 3100 304 ac
3152 249 3296 304 ferro
3341 251 3545 305 dicitur

288 349 559 421 θρώπειον
587 346 747 417 σῶμα
774 346 849 416 μὴ
882 344 1106 399 πάθοιεν
1138 344 1427 415 βασκάνοις
1455 346 1534 407 είς
1557 344 1716 414 ἔργον
1738 359 1871 413 προ-

289 441 581 510 κείμενον;
614 438 813 500 οἵτινες
842 437 931 490 ὅτε
984 437 1076 490 καὶ
1107 436 1288 507 βολαῖς
1318 437 1581 506 ὀμμάτων
1615 436 1688 506 μὴ
1749 433 1869 503 φθί-

286 546 436 585 νουσι
468 528 531 581 τὸ
569 525 949 596 φθονούμενον.
977 525 1156 587 ἄλλοις
1187 526 1319 578 αὐτὸ
1347 526 1589 596 φθείρειν
1621 524 1869 595 ὀργάνοις

290 619 678 682 σπουδάζουσιν
701 634 713 645 ·
745 617 774 671 ὃ
799 618 892 670 καὶ
926 616 1163 671 Ἰωαννία
1197 618 1394 688 μικροῦ
1419 617 1528 670 δεῖν
1554 617 1868 685 ὑπέμεινεν,

287 712 335 765 εί
380 729 453 781 μη
483 709 718 779 Χριστὸν
744 709 838 761 καὶ⁵
865 708 989 770 τοὺς
1025 707 1308 778 μάρτυρας
1356 708 1456 776 τῆς
1484 708 1692 768 οἰκείας
1726 705 1871 774 ζωῆς

289 801 489 872 εῦρατο
544 799 824 869 φύλακαςο
878 797 1120 867 λέξωμεν
1170 797 1226 849 δὲ
1277 796 1373 849 καὶ
1418 797 1509 848 τὸν
1558 795 1751 864 φθόνον
1795 793 1905 863 τῷ⁷

289 892 578 963 γράμματι
603 930 618 957 ,
656 889 750 944 καὶ
787 888 887 958 τῆς
925 889 990 942 ἐκ
1029 886 1140 957 τοῦ,
1165 886 1359 957 ιρθόνου
1402 885 1606 956 βλάϐης
1642 885 1742 955 τὴν
1785 883 1869 938 ἴα-

292 1002 395 1037 σιν.

373 1169 548 1240 Ἱερᾶς
597 1167 805 1232 πόλεως
835 1168 935 1237 τῆς
970 1170 1029 1221 ὲν
1055 1164 1225 1239 Συρίᾳ
1274 1164 1336 1221 τὸ
1370 1165 1589 1236 γύναιον
1622 1162 1870 1234 ὥρμητο,

291 1263 324 1332 ἢ
358 1264 452 1313 καὶ
478 1261 818 1332 εὐπρέπειαν
847 1261 1109 1330 ἐκέκτητο
1141 1259 1413 1328 σώματος,
1443 1258 1536 1310 καὶ¹
1561 1255 1763 1323 γονέων
1794 1247 1875 1306 εῖ-

293 1371 385 1424 χεν
416 1353 719 1419 εὐγένειαν,
754 1352 848 1406 καὶ
886 1352 1114 1404 πλοῦτον
1144 1351 1235 1403 τὸν
1266 1350 1571 1416 ἐπαύξοντα
1602 1349 1671 1399 τὰ
1693 1346 1876 1415 ἀμφό-

292 1460 455 1513 τερα⁶
489 1447 568 1507 εἰς
592 1443 690 1514 τὴν
717 1445 814 1514 τῆς
849 1443 1213 1514 Παλαιστίνης
1246 1444 1303 1496 δὲ
1334 1441 1667 1511 Καισάρειαν
1694 1438 1874 1508 γήμα-

297 1550 386 1597 σα,
417 1533 478 1585 οὺ
526 1532 615 1585 διὰ
646 1534 801 1600 γένος
840 1535 932 1587 καὶ
964 1535 1252 1605 χρήματα,
1286 1532 1422 1586 ἀλλά
1470 1532 1540 1584 δι’
1573 1530 1878 1600 εὐμορφίαν

299 1624 599 1694 μετήρχετο
618 1622 888 1693 σώματος.
908 1622 994 1675 Ἐν
1008 1620 1156 1694 Ἱερᾷ
1177 1624 1330 1675 πόλει
1360 1623 1465 1692 γὰρ
1485 1624 1513 1675 ὁ
1540 1620 1880 1690 δισκούρσωρ

297 1711 612 1781 Θεόδωρος,
665 1711 694 1763 ὁ
743 1709 1082 1783 Καισαρείας
1132 1711 1478 1782 χρηματίσας
1548 1708 1877 1773 ἀνθύπατος,

299 1805 637 1875 Καισαρείας
670 1803 771 1874 τῆς
805 1822 934 1859 ποτε
989 1806 1484 1877 Πυργοστράτωνος
1540 1801 1881 1871 καλουμένης

296 1895 640 1966 ὁρμώμενος,
666 1895 865 1966 ταύτης
894 1896 982 1949 διὰ
1011 1897 1206 1960 κάλλος
1240 1898 1334 1950 καὶ
1369 1896 1529 1966 μόνον
1559 1898 1880 1967 συνήπτετο.

312 1986 605 2053 Ἐλθούσης
629 1986 684 2040 δὲ
711 1987 808 2039 σὺν
829 1985 975 2057 αὐτῷ
998 1989 1076 2051 είς
1107 1987 1465 2057 Καισάρειαν,
1482 1987 1538 2038 αἱ
1559 1985 1651 2039 τοῦ
1677 1988 1887 2056 γήμαν-

297 2094 391 2140 τος
423 2074 654 2145 ἀδελφαὶ
682 2076 767 2128 διὰ
795 2076 956 2145 ζῆλον
983 2077 1307 2147 ἐφθόνησαν,
1342 2076 1553 2130 ἐαυτῶν
1602 2075 1886 2147 κρείττονα

303 2166 505 2237 ταύτην
550 2166 861 2237 θεώμεναι·
913 2168 1008 2221 καὶ
1055 2168 1395 2239 φθονήσασαι
1422 2207 1438 2233 ,
1483 2167 1580 2239 τὴν
1613 2167 1886 2221 Ἰωαννίαν

311 2256 744 2326 φαρμάσσουσιν,
777 2256 1151 2328 θανατηφόρον
1199 2259 1338 2329 αὐτῇ
1386 2259 1679 2330 φάρμακον
1714 2259 1886 2328 ἐμϐα-

309 2346 493 2399 λοῦσαι
523 2351 589 2417 τῇ
625 2346 828 2410 κύλικι,
855 2346 950 2399 καὶ
997 2346 1144 2400 πιεῖν
1192 2330 1462 2419 ἀγνοούση
1514 2346 1893 2417 προσενεγκάπ

308 2456 487 2509 μεναι.
535 2437 599 2491 Ἦ
625 2439 680 2492 δὲ
715 2439 775 2492 τὸ
805 2440 903 2510 μὲν
933 2439 1224 2511 φάρμακον
1273 2440 1446 2507 ἔπιεν,
1478 2439 1567 2493 τὸν
1595 2440 1650 2493 δὲ
1680 2456 1891 2511 παραυ-

303 2530 432 2583 τίκα
478 2530 704 2585 θάνατον
748 2530 938 2600 ἔφυγε,
972 2531 1108 2585 Θεοῦ
1155 2531 1344 2586 τοῦτον
1380 2533 1666 2602 διαδρᾶναι
1699 2533 1889 2586 κελεύ-

305 2639 501 2687 σαντος
520 2639 533 2653 ⁸
567 2627 625 2678 ἐν
658 2624 856 2695 γαστρὶ
882 2625 938 2677 δὲ
966 2626 1025 2677 τὸ
1054 2624 1344 2695 φάρμακον
1365 2624 1581 2695 ἔχουσα,
1614 2624 1882 2695 στρόφους

306 2717 621 2779 ἁνενδότους
656 2718 945 2786 ὑπέμενεν,
984 2718 1055 2781 ὡς
1090 2719 1265 2788 ὄφεων
1298 2719 1466 2788 αὐτῆς
1500 2718 1892 2771 κατεσθιόντων

302 2813 374 2866 τὰ
398 2812 613 2881 ἔντερα.
646 2809 921 2862 Ἐντεῦθεν
946 2811 1194 2881 ἀφόρητα
1228 2810 1540 2879 πάσχουσα,
1578 2809 1783 2863 καὶτὸν
1816 2811 1895 2862 ία-

1976 357 2083 396 non
2120 345 2395 413 quassari,
2447 344 2591 399 oculi
2639 343 2977 399 labefaciunt
3027 342 3365 405 invidorum,
3413 344 3543 411 quid

1978 443 2136 502 putas
2186 434 2486 490 humanum
2531 451 2734 506 corpus
2784 452 2894 489 non
2941 435 3198 504 patiatur,
3250 434 3455 487 invidis
3492 435 3545 485 in

1976 537 2117 593 opus
2149 526 2491 594 propositum
2543 524 2629 596 [ex
2666 523 2830 597 Gr.]?
2858 525 2951 594 qui
2992 524 3211 592 quando
3244 532 3298 577 et
3342 521 3548 592 jaculis

1977 615 2265 669 oculorum
2299 632 2410 670 non
2446 617 2793 686 corruperint
2824 616 2969 686 quod
3014 616 3372 671 invidentiam
3403 617 3547 685 pati-

1977 713 2088 768 tur,
2124 707 2246 761 aliis
2291 706 2343 760 id
2384 722 2739 776 corrumpere
2778 708 3161 761 instrumentis
3192 705 3545 770 accelerant;

1978 798 2124 867 quod
2154 805 2208 852 et
2246 796 2479 852 Joannia
2517 815 2656 868 pene
2692 799 3071 862 sustinuisset,
3110 798 3218 853 nisi
3268 798 3546 851 Christum

1977 897 2034 941 et
2070 898 2341 960 martyres
2380 889 2637 945 custodes
2659 892 2783 943 vitae
2818 889 3053 959 propria:
3098 890 3423 944 invenisset.
3455 888 3551 940 Di-

1980 995 2172 1036 camus
2222 989 2402 1035 autem
2456 982 2561 1035 hoc
2608 982 2814 1051 scripto
2847 979 3135 1045 invidiam,
3163 990 3217 1035 et
3254 983 3547 1036 sanitatem

1982 1079 2227 1134 ltnsionis
2255 1094 2319 1133 ex
2355 1079 2560 1133 invidia
2591 1079 2769 1134 factm.

2055 1167 2430 1239 llierapoleos,
2491 1186 2613 1240 quae
2663 1172 2717 1225 in
2773 1169 2929 1241 Syria
2980 1180 3082 1236 est,
3134 1171 3345 1226 mulier
3374 1171 3554 1225 fuerat

1983 1259 2240 1324 oriunda,
2281 1275 2404 1329 quae
2442 1270 2498 1315 et
2539 1260 2790 1315 decorem
2829 1262 3077 1330 corporis
3125 1262 3462 1330 possidebat,
3499 1272 3552 1311 et

1984 1359 2272 1417 parentum
2326 1350 2666 1406 nobilitatem
2728 1352 2983 1414 habebat,
3041 1361 3094 1407 et
3148 1353 3371 1406 divitias
3433 1366 3554 1420 qum

1986 1444 2284 1506 utrumque
2336 1436 2734 1492 incrementum
2792 1437 3241 1507 magniﬁcahant.
3284 1437 3341 1489 In
3384 1435 3555 1487 Palm-

1987 1530 2143 1582 stina:
2185 1542 2316 1582 vero
2350 1528 2621 1594 Caesarea,
2667 1544 2772 1583 non
2809 1538 3035 1597 propter
3063 1543 3234 1596 genus
3263 1536 3429 1596 atque
3461 1543 3555 1596 pe-

1917 1608 1959 1665 Β
1990 1620 2207 1684 cunias,
2240 1620 2333 1676 sed
2384 1621 2454 1675 ob
2482 1621 2948 1691 pulchritudinem
2984 1620 3232 1688 corporis
3267 1634 3432 1688 passa
3469 1629 3559 1672 est

1988 1709 2447 1780 persecutionem.
2484 1710 2536 1761 In
2573 1708 2846 1777 llierapoli
2875 1708 3021 1762 enim
3059 1709 3346 1762 discursor
3379 1706 3561 1761 Theo-

1962 1800 2155 1855 -dorus
2185 1799 2483 1869 proconsul
2517 1797 2766 1857 ell‘ectus.
2803 1801 2894 1868 qui
2924 1802 3210 1863 Caesarem,
3244 1813 3364 1867 quae
3387 1813 3564 1868 quon-

1986 1891 2108 1944 dam
2140 1888 2333 1942 Turris
2367 1888 2643 1944 Stratonis
2686 1890 3007 1953 vocabatur,
3050 1888 3228 1942 fuerat
3267 1888 3560 1954 oriundus,

1989 1982 2116 2036 huic
2143 1983 2214 2037 ob
2245 1980 2706 2051 pulchritudinem
2737 1980 3113 2038 tantummodo
3140 1981 3430 2051 copulatus
3453 1990 3559 2034 est.

1965 2073 2124 2131 .Cum
2176 2082 2359 2129 autem
2409 2076 2652 2130 venisset
2708 2089 2835 2129 cum
2887 2090 2953 2130 eo
2998 2074 3325 2139 Caesaream,
3379 2073 3560 2126 mariti

1990 2180 2214 2221 sorores
2262 2174 2483 2236 propter
2532 2167 2709 2220 zelum
2761 2168 3029 2220 minulatae
3078 2173 3247 2231 sunt;
3295 2163 3388 2219 sed
3423 2164 3564 2217 hanc

1991 2258 2272 2312 meliorem
2309 2258 2575 2321 videntes,
2604 2256 2892 2311 Joanniam
2919 2258 3206 2311 mali-liciis
3233 2255 3562 2326 aggrediun-

1992 2357 2099 2414 tur,
2132 2359 2186 2405 et
2220 2348 2541 2419 peStiferum
2592 2348 2947 2418 pharmaeum
2988 2349 3042 2401 in
3070 2348 3244 2402 calice
3288 2347 3565 2416 ignoranti

1991 2442 2042 2496 ei
2073 2439 2142 2496 ad
2188 2441 2485 2496 bibendum
2538 2440 2991 2511 prepinaverunt.
3038 2439 3107 2492 At
3151 2439 3239 2492 illa
3293 2455 3563 2494 venenum

1993 2533 2217 2604 quidem
2249 2534 2409 2601 bibit,
2447 2533 2542 2589 sed
2578 2543 2806 2589 mortem
2843 2534 3029 2588 statim
3061 2531 3254 2596 evasit,
3280 2532 3393 2586 Deo
3424 2535 3565 2587 hanc

1994 2624 2227 2679 evadere
2267 2622 2641 2693 praecipiente.
2680 2623 2738 2675 ln
2790 2632 2980 2676 ventre
3036 2623 3238 2690 quippe
3295 2636 3564 2675 venenum

1997 2713 2229 2774 habens,
2263 2712 2537 2765 tortiones
2562 2710 2919 2765 incessabiles
2959 2709 3269 2763 sustinebat
3307 2716 3565 2775 tanquam

1997 2800 2039 2853 si
2073 2808 2357 2868 serpentes
2386 2799 2505 2869 ejus
2543 2798 2802 2852 interiora
2842 2797 3212 2877 comederent.
3248 2794 3390 2849 Hine
3422 2796 3567 2846 imo-

305 2903 437 2974 τρδν
489 2903 586 2972 οὺχ
642 2902 1013 2972 εύρίσκουσα,
1076 2904 1126 2954 εί
1179 2903 1272 2954 καὶ
1328 2903 1507 2973 μυρίοι
1557 2902 1762 2972 ταύτης
1811 2903 1892 2954 ία-

2001 2890 2252 2946 lerabilia
2288 2890 2524 2959 patiens,
2556 2899 2609 2941 et
2641 2887 2912 2942 medicum
2957 2904 3066 2943 non
3104 2886 3414 2950 inveniens,
3445 2887 3570 2939 licet

2036 2983 2142 3000 ΑΙΙ-
2184 2981 2244 3000 -νι
2299 2980 2459 3000 [μευ-
2506 2980 2871 3000 --Ἱέῖι-ΑΒΑ--μ-
2933 2980 3179 3000 ---με-η.-.
3241 2991 3413 3000 “An.--
3442 2990 3540 3000 ΑΛ..

309 2996 433 3065 τροί
473 2998 606 3063 πρὸς
632 2994 922 3063 ἐπίσκεψιν
951 2994 1201 3064 ἤρχοντο,
1234 2993 1357 3047 οὔτε
1391 2996 1658 3066 συνήθους
1687 2997 1892 3064 τροφῆς

313 3089 746 3159 μετελάμϐανεν,
779 3088 906 3141 οὔτε
955 3089 1215 3158 πομάτων
1267 3088 1533 3159 ἠνείχετο,
1566 3090 1663 3159 οὐχ
1709 3088 1892 3141 ὕπνων

312 3182 483 3252 ἡδέως
514 3180 814 3248 άπήλαυεν,
852 3180 911 3231 οὐ
965 3179 1201 3248 βαδίζειν
1247 3180 1445 3250 ὀρθίως
1490 3179 1523 3249 ἢ
1567 3177 1893 3242 καθέζεσθαι

316 3270 561 3341 συνήθως
610 3270 860 3338 ἠδύνατο,
890 3270 1027 3323 ἀλλὰ
1054 3270 1205 3323 κάτω
1236 3270 1464 3323 νεύουσα
1487 3311 1500 3335 ,
1526 3271 1618 3323 κοιλ⁵
1646 3271 1742 3340 τὴν
1772 3271 1898 3321 ἐαυ-

312 3361 415 3431 τῆς
438 3361 646 3415 κοιλίαν
673 3363 790 3423 ταῖς
821 3362 1097 3438 ἀγκάλαις
1113 3364 1439 3432 κατέχουσα,
1469 3363 1563 3414 καὶ
1588 3364 1708 3425 ταῖς
1730 3361 1900 3430 ἀλγη-

256 3446 265 3451 ’
314 3454 464 3509 δόσιν
501 3453 812 3523 οἰμώζουσα
852 3455 1026 3517 πάσας
1065 3453 1162 3516 τὰς
1199 3453 1344 3524 ὥρας
1367 3453 1598 3522 διήνυεν.

395 3597 505 3649 Καὶ
536 3595 677 3650 οὕτω
705 3596 846 3650 κατά
891 3596 1063 3668 βραχὺ
1112 3597 1497 3670 καταρῤἐουσα
1531 3595 1813 3666 τέθνηκεν,
1851 3595 1900 3646 εί
1930 3610 1933 3613 ‘

327 3688 401 3758 μή
433 3704 573 3751 τινες
598 3688 767 3758 αὐτὴν
795 3689 1144 3758 ἐλεήσαντες,
1177 3691 1273 3752 τάς
1310 3688 1491 3757 Κύρου
1524 3690 1617 3741 καὶ
1652 3687 1899 3739 Ἰωάννου

322 3781 577 3850 δυνάμεις
605 3782 949 3851 ἀπήγγελλον
970 3822 985 3847 ,
1020 3782 1115 3834 καὶ
1150 3782 1221 3834 τὰ
1266 3780 1402 3851 πρὸς
1434 3780 1613 3834 αὐτῶν
1642 3780 1901 3847 γινόμενα

318 3872 544 3944 τέρατα.
579 3874 646 3926 Ἥ
670 3873 726 3926 δὲ
746 3873 947 3926 τούτων
979 3872 1277 3937 ἀκούσασα,
1312 3872 1535 3936 καὶτοῖς
1562 3870 1903 3940 ἀγγελθεῖσιν

320 3967 684 4027 πιστεύσασα,
716 3967 813 4038 τὴν
852 3966 1203 4037 Ἀλεξάνδρου
1249 3967 1405 4020 πόλιν
1455 3965 1777 4034 κατέλαϐεν,
1810 3964 1905 4017 καὶ

319 4059 396 4126 τῷ
428 4058 538 4110 τῶν
572 4058 863 4128 μαρτύρων
915 4057 1019 4130 νεῷ
1068 4060 1466 4131 προσεπέλασε,
1499 4061 1594 4112 καὶ
1634 4059 1761 4127 περὶ
1808 4058 1906 4126 τῆς

321 4149 546 4216 ῥώσεως
576 4149 768 4211 αὐτοὺς
793 4150 1116 4204 ὲλιτάνευεν.
1155 4152 1218 4203 Οἱ
1243 4151 1300 4203 δὲ
1321 4149 1454 4202 Θεοῦ
1485 4148 1897 4219 φιλανθρωπίαν

2001 2983 2149 3036 mille
2180 2981 2248 3035 ad
2299 2980 2464 3048 hujus
2505 2980 2876 3034 visitationem
2933 2980 3204 3043 venirent,
3241 2991 3416 3048 neque
3440 2990 3567 3029 con-

2001 3080 2212 3126 suetam
2262 3083 2441 3124 escam
2495 3069 2848 3138 percipiebat,
2899 3083 3075 3137 neque
3126 3076 3285 3137 potus
3328 3065 3573 3121 sustine-

2002 3165 2115 3229 bat,
2146 3177 2323 3231 neque
2353 3162 2594 3217 suaviter
2625 3176 2820 3217 somno
2865 3160 3197 3230 potiebatur,
3234 3172 3412 3226 neque
3457 3172 3575 3210 am-

2003 3251 2196 3305 bulare
2243 3257 2390 3304 recte
2419 3265 2515 3304 seu
2549 3250 2740 3304 sedere
2783 3250 3225 3317 solito.potcrat;
3274 3246 3368 3300 sed
3411 3245 3573 3300 deor-

2003 3357 2123 3397 sum
2180 3341 2463 3403 inclinata,
2523 3350 2574 3393 ct
2636 3349 2881 3394 ventrem
2942 3353 3101 3393 suum
3159 3336 3402 3391 brachiis
3458 3349 3577 3389 am-

1996 3416 2239 3504 plexata,
2258 3441 2311 3485 et
2337 3446 2446 3500 prae
2468 3431 2751 3486 doloribus
2776 3430 3163 3501 ingemiscens,
3182 3444 3371 3481 omnes
3397 3434 3580 3480 trans-

2002 3524 2183 3591 igebat
2216 3522 2399 3599 horas.

2078 3615 2141 3667 Et
2173 3614 2246 3666 ita
2288 3612 2552 3682 paulatim
2589 3611 2835 3693 deﬂuens
2864 3619 3078 3665 mortua
3109 3618 3278 3676 esset,
3316 3611 3421 3666 nisi
3449 3611 3576 3681 qui-

2006 3707 2129 3761 dam
2187 3705 2308 3774 ejus
2362 3704 2573 3758 miserti
2625 3703 2704 3760 illi
2763 3714 3054 3758 narrarent
3099 3718 3221 3773 qum
3252 3717 3283 3757 a
3331 3702 3475 3774 Cyro
3524 3714 3578 3756 et

2007 3797 2216 3853 Joanne
2240 3797 2571 3867 gerebantur
2603 3796 2872 3866 prodigia.
2906 3796 3117 3862 Quibus
3147 3795 3371 3860 auditis,
3411 3805 3464 3851 et
3495 3796 3580 3852 his

2010 3905 2130 3960 quae
2160 3888 2264 3945 sibi
2316 3888 2486 3942 relata
2524 3896 2652 3943 sunt
2703 3889 2951 3952 creditis,
2987 3887 3283 3941 Alexandri
3333 3888 3480 3942 venit
3511 3887 3578 3941 ad

2011 3985 2227 4045 urbem,
2267 3990 2320 4035 et
2353 3984 2406 4036 in
2459 3990 2757 4052 martyrum
2806 3982 3005 4052 templo
3052 3992 3282 4047 morata,
3340 3998 3436 4037 eos
3483 3999 3582 4051 pro

2012 4076 2246 4132 sanitate
2300 4075 2717 4144 deprecabatur.
2768 4075 2870 4141 Qui
2937 4075 3180 4128 divinam
3230 4076 3578 4130 clementiam

2013 4169 2316 4231 imitantes,
2342 4165 2461 4234 ejus
2504 4182 2625 4220 cum
2670 4167 2809 4219 male
2846 4167 3050 4236 periret
3079 4167 3284 4221 miserti
3318 4175 3487 4231 sunt;
3529 4176 3583 4221 et

287 4248 297 4257 '
325 4239 673 4309 μιμούμενοι,
707 4241 895 4304 δεινῶς
916 4241 1085 4312 αὐτὴν
1113 4242 1491 4312 ἀπολλυμένην
1519 4242 1754 4312 ἠλέησαν
1772 4257 1785 4270 ·
1814 4240 1894 4293 καῚ

2013 4276 2137 4316 cum
2182 4260 2446 4315 dormiret
2472 4268 2797 4329 apparentes
2836 4259 3152 4321 insomnis,
3187 4260 3459 4328 passionis
3483 4276 3583 4313 cu-

322 4336 672 4403 κοιμωμὲνην
727 4335 983 4403 φανέντες
1038 4334 1277 4405 ἠλέησαν
1322 4337 1434 4396 τοῖς
1486 4336 1755 4405 δράμασιν
1809 4333 1903 4387 τοῦ

325 4425 531 4488 πάθους
574 4427 710 4497 αὐτῇ
758 4426 856 4497 τὴν
902 4426 1197 4496 θεραπείαν
1249 4426 1564 4497 ὀρέξαντες·
1616 4426 1787 4495 φακὸς
1840 4422 1906 4497 ἦν

323 4517 465 4589 αῦτη
496 4518 556 4570 τὸ
578 4518 812 4589 ὄσπρεον
846 4517 1124 4588 ἐψὼμενον
1159 4521 1254 4572 καὶ
1278 4521 1645 4590 τρωγόμενον,
1680 4522 1771 4572 καὶ
1807 4521 1911 4574 πά-

321 4608 408 4661 λιν
455 4611 511 4661 ἐν
554 4609 764 4681 λουτρῷ
794 4612 859 4681 τῇ
894 4612 1179 4683 πασχούσῃ
1219 4612 1416 4681 γαστρὶ
1458 4612 1909 4680 προσπλασσόμε-

323 4718 438 4755 νον.
487 4701 551 4753 Ἦ
588 4700 647 4754 δὲ
698 4703 758 4753 τὸ
810 4702 1099 4754 κελευσθὲν
1145 4702 1339 4755 θᾶττον
1391 4704 1529 4772 μετὰ
1572 4705 1661 4757 τὴν
1703 4706 1911 4775 ὄνειρον

327 4791 592 4863 ἔπραξεν
628 4794 721 4845 καὶ
763 4793 950 4845 τοῦτον
997 4795 1029 4863 ἡ
1064 4795 1274 4864 γαστὴρ
1316 4795 1517 4847 Εσωθέν
1552 4812 1609 4847 τε
1640 4795 1910 4865 δεξαμένη

327 4888 421 4938 καὶ
465 4884 698 4950 ἔξωθεν,
750 4887 894 4938 ἆπαν
940 4885 1100 4948 εὐθὺς
1153 4886 1214 4938 τὸ
1267 4886 1537 4957 προποθὲν
1588 4887 1912 4958 δηλητήριον

332 4976 664 5048 ἐμησεν,ἐπὶ
691 4977 787 5047 τὴν
814 4978 1134 5045 ἐπιφάνειαν
1164 4978 1294 5031 αὐτὸ
1318 4978 1414 5049 τὴν
1442 4980 1639 5049 ἐαυτῆς
1666 4981 1911 5050 ἀναὸρά-

333 5083 507 5123 σασα”
558 5069 654 5122 καὶ
699 5071 889 5122 τούτου
933 5070 1255 5139 γεγονότος,
1289 5072 1486 5143 μικρὸν
1533 5074 1589 5124 αί
1624 5074 1913 5143 ἀλγηδόνες

332 5160 660 5215 ἐπαύσαντο.
707 5162 1095 5230 Ἐπιφανέντες
1135 5164 1189 5215 δὲ
1221 5164 1378 5217 πάλιν
1429 5164 1477 5216 οἱ
1524 5165 1664 5232 ἅγιοι
1704 5165 1912 5219 τελείαν

335 5257 469 5326 αὐτῇ
498 5254 596 5327 τήν
617 5257 805 5324 ὑγείαν
831 5257 1166 5326 χαρίζονται,
1203 5257 1498 5311 πάστελλον
1521 5260 1690 5329 αὐτὴν
1714 5259 1913 5313 ἐσθίειν

334 5348 619 5417 όρέξαντες
651 5344 811 5419 (εἶδος
841 5350 996 5401 τοῦτο
1032 5348 1365 5412 πλακοῦντος
1397 5348 1778 5420 καθέστηκεν),
1820 5354 1913 5406 καὶ

334 5440 545 5511 ψαλμόν
579 5460 697 5493 τινα
728 5441 906 5503 δόντες
956 5441 1066 5494 τῶν
1111 5444 1189 5504 είς
1244 5444 1438 5506 αὐτοὺς
1472 5443 1778 5513 λεγομένων
1823 5462 1914 5513 γε·

338 5534 649 5605 γραμμένον
671 5534 802 5586 ὡσεὶ
834 5534 912 5597 είς
940 5542 1241 5599 πιττάκιον,
1271 5537 1365 5588 κα)⁸
1394 5536 1569 5604 λέγειν
1599 5537 1759 5591 αὐτὸν
1785 5554 1909 5593 συν-

655 5628 740 5690 1Ἀ
755 5646 926 5691 ιιιοι.
977 5632 1097 5692 Gn.
1132 5632 1509 5697 LXXXVII.

2013 4351 2281 4405 rationem
2314 4359 2709 4420 prmeeperunt.
2741 4348 2925 4405 Lentis
2976 4349 3270 4419 leguminis
3310 4361 3425 4405 erat
3474 4352 3585 4405 haec

2012 4440 2261 4496 decoctio
2289 4453 2342 4495 et
2375 4440 2663 4505 comestio,
2704 4450 2757 4494 et
2792 4442 2989 4494 iterum
3036 4440 3239 4495 factum
3282 4456 3346 4495 ev
3396 4441 3584 4496 hocin

2014 4532 2217 4586 balneo
2250 4533 2459 4586 ventris
2503 4532 2885 4602 emplastrum.
2929 4534 2996 4585 At
3049 4532 3138 4585 illa
3181 4531 3328 4602 quod
3369 4532 3583 4600 jussum

2014 4633 2097 4678 est
2130 4637 2255 4677 mox
2290 4635 2412 4694 post
2450 4604 2720 4679 somnium
2771 4627 2957 4695 gessit,
3002 4633 3054 4679 et
3105 4625 3207 4680 hoc
3260 4625 3327 4679 ab
3363 4625 3511 4680 intus
3539 4634 3589 4678 et

2016 4728 2044 4765 a
2085 4714 2219 4769 loris
2258 4719 2448 4770 vente‘r
2501 4724 2755 4784 accepto,
2798 4726 2969 4770 totum
3008 4732 3276 4772 vencnmn
3322 4717 3470 4786 quod
3511 4717 3591 4770 bi-

2017 4812 2172 4859 berat
2221 4815 2377 4860 antea
2433 4805 2716 4861 confestim
2766 4808 3030 4869 evomuit,
3078 4811 3220 4876 quod
3270 4808 3321 4860 in
3350 4809 3470 4874 ejus
3500 4794 3591 4862 su-

2018 4897 2296 4967 perliciem
2340 4898 2572 4966 Sparsim
2615 4896 2904 4961 clTerbuit;
2949 4899 3135 4952 ethoc
3184 4898 3350 4962 facto,
3379 4899 3594 4953 dolores

2020 4991 2293 5045 modicum
2347 4990 2687 5058 quieverunt.
2744 4990 3129 5043 llluceseentes
3174 5000 3360 5045 autem
3393 4992 3591 5042 iterum

2016 5081 2192 5137 sancti
2221 5080 2514 5150 perfectam
2551 5081 2599 5133 ei
2635 5080 2928 5135 conferunt
2961 5082 3274 5144 sanitatem,
3319 5079 3593 5149 pastillum

2018 5175 2363 5243 porrigentes
2414 5172 2479 5224 ad
2527 5173 2994 5236 manducandum,
3047 5173 3192 5241 quod
3250 5173 3462 5242 species
3513 5180 3598 5226 est

2018 5265 2303 5333 placentze,
2365 5272 2418 5317 et
2468 5263 2736 5332 psalmum
2788 5263 3080 5332 quemdam
3135 5279 3200 5317 ex
3251 5264 3335 5317 his
3384 5263 3476 5333 qui
3537 5264 3592 5317 in

2016 5364 2289 5426 martyres
2320 5356 2442 5408 illos
2478 5355 2805 5410 dicebantur
2839 5356 2995 5424 quasi
3031 5357 3296 5426 scriptum
3331 5355 3385 5409 in
3437 5356 3600 5425 pitta-

2016 5449 2106 5503 cio
2142 5448 2471 5509 tribuentes,
2514 5455 2567 5500 et
2605 5447 2748 5499 hunc
2782 5446 2962 5502 dicere
2996 5447 3355 5502 continuatim
3404 5449 3600 5516 praeci-

2018 5543 2252 5613 pientes.
2307 5541 2375 5594 At
2422 5540 2513 5594 illa
2552 5554 2677 5596 cum
2740 5542 3019 5612 pastillum
3076 5540 3492 5608 manducasset,
3547 5547 3603 5593 et

3180 5634 3295 5694 115
