3998 6200
485 226 620 286 3659

1379 230 1435 287 S.
1466 224 1877 286 SOPHRONII
1917 219 2422 281 PATRIARCIL'E
2484 217 2886 279 HIEROSOL.

3590 219 3730 282 3660

483 335 776 406 perfectam
807 339 1092 394 sanitatem
1142 341 1490 410 percepisset,
1542 343 1911 410 hymnumque
1955 351 2040 390 ce-

2158 332 2284 402 εχῶς
2317 334 2726 404 ἐπιτρέψαντες.
2773 333 2837 386 Ἠ
2880 331 2935 384 δὲ
2985 332 3230 400 φαγοῦσα
3280 332 3369 384 τὶν
3413 331 3730 409 πάστελλον,

482 430 730 491 ciuisset,
768 431 977 484 sanctis
1021 430 1167 485 hunc
1212 446 1271 485 se
1300 445 1516 501 semper
1550 433 1812 486 melodice
1851 445 2049 485 canere

487 522 898 589 repromittens,
950 522 1016 576 ad
1057 520 1404 578 Palaestinam
1443 524 1684 592 profecta
1719 533 1884 577 estet
1933 522 2050 576 Ca:-

487 627 720 666 sarcam.
753 611 925 665 Porro
973 627 1074 667 nos
1104 614 1266 669 etiam
1301 628 1448 668 nunc
1485 622 1783 666 certatores
1818 613 2050 682 hymno-

478 720 600 756 rum
655 703 945 773 przrconiis
991 703 1419 773 frequentantes,
1483 705 1549 759 ad
1599 705 1760 757 aliam
1804 704 2047 773 ipsorum

479 808 832 864 properemus
868 796 1194 849 laudabilem
1237 796 1413 851 modis
1459 796 1717 850 omnibus
1753 796 2046 849 actionem.

760 883 948 941 LXIX.
996 886 1074 941 De
1107 887 1314 942 Joanne
1344 903 1479 942 cwco
1511 886 1766 941 Romano.

553 975 854 1046 Usquequo
906 978 1172 1032 calamum
1219 994 1500 1042 vexamns,
1547 986 1600 1032 et
1651 977 1931 1032 dexteram
1981 976 2049 1031 ad

480 1067 830 1122 scribendum
883 1071 1174 1135 tninamus,
1230 1078 1284 1124 et
1341 1084 1526 1124 vocem
1583 1067 1648 1122 ad
1703 1066 2048 1122 clamandum

480 1159 821 1214 excitamus?
849 1157 1128 1228 Fatigatus
1158 1167 1242 1213 est
1279 1159 1422 1213 enim
1459 1157 1725 1220 calamus,
1769 1165 1822 1208 et
1853 1169 2050 1210 manus

479 1264 703 1304 currere
735 1250 876 1303 ultra
923 1265 1031 1304 non
1068 1251 1232 1315 valet,
1274 1250 1368 1305 sed
1405 1259 1459 1303 et
1500 1265 1600 1302 vox
1638 1263 1745 1302 una
1796 1261 1921 1301 cum
1963 1247 2050 1301 his

481 1337 754 1392 inﬁrmata
791 1351 895 1404 est,
929 1341 997 1394 ab
1041 1339 1364 1395 assiduitate
1413 1354 1639 1394 cessans
1677 1347 1731 1393 et
1765 1339 2047 1404 desinens,

479 1444 791 1500 quanquam
837 1430 1083 1500 sapiente
1131 1431 1424 1486 Salomone
1465 1430 1742 1484 scribente
1791 1429 2051 1484 didiceri-

479 1534 624 1580 mus,
683 1520 828 1587 quod
886 1537 904 1571 ι
956 1519 1237 1576 funiculus
1289 1521 1483 1591 triplex
1551 1519 1768 1575 difficile
1829 1533 2050 1590 rumpa-

480 1616 570 1660 tur
598 1607 664 1661 ³⁸.
703 1626 720 1658 ι
777 1608 904 1664 Rrec
960 1618 1140 1665 autem
1193 1626 1316 1665 eum
1375 1611 1479 1664 tria
1540 1618 1746 1676 essent,
1781 1618 1834 1665 et
1879 1625 2048 1664 unum

481 1699 743 1753 haberent
789 1701 1104 1765 consilium,
1153 1710 1208 1756 et
1268 1702 1552 1756 sententiae
1608 1702 1774 1756 unius
1813 1701 2048 1755 exsiste-

479 1799 619 1852 rent,
653 1790 1069 1861 intentioneque
1115 1807 1222 1846 una
1258 1801 1562 1850 statuerent
1596 1791 1722 1864 Cyri
1772 1801 1825 1847 et
1880 1790 2052 1846 Joan-

479 1877 566 1930 nis
596 1876 942 1943 prazdieanda
997 1878 1288 1941 miracula,
1335 1885 1389 1932 et
1418 1879 1844 1948 diremptionem
1877 1871 2051 1933 susti-

478 1975 718 2022 nuerunt
749 1975 803 2022 et
846 1967 1020 2022 labori
1051 1969 1295 2024 immissa
1337 1981 1484 2034 sunt,
1528 1978 1583 2025 et
1621 1969 1868 2039 fatigium
1914 1969 2052 2024 inci-

479 2057 677 2112 derunt
705 2055 804 2130 [ita
837 2056 1007 2130 cod.].
1032 2065 1085 2112 ct
1116 2059 1858 2129 superationeminduerunt,
1895 2062 2052 2130 prius

479 2162 643 2217 quam
701 2147 1065 2218 praedicarent
1120 2149 1252 2218 qttid
1300 2151 1511 2205 sanctis
1556 2150 1911 2220 condignum,
1968 2149 2052 2204 vel

479 2240 848 2294 admiratione
901 2241 1194 2311 dignorum
1246 2241 1624 2312 prodigiorum
1673 2241 2050 2296 brevissimam

480 2331 917 2399 portiunculam;
962 2330 1203 2384 clamare
1248 2339 1430 2384 autem
1477 2330 1824 2386 solummodo
1869 2330 2054 2384 valent

479 2418 811 2472 inﬁrmitatis
848 2417 1082 2488 propriae
1133 2417 1602 2488 magnitudinem;
1643 2418 1788 2472 unde
1827 2427 1880 2472 et
1926 2431 2051 2472 cum

480 2525 719 2582 praesens
749 2511 836 2565 vix
885 2511 1202 2581 praedicent,
1258 2511 1312 2566 in
1347 2510 1604 2582 prodigio
1637 2511 1784 2582 quod
1817 2521 1901 2567 est
1927 2521 2052 2580 post

478 2603 580 2658 hoc
628 2603 944 2669 cessabunt,
991 2604 1224 2658 multum
1277 2611 1504 2659 sanctos
1558 2605 1792 2674 petentia
1839 2603 2050 2659 veniam

477 2696 582 2752 sibi
643 2711 766 2751 cum
823 2695 1098 2752 oblivione
1153 2696 1349 2752 donari
1406 2695 1706 2767 petulantis
1769 2710 1936 2752 ausus
1999 2703 2052 2750 et

477 2804 721 2844 maxnmt.

545 2879 700 2936 Nunc
752 2890 954 2948 autem,
1010 2882 1098 2939 his
1131 2883 1376 2939 cinterim
1431 2884 1654 2939 omissis
1732 2899 1854 2949 qua:
1905 2884 2052 2939 circa

2153 427 2245 479 καὶ
2297 426 2508 489 τελείας
2551 424 2788 496 τυχοῦσα
2839 425 2938 495 τῆς
2987 425 3229 496 ῥώσεως,
3282 427 3373 478 καὶ
3419 425 3513 478 τὸν
3563 428 3730 499 ὕμνον

2152 516 2437 586 ὑμνήσασα
2458 557 2471 580 ,
2504 519 2597 570 καὶ
2620 518 2806 570 τοῦτον
2839 519 2926 572 ἀεὶ
2957 518 3210 588 μελῳδεῖν
3243 519 3591 590 ὑποσχομένη
3618 527 3726 589 τοῖς

2155 608 2441 678 μάρτυσιν,
2471 609 2564 661 ἐπὶ
2587 609 2948 679 Παλαιστίνην
2979 611 3073 662 καὶ
3106 610 3443 682 Καισάρειαν
3475 609 3716 669 ὧδευσεν.

2163 699 2350 767 Ἡμεῖς
2379 700 2434 752 δὲ
2463 701 2558 754 κοιλ⁹
2588 700 2683 753 νῦν
2710 702 2834 762 τοὺς
2867 700 3195 770 ἀθλοφόρους
3229 701 3597 771 ὑμνήσαντες,
3623 704 3719 773 ἐφ’

2152 791 2344 858 ἑτέραν
2383 792 2564 844 αὐτῶν
2604 792 2950 861 πανύμνητον
2991 793 3190 862 πρᾶξιν
3231 796 3582 864 ὁρμήσωμεν.

2407 882 2524 936 ΞΘ.
2567 884 2702 952 Περί
2744 883 3027 938 Ἰωάννου
3066 884 3171 938 τοῦ
3209 887 3463 955 τυφλοῦ.

2221 971 2398 1045 Μέχρι
2429 973 2570 1038 τίνος
2603 975 2692 1028 τὸν
2723 977 2966 1047 κάλαμον
2997 977 3333 1048 σκύλλωμεν,
3365 980 3456 1032 καὶ
3502 981 3599 1049 τὴν
3644 981 3730 1034 δε-

2152 1064 2272 1130 ξιάν
2326 1065 2461 1136 πρὸς
2511 1065 2571 1119 τὸ
2615 1069 2846 1136 γράφειν
2897 1070 3232 1138 ἐλαύνωμεν,
3275 1073 3368 1124 καὶ
3398 1073 3497 1142 τὴν
3545 1074 3732 1142 φωνὴν

2151 1155 2289 1224 πρὸς
2333 1155 2392 1207 τὸ
2443 1155 2570 1226 βοᾷν
2604 1157 2998 1230 διεγείρωμεν;
3040 1163 3338 1232 Κέκμηκεν
3369 1165 3475 1234 γὰρ
3505 1167 3532 1218 ό
3562 1167 3734 1218 κάλα-

2155 1261 2276 1315 μος.
2301 1245 2394 1297 καὶ
2422 1247 2454 1316 ἠ
2487 1247 2608 1318 χεὶρ
2642 1249 2721 1302 ἔτι
2765 1251 2984 1321 τρέχειν
3012 1254 3073 1305 οὐ
3109 1253 3357 1319 δύναται,
3390 1257 3482 1308 καὶ
3512 1259 3541 1326 ἡ
3578 1259 3734 1327 φωνὴ

2154 1337 2252 1389 σὺν
2305 1337 2514 1403 τούτοις
2560 1339 2893 1412 ἠσθένησεν,
2925 1343 3026 1412 τῆς
3073 1347 3350 1410 συντονίας
3401 1352 3732 1420 παυσαμένη

2152 1428 2246 1479 καὶ
2278 1427 2484 1499 λήξασα
2505 1445 2517 1462 ·
2560 1431 2737 1484 καίτοι
2765 1431 2856 1485 τοῦ
2895 1433 3059 1500 σοφοῦ
3087 1435 3426 1506 Σολομῶντος
3457 1441 3736 1508 γεγραφό-

2152 1532 2242 1580 τος
2267 1519 2627 1590 μανθάνομεν,
2655 1520 2730 1584 ὼς
2752 1541 2770 1572 ι
2801 1522 2873 1575 Τὸ
2894 1524 3155 1593 σπαρτίον
3178 1525 3238 1576 τὸ
3259 1525 3519 1596 ἔντριτον,
3548 1528 3608 1579 ού
3631 1545 3734 1580 τα-

2153 1604 2292 1672 χέως
2313 1605 2757 1680 διαρραγήσεται.
2785 1627 2802 1661 ι
2824 1612 2866 1663 Τ
2870 1611 3007 1664 αῦτα
3025 1613 3080 1666 δὲ
3099 1615 3191 1666 καὶ
3215 1617 3343 1685 τρία
3368 1616 3729 1686 τυγχάνοντα,

2154 1694 2248 1746 καὶ
2279 1695 2336 1748 ἓν
2367 1696 2558 1768 ἔχοντα
2593 1699 2859 1771 βούλημα,
2905 1705 2999 1756 καὶ
3035 1705 3163 1774 μιᾶς
3195 1705 3420 1776 γνώμης
3451 1708 3732 1777 ὑπαρχον-

2151 1802 2238 1848 τα,
2271 1786 2364 1839 καὶ
2392 1787 2592 1842 σκοπὸν
2618 1789 2712 1843 ἕνα
2743 1793 3056 1863 στησάμενοι
3075 1835 3089 1858 ,
3123 1795 3304 1865 Κύρου
3347 1800 3440 1850 καὶ
3479 1798 3728 1852 Ἰωάννου

2153 1877 2413 1948 κηρύξειν
2433 1879 2501 1932 τά
2525 1880 2799 1951 θαύματα,
2823 1885 2916 1936 καὶ
2941 1886 3095 1955 ῥῆξιν
3119 1887 3434 1956 ὑπέμειναν,
3457 1891 3548 1943 καὶ
3571 1892 3729 1961 κόπῳ

2155 1968 2463 2040 βέϐληνται,
2500 1974 2595 2027 καὶ
2643 1976 2874 2047 καμάτῳ
2904 1977 3278 2045 πεπτώκασιν,
3313 1983 3405 2034 καὶ
3433 1983 3530 2053 τὴν
3555 1980 3726 2057 ἧτταν

2153 2061 2479 2127 ὲνδέδννται,
2508 2065 2637 2136 πρὶν
2667 2067 2700 2138 ἢ
2732 2070 2965 2138 κηρύξαι
2993 2087 3046 2122 τι
3075 2071 3183 2123 τῶν
3213 2072 3388 2140 ἁγίων
3419 2075 3664 2139 ἐπάξιον,
3693 2075 3725 2145 ἢ

2151 2149 2261 2204 τῶν
2302 2152 2645 2222 ἀξιαγάστων
2690 2155 2868 2211 αὐτῶν
2896 2159 3139 2228 τεράτων
3171 2159 3343 2230 βραχύ
3379 2159 3495 2224 πώς
3543 2180 3595 2214 τι
3638 2163 3730 2232 μό-

2155 2261 2298 2314 ριον·
2330 2245 2460 2316 βοᾷν
2487 2247 2542 2300 δὲ
2576 2247 2670 2302 καὶ
2714 2250 2875 2319 μόνον
2908 2250 3172 2320 ἰσχύουσι,
3203 2253 3302 2322 τῆς
3335 2253 3539 2317 οἰκείας
3565 2254 3729 2306 ἀσθεο

2154 2333 2302 2395 νείας
2334 2335 2394 2388 τὸ
2426 2336 2658 2406 μέγεθος
2684 2356 2698 2370 ·
2734 2339 2857 2393 ὅθεν
2885 2342 2978 2394 καὶ
3022 2341 3083 2394 τὸ
3124 2342 3294 2413 παρὸν
3326 2342 3510 2412 θαῦμα
3541 2343 3729 2412 βιαίως

2153 2425 2490 2496 κηρύξαντα,
2538 2429 2595 2482 ὲν
2637 2431 2716 2502 τῷ
2770 2431 2908 2502 μετὰ
2953 2432 3112 2485 τοῦτο
3166 2433 3351 2504 τέρατι
3407 2435 3726 2497 παύσονται,

2155 2513 2322 2567 πολλά
2353 2517 2476 2580 τοὺς
2501 2517 2685 2586 ἁγίους
2719 2521 3033 2591 αἰτήσαντα,
3067 2522 3394 2593 συγγνώμην
3425 2525 3606 2588 αὐτοῖς
3630 2529 3726 2579 σὺν

2153 2608 2460 2681 ἀμνηστείᾳ
2488 2609 2837 2683 δωρήσασθαι
2863 2613 3164 2684 προπετοῦς
3189 2615 3284 2668 καὶ
3319 2615 3577 2684 μεγίστου
3605 2617 3729 2669 τολ⁴

2156 2697 2230 2768 μη
2239 2704 2427 2768 ματος.

2225 2883 2340 2937 Νῦν
2367 2883 2424 2938 δὲ
2455 2883 2588 2948 τέως
2619 2884 2823 2938 τούτων
2857 2884 3155 2956 ἀφέμενοι,
3192 2887 3258 2940 τά
3301 2887 3441 2942 κατά
3475 2890 3729 2963 Ἰωάννην

476 2969 741 3028 Joannem
777 2980 928 3043 gesta
988 2983 1137 3038 sunt,
1179 2984 1339 3045 prout
1381 2990 1690 3045 possumus,
1752 2977 2048 3043 edicamus,

2158 2976 2292 3047 πρὸς
2336 2975 2566 3046 δύναμιν
2611 2975 2878 3044 λέξωμεν,
2909 2976 3004 3028 καὶ
3043 2979 3153 3040 τοῖς
3201 2971 3455 3033 ἀκούουσι
3490 2991 3730 3053 ποιησώ-

475 3071 528 3118 et
563 3065 914 3120 audientibus
962 3067 1178 3137 cognita
1239 3066 1528 3122 faciamus.
1583 3065 1861 3122 Romanus
1902 3068 2047 3122 enim

479 3163 618 3220 erat,
651 3172 757 3210 non
813 3157 1053 3212 civitatis
1079 3159 1344 3212 oriundus
1395 3156 1657 3213 Romanis
1688 3159 1788 3213 sub
1845 3159 2052 3214 tributo

481 3248 732 3313 redactae,
768 3249 862 3304 sed
898 3249 1070 3318 ipsam
1102 3248 1355 3313 Romam,
1392 3265 1513 3319 quae
1546 3251 1718 3320 prima
1754 3251 1806 3305 in
1839 3251 1919 3306 eis
1947 3253 2048 3305 im-

481 3348 654 3408 perat,
688 3340 878 3394 urbem
908 3348 964 3394 et
995 3341 1222 3410 patriam
1262 3340 1568 3410 possidens.
1613 3339 1827 3396 Etenim
1857 3353 1909 3397 et
1938 3340 2050 3396 Ro-

479 3447 560 3484 ma
591 3432 824 3500 propriae
861 3433 1130 3487 veraciter
1189 3433 1520 3487 desideravit
1573 3434 1735 3488 etiam
1772 3435 1875 3489 hoc
1923 3433 2050 3489 addi

477 3523 751 3587 claritati;
823 3523 1093 3588 videlicet,
1151 3523 1276 3594 Cyri
1329 3522 1670 3594 Joannisque
1728 3525 2046 3589 miraculis,

477 3623 739 3684 tanquam
771 3614 1101 3684 quibusdam
1146 3615 1544 3670 sacratioribus
1579 3616 1880 3682 venustari,
1932 3618 2049 3670 cla-

478 3706 623 3758 riora
650 3707 762 3760 hasc
801 3707 1024 3762 coronis
1077 3715 1132 3762 et
1173 3707 1405 3778 sceptris
1457 3718 1512 3762 et
1555 3723 1790 3778 purpura
1844 3710 2048 3764 Sciens.

475 3795 610 3851 Nam
643 3812 766 3852 eum
793 3800 908 3853 hare
931 3815 996 3853 ex
1022 3808 1163 3853 terra
1198 3800 1439 3870 genesim
1470 3800 1725 3865 habeant,
1761 3803 1812 3854 in
1843 3811 2045 3856 terram

477 3891 675 3944 iterum
715 3889 1128 3958 dissolvuntur;
1189 3893 1524 3947 charismata
1558 3907 1689 3947 vero
1743 3902 2046 3963 martyrum

479 3985 772 4038 desursum
831 3995 884 4039 et
937 4000 966 4040 e
1019 3985 1159 4039 cmlo
1220 3986 1628 4051 descendentia,
1686 4002 1808 4039 cum
1866 3988 2049 4041 divina

477 4076 679 4130 virtute
708 4079 819 4130 sint
878 4077 1040 4139 edita,
1075 4077 1462 4131 resolutionem
1498 4078 1548 4129 in
1587 4086 1787 4130 terram
1842 4095 2049 4148 nequa-

476 4183 640 4235 quam
705 4169 1016 4220 admiztunt.
1072 4165 1258 4221 Roma:
1305 4167 1488 4236 itaque
1543 4181 1649 4221 non
1712 4167 2050 4224 invideamus

479 4260 775 4325 desiderio,
809 4260 852 4312 si
900 4267 1244 4313 terrennrttm
1286 4258 1589 4314 claritatem
1626 4260 1854 4326 habens,
1887 4263 2049 4318 caele-

2161 3065 2300 3137 μεθα
2346 3064 2619 3136 γνώριμα.
2683 3068 2952 3137 Ῥωμαῖος
2997 3062 3150 3132 οὗτος
3183 3071 3503 3140 ἐτύγχανεν,
3537 3074 3597 3126 οὐ
3632 3076 3731 3128 πό-

2155 3159 2292 3222 λεως
2316 3158 2592 3230 ὑποφόρου
2629 3159 2921 3228 Ῥωμαίοις
2968 3160 3308 3230 ὁρμώμενος,
3338 3164 3474 3216 ἀλλὰ
3507 3165 3732 3237 Ῥώμην

2155 3248 2325 3318 αὐτὴν
2347 3249 2444 3318 τὴν
2469 3247 2690 3317 πρώτην
2717 3248 2895 3302 αὐτῶν
2926 3247 3343 3317 βασιλεύσασαν,
3373 3252 3605 3322 πατρίδα
3633 3255 3733 3309 καὶ

2155 3341 2310 3394 πόλιν
2325 3342 2665 3411 κτησάμενος
2681 3357 2694 3370 ·
2725 3341 2816 3394 καὶ
2845 3339 3028 3412 Ῥώμη
3051 3341 3155 3411 γάρ
3179 3341 3392 3412 ἀληθῶς
3411 3343 3728 3414 ἐπεθύμησε

2153 3434 2218 3500 τῇ
2249 3431 2427 3499 οἰκείᾳ
2466 3431 2560 3482 καὶ
2599 3428 2755 3481 τοῦτο
2786 3429 3097 3499 προσθεῖναι
3127 3429 3489 3502 λαμπρότητι,
3519 3432 3580 3485 τὸ
3613 3433 3731 3487 Κύ-

2156 3538 2249 3590 ρου
2283 3521 2374 3572 καὶ
2411 3519 2656 3572 Ἰωάννου
2701 3523 2812 3582 τοῖς
2862 3519 3135 3589 θαύμασιν
3179 3521 3252 3584 ὡς
3298 3521 3588 3594 θειοτέροις
3618 3526 3732 3578 τισὶ

2153 3610 2685 3678 ἐγκαλλωπίζεσθαι,
2711 3611 2844 3664 πολὺ
2873 3611 3042 3664 ταῦτα
3070 3612 3421 3684 λαμπρότερα
3448 3617 3732 3682 στεφάνων

2152 3703 2247 3756 καὶ
2295 3703 2592 3771 σκήπτρων
2626 3701 2719 3754 καὶ
2748 3702 3075 3772 πορφυρίδος
3103 3703 3501 3770 γιγνώσκουσα.
3543 3705 3733 3758 Ταῦτα

2155 3795 2253 3864 μὲν
2300 3794 2407 3863 γὰρ
2438 3795 2500 3846 ὲκ
2535 3793 2637 3860 γῆς
2684 3792 2781 3861 τὴν
2828 3793 3039 3861 γένεσιν
3078 3794 3289 3864 ἔχοντα,
3325 3796 3485 3849 πάλιν
3513 3799 3595 3858 εἰς
3625 3801 3730 3865 γῆν

2151 3887 2470 3940 ἀναλύεται’
2505 3887 2570 3939 τὰ
2602 3885 2656 3938 δὲ
2689 3885 2792 3937 τῶν
2843 3887 3136 3956 μαρτύρων
3176 3888 3488 3957 χαρίσματα
3519 3888 3730 3941 ἄνωθεν

2152 3977 2210 4042 ἐξ
2238 3977 2466 4048 ούρανοῦ
2498 3979 2866 4050 καταγόμενα,
2891 3979 2982 4031 καὶ
3015 3979 3134 4049 θείᾳ
3157 3980 3382 4048 δυνάμει
3409 3981 3728 4048 τικτόμενα,

2151 4069 2409 4122 ἀνάλυσιν
2433 4069 2531 4139 τὴν
2561 4071 2638 4130 εἰς
2667 4070 2768 4138 γῆν
2800 4069 2898 4121 οὐκ
2924 4068 3258 4137 εἰσδέχεται·
3288 4071 3355 4140 τῇ
3387 4069 3572 4142 Ῥώμῃ
3599 4072 3732 4138 γοῦν

2157 4159 2230 4230 μὴ
2260 4157 2616 4230 φθονήσωμεν
2646 4161 2743 4229 τῆς
2788 4157 3054 4229 ἐφέσεως,
3079 4160 3114 4230 ἢ
3141 4159 3248 4213 τῶν
3282 4162 3484 4231 γηΐνων
3511 4163 3609 4232 τὴν
3639 4163 3733 4215 εῦ-

2151 4249 2341 4304 ’κλειαν
2371 4250 2586 4320 ἔχουσα,
2619 4253 2711 4304 καὶ
2739 4251 2844 4304 τῶν
2864 4252 3129 4321 οὐρανίων
3151 4251 3248 4321 τῆς
3269 4251 3426 4321 δόξης
3455 4253 3728 4322 ὀρέγεται·

479 4351 643 4404 ειίιιιιι
681 4365 901 4418 quoque
945 4348 1172 4418 gloriam
1203 4351 1425 4418 appetit.
1463 4349 1566 4405 Sed
1598 4351 1827 4417 Joanne,
1861 4356 1950 4424 qui
1979 4371 2045 4410 ex

2158 4341 2272 4396 ἀλλ’
2310 4343 2561 4412 Ἰωάννην
2604 4341 2695 4395 τὸν
2726 4343 2788 4394 ἐκ
2812 4341 3016 4412 ταύτης
3055 4345 3133 4406 εἰς
3185 4343 3347 4412 μέσον
3381 4343 3729 4410 καλέσαντες,

480 4439 579 4491 hac
617 4437 812 4502 fuerat,
849 4439 900 4490 in
938 4437 1175 4491 medium
1217 4437 1500 4505 advocato,
1539 4455 1632 4507 per
1664 4441 1806 4496 hunc
1831 4444 2047 4499 deside-

478 4529 618 4581 rium
653 4529 772 4595 ejus
802 4527 1213 4596 adiinpleamus.

550 4614 647 4669 llic
712 4618 996 4670 uettlorum
1059 4617 1311 4684 primitus
1371 4620 1650 4675 detinetur
1709 4621 2043 4689 inﬁrmitate,

477 4713 700 4772 prepter
739 4720 902 4772 quam
953 4704 1178 4758 medicis
1238 4707 1514 4760 tribulatio
1549 4707 1685 4763 facta
1717 4717 1820 4775 cst,
1880 4712 2047 4780 depo-

479 4809 608 4847 nere
641 4795 1012 4849 inﬁrmitatem
1039 4794 1380 4856 desiderans.
1410 4807 1463 4852 et
1499 4800 1741 4869 recipere
1767 4818 1887 4871 quae
1921 4815 2047 4858 ante

481 4885 619 4938 hanc
658 4884 831 4938 fuerat
865 4887 1176 4951 sanitatem,
1221 4889 1366 4956 quod
1401 4893 1579 4944 omnis
1629 4898 1712 4944 est
1763 4892 2048 4948 inﬁrman-

478 4976 548 5030 tis
576 4977 858 5030 indicium.
903 4977 1006 5030 Sed
1040 4977 1142 5032 hoc
1171 4979 1397 5047 adipisci
1428 4995 1535 5033 non
1574 4983 1734 5046 valet,
1767 4983 1890 5037 licet
1920 4986 2051 5039 mul-

477 5079 530 5121 ta
582 5071 807 5124 incdit-is
847 5070 1170 5134 tribuisset;
1233 5088 1450 5142 semper
1507 5074 1648 5126 enim
1715 5091 2049 5146 persequens

477 5163 782 5223 meliorem,
841 5163 1080 5232 peiorem
1119 5162 1352 5218 faciebat
1405 5165 1762 5234 languorem;
1810 5176 1863 5222 et
1919 5170 2048 5223 dum

476 5271 599 5308 eum
655 5256 748 5322 qui
800 5255 854 5308 in
900 5256 1020 5309 istis
1056 5263 1172 5310 crat
1224 5257 1556 5325 conspicuus
1609 5260 2048 5327 amplecteretur,

480 5345 595 5414 ipse
657 5347 774 5400 sine
829 5347 944 5400 visu
998 5348 1253 5415 paulatim
1312 5347 1538 5403 ell'ectus
1589 5359 1708 5415 est;
1766 5367 2051 5421 usquequo

479 5437 811 5504 spectabiles
845 5450 896 5492 et
927 5439 1172 5494 illustres
1204 5440 1413 5505 adiens,
1447 5441 1716 5497 obscurus
1743 5452 1791 5497 et
1822 5444 2046 5498 obtene-

571 5603 616 5633 “
662 5608 837 5663 Ecele.
865 5628 934 5674 tv,
972 5612 1057 5665 12.

2156 4434 2243 4488 διά
2277 4433 2465 4487 τούτου
2505 4435 2596 4487 τόν
2636 4434 2798 4488 πόθον
2835 4434 3006 4504 αὐτῆς
3045 4435 3509 4508 ὲκπληρώσωμεν.

2224 4611 2394 4680 Οὗτος
2442 4616 2736 4688 ὀφθαλμῶν
2782 4617 3035 4688 ἀσθενείᾳ
3065 4620 3125 4671 τὸ
3157 4620 3371 4690 πρῶτον
3416 4619 3728 4690 κατέχεται,

2153 4710 2219 4762 δι’
2240 4711 2304 4780 ἢν
2337 4712 2537 4781 ίατροῖς
2558 4709 2711 4779 ὄχλος
2731 4710 2957 4777 ἐγίνετο,
2979 4709 3277 4764 ἀποθέσθαι
3314 4713 3411 4780 μὲν
3435 4712 3613 4765 ποθῶν
3632 4714 3730 4783 τὴν

2154 4801 2459 4864 ἀσθένειαν,
2489 4802 2777 4855 ἀναλαϐεῖν
2805 4801 2860 4854 δὲ
2891 4802 2986 4871 τὴν
3016 4801 3121 4872 πρὸ
3145 4803 3346 4873 ταύτης
3379 4804 3674 4868 ἀπάθειαν,
3705 4807 3730 4858 ὃ

2156 4894 2355 4957 παντὸς
2380 4893 2732 4958 ἀσθενοῦντος
2760 4895 3064 4963 καθέστηκε
3094 4895 3399 4966 γνώρισμα.
3433 4896 3592 4948 Ἀλλά
3612 4896 3733 4948 τού-

2151 5003 2244 5038 του
2288 4988 2469 5054 τυχεῖν
2518 4987 2577 5038 ού
2628 4985 2942 5056 δεδύνηται,
2994 4988 3194 5055 πολλὴν
3250 4986 3448 5054 ἰατρῶν
3497 4987 3730 5057 ἀμοιϐὴν

2153 5077 2552 5145 ποιησάμενος’
2587 5077 2670 5129 ἀεὶ
2702 5076 2805 5146 γὰρ
2853 5076 3064 5129 διώκων
3090 5077 3179 5128 τὸν
3213 5077 3522 5146 κρείσσονα,
3553 5081 3730 5148 χεῖρον

2155 5168 2326 5220 ἐποίει
2376 5167 2435 5219 τὸ
2483 5167 2730 5236 νόσημαο
2783 5169 2877 5221 καὶ
2925 5168 3014 5221 τὸν
3046 5169 3103 5220 ἐν
3133 5168 3341 5231 τούτοις
3372 5167 3731 5237 περίϐλεπτον

2159 5259 2558 5328 ἀσπαζόμενος,
2595 5258 2861 5322 ἄϐλεπτος
2909 5259 3068 5322 αὐτὸς
3116 5258 3237 5312 κατ’
3263 5257 3441 5323 ὀλίγον
3473 5259 3694 5326 ἐγένετο
3717 5275 3729 5288 ·

2162 5351 2351 5420 μέχρις
2397 5343 2456 5402 οῦ
2510 5353 2622 5414 τοῖς
2668 5353 2935 5420 ἐμφανέσι
2985 5353 3078 5405 καὶ
3130 5351 3404 5421 λαμπροῖς
3453 5350 3720 5422 προσιὼν,

2159 5444 2368 5512 ἀφανὴς
2427 5445 2520 5497 καὶ
2573 5444 2832 5517 ἀλαμπὴς
2877 5445 3120 5516 διαμπὰξ
3168 5445 3581 5500 ἀποδείκνυται·
3638 5444 3734 5498 καὶ
