4020 6200
259 151 393 215 οῦδ]

1264 148 1366 211 SS.
1407 150 1585 211 CYRI
1616 152 1711 212 ET
1744 151 2067 213 JOANNIS
2102 151 2517 213 MIRACULA.

3396 142 3537 209 3'62

260 263 406 333 τάχα
431 261 532 315 ούκ
566 260 634 316 ἂν
662 259 785 315 οὐδὲ
814 260 935 314 τότε
958 259 1067 313 τῶν
1103 260 1299 331 ἰατρῶν
1326 261 1425 324 τὰς
1452 264 1639 334 χεῖρας
1669 262 1850 330 διέφυ-

1958 263 2151 319 brosus
2210 279 2437 332 prorsus
2474 273 2728 317 ostensus
2789 267 2893 315 est.
2948 257 3015 313 Et
3059 256 3200 312 forte
3254 271 3352 313 nec
3405 266 3532 313 tunc

261 368 381 421 γεν.
411 350 459 403 εἰ
495 349 570 421 μὴ
601 348 837 403 κενωθέν
866 348 926 401 τὸ
960 348 1262 419 βαλάντιον,
1294 350 1392 422 τήν
1420 352 1529 405 τῶν
1558 351 1850 423 ὀφθαλμῶν

264 444 580 515 ἐφανέρωσε
615 442 889 511 τύφλωσιν
912 460 925 473 ·
958 443 1052 495 σὺν
1084 442 1159 512 τῷ
1202 446 1312 514 γὰρ
1336 444 1683 516 όφθαλμιαίῳ
1712 446 1854 514 φωτὶ

264 538 359 590 καὶ
383 536 445 588 τὸ
476 533 822 605 βαλαντιαῖον
852 533 1055 602 φέγγος
1086 534 1335 599 ἐξέλιπεν
1358 552 1371 565 ο
1414 531 1587 606 οὗπερ
1617 537 1855 598 ἀνιάτως

266 629 613 700 νοσήσαντος,
655 627 749 680 καὶ
797 626 964 697 ρίὒσιν
1014 625 1198 679 λαϐεῖν
1244 627 1503 697 οὐδεμίαν
1556 626 1853 697 ἰσχύοντος,

266 723 442 775 νοσεῖν
478 720 574 773 καὶ
618 719 783 782 αὐτὸς
810 719 1046 780 ἀνιάτως
1079 718 1400 789 ἐμάνθανεν.
1442 719 1586 782 Ἕως
1614 719 1712 790 μὲν
1750 718 1857 791 γὰρ

266 808 334 884 ἦν
362 812 524 877 ἁδρὸν
555 812 615 865 τὸ
643 811 949 882 βαλάντιον,
981 811 1209 882 Θάρσει,
1239 812 1376 882 πρὸς
1398 813 1504 866 τῶν
1532 812 1731 884 ἰατρῶν
1762 830 1858 866 συ-

268 906 521 976 χνὸτερον
546 904 767 975 ἤκουεν,
797 903 891 956 καὶ
917 902 1094 974 λύπην
1127 902 1392 974 μηδαμῶς
1422 905 1558 976 μηδὲ
1584 906 1858 976 μέριμναν

271 998 509 1068 κέκτησο
535 1014 549 1028 ο
577 996 774 1050 θᾶττον
803 996 910 1067 γάρ
961 1012 1019 1048 σε
1065 996 1247 1059 καλῶς
1279 996 1497 1067 βλέπειν
1544 998 1856 1069 ἐλπίζομεν.

283 1089 502 1159 Ἐπειδὴ
537 1088 590 1141 δὲ
616 1086 679 1141 τὸ
714 1086 997 1158 βαλάντιον
1029 1087 1127 1157 τὴν
1158 1087 1391 1141 κένωσιν
1417 1088 1684 1143 πέπονθεν
1712 1091 1859 1161 (συν-

270 1180 511 1253 ερῤύηκε
536 1180 645 1250 γὰρ
673 1179 940 1234 καὶτοῦτο
970 1182 1079 1243 τοῖς
1110 1179 1399 1250 ὄμμασιν),
1422 1181 1619 1251 πάσχει
1646 1183 1740 1235 καὶ
1765 1182 1862 1236 αύ-

268 1274 359 1337 τὸς
404 1273 504 1328 σὺν
547 1271 724 1344 τούτῳ
768 1271 867 1343 τὴν
923 1272 1199 1342 στέρησιν,
1232 1273 1298 1343 ἢν
1324 1272 1720 1341 προπεπονθώς
1751 1274 1859 1327 τῶν

268 1367 535 1437 ὀμμάτων
547 1364 861 1436 ἐτύγχανεν.
881 1364 1137 1430 Ἀπελθε,
1158 1364 1295 1436 πρὸς
1311 1366 1491 1420 αὐτῶν
1508 1366 1858 1431 ἐπυνθάνετο,

279 1458 469 1529 μηδείς
499 1474 558 1510 σε
602 1456 811 1525 θνητῶν
846 1457 1206 1523 άπατήσειεν,
1256 1456 1429 1524 λέγων
1481 1457 1558 1518 ώς
1602 1456 1726 1527 ὄψει
1768 1456 1861 1511 τὸν

270 1551 450 1621 ἧλιον’
499 1549 557 1603 αἰ
602 1548 762 1618 κόραι
805 1547 914 1618 γάρ
959 1565 1055 1601 σου
1096 1546 1448 1619 διέρρευσαν,
1482 1548 1576 1601 καὶ
1608 1550 1860 1621 ἀλλήλοις

1957 355 2293 409 medicorum
2328 368 2525 408 manus
2551 351 2852 422 elTugissel,
2879 349 2984 404 nisi
3008 356 3537 405 evacuatus-sacru-

1957 447 2062 510 lus,
2097 446 2377 501 oculorum
2424 447 2721 501 cmcitalem
2754 441 3176 499 manifestasset.
3228 441 3364 496 Cum
3402 455 3536 494 ocu-

1915 542 2132 617 ‘lorum
2165 540 2369 611 quippe
2425 539 2631 593 lumine
2681 537 2942 608 splendor
2974 536 3177 591 defecit
3224 535 3531 603 marsupii;

1956 631 2047 700 qui
2078 646 2199 686 eum
2230 631 2604 688 insatiabiliter
2629 629 2983 699 clanguisset,
3006 635 3059 683 et
3091 628 3381 683 sanitatem
3412 627 3535 679 nn!-

1956 723 2064 776 lam
2097 722 2344 793 accipere
2370 721 2654 783 valuisset,
2688 720 2947 790 languere
2979 727 3034 773 et
3065 719 3181 789 ipse
3211 718 3539 773 insanabili-

1958 823 2040 869 tcr
2070 813 2281 868 didicit.
2336 812 2520 867 Donec
2551 811 2697 867 enim
2758 800 3096 881 marstipium
3136 809 3349 881 dapsile
3405 807 3533 867 fuit.

1951 902 2187 967 Conﬁdo,
2229 920 2259 960 a
2316 905 2545 960 medicis
2624 904 2831 974 saepius
2888 902 3189 969 audiebat,
3256 902 3537 959 tristitiam

1961 1012 2304 1068 nequaquam
2340 1012 2519 1067 neque
2542 994 2971 1053 sollicitudinem
2995 993 3161 1058 habe,
3197 994 3364 1050 citius
3391 995 3537 1048 enim

1961 1102 2011 1147 te
2045 1092 2183 1146 bene
2220 1090 2403 1145 videre
2433 1103 2743 1158 speramus.
2779 1085 2920 1153 Quia
2953 1100 3086 1142 vero
3118 1084 3265 1141 follis
3299 1100 3539 1141 evacuav

1962 1187 2165 1240 tionem
2200 1199 2396 1254 passus
2421 1191 2529 1246 est,
2581 1180 2967 1237 eﬂluxitenim
3031 1180 3198 1236 etiam
3253 1180 3358 1235 iste
3413 1195 3536 1234 cum

1960 1276 2159 1337 oculis,
2190 1275 2397 1344 patitur
2421 1281 2474 1326 et
2504 1273 2622 1341 ipse
2649 1286 2773 1326 cum
2811 1272 2915 1326 boc
2942 1270 3334 1340 privationem,
3372 1285 3536 1340 quam

1959 1377 2014 1422 et
2045 1381 2243 1437 passus
2271 1365 2325 1419 in
2352 1365 2528 1418 oculis
2555 1364 2967 1431 fuerat;Vade,
3017 1363 3085 1416 ab
3130 1363 3209 1418 eis
3259 1362 3539 1427 audiebat,

1960 1461 2145 1514 nullus
2168 1470 2221 1513 te
2248 1445 2568 1512 mortalium
2608 1456 2846 1526 decipiat
2897 1456 3088 1511 dicens
3121 1456 3268 1526 quod
3317 1456 3541 1510 visurus

1960 1553 2040 1607 sis
2071 1550 2276 1614 solem;
2310 1547 2530 1617 pupillae
2553 1547 2755 1616 quippe
2790 1546 2888 1600 tibi
2943 1546 3314 1610 deﬂuxerunt,
3347 1554 3405 1602 et
3428 1547 3542 1616 pal-

273 1616 560 1708 ﬁta’Yn'ti
593 1616 861 1707 βλέφαρα.
886 1616 1042 1706 -Ὄρα
1081 1616 1270 1707 μηδείς
1314 1654 1406 1690 σου
1442 1637 1607 1706 φάγοι
1636 1616 1747 1692 τῶν
1776 1641 1857 1694 ἰα-

1960 1644 2137 1711 pebrae
2160 1616 2352 1695 mutuo
2368 1616 2667 1710 congelatur
2689 1646 2837 1693 sunt.
2872 1636 3030 1701 Vide,
3065 1637 3249 1692 nullus
3276 1652 3338 1691 ex
3373 1637 3544 1691 medi-

274 1731 418 1799 τρῶν
448 1730 508 1783 τὸ
535 1733 821 1801 ἀργύριον,
854 1729 1037 1799 μόνοις
1066 1746 1126 1782 σε
1160 1731 1330 1784 ποιῶν
1359 1734 1470 1795 τοῖς
1496 1732 1671 1800 λόγοις
1703 1733 1855 1787 εὐέλ-

277 1824 427 1889 πιδα,
470 1824 780 1895 εύόμματον
817 1823 875 1877 δὲ
915 1826 1094 1876 ποιεῖν
1130 1824 1192 1876 ού
1229 1823 1548 1896 δυνάμενος.

345 2006 567 2070 Ταύτας
617 2006 869 2076 Ἰωάννης
919 2006 1019 2068 τὰς
1066 2005 1374 2076 ἀποφάσεις
1415 2008 1728 2080 δεξάμενος,
1751 2012 1859 2065 ἔτι-

273 2117 382 2172 περ
413 2098 654 2169 ἐνοχλεῖν
686 2101 888 2170 ἰατροῖς
914 2100 1015 2153 ούκ
1045 2099 1297 2170 ηδύνατο,
1325 2100 1427 2156 οὐκ
1461 2103 1649 2175 ἐπειδὴ
1696 2104 1858 2175 μόνον

274 2192 350 2256 ὡς
390 2191 571 2244 οὐκέτι
616 2190 802 2261 βλέψοι
836 2191 1180 2265 μεμάθηκεν,
1229 2190 1346 2245 ἀλλ’
1388 2193 1471 2247 ὅτι
1511 2194 1608 2247 καὶ
1640 2195 1871 2269 χρημάοι

279 2302 383 2338 των
400 2285 648 2355 ἐχήρευε,
672 2284 739 2337 δι’
760 2277 834 2338 ὧν
868 2286 1092 2355 ἰατροὺς
1122 2284 1532 2355 θεραπεύσειεν.
1569 2287 1657 2340 Ἐν
1682 2288 1856 2358 τούτῳ

279 2372 515 2442 γεγονὼς
537 2374 949 2438 καταστάσεως,
973 2374 1177 2445 ἰατρῶν
1201 2374 1386 2428 πλεῖον
1408 2375 1730 2447 δυνάμενον,
1765 2380 1858 2432 καὶ

273 2464 499 2537 γνώμην
525 2466 725 2537 ἰατρῶν
742 2466 1043 2538 χρημάτων
1070 2466 1131 2518 ού
1152 2465 1422 2538 χρῄζοντα
1451 2467 1661 2538 ἔχοντα,
1688 2469 1779 2523 καὶ
1794 2469 1856 2522 ού

272 2556 433 2613 τοῦτο
460 2558 644 2629 μόνον,
676 2558 813 2613 ἀλλὰ
842 2558 939 2613 καὶ
963 2558 1053 2613 τὸν
1078 2560 1358 2631 ἄρρωστον
1389 2561 1662 2630 τρέφοντα
1684 2577 1695 2590 ·
1720 2562 1859 2633 ὅπερ

272 2649 551 2722 ἐπιζητῶν
587 2651 1029 2723 σπουδαιότερον,
1057 2652 1199 2705 κατὰ
1218 2651 1316 2723 τὴν
1340 2654 1608 2724 σωτήριον
1634 2653 1856 2725 εὕρισκε

272 2742 601 2815 πρόρρησιν,
627 2744 723 2797 καὶ
748 2742 960 2815 κροτῶν
990 2742 1407 2816 συντονώτερον,
1442 2744 1613 2816 θύρας
1646 2746 1857 2818 ήνεῳγο

275 2834 445 2905 μένης
490 2835 811 2905 ἐτύγχανεν.
860 2835 1044 2906 Κῦρον
1089 2834 1196 2907 γὰρ
1236 2836 1340 2889 οὐκ
1372 2836 1453 2899 εἰς
1508 2840 1728 2909 μακράν
1762 2840 1857 2893 καὶ

283 2926 542 2995 Ἰωάννην
591 2928 651 2981 ἐν
694 2926 1075 2999 Ἀλεξανδρείᾳ
1118 2927 1452 2983 πυνθάνεται
1496 2930 1642 2994 οἵους
1676 2932 1858 3003 εὑρεῖν

1957 1736 2039 1792 cis
2076 1734 2366 1805 pecuniam
2394 1742 2542 1786 tuam
2578 1731 2891 1791 manducet,
2920 1729 3055 1783 solis
3082 1739 3134 1783 te
3190 1726 3401 1783 faciens
3444 1728 3544 1784 bo-

1959 1843 2042 1883 nae
2071 1827 2187 1896 spei
2247 1825 2621 1885 sermonibus,
2654 1837 2779 1877 cum
2832 1822 2995 1876 bonis
3036 1829 3090 1876 te
3144 1821 3323 1877 oculis
3365 1821 3544 1876 facere

1907 1938 1913 1943 '
1957 1930 2213 1994 nequeat.

2036 2015 2132 2070 llis
2168 2011 2410 2068 Joannes
2441 2009 2685 2079 acceptis
2750 2006 3065 2071 sententiis,
3117 2005 3259 2061 ultra
3316 2004 3543 2061 medicis

1958 2107 2230 2163 molestus
2259 2119 2387 2161 esse
2406 2118 2517 2157 non
2547 2109 2761 2172 poterat
2787 2115 2801 2164 ;
2837 2113 2944 2153 non
2978 2108 3192 2152 tantum
3218 2098 3366 2169 quia,
3394 2100 3541 2169 quod

1958 2217 2067 2257 non
2162 2208 2313 2255 esset
2367 2196 2512 2249 ultra
2593 2194 2816 2247 visurus
2870 2190 3160 2256 didicerat,
3247 2190 3343 2246 sed
3393 2191 3541 2260 quod

1958 2295 2122 2351 etiam
2156 2290 2405 2362 pecuniis
2435 2288 2729 2343 destitutus
2763 2290 2927 2347 esset,
2959 2299 3058 2353 per
3089 2299 3227 2354 quas
3254 2282 3397 2338 l'oret
3425 2298 3541 2337 mc-

1958 2383 2111 2438 dicos
2136 2380 2472 2450 placaturus.
2506 2373 2562 2427 ln
2592 2372 2693 2427 hoc
2745 2373 3070 2431 deveniens.
3126 2370 3398 2425 medicum
3458 2371 3543 2424 in-

1960 2472 2267 2543 vesugabat
2298 2471 2392 2540 qui
2439 2469 2563 2538 plus
2616 2466 3088 2536 medicisposset,
3121 2463 3326 2534 quique
3366 2463 3542 2517 medi-

1958 2579 2148 2621 corum
2189 2563 2415 2618 haberet
2451 2560 2718 2624 animum,
2748 2558 2840 2628 qui
2876 2556 3126 2627 pecuniis
3166 2572 3273 2612 non
3322 2564 3540 2627 egeret;

1958 2667 2015 2714 et
2041 2671 2151 2711 non
2177 2655 2353 2711 solum
2385 2654 2511 2717 hoc,
2538 2651 2633 2707 sed
2659 2661 2713 2705 et
2737 2650 2832 2721 qui
2862 2648 3138 2703 inlirmum
3167 2648 3355 2703 aleret.
3386 2645 3540 2712 Quod

1959 2749 2263 2806 studiosius
2317 2746 2642 2817 requirens,
2711 2742 3015 2800 secundum
3074 2742 3279 2810 reperit
3333 2741 3538 2796 salu'a-

1960 2858 2020 2898 re
2055 2841 2170 2914 (35)
2215 2840 2571 2903 vaticinium;
2602 2845 2649 2892 et
2705 2831 2933 2907 pulsan's
2966 2836 3283 2898 instantius,
3338 2845 3416 2887 ost
3455 2851 3480 2882 η
3512 2854 3539 2883 οι

1961 2943 2213 3006 apertum
2245 2932 2479 3002 adeptus
2505 2938 2612 2984 est.
2644 2930 2846 3000 Cyrum
2918 2941 3155 2997 namque
3208 2941 3315 2979 non
3383 2926 3537 2983 Ion,"

268 3016 446 3072 ἐθέλοι
475 2992 571 3071 καὶ
600 3018 870 3089 γλίχεται,
902 2992 1112 3074 πιστῶν
1146 3019 1313 3074 αὑτοῦ
1343 2992 1670 3093 νοσημάτων
1699 2992 1859 3079 δύνά·

1963 3036 2126 3098 atque
2157 3025 2445 3085 Joannem,
2477 3022 2528 3076 id
2557 3030 2642 3076 est
2664 3018 3013 3075 Alexandriae
3043 3018 3348 3074 consistere
3368 3016 3541 3075 audit,

272 3127 422 3181 μεως
456 3111 800 3183 κρείσσονας.
838 3110 951 3165 Καὶ
982 3109 1141 3164 τοῦτο
1174 3112 1384 3184 μαθὼν,
1428 3114 1629 3184 μᾶλλον
1656 3113 1714 3168 δὲ
1741 3133 1859 3169 πει⁴

270 3196 442 3262 σθεὶς,
475 3197 775 3268 ἐπειδήπερ
802 3200 867 3252 ἐκ
902 3200 1094 3269 φήμης
1130 3201 1261 3254 αὐτὸ
1301 3203 1699 3273 προεγίνωσκε,
1730 3204 1857 3259 θᾶτ-

268 3302 360 3339 τον
390 3288 519 3350 τοὺς
550 3287 736 3354 ἁγίους
767 3290 1092 3356 κατέλαϐεν,
1119 3292 1243 3361 ὅρον
1277 3293 1575 3348 ἀσάλευτον
1606 3296 1856 3368 θέμενος,

272 3376 349 3449 μὴ
383 3377 646 3431 εἰσελθεῖν
675 3379 837 3433 αὑτὸν
857 3380 918 3434 τὸ
950 3382 1246 3452 σεϐάσμιον
1271 3385 1518 3456 τέμενος,
1545 3389 1593 3441 εί
1627 3389 1701 3459 μὴ
1743 3389 1859 3459 φῶς

271 3467 521 3521 θεάσοιτο
555 3471 845 3541 πρότερον,
878 3472 973 3526 καὶ
1003 3474 1112 3527 τῶν
1155 3473 1421 3546 ὀμμάτων
1465 3479 1730 3533 ἀποϐάλοι
1760 3481 1858 3553 τὴν

274 3561 522 3653 πήρωσιν
547 3578 561 3592 ·
595 3563 692 3615 καὶ
721 3564 810 3617 τὸν
845 3567 1044 3620 οἰκεῖον
1071 3568 1197 3638 ὅρον
1233 3570 1374 3638 μετὰ
1404 3570 1635 3653 δοκλμὴν
1670 3574 1730 3626 ού
1759 3590 1857 3643 με-

278 3652 431 3722 τρίαν
451 3653 793 3735 ἐπλήρωσεν,
816 3657 875 3709 τὸ
893 3658 1110 3728 Ὥμοσα
1129 3661 1222 3714 καὶ
1242 3660 1465 3732 ἔστησα,
1481 3652 1655 3732 λέγων
1676 3666 1859 3735 συχνό-

277 3761 463 3815 τερονι
486 3748 581 3802 καὶ
609 3734 685 3804 τά
707 3751 1121 3823 ἐκπορευόμενα
1146 3755 1211 3807 ἐκ
1248 3756 1355 3807 τῶν
1379 3756 1602 3826 χειλέων
1632 3775 1735 3827 μου
1758 3759 1858 3813 ούκ

274 3838 546 3911 ἀθετήσω,
582 3842 721 3912 μετὰ
752 3844 847 3897 τοῦ
874 3847 1238 3916 Μελογράφου
1272 3848 1564 3919 βοώμενος.
1603 3852 1716 3923 Πρὸ
1750 3852 1855 3925 γάρ

270 3930 371 3999 τῆς
399 3932 495 3986 τοῦ
520 3933 626 3987 νεὼ
653 3934 826 4007 θύρας
862 3937 1120 4010 ἐκάθητο,
1149 3939 1418 4005 ἀνέκειτο,
1451 3941 1659 4012 ήσθιεν,
1690 3942 1855 3997 ἐκάθ-

276 4023 462 4077 ευδεν·
499 4027 558 4078 ἐν
588 4026 707 4098 ὥρᾳ
758 4029 857 4098 μὲν
909 4029 1103 4101 θέρους
1147 4031 1539 4102 καυσούμενος,
1576 4036 1631 4086 ἐν
1680 4034 1856 4107 καιρῷ

274 4116 330 4169 δὲ
374 4117 645 4187 χειμῶνος
672 4120 1020 4193 πηγνύμενος
1045 4136 1058 4151 ⁸
1094 4123 1189 4176 καὶ
1235 4125 1365 4177 ποτὲ
1413 4125 1510 4194 μὲν
1542 4126 1719 4191 ὑετοῖς
1760 4128 1856 4180 λα-

269 4207 556 4281 ϐροτέροις
589 4211 943 4284 βρεχόμενος,
975 4216 1107 4269 ποτὲ
1153 4216 1210 4271 δέ
1255 4217 1643 4288 σφοδροτέραις
1673 4220 1853 4274 ἀκτῖσι

268 4300 625 4371 φλεγόμενος,
659 4306 800 4377 ὑπὲρ
845 4308 1091 4377 κεφαλῆς
1135 4308 1276 4379 ἔχων
1310 4309 1403 4363 τὸν
1446 4311 1600 4382 ἥλιον
1638 4312 1854 4385 ἡμέρας

268 4394 625 4461 συγκαίοντα,
648 4400 743 4453 καὶ
774 4399 967 4465 νυκτὸς
997 4399 1094 4471 τὴν
1128 4401 1358 4472 σελήνην
1382 4402 1703 4458 ἐκλύουσαν.

268 4482 638 4545 inﬂammatus
666 4505 682 4553 ;
750 4505 914 4560 supra

266 4588 374 4636 tem
383 4620 397 4635 .

338 4670 496 4726 Οὕτω
526 4672 583 4725 δὲ
618 4673 847 4745 χρόνους
886 4674 1032 4728 ὀκτὼ
1071 4676 1385 4743 διατελέσας
1414 4680 1727 4751 ὑπαίθριος,
1754 4682 1850 4736 καί

268 4762 366 4835 τήν
398 4765 611 4820 οἰκείαν
653 4768 752 4820 οὐκ
796 4769 1075 4840 ἀτιμάσας
1111 4770 1407 4840 ἀπόφασιν,
1432 4774 1544 4826 οὐδ’
1579 4775 1849 4845 ἀτιμάσαι

268 4857 645 4928 προσδοκήσας
689 4858 769 4921 εἰς
799 4858 1074 4932 instead)
1118 4862 1453 4933 ποιήσασθαι
1496 4864 1594 4935 τὴν
1635 4866 1849 4921 ἐκεῖθεν

262 4947 556 5015 ἀπόϐασιν,
581 4950 631 5002 εἰ
669 4949 765 5003 καὶ
814 4950 975 5024 μέχρι
1002 4950 1235 5006 θανάτου
1278 4952 1475 5020 τυφλὸς
1514 4954 1845 5020 ἐξετάζοιτο.

264 5038 430 5091 Ὅθεν
463 5038 703 5093 ἐπαίνων
741 5040 841 5111 μὲν
871 5041 968 5111 τῆς
997 5041 1140 5096 οὕτω
1165 5044 1431 5116 σταθερᾶς
1460 5044 1552 5098 τοῦ
1582 5045 1845 5120 λογισμοῦ

261 5128 357 5180 καὶ
394 5126 619 5197 βεϐαίας
668 5130 906 5199 κρίσεως
939 5128 1110 5195 ἄξιος,
1145 5130 1297 5201 παρὰ
1326 5132 1473 5185 πᾶσι
1504 5134 1616 5196 τοῖς
1644 5134 1847 5190 εἰδόσιν

262 5217 533 5288 ἐκρίνετο,
584 5219 738 5291 παρὰ
784 5223 897 5284 τοῖς
944 5222 1180 5292 μάρτυσι
1213 5224 1309 5276 καὶ
1361 5222 1573 5288 τελείας
1626 5224 1842 5290 ἰάσεως.

273 5309 629 5376 Ἐπιστᾶντες
654 5312 787 5380 γοῦν
815 5313 966 5383 αύτῷ
1011 5315 1205 5379 νυκτὸς
1225 5354 1239 5378 ,
1271 5314 1347 5379 ὼς
1373 5316 1689 5385 ἐκάθευδεν,
1742 5319 1841 5391 τὴν

262 5399 452 5469 ὑγείαν
478 5401 801 5473 παρέχουσι,
836 5404 930 5457 καὶ
956 5403 1016 5458 τὺ
1039 5403 1261 5475 βλέπειν
1288 5406 1630 5478 χαρίζονται,
1665 5408 1841 5480 λόγοις

1024 4499 1190 4560 caput
1264 4491 1473 4549 habens
1547 4487 1719 4550 solem
1791 4493 2027 4550 interdiu
2097 4496 2541 4546 concretnantem
2581 4527 2595 4551 ,

1960 3121 2153 3193 quales
2178 3116 2429 3172 invenire
2458 3113 2620 3169 vellet
2652 3120 2706 3168 et
2745 3117 2993 3181 cuperet,
3026 3111 3231 3180 quique
3284 3108 3402 3163 suis
3463 3106 3544 3161 fo-

1957 3223 2083 3269 rent
2111 3213 2313 3268 virtute
2344 3208 2706 3281 languoribus
2737 3206 3012 3260 fortiores.
3060 3207 3124 3258 Et
3150 3204 3253 3258 hoc
3287 3202 3543 3258 ediscens

1958 3307 2069 3361 imo
2121 3305 2393 3364 credens,
2456 3302 2717 3371 quoniam
2771 3297 2824 3352 id
2859 3297 2973 3367 jam
3005 3313 3069 3350 ex
3110 3296 3250 3350 fama
3295 3311 3541 3354 noverat,

1958 3394 2026 3449 ad
2076 3405 2299 3449 sanctos
2363 3392 2620 3445 celeriter
2676 3386 2848 3452 venit,
2905 3385 3225 3440 deﬁnitione
3276 3385 3541 3439 immobili

1959 3486 2160 3556 posita,
2191 3499 2299 3539 non
2347 3497 2406 3538 se
2440 3482 2819 3550 ingressurum
2873 3492 3063 3533 eorum
3121 3477 3338 3532 celebre
3405 3484 3533 3529 tcm.

1957 3578 2132 3649 plum,
2165 3576 2268 3630 nisi
2300 3575 2450 3638 prius
2492 3573 2670 3626 lucem
2701 3568 2954 3632 vidisset,
2990 3576 3045 3622 et
3076 3569 3376 3622 caecitatem
3410 3583 3543 3621 ocu-

1957 3670 2139 3724 lorum
2174 3665 2542 3735 deposuisset.
2585 3663 2654 3718 Et
2683 3661 2964 3732 propriam
3019 3659 3388 3715 deﬁnitionem
3425 3671 3544 3728 post

1958 3775 2071 3816 non
2101 3755 2436 3813 mediocrem
2491 3753 2877 3825 probationem
2920 3751 3191 3822 implevit,
3240 3748 3430 3805 Juravi
3491 3760 3543 3804 rt

1959 3851 2150 3916 statui,
2182 3848 2384 3918 saepius
2434 3847 2648 3911 dicens,
2684 3853 2738 3900 et
2769 3860 2891 3915 quae
2952 3843 3259 3913 procedunt
3316 3859 3411 3913 per
3463 3843 3544 3896 la-

1958 3941 2047 3997 bia
2085 3952 2206 3993 mea
2247 3951 2351 3991 non
2390 3935 2587 3989 faciam
2623 3934 2800 4000 irrita,
2843 3949 2968 3989 cum
3030 3930 3387 4002 Melograpbo
3429 3931 3542 3985 cla-

1960 4046 2141 4086 mans.
2199 4027 2318 4082 Prte
2369 4026 2583 4081 foribus
2637 4024 2781 4079 enim
2848 4023 3034 4091 templi
3098 4021 3345 4084 sedebat,
3396 4020 3543 4090 jec-

1960 4122 2072 4186 bat,
2108 4118 2502 4179 mandueabat,
2544 4123 2597 4170 et
2626 4115 2957 4179 dormiebat,
3019 4126 3265 4184 tempore
3318 4113 3538 4183 quidem

1958 4213 2167 4269 aestatis
2205 4210 2458 4270 adustus,
2519 4217 2769 4276 tempore
2837 4218 3020 4261 autem
3080 4207 3276 4261 hiemis
3336 4220 3537 4275 conge-

1962 4308 2146 4371 latus;
2222 4313 2277 4361 et
2362 4302 2524 4358 modo
2597 4301 2822 4372 quidem
2902 4301 3264 4355 validioribus
3346 4299 3536 4353 imbri.

1880 4395 1926 4451 D
1958 4403 2060 4457 bus
2090 4398 2426 4467 complutns,
2469 4396 2631 4450 modo
2668 4403 2851 4450 autem
2910 4395 3325 4450 vehementibus
3370 4392 3536 4448 radiis
3595 4454 3605 4464 ,

2658 4494 2712 4542 et
2770 4495 2935 4541 noctu
2989 4486 3176 4541 lunam
3246 4486 3536 4544 exsolven-

2028 4676 2234 4731 Taliter
2266 4681 2448 4727 autem
2484 4686 2658 4727 annos
2688 4678 2813 4725 octo
2856 4672 2959 4726 sub
3014 4671 3143 4727 divo
3200 4674 3531 4742 transigens.

1957 4778 2009 4825 et
2051 4768 2325 4839 propriam
2360 4780 2466 4818 non
2497 4779 2765 4832 spernens
2789 4765 3139 4827 sententiam,
3173 4780 3351 4835 neque
3383 4764 3535 4819 dein-

1955 4876 2086 4932 ceps
2138 4874 2198 4914 se
2257 4856 2467 4911 irritam
2527 4855 2799 4909 facturum
2853 4864 3198 4923 exspectans.
3263 4864 3355 4908 ant
3408 4856 3535 4911 inde

1958 4949 2232 5005 facturum
2262 4948 2493 5008 exitum,
2530 4943 2694 4998 etiam
2739 4943 2784 4998 si
2819 4958 2996 5013 nSque
3053 4945 3119 4997 ad
3157 4953 3387 4999 mortem
3422 4961 3533 5000 ca:-

1956 5057 2056 5097 cus
2088 5039 2229 5095 foret
2278 5036 2618 5108 probandus.
2671 5033 2831 5091 Unde
2867 5035 3124 5090 laudibus
3153 5036 3371 5106 quidem
3427 5047 3534 5089 tam

1955 5132 2265 5190 constantis
2292 5130 2456 5185 animi
2492 5138 2547 5183 et
2574 5129 2788 5185 stabilis
2816 5129 3011 5198 judicii
3044 5130 3187 5200 apud
3222 5142 3414 5185 omnes
3442 5129 3535 5198 qui

1955 5232 2221 5281 noverant
2258 5221 2656 5278 decernebatur
2689 5219 2784 5292 [ex
2820 5220 2971 5293 Gn],
3032 5232 3084 5277 et
3132 5220 3275 5292 apud
3331 5231 3538 5290 marty-

1955 5333 2045 5373 res
2103 5315 2268 5371 etiam
2325 5314 2565 5384 perfecta
2631 5314 2868 5370 sanitate
2908 5315 3106 5385 dignus
3160 5316 3533 5385 jutlicabatur.

1955 5410 2295 5466 Assistcntcs
2326 5420 2457 5477 ergo
2485 5407 2531 5461 ei
2552 5414 2712 5461 noctu
2743 5406 3058 5473 dormienti,
3088 5409 3376 5464 sanitatem
3403 5424 3539 5480 pre-

1786 5504 2017 5563 NOTAE.

368 5587 482 5661 (55)
521 5588 887 5652 Hellenismus
922 5612 1021 5667 pro
1051 5596 1370 5655 Salvatoris.
