3998 6200
490 218 649 281 366:}

1481 225 1896 292 ΞΟΡΠΒΟΝΙΙ
1921 228 2423 290 ΡΑΤΙΠᾹΒΟΗίΕ
2489 227 2887 288 HIEROSOL.

3617 222 3758 291 3661

500 332 656 397 bent,
694 340 747 386 et
785 334 964 390 videre
1017 335 1239 400 donant,
1294 337 1473 393 verbis
1527 340 1629 392 hoc
1681 338 1960 407 iubentes.
2017 345 2070 390 et

2177 332 2330 386 τοῦτο
2365 333 2741 396 κελεύσαντες,
2777 335 2871 385 καὶ
2891 332 2998 385 τῶν
3024 331 3285 402 ὀμμάτων
3318 331 3591 403 ἁψάμενοι
3613 373 3626 396 ,
3654 335 3749 385 καὶ

504 423 695 477 oculos
721 431 1019 494 tangentes,
1054 435 1106 479 et
1143 441 1248 480 non
1297 427 1754 484 medicaminibus
1799 429 1876 482 uti
1936 441 2074 495 pra:-

505 511 796 580 cipieutes.
851 513 1094 579 Qualiter
1125 523 1304 569 tamen
1331 517 1409 570 vel
1462 520 1737 586 quomodo
1769 518 2076 587 aperientes

505 607 696 657 oculos
724 611 1048 673 expurgant,
1108 620 1454 676 nequaquam
1483 606 1793 662 didicimus.
1829 607 2073 679 Surgens

505 693 649 746 enim
688 702 807 762 post
835 696 1106 749 somnium
1144 712 1173 750 e
1202 705 1397 764 stratu,
1427 697 1616 754 eadem
1649 699 1925 754 mediante
1977 715 2075 754 no-

505 796 592 839 cte
639 785 906 855 sinopidis
946 797 1170 858 accepto
1208 791 1413 856 colore,
1472 793 1562 861 qui
1615 791 1846 846 ﬂammae
1880 791 2075 846 similis

503 885 608 937 est,
647 877 759 931 haec
796 879 849 932 in
881 880 1090 948 pariete
1117 881 1207 950 qui
1235 889 1319 936 est
1345 889 1470 937 ante
1499 891 1708 953 portam
1745 883 1928 952 templi
1982 883 2072 936 ubi

500 977 556 1020 et
580 968 794 1036 jacebat
815 971 1132 1041 descripsit.
1180 991 1199 1025 t
1240 973 1350 1045 Ego
1399 973 1636 1030 Joannes
1672 977 1922 1029 maximae
1975 991 2071 1028 ur-

505 1058 800 1115 bisliomze
834 1062 1121 1126 oriundus,
1170 1077 1294 1118 cum
1337 1079 1431 1133 per
1481 1074 1605 1118 octo
1669 1078 1843 1119 annos
1895 1079 2072 1118 caecus

503 1151 751 1218 fuissem,
792 1154 878 1208 hic
912 1170 1005 1224 per
1035 1163 1346 1210 sanctorum
1382 1155 1505 1227 Cyri
1537 1165 1590 1211 et
1619 1155 1846 1211 Joannis
1903 1156 2075 1209 virtu-

502 1249 610 1292 tein
658 1242 1054 1310 perseverando
1084 1242 1262 1298 visum
1314 1245 1490 1313 recepi
1533 1261 1577 1297 ι.
1638 1242 1702 1297 Ει
1749 1244 1936 1298 colore
1987 1242 2073 1298 his

503 1333 763 1399 exaratis,
822 1333 1213 1404 ingressusque
1261 1334 1455 1389 videns
1502 1334 1554 1396 in
1606 1335 1867 1403 templum
1930 1334 2070 1387 sicut

506 1421 851 1488 promiserat,
881 1433 931 1476 et
967 1423 1220 1492 precibus
1250 1405 1512 1492 impensis
1530 1423 1868 1493 martyribus
1892 1422 2074 1492 prius-

505 1529 668 1582 quam
725 1530 887 1584 super
940 1524 1138 1570 terratn
1187 1515 1271 1570 sol
1313 1514 1488 1580 ﬁeret,
1519 1522 1572 1570 et
1621 1530 1716 1570 eos
1764 1516 1855 1585 qui
1909 1529 2074 1579 super

493 1613 705 1660 ‘terram
725 1615 885 1662 erant
907 1607 1076 1662 radiis
1099 1607 1418 1673 illustraret,
1442 1607 1596 1662 laetus
1621 1605 1880 1662 discessit
1904 1622 1919 1672 ;
1954 1621 2069 1660 me-

507 1698 730 1750 moriale
762 1698 994 1767 propria:
1024 1697 1431 1760 benevolentiae,
1478 1684 1888 1768 martyrutnque
1942 1712 2069 1766 gra-

503 1789 592 1842 tim
624 1789 1103 1858 prmdicamentum
1153 1789 1365 1844 litteras
1395 1805 1531 1859 quas
1578 1788 1694 1844 ﬁxit
1752 1791 1805 1843 in
1865 1791 2070 1859 pariete

504 1882 908 1952 derelinquens.
944 1879 1116 1936 Porro
1180 1897 1282 1937 nos
1347 1881 1513 1951 hujus
1561 1881 1936 1952 redemptione
1985 1880 2067 1934 vi-

504 1988 600 2028 sus
650 1972 862 2038 edit-ta,
926 1978 980 2025 ct.
1025 1971 1238 2024 cantico
1295 1971 1504 2024 sanctis
1561 1985 1659 2039 pro
1714 1969 1814 2022 hac
1873 1969 2065 2032 relato,

499 2063 568 2116 ad
622 2078 720 2118 uos
779 2063 928 2132 ipsos
978 2063 1250 2116 calamum
1301 2067 1708 2122 convertamus,
1767 2069 1820 2113 et
1874 2059 2067 2114 oculo-

504 2168 620 2208 rum
653 2152 1082 2206 incolumitatem
1122 2161 1434 2207 nostrorum
1467 2151 1792 2212 scribamus,
1830 2148 2066 2203 novissi-

501 2247 748 2302 tnos'nos
777 2246 918 2301 inter
949 2244 1213 2299 miracula
1241 2259 1358 2312 quae
1387 2243 1589 2313 scripta
1617 2250 1745 2296 sunt
1779 2241 2064 2296 facientes.

502 2357 661 2413 LXX.
699 2357 772 2412 De
825 2357 1119 2426 Sophronia
1163 2354 1454 2416 monacho,
1501 2355 1592 2426 qui
1652 2353 1762 2410 luet:
1818 2353 2065 2421 scripsit,

1097 2427 1276 2481 oculos
1321 2441 1500 2495 passo.

573 2542 762 2614 Magna
791 2551 845 2599 et
871 2542 1018 2599 clara
1045 2549 1131 2598 est
1181 2541 1300 2614 ejus
1328 2541 1421 2612 qui
1449 2555 1479 2594 a
1509 2539 1778 2595 daemonio
1829 2539 2068 2595 vexaba-

501 2649 590 2690 tur
610 2635 847 2702 devmio,
877 2635 969 2705 qui
1015 2644 1141 2689 ante
1195 2642 1426 2688 mortem
1475 2629 1754 2684 habitabat
1792 2629 1846 2682 in
1882 2643 2070 2683 monu-

502 2730 720 2796 mentis,
753 2729 896 2782 sicut
935 2728 1178 2782 divinum
1217 2726 1267 2781 ei
1296 2725 1572 2796 eloquium
1602 2723 1850 2793 perhibet
1911 2722 2066 2776 testi-

501 2821 766 2873 inonium.
806 2818 850 2870 A
899 2815 1184 2872 Salvatore
1234 2816 1436 2886 quippe
1481 2815 1584 2870 iste
1639 2813 1731 2884 qui
1778 2813 2067 2867 sanitatem

502 2909 814 2978 recepisset,
847 2915 901 2962 et
937 2907 1142 2978 fugeret
1169 2907 1444 2962 daemonas
1480 2905 1571 2976 qui
1614 2905 1667 2959 in
1696 2920 1755 2959 se
1796 2905 1916 2958 sine
1947 2917 2074 2972 par-

2179 425 2492 495 φαρμάκοις
2526 425 2586 477 οὐ
2618 424 3086 494 παραγγείλαντες
3134 424 3465 494 χρήσασθαι.
3491 425 3615 488 Πῶς
3645 424 3752 495 δὲῆ

2179 515 2539 586 ποίῳτρόπῳ
2562 517 2686 579 τοὺς
2714 515 3025 585 ὀφθαλμοὺς
3053 515 3362 579 ἀνοίξαντες
3398 515 3751 584 ἐκκαθαίρου-

2179 625 2284 671 σιν,
2333 609 2432 660 οὐκ
2479 607 2775 677 ἐμάθομεν.
2815 606 3080 669 Ἀναστὰς
3118 607 3229 677 γὰρ
3293 607 3414 676 μεθ’
3447 605 3610 658 ὕπνον
3653 607 3741 659 τοῦ

2179 699 2522 770 στρώματος,
2551 702 2670 753 κατ’
2697 699 2829 752 αὐτὸ
2855 700 2952 768 τῆς
2985 699 3176 761 νυκτὸς
3204 699 3266 752 τὸ
3297 699 3613 768 μεσότατον,
3642 701 3734 752 καὶ

2175 792 2355 845 λαϐὼν
2387 793 2678 845 σινοπίδιον
2711 792 2928 862 (χρῶμα
2955 791 3111 844 τοῦτο
3142 791 3300 859 φλογὶ
3322 790 3738 858 παραπλήσιον),

2175 883 2346 936 ταῦτα
2375 881 2455 952 τῷ
2507 883 2671 953 τοίχῳ
2721 882 2796 952 τῷ
2827 882 2931 952 πρὸ
2973 883 3074 951 τῆς
3135 881 3309 950 πύλης
3345 880 3438 933 τοῦ
3488 881 3744 950 τεμένους

2175 972 2304 1025 ἔνθα
2348 975 2632 1028 κατέκειτο
2669 975 2946 1045 γέγραφεν
2969 989 2982 1003 '
3019 992 3038 1024 t
3088 972 3228 1040 Ἐγὼ
3261 972 3511 1042 Ἰωάννης
3541 971 3750 1031 πόλεως

2173 1064 2271 1131 τῆς
2307 1063 2525 1134 Ῥώμης
2553 1063 2896 1134 ὁρμώμενος,
2928 1064 3128 1132 τυφλὸς
3158 1065 3302 1116 ὀκτὼ
3342 1066 3565 1133 χρόνους
3597 1061 3751 1129 γενύ-

2179 1169 2359 1220 μενος,
2389 1152 2574 1207 ἐνθάδε
2610 1153 2697 1205 διὰ
2739 1153 2836 1223 τῆς
2864 1153 2972 1205 τῶν
3006 1153 3177 1220 ἁγίων
3212 1151 3394 1220 Κύρου
3427 1151 3523 1203 καὶ
3561 1149 3749 1203 Ὶωάν·

2174 1260 2265 1295 νου
2286 1242 2570 1313 δυνάμεως
2600 1243 3096 1314 προσκαρτερήσας
3119 1240 3385 1310 ἀνέϐλεψα
3415 1241 3547 1310 (56).
3588 1259 3607 1291 ι
3641 1240 3751 1302 Καὶ

2173 1334 2344 1388 ταῦτα
2371 1333 2617 1403 χαράξας
2642 1331 2718 1399 τῷ
2744 1331 3016 1403 χρώματι,
3053 1329 3304 1383 εἰσελθών
3332 1345 3390 1381 τε
3431 1329 3644 1400 βλέπων
3667 1329 3751 1387 εἰς

2173 1427 2263 1479 τὸν
2295 1424 2430 1478 νεὼν
2473 1424 2546 1487 ὼς
2577 1425 2848 1489 συνέθετο,
2882 1425 2976 1477 καὶ
3004 1423 3104 1486 τὰς
3135 1422 3285 1484 λιτὰς
3321 1420 3604 1482 ἀνατείνας
3630 1421 3750 1480 τοῖς

2177 1519 2466 1588 μάρτυσιν,
2509 1517 2638 1584 πρὶν
2689 1515 2828 1585 ὑπὲρ
2873 1514 2975 1582 γῆν
3003 1515 3156 1584 ἥλιος
3202 1513 3450 1583 γένηται,
3483 1513 3575 1564 καὶ
3617 1511 3749 1573 τούς
3837 1571 3840 1573 _

2175 1609 2266 1660 ἐπὶ
2287 1607 2390 1675 γῆς
2419 1608 2536 1669 ταῖς
2566 1607 2747 1658 ἀκτῖσι
2787 1604 3149 1675 φαιδρύνειεν,
3175 1603 3618 1664 ὲκεῖθενπιστῶς
3652 1604 3749 1656 ἀν-

2171 1697 2440 1768 εχώρησε,
2479 1697 2576 1765 τῆς
2601 1695 2806 1759 οἰκείας
2841 1695 3053 1758 εὐνοίας
3085 1695 3430 1764 μνημόσυνον
3469 1694 3562 1746 καὶ
3605 1708 3748 1762 μαρο

2169 1790 2402 1860 τυρικῆς
2432 1789 2652 1858 χάριτος
2680 1786 2985 1857 κήρυκατὸ
3007 1787 3065 1838 ὲν
3103 1786 3268 1856 τοίχῳ
3297 1785 3531 1856 γράμμα
3563 1783 3744 1852 πηξά-

2172 1895 2352 1949 μενος.
2388 1879 2578 1949 Ἡμεῖς
2592 1878 2649 1931 δὲ
2672 1881 2861 1931 τούτου
2882 1880 2984 1947 τὴν
3011 1877 3307 1947 ἀνάϐλεψιν
3330 1879 3620 1947 φήσαντες,
3645 1876 3744 1928 καὶ

2167 1970 2269 2040 τὴν
2302 1969 2440 2041 ὑπὲρ
2487 1968 2691 2038 ταύτης
2740 1969 2879 2039 ᾠδὴν
2905 1971 3019 2032 τοῖς
3068 1969 3244 2037 ἁγίοις
3293 1969 3618 2037 ἀνάψαντες,
3656 1969 3744 2034 ἐφ’

2169 2060 2395 2122 ἑαυτοὺς
2437 2059 2526 2112 τὸν
2555 2061 2801 2128 κάλαμον
2836 2058 3176 2130 στρέψωμεν,
3212 2059 3302 2112 καὶ
3341 2059 3441 2128 τὴν
3467 2058 3576 2110 τῶν
3604 2061 3747 2128 ἡμε-

2168 2150 2342 2213 τέςων
2372 2151 2636 2221 ὀμμάτων
2660 2151 2825 2222 ρὦιν
2854 2149 3202 2222 χαράξωμεν,
3227 2149 3745 2221 τελευταίαν.αὐτὴν

2168 2242 2276 2296 τῶν
2307 2243 2628 2314 γραφέντων
2663 2242 2958 2313 θαυμάτων
2985 2241 3328 2319 ποιούμενοι.

2169 2367 2247 2422 0".
2303 2371 2440 2436 Περὶ
2472 2367 2812 2438 Σωφρονίου
2834 2367 3104 2436 μοναχοῦ
3131 2367 3236 2438 τοῦ
3254 2365 3742 2435 συγ-γράψαντος,

2343 2437 2641 2505 παθόντος
2676 2439 2816 2504 τοὺς
2849 2437 3197 2507 ὀφθαλμοὺς
3231 2437 3584 2505 ἐπιχύσεως.

2238 2550 2465 2620 Μεγάλη
2496 2549 2590 2601 καὶ
2629 2546 2860 2617 λαμπρά
2895 2545 2989 2598 τοῦ
3037 2545 3400 2614 δαιμονῶντος
3448 2546 3482 2610 ἡ
3531 2543 3738 2608 εὔνοια,

2168 2643 2261 2697 τοῦ
2297 2641 2404 2712 πρὸ
2433 2640 2690 2706 τελευτῆς
2713 2638 2986 2700 οἰκοῦντος
3009 2638 3078 2690 τὰ
3105 2638 3386 2707 μνήματα,
3409 2637 3484 2699 ὡς
3507 2637 3567 2690 τὸ
3597 2637 3743 2689 θεῖον

2175 2735 2325 2804 αὐτῷ
2360 2732 2757 2804 μεμαρτύρηκε
2797 2731 2998 2798 λόγιον.
3038 2731 3179 2799 Πρὸς
3227 2731 3321 2782 τοῦ
3354 2731 3603 2799 Σωτῆρος
3633 2730 3744 2798 γὰρ

2169 2822 2323 2890 οὗτος
2352 2824 2452 2895 τὴν
2486 2825 2652 2894 ρῶσιν
2679 2821 2993 2891 δεξάμενος,
3019 2823 3108 2873 καὶ
3137 2821 3324 2890 φυγὼν
3355 2821 3488 2881 τοὺς
3509 2820 3745 2886 ἀφειδῶς

2171 2916 2334 2971 αὐτὸν
2385 2913 2821 2983 ὲκὸακχεύοντας
2860 2913 3120 2981 δαίμονας
3171 2913 3430 2984 (λεγεῶνα
3475 2914 3582 2982 γὰρ
3617 2912 3746 2981 ἔσχε

499 3001 664 3054 citate
696 2999 1060 3065 iusauiebant,
1109 2998 1373 3068 legionem
1410 2996 1664 3059 habebat,
1695 3010 1816 3064 qua:
1871 2994 2065 3048 multo-

2177 3009 2383 3063 πολλῶν
2430 3007 2724 3075 δαιμονίων
2770 3009 3138 3076 πονηρότατον
3161 3004 3476 3077 ἄθροισμα),
3506 3005 3746 3076 Χριστοῦ

501 3108 620 3147 rum
653 3098 768 3145 erat
803 3089 1196 3144 dannoniorum
1231 3096 1445 3141 caterva
1475 3085 1831 3156 nequissima,
1862 3083 2067 3140 Christi

501 3186 592 3255 qui
625 3199 684 3238 se
719 3184 1026 3236 salvaverat
1062 3181 1175 3235 fieri
1203 3179 1417 3235 volebat
1461 3178 1810 3248 pedisequus,
1860 3188 1914 3231 et
1960 3191 2066 3232 non

501 3279 690 3332 valens
721 3277 820 3328 hoc
850 3274 1010 3329 modo
1062 3272 1495 3328 benevolentiam
1532 3285 1696 3342 quam
1727 3285 1854 3341 erga
1913 3269 2067 3338 illum

501 3369 736 3422 habebat
766 3364 1090 3430 ostendere;
1124 3363 1517 3434 deprecabatur
1547 3363 1717 3430 enim,
1757 3362 1960 3432 inquit,
2005 3361 2072 3416 il-

506 3463 613 3514 lum
650 3459 743 3529 qui
775 3474 806 3513 a
841 3458 1110 3512 daemonio
1148 3465 1376 3511 vexatus
1424 3455 1622 3521 fuerat,
1657 3467 1716 3510 ut
1741 3465 1887 3509 esset
1944 3469 2067 3507 eum

506 3553 617 3612 illo,
651 3549 810 3606 Jesus
843 3558 1024 3605 autem
1052 3564 1161 3603 non
1197 3548 1417 3604 admisit
1465 3563 1610 3612 eum,
1643 3548 1736 3603 sed
1793 3548 1871 3602 ire
1903 3548 2072 3617 iussit

504 3655 558 3698 et
595 3644 711 3698 suis
736 3641 1063 3696 annuntiare
1103 3643 1156 3696 in
1183 3656 1242 3697 se
1270 3641 1564 3696 salutarem
1601 3639 1797 3694 factam
1856 3639 2074 3694 miseri-

507 3736 748 3791 curdiam
777 3751 792 3800 ;
827 3735 1151 3806 praedicator
1184 3734 1372 3788 abiens
1419 3731 1646 3803 impiger
1669 3739 1724 3788 et
1782 3731 2074 3785 muniﬁcus

507 3831 560 3884 in
594 3828 849 3899 Deeapoli
903 3827 1205 3883 Salvatoris
1233 3825 1460 3881 eﬂ‘ectus
1498 3834 1605 3892 est,
1667 3823 2074 3895 ingratitudinis

505 3938 628 3978 esse
666 3922 946 3991 propitium
981 3920 1302 3982 arbitratus,
1335 3918 1381 3974 si
1429 3917 1545 3974 suis
1600 3925 1808 3970 tantum
1846 3917 2070 3971 benefa-

505 4022 736 4076 ctoretu,
766 4021 819 4067 et
847 4029 954 4067 non
983 4011 1235 4066 omnibus
1263 4008 1355 4079 qui
1403 4007 1548 4062 hunc
1598 4007 1871 4062 inﬁrmum
1931 4008 2079 4062 vide-

505 4113 652 4170 rant,
678 4105 1019 4175 praedicaret.

576 4197 920 4266 QuaprOplcr
949 4208 1108 4249 nemo
1138 4207 1238 4248 nos
1266 4192 1501 4262 querelis
1533 4193 1857 4258 submittat,
1890 4195 1933 4250 si
1972 4194 2076 4248 hu-

499 4289 591 4356 jus
645 4287 946 4341 imitatores
1009 4299 1131 4340 esse
1187 4284 1542 4351 voluerimus,
1585 4285 1668 4340 vel
1743 4284 1944 4358 Cyrum
2013 4303 2076 4341 ac

503 4380 768 4432 Joannem
801 4374 1174 4432 benefactores
1204 4382 1424 4429 nostros
1473 4385 1597 4444 post
1651 4375 1816 4431 Deum
1870 4379 2068 4446 pru’di-

446 4438 834 4530 \eaverimus,
877 4465 1173 4536 gratiaeque
1250 4464 1598 4520 donationem
1650 4467 1748 4521 hac
1793 4438 2070 4536 scriptura

503 4561 981 4630 descripserimus.
1037 4556 1172 4612 Nam
1228 4574 1386 4613 nemo
1420 4575 1660 4630 unquam
1722 4561 2074 4631 reprehendit

507 4653 802 4720 leprosum,
827 4664 988 4719 quem
1011 4664 1040 4702 a
1077 4649 1221 4719 lepra
1257 4648 1512 4706 Christus
1537 4652 1839 4716 mundavit,
1871 4652 2073 4721 quique

505 4742 711 4820 nemini
737 4742 1046 4812 quidquam
1070 4742 1250 4797 dicere
1274 4743 1339 4798 dc
1369 4745 1654 4798 curatione
1700 4745 1927 4806 audivit,
1975 4744 2073 4800 sed

506 4835 554 4888 is
587 4841 794 4886 tantum
825 4831 1030 4886 donum
1055 4832 1206 4903 juxta
1269 4832 1488 4904 Moysen
1544 4833 1725 4888 oﬂ‘erri
1770 4844 2072 4904 prasceptus

503 4923 710 4995 ubique
738 4923 1024 4980 Dominum
1094 4925 1395 4994 prtetlicans
1454 4926 1749 4989 enarravit,
1789 4928 2070 4996 purgatio-

509 5031 742 5086 neutque
764 5030 918 5071 suam
936 5015 1262 5078 diﬂ'amavit,
1295 5017 1387 5073 sed
1417 5025 1469 5071 et
1493 5025 1673 5070 tacere
1699 5032 1924 5086 prorsus
1974 5032 2071 5070 no-

508 5109 629 5162 luit.
666 5107 814 5174 Quos
843 5117 896 5164 et
921 5123 1020 5163 nos
1047 5107 1118 5162 ob
1148 5109 1490 5163 devotionem
1528 5108 1868 5166 temulentos.
1909 5123 2073 5162 cura—

503 5204 711 5258 tionem
747 5219 855 5258 non
904 5201 1331 5268 occultabimus,
1389 5202 1482 5256 sed
1520 5202 1813 5256 eilicieuiur
1854 5212 2071 5257 sancto-

2170 3103 2264 3154 τοῦ
2311 3102 2614 3162 σεσωκύτος
2671 3100 2870 3162 ὀπαδδς
2917 3099 3176 3168 ἠϐούλετο
3219 3099 3617 3168 γίνεσθαι-καὶ
3670 3097 3750 3167 μὴ

2169 3191 2416 3261 δυνηθεὶς
2450 3189 2623 3259 ταύτῃ
2646 3189 2744 3259 τὴν
2767 3191 2902 3260 πρὸς
2923 3189 3086 3242 αὐτὸν
3113 3187 3325 3243 εὔνοιαν
3370 3187 3746 3254 ἐπιδείξασθαι

2175 3282 2503 3355 (παρεκάλει
2533 3282 2640 3350 γὰρ
2676 3281 2834 3333 αὐτὸν
2859 3283 2885 3333 ὁ
2917 3281 3298 3350 δαιμονισθεὶς,
3341 3281 3406 3333 ἵν’
3503 3279 3617 3350 μετ’
3645 3280 3752 3331 αὖ·

2169 3374 2294 3428 τοῦ⁶
2329 3375 2356 3426 ὁ
2397 3374 2452 3426 δὲ
2490 3370 2693 3441 Ἰησοῦς
2735 3371 2833 3424 οὐκ
2867 3371 3076 3441 ἀφῆκεν
3121 3371 3335 3438 αὐτόν)·
3370 3370 3484 3422 ἀλλ’
3529 3371 3751 3423 ἀπιέναι

2172 3459 2506 3524 κελευσθεὶς,
2545 3460 2638 3512 καὶ
2677 3462 2790 3520 τοῖς
2845 3459 3067 3520 οἰκείοις
3100 3459 3464 3526 ἀπαγγέλλειν
3513 3458 3603 3511 τὸν
3662 3458 3751 3510 ἐπ’

2173 3551 2320 3619 αὐτῴ
2371 3552 2634 3619 σωτήριον
2677 3549 2843 3614 ἔλεον,
2893 3547 3072 3618 κήρυξ
3117 3548 3368 3602 ἀπελθὼν
3415 3551 3604 3613 ἄοκνος
3655 3551 3752 3602 καὶ

2173 3641 2454 3711 φιλότιμος
2498 3644 2555 3693 ὲν
2593 3642 2659 3710 τῇ
2709 3639 3008 3692 Δεκαπόλει
3063 3639 3155 3693 τοῦ
3202 3641 3454 3711 Σωτῆρος
3506 3641 3749 3708 ἐγένετο,

2173 3729 2566 3800 ἀγνωμοσύνης
2613 3728 2740 3781 ἴδιον
2783 3729 3162 3798 λογισάμενος,
3199 3729 3249 3781 εί
3297 3729 3481 3800 μόνοις
3523 3731 3751 3792 οἰκείοις

2173 3821 2263 3874 τὸν
2288 3821 2604 3891 εὐεργέτην,
2631 3820 2724 3872 καὶ
2743 3818 2818 3891 μὴ
2837 3820 3004 3874 πᾶσιν
3040 3822 3153 3882 τοῖς
3178 3820 3373 3873 εἰδόσιν
3399 3821 3561 3875 αὐτὸν
3589 3821 3751 3875 ἀσθε-

2175 3911 2372 3966 νοῦντα
2410 3910 2719 3982 κηρύξειεν.

2250 4199 2342 4252 Διδ
2377 4197 2567 4269 μηδεὶς
2599 4197 2746 4268 ἡμᾶς
2778 4196 3021 4267 βαλλέτω
3061 4198 3180 4262 ταῖς
3213 4197 3506 4269 μέμψεσιν,
3536 4199 3586 4252 εί
3621 4199 3755 4253 τού-

2179 4307 2273 4343 του
2323 4290 2560 4360 μιμηταὶ
2611 4288 2868 4357 γενέσθαι
2907 4288 3261 4359 θελήσαιμι-ιν,
3313 4291 3407 4342 καὶ
3451 4289 3578 4352 τοὺς
3615 4291 3756 4357 μετά

2181 4384 2311 4436 Θεὸν
2347 4383 2500 4453 ἡμῶν
2527 4381 2822 4450 εὐεργέτας
2862 4381 3043 4451 Κῦρον
3075 4383 3168 4434 καὶ
3201 4382 3454 4450 Ἰωάννην
3484 4382 3756 4452 κηρύξαι-

2185 4491 2305 4544 μεν,
2339 4475 2433 4526 καὶ
2465 4472 2560 4542 τὴν
2592 4471 2800 4539 δωρεὰν
2835 4470 2912 4541 τῷ
2942 4472 3233 4542 γράμματι
3269 4471 3597 4541 γράψωμεν·
3633 4471 3758 4524 ἐπεὶ

2184 4566 2407 4637 μηδέπω
2449 4582 2528 4627 τις
2562 4564 2652 4616 τὸν
2682 4563 2880 4634 λεπρὸν
2921 4563 3283 4634 διεμέμψατο,
3320 4563 3379 4616 ὃν
3408 4563 3506 4632 τῆς
3543 4563 3756 4634 λέπρας

2179 4660 2207 4710 ὁ
2235 4655 2469 4726 Χριστὸς
2498 4655 2840 4724 ἐκαθάρισεν,
2879 4653 3044 4724 μηδὲν
3081 4653 3258 4720 λέγειν
3298 4651 3552 4722 περὶ-τῆς
3587 4652 3754 4722 θερα-

2181 4746 2340 4808 πείας
2381 4743 2709 4806 ἀκούσαντα,
2745 4743 2904 4812 μόνον
2940 4743 2996 4794 δὲ
3039 4743 3101 4794 τὸ
3129 4743 3303 4812 δῶρον
3332 4743 3472 4796 κατά
3503 4743 3562 4795 τὸ
3592 4744 3757 4796 Μιυῦ-

2183 4837 2317 4899 σὲως
2345 4834 2642 4904 προσάγειν
2692 4833 2996 4900 ἐπίταγμα,
3030 4832 3305 4902 πανταχοῦ
3353 4833 3443 4886 τὸν
3478 4835 3757 4903 Δεσπότην

2181 4929 2517 4999 κηρύξαντα,
2554 4926 2648 4978 καὶ
2700 4926 2799 4995 τὴν
2851 4924 3043 4977 ἑαυτοῦ
3101 4923 3408 4994 φημίζοντα
3463 4927 3752 4994 κάθαρσιν,

2181 5020 2273 5076 καὶ
2319 5019 2478 5088 σιγᾷν
2511 5017 2586 5080 ώς
2636 5017 2961 5069 κεκέλευστο
3013 5016 3088 5086 μὴ
3129 5015 3456 5083 θελήσαντα,
3495 5015 3604 5078 Οὓς
3662 5017 3757 5067 καὶ

2180 5113 2341 5182 ἡμεῖς
2375 5110 2441 5163 δι’
2476 5108 2900 5178 εὐγνωμοσύνην
2935 5107 3302 5176 ζηλώσαντες,
3333 5108 3430 5178 τὴν
3457 5107 3760 5177 θεραπείαν

2182 5206 2243 5257 οὐ
2293 5203 2613 5274 κρύψωμεν,
2660 5200 2795 5254 ἀλλὰ
2846 5201 3144 5272 γιγνόμεθα
3200 5201 3368 5269 ἁγίων
3414 5199 3758 5269 εὐγνώμονες

2014 5389 2244 5446 NOTAE.

578 5528 692 5595 (36)
710 5527 1005 5607 Inscriptio
1028 5529 1142 5581 haec
1166 5526 1778 5607 addaturtitttloprimo
1801 5525 2065 5607 Christia-

505 5612 700 5651 narum
739 5598 1156 5667 inscriptionum
1183 5613 1213 5649 a
1249 5613 1333 5652 me
1369 5597 1494 5649 alibi
1539 5597 1805 5667 editarnm
1835 5614 1848 5659 ;
1908 5600 2064 5667 item-

503 5681 610 5735 que
631 5665 1023 5737 epigrammata
1040 5667 1182 5722 edita
1211 5682 1376 5736 supra
1406 5675 1526 5737 p051
1549 5666 1852 5721 Sermonem
1877 5667 1929 5718 in
1955 5665 2072 5718 lau-

2171 5518 2288 5572 dem
2315 5516 2417 5572 SS.
2448 5516 2576 5586 Cyri
2607 5525 2656 5569 ct
2684 5513 2908 5569 Joannis
2945 5513 3154 5586 (supra,
3181 5513 3282 5567 col.
3311 5511 3472 5579 54%|)
3507 5519 3763 5566 attexan-

2177 5617 2268 5662 tur
2300 5605 2531 5676 poeticae
2561 5596 2905 5672 antltologiai.
