3998 6200
277 290 421 357 3665

1268 284 1370 361 s's.
1413 298 1588 361 CYRI
1627 297 1723 358 ET
1762 294 2085 360 JOANNIS
2111 282 2534 361 MIRACULA‘.

3392 285 3531 350 3666

272 405 536 476 κήρυκες,
567 404 663 460 καὶ
686 406 757 460 τά
792 406 916 463 καθ’
940 408 1169 475 ἑαυτοὺς
1208 414 1322 476 τοῖς
1356 411 1734 485 προλεχθεῖσιν
1763 411 1854 462 ἐπ-

1965 424 2079 463 rnm
2119 410 2300 465 devoti
2325 423 2642 481 praecones;
2671 414 2726 464 et
2753 412 2941 463 nostra
2983 415 3214 474 quaeque
3240 413 3364 455 cum
3392 414 3532 468 pta:-

272 496 531 569 éywpsv'
582 498 675 552 καὶ
715 500 952 570 Χριστὸν
991 502 1146 557 αὐτοὶ
1184 503 1275 557 τὸν
1322 504 1531 559 ἑαυτῶν
1558 503 1854 572 παιδευτὴν

275 585 699 657 ἐκμιμούμενοι,
746 589 941 660 μηδενὶ
968 589 1134 662 μηδὲν
1167 594 1313 664 ἡμᾶς
1337 594 1517 662 λέγειν
1561 592 1851 648 ἐθέλωσινο

273 676 519 747 λέξωμεν
544 679 603 732 δέ
626 679 818 750 ὄνομα,
850 682 946 736 καλ⁸
967 682 1143 749 πόλιν,
1168 686 1261 738 καὶ
1292 686 1546 756 πατρίδα,
1577 686 1673 738 καὶ
1694 701 1856 754 φρον-

274 770 576 838 τιστήριον,
613 770 736 825 ὅθεν
764 789 823 825 τε
850 771 1080 843 ἔφυμεν,
1114 775 1212 830 καὶ
1245 775 1354 847 ὅπη
1383 775 1520 828 Θεοῦ
1562 773 1854 844 βουληθέν-

274 876 367 922 τος
404 860 731 931 ἐτάχθημεν,
772 862 866 917 καὶ
893 864 986 917 ἐπὶ
1010 865 1219 929 τούτοις
1242 865 1538 935 ὀφθαλμῶν
1562 865 1663 936 τὴν
1693 864 1856 919 ἀσθέ-

275 967 445 1016 νειαν,
479 952 573 1005 καὶ
612 953 712 1024 τὴν
744 953 900 1009 θείαν
951 956 1058 1010 τῶν
1093 957 1264 1024 ἁγίων
1305 956 1615 1025 ἐπίσκεψιν,
1650 956 1724 1020 ὡς
1764 955 1855 1008 ἐπὶ

274 1040 385 1094 τῶν
417 1042 798 1112 προλαϐόντων
845 1046 1179 1118 ἐδράσαμεν,
1224 1048 1406 1101 πλεῖον
1444 1048 1597 1100 οὐδὲν
1639 1049 1854 1111 ἑαυτοῖς

274 1132 645 1203 χαριζόμενοι,
675 1136 814 1190 ἀλλὰ
858 1139 953 1192 καὶ
981 1137 1153 1192 ταῦτα
1190 1141 1574 1211 χαράττοντες,
1603 1140 1704 1210 τῆς
1745 1138 1855 1191 τῶν

275 1226 715 1294 ἐντυγχανόντων
742 1227 996 1297 γνώσεως
1021 1230 1237 1285 ἐνεκενο
1263 1223 1324 1285 οὗ
1353 1232 1410 1285 δὲ
1441 1232 1601 1303 χάριν
1620 1229 1852 1293 ’ἑαυτοὺς

275 1316 619 1381 τελευταίους
648 1319 939 1391 ἐτάξαμεν,
978 1320 1203 1395 ὕστερον
1240 1323 1507 1395 λέξωμεν,
1541 1322 1762 1377 ἐπειδάν
1792 1322 1854 1376 τὸ

277 1407 450 1472 πάθος
478 1409 574 1462 καὶ
610 1408 710 1480 τὴν
741 1410 883 1465 ῐασιν
916 1411 1243 1484 γράψωμεν.
1303 1480 1306 1484 ι

353 1590 509 1644 Ἐστι
547 1591 646 1661 μὲν
688 1592 859 1663 ὄνομα
898 1594 976 1666 τῷ
1005 1598 1307 1667 γεγραφότι
1339 1597 1664 1665 Σωφρόνιος,
1700 1595 1853 1659 πόλις

278 1680 567 1749 Δαμασκὸς
595 1684 628 1753 ή
660 1683 992 1755 μητρόπολις
1024 1687 1262 1756 (57-58),
1298 1687 1497 1757 πατρὶς
1527 1689 1560 1756 ἡ
1605 1685 1848 1753 Φοινίκη,

278 1775 378 1842 οὐχ
410 1775 443 1840 ἡ
473 1774 737 1845 παραλία,
764 1777 880 1831 ἀλλ’
913 1780 946 1849 ή
971 1779 1204 1833 Λιϐάνου
1234 1778 1329 1834 τοῦ
1356 1779 1515 1851 ὅρους
1544 1777 1850 1849 ἐπώνυμος,

276 1861 346 1936 ἧς
384 1865 498 1919 ἐστι
532 1869 825 1937 Δαμασκδς
859 1872 893 1941 ἡ
921 1871 1127 1941 ἀρχαία
1174 1872 1508 1943 μητρόπολις
1530 1888 1543 1901 ·
1582 1872 1642 1925 τὺ
1670 1871 1727 1924 δέ
1755 1888 1853 1941 μο-

278 1959 573 2029 ναστήριον
599 1960 737 2031 ὅπερ
758 1961 786 2014 ὀ
812 1961 955 2033 ίερδς
978 1963 1278 2030 Θεοδόσιος,
1303 1964 1331 2016 ό
1360 1964 1580 2017 πάντων
1603 1961 1712 2014 τῶν
1738 1962 1853 2015 Πα-

278 2048 628 2104 λαιστιναίων
675 2052 956 2121 μοναστῶν
1004 2054 1115 2107 τῶν
1173 2072 1231 2108 τε
1275 2055 1380 2126 πρὸ
1426 2053 1612 2117 αὐτοῦ,
1644 2053 1753 2107 τῶν
1794 2070 1853 2106 τε

283 2143 400 2209 μετ’
428 2142 613 2204 αὐτοῦ,
635 2144 704 2197 δι’
732 2146 934 2215 ἀρετὴν
978 2148 1345 2218 ἡγησάμενος,
1372 2148 1475 2202 ἀνὰ
1510 2148 1610 2218 τὴν
1649 2147 1854 2218 ἔρημον

280 2233 379 2299 τῆς
404 2234 564 2299 ἁγίας
588 2235 826 2306 Χριστοῦ
856 2236 991 2290 Θεοῦ
1028 2237 1183 2307 ἡμῶν
1216 2239 1423 2302 πόλεως
1451 2239 1663 2308 ἵδρυσεν
1699 2237 1811 2307 (39)
1837 2254 1851 2267 '

282 2323 341 2375 ἐν
388 2322 765 2397 Ἀλεξανδρείᾳ
801 2327 935 2396 γοῦν
979 2327 1221 2396 γεγονὼς
1264 2330 1292 2381 ό
1329 2329 1638 2399 Σωφρόνιος
1670 2327 1736 2380 δι’
1769 2328 1856 2380 ai-

277 2413 397 2467 τίαν
426 2408 493 2485 ἧς
517 2415 619 2469 οὐκ
657 2419 871 2486 ἀνάγκη
923 2418 1233 2489 μεμνῆσθαι
1270 2419 1348 2489 τῷ
1377 2420 1690 2490 γράμματι,
1725 2419 1854 2481 τοὺς

276 2504 586 2575 ὀφθαλμοὺς
611 2509 957 2580 ἀμφοτέρους
986 2511 1286 2581 ἠσθένησεν
1320 2510 1432 2581 (40)
1459 2527 1471 2543 ο
1509 2514 1609 2565 οὑκ
1631 2512 1718 2565 ἐπ’
1743 2510 1856 2564 ὀλί-

276 2614 381 2664 γας
430 2598 488 2652 δέ
531 2601 696 2670 μόνας
749 2602 965 2673 ἡμέρας
1016 2603 1143 2674 ἔσχε
1194 2604 1254 2659 τὸ
1310 2604 1544 2677 νόσημα,
1585 2605 1700 2658 ἀλλ’
1760 2605 1857 2658 ἐπὶ⁵

279 2691 457 2759 μῆνας
505 2692 604 2744 οὐκ
653 2692 869 2761 ὀλίγους
921 2696 1219 2765 ἐτρύχετο·
1266 2696 1470 2767 καὶμὴ
1523 2696 1704 2765 φέρων
1748 2696 1856 2750 τῶν

276 2779 589 2849 ἀλγηδόνων
624 2781 683 2834 τὸ
729 2784 964 2851 πέλαγος
1014 2784 1271 2856 (ἄτακτον
1309 2786 1417 2858 γάρ
1461 2787 1521 2839 τδ
1554 2787 1723 2850 πάθος
1754 2788 1857 2841 ὑπ-

274 2869 516 2941 έμενεν),
532 2875 641 2937 τοῖς
660 2875 904 2945 ἀρίστοις
926 2878 1118 2930 ἑαυτὸν
1146 2879 1350 2948 ἰατροῖς
1370 2879 1739 2943 ἐπεδείκνυεν,
1766 2881 1856 2933 καὶ

280 2965 517 3034 μάλιστα
550 2969 663 3030 τοῖς
695 2968 949 3034 περιττόν
979 2986 1031 3022 τι
1061 2969 1170 3023 τῶν
1209 2969 1383 3024 ἄλλων
1429 2970 1574 3041 ἔχειν
1606 2971 1858 3041 νομίζου-

1956 500 2281 556 cedentibus
2310 500 2698 564 conferamus;
2736 497 2867 553 licet
2898 495 3002 566 ipsi
3035 493 3311 548 Christum
3345 488 3531 543 erudi-

1956 598 2129 647 torem
2172 607 2332 648 suum
2372 592 2590 657 imitati,
2617 589 2820 646 nemini
2851 587 3145 659 quidquam
3193 598 3296 639 nos
3349 580 3535 635 dicere

1955 682 2145 737 velint.
2191 680 2362 737 Porro
2390 681 2637 737 dicemus
2691 687 2745 736 et
2787 694 3024 743 nomen,
3059 682 3113 731 et
3148 675 3450 738 civitatem,
3476 678 3532 725 et

1956 774 2209 842 patriam,
2263 780 2318 827 et
2352 774 2713 839 curatorium,
2758 771 3012 841 undeque
3057 767 3168 823 nati
3229 765 3426 826 simus,
3476 770 3533 818 et

1956 864 2050 918 ubi
2083 865 2368 920 voluntate
2407 864 2500 919 Dei
2531 863 2804 930 ordinati;
2834 870 2886 917 et
2939 875 3103 930 super
3136 860 3250 912 haec
3294 854 3527 911 inlirmi-

1959 964 2123 1011 tatem
2154 955 2463 1021 oculorum,
2495 963 2550 1009 et
2584 954 2825 1009 divinam
2876 950 3250 1006 visitationem
3310 953 3528 1003 sam-to-

1960 1061 2101 1112 rum,
2133 1047 2279 1102 sicut
2313 1046 2477 1101 etiam
2517 1045 2570 1098 in
2599 1042 3031 1115 praecedentibus
3056 1040 3362 1112 gessimus;
3406 1036 3528 1107 plus

1956 1138 2116 1193 nobis
2141 1139 2329 1209 gratia:
2357 1138 2435 1192 nil
2477 1144 2821 1208 praestantes,
2861 1134 2955 1190 sed
2987 1134 3104 1187 haec
3144 1130 3527 1184 ahbreviantes

1958 1227 2028 1282 ob
2053 1228 2302 1282 notitiam
2327 1242 2513 1282 eorum
2553 1226 2645 1295 qni
2704 1227 2806 1281 ista
2861 1222 3053 1279 lecturi
3110 1228 3261 1276 sunt.
3319 1219 3531 1272 Interea

1956 1320 2118 1390 cujus
2148 1321 2226 1375 rei
2287 1321 2462 1389 gratia
2527 1327 2746 1374 nosmet
2790 1317 3116 1372 novissimos
3162 1311 3531 1383 posuerimus.

1956 1422 2145 1483 postea
2186 1413 2544 1479 disseremus,
2577 1424 2701 1463 cum
2728 1410 2934 1464 scilicet
2961 1407 3267 1479 passionem
3292 1403 3533 1472 scripse-

1958 1506 2128 1558 rimus
2158 1513 2210 1558 et
2243 1506 2562 1559 sanitatem.

2027 1610 2120 1667 Est
2154 1627 2283 1683 ergo
2307 1628 2503 1667 nomen
2532 1615 2750 1683 quidem
2786 1613 2836 1669 ei
2882 1610 2973 1680 qui
3012 1604 3239 1677 scripsit
3283 1600 3533 1670 Sophro-

1956 1702 2103 1767 nius,
2138 1703 2332 1757 civitas
2366 1701 2668 1759 Damascus
2697 1718 2819 1773 quae
2849 1711 2933 1756 est
2964 1693 3308 1764 metropolis,
3355 1689 3534 1759 patria

1965 1790 2221 1845 Phoenice
2251 1806 2357 1845 non
2383 1792 2680 1857 maritima,
2708 1792 2801 1847 sed
2848 1806 2969 1860 qua:
2994 1803 3056 1840 ex
3089 1784 3299 1839 Libano
3350 1784 3538 1832 monte

1961 1884 2407 1952 cognominatur,
2436 1882 2598 1952 cujus
2619 1892 2701 1938 est
2726 1880 3025 1936 Damascus
3056 1875 3282 1943 antiqua
3338 1878 3540 1924 metro-

1964 1974 2102 2044 polis
2131 1990 2146 2039 ;
2170 1974 2566 2028 monasterium
2599 1983 2784 2028 autem
2818 1972 2961 2042 quod
2984 1984 3141 2025 sacer
3169 1961 3535 2022 Theodosius,

1962 2066 2054 2136 qui
2076 2065 2332 2120 erunibus
2372 2065 2857 2120 Palmstincnsibus
2898 2061 3205 2123 monachis,
3237 2066 3348 2109 tam
3382 2052 3538 2109 scili-

1963 2167 2048 2213 cet
2078 2159 2159 2212 his
2187 2159 2435 2228 quiante
2463 2174 2615 2223 eum,
2658 2172 2822 2227 quam
2875 2155 2969 2225 qui
3036 2160 3156 2222 post
3206 2164 3331 2204 cum
3390 2145 3539 2200 fuere

1964 2256 2182 2317 propter
2204 2245 2460 2300 virtutem
2487 2244 2727 2315 praefuit,
2774 2245 2829 2298 in
2877 2256 3062 2296 eremo
3094 2245 3302 2295 sancta;
3330 2231 3538 2289 Christi

1965 2337 2057 2393 Dei
2089 2337 2261 2392 nostri
2291 2337 2532 2392 civitatis
2576 2334 2842 2389 fundavit.
2891 2331 3080 2402 Itaque
3116 2344 3238 2384 cum
3268 2333 3413 2383 esset
3439 2324 3542 2379 So—

1965 2428 2228 2495 phronius
2253 2426 2619 2491 Alexandria,
2679 2432 2905 2495 prOpter
2954 2437 3201 2487 causam,
3235 2420 3393 2488 cujus
3441 2431 3539 2473 uc.-

1963 2534 2119 2574 cesse
2151 2532 2258 2572 non
2285 2516 2441 2571 estin
2486 2518 2590 2570 hoc
2628 2530 2793 2584 opere
2827 2512 3003 2568 facere
3033 2510 3388 2573 mentionem,
3421 2521 3538 2561 am-

1964 2612 2139 2667 bobus
2162 2610 2340 2665 oculis
2366 2608 2681 2663 inﬁrmatus
2711 2619 2817 2663 est.
2845 2606 2959 2661 Non
2986 2613 3168 2659 autem
3217 2618 3309 2672 per
3335 2614 3538 2671 paucos

1964 2712 2175 2758 tantum
2216 2702 2335 2757 dies
2357 2703 2669 2771 languorem
2696 2700 2906 2764 habuit,
2942 2698 3037 2753 sed
3072 2712 3165 2768 per
3187 2709 3403 2749 menses
3432 2706 3538 2745 non

1965 2811 2167 2866 paucos
2194 2794 2561 2858 cruciabatur,
2583 2800 2639 2848 et
2663 2808 2769 2846 non
2800 2792 2976 2847 ferens
3008 2790 3229 2860 pelagus
3256 2787 3532 2848 dolorum,

1965 2889 2259 2958 inquietem
2318 2887 2515 2956 quippe
2558 2886 2864 2941 sustinebat
2916 2883 3263 2954 passionem,
3320 2875 3541 2947 optimis

1964 2997 2087 3038 sese
2109 2980 2334 3035 medicis
2362 2979 2797 3043 demonstrabat,
2822 2985 2876 3032 et
2911 2978 3143 3032 maxime
3173 2975 3259 3029 his
3291 2973 3382 3043 qui
3418 2972 3541 3042 plus

278 3066 364 3108 σιν
394 3054 451 3108 ἕν
479 3072 537 3107 τε
571 3055 750 3124 λόγοις
780 3058 874 3110 καὶ
919 3059 1215 3129 σχήμασιν.
1254 3060 1318 3113 Οἳ
1354 3060 1562 3130 συχνῶς
1604 3050 1739 3131 πρὸς
1766 3061 1854 3115 τὸν

1965 3076 2085 3130 aliis
2108 3075 2407 3144 quidquam
2444 3074 2647 3127 habere
2670 3072 3007 3143 putabantur
3033 3078 3141 3124 tam
3178 3069 3344 3123 verbo
3374 3080 3539 3136 quam

276 3146 417 3217 ἀέρα
464 3147 557 3201 τὸν
590 3148 867 3220 πάσχοντα
901 3150 1179 3221 σύροντες,
1227 3153 1321 3206 καὶ
1363 3153 1464 3216 τὰς
1501 3154 1672 3223 κόρας
1723 3154 1858 3225 πρδς

275 3239 376 3303 τὰς
412 3239 642 3309 ἡλιακὰς
690 3241 915 3305 ἀκτῖνας
959 3244 1344 3313 σκεπτόμενοι,
1398 3245 1466 3298 τά
1516 3243 1617 3313 μὲν
1666 3245 1860 3316 πρῶτα

276 3332 521 3404 ἀλλαγὴν
554 3333 716 3405 ἀέρος
764 3335 826 3387 τὸ
854 3332 948 3388 τοῦ
977 3334 1182 3399 πάθους
1222 3335 1408 3404 ἔλεγον
1456 3336 1658 3390 αἴτιον·
1696 3338 1861 3400 εὐθὺς

276 3422 390 3493 γὰρ
417 3425 555 3492 μετὰ
601 3425 699 3493 τὴν
731 3425 913 3493 ἄφιξιν
966 3427 1175 3497 ὑπέστη
1209 3427 1367 3481 τοῦτο
1395 3428 1723 3497 Σωφρόνιος.
1769 3428 1861 3491 Ὠς

280 3516 337 3568 δὲ
364 3514 588 3570 διέτεινε
622 3518 684 3569 τὸ
716 3516 1078 3589 ἀρρώστημα,
1131 3518 1268 3588 πρὸς
1315 3519 1729 3591 ξηροφθαλμίαν
1761 3522 1860 3572 αὐ-

285 3611 396 3671 τοῖς
443 3611 854 3680 μετεπλάττετο,
908 3611 968 3665 οὐ
1020 3611 1204 3677 ξένους
1255 3612 1426 3684 ἀέρας
1468 3612 1671 3679 αἰτίαν,
1723 3614 1860 3669 ἀλλὰ

283 3697 615 3769 δυσκρασίαν
640 3699 778 3771 ἔχων
811 3701 902 3755 τοῦ
930 3701 1183 3772 σώματος
1202 3719 1216 3733 ο
1252 3702 1372 3756 ὅθεν
1403 3704 1500 3757 καὶ
1529 3704 1597 3757 τὰ
1626 3706 1863 3778 σμικρύ-

281 3806 440 3843 νοντα
467 3791 528 3844 τὸ
566 3791 727 3861 σῶμα
772 3793 1160 3864 προσέταττον,
1193 3794 1269 3858 ὡς
1296 3794 1383 3849 διὰ
1412 3795 1617 3850 τούτων
1642 3796 1864 3868 ίὼμενοι

280 3882 408 3943 τοὺς
436 3881 624 3952 τοιῷδε
652 3884 918 3953 νοσήματι
953 3884 1401 3956 περιπίπτοντας.
1443 3886 1580 3941 Ἀλλ’
1609 3887 1685 3951 ὡς
1711 3890 1864 3943 οὐδὲν

280 3971 368 4026 διὰ
390 3972 598 4026 τούτων
625 3972 808 4028 ἀνύειν
834 3974 1119 4044 ἠδύναντο,
1146 3976 1328 4031 καίτοι
1356 3977 1492 4050 πρὸς
1510 3979 1687 4033 πάντα
1713 3979 1865 4034 πειθ-

280 4066 433 4133 ήνιον
472 4065 572 4134 τῆς
623 4066 870 4136 ἀνάγκης
929 4067 1093 4122 ἕνεκα
1146 4068 1239 4123 τὸν
1284 4069 1568 4142 ἄρρωστον
1622 4071 1861 4141 ἔχοντες,

282 4157 377 4208 ἐπὶ
403 4157 502 4229 τὴν
531 4158 885 4229 ἀνιάτρευτον
919 4160 1173 4230 ἐπίχυσιν
1202 4162 1296 4215 καὶ
1331 4162 1703 4234 πλατυκορίαν
1729 4182 1863 4220 κατ-

284 4250 538 4317 έφευγον.
606 4253 667 4304 Oi
699 4253 796 4321 μὲν
844 4253 950 4326 γὰρ
1000 4254 1230 4325 ταύτην,
1278 4256 1329 4308 οἱ
1375 4256 1561 4329 δὲτὴν
1603 4258 1770 4331 ἄλλην
1803 4259 1865 4312 τὸ

283 4340 455 4402 πάθος
482 4339 763 4412 ὠνόμαζον
783 4344 960 4415 ἀέρων
994 4345 1217 4400 ὀθνείων
1248 4350 1594 4419 κακωμάτων
1621 4351 1860 4422 δυσκρα-

1965 3166 2174 3221 habitu.
2216 3164 2317 3232 Qui
2378 3165 2693 3233 frequenter
2746 3162 2812 3216 ad
2860 3176 3042 3216 aerem
3090 3160 3182 3230 qui
3236 3157 3546 3228 patiebatur

1965 3260 2264 3324 trahentes,
2306 3266 2360 3312 et
2392 3256 2630 3329 pupillas
2665 3264 2860 3313 contra
2895 3252 3128 3308 solarios
3152 3250 3336 3305 radios
3364 3248 3540 3317 inspi-

1963 3352 2195 3413 cientes,
2231 3349 2409 3418 primo
2437 3347 2655 3417 quidem
2687 3344 3042 3399 mutationem
3070 3343 3236 3405 aeris,
3267 3340 3544 3412 passionis

1965 3455 2187 3495 causam
2219 3454 2344 3494 esse
2374 3437 2650 3500 dicebant,
2701 3452 2826 3490 mox
2875 3435 3019 3488 enim
3073 3442 3192 3502 |l03l
3229 3432 3539 3486 ventionem

1965 3529 2190 3600 pertulit
2211 3529 2314 3583 hoc
2346 3525 2714 3596 Sophronius.
2743 3525 2809 3577 At
2838 3539 2965 3578 vero
3001 3537 3124 3577 cum
3156 3520 3545 3576 extenderetur

1968 3620 2266 3676 intirmitas
2284 3617 2348 3673 ad
2378 3617 2752 3673 exsiccitatem
2772 3616 3081 3678 oculorum,
3103 3611 3541 3683 xcrophthahuit

1973 3713 2075 3768 sibi
2107 3711 2468 3773 formabatur,
2525 3724 2633 3763 non
2666 3715 2926 3764 externos
2963 3707 3171 3761 habens
3217 3719 3372 3758 aercs
3412 3717 3544 3756 rau-

1966 3816 2106 3868 sam,
2146 3802 2242 3859 sed
2293 3801 2771 3871 intemperantiam
2824 3801 3121 3870 corporis;
3178 3798 3321 3852 unde
3369 3804 3423 3852 et
3479 3810 3540 3849 et

1965 3912 2085 3968 qua:
2114 3901 2419 3967 temperant
2446 3909 2648 3963 corpus
2673 3894 3089 3963 praecipiebant,
3121 3889 3278 3962 quasi
3300 3905 3395 3958 per
3430 3888 3543 3941 hrc-

1967 3995 2225 4043 sanantes
2254 3985 2459 4055 eosqui
2494 3986 2545 4038 iu
2568 3985 2710 4039 lumc
2734 3985 3048 4055 languorem
3073 3982 3415 4036 incidissent.
3439 3976 3542 4032 Sed

1968 4095 2091 4136 cum
2127 4094 2226 4135 nec
2267 4094 2363 4149 per
2396 4079 2500 4132 ista
2565 4078 2844 4148 quidpiam
2910 4075 3174 4146 prolicere
3216 4070 3543 4143 potuissent.

1969 4186 2281 4243 quanquam
2331 4170 2659 4226 necessitate
2706 4178 2935 4240 cogente
2981 4164 3445 4223 obsecundantem
3478 4162 3544 4216 ad

1968 4264 2152 4320 omnia
2191 4262 2469 4321 inﬁrmum
2510 4264 2793 4326 haberent,
2826 4261 2891 4314 ad
2936 4259 3290 4313 insanabilem
3330 4265 3547 4310 catara-

1967 4365 2135 4420 ctam,
2160 4363 2215 4409 et
2244 4353 2580 4424 platicoriam
2610 4351 3020 4423 confugiebant.
3047 4346 3257 4403 Etenim
3300 4346 3393 4400 alii
3421 4344 3547 4415 qui-

282 4434 403 4500 σὶας
433 4433 722 4504 ἀφέμενοι·
769 4438 863 4489 καὶ
890 4437 951 4490 τὸ
997 4438 1096 4508 μὲν
1127 4440 1394 4511 πρότερον
1426 4441 1679 4513 ἀλλήλοις
1724 4419 1854 4514 όμο-

1966 4447 2088 4502 dem
2121 4446 2284 4509 hanc,
2318 4445 2410 4500 alii
2450 4460 2581 4501 vero
2639 4445 2869 4499 alteram
2920 4441 3231 4513 passionem
3297 4439 3548 4493 nomina-

279 4525 516 4593 φὼνουν,
571 4528 781 4592 ἑαυτοῖς
820 4528 877 4582 δὲ
923 4530 1035 4583 τῶν
1070 4531 1353 4602 ὀνομάτων
1403 4534 1730 4604 ἐναλλαγαῖς
1777 4537 1860 4590 δι-

278 4618 578 4690 εμάχοντο*
612 4618 839 4692 ὕστερον
865 4620 944 4688 δὲ,
977 4622 1184 4678 καὶτὸν
1212 4624 1347 4696 πρὸς
1377 4626 1608 4691 ἑαυτοὺς
1644 4628 1738 4682 καὶ
1769 4629 1860 4683 τὸν

1970 4539 2122 4605 bant,
2148 4553 2273 4594 aera
2310 4546 2631 4592 extraneum
2659 4538 2771 4608 jam
2803 4552 2896 4593 seu
2931 4549 3256 4605 corporum_
3284 4535 3548 4603 intempe-

1968 4634 2179 4689 rantias
2214 4632 2398 4689 dicere
2420 4632 2771 4699 desinentes;
2793 4642 2846 4688 et
2872 4631 3051 4703 primo
3077 4628 3295 4701 quidem
3313 4627 3548 4683 invicem

1803 4765 2036 4826 NOTAE.

350 4874 804 4957 (ξ’)ἶ-ΞβλΒ-εοοιθ
832 4876 1126 4957 Sophronii
1175 4882 1251 4957 de
1288 4884 1473 4957 seipso
1510 4888 1843 4957 epigramma

277 4940 406 5027 (col.
423 4940 558 5027 342
633 4945 752 5000 Jam
772 4940 923 5027 quod.
940 4952 1010 5004 ibi
1027 4953 1223 5027 legitur
1240 4956 1296 5027 ἐν
1309 4940 1488 5027 αίξείίιι
1508 4940 1842 5026 εόέῆέὲῆὶὶὶῖ

275 5012 684 5099 dem-scribitur:
709 5012 874 5084 εναῖς,
898 5012 1206 5099 quodjuid
1256 5012 1570 5099 sign-ilicet,
1600 5012 1842 5085 nondum

272 5085 512 5169 expljco.
535 5155 547 5168 ι
586 5085 755 5168 Video
806 5085 986 5169 tamen
1053 5085 1272 5169 Petrum
1308 5085 1840 5169 VAParthe'nopensem

276 5151 642 5241 §ophronjani
676 5160 857 5241 operis
888 5163 1281 5241 compendium
1297 5165 1379 5220 sic
1402 5151 1836 5241 exordiern‘temv

276 5224 742 5309 gophroniusmvir
778 5224 1179 5309 illustrigiimus
1213 5234 1426 5290 Phenea
1457 5238 1584 5309 urbe
1615 5224 1839 5309 genitus.

274 5293 413 5373 [Sum
437 5308 567 5373 ergo
596 5294 810 5373 P_Iie_nea
829 5301 962 5373 latet
989 5302 1047 5373 in
1075 5315 1339 5372 corrupto
1374 5293 1639 5362 vocabulo
1666 5293 1854 5373 ἐναῖςῖ

271 5364 601 5450 (Σενιιξῖμι-ὺε
626 5367 1217 5450 Palaestinmflr‘qneq
1245 5364 1493 5450 occurrit
1535 5378 1587 5432 in
1650 5364 1848 5450 priscis

276 5439 1017 5518 nummisapud‘CellaritTm
1050 5444 1115 5518 G1
1163 5445 1491 5518 lib.u.1,15,
1550 5439 1670 5515 quae
1717 5451 1849 5506 urbs

274 5505 909 5586 ubi-namninli’altestina
945 5513 1048 5567 sita
1093 5514 1255 5570 fuerit
1281 5505 1495 5586 ignorat
1542 5505 1681 5574 idem
1729 5505 1849 5576 Cet;

172 5590 175 5593 ‘
274 5574 483 5658 larius._
503 5573 608 5633 Sed
637 5594 764 5658 ecce
805 5596 995 5658 rursus
1026 5588 1226 5651 obstat,
1271 5573 1420 5657 quod
1471 5588 1561 5643 hic
1602 5573 1853 5658 itemque

274 5644 590 5732 ritato'loco
616 5657 796 5732 ortam
837 5667 895 5707 se
924 5644 1190 5732 Damasco
1214 5644 1527 5732 'metropoli
1602 5644 1841 5732 Sophro:

276 5716 398 5771 nius
440 5716 1135 5785 dicit;nisifortePhcnca
1169 5728 1250 5784 vel
1306 5716 1527 5786 Pha'nca
1580 5716 1838 5787 sub'urbi-

1953 4890 2162 4962 carium
2196 4889 2461 4962 oppidum
2496 4886 2746 4962 Damasci
2776 4886 2900 4962 fuit.

2022 4961 2114 5032 (59
2142 4962 2160 5030 )
2195 4951 2650 5032 Ita'SQpltrottitts
2677 4958 2840 5032 etiam
2883 4958 2933 5010 in
2959 4954 3386 5032 -opet‘istittrio.‘
3425 4951 3546 5032 Jaut

1950 5023 2080 5087 vero
2104 5023 2401 5084 A'nastasii'
2425 5030 2587 5097 hujus
2623 5027 2927 5097 copiosam
2959 5023 3133 5097 Vitam
3176 5023 3546 5097 iu_Vaticauis

1948 5101 2236 5156 codiCibus
2269 5100 2402 5154 vidi.
2443 5092 2875 5167 Denique'addo,
2919 5096 3193 5167 iniisdem
3230 5095 3345 5167 vat.
3380 5092 3539 5167 eozlzl.

1948 5180 2168 5226 exstare
2204 5170 2516 5238 passionem
2562 5163 2883 5238 sanctorum
2934 5165 3061 5238 Mil.
3112 5163 3548 5238 Atmiricnsium,

1953 5233 2269 5309 Sophronio
2306 5248 2496 5293 nostro
2546 5238 2763 5309 diserte
2812 5237 3159 5309 inscriptam.
3222 5235 3312 5303 qui
3354 5233 3547 5287 titulus

1958 5306 2161 5364 Allatio
2202 5323 2422 5380 quoque
2449 5316 2501 5380 et
2544 5307 2797 5380 Fabricio
2843 5306 3030 5361 fucum
3061 5306 3254 5380 fecit;
3307 5318 3416 5358 non
3467 5315 3549 5380 est

1957 5382 2101 5436 enim
2142 5379 2192 5435 id
2219 5374 2421 5447 reapse
2450 5376 2597 5447 Soph
2611 5377 2751 5431 ronii
2782 5392 2944 5445 opus,
2983 5377 3111 5446 quia
3146 5378 3200 5429 in
3255 5391 3319 5429 eo
3352 5374 3542 5443 appel-

1963 5450 2110 5504 latur
2176 5451 2477 5520 imperator
2538 5447 2912 5520 TheOphilus;
2954 5454 3068 5501 tum
3131 5447 3235 5517 ipsi
3274 5455 3551 5520 martyres

1959 5520 2105 5575 haud
2140 5517 2271 5575 ante
2310 5533 2518 5574 nonum
2550 5520 2812 5573 saeculum
2845 5517 3025 5588 fecere
3058 5518 3409 5588 martyrium.

2024 5589 2376 5731 ιμὲξὲῧεοιε
2424 5588 2720 5660 Sophronii
2753 5588 2923 5659 ipsius
2958 5585 3337 5644 Praefationem
3362 5585 3552 5657 (supra

1956 5677 2059 5719 COI.
2095 5677 2163 5717 οι
2179 5677 2279 5719 I'J).
