4020 6200
297 350 440 418 3669

1292 337 1396 402 SS.
1434 336 1612 400 CYRI
1649 338 1747 399 ET
1783 337 2106 401 JOANNIS
2140 338 2560 400 MIRACULA.

3414 342 3559 411 3570

363 461 483 520 Μεθ
500 461 513 480 ⁶
539 456 755 533 ἡμέρας
776 455 834 511 δὲ
864 452 1027 509 πάλιν
1048 449 1234 521 ὀλίγας
1265 450 1324 504 ὲν
1353 448 1638 522 μοναστῶν
1664 448 1873 514 στολαῖς

2053 448 2184 504 Post
2210 463 2414 519 paucos
2453 460 2582 503 vero
2609 445 2726 503 dies
2763 447 2820 503 in
2869 447 3262 504 monachorum
3289 450 3446 506 stolis
3475 469 3563 511 vc-

295 556 641 628 άφικόμενοι,
685 551 782 619 τῆς
819 547 1029 609 οἰκείας
1069 543 1252 599 αὐτῶν
1288 543 1543 614 κηρωτῆς
1590 541 1756 613 ἐλαίῳ
1785 541 1881 594 λυ.-

296 648 485 717 θείσης
509 642 587 714 τῷ
605 642 704 712 τῆς
730 636 1059 709 ἐπιτυμὸίου
1089 634 1367 704 κανδήλας
1388 632 1569 687 αὐτῶν
1596 632 1884 703 περιττεύ-

295 757 407 793 οντι
437 737 551 799 τοῖς
574 732 876 803 ὀφθαλμοῖς
904 728 1107 782 ἐνιέναι
1131 724 1470 779 κελεύουσιν.
1504 722 1562 778 Ὀ
1578 722 1635 777 δὲ
1659 722 1883 797 πληρώ-

296 848 395 894 σας
426 828 526 899 τὴν
573 825 839 886 τέλευσιν,
884 820 986 891 τὴν
1018 817 1228 888 ταύτης
1273 817 1573 872 ἀκόλουθον
1602 816 1793 885 ὑγείαν
1819 818 1885 871 ἐκ

298 922 499 991 μέρους
530 917 773 983 ἐδέξατο.
806 912 946 966 Ἀλλ’
979 912 1069 965 ὅτε
1101 912 1267 983 ρῶσιν
1296 911 1505 965 τελείαν
1529 911 1678 982 αὐτῷ
1703 928 1883 983 παρα-

295 1011 441 1079 σχεῖν
472 1003 1014 1077 ἑσπλαγχνίσθησαν,
1059 1002 1203 1055 οὕτω
1241 1001 1310 1056 δι’
1338 1002 1618 1073 ὁράματος
1649 1002 1750 1074 τὴν
1797 1003 1883 1056 66-

296 1120 379 1155 σιν
407 1099 693 1153 ἐτύπωσαν
714 1112 730 1128 ·
754 1094 870 1161 Νὺξ
891 1090 977 1166 ἦν,
1005 1093 1100 1149 καὶ
1120 1094 1424 1165 Σωφρόνιος
1448 1092 1541 1145 ἐπὶ
1566 1092 1674 1147 τῶν
1705 1110 1883 1163 στρω-

294 1191 481 1261 μάτων
515 1188 769 1242 ἐκάθευδε
791 1204 804 1218 ·
844 1188 938 1241 καὶ
967 1185 1268 1248 καθεύδων,
1318 1184 1575 1254 Ἰωάννην
1617 1182 1707 1237 τὸν
1740 1183 1883 1237 διδά-

294 1281 494 1335 σκαλον
518 1280 647 1344 τοὺς
678 1279 945 1347 ἀδελφοὺς
972 1278 1219 1341 ἅπαντας
1244 1278 1431 1346 ὲστιᾷν
1455 1278 1581 1339 τοὺς
1604 1276 1684 1338 εἰς
1711 1275 1772 1328 τὸ
1797 1276 1883 1329 τέ-

295 1389 453 1440 μενος
483 1371 627 1436 ἔδοξε
654 1385 669 1401 ·
704 1370 803 1440 μία
832 1369 889 1422 δὲ
914 1370 1029 1432 τοῖς
1065 1369 1232 1422 πᾶσιν
1262 1366 1484 1434 ἐγένετο
1513 1365 1759 1436 τράπεζα
1787 1382 1883 1418 κυ-

291 1463 569 1535 κλοτερὴς,
599 1462 690 1515 καὶ
715 1461 783 1515 δι’
834 1460 961 1531 ὅλης
986 1460 1085 1530 τῆς
1120 1459 1215 1513 τοῦ
1266 1456 1436 1527 σηκοῦ
1472 1458 1636 1521 στοᾶς
1680 1457 1882 1511 διατεί-

290 1572 487 1609 νουσα·
517 1554 708 1609 τούτου
742 1553 852 1625 γὰρ
903 1551 1044 1623 αὐτὴ
1088 1552 1149 1605 τὸ
1178 1552 1366 1621 σχῆμα
1422 1550 1791 1623 κεκλήρωται,
1831 1552 1881 1603 εί

292 1644 387 1696 καὶ
415 1644 636 1711 γωνίαις
664 1643 808 1697 ὀκτὼ
863 1644 962 1714 τὴν
1020 1641 1147 1713 μίαν
1210 1640 1303 1694 τοῦ
1360 1639 1563 1694 κύκλου
1614 1640 1881 1712 γραμμὴν

289 1735 694 1802 διαστέλλουσα,
735 1736 919 1806 σχῆμα
958 1734 1202 1788 δείκυσιν
1240 1733 1430 1804 ἕτερον
1466 1733 1527 1786 ού
1569 1734 1748 1803 πάντη
1781 1732 1877 1786 τοῦ

1982 542 2219 605 nientes,
2250 542 2532 610 -pr0priam
2569 554 2725 594 suam
2755 546 2976 596 ceroten
3001 540 3122 596 oleo
3160 541 3560 613 dissolvi,‘qua:

1983 631 2310 692 excandela
2361 646 2482 701 quae
2516 646 2679 700 supra
2721 631 2990 685 tumulum
3032 646 3190 686 stium
3222 644 3339 688 erat
3385 637 3562 691 abun-

1984 722 2169 789 dabat,
2202 730 2256 778 et
2284 723 2338 777 in
2374 723 2566 777 oculos
2594 721 2736 777 milli
2756 722 2971 792 jubent.
3004 721 3106 789 Qui
3132 722 3387 792 jussione
3409 741 3564 781 com-

1985 813 2151 883 pleta,
2187 820 2612 882 consequentem
2645 814 2811 868 etiam
2845 813 3045 883 partim
3086 816 3377 872 sanitatem
3406 834 3561 876 rece-

1983 906 2084 978 pit.
2158 907 2266 962 Sed
2326 906 2588 977 quoniam
2657 906 3091 962 incolumitatem
3157 906 3453 978 perfectam
3511 914 3561 968 ei

1983 996 2562 1053 misericorditerdare
2576 995 2886 1061 voluerunt,
2907 998 3090 1053 taliter
3106 1000 3290 1053 datum
3305 999 3561 1077 [donumj

1983 1102 2080 1157 per
2112 1088 2385 1144 somnium
2414 1087 2807 1142 formaverunt.
2840 1085 2957 1142 Nox
2979 1099 3115 1154 erat,
3151 1098 3205 1146 et
3239 1107 3404 1164 supra
3420 1104 3560 1151 atra.

1983 1181 2468 1257 tuardormiehat,
2519 1187 2573 1234 et
2619 1180 2897 1237 dormiens
2933 1180 3200 1238 Joannem
3238 1188 3560 1257 magistrum

1983 1270 2182 1327 fratres
2215 1271 2500 1326 universos
2535 1271 2627 1341 qui
2661 1272 2713 1325 in
2742 1271 2942 1342 templo
2968 1282 3126 1328 erant
3154 1274 3220 1329 ad
3252 1279 3560 1333 convivium

1984 1362 2249 1419 invitasse
2295 1363 2480 1419 videre
2519 1362 2783 1433 putabat;
2831 1379 2936 1419 una
2980 1380 3112 1422 vero
3160 1368 3377 1423 cunctis
3419 1370 3559 1425 facta

1982 1464 2067 1509 est
2118 1470 2307 1512 mensa
2343 1456 2395 1510 in
2430 1455 2649 1510 modum
2684 1455 2904 1522 circuli,
2938 1467 2991 1512 et
3028 1473 3124 1526 per
3162 1467 3330 1514 totam
3379 1464 3560 1532 templi

1984 1547 2256 1614 porticum
2297 1555 2546 1615 extensa,
2586 1549 2729 1604 hanc
2751 1551 2898 1603 enim
2936 1549 3051 1604 haec
3093 1551 3323 1622 ﬁguram
3365 1556 3559 1610 sortita

1982 1646 2087 1702 est,
2133 1637 2260 1692 licet
2304 1637 2520 1707 angulis
2549 1644 2698 1701 octo,
2736 1651 2900 1692 unam
2953 1638 3085 1709 cycli
3121 1638 3322 1696 lineam
3364 1641 3564 1699 distin-

1984 1743 2179 1797 guens,
2218 1728 2446 1783 formam
2482 1729 2795 1784 ostenderet
2821 1730 2984 1784 aliam
3020 1746 3128 1787 non
3160 1735 3385 1789 omnino
3411 1751 3441 1790 a
3472 1751 3562 1791 ro-

289 1824 650 1896 κυκλοτεροῦς
685 1825 1047 1895 διιστάμενον.
1081 1824 1171 1895 Τῷ
1200 1819 1292 1877 οὖν
1317 1823 1557 1895 σχήματι
1584 1822 1682 1894 τῆς
1714 1825 1873 1889 στοᾶς

1978 1819 2249 1876 tunditate
2284 1820 2604 1877 distantem.
2638 1821 2781 1891 Ergo
2822 1820 3051 1892 figuram
3083 1826 3329 1894 porticus
3367 1843 3561 1898 seque-

286 1915 576 1987 ἠκολούθει
604 1916 791 1986 σαφῶς
820 1916 916 1970 καὶ
945 1918 978 1988 ἡ
1006 1916 1279 1988 τράπεζα,
1305 1910 1371 1991 ἧς
1397 1918 1455 1970 ὲν
1488 1917 1630 1988 ἀρχῇ
1662 1918 1870 1972 Θεόδω-

290 2024 384 2077 ρες
412 2008 440 2059 6
473 2008 686 2079 μάρτυς
721 2006 1001 2061 ἀνέκειτο·
1038 2007 1157 2062 λίαν
1186 2008 1292 2080 γάρ
1335 2008 1425 2062 καὶ
1458 2009 1622 2074 αὐτὸς
1650 2012 1874 2080 ἐτιμᾶτο

286 2098 365 2170 τῷ
400 2096 691 2168 πάσχοντι·
732 2098 855 2169 μεθ’
885 2097 944 2152 ὃν
970 2096 1154 2169 Κῦρος
1187 2094 1254 2170 ἧν
1285 2101 1313 2152 6
1345 2099 1652 2170 Θεσπέσιος,
1689 2103 1873 2158 Ἰωάν-

289 2203 388 2259 νην
417 2188 506 2244 τὸν
538 2189 764 2258 ἀδελφὸν
813 2189 986 2257 δεξιὸν
1039 2192 1404 2261 ἐπαγόμενος,
1453 2194 1547 2248 καὶ
1579 2195 1873 2265 πρδςδτῶν

291 2282 386 2335 δύο
412 2283 506 2353 τῆς
533 2280 821 2346 εὐσεϐείας
866 2281 1120 2354 ἀθλητῶν
1164 2284 1568 2355 μεσαζόμενος·
1608 2287 1707 2357 οὐχ
1754 2288 1873 2342 ἑτέ-

299 2382 409 2437 ροις
433 2367 700 2437 χρώμενοι
728 2368 1027 2440 σχήμασιν,
1064 2369 1165 2423 οὐκ
1206 2371 1265 2424 ὲν
1296 2374 1533 2442 μορφαῖς
1564 2372 1873 2446 ἀλλοτρίαις

293 2458 626 2530 φαινόμενοι,
655 2459 772 2515 ἀλλ’
798 2462 857 2513 ὲν
883 2455 971 2525 αἷς
999 2461 1245 2533 ὑπῆρχον
1269 2463 1363 2516 καὶ
1400 2462 1703 2534 γράφονται
1730 2482 1743 2496 ·
1780 2467 1875 2518 καὶ

294 2550 414 2619 μετ’
438 2552 640 2615 αὐτοὺς
678 2553 706 2605 6
748 2552 938 2616 λοιπὸς
968 2552 1157 2622 ὅμιλος
1194 2552 1302 2607 τῶν
1336 2554 1578 2608 ἀσθενῶν
1628 2557 1874 2627 ἀδελφῶν

288 2641 709 2698 κατεκλίνοντο·
756 2646 850 2696 καὶ
888 2646 1024 2697 πᾶσι
1066 2643 1165 2712 μὲν
1209 2644 1368 2714 μόνος
1413 2645 1714 2717 διηκονεῖτο
1759 2651 1873 2704 Σω-

289 2735 535 2806 φρόνιος·
566 2736 819 2810 Ἰωάννης
837 2735 891 2789 δὲ
920 2738 948 2789 6
976 2734 1166 2789 τούτου
1193 2735 1533 2802 διδάσκαλος,
1559 2737 1634 2801 ὡς
1664 2742 1723 2793 ὲν
1757 2742 1873 2809 γεί-

288 2841 400 2879 τονι
429 2828 491 2897 τῇ
517 2826 679 2900 κέλλῃ
701 2826 799 2890 τὰς
828 2826 1036 2890 ἐδωδάς
1061 2825 1496 2897 παρεσκεύαζεν.

372 2916 462 2979 Ὠς
482 2916 540 2969 δὲ
575 2918 750 2988 πέρας
778 2918 810 2987 ἡ
840 2916 1082 2980 ἑστίασις
1107 2916 1288 2984 ἔλαϐε,
1341 2917 1436 2971 καὶ
1474 2920 1573 2989 τῆς
1618 2922 1876 2975 κατακλί-

288 3024 428 3071 σεως
469 3010 518 3061 οί
581 3010 730 3079 τρεῖς
783 3008 1084 3078 ἀνέστησαν
1128 3006 1294 3078 ἅγιοι,
1346 3009 1480 3081 πρὸς
1521 3012 1876 3083 Σωφρύνιονὸ

1974 1912 2135 1966 batur
2183 1912 2469 1968 evidenter
2517 1920 2571 1968 et
2624 1928 2851 1980 mensa;
2914 1915 2969 1968 in
3015 1916 3178 1985 cujus
3242 1920 3559 1972 summitate

1975 2010 2183 2075 martyr
2212 2001 2539 2059 Theodorus
2589 2005 2983 2071 recumbebat;
3026 2008 3182 2063 valde
3235 2023 3474 2079 namque
3504 2023 3561 2064 et

1976 2095 2093 2165 ipse
2126 2096 2565 2166 compatiebatur
2590 2096 2855 2164 patienti;
2886 2105 3011 2167 post
3039 2113 3201 2168 quem
3235 2101 3414 2172 Cyrus
3440 2112 3559 2156 erat

1974 2177 2251 2256 egregius,
2298 2185 2564 2241 Joannem
2616 2185 2841 2244 fratrem
2884 2188 3234 2244 dextrorsum
3275 2205 3465 2263 agens,
3505 2202 3557 2246 et

1975 2277 2187 2332 medius
2234 2276 2378 2332 inter
2420 2277 2560 2333 duos
2619 2280 2840 2348 pietatis
2884 2290 3221 2349 certatores,
3277 2300 3384 2339 non
3432 2286 3558 2340 aliis

1973 2368 2347 2426 schematibus
2387 2379 2625 2434 utentes,
2669 2387 2780 2426 non
2811 2373 2864 2427 in
2911 2374 3109 2430 alienis
3158 2376 3350 2434 formis
3387 2392 3556 2448 appa-

1976 2466 2179 2523 rentes,
2214 2460 2310 2516 sed
2347 2461 2400 2514 in
2431 2463 2629 2531 quibus
2663 2461 2957 2529 fuerantet
2985 2465 3325 2538 pinguntur;
3358 2477 3410 2524 et
3434 2478 3557 2541 post

1974 2568 2069 2609 eos
2084 2553 2290 2622 reliqua
2306 2553 2892 2613 inflrmorumfratrum
2921 2559 3277 2616 recumbebat
3295 2572 3515 2618 caterva
3539 2583 3551 2631 ;

1974 2655 2027 2699 et
2053 2644 2319 2711 omnibus
2349 2647 2580 2715 quidem.
2600 2648 2752 2705 solus
2792 2649 3141 2707 ministrabat
3180 2653 3583 2725 Sophroniusn

1973 2735 2213 2793 Joannes
2249 2745 2429 2793 autem
2479 2739 2642 2808 hujus
2692 2741 2956 2812 magister
2984 2745 3142 2814 quasi
3181 2745 3233 2800 in
3272 2748 3557 2807 vicinitate

1976 2828 2126 2884 cellae
2158 2829 2497 2899 pra-parabat
2518 2830 2707 2900 dapes.

2046 2918 2290 2987 Cumque
2323 2918 2483 2973 finem
2515 2921 2826 2977 convivium
2873 2924 3236 2997 percepisset,
3270 2936 3325 2984 et
3359 2930 3430 2986 ab
3460 2946 3557 2989 ac-

1976 3007 2164 3059 cuhitu
2216 3018 2505 3077 surgentes
2546 3016 2660 3064 tres
2691 3010 2769 3065 illi
2806 3015 2982 3069 sancti
3017 3016 3380 3088 resedissent,
3420 3036 3554 3078 san-

287 3100 562 3171 Θεόδωρος
600 3100 819 3170 εἴρηκεν
841 3115 856 3132 ·
906 3098 1182 3152 Ἀπελθὼν
1204 3098 1358 3154 κάλει
1384 3117 1476 3153 σου
1501 3101 1591 3156 τὸν
1620 3102 1873 3157 διδάσκα-

1977 3103 2099 3149 ctus
2133 3096 2199 3149 ad
2246 3094 2617 3168 Sophronium
2652 3099 2973 3160 Theodorus
3007 3106 3187 3166 dixit:
3223 3110 3391 3179 Vade,
3422 3129 3557 3170 voca

284 3190 399 3257 λον,
434 3190 502 3245 ἵν’
536 3191 755 3262 ἀποδῴη
790 3190 972 3263 Κύρος
1009 3193 1037 3246 6
1068 3193 1223 3262 ἆγιος
1260 3194 1288 3248 6
1317 3211 1368 3247 τι
1399 3193 1443 3247 δ’
1471 3190 1537 3248 ἂν
1581 3194 1729 3265 αύτῷ
1773 3199 1861 3249 ὲπο

285 3284 576 3352 apellant.
625 3284 682 3336 ὐ
709 3283 766 3336 δὲ
804 3283 1060 3355 δρομαῖος
1080 3285 1141 3339 τὸ
1185 3285 1477 3340 κελευσθὲν
1524 3285 1871 3357 διεπράξατο.

299 3376 555 3429 ’ἐλθόντα
584 3375 715 3444 γοῦν
742 3375 834 3429 τὸν
874 3375 1127 3447 Ἰωάννην
1155 3375 1337 3448 (τοῦτο
1364 3377 1471 3447 γάρ
1508 3373 1576 3450 ἦν
1598 3380 1690 3432 τοῦ
1730 3379 1874 3433 διδα-

294 3469 495 3523 σκάλου
517 3468 576 3522 τὸ
597 3468 814 3541 ὄνομα),
838 3467 974 3521 Είπὲ
1005 3469 1142 3539 πρὸς
1167 3469 1350 3538 αὐτὸν,
1376 3472 1405 3524 6
1440 3468 1875 3539 ptdtptug‘9566to-

294 3575 381 3631 ρος
414 3555 586 3624 εἶπεν,
632 3557 688 3612 τί
715 3575 798 3611 σοι
837 3559 1103 3629 χρεωστεῖ
1148 3555 1331 3628 Κύρος
1361 3559 1388 3610 6
1418 3556 1594 3625 άγιος,
1628 3558 1713 3611 ἵνα
1766 3576 1868 3611 πα-

300 3650 550 3718 ραχρῆμα
571 3647 631 3701 τδ
658 3648 818 3719 χρέος
850 3647 1114 3701 ὲκτίσειεν
1134 3665 1149 3678 ·
1185 3646 1244 3701 '0
1276 3646 1332 3701 δὲ
1362 3647 1545 3701 πεσὼν
1571 3648 1665 3702 ἐπὶ
1697 3650 1871 3721 προσ-

296 3756 464 3800 ωπον,
497 3738 663 3809 μηδὲν
698 3736 845 3808 αύτῷ
876 3741 1171 3809 χρεωστεῖν
1205 3737 1307 3809 ἔφη
1360 3739 1451 3792 τὸν
1497 3738 1773 3811 μάρτυρα.
1812 3740 1870 3794 '0

290 3830 348 3883 δὲ
382 3831 590 3901 μάρτυς
613 3829 908 3900 Θεόδωρος,
932 3830 1156 3894 Πάντως
1187 3830 1350 3900 ἐρεῖς,
1377 3830 1728 3902 ἀπεκρίνατο.
1760 3833 1871 3886 Καὶ

291 3925 450 3977 πάλιν
481 3927 507 3977 6
531 3922 718 3994 Πατὴρ
751 3922 849 3995 τὴν
872 3923 1148 3995 προτέραν
1175 3919 1329 3978 εἶπεν
1349 3923 1660 3996 ἀπόκρισιν.
1701 3925 1788 3990 Ὠς
1812 3926 1869 3980 δὲ

288 4016 448 4069 τοῦτο
502 4015 761 4079 πολλάκις
819 4015 1142 4086 πεποίηκεν,
1189 4017 1289 4084 κοιλς
1329 4015 1404 4087 μὴ
1432 4017 1870 4089 παραχωροῦντα

290 4108 380 4161 τὸν
408 4109 564 4176 άγιον
595 4107 810 4173 ἐὸλεπε,
843 4106 978 4161 ἀλλὰ
1018 4107 1235 4171 πάντως
1261 4110 1435 4161 εἰπεῖν
1468 4109 1866 4177 ἀναγκάζοντα,

305 4200 459 4270 Ἐμοὶ
490 4199 588 4270 μὲν
611 4198 784 4265 οὐδὲν,
823 4198 948 4270 ἔφη,
993 4201 1294 4269 χρεωστεῖ·
1334 4197 1494 4253 τοῦτο
1521 4199 1578 4253 δὲ
1604 4200 1869 4255 λιτανεύω

292 4293 387 4345 καὶ
414 4292 623 4363 δέομαι,
656 4293 751 4346 καὶ
786 4292 845 4356 ἐξ
874 4292 1001 4363 ὅλης
1023 4290 1201 4363 ψυχῆς
1226 4288 1487 4360 αἰτοῦμαι
1535 4291 1628 4346 τὸν
1656 4294 1868 4363 μάρτυ-

296 4402 386 4456 ρα,
417 4385 496 4447 εἰς
530 4385 628 4455 τὴν
660 4386 855 4440 κὲλλαν
892 4384 1052 4458 ἡμῶν
1103 4384 1206 4457 τὴν
1241 4385 1507 4458 ταπεινὴν
1558 4386 1866 4457 παραγενέ-

296 4477 441 4541 σθαι,
468 4478 687 4531 κάκεῖσε
715 4478 924 4549 συχνῶς
947 4479 1095 4552 ἡμᾶς
1119 4479 1568 4535 ἐπισκέπτεσθαι·
1595 4481 1689 4533 καὶ
1713 4480 1865 4533 εύλο-

293 4572 408 4639 γεῖν
435 4571 531 4642 μὲν
564 4570 927 4640 ὑγιαίνοντας,
969 4569 1152 4624 ἰᾶσθαι
1182 4570 1239 4624 δὲ
1270 4572 1660 4642 συνεχομένους
1703 4571 1862 4643 νοσή-

294 4678 491 4732 μασιν·
517 4656 615 4715 Ὧν
649 4660 886 4724 ἀκούσας
914 4660 1097 4733 Κύρος
1124 4661 1153 4712 6
1174 4660 1325 4729 ἅγιος
1364 4661 1537 4725 οὕτως
1573 4663 1732 4726 εὐθὺς
1765 4663 1870 4715 άπ-

290 4753 561 4824 εκρίνατο·
585 4754 791 4817 Ὄντως
807 4752 1059 4825 ἔρχομαι,
1072 4753 1240 4816 ὅντως
1260 4753 1512 4824 ἔρχομαι,
1530 4753 1697 4816 ὄντως
1714 4754 1870 4824 ἔρχο-

289 4861 415 4916 μαι,
457 4843 536 4915 τῷ
561 4845 769 4915 τρισσῷ
812 4845 905 4898 τοῦ
938 4845 1327 4917 προσρήματος
1363 4845 1461 4916 τὴν
1496 4845 1645 4916 ἱεράν
1701 4844 1867 4898 αὑτοῦ

288 4936 651 5008 πονούμενος
699 4937 916 5007 ἄφιξιν·
953 4939 1089 5009 ὅπερ
1126 4936 1345 5009 ἀληθῶς
1376 4937 1470 4989 καὶ
1510 4938 1866 5009 πεπλήρωκε,

291 5028 387 5082 καὶ
436 5030 633 5101 πληροῖ
680 5029 917 5099 συνεχῶς
962 5029 1385 5100 ἀφικνούμενος.
1413 5027 1488 5081 Τὸ
1524 5029 1630 5099 γάρ
1657 5030 1868 5099 Ὤμοσα

290 5125 382 5176 καί
408 5121 632 5192 ἐστησα,
676 5122 770 5176 καὶ
801 5121 869 5175 τά
892 5121 1357 5193 διεκπορευόμενα
1391 5120 1479 5173 διὰ
1509 5120 1618 5172 τῶν
1648 5119 1867 5190 χειλέων

292 5233 396 5287 μου
434 5215 534 5268 ούκ
586 5213 855 5285 ἀθετήσω,
919 5212 1089 5283 ἁγίων
1137 5214 1265 5268 ίδιον
1320 5211 1720 5280 ἐπιστάμενος,
1772 5228 1869 5263 πε-

290 5307 425 5379 ριὼν
457 5308 558 5380 μὲν
586 5309 644 5361 ἐν
679 5310 844 5379 σαρκὶ
874 5308 1200 5379 συχνότερον
1237 5304 1431 5375 ἔψαλλε
1455 5320 1470 5335 ·
1494 5302 1788 5375 χωρισθεὶς
1811 5302 1866 5357 δὲ

290 5401 516 5473 σαρκὸς,
550 5401 640 5454 καὶ
677 5401 813 5473 πρὸς
843 5400 1069 5472 οὐρανὸν
1098 5397 1365 5462 άναπτάς,
1400 5396 1561 5451 πάλιν
1607 5395 1775 5448 ποιῶν
1804 5395 1866 5448 ού

285 5493 546 5548 διέλιπεν.
572 5486 683 5547 Καὶ
710 5493 963 5565 Ἰωάννης
987 5493 1085 5565 μὲν
1113 5489 1489 5554 ό.διδάσκαλος
1517 5488 1728 5555 τούτοις
1753 5490 1869 5543 ἐθε-

288 5582 538 5656 ραπεύθη
569 5586 682 5647 τοῖς
729 5584 991 5656 ῥήμασιν,
1013 5568 1253 5654 χὲνορκον
1294 5580 1421 5652 περὶ
1467 5580 1577 5635 τῶν
1620 5578 1869 5652 αἰτηθέν-

286 5692 397 5731 των
430 5665 762 5746 ἐπαγγελίαν
782 5674 1094 5747 δεξάμενος,

367 5765 430 5822 '0
463 5767 711 5840 μαθητὴς
745 5767 805 5822 δὲ
833 5766 1021 5821 τούτου
1071 5766 1397 5837 Σωφρύνιος,
1442 5766 1601 5832 δύτας
1647 5767 1865 5840 ιλαροίις

1981 3188 2299 3259 magistrum
2347 3199 2522 3260 tuum,
2566 3201 2625 3248 ut
2673 3194 2864 3250 reddat
2903 3198 3078 3271 Cyrus
3111 3211 3340 3275 sanctus
3382 3208 3559 3279 quod-

1977 3297 2194 3353 cunque
2246 3283 2325 3337 illi
2376 3284 2557 3340 debet.
2624 3285 2727 3352 Qui
2770 3290 2975 3349 cursim
3025 3293 3171 3363 quod
3215 3294 3431 3366 jussqu
3474 3307 3559 3355 est

1974 3372 2103 3444 egit.
2163 3372 2299 3432 Cum
2339 3390 2469 3446 ergo
2514 3373 2755 3434 Joannes
2795 3382 3035 3438 venisset
3080 3385 3207 3455 (hoc
3251 3390 3396 3443 enim
3440 3398 3559 3446 erat

1975 3466 2223 3537 magistri
2258 3472 2502 3539 nomen),
2524 3467 2662 3524 dixit
2689 3470 2757 3526 ad
2790 3487 2915 3527 eum
2954 3484 3163 3547 martyr
3186 3476 3512 3537 Theodorus
3540 3500 3553 3537 :

1974 3554 2072 3611 Dic
2110 3559 2241 3629 quid
2273 3559 2368 3615 tibi
2398 3559 2556 3616 debet
2588 3570 2817 3619 sanctus
2845 3564 3068 3637 Cyrus?
3099 3577 3157 3622 ut
3185 3569 3427 3625 debitum
3447 3580 3557 3627 sta-

1976 3650 2071 3704 tim
2122 3652 2390 3707 exsolvat.
2436 3653 2541 3719 Qui
2576 3655 2781 3712 cadens
2816 3657 2869 3712 in
2915 3657 3133 3724 faciem,
3161 3661 3297 3716 nihil
3331 3663 3435 3718 sibi
3461 3662 3560 3719 de-

1975 3739 2101 3794 bere
2145 3748 2439 3812 martyrem
2491 3743 2586 3798 ait.
2638 3747 2738 3802 Ast
2774 3744 3096 3804 Theodorus
3137 3759 3366 3822 martyr,
3398 3751 3557 3810 Dices

1973 3828 2241 3899 profecto,
2274 3832 2577 3901 respondit.
2618 3831 2686 3887 Et
2719 3834 2919 3891 itermn
2952 3836 3115 3896 Pater
3138 3840 3376 3909 priorem
3416 3842 3558 3897 dixit

1973 3924 2411 3992 responsionem.
2445 3924 2690 3996 Cumque
2714 3926 2816 3982 hoc
2842 3942 2984 3998 saepe
3005 3928 3244 3992 fecisset,
3273 3940 3559 3986 sanctum-

1969 4031 2078 4086 que
2115 4014 2327 4072 videret
2356 4032 2479 4078 .non
2519 4018 2890 4085 desinentem,
2937 4022 3031 4077 sed
3073 4024 3267 4079 modis.
3300 4026 3557 4081 otnnihus

1970 4108 2154 4165 dicere
2183 4120 2495 4180 cogentem,
2528 4110 2659 4167 Mihi
2691 4114 2913 4183 quidem
2957 4113 3092 4171 nihil
3123 4116 3304 4183 debet,
3333 4118 3551 4189 inquit;

1971 4198 2073 4253 hoc
2127 4206 2308 4255 tamen
2359 4215 2558 4270 precor
2599 4208 2654 4257 ct
2702 4203 2958 4269 obsecro,
3005 4214 3059 4261 et
3098 4222 3163 4260 ex
3210 4216 3324 4261 [0:0
3370 4210 3556 4265 animo

1970 4299 2264 4360 martyrem
2304 4292 2544 4361 postulo,
2578 4301 2638 4347 ut
2674 4292 2729 4349 in
2778 4294 3039 4350 humilem
3080 4297 3273 4351 cellam
3308 4312 3552 4356 nostram

1968 4380 2177 4443 veniat,
2208 4388 2264 4436 et
2289 4382 2401 4438 illic
2433 4398 2534 4439 nos
2566 4384 2910 4455 frequentius
2949 4386 3154 4453 visitet,
3181 4398 3233 4443 et
3263 4391 3556 4462 sauisqui-

1968 4469 2090 4525 dem
2124 4471 2433 4538 bcnedieat,
2468 4490 2767 4547 oppressos
2795 4493 2923 4534 vero
2941 4494 2971 4533 a
2998 4478 3352 4550 languoribus
3378 4495 3552 4539 sanet.

1970 4559 2186 4627 Quibus
2218 4564 2444 4631 auditis,
2478 4578 2708 4624 sanctus
2745 4568 2925 4640 Cyrus
2961 4586 3085 4623 mox
3123 4570 3198 4622 ita
3239 4572 3550 4639 respondit:

1971 4649 2112 4717 Vere
2136 4656 2312 4720 venio,
2341 4672 2466 4711 vere
2498 4659 2679 4725 venio,
2700 4676 2827 4716 vere
2855 4662 3035 4727 venio,
3066 4664 3209 4716 trino
3235 4664 3553 4733 juramcuto

1970 4752 2024 4799 et
2070 4746 2451 4816 hujuscemodi
2489 4751 2654 4806 aifatu
2685 4768 2905 4808 sacrum
2953 4771 3117 4815 suum
3151 4755 3430 4814 afﬁrmans
3458 4759 3556 4812 ad-

1971 4841 2396 4910 ventum;quod
2428 4849 2482 4896 et
2517 4846 2781 4899 veraciter
2821 4845 3160 4916 adimplevit,
3205 4857 3259 4903 et
3294 4851 3555 4921 adimplet

1971 4931 2335 4986 continuatim
2374 4934 2641 4998 accedens
2677 4953 2690 4988 :
2720 4935 2903 5002 juravi
2959 4937 3109 4992 enim
3146 4947 3201 4992 et
3249 4942 3442 5007 statui,
3498 4951 3555 4997 et.

1971 5038 2093 5092 qua:
2138 5024 2443 5093 procedunt
2484 5040 2579 5095 per
2627 5026 2768 5079 labia
2810 5040 2929 5080 mea
2980 5044 3089 5081 non
3140 5030 3337 5085 faciam
3372 5032 3548 5097 irrita,

1972 5118 2255 5188 proprium
2298 5126 2613 5173 sanctorum
2634 5134 2756 5175 esse
2788 5135 2897 5173 non
2928 5121 3217 5190 nesciens;
3250 5124 3397 5193 quod
3426 5139 3550 5179 cum

1972 5219 2118 5264 esset
2147 5209 2365 5279 quidem
2414 5220 2701 5279 superstes
2739 5213 2790 5265 in
2821 5228 2989 5268 carne
3025 5214 3228 5284 jngiter
3261 5215 3550 5284 psallebat,

1971 5318 2096 5356 cmu
2132 5312 2310 5357 autem
2349 5313 2635 5371 separatus
2658 5319 2688 5358 a
2719 5320 2885 5359 carne
2915 5306 2981 5367 ad
3019 5306 3217 5361 coelum
3255 5306 3550 5376 avolasset,

1973 5397 2169 5451 iterum
2204 5395 2385 5451 facere
2418 5412 2525 5451 non
2553 5397 2603 5450 dt
2627 5394 2790 5453 tistit.
2826 5397 2890 5452 Et
2930 5398 3172 5455 Joannes
3199 5401 3421 5471 quidem
3460 5403 3543 5457 ille

1972 5492 2231 5561 magister
2286 5489 2373 5545 bis
2410 5491 2656 5561 placatus
2689 5503 2773 5546 est
2816 5494 3015 5560 verbis,
3054 5492 3328 5563 juratoria
3364 5510 3551 5565 repro-

1970 5585 2235 5640 missione
2258 5584 2327 5640 de
2351 5586 2641 5655 postulatis
2668 5595 2913 5659 accepta.

2044 5769 2358 5840 Diseipulus
2410 5778 2591 5829 autem
2623 5770 2794 5847 hujus
2845 5768 3191 5843 Sophronias
3225 5771 3427 5827 hilares
3460 5771 3550 5828 da-
