4020 6200
462 407 597 471 3671

1416 408 1478 469 s.
1520 409 1938 471 SOPHRONII
1970 407 2479 469 PATRIARCHzE
2526 370 2929 469 HiEROSOL.

3570 402 3708 471 3672

455 531 604 576 tores
638 526 863 576 sanctos
900 519 1152 584 intuitus,
1192 527 1245 574 et
1275 520 1397 576 ideo
1421 538 1624 578 mensae
1671 537 2064 594 perseveraret

2149 522 2249 585 τοὺς
2273 523 2462 591 ἁγίους
2494 521 2787 591 θεώμενος,
2840 520 2935 574 καὶ
2979 517 3065 573 διὰ
3127 518 3286 572 τοῦτο
3334 519 3401 589 τῇ
3463 524 3701 598 τραπέζῃ

453 610 824 678 conspiciens,
854 618 975 679 post
1016 611 1327 665 convivium
1357 613 1625 667 accedens
1666 614 1732 667 ad
1783 612 2033 667 'lheodo-

454 716 573 753 rum
607 710 926 770 martyrem,
959 700 1301 758 intercedere
1328 718 1428 773 pro
1463 719 1529 758 eo
1561 706 1626 758 ad
1662 705 1866 775 Cyrum
1899 718 2030 758 san-

451 801 599 843 etum
640 790 876 857 dicebat,
927 792 1095 846 humo
1125 796 1358 863 positus,
1397 811 1458 850 ac
1488 798 1719 866 genibus
1753 796 2033 852 inclinatis

450 891 503 932 et
537 882 697 936 collo.
746 882 918 936 Porro
949 882 1274 942 Theodorus
1318 890 1580 960 magister
1620 890 1871 965 militum.
1904 903 2037 958 sup-

451 973 750 1040 plicatione
798 986 1078 1045 suscepta,
1129 993 1298 1048 penes
1332 979 1535 1050 Cyrum
1585 981 1834 1051 protinus
1867 980 2037 1035 inter-

448 1066 638 1129 cessit,
681 1065 913 1135 Propter
951 1067 1501 1135 Domlnttm,diccns,
1535 1080 1590 1126 et
1628 1074 1698 1126 ob
1741 1072 1887 1126 hunc
1919 1087 2037 1126 ser-

450 1172 575 1209 vum
613 1164 764 1211 tuum
794 1174 1040 1226 precare.
1079 1161 1147 1213 At
1178 1162 1267 1215 ille
1293 1163 1455 1217 etiam
1488 1163 1555 1216 ad
1577 1179 1699 1217 eum
1730 1164 2033 1232 respondit;

452 1246 729 1315 etjubens
777 1248 1047 1317 jaccntem
1090 1266 1339 1321 surgere,
1380 1263 1461 1306 ter
1500 1254 1655 1322 signo
1698 1254 1878 1308 crucis
1927 1254 2037 1307 cir-

453 1341 773 1408 cnmsepsit,
811 1340 1008 1409 pollice
1041 1341 1212 1411 digito
1239 1344 1476 1398 dexterae
1509 1360 1706 1399 manus
1736 1345 1879 1399 intra
1909 1359 2034 1414 par-

454 1447 579 1484 vum
636 1432 790 1486 valde
830 1434 1065 1501 spatium
1117 1436 1168 1487 in
1210 1451 1339 1489 aere
1390 1437 1671 1505 signacula
1710 1435 1938 1500 faciens,
1985 1445 2040 1489 et

457 1522 775 1577 benedictus
804 1522 1066 1579 Dominus
1096 1540 1192 1594 per
1234 1526 1665 1595 unumquodque
1696 1516 2036 1597 signaculum

456 1610 669 1675 dicens,
701 1629 819 1681 qua:
848 1615 1200 1681 repromissio
1237 1627 1393 1669 erant
1428 1618 1924 1687 appropinquantis
1954 1632 2042 1672 sa—

459 1704 670 1767 nitatis,
710 1720 816 1756 non
840 1705 1011 1773 ipsius
1045 1709 1351 1761 curationis
1374 1710 1582 1763 indicia
1611 1728 1626 1775 ;
1653 1712 1876 1779 quando
1894 1710 2037 1764 enim

459 1797 714 1865 martyris
736 1796 938 1865 digitus
972 1797 1254 1866 proximus
1288 1799 1508 1869 quidem
1536 1807 1675 1863 erat,
1702 1801 1793 1855 sed
1827 1804 2039 1869 patien-

458 1888 529 1940 tis
564 1887 751 1941 uculos
785 1904 889 1941 non
939 1890 1213 1958 tangebat,
1249 1899 1380 1942 tunc
1414 1892 1730 1945 benedictus
1775 1890 2034 1948 Dominus

2135 617 2587 686 προσκαρτερεῖν,
2624 614 2741 684 μεθ’
2790 613 3030 666 ἑστίασιν
3086 611 3402 683 προσελθὼν
3447 612 3709 687 Θεοδώρῳ

2133 708 2210 777 τῷ
2249 709 2507 779 μάρτυρι,
2562 706 2888 777 πρεσὸεύειν
2942 706 3084 776 ὑπὲρ
3132 706 3297 759 αὐτοῦ
3342 707 3477 777 πρὸς
3531 707 3712 779 Κῦρον

2135 806 2225 859 τὸν
2256 806 2410 872 ἅγιον
2438 804 2642 871 ἔλεγεν,
2675 804 2851 872 χαμαὶ
2884 802 3135 870 κείμενος
3162 802 3256 855 καὶ
3300 801 3498 864 γόνατα
3525 802 3714 866 κλίνας

2138 898 2229 950 καὶ
2268 895 2557 966 τράχηλον.
2592 894 2648 948 '0
2683 893 2740 947 δὲ
2776 891 3151 962 στρατηλάτης
3181 890 3452 962 Θεόδωρος
3476 890 3573 962 τὴν
3602 892 3718 943 lx:-

2136 985 2287 1039 τεῑαν
2316 984 2629 1052 δεξάμενος,
2663 984 2799 1054 πρὸς
2831 982 3015 1053 Κῦρον
3064 983 3225 1046 εὐθὺς
3284 983 3715 1054 ἐπρεσϐεύσατο,

2138 1078 2236 1130 Διὰ
2263 1075 2355 1128 τὸν
2381 1076 2607 1147 Κύριον,
2625 1075 2819 1142 λέγων,
2851 1076 2945 1128 καὶ
2974 1074 3061 1127 διὰ
3084 1074 3270 1127 τοῦτον
3291 1073 3384 1126 τδν
3411 1074 3595 1128 δοῦλόν
3622 1092 3716 1127 σου

2139 1168 2539 1238 παρακλήθητι.
2571 1169 2629 1221 '0
2646 1166 2723 1227 δὲ.
2743 1169 2870 1230 Ναὶ,
2897 1168 3031 1239 πρὸς
3058 1166 3216 1220 αὑτὸν
3236 1166 3597 1236 ἀπεκρίνατο·
3621 1167 3719 1221 καὶ

2138 1259 2400 1323 κελεύσας
2432 1259 2732 1327 ἀναστῆναι
2756 1261 2846 1311 τον
2874 1259 3151 1328 κείμενον,
3174 1258 3357 1326 τρίτον
3396 1257 3473 1329 τῷ
3503 1259 3720 1329 σημείῳ

2138 1348 2232 1404 τοῦ
2280 1348 2515 1419 σταυροῦ
2566 1348 2923 1419 περιέφραξε,
2970 1346 3046 1416 τῷ
3094 1346 3299 1417 λιχανῷ
3343 1346 3590 1416 δακτύλῳ
3617 1349 3721 1415 τῆς

2138 1438 2317 1503 δεξιᾶς
2346 1438 2527 1507 χειρὸς
2553 1439 2618 1490 ὲκ
2656 1438 2853 1507 μικροῦ
2912 1435 3047 1489 πολὺ
3103 1436 3467 1505 διαστήματος
3509 1439 3566 1488 ὲν
3590 1436 3718 1505 ἀέρι

2138 1528 2217 1598 τῷ
2245 1527 2447 1598 μεταξὺ
2481 1527 2579 1591 τὰς
2610 1527 2908 1596 σφραγῖδας
2963 1525 3301 1594 ποιούμενος,
3343 1527 3437 1578 καὶ
3459 1526 3520 1579 τδ
3547 1526 3716 1577 E610-

2134 1620 2304 1689 ,γητος
2330 1618 2557 1689 Κύριος,
2583 1620 2703 1671 καθ’
2731 1619 2969 1687 ἑκάστην
3002 1617 3272 1687 σφραγῖδα
3313 1616 3677 1687 φθεγγόμενος
3698 1632 3714 1646 ·

2142 1711 2285 1780 άπερ
2316 1710 2651 1777 ἐπαγγελίας
2684 1705 2749 1779 ἦν
2782 1709 3108 1778 ὲγγιζούσης
3137 1708 3352 1774 ἰάσεως,
3379 1711 3474 1761 καὶ
3494 1711 3592 1761 οὐκ
3619 1710 3723 1762 αύ-

2140 1801 2240 1870 τῆς
2268 1803 2368 1870 τῆς
2389 1800 2683 1871 θεραπείας
2713 1801 3032 1870 μηνύματα·
3056 1801 3123 1853 Ὅ
3144 1818 3202 1854 τε
3241 1802 3349 1871 γὰρ
3383 1800 3475 1854 τοῦ
3505 1802 3719 1869 μάρτυ-

2141 1910 2232 1964 ρος
2271 1892 2530 1955 δάκτυλος
2566 1893 2733 1954 πέλας
2784 1892 2883 1960 μὲν
2932 1888 3149 1961 ἦν,τῶν
3188 1892 3244 1946 δὲ
3278 1891 3371 1945 τοῦ
3420 1893 3723 1961 πάσχοντος

460 1978 579 2031 solo
606 1978 775 2039 dictu,
814 1978 1044 2033 vicinam
1082 1987 1136 2033 et
1167 1982 1592 2051 subsequentem
1643 1982 1930 2038 sanitatem
1964 1984 2034 2038 si-

2149 1981 2430 2053 Βφθαλμῶν
2461 1983 2559 2036 οῦκ
2599 1983 2902 2052 ἐφήπτετο·
2945 1983 3005 2035 τό
3036 2000 3115 2047 τε,
3158 1983 3460 2052 Εὐλογητὸς
3490 1983 3719 2052 Κύριος,

463 2070 776 2141 guilicabat.

536 2252 691 2307 Unde
739 2237 858 2308 moi
899 2270 1007 2309 non
1054 2264 1175 2323 post
1207 2256 1410 2311 multos
1459 2258 1577 2314 dies
1635 2266 1903 2330 martyres
1937 2260 2039 2315 So-

461 2345 695 2409 pbronio
753 2344 951 2397 iterum
1007 2348 1301 2401 dormienti
1350 2361 1634 2418 apparent,
1674 2352 2038 2420 prmcedentes

461 2436 789 2505 Sponsiones
834 2438 1159 2506 praebentes.
1206 2438 1379 2493 Porro
1426 2443 1687 2511 agebatur
1732 2444 1941 2499 sanitas
1977 2443 2041 2496 li-

460 2529 627 2596 quido
660 2529 759 2583 sic.
795 2529 1107 2586 Dormiebat
1148 2533 1193 2586 is
1230 2534 1321 2603 qui
1352 2550 1501 2589 nunc
1532 2536 1639 2589 ista
1675 2536 1862 2600 refert,
1904 2545 1955 2590 et
1986 2536 2038 2590 in

459 2620 761 2673 oratorium
804 2622 1073 2689 quoddam
1112 2638 1301 2676 eorum
1358 2641 1477 2694 qua:
1528 2625 1580 2679 in
1614 2626 1776 2680 domo
1824 2627 2040 2696 propria

460 2721 636 2776 erant,
676 2722 847 2765 semet
890 2712 1103 2765 intrare,
1132 2713 1373 2769 videbat.
1423 2715 1527 2780 Qui
1563 2730 1685 2770 eum
1724 2731 1817 2785 per
1857 2717 2037 2787 ipsum

459 2807 585 2860 (ιε’-ῆι
616 2806 943 2859 vestibulum
979 2807 1174 2870 exiret,
1208 2805 1434 2862 Thomze
1465 2811 1714 2879 apostolo
1737 2819 1789 2864 et
1814 2815 2038 2883 martyri

460 2897 796 2954 intrinsecus
841 2897 1037 2952 obvius
1086 2896 1229 2963 fuit;
1280 2908 1329 2951 et
1381 2900 1566 2967 agnito
1611 2911 1805 2955 sancto
1834 2910 1941 2955 tam
1974 2917 2037 2956 ex

460 2988 603 3042 srola
634 3002 685 3041 et
714 2988 911 3051 forma,
936 3001 1100 3056 quam
1134 3004 1199 3041 ex
1223 2989 1371 3042 omni
1402 2991 1738 3060 preprietate
1760 3007 1880 3060 qua:
1895 2992 2041 3045 circa

462 3078 694 3139 formam
752 3078 1025 3141 consistit,
1079 3080 1349 3135 maturius
1393 3097 1517 3135 cum
1572 3083 2039 3152 amplectebatur;

2139 2076 2295 2147 μόνον
2329 2075 2638 2145 λεγόμενον,
2672 2073 2889 2142 γείτονα
2919 2074 3013 2127 καὶ
3054 2074 3348 2127 ἀκόλουθον
3397 2075 3495 2144 τὴν
3543 2074 3720 2144 ρῶσιν

2136 2170 2233 2237 ὲσή
2243 2184 2426 2238 μανεν.

2208 2258 2368 2309 Ὅθεν
2391 2255 2550 2319 εὐθὺς
2578 2254 2673 2307 καὶ
2708 2254 2826 2324 μετ’
2855 2255 2916 2307 οὐ
2960 2253 3156 2317 πολλάς
3204 2254 3414 2323 ἡμέρας
3452 2255 3499 2306 οἱ
3562 2254 3713 2325 μάρο

2136 2366 2298 2419 τυρες
2349 2347 2643 2419 Σωφρονεῳ
2689 2346 2851 2399 πάλιν
2896 2345 3211 2399 καθεύδοντι
3267 2345 3568 2414 φαίνονται,
3621 2344 3724 2409 τὰς

2140 2438 2515 2512 προλαόούσας
2544 2437 2879 2506 ἐπαγγελίας
2916 2437 3247 2506 παρέχοντες
3274 2453 3288 2468 ’
3333 2436 3634 2507 ἐπράττετο
3660 2436 3725 2491 δὲ

2142 2533 2285 2587 οῦτω
2311 2529 2496 2599 σαφῶς
2522 2528 2589 2581 τὰ
2604 2528 2703 2595 τῆς
2726 2528 2963 2597 ὁράσεως
2984 2542 2998 2556 ⁸
3037 2524 3356 2579 Ἐκάθευδεν
3380 2525 3407 2577 6
3426 2524 3597 2577 ταῦτα
3626 2523 3725 2578 νῦν

2141 2622 2515 2693 διηγούμενος,
2569 2621 2662 2673 καὶ
2724 2621 2806 2681 εἰς
2861 2618 3149 2689 εύκτήριόν
3197 2616 3387 2670 τιτῶν
3433 2615 3574 2669 κατὰ
3622 2614 3725 2685 τὴν

2142 2713 2350 2767 οἰκείαν
2380 2710 2543 2783 μονὴν
2572 2710 2763 2764 ἑκτὸν
2786 2708 3165 2779 εἰσερχόμενον
3210 2706 3453 2759 ἐὸλεπεν.
3491 2699 3563 2758 Οὖ
3595 2702 3723 2758 κατ’

2144 2808 2275 2861 αὐτὸ
2305 2806 2403 2876 τῆς
2427 2804 2597 2873 θύρας
2626 2802 2685 2854 τὸ
2725 2801 3015 2873 πρόθυρον,
3044 2799 3239 2865 ἐξιόντι
3278 2797 3449 2867 Θωμᾷ
3478 2794 3553 2863 τῷ
3581 2796 3721 2847 ἀπο-

2143 2900 2314 2969 στόλῳ
2348 2899 2441 2951 καὶ
2474 2897 2713 2966 μάρτυρι
2746 2896 2852 2946 τῶν
2880 2893 3025 2946 ἔνδον
3062 2892 3371 2960 ὑπήντησεν
3398 2907 3411 2921 ·
3460 2890 3551 2941 καὶ
3583 2905 3733 2956 γνω-

2148 2991 2299 3059 ρίσας
2328 2988 2418 3040 τὸν
2453 2986 2606 3055 ἆγιον
2635 2985 2697 3037 ἔκ
2721 3001 2779 3037 τε
2845 2984 2944 3053 τῆς
2977 2982 3195 3068 στολῆς,
3246 2981 3307 3033 εκ
3337 2998 3395 3033 τε
3416 2980 3541 3047 ’τῆς
3594 2994 3732 3050 μορ-

2146 3081 2271 3148 φῆς,
2313 3079 2407 3131 καὶ
2436 3076 2636 3138 παντὸς
2690 3073 2786 3127 τοῦ
2818 3075 2947 3143 περὶ
2997 3071 3096 3143 τὴν
3153 3072 3369 3142 μορφὴν
3418 3069 3729 3138 ἰδιώματος,

462 3181 517 3224 et
544 3170 611 3223 de
640 3171 928 3224 curatione
963 3169 1139 3240 ipsius
1178 3172 1276 3234 ait,
1308 3173 1752 3241 quandoquidem
1790 3173 2039 3229 Damasci

2149 3170 2338 3223 θᾶττον
2372 3167 2520 3236 αύτῷ
2538 3165 2966 3237 προσεπλὲκετο,
2995 3165 3089 3218 καὶ
3135 3164 3262 3233 περὶ
3287 3164 3385 3232 τῆς
3430 3161 3733 3257 θεραπείας

465 3262 697 3314 virtutes
731 3260 820 3313 hic
859 3261 1060 3315 multas
1111 3260 1376 3326 ostendit,
1427 3271 1482 3316 et
1534 3263 1686 3333 signa
1736 3263 2046 3333 frequentia

461 3357 511 3404 et
543 3347 881 3412 admiranda,
915 3348 1008 3417 qui
1035 3346 1195 3402 etiam
1228 3346 1519 3417 Suphronii
1551 3351 1771 3404 fratrem
1794 3368 1858 3407 ex
1887 3352 2049 3419 longo

462 3441 623 3495 valde
679 3443 941 3511 languore
986 3441 1360 3505 dissolutum,
1432 3452 1483 3497 et
1523 3443 1804 3498 mensibus
1846 3459 1937 3499 se:
1993 3444 2047 3497 in

465 3532 725 3604 passione
770 3530 1081 3597 facientem,
1129 3533 1183 3586 in
1215 3531 1410 3587 diebus
1451 3533 1742 3603 perpaucis
1769 3534 1965 3600 erexit,
1996 3542 2051 3589 et

467 3623 771 3677 honoratur
830 3623 1059 3677 nimium
1136 3635 1361 3694 propter
1414 3624 1529 3678 haec
1598 3640 1628 3678 a
1698 3626 2051 3682 Damascenis

468 3716 771 3785 apostolus,
819 3724 1076 3785 tanquam
1120 3717 1188 3770 ab
1216 3718 1298 3771 eis
1328 3718 1419 3787 qui
1455 3717 1576 3786 ejus
1628 3720 1894 3773 sanitates
1939 3734 2083 3791 meg

468 3818 613 3874 tuut,
641 3817 694 3862 et
725 3808 900 3878 ipsius
931 3808 1265 3863 vindemiant
1299 3809 1525 3877 gratias.
1568 3810 1739 3875 Quem
1771 3811 2049 3865 inventum

471 3895 839 3963 Sorihronius,
881 3909 1002 3948 cum
1032 3894 1191 3949 fidem
1239 3896 1463 3950 haberet
1494 3896 1549 3950 in
1574 3912 1696 3950 eum
1726 3906 1779 3951 et
1808 3911 2050 3951 amorem

471 3986 823 4047 immensum,
860 4000 959 4055 pro
991 3985 1201 4040 visibus
1234 3987 1615 4056 supplicabat;
1645 4003 1770 4042 cum
1802 3988 1917 4042 sive
1946 3987 2053 4060 Cy-

470 4094 564 4132 rus
594 4087 803 4150 martyr
833 4077 998 4145 hujus
1032 4077 1365 4132 desiderium
1391 4094 1731 4149 cognoscens
1758 4082 1810 4135 in
1834 4092 2055 4151 aposto-

481 4172 592 4247 lum
651 4186 773 4224 sese
821 4169 1265 4239 trausﬁguraret,
1299 4170 1413 4225 sive
1449 4174 1632 4240 potius
1656 4171 1895 4228 Thomas
1920 4190 2053 4244 apo-

472 4250 650 4312 stolus
700 4259 1014 4320 exsisteret,
1056 4268 1111 4311 et
1145 4275 1267 4314 cum
1294 4259 1435 4331 Cyro
1472 4272 1708 4332 martyre
1734 4265 2055 4319 .coexsiste-

471 4358 575 4409 ret,
604 4349 686 4401 vel
725 4350 831 4401 alia
860 4360 1079 4404 caterva
1120 4352 1440 4423 martyrica,
1475 4354 1877 4411 monachorum
1906 4358 2049 4411 enim

2150 3261 2371 3316 ἐδέετο·
2435 3258 2730 3328 ἐπειδήπερ
2781 3258 2839 3309 ὲν
2900 3255 3175 3324 Δαμασκῷ
3248 3253 3507 3323 δυνάμεις
3570 3248 3734 3317 οὗτος

2151 3351 2350 3415 πολλὰς
2379 3349 2744 3405 ἐπιδείκνυται
2771 3346 2862 3401 καὶ
2886 3348 3091 3418 σημεῖα
3140 3344 3309 3415 συχνὰ
3337 3342 3641 3414 παράδοξα,
3669 3342 3734 3406 ὃς

2150 3446 2243 3498 καὶ
2283 3443 2588 3513 παρεθέντα
2639 3441 2949 3512 Σωφρονιου
3008 3439 3099 3492 τὸν
3148 3437 3378 3504 ἀδελφὸν
3426 3439 3490 3489 ὲκ
3517 3435 3731 3507 μακροῦ

2156 3536 2297 3591 πάνυ
2330 3535 2656 3604 νοσήματος,
2691 3532 2787 3585 καὶ
2830 3531 3007 3601 μῆνας
3042 3529 3103 3594 ἒξ
3124 3533 3181 3583 ὲν
3237 3529 3314 3600 τῷ
3369 3528 3534 3582 πάθει
3576 3529 3729 3597 ποιήσ

2155 3645 2342 3691 σαντα,
2395 3627 2631 3698 ἡμέραις
2681 3624 2893 3691 ὀλίγαις
2942 3622 3240 3691 ἀνέστησεν
3287 3636 3300 3651 ·
3357 3619 3451 3672 καὶ
3495 3620 3728 3688 τιμᾶται

2160 3718 2431 3789 περιττῶς
2461 3715 2548 3769 διὰ
2595 3716 2765 3769 ταῦτα
2790 3715 3173 3785 Δαμασκηνοῖς
3201 3714 3229 3766 6
3261 3710 3603 3775 Ἀπόστολος,
3654 3708 3735 3771 ὡς

2153 3812 2510 3883 δρεπομένοις
2534 3809 2673 3862 αὐτὰ
2692 3808 2759 3863 τὰ
2784 3807 3013 3878 ἰάματα,
3052 3806 3147 3859 καὶ
3176 3804 3450 3876 τρυγῶσιν
3474 3800 3639 3855 αὐτοῦ
3666 3799 3734 3853 τὰ

2154 3903 2467 3974 χαρίσματα
2496 3900 2629 3972 (45).
2664 3902 2757 3952 Ὃν
2780 3896 3030 3968 εὑρηκὼς
3045 3900 3072 3950 6
3088 3897 3413 3967 Σωφρόνιος,
3432 3895 3525 3948 καὶ
3552 3893 3736 3946 πίστιν

2161 3998 2300 4068 ἔχων
2327 3999 2405 4059 εἰς
2426 3997 2588 4049 αὐτὸν
2612 3995 2704 4048 καὶ
2730 3993 2893 4047 πόθον
2935 3992 3264 4063 ἀμέτρητον,
3322 3991 3464 4062 περὶ.
3496 3990 3604 4043 τῶν
3626 3991 3737 4059 ὀμ-

2160 4092 2346 4162 μάτων
2380 4090 2641 4153 ἱκέτευεν,
2671 4085 2781 4139 εἵτε
2809 4085 2993 4155 Κύρου
3029 4083 3123 4136 τοῦ
3162 4084 3438 4154 μάρτυρος
3471 4083 3562 4134 τὸν
3601 4079 3735 4135 τού-

2156 4202 2250 4239 του
2288 4182 2451 4235 πόθον
2491 4179 2907 4249 γιγνώσκοντος,
2944 4179 3022 4240 εἰς
3060 4176 3151 4228 τδν
3192 4174 3515 4229 Ἀπόστολον
3543 4174 3740 4227 ἑαυτὸν

2160 4270 2617 4340 σχηματίσαντος,
2647 4265 2756 4318 εἴτε
2817 4264 2993 4332 Θωμᾶ
3034 4261 3234 4331 μᾶλλον
3284 4259 3377 4312 τοῦ
3428 4260 3736 4312 ἀποστόλου

2157 4362 2516 4431 τυγχάνοντος
2541 4358 2635 4410 καὶ
2675 4355 2926 4416 συνόντος
2956 4353 3140 4424 Κύρου
3171 4350 3265 4404 τοῦ
3310 4349 3602 4421 μάρτυρος,
3642 4350 3740 4403 καὶ

470 4454 596 4491 cum
626 4439 922 4492 multitudo
967 4442 1326 4508 sequebatur,
1365 4443 1710 4511 aliorumque
1738 4455 2051 4502 sanctorum

2160 4448 2277 4521 ἅμα
2302 4451 2400 4519 τῆς
2463 4448 2807 4519 μαρτυρικῆς
2858 4443 3223 4514 όμηγύρεως·
3292 4441 3576 4542 μοναστῶν
3626 4442 3739 4542 γὰρ

472 4528 777 4596 Splenditlis
812 4531 1231 4584 coruscantium
1257 4533 1519 4588 vestibus.
1569 4538 1637 4588 At
1677 4552 1808 4591 vero
1843 4548 2051 4610 martyr

475 4617 639 4671 simul
677 4616 982 4691 discipulus
1023 4630 1077 4674 et
1125 4624 1432 4690 apOstolus,
1474 4624 1701 4680 dextera
1752 4644 1914 4683 manu
1957 4645 2054 4683 ex-

475 4718 653 4774 tensa,
686 4718 738 4762 et
769 4710 964 4778 pollice
1001 4711 1197 4765 iterum
1227 4715 1441 4768 sinistri
1475 4716 1646 4785 digito
1680 4719 1823 4771 oculi
1861 4721 2047 4789 palpe-

474 4802 602 4854 bras
656 4811 909 4871 tangens,
946 4804 1107 4856 tertio
1148 4804 1297 4858 illum
1343 4820 1508 4859 cruce
1543 4805 1746 4861 Christi
1795 4809 2052 4878 signavit.

476 4892 701 4948 Dicente
739 4905 923 4949 autem
961 4910 1027 4950 eo
1062 4898 1128 4953 ad
1166 4899 1521 4977 scribentem,
1557 4898 1779 4955 Dimitte
1815 4917 1937 4965 me;
1968 4902 2057 4957 ille

476 4988 640 5037 etiam
676 4993 730 5038 et
761 4984 1012 5041 dextrum
1038 4990 1255 5042 oculum
1279 4991 1499 5060 sigttare
1531 4992 1893 5061 supplicabat.
1917 4992 2057 5045 San—

476 5084 599 5131 etus
634 5091 760 5132 vero
794 5077 869 5131 nil
902 5078 1051 5131 illum
1090 5080 1218 5133 mali
1256 5080 1459 5153 habere
1502 5083 1814 5150 perhibuit;
1854 5095 1909 5138 et
1956 5085 2061 5138 hoc

472 5169 625 5221 dit-to
656 5169 945 5234 abscessit,
985 5178 1038 5224 et
1086 5186 1118 5228 ιι
1151 5172 1441 5227 retinentis
1476 5173 1622 5228 ulnis
1667 5174 1952 5238 dimissus,
1998 5178 2059 5232 ti-

482 5272 605 5315 nent
640 5258 837 5314 visioui
874 5259 1072 5317 cil‘ecit.

2162 4543 2311 4613 αύτῷ
2334 4540 2404 4614 [ὁ]
2429 4540 2630 4609 πλῆθος
2652 4538 2951 4607 παρείπετο
2967 4537 3057 4588 καὶ
3074 4534 3246 4587 ἄλλων
3270 4534 3439 4603 ἁγίων
3466 4533 3742 4601 λαμπροῖς

2158 4633 2578 4705 ἀστραπτόντων
2604 4631 2929 4700 ὲσθήμασιν.
2948 4627 3004 4681 Ὀ
3032 4627 3089 4679 δὲ
3124 4627 3331 4697 μάρτυς
3354 4624 3487 4695 ὁμοῦ
3519 4624 3613 4676 καὶ
3639 4640 3746 4693 μαι

2160 4725 2328 4793 θητὴς
2391 4723 2484 4775 καὶ
2537 4719 2855 4781 ἀπόστολος,
2906 4717 3004 4786 τὴν
3036 4716 3215 4781 δεξιάν
3260 4715 3507 4778 ἐκτείνας
3559 4717 3741 4785 χεῖρα,

2162 4817 2255 4869 καὶ⁵
2282 4815 2358 4885 τῷ
2378 4813 2585 4884 λιχανῷ
2611 4812 2773 4865 πάλιν
2833 4809 3084 4880 δακτύλῳ
3134 4807 3241 4861 τῶν
3297 4807 3388 4860 τοῦ
3450 4804 3744 4877 ἀριστεροῦ

2165 4908 2449 4977 ὀφθαλμοῦ
2501 4906 2786 4976 βλεφάρων
2835 4904 3161 4971 ἁπτόμενος,
3206 4899 3389 4970 τρίτον
3437 4898 3600 4950 αὑτὸν
3664 4895 3743 4965 τῷ

2167 4999 2382 5070 σταυρῷ
2429 4998 2523 5050 τοῦ
2572 4994 2809 5067 Χριστοῦ
2855 4992 3314 5065 κατεσφράγισεν.
3349 4988 3648 5043 Ἀπόλυσον
3690 4987 3751 5041 δέ

2172 5110 2259 5162 με,
2292 5091 2427 5160 πρὸς
2467 5089 2557 5141 τὸν
2592 5088 2871 5157 γράφοντα
2898 5085 3143 5153 λέγοντα,
3201 5084 3423 5144 ἐκεῖνος
3450 5081 3614 5135 αὑτὸν
3655 5081 3746 5132 xa‘

2168 5183 2341 5249 δεξιὸν
2370 5180 2651 5250 ὀφθαλμὸν
2683 5176 3006 5249 σφραγίζειν
3033 5175 3260 5229 ἱκέτευε.
3282 5173 3340 5227 '0
3366 5174 3420 5227 δὲ
3441 5174 3617 5240 ἅγιος.
3648 5189 3756 5241 μη-

2172 5275 2259 5327 δὲν
2290 5272 2435 5342 ἔχειν
2466 5271 2638 5322 δεινὸν
2695 5270 2900 5321 ἐκεῖνον
2946 5265 3250 5335 ἐφθέγξατο
3278 5280 3293 5297 ·
3326 5264 3421 5318 καὶ
3457 5262 3617 5315 τοῦτο
3645 5265 3754 5330 φή-

2168 5368 2263 5427 σας
2293 5360 2609 5431 άπέδραμεν
2634 5375 2646 5388 ·
2677 5361 2773 5412 καὶ
2818 5357 2929 5410 τῶν
2952 5355 3205 5424 ἀγκαλῶν
3255 5353 3473 5422 ἀφεθεὶς
3502 5351 3595 5404 τοῦ
3621 5366 3756 5403 κατ-

2166 5453 2399 5523 έχοντος,
2437 5451 2613 5524 πέρας
2643 5451 2879 5507 ἐποιεῖτο
2910 5448 3069 5503 τοῦτο
3087 5446 3189 5517 τῆς
3213 5446 3416 5516 ὄψεως.

2008 5612 2237 5669 NOTAE.

563 5718 1094 5804 (65).._\uimadvcrte
1142 5728 1291 5804 urbis
1322 5728 1569 5804 Damasci
1605 5728 1934 5801 peculiarem
1992 5747 2121 5804 erga
2157 5730 2425 5791 Thomam
2488 5730 2794 5801 apostolum
2868 5725 3309 5793 venerationem,
3358 5735 3579 5796 propter
3635 5723 3760 5792 ejus

496 5795 663 5847 multa
701 5794 898 5849 ibidem
925 5804 1138 5866 patrata
1173 5800 1457 5854 miracula.
