3998 6200
342 374 484 438 3673

1337 377 1440 439 ss.
1480 375 1655 438 CYRI
1691 357 1785 437 ET
1809 373 2132 437 JOANNIS
2170 377 2589 439 MIRACULA.

3482 372 3622 443 εστι

438 486 496 539 '0
515 486 570 540 δὲ
605 484 868 557 στραφεὶς
927 488 1066 557 μετὰ
1115 486 1177 541 τὸ
1216 490 1607 560 γεγραμμένον
1669 488 1922 541 ἐνύπνιον

2122 490 2191 543 At
2237 491 2327 546 ille
2382 504 2684 546 conversus
2734 486 3034 543 secundum
3069 484 3239 558 [post]
3285 486 3624 556 descriptum

342 580 522 651 χαράν
544 576 691 649 εἶχεν
716 577 852 649 ὁμοῦ
889 580 985 633 καὶ
1026 577 1203 651 λύπην
1263 582 1534 652 ἀφόρητον
1560 600 1574 614 ο
1620 583 1795 652 χαρὰν
1837 581 1933 650 μὲν

342 672 426 728 ὅτι
452 672 551 741 τῆς
580 670 689 724 τῶν
724 670 899 739 ἁγίων
931 672 1275 741 ἐπισκέψεως
1322 672 1479 743 ἔτυχε
1514 691 1528 704 ’
1572 672 1750 743 λύπην
1772 672 1827 725 δὲ
1851 673 1934 726 ὅτι

341 762 433 817 τὸν
467 763 623 831 ἅγιον
653 762 919 815 ἀπελθεῖν
967 764 1372 833 συνεχώρησεν,
1410 764 1501 815 τὸν
1548 763 1707 818 ἄλλον
1735 759 1933 830 ὀφθαλ-

346 854 451 926 μὶν
478 855 553 924 μὴ
585 855 965 926 σφραγίσαντα
992 872 1005 884 ·
1034 855 1127 908 καὶ
1154 855 1296 907 οὕτω
1339 854 1696 924 λυπούμενος,
1732 854 1936 918 εὐθέως

344 944 509 997 πάλιν
528 945 860 1013 ἀφύπνωσεν
881 962 908 1017 ⁸,
926 944 1023 997 καὶ
1064 944 1318 1017 Ἰωάννην
1345 946 1553 1007 εὐθέως
1604 945 1696 997 τὸν
1744 944 1929 1015 Κύρου

339 1033 532 1105 βλέπει
583 1035 905 1105 συνόμιλον,
969 1036 1049 1098 είς
1128 1036 1382 1107 Ἰωάννην
1412 1038 1503 1089 τὸν
1565 1037 1770 1107 ῥήτορα
1839 1036 1931 1089 τὸν

341 1128 510 1190 ἀξίως
542 1130 607 1198 τῇ
668 1126 777 1180 τῶν
830 1128 1089 1198 ἐπάρχων
1119 1126 1247 1197 ἀξίᾳ
1294 1125 1623 1197 τιμώμενον,
1664 1127 1790 1195 περὶ
1825 1126 1929 1196 τῆς

339 1219 449 1271 τῶν
478 1217 650 1286 ἁγίων
677 1218 903 1289 ἀρωγῆς
925 1218 1334 1288 πυνθανόμενον
1357 1235 1373 1249 δ
1411 1219 1575 1281 αὐτὸς
1601 1219 1657 1271 δὲ
1687 1219 1784 1285 τὴν
1808 1220 1929 1272 ἐπί-

344 1309 536 1378 σκεψιν
565 1310 808 1381 εἴρηκεν,
844 1311 936 1363 καὶ
962 1310 1037 1372 ώς
1064 1308 1285 1378 ἄχθεται
1305 1310 1391 1362 διὰ
1414 1312 1503 1363 τὶν
1531 1310 1703 1377 δεξιὸν
1728 1309 1931 1379 ὀφθαλ-

344 1401 467 1470 μδν,
505 1401 603 1453 ἆτε
632 1401 708 1470 μὴ
741 1401 1019 1472 σφραγῖδα
1048 1399 1142 1453 τοῦ
1204 1400 1473 1471 σωτηρίου
1520 1401 1750 1470 σημείου
1775 1399 1931 1463 δεξά-

344 1509 523 1562 μενον,
555 1493 693 1564 μήτε
714 1492 928 1546 τελείαν
953 1492 1213 1562 εἰληφότα
1233 1493 1333 1561 τὴν
1357 1492 1501 1546 ἴασιν
1525 1508 1539 1523 ο
1572 1495 1600 1545 ό
1630 1493 1686 1545 δὲ
1716 1493 1930 1563 μάρτυς

339 1583 501 1636 αὑτὸν
535 1584 734 1646 ἱκανῶς
766 1582 1135 1655 ἐθεράπευσεν
1168 1582 1360 1646 εἰπὼν,
1401 1583 1477 1646 ώς
1518 1583 1593 1634 Ού
1626 1583 1788 1636 πάθοι
1834 1584 1926 1636 σού

339 1691 392 1727 τι
421 1676 590 1727 κακὸν
610 1673 690 1727 ἔτι
724 1674 794 1727 τά
819 1675 1065 1745 όμματα,
1103 1674 1227 1727 οὔτε
1274 1677 1301 1728 ὁ
1323 1672 1680 1745 σφραγισθεὶς
1729 1674 1929 1742 ὀφθαλ-

348 1766 468 1835 μὸς,
525 1764 647 1818 οὔτε
714 1770 742 1819 ό
790 1768 980 1835 μείνας
1022 1767 1412 1837 ἀσφράγιστος,
1469 1764 1562 1819 τοῦ
1626 1766 1783 1834 ἁγίου
1834 1766 1927 1820 τὸν

2044 582 2355 644 somnium,-
2403 581 2662 651 gaudium
2732 579 2941 649 pariter
2969 586 3020 631 et
3050 578 3330 633 tristitiam
3389 576 3629 632 habebat

2044 670 2470 729 intolerabilem:
2515 670 2774 741 gaudium
2821 669 3041 739 quidem
3091 667 3353 737 quoniam
3403 677 3651 723 sancto!

2041 777 2163 815 runt
2189 761 2558 815 visitationem
2591 760 2820 829 adeptus
2853 767 2959 822 est;
2994 758 3276 812 trisdtiam
3304 773 3457 821 vero,
3491 772 3627 827 quo-

2042 853 2187 915 niam
2222 863 2472 907 sanctum
2520 851 2673 906 abire
2721 851 2993 922 permisit,
3042 864 3166 903 eum
3209 849 3439 904 alterum
3491 865 3627 905 ocu-

2041 946 2151 998 lum
2202 961 2309 997 nou
2359 945 2652 1015 signasset.
2711 942 2776 996 Et
2810 944 2881 995 ita
2931 941 3204 1005 tristatus,
3253 956 3378 994 mox
3424 942 3625 996 iterum

2039 1036 2284 1106 vigilavit
2318 1032 2719 1108 [obdormivit],
2762 1042 2816 1090 et
2847 1032 3114 1091 Joannem
3149 1048 3274 1087 mox
3301 1032 3429 1104 Cyri
3470 1049 3622 1089 com.

2039 1141 2224 1195 parem
2277 1126 2446 1185 videt.
2478 1125 2532 1178 in
2579 1123 2792 1179 Joanne
2844 1124 3064 1179 rhetore
3117 1123 3282 1193 digne
3335 1123 3625 1194 praefecto-

2040 1233 2159 1271 rum
2234 1218 2501 1286 dignitate
2565 1217 2858 1281 honorato,
2915 1216 2984 1271 de
3049 1226 3367 1291 sanctorum
3416 1219 3625 1274 auxilio

2037 1308 2437 1362 consulentem.
2491 1308 2613 1377 lpse
2653 1317 2833 1361 autem
2877 1304 3314 1362 consolationem
3356 1307 3517 1375 dixit,
3569 1317 3625 1366 et
3677 1298 3687 1308 ’

2037 1398 2181 1467 quod
2242 1400 2506 1453 molestus
2563 1398 2842 1470 [maestus]
2897 1407 3043 1453 esset
3095 1408 3319 1468 propter
3366 1399 3620 1455 dextrum

2037 1490 2278 1554 oculum,
2312 1500 2502 1560 utpote
2532 1492 2625 1560 qui
2654 1491 3000 1559 signaculum
3037 1492 3302 1546 salutaris
3338 1494 3476 1561 signi
3509 1509 3619 1548 non

2038 1580 2396 1647 suscepisset,
2433 1595 2612 1648 neque
2661 1579 2960 1648 perfectam
3012 1579 3305 1633 sanitatem
3340 1582 3622 1649 percepis-

2036 1681 2139 1726 set.
2179 1670 2384 1742 Martyr
2421 1687 2550 1725 vero
2583 1670 2920 1726 sufficienter
2963 1672 3200 1741 placavit
3240 1686 3364 1726 eum
3406 1672 3619 1741 dicens,

2035 1763 2164 1831 quia
2199 1778 2307 1816 non
2341 1764 2417 1817 tui
2450 1763 2673 1834 aliquod
2707 1763 2835 1816 ntali
2867 1764 3141 1832 patientur
3180 1764 3413 1820 ulterius
3448 1766 3616 1827 oculi,

342 1856 620 1926 όρθαλμὸν
641 1856 700 1910 ὃν
722 1857 969 1922 δέδοικας
998 1858 1072 1928 μὴ
1103 1861 1277 1911 νοσεῖν
1296 1858 1593 1926 φήσαντος*
1634 1861 1726 1909 καὶ
1752 1856 1923 1912 ταῦτα

2034 1872 2210 1924 neque
2251 1856 2341 1909 ill'e
2370 1856 2462 1925 qui
2500 1856 2751 1925 signatus
2790 1863 2875 1910 est
2910 1842 3124 1918 oculus,
3173 1871 3350 1925 neque
3387 1856 3478 1911 ille
3526 1857 3618 1927 qui

349 1946 469 2017 μεθ’
518 1946 698 2018 ὅρκων
755 1947 783 1999 ό
828 1948 1038 2018 μάρτυς
1073 1946 1469 2015 φθεγξάμενος,
1523 1947 1658 2018 πρὲις
1708 1948 1931 2017 μείζονα

342 2039 715 2108 πληροφορίαν
742 2038 833 2092 τοῦ
854 2040 1174 2109 πάσχοντος,
1209 2040 1391 2109 τρίτον
1408 2039 1485 2109 τῷ
1510 2040 1838 2109 στόματιτὸν
1856 2042 1931 2112 μὴ

343 2126 745 2195 σφραγισθέντα
760 2126 1061 2197 ὀφθαλμὸν,
1078 2144 1151 2197 φη
1161 2129 1262 2194 σίν,
1278 2128 1759 2197 κατεφίλησεψκαὶ
1771 2130 1931 2182 τοῦτο

342 2219 567 2291 δράσας,
600 2221 692 2270 καὶ
715 2218 924 2270 τελείαν
956 2217 1053 2288 τὴν
1077 2217 1241 2288 ῥῶσιν
1272 2218 1368 2271 καὶ
1397 2218 1494 2287 τὴν
1510 2219 1669 2288 χάριν
1698 2219 1928 2287 χαρισά-

351 2327 509 2380 μενος
547 2310 763 2376 αἰσίως,
792 2309 951 2363 ἔλυσε
970 2311 1030 2362 τὸ
1053 2309 1303 2363 ἐνύπνιον
1327 2326 1341 2342 ο
1380 2310 1612 2380 ἐπείπερ
1639 2311 1688 2362 οἱ
1714 2311 1805 2362 τὸν
1819 2311 1928 2363 τῶν

342 2399 477 2452 ὅλων
504 2398 639 2452 Θεὸν
676 2399 784 2452 τῶν
807 2400 1008 2453 δόσεων
1059 2399 1279 2467 ἀγαθῶν
1315 2401 1413 2452 καὶ
1464 2399 1807 2470 δωρημάτων
1838 2417 1927 2453 τε-

342 2490 502 2543 λείων
531 2492 734 2562 δοτῆρα
777 2491 1130 2561 μιμούμενοι,
1158 2488 1584 2560 ἀτελοῦςνχσιρᾶς
1616 2491 1709 2543 ναί
1746 2490 1920 2562 δωρή-

342 2600 511 2653 ματος
548 2584 703 2637 αὐτοὶ
728 2583 1000 2654 διανομείς
1021 2584 1122 2636 ούκ
1160 2582 1421 2650 ἐγίνοντο.

410 2861 596 2925 οὕτως
628 2860 758 2931 γοῦν
824 2864 851 2916 ό
900 2862 1210 2933 Σωφρόνιος
1232 2863 1331 2933 τὴν
1366 2862 1477 2915 τῶν
1509 2863 1681 2931 ἁγίων
1710 2860 1919 2933 δωρεὰν

338 2952 728 3023 κομισάμενος,
782 2955 876 3006 καὶ
902 2952 1012 3005 τῶν
1047 2954 1341 3023 ὀφθαλμῶν
1370 2954 1469 3024 τὴν
1522 2954 1690 3024 ἀχλὺν
1721 2953 1918 3005 ἀποθέ-

343 3061 529 3115 μενος,
594 3046 731 3115 πρὸς
782 3044 878 3112 τὴν
930 3045 1146 3097 πάντων
1180 3046 1399 3114 γραφὴν
1451 3045 1562 3098 τὼν
1616 3044 1919 3114 λεχθέντων

336 3137 659 3207 ἐξώρμησεν
710 3138 844 3207 (44),
910 3137 1266 3207 μνημονεύων
1320 3138 1407 3190 ἀεὶ
1442 3139 1538 3207 τῆς
1583 3136 1778 3199 ἰάσεως
1824 3136 1919 3189 καὶ

335 3229 432 3282 τοῦ
467 3230 648 3297 λόγου,
679 3221 747 3281 οὗ
800 3228 906 3299 πρὸ
952 3230 1050 3299 τῆς
1083 3228 1302 3301 ῥώσεως
1359 3229 1726 3301 ἐπηγγείλατο
1752 3245 1765 3257 '
1798 3229 1921 3281 ὅθεν

337 3319 501 3382 εὐθὺς
530 3320 672 3389 μετὰ
691 3320 792 3391 τὴν
820 3322 963 3373 ἴασιν
1013 3322 1173 3374 τοῦτο
1230 3325 1471 3377 ποιεῖται
1514 3323 1573 3376 τὸ
1610 3322 1917 3392 σύνταγμα,

337 3416 432 3465 καὶ
459 3415 557 3476 τὰς
584 3413 748 3482 εὐχὰς
780 3413 1127 3477 ἀποδίδωσιν,
1160 3414 1342 3484 πάσης
1359 3415 1515 3477 ἐκτὸς
1548 3415 1917 3484 ὑπερθέσεως,

336 3507 435 3575 τὴν
468 3507 548 3567 είς
577 3505 740 3558 αὐτὸν
789 3507 1026 3577 σπουδὴν
1055 3509 1163 3559 τῶν
1213 3508 1383 3576 ἁγίων
1421 3508 1790 3578 μιμούμενος*
1826 3507 1921 3559 καὶ

336 3596 444 3647 τῶν
464 3594 595 3667 παρ’
630 3596 779 3665 αὐτῷ
832 3598 1154 3665 γραφέντων
1210 3597 1399 3651 ἑαυτὸν
1442 3596 1629 3662 ἔταξεν
1669 3597 1918 3667 ἔσχατον,

342 3686 417 3745 ώς
468 3687 686 3740 πάντων
720 3688 1001 3751 ἐλάττονα,
1066 3691 1158 3741 καὶ
1224 3690 1569 3759 μαρτυρικῆς
1624 3689 1921 3758 θεραπείας

338 3775 572 3840 ἀνάξιον,
599 3773 666 3849 ἧς
696 3780 929 3831 αίτείται
954 3780 1041 3831 διὰ
1068 3780 1183 3848 βίου
1209 3780 1307 3849 τὴν
1339 3779 1575 3848 μέθεξιν,
1602 3779 1689 3831 ἐπ’
1719 3780 1921 3848 ἀμφοῖν

338 3870 546 3943 βαίνειν
579 3873 761 3944 ψυχῆς
789 3891 847 3926 τε
884 3876 978 3927 καὶ
1005 3875 1279 3945 σώματος,
1319 3877 1411 3928 καὶ
1465 3874 1647 3944 πάσης
1696 3873 1921 3944 λυτροῦ-

340 3964 467 4017 σθαι
491 3964 719 4037 δυσχερε
732 3967 929 4037 στέρας
961 3967 1305 4038 συμϐάσεως.
1334 3974 1341 3980 ’

406 4055 593 4107 Ταῦτα
623 4057 773 4126 ύμῖν,
832 4051 875 4109 ὦ
899 4057 1049 4129 Κῦρε
1072 4060 1166 4111 καὶ
1212 4060 1432 4128 Ἰωάννη
1493 4061 1777 4140 μακάριοι,
1803 4063 1920 4114 Σω-

337 4148 553 4216 φρόνιος
576 4148 794 4219 γράψας
828 4149 1097 4218 ἀνέθηκεν
1118 4167 1131 4181 ·
1170 4151 1341 4204 ταῦτα
1387 4154 1536 4221 ύμῖν,
1604 4148 1649 4205 ὦ
1682 4153 1920 4224 Χριστοῦ

334 4238 431 4291 τοῦ
466 4239 715 4311 Σωτῆρος
749 4241 1103 4313 θεράποντες,
1140 4243 1322 4313 καύτῴ
1342 4246 1584 4315 σωτῆρες
1620 4247 1918 4315 γενόμενοι,

336 4331 666 4400 προσφέρειν
696 4333 1019 4403 ἐτόλμησεν,
1060 4335 1120 4387 τὸ
1152 4336 1375 4411 θαρρεῖν
1423 4338 1553 4408 παρ’
1599 4338 1726 4407 ύμῖν
1778 4337 1925 4408 εἰλη-

338 4424 475 4491 φὼς,
516 4425 732 4495 καὶτῆς
765 4428 1083 4498 προσφορᾶς
1107 4429 1358 4498 ἀρωγοὺς
1413 4430 1559 4500 ὑμᾶς
1607 4429 1922 4501 ποιησάμε-

2035 1948 2298 2001 remansit
2327 1947 2505 2000 minus
2536 1947 2807 2016 signatus,
2854 1956 3048 2002 sancto
3082 1963 3190 2002 non
3225 1948 3617 2004 iufirmandum

2032 2038 2251 2091 oculum
2284 2052 2443 2107 quem
2482 2039 2681 2092 metuis
2705 2049 3013 2095 astruente.
3057 2040 3123 2095 Et
3155 2042 3269 2097 lttec
3305 2057 3429 2096 cum
3460 2043 3617 2113 jura-

2034 2129 2231 2182 mentis
2279 2137 2490 2200 martyr
2528 2130 2748 2197 atratus,
2787 2133 2854 2186 ad
2892 2133 3156 2202 majorem
3183 2134 3617 2192 satisfactionem

2033 2223 2310 2290 patientis,
2361 2233 2443 2278 ter
2476 2238 2574 2279 ore
2606 2228 2764 2296 quasi
2811 2230 3031 2281 orulum
3080 2229 3172 2296 qui
3214 2229 3464 2299 signatus
3507 2244 3618 2285 non

2033 2311 2207 2367 fuerat
2261 2317 2546 2370 osculatus
2605 2327 2711 2383 est,
2768 2327 2822 2372 et
2880 2319 2984 2373 hoc
3042 2329 3199 2389 gesto
3262 2323 3616 2391 perfectaque

2029 2405 2285 2467 sanitate,
2321 2421 2385 2459 ac
2424 2407 2626 2473 gaudio
2649 2408 2889 2464 secunde
2919 2410 3142 2473 collato,
3178 2412 3453 2465 somnium
3498 2415 3615 2468 sol-

2030 2496 2141 2559 vit;
2202 2499 2460 2566 quoniam
2518 2500 2609 2568 qui
2670 2501 3050 2555 universorum
3115 2501 3307 2567 Deum,
3359 2504 3613 2559 datorum

2029 2590 2357 2659 optimorum
2395 2600 2449 2647 et
2486 2593 2758 2647 donorum
2792 2595 3159 2663 perfectorum
3201 2595 3448 2651 datorem
3485 2599 3613 2651 imi-

2028 2691 2239 2745 tantur,
2284 2685 2387 2753 ipsi
2447 2685 2757 2754 imperfecti
2804 2687 2990 2757 gaudii
3041 2703 3105 2743 ac
3145 2688 3274 2743 doni
3322 2689 3612 2761 largitores

2028 2786 2135 2826 non
2172 2773 2412 2830 fuerunt.

2102 2863 2181 2917 lta
2223 2881 2355 2931 ergo
2393 2865 2743 2936 Sophronius
2794 2877 3116 2924 sanctorum
3148 2870 3445 2926 donatione
3488 2887 3609 2942 per-

2024 2966 2204 3025 cepta,
2264 2960 2552 3013 oculorum
2612 2961 2836 3031 abjecla
2891 2964 3144 3034 caligine,
3201 2967 3447 3020 omnium
3486 2980 3608 3036 qua!

2023 3045 2168 3100 dicta
2199 3056 2328 3101 sunt
2352 3049 2680 3119 scripturam
2708 3066 2937 3108 exorsus
2967 3061 3054 3108 est
3076 3091 3092 3117 ,
3126 3069 3438 3111 memorans
3462 3056 3612 3127 jugi-

2024 3148 2106 3193 ter
2150 3141 2422 3206 sanitatis,
2464 3150 2517 3195 et
2559 3144 2703 3211 quod
2747 3155 2873 3199 ante
2917 3145 3209 3199 sanitatem
3259 3148 3610 3217 promiserat.

2028 3226 2182 3283 Unde
2224 3246 2348 3283 mox
2391 3240 2513 3301 post
2545 3233 2837 3287 sanitatem
2883 3235 2986 3289 hoc
3037 3235 3164 3289 facit
3210 3246 3608 3305 commentum,

2023 3330 2077 3375 et
2111 3329 2233 3376 vota
2264 3323 2444 3378 reddit
2479 3325 2689 3395 absque
2717 3326 2867 3380 omni
2896 3327 3183 3392 dilatione,
3217 3330 3271 3383 in
3303 3345 3362 3386 se
3406 3330 3610 3386 factum

2025 3423 2342 3467 sanctorum
2384 3416 2627 3470 studium
2654 3416 2942 3486 imitatus;
2992 3431 3047 3475 et
3090 3424 3336 3476 omnium
3386 3438 3466 3487 se,
3514 3423 3609 3494 qui

2025 3504 2217 3574 scripti
2286 3507 2538 3571 fuerant,
2624 3509 2985 3564 novissimum
3055 3511 3357 3577 ordinans,
3422 3521 3611 3583 utpote

2022 3596 2266 3649 nuntium
2326 3598 2715 3660 minimum.et
2759 3602 3053 3670 martyt'ica
3116 3605 3403 3659 curatione
3468 3605 3611 3659 indi-

2024 3702 2214 3757 gnum.
2253 3686 2431 3756 Cujus
2480 3692 2724 3760 postulat
2776 3708 2872 3763 per
2918 3693 3086 3746 vitam
3135 3694 3608 3765 participationem

2026 3779 2078 3832 in
2134 3787 2367 3848 utroque
2422 3782 2760 3847 habendam,
2799 3784 2981 3837 anima
3011 3785 3221 3840 scilicet
3264 3797 3317 3841 et
3355 3800 3606 3857 corpore,

2024 3882 2076 3928 et
2108 3876 2175 3928 ab
2201 3874 2348 3928 omni
2373 3874 2665 3929 dillieiliori
2704 3876 2928 3930 liberari
2955 3884 3178 3931 eventu.

2098 4056 2224 4111 llaec
2251 4056 2427 4119 vobis,
2470 4071 2503 4109 ο
2527 4056 2667 4127 Cyre
2695 4070 2760 4110 ac
2790 4053 3031 4111 Joannes
3058 4056 3221 4119 beati,
3260 4057 3607 4128 Sophronius

2026 4162 2149 4202 cum
2181 4148 2405 4217 scripsit
2431 4147 2665 4201 exsolvit
2697 4165 2712 4212 ;
2749 4147 2862 4200 hare
2905 4146 3084 4209 vobis,
3112 4162 3147 4202 ο
3171 4148 3379 4213 Christi
3414 4147 3605 4204 famuli

2028 4239 2355 4303 Salvatoris,
2388 4238 2483 4307 qui
2528 4245 2582 4292 et
2612 4237 2659 4291 ei
2682 4238 2815 4293 estis
2842 4237 3145 4294 salvatores
3184 4237 3382 4303 ell'ecti,
3408 4240 3608 4297 offerre

1954 4339 1958 4343 '
2026 4332 2396 4403 praesumpsit,
2431 4330 2709 4385 confidere
2749 4346 2779 4384 a
2812 4329 2970 4384 vobis
3011 4330 3313 4403 accipiens,
3354 4340 3410 4387 et
3454 4332 3611 4389 obla-

2030 4425 2198 4478 tionis
2240 4438 2337 4476 vos
2363 4422 2723 4491 opitulatores
2752 4421 3010 4478 efliciens.
3045 4420 3171 4478 Haec
3192 4423 3349 4478 vobis
3384 4422 3605 4491 offerre,

338 4529 467 4577 νος·
518 4514 688 4567 ταῦτα
738 4518 882 4587 ύμῖν,
923 4512 968 4570 ὧ
1009 4520 1288 4572 θεσπέσιοι
1345 4521 1641 4591 μάρτυρες,
1706 4538 1918 4592 καρπο-

2031 4529 2057 4568 o
2087 4514 2287 4584 egregii
2316 4521 2607 4583 martyres,
2640 4526 2809 4567 ausus
2841 4522 2925 4567 est
2955 4529 2970 4580 ;
2996 4528 3104 4568 non
3133 4515 3454 4569 muneribus
3483 4530 3603 4583 vos,

339 4608 573 4679 φορῆσαι
597 4609 959 4682 τεθάρρηκεν,
992 4613 1052 4664 ού
1085 4612 1193 4664 τών
1225 4614 1305 4675 εἰς
1336 4613 1498 4665 αὑτὸν
1518 4613 1738 4682 δωρεῶν
1774 4615 1919 4683 ὑμᾶς

334 4697 722 4769 ἀμειϐόμενος,
761 4700 878 4754 ἀλλ’
932 4702 1210 4771 εὐφημίας
1237 4702 1413 4757 ταῦτα
1466 4704 1686 4775 γραφὴν
1734 4704 1917 4773 ὁριζό-

339 4809 520 4861 μενος,
580 4793 679 4862 τῆς
746 4793 843 4864 μὲν
899 4793 1093 4846 ἑαυτοῦ
1146 4795 1569 4864 εὐγνωμοσύνης
1613 4794 1673 4847 τὸ
1716 4794 1918 4863 θερμὸν

336 4881 758 4949 mmmam,
797 4884 972 4952 πάντη
1019 4882 1075 4934 δὲ
1121 4884 1219 4951 τῆς
1284 4882 1438 4951 ύμῶν
1496 4882 1918 4951 μεγαλειότητος

330 4972 737 5042 ἑλατωύμενα·
768 4972 882 5029 ἀλλ’
907 4975 1063 5044 ὑμεῖς
1124 4974 1264 5028 αύτᾶ
1326 4974 1415 5024 καὶ
1458 4972 1702 5041 δέχοισθε
1750 4989 1919 5043 προσ-

335 5065 501 5134 ηνῶς,
563 5068 657 5118 καὶ
714 5066 1078 5137 φιλανθρώπῳ
1153 5067 1401 5136 βλέποιτε
1458 5065 1749 5135 βλέμματι,
1826 5066 1918 5118 καὶ

334 5156 533 5226 δαψιλῆ
575 5158 737 5228 χάριν
786 5157 968 5219 αὐτοῖς
1007 5158 1299 5227 ἐπιχέοιτε,
1359 5158 1446 5210 ἵνα
1506 5157 1579 5227 μὴ
1619 5157 1687 5209 δι’
1736 5156 1917 5211 αὐτῶν

337 5246 496 5315 ὑμεῖς
525 5246 951 5318 καθυϐρίζησθε,
990 5249 1037 5300 εἰ
1068 5248 1166 5317 τῆς
1197 5247 1346 5310 θείας
1398 5246 1920 5318 ὲπιχρωματώσεως

337 5337 750 5407 ὁριρανίζοιντο·
807 5340 971 5392 αὐτὸν
1009 5339 1067 5393 δὲ
1119 5340 1194 5401 ὡς
1225 5339 1410 5393 δοῦλον
1468 5342 1704 5409 ἀχρεῖον,
1759 5339 1856 5392 καὶ
1892 5338 1921 5391 ὃ

341 5433 514 5484 ποιεῖν
569 5429 768 5500 ὤφειλε
824 5433 1169 5501 πεποιηκότα
1238 5431 1647 5503 προσδέχοισθε,
1703 5431 1793 5483 καὶ
1844 5431 1919 5493 ώς

334 5522 625 5595 χρεώστην
658 5524 980 5595 εὐγνώμονα
1009 5524 1246 5589 δέξοισθε
1273 5543 1286 5555 ·
1317 5527 1411 5579 καὶ
1463 5524 1795 5597 συγγνώμης
1825 5526 1918 5579 αύ-

2022 4623 2144 4677 qua:
2181 4607 2234 4660 in
2278 4621 2337 4661 se
2384 4608 2669 4674 patrastis,
2725 4621 3176 4676 recompensans,
3209 4606 3305 4664 sed
3332 4608 3511 4665 laudis
3541 4625 3607 4665 ea

2020 4700 2201 4754 facere
2244 4698 2511 4766 scriptum
2552 4698 2840 4761 definiens,
2881 4713 3002 4768 qua:
3031 4699 3230 4769 partim
3266 4701 3486 4771 quidem
3508 4700 3605 4756 de-

2021 4792 2257 4847 votionis
2306 4805 2418 4846 suae
2465 4788 2808 4859 flagrantiam
2848 4792 3126 4856 nuntiant,
3173 4793 3400 4847 omnino
3426 4800 3605 4847 autem

2021 4882 2452 4952 magnitudinem
2524 4888 2760 4935 vestram
2822 4888 3142 4936 extenuant.
3192 4882 3298 4937 Sed
3334 4900 3428 4940 vos
3458 4899 3520 4938 ea
3552 4892 3606 4939 et

2021 4974 2256 5043 benigne
2278 4974 2522 5042 recipite,
2557 4981 2612 5026 et
2640 4971 2984 5026 misericordi
3009 4974 3173 5027 oculo
3189 4974 3603 5044 contemplami-

2020 5066 2101 5127 ni,
2127 5075 2181 5120 et
2205 5066 2411 5134 largam
2443 5064 2525 5118 eis
2556 5061 2817 5118 effundite
2839 5064 3092 5133 gratiam,
3120 5079 3189 5118 ne
3209 5078 3305 5119 vos
3326 5079 3422 5134 per
3442 5079 3506 5119 ea
3523 5064 3602 5119 iu-

2015 5157 2219 5226 juriam
2242 5156 2544 5227 patiamini,
2564 5155 2609 5211 si
2632 5156 2810 5209 divina
2837 5162 3016 5209 vestra
3037 5155 3375 5210 coloratioue
3402 5154 3607 5210 fuerint

2029 5248 2313 5304 destituta.
2342 5246 2524 5316 Ipsum
2559 5254 2740 5301 autem
2798 5254 3055 5315 tanquam
3085 5259 3303 5300 servum
3335 5245 3603 5313 inutilem,

2027 5349 2079 5391 et
2113 5338 2261 5408 quod
2297 5336 2479 5392 facere
2510 5336 2702 5392 debuit
2733 5336 3025 5392 facientem
3048 5338 3333 5408 suscipite,
3364 5347 3420 5393 et
3438 5340 3605 5396 veluti

2029 5430 2325 5484 debitorem
2356 5430 2611 5485 devotum
2661 5430 2951 5496 admittite,
2992 5439 3045 5486 et
3087 5432 3244 5486 venia
3270 5432 3324 5485 in
3360 5432 3445 5486 his
3477 5447 3605 5488 eum

2029 5521 2190 5577 facile
2241 5522 2489 5591 dignum,
2544 5536 2741 5578 sensus
2772 5522 2894 5593 ejus
2942 5521 3296 5593 exiguitatem
3344 5523 3603 5580 scientes-

1902 5704 2133 5761 ΝΟΤᾹΞ.

406 5794 519 5864 (44)
559 5793 759 5851 Confer
804 5795 1097 5869 SOpbronii
1144 5800 1535 5869 praefationem.
