3998 6200
1490 334 1588 395 DE
1620 336 1725 397 SS.
1763 336 1955 397 CYRO
1985 340 2080 399 ET
2108 339 2420 401 JOANNE.

3453 339 3592 405 3678

1343 611 1493 665 ΒΙΟΣ
1519 613 1639 667 ΚΑΙ
1687 614 2013 668 ΠΟΛΙΤΕῘΑ
2045 614 2163 670 ΚΑΙ
2194 616 2602 670 ΜΔΡΤΥΡΙΟΝ

671 726 791 780 ΚΑΙ
818 726 1091 783 MEPIKH
1118 730 1255 784 ΤΩΝ
1289 729 2006 784 ΘΔΥΜΑΤΩΝΔΙΗΙἮΣΙΣ
2041 732 2180 785 ΤΩΝ
2219 732 2424 786 ΑΓΙΩΝ
2476 733 2787 787 ΕΝΔΟΞΩΝ
2838 733 3257 788 ΑΝΛΡΓΥΡΩΝ

492 932 549 971 ς
1280 874 1659 962 ΚΥΡΟΥ
1812 876 2007 959 ΚΑΙ
2137 874 2665 965 ΙΩΑΝΝΟΥ.

606 1154 639 1163 -
1182 1131 1359 1193 VITA
1397 1131 1494 1193 ET
1533 1132 2059 1195 CONVERSATIO
2118 1137 2214 1195 ET
2288 1134 2758 1195 MARTYRIUM

343 1246 441 1306 ET
475 1245 881 1306 PARTJALIS
908 1245 1302 1308 NARRATIO
1340 1250 1911 1311 MIRACULORUM
1957 1251 2415 1313 SANCTORUM
2466 1251 2951 1313 ILLUSTRIUM
3014 1252 3596 1321 ANARGYRORUM

1404 1396 1678 1485 CYRI
1758 1397 1909 1485 ΕΤ
1979 1396 2492 1487 JOANNIS

411 1669 479 1715 α’.
534 1661 593 1713 '0
638 1659 926 1732 ϐεαρχικδς
971 1663 1106 1732 ἡμῖν
1155 1663 1346 1730 Λόγος,
1391 1666 1423 1735 ἡ
1476 1665 1644 1729 ὅντως
1688 1666 1902 1739 ἀλήθεια

2083 1670 2136 1724 1.
2161 1667 2385 1721 Divinus
2407 1667 2561 1721 nobis
2583 1681 2783 1732 sermo,
2805 1668 2894 1734 qui
2927 1683 3055 1723 vere
3077 1669 3278 1725 veritas
3307 1680 3414 1735 est,
3435 1673 3594 1727 Chri-

337 1750 573 1821 Χριστὸς
615 1752 643 1803 6
686 1750 820 1813 Θεὸς
874 1751 1053 1821 ἡμῶν,
1104 1755 1161 1806 ὲν
1208 1754 1563 1823 Εὐαγγελίοις
1619 1756 1916 1828 διαρρήδην

337 1841 597 1912 κηρύττει
626 1841 821 1906 οὕτως·
852 1844 1038 1897 Πάντα
1068 1844 1268 1898 δυνατὰ
1299 1845 1377 1917 τῷ
1410 1848 1740 1903 πιστεύοντι.
1768 1848 1915 1902 Παῦ-

337 1933 428 1995 λος
459 1932 515 1984 δὲ
553 1933 704 2001 ἡμῖν,
742 1931 845 2001 τῆς
879 1932 1245 2002 ἀποστολικῆς
1284 1935 1312 1987 6
1364 1935 1541 2005 κήρυξ
1588 1937 1911 2006 ἀκρότητος,

334 2022 503 2076 αὐτοῦ
535 2021 627 2075 τοῦ
659 2022 893 2093 Χριστοῦ
920 2022 1117 2094 δηλαδὴ
1153 2024 1441 2087 λαλοῦντος
1487 2027 1545 2077 ὲν
1580 2026 1757 2095 ἑαυτῷ
1821 2025 1910 2078 θε-

334 2115 575 2176 σπεσίως
603 2112 721 2185 βοᾷ,
739 2113 835 2185 τὴν
867 2114 1055 2167 ἐλπίδα
1085 2116 1159 2184 μὴ
1191 2117 1595 2185 καταισχύνειν·
1623 2118 1759 2187 πρὸς
1783 2116 1910 2169 τού-

334 2221 446 2266 τοις
470 2205 666 2271 τιςμὶςὴ
692 2202 880 2274 ἀγάπη
911 2203 1002 2255 τοῦ
1030 2203 1439 2270 ἀγαπήσαντος,
1471 2204 1567 2256 καὶ
1589 2204 1730 2275 ὑπὲρ
1752 2204 1911 2273 ἡμῶν

340 2294 523 2347 ἑαυτὸν
539 2293 738 2359 δόντος,
766 2293 928 2347 πάλιν
952 2292 1139 2357 αὐτοῦ,
1160 2294 1323 2363 φημὶ,
1346 2294 1441 2346 τοῦ
1465 2294 1904 2364 Σωτῆροςήμῶν,

334 2384 421 2438 διὰ
474 2385 572 2451 τῆς
615 2383 726 2436 τῶν
783 2383 1078 2453 μαρτύρων
1123 2383 1396 2447 πολιτείας
1444 2385 1537 2437 καὶ
1587 2385 1909 2449 ἐπιστασίας

334 2474 724 2545 ἐπεοάρρυνεν,
758 2477 871 2535 τοῖς
906 2474 1042 2544 ὑπὲρ
1097 2475 1245 2542 ἡμᾶς
1292 2476 1605 2541 ἐπαφεῖναι,
1651 2476 1746 2528 καὶ
1795 2474 1908 2543 βίον

332 2561 444 2619 οἷόν
467 2584 524 2619 τε
560 2568 733 2618 εἰπεῖν
760 2565 867 2617 τῶν
898 2564 1069 2633 ἁγίων
1099 2564 1283 2634 Κύρου
1321 2566 1420 2620 καὶ
1461 2566 1710 2619 Ἰωάννου
1750 2583 1908 2637 μερι-

333 2658 464 2721 κῶς,
495 2660 560 2710 ὲκ
598 2656 796 2710 πολλοῦ
836 2657 995 2710 τοῦτο
1045 2657 1399 2727 ἐφιεμένους·
1440 2659 1636 2712 ταυτὸν
1674 2658 1732 2712 δέ
1761 2659 1906 2713 ἐστιν

332 2751 510 2803 εἰπεῖν
541 2750 837 2817 πολιτείαν,
867 2750 1003 2804 ἀλλά
1029 2767 1092 2819 γε
1125 2752 1218 2803 καὶ⁹
1243 2749 1342 2818 τὴν
1372 2750 1511 2819 ὑπὲρ
1538 2749 1775 2817 Χριστοῦ
1810 2748 1904 2802 τοῦ

331 2841 465 2895 Θεοῦ
527 2841 685 2911 ἡμῶν
739 2841 997 2912 λαμπράν
1046 2858 1104 2894 τε
1160 2840 1342 2896 αὐτῶν
1388 2842 1484 2895 καὶ
1532 2841 1903 2910 ὑπερκόσμιον

331 2931 559 2999 ἄθλησιν
579 2945 592 2958 ·
625 2932 720 2985 καὶ
750 2931 814 3002 δὴ
849 2930 1145 2999 θαυμάτων
1175 2932 1345 3001 ἤγουν
1378 2931 1575 2985 ίάσεων
1612 2931 1808 2997 ὀλίγων
1838 2934 1902 2982 ἐκ

331 3023 562 3083 πολλῶν,
613 3016 688 3076 ὧν
733 3025 893 3094 ἡμεῖς
927 3023 1189 3075 αὐτόπται
1221 3025 1319 3076 καὶ
1361 3023 1629 3094 ὑπηρέται
1676 3022 1902 3089 γεγόνα-

332 3131 433 3184 μεν
461 3115 558 3183 (1),
587 3113 721 3167 ἀλλὰ
751 3116 842 3166 καὶ
869 3114 1037 3183 ἐσμὲν
1059 3114 1178 3184 θείᾳ
1200 3115 1403 3184 χάριτι,
1428 3113 1633 3167 τούτων
1652 3113 1908 3183 λαχόντες

328 3205 462 3277 πρὸς
480 3206 771 3275 σωτηρίαν,
794 3207 842 3258 οἱ
862 3206 1108 3257 τελωνῶν
1132 3206 1389 3259 τελωνότε
1400 3223 1500 3274 ροι,
1529 3222 1634 3275 μνη
1643 3203 1909 3275 μονεύσω·

332 3314 430 3368 μεν
459 3299 597 3365 πρὸς
626 3297 723 3367 τὴν
750 3296 860 3349 τῶν
893 3297 1330 3365 ἐντυγχανόντων
1360 3297 1646 3365 ὠφέλειαν.

401 3386 466 3456 β’.
509 3388 688 3454 Κῦρος
720 3382 813 3439 οῦν
838 3387 865 3438 6
895 3387 1136 3456 ἀοίδιμος
1168 3387 1374 3450 πόλεως
1412 3388 1512 3457 μὲν
1542 3390 1787 3460 ὑπῆρχεν
1808 3391 1906 3460 τῆς

332 3478 594 3549 μεγίστης
639 3478 987 3549 Ἀλεξάνδρου
1013 3478 1267 3548 πολίτης·
1300 3480 1366 3532 ὲκ
1411 3481 1573 3533 τίνων
1615 3481 1671 3533 δὲ
1712 3482 1814 3550 ἔφυ
1845 3484 1906 3536 τὸ

332 3571 468 3624 κατὰ
500 3572 694 3642 σάρκα,
723 3571 822 3623 οὐκ
852 3570 1043 3639 ἴσμενο
1076 3574 1141 3641 τῇ
1171 3570 1227 3623 δὲ
1259 3575 1605 3643 πνευματικῇ
1651 3576 1902 3645 γεννήσει

335 3662 545 3732 Πατέρα
575 3662 676 3731 μὲν
706 3663 795 3715 τὸν
824 3662 956 3714 Θεὸν
983 3661 1142 3731 ἔχων,
1173 3662 1265 3715 τὸν
1292 3664 1361 3716 δι’
1392 3663 1584 3729 ὓδατος
1618 3667 1781 3719 αὐτὸν
1810 3670 1903 3721 καὶ

332 3754 642 3822 Πνεῦμα-τος
664 3755 1111 3825 ἀναγεννήσαντα
1131 3768 1145 3782 °
1184 3754 1397 3825 μητέρα
1422 3755 1477 3809 δὲ
1498 3758 1598 3826 τὴν
1626 3758 1903 3829 ὀροόδοξον

325 3843 421 3897 τοῦ
451 3845 666 3916 [ἰατρὸς
709 3846 1069 3917 Ἐκκλησίαν
1119 3845 1307 3916 ἰατρὸς
1356 3847 1457 3915 τὴν
1502 3848 1721 3919 τέχνην,
1755 3842 1816 3902 οὗ
1841 3849 1903 3903 τὸ

326 3938 689 4006 ἐργαστήριον
725 3937 886 4007 μέχρι
935 3936 1027 3989 τοῦ
1072 3936 1168 3990 νῦν
1213 3939 1380 3991 πᾶσιν
1426 3938 1586 4008 δῆλον
1635 3940 1898 4008 πέφυκεν,

325 4030 406 4092 είς
434 4028 559 4081 ναὸν
586 4030 832 4101 ὑπάρχον
860 4031 966 4083 τῶν
997 4031 1193 4098 Ἀγίων
1215 4032 1394 4102 Τριῶν
1428 4034 1656 4098 Παίδων,
1686 4034 1774 4087 διὰ
1803 4034 1901 4103 τῆς

325 4120 505 4174 αὐτῶν
550 4122 658 4175 τῶν
704 4121 996 4193 μαρτύρων
1042 4123 1265 4195 χάριτος
1302 4124 1464 4194 βρῦον
1501 4126 1734 4195 ἰάματα·
1783 4125 1901 4189 πῶς

324 4211 382 4264 δὲ
420 4212 619 4282 συνέϐη
658 4215 715 4267 ὲν
744 4214 823 4284 τῷ
861 4215 973 4286 ναῷ
1005 4214 1064 4267 τὸ
1094 4216 1462 4284 ἐργαστήριον
1502 4216 1760 4284 γενέσθαι
1792 4217 1900 4271 τῶν

2018 1771 2135 1817 stus
2167 1759 2307 1812 Deus
2357 1767 2545 1812 noster
2593 1759 2645 1811 in
2697 1758 3005 1827 Evangeliis
3047 1759 3276 1814 altisone
3312 1764 3591 1829 prmdicat,

2018 1853 2241 1906 dir-ens:
2277 1849 2467 1904 Omnia
2500 1848 2772 1917 possibilia
2824 1848 3089 1903 credenti.
3127 1849 3326 1907 Beatus
3377 1868 3595 1923 quoque

2017 1944 2221 1998 Paulus
2265 1943 2582 2012 apnsmlicae
2636 1944 2915 2013 dignitatis
2969 1954 3175 2011 orator,
3214 1945 3436 2001 Christo
3474 1964 3591 2003 ser-

2017 2049 2232 2088 monem
2258 2036 2360 2103 ipsi
2380 2034 2781 2104 suppeditante,
2817 2035 3134 2089 admiranda
3165 2038 3321 2092 nobis
3351 2054 3481 2095 voce
3511 2051 3593 2095 te-

2016 2133 2213 2188 statur,
2240 2138 2395 2193 spem
2425 2138 2528 2177 non
2562 2124 2917 2178 confundere.
2952 2123 3045 2178 llis
3070 2141 3169 2195 ego
3212 2126 3382 2183 fretus
3407 2131 3559 2183 horta
3580 2160 3593 2171 -

2018 2215 2227 2270 toribus
2254 2217 2399 2270 sensi
2447 2232 2533 2271 me
2587 2227 2695 2270 tum
2749 2216 3015 2270 charitate
3051 2217 3360 2274 Servatoris
3417 2224 3587 2275 nostri

2014 2308 2105 2376 qui
2125 2307 2311 2361 dilexit
2332 2321 2430 2361 nos
2459 2315 2515 2360 et
2547 2305 3128 2373 tradiditsemetipsum
3156 2322 3253 2374 pro
3277 2309 3452 2375 nobis,
3475 2319 3583 2364 tum

2013 2399 2302 2452 accedente
2332 2402 2646 2451 sanctorum
2681 2411 2805 2466 ope,
2843 2397 2910 2450 ad
2938 2405 3192 2451 conatum
3226 2399 3430 2454 viribus
3470 2416 3588 2453 ma-

2004 2487 2179 2556 jorem
2237 2486 2504 2559 incitari”
2539 2494 2599 2538 ut
2640 2487 2780 2555 quod
2834 2485 3040 2553 pridem
3097 2501 3291 2555 magno
3350 2487 3584 2556 quodam

2010 2578 2189 2631 studio
2223 2575 2527 2643 cupiebam,
2548 2590 2636 2629 res
2659 2590 2687 2629 a
2728 2575 2832 2629 BB.
2858 2574 3002 2645 Cyro
3027 2585 3082 2631 et
3111 2574 3319 2632 Joanne
3355 2578 3584 2634 miriﬁce

2008 2678 2211 2740 gestas,
2238 2669 2709 2735 clarissimumque
2734 2669 3050 2723 eorumdcm
3091 2684 3187 2737 pro
3226 2670 3335 2726 Deo
3366 2669 3586 2727 Christo

2009 2772 2285 2815 certamen
2310 2769 2360 2815 et
2380 2759 2766 2814 miraculorum
2793 2774 2887 2814 seu
2910 2760 3254 2815 curationum
3292 2778 3496 2831 paucas
3516 2764 3586 2818 de

2009 2852 2190 2905 multis
2218 2867 2356 2921 quas
2383 2866 2486 2905 nos
2516 2851 2637 2919 ipsi,
2668 2851 2795 2905 licet
2824 2851 3124 2919 publicanis
3155 2854 3404 2909 omnibus
3430 2854 3588 2923 longe

2008 2944 2305 3012 sequiores.
2332 2943 2508 2997 oculis
2543 2943 2775 2996 vidimus
2820 2952 2875 2996 et
2918 2943 3100 2998 divino
3150 2945 3310 3000 etiam
3361 2961 3586 3002 munere

2018 3049 2114 3103 per
2138 3034 2356 3087 eosdem
2387 3035 2577 3107 partim
2614 3034 2681 3087 ad
2711 3032 2939 3088 salutem
2969 3043 3208 3089 nostram
3234 3038 3444 3105 experti
3490 3054 3585 3093 su-

2017 3141 2157 3190 mus,
2184 3126 2249 3179 ad
2292 3126 2580 3179 utilitatem
2612 3124 2876 3179 lectorum
2907 3126 3210 3182 litterarum
3263 3140 3585 3185 monumen-

2015 3217 2083 3273 tis
2117 3221 2581 3272 commendarem.

2070 3394 2125 3448 2.
2158 3394 2331 3460 Cyrus
2371 3396 2551 3463 itaque
2596 3395 2683 3449 ille
2713 3395 2853 3449 fama
2919 3397 3154 3467 inclytus
3188 3397 3423 3451 civitatis
3468 3413 3584 3452 ma-

2013 3488 2170 3542 ximzc
2197 3488 2263 3541 ab
2292 3486 2602 3541 Alexandro
2639 3488 2867 3541 condita:
2921 3489 3057 3542 civis
3111 3487 3214 3541 fuit
3259 3487 3455 3555 quibus
3512 3489 3584 3542 sit

2010 3578 2326 3646 parentibus
2359 3577 2654 3630 secundum
2697 3590 2917 3631 carnem
2948 3587 3122 3640 ortus,
3148 3592 3245 3631 nos
3284 3577 3455 3642 latet;
3485 3592 3579 3644 ge-

2012 3667 2297 3720 neratione
2319 3676 2496 3719 autem
2521 3666 2790 3735 spirituali
2816 3666 3033 3720 Patrem
3062 3666 3251 3722 habuit
3276 3665 3469 3731 Deum,
3487 3667 3581 3736 qui

2012 3757 2158 3811 illum
2190 3771 2326 3825 aqua
2355 3766 2411 3811 et
2440 3754 2644 3823 Spiritu
2674 3756 3033 3825 regeneravit,
3058 3766 3455 3834 matrem‘vero
3492 3771 3582 3809 or-

2008 3849 2299 3903 thodoxam
2326 3847 2503 3902 Patris
2533 3847 2856 3904 Ecclesiam.
2889 3850 3019 3904 Arte
3057 3864 3152 3903 sua
3196 3849 3439 3903 medicus
3462 3858 3582 3903 erat

2008 3949 2056 3993 et
2088 3940 2154 3993 ad
2173 3946 2353 3993 nostra
2383 3953 2554 4007 usque
2580 3947 2818 4006 tempora
2844 3938 3114 3992 olllcinam
3145 3937 3261 4007 ejus
3283 3937 3464 3992 videre
3498 3946 3583 3991 est

2010 4032 2061 4085 in
2097 4029 2291 4098 templo
2336 4028 2521 4083 Trium
2556 4027 2876 4093 Puerorum,
2923 4029 3012 4082 ubi
3056 4028 3213 4082 hodie
3267 4037 3578 4082 sanctorum

2008 4133 2307 4192 martyrum
2361 4121 2675 4190 spirituales
2756 4121 2978 4174 medelis
3051 4121 3376 4175 redundant.
3429 4120 3577 4185 Quo-

2010 4216 2167 4267 modo
2196 4216 2396 4268 faetum
2433 4215 2505 4268 sit
2531 4223 2586 4267 ut
2619 4223 2841 4268 sanctus
2870 4211 3046 4283 Cyrus
3089 4212 3361 4267 ollieinam
3420 4229 3576 4268 suam

340 4304 534 4371 Ἁγίων
568 4306 800 4374 Παίδων,
831 4305 1050 4375 εὔλογον
1082 4301 1236 4376 οἶμαι
1266 4307 1341 4368 ὡς
1378 4309 1434 4359 ἐν
1465 4306 1731 4378 ἐπιδρομῇ
1767 4308 1901 4373 ὲξει-

2010 4309 2059 4361 in
2082 4308 2331 4374 templum
2362 4305 2546 4360 Trium
2566 4307 2865 4359 Puerorum
2890 4306 3148 4372 posuerit,
3174 4304 3326 4374 quasi
3345 4305 3575 4358 transitu

332 4398 486 4449 κεῖν’
521 4398 722 4467 πολλὴν
751 4398 880 4468 γὰρ,
914 4394 972 4451 εὖ
1005 4393 1142 4463 οἶδα,
1173 4398 1442 4468 παράσχοι
1488 4401 1599 4461 τοῖς
1635 4400 1899 4469 ἐντυγχά-

329 4503 505 4541 νουσιν
535 4489 633 4560 τὴν
657 4489 942 4557 ὠφέλειαν.

395 4578 464 4647 γ’.
519 4580 893 4651 Ἀπολινάριος
927 4582 953 4634 ὁ
991 4581 1165 4648 μέγας
1194 4584 1292 4651 τῆς
1319 4580 1625 4653 ἁληίοείας]
1677 4582 1773 4650 (2).
1801 4622 1815 4635 .
1844 4621 1857 4635 .
1887 4622 1899 4636 .

321 4672 499 4725 αὐτῶν
526 4673 797 4743 λιπαρῶν,
829 4673 909 4737 είς
946 4674 1036 4726 τὶν
1064 4674 1189 4726 ναὸν
1240 4674 1470 4741 ὀφείλων
1517 4675 1902 4744 κατατεθῆναι,

320 4761 347 4814 ὃ
370 4762 530 4820 αὐτὸς
565 4762 632 4815 δι’
664 4763 956 4834 ἐπιθυμίας
991 4765 1174 4828 αὐτοῖς
1218 4764 1419 4833 πολλῆς
1465 4764 1832 4831 ἀνεστήσατοο
1873 4767 1901 4817 6

320 4852 379 4906 δὲ
440 4854 636 4915 σεπτὸς
685 4848 838 4918 οὗτος
893 4855 989 4907 καὶ
1041 4856 1384 4923 παγκὸσμιος
1435 4853 1597 4921 τῆσδε
1664 4852 1897 4920 εὐαγοῦς

322 4944 672 5012 προστάξεως
707 4944 988 5015 ἀμελήσας
1032 4945 1205 5007 οὐδὲν,
1250 4944 1350 5012 τὴν
1413 4943 1709 4997 Βαϐυλῶνα
1759 4962 1893 4999 κατ-

321 5034 535 5098 έλαϐεν,
577 5037 669 5089 καὶ
711 5039 826 5099 τοῖς
860 5038 1034 5101 ἁγίοις
1072 5038 1145 5106 (5)
1180 5036 1245 5088 τὰ
1291 5038 1553 5090 θεσπέσια
1598 5037 1899 5107 γράμματα

317 5128 587 5194 δεδωκὼς,
638 5130 765 5185 τάδε
788 5130 923 5200 πρὸς
967 5131 1159 5193 αὐτοὺς
1191 5130 1414 5200 διεξῄειο
1448 5148 1466 5180 ι
1506 5131 1704 5197 Ἅγιοι,
1752 5132 1780 5182 6
1805 5129 1899 5182 τοῦ

318 5217 456 5270 Θεοῦ
495 5219 785 5290 ἀρχιερεὺς
818 5219 912 5273 καὶ
951 5218 1134 5282 δοῦλος
1172 5219 1325 5290 ὑμῶν
1372 5217 1574 5288 ταύτην
1624 5220 1751 5287 ὑμῖν
1799 5219 1895 5272 πέ-

2003 4396 2286 4450 dicendum
2316 4412 2330 4460 ;
2355 4410 2604 4463 magnam
2639 4395 2808 4457 enim,
2840 4396 2911 4447 nti
2945 4396 3079 4459 scio,
3099 4395 3332 4466 gratiam
3361 4396 3574 4450 obtine-

1998 4486 2124 4538 baut
2155 4501 2317 4553 quam
2349 4495 2641 4555 praesentes
2671 4484 3038 4553 requisierint.

2075 4577 2128 4631 5.
2154 4576 2544 4645 Apullinarius,
2579 4592 2805 4647 magnus
2830 4575 2919 4630 ille
2952 4575 3197 4629 veritatis
3229 4573 3571 4638 defensor,...

2004 4672 2140 4725 Cum
2171 4679 2351 4726 autem
2390 4673 2577 4725 eadem
2611 4650 2923 4739 rﬂlagitarei
2958 4685 3076 4738 qua:
3102 4668 3447 4723 desiderabat
3482 4682 3575 4720 ar-

2005 4764 2398 4831 chiepiscopus,
2459 4762 2710 4816 videlicet
2769 4769 2827 4812 ut
2881 4759 3140 4825 reliquias
3183 4758 3345 4811 trium
3381 4772 3574 4826 puern-

2007 4870 2121 4907 rnm
2158 4854 2208 4906 in
2232 4852 2427 4921 templo
2470 4851 2821 4920 possiderent,
2856 4848 2986 4902 nihil
3016 4848 3359 4917 prmtcrniisit
3408 4847 3576 4901 abbas

2000 4945 2326 4999 venerabilis
2363 4954 2420 4995 ut
2459 4952 2646 4995 sancta
2698 4940 3036 5009 perfecturus
3092 4948 3240 4993 esset
3296 4938 3571 4991 mandata.

2009 5035 2332 5106 Babylonem
2360 5035 2523 5103 igitur
2540 5034 2711 5101 petiit,
2744 5042 2797 5085 et
2825 5031 3027 5083 sanctis
3047 5028 3322 5082 mirabiles
3355 5030 3579 5081 tradens

2007 5128 2263 5197 epistolas
2289 5127 2400 5178 hau:
2427 5124 2585 5177 verba
2641 5122 2870 5191 adjecit:
2907 5139 2925 5173 ‹
2961 5119 3168 5181 Sancti,
3206 5120 3345 5173 hanc
3376 5119 3441 5170 ad
3478 5132 3579 5172 vos

2010 5218 2100 5272 Dei
2132 5219 2415 5287 episcopus
2443 5223 2498 5268 et
2527 5229 2717 5268 servus
2739 5223 2915 5269 vester
2944 5210 3343 5280 deprecationis
3369 5207 3573 5276 cpisto«

1856 5308 2090 5364 KOTJE.

394 5398 471 5468 (ί)
511 5397 711 5453 Confer
753 5413 913 5465 supra
943 5400 1308 5467 protheoriam
1344 5412 1502 5466 atque
1543 5401 1728 5455 laudes
1759 5416 1885 5456 sau-

320 5481 528 5540 Ctorum
584 5469 706 5522 MM.
757 5470 903 5540 Idem
936 5474 1147 5540 quippe
1196 5482 1384 5523 auctor
1417 5472 1756 5540 Sophrnuius
1782 5483 1886 5526 est.

416 5538 469 5605 ‘2.)
498 5539 653 5593 Deest
681 5557 842 5593 unutn
876 5536 1091 5593 folium.
1116 5541 1384 5593 Laeuimm
1411 5536 1586 5594 autem
1621 5558 1682 5594 ex
1717 5543 1884 5595 inter-

324 5608 627 5678 pretatione
679 5610 867 5661 Latina
925 5608 1046 5661 Zlii
1087 5611 1225 5679 apud
1277 5608 1588 5664 llnlland‘nm
1626 5613 1804 5666 metiri
1834 5613 1897 5665 li-

320 5689 421 5733 eet.
453 5682 656 5749 --ᾼρι
689 5679 872 5733 Sauct.
902 5679 1123 5733 Januar.
1158 5691 1195 5731 ι.
1232 5680 1315 5743 lll,
1346 5698 1395 5749 p.
1444 5680 1601 5735 1085.

386 5751 462 5823 (5)
532 5748 792 5818 Loquitur
830 5753 894 5805 de
942 5750 1110 5805 tritus
1160 5749 1259 5806 SS.
1303 5748 1484 5822 pueris
1534 5750 1889 5823 Uabylonicis,

1995 5403 2190 5470 quibus
2226 5399 2479 5468 templum
2511 5397 2849 5452 Alexandriae
2875 5399 3208 5452 excitaverat
3241 5392 3572 5470 Apollinaris

1998 5462 2146 5526 urbis
2193 5462 2437 5531 antistes.
2487 5479 2542 5524 et
2585 5485 2811 5536 quorum
2858 5469 3115 5537 reliquias
3160 5462 3449 5535 appetebat
3496 5471 3572 5514 at-

1998 5557 2103 5608 que
2168 5540 2495 5607 impetravit,
2560 5541 2884 5605 demnmque
2941 5540 2991 5592 iu
3057 5539 3216 5608 trium
3278 5546 3571 5608 puerurttut

2005 5599 2369 5665 Meminit-riuo
2416 5599 2617 5677 templo
2665 5599 2969 5675 collocavit,
3022 5622 3130 5678 quo
3186 5607 3238 5660 iu
3275 5599 3393 5656 loco
3439 5599 3575 5678 olim

2005 5682 2178 5736 sancti
2218 5681 2350 5751 Cyri
2395 5671 2756 5750 ergastcrium
2786 5671 3055 5735 medicum
3087 5678 3280 5741 fuerat,
3305 5682 3361 5728 et
3393 5671 3571 5724 adhuc

2001 5752 2491 5806 demonstrabatur.
