  <div class='ocr_page' id='page_1' title='image "/cluster/home/n/w/nwhite01/storage/ocr_20150623/87:3/hvd.32044069650125/453.png"; bbox 0 0 4020 6200; ppageno 0'>
   <div class='ocr_carea' id='block_1_1' title="bbox 415 335 558 400">
    <p class='ocr_par' dir='ltr' id='par_1_1' title="bbox 415 335 558 400">
     <span class='ocr_line' id='line_1_1' title="bbox 415 335 558 400; baseline -0.007 0"><span class='ocrx_word' id='word_1_1' title='bbox 415 335 558 400; x_wconf 75' lang='lat'><strong>3679</strong></span> 
     </span>
    </p>
   </div>
   <div class='ocr_carea' id='block_1_2' title="bbox 1269 343 2767 423">
    <p class='ocr_par' dir='ltr' id='par_1_2' title="bbox 1269 343 2767 423">
     <span class='ocr_line' id='line_1_2' title="bbox 1269 343 2767 423; baseline 0.015 -21"><span class='ocrx_word' id='word_1_2' title='bbox 1269 343 1329 403; x_wconf 87' lang='lat' dir='ltr'><strong>S.</strong></span> <span class='ocrx_word' id='word_1_3' title='bbox 1360 344 1780 408; x_wconf 71' lang='lat' dir='ltr'><strong>SOPHRONII</strong></span> <span class='ocrx_word' id='word_1_4' title='bbox 1812 350 2322 416; x_wconf 63' lang='lat' dir='ltr'><strong>PATRIARCHIE</strong></span> <span class='ocrx_word' id='word_1_5' title='bbox 2360 359 2767 423; x_wconf 82' lang='lat' dir='ltr'><strong>HIEROSOL.</strong></span> 
     </span>
    </p>
   </div>
   <div class='ocr_carea' id='block_1_3' title="bbox 3535 368 3677 438">
    <p class='ocr_par' dir='ltr' id='par_1_3' title="bbox 3535 368 3677 438">
     <span class='ocr_line' id='line_1_3' title="bbox 3535 368 3677 438; baseline 0.028 -5"><span class='ocrx_word' id='word_1_6' title='bbox 3535 368 3677 438; x_wconf 78' lang='lat'><strong>3680</strong></span> 
     </span>
    </p>
   </div>
   <div class='ocr_carea' id='block_1_4' title="bbox 411 452 1987 553">
    <p class='ocr_par' dir='ltr' id='par_1_4' title="bbox 411 452 1987 529">
     <span class='ocr_line' id='line_1_4' title="bbox 411 452 1987 529; baseline 0.01 -24"><span class='ocrx_word' id='word_1_7' title='bbox 411 452 518 506; x_wconf 78' lang='lat' dir='ltr'><strong>lam</strong></span> <span class='ocrx_word' id='word_1_8' title='bbox 571 452 756 517; x_wconf 75' lang='lat' dir='ltr'><strong>mittit,</strong></span> <span class='ocrx_word' id='word_1_9' title='bbox 803 469 907 524; x_wconf 87' lang='lat' dir='ltr'><strong>qua</strong></span> <span class='ocrx_word' id='word_1_10' title='bbox 937 466 1176 525; x_wconf 88' lang='lat' dir='ltr'><strong>recepta,</strong></span> <span class='ocrx_word' id='word_1_11' title='bbox 1213 473 1527 529; x_wconf 86' lang='lat' dir='ltr'><strong>responsum</strong></span> <span class='ocrx_word' id='word_1_12' title='bbox 1582 462 1809 519; x_wconf 75' lang='lat' dir='ltr'><strong>reddite.</strong></span> <span class='ocrx_word' id='word_1_13' title='bbox 1850 485 1869 518; x_wconf 73' lang='grc' dir='ltr'><strong>ι</strong></span> <span class='ocrx_word' id='word_1_14' title='bbox 1905 465 1987 522; x_wconf 70' lang='lat' dir='ltr'><strong>llis</strong></span> 
     </span>
    </p>
   </div>
   <div class='ocr_carea' id='block_1_5' title="bbox 2091 452 3669 553">
    <p class='ocr_par' dir='ltr' id='par_1_5' title="bbox 2108 475 3669 553">
     <span class='ocr_line' id='line_1_5' title="bbox 2108 475 3669 553; baseline 0.01 -29"><span class='ocrx_word' id='word_1_15' title='bbox 2108 489 2324 541; x_wconf 90' lang='grc' dir='ltr'>πομφεν</span> <span class='ocrx_word' id='word_1_16' title='bbox 2359 475 2457 545; x_wconf 83' lang='grc' dir='ltr'>τὴν</span> <span class='ocrx_word' id='word_1_17' title='bbox 2494 477 2749 546; x_wconf 83' lang='grc' dir='ltr'>δεητικὴν</span> <span class='ocrx_word' id='word_1_18' title='bbox 2782 478 3090 549; x_wconf 81' lang='grc' dir='ltr'>ἐπιστολὴν,</span> <span class='ocrx_word' id='word_1_19' title='bbox 3120 482 3186 551; x_wconf 75' lang='grc' dir='ltr'>ἥν</span> <span class='ocrx_word' id='word_1_20' title='bbox 3224 480 3528 553; x_wconf 71' lang='grc' dir='ltr'><strong>δεξάμενοι,</strong></span> <span class='ocrx_word' id='word_1_21' title='bbox 3559 485 3669 541; x_wconf 67' lang='grc' dir='ltr'>δότε</span> 
     </span>
    </p>
   </div>
   <div class='ocr_carea' id='block_1_6' title="bbox 411 543 1991 619">
    <p class='ocr_par' dir='ltr' id='par_1_6' title="bbox 411 543 1991 619">
     <span class='ocr_line' id='line_1_6' title="bbox 411 543 1991 619; baseline 0.009 -20"><span class='ocrx_word' id='word_1_22' title='bbox 411 545 591 609; x_wconf 78' lang='lat' dir='ltr'><strong>dictis,</strong></span> <span class='ocrx_word' id='word_1_23' title='bbox 633 543 873 601; x_wconf 76' lang='lat' dir='ltr'><strong>surrexit</strong></span> <span class='ocrx_word' id='word_1_24' title='bbox 931 550 1139 603; x_wconf 92' lang='lat' dir='ltr'><strong>medius</strong></span> <span class='ocrx_word' id='word_1_25' title='bbox 1172 566 1339 619; x_wconf 87' lang='lat' dir='ltr'><strong>puer,</strong></span> <span class='ocrx_word' id='word_1_26' title='bbox 1388 555 1630 607; x_wconf 69' lang='lat' dir='ltr'><strong>extendit</strong></span> <span class='ocrx_word' id='word_1_27' title='bbox 1686 573 1902 611; x_wconf 87' lang='lat' dir='ltr'><strong>manum</strong></span> <span class='ocrx_word' id='word_1_28' title='bbox 1940 568 1991 613; x_wconf 89' lang='lat' dir='ltr'><strong>et</strong></span> 
     </span>
    </p>
   </div>
   <div class='ocr_carea' id='block_1_7' title="bbox 412 640 1990 711">
    <p class='ocr_par' dir='ltr' id='par_1_7' title="bbox 412 640 1990 711">
     <span class='ocr_line' id='line_1_7' title="bbox 412 640 1990 711; baseline 0.01 -22"><span class='ocrx_word' id='word_1_29' title='bbox 412 648 640 707; x_wconf 75' lang='lat' dir='ltr'><strong>excepta</strong></span> <span class='ocrx_word' id='word_1_30' title='bbox 674 640 897 707; x_wconf 81' lang='lat' dir='ltr'><strong>epistola</strong></span> <span class='ocrx_word' id='word_1_31' title='bbox 955 640 1149 695; x_wconf 89' lang='lat' dir='ltr'><strong>iterum</strong></span> <span class='ocrx_word' id='word_1_32' title='bbox 1209 644 1517 711; x_wconf 73' lang='lat' dir='ltr'><strong>reclinavit,</strong></span> <span class='ocrx_word' id='word_1_33' title='bbox 1568 651 1758 704; x_wconf 91' lang='lat' dir='ltr'><strong>nuntio</strong></span> <span class='ocrx_word' id='word_1_34' title='bbox 1807 662 1990 705; x_wconf 89' lang='lat' dir='ltr'><strong>autem</strong></span> 
     </span>
    </p>
   </div>
   <div class='ocr_carea' id='block_1_8' title="bbox 413 730 1990 801">
    <p class='ocr_par' dir='ltr' id='par_1_8' title="bbox 413 730 1990 801">
     <span class='ocr_line' id='line_1_8' title="bbox 413 730 1990 801; baseline 0.008 -16"><span class='ocrx_word' id='word_1_35' title='bbox 413 730 616 785; x_wconf 89' lang='lat' dir='ltr'><strong>nullum</strong></span> <span class='ocrx_word' id='word_1_36' title='bbox 662 732 806 785; x_wconf 90' lang='lat' dir='ltr'><strong>dedit</strong></span> <span class='ocrx_word' id='word_1_37' title='bbox 844 747 1183 801; x_wconf 84' lang='lat' dir='ltr'><strong>responsum.</strong></span> <span class='ocrx_word' id='word_1_38' title='bbox 1218 733 1326 790; x_wconf 85' lang='lat' dir='ltr'><strong>Per</strong></span> <span class='ocrx_word' id='word_1_39' title='bbox 1376 747 1543 791; x_wconf 89' lang='lat' dir='ltr'><strong>totam</strong></span> <span class='ocrx_word' id='word_1_40' title='bbox 1598 740 1990 798; x_wconf 70' lang='lat' dir='ltr'><strong>hebdomadam</strong></span> 
     </span>
    </p>
   </div>
   <div class='ocr_carea' id='block_1_9' title="bbox 410 821 1992 903">
    <p class='ocr_par' dir='ltr' id='par_1_9' title="bbox 410 821 1992 903">
     <span class='ocr_line' id='line_1_9' title="bbox 410 821 1992 903; baseline 0.011 -32"><span class='ocrx_word' id='word_1_41' title='bbox 410 821 748 878; x_wconf 81' lang='lat' dir='ltr'><strong>verecundus</strong></span> <span class='ocrx_word' id='word_1_42' title='bbox 780 822 948 880; x_wconf 82' lang='lat' dir='ltr'><strong>abbas</strong></span> <span class='ocrx_word' id='word_1_43' title='bbox 1004 840 1323 895; x_wconf 87' lang='lat' dir='ltr'><strong>responsum</strong></span> <span class='ocrx_word' id='word_1_44' title='bbox 1364 844 1467 883; x_wconf 94' lang='lat' dir='ltr'><strong>non</strong></span> <span class='ocrx_word' id='word_1_45' title='bbox 1516 833 1720 893; x_wconf 88' lang='lat' dir='ltr'><strong>retulit,</strong></span> <span class='ocrx_word' id='word_1_46' title='bbox 1763 833 1992 903; x_wconf 83' lang='lat' dir='ltr'><strong>ideoque</strong></span> 
     </span>
    </p>
   </div>
   <div class='ocr_carea' id='block_1_10' title="bbox 414 914 1990 993">
    <p class='ocr_par' dir='ltr' id='par_1_10' title="bbox 414 914 1990 993">
     <span class='ocr_line' id='line_1_10' title="bbox 414 914 1990 993; baseline 0.009 -27"><span class='ocrx_word' id='word_1_47' title='bbox 414 914 573 968; x_wconf 82' lang='lat' dir='ltr'><strong>rebus</strong></span> <span class='ocrx_word' id='word_1_48' title='bbox 607 914 823 972; x_wconf 82' lang='lat' dir='ltr'><strong>infectis</strong></span> <span class='ocrx_word' id='word_1_49' title='bbox 853 918 1013 973; x_wconf 87' lang='lat' dir='ltr'><strong>rediit</strong></span> <span class='ocrx_word' id='word_1_50' title='bbox 1055 921 1122 974; x_wconf 84' lang='lat' dir='ltr'><strong>ad</strong></span> <span class='ocrx_word' id='word_1_51' title='bbox 1175 922 1643 993; x_wconf 72' lang='lat' dir='ltr'><strong>archiepiscopum</strong></span> <span class='ocrx_word' id='word_1_52' title='bbox 1698 935 1752 979; x_wconf 91' lang='lat' dir='ltr'><strong>et</strong></span> <span class='ocrx_word' id='word_1_53' title='bbox 1810 927 1990 980; x_wconf 83' lang='lat' dir='ltr'><strong>omnia</strong></span> 
     </span>
    </p>
   </div>
   <div class='ocr_carea' id='block_1_11' title="bbox 410 1006 675 1062">
    <p class='ocr_par' dir='ltr' id='par_1_11' title="bbox 410 1006 675 1062">
     <span class='ocr_line' id='line_1_11' title="bbox 410 1006 675 1062; baseline 0.011 -4"><span class='ocrx_word' id='word_1_54' title='bbox 410 1006 675 1062; x_wconf 81' lang='lat' dir='ltr'><strong>narravit.</strong></span> 
     </span>
    </p>
   </div>
   <div class='ocr_carea' id='block_1_12' title="bbox 482 1206 1991 1283">
    <p class='ocr_par' dir='ltr' id='par_1_12' title="bbox 482 1206 1991 1283">
     <span class='ocr_line' id='line_1_12' title="bbox 482 1206 1991 1283; baseline 0.003 -22"><span class='ocrx_word' id='word_1_55' title='bbox 482 1206 539 1261; x_wconf 70' lang='grc'><strong>4.</strong></span> <span class='ocrx_word' id='word_1_56' title='bbox 569 1206 672 1271; x_wconf 86' lang='lat' dir='ltr'><strong>Qui</strong></span> <span class='ocrx_word' id='word_1_57' title='bbox 705 1206 756 1260; x_wconf 92' lang='lat' dir='ltr'><strong>in</strong></span> <span class='ocrx_word' id='word_1_58' title='bbox 786 1208 945 1262; x_wconf 87' lang='lat' dir='ltr'><strong>rebus</strong></span> <span class='ocrx_word' id='word_1_59' title='bbox 971 1207 1092 1262; x_wconf 87' lang='lat' dir='ltr'><strong>ﬁdei</strong></span> <span class='ocrx_word' id='word_1_60' title='bbox 1130 1225 1233 1263; x_wconf 91' lang='lat' dir='ltr'><strong>non</strong></span> <span class='ocrx_word' id='word_1_61' title='bbox 1266 1213 1493 1268; x_wconf 88' lang='lat' dir='ltr'><strong>multum</strong></span> <span class='ocrx_word' id='word_1_62' title='bbox 1520 1214 1824 1283; x_wconf 84' lang='lat' dir='ltr'><strong>perspicax,</strong></span> <span class='ocrx_word' id='word_1_63' title='bbox 1856 1229 1991 1269; x_wconf 92' lang='lat' dir='ltr'><strong>cou-</strong></span> 
     </span>
    </p>
   </div>
   <div class='ocr_carea' id='block_1_13' title="bbox 412 1297 1989 1376">
    <p class='ocr_par' dir='ltr' id='par_1_13' title="bbox 412 1297 1989 1376">
     <span class='ocr_line' id='line_1_13' title="bbox 412 1297 1989 1376; baseline 0.006 -23"><span class='ocrx_word' id='word_1_64' title='bbox 412 1297 639 1354; x_wconf 73' lang='lat' dir='ltr'><strong>scientia</strong></span> <span class='ocrx_word' id='word_1_65' title='bbox 681 1313 808 1354; x_wconf 85' lang='lat' dir='ltr'><strong>vero</strong></span> <span class='ocrx_word' id='word_1_66' title='bbox 848 1314 1017 1367; x_wconf 90' lang='lat' dir='ltr'><strong>purus</strong></span> <span class='ocrx_word' id='word_1_67' title='bbox 1049 1310 1101 1356; x_wconf 91' lang='lat' dir='ltr'><strong>et</strong></span> <span class='ocrx_word' id='word_1_68' title='bbox 1143 1302 1253 1357; x_wconf 86' lang='lat' dir='ltr'><strong>Deo</strong></span> <span class='ocrx_word' id='word_1_69' title='bbox 1291 1305 1632 1373; x_wconf 78' lang='lat' dir='ltr'><strong>gratissimus</strong></span> <span class='ocrx_word' id='word_1_70' title='bbox 1685 1316 1800 1361; x_wconf 89' lang='lat' dir='ltr'><strong>erat</strong></span> <span class='ocrx_word' id='word_1_71' title='bbox 1852 1321 1989 1376; x_wconf 89' lang='lat' dir='ltr'><strong>pon-</strong></span> 
     </span>
    </p>
   </div>
   <div class='ocr_carea' id='block_1_14' title="bbox 410 1389 1992 1463">
    <p class='ocr_par' dir='ltr' id='par_1_14' title="bbox 410 1389 1992 1463">
     <span class='ocr_line' id='line_1_14' title="bbox 410 1389 1992 1463; baseline 0.006 -21"><span class='ocrx_word' id='word_1_72' title='bbox 410 1389 562 1454; x_wconf 81' lang='lat' dir='ltr'><strong>tifex,</strong></span> <span class='ocrx_word' id='word_1_73' title='bbox 612 1405 799 1444; x_wconf 84' lang='lat' dir='ltr'><strong>rursus</strong></span> <span class='ocrx_word' id='word_1_74' title='bbox 852 1392 959 1446; x_wconf 92' lang='lat' dir='ltr'><strong>Deo</strong></span> <span class='ocrx_word' id='word_1_75' title='bbox 1019 1404 1298 1463; x_wconf 88' lang='lat' dir='ltr'><strong>acceptum</strong></span> <span class='ocrx_word' id='word_1_76' title='bbox 1343 1394 1592 1449; x_wconf 78' lang='lat' dir='ltr'><strong>abbatem</strong></span> <span class='ocrx_word' id='word_1_77' title='bbox 1617 1397 1851 1451; x_wconf 85' lang='lat' dir='ltr'><strong>demittit</strong></span> <span class='ocrx_word' id='word_1_78' title='bbox 1907 1397 1992 1453; x_wconf 88' lang='lat' dir='ltr'><strong>bis</strong></span> 
     </span>
    </p>
   </div>
   <div class='ocr_carea' id='block_1_15' title="bbox 409 1479 1990 1543">
    <p class='ocr_par' dir='ltr' id='par_1_15' title="bbox 409 1479 1990 1543">
     <span class='ocr_line' id='line_1_15' title="bbox 409 1479 1990 1543; baseline 0.005 -8"><span class='ocrx_word' id='word_1_79' title='bbox 409 1479 633 1536; x_wconf 66' lang='lat' dir='ltr'><strong>allatis:</strong></span> <span class='ocrx_word' id='word_1_80' title='bbox 673 1499 690 1532; x_wconf 80' lang='grc' dir='ltr'><strong>ι</strong></span> <span class='ocrx_word' id='word_1_81' title='bbox 731 1481 1028 1537; x_wconf 78' lang='lat' dir='ltr'><strong>Revertere</strong></span> <span class='ocrx_word' id='word_1_82' title='bbox 1081 1486 1258 1538; x_wconf 88' lang='lat' dir='ltr'><strong>adbnc</strong></span> <span class='ocrx_word' id='word_1_83' title='bbox 1291 1494 1344 1537; x_wconf 86' lang='lat' dir='ltr'><strong>et</strong></span> <span class='ocrx_word' id='word_1_84' title='bbox 1393 1486 1443 1539; x_wconf 92' lang='lat' dir='ltr'><strong>in</strong></span> <span class='ocrx_word' id='word_1_85' title='bbox 1477 1488 1693 1540; x_wconf 87' lang='lat' dir='ltr'><strong>nomine</strong></span> <span class='ocrx_word' id='word_1_86' title='bbox 1747 1503 1866 1541; x_wconf 91' lang='lat' dir='ltr'><strong>meo</strong></span> <span class='ocrx_word' id='word_1_87' title='bbox 1898 1489 1990 1543; x_wconf 85' lang='lat' dir='ltr'><strong>de-</strong></span> 
     </span>
    </p>
   </div>
   <div class='ocr_carea' id='block_1_16' title="bbox 412 1574 1989 1648">
    <p class='ocr_par' dir='ltr' id='par_1_16' title="bbox 412 1574 1989 1648">
     <span class='ocr_line' id='line_1_16' title="bbox 412 1574 1989 1648; baseline 0.006 -22"><span class='ocrx_word' id='word_1_88' title='bbox 412 1587 640 1642; x_wconf 88' lang='lat' dir='ltr'><strong>precare</strong></span> <span class='ocrx_word' id='word_1_89' title='bbox 688 1583 947 1640; x_wconf 89' lang='lat' dir='ltr'><strong>sanclos;</strong></span> <span class='ocrx_word' id='word_1_90' title='bbox 983 1574 1027 1628; x_wconf 89' lang='lat' dir='ltr'><strong>si</strong></span> <span class='ocrx_word' id='word_1_91' title='bbox 1078 1576 1309 1645; x_wconf 89' lang='lat' dir='ltr'><strong>teipsum</strong></span> <span class='ocrx_word' id='word_1_92' title='bbox 1360 1592 1466 1630; x_wconf 90' lang='lat' dir='ltr'><strong>non</strong></span> <span class='ocrx_word' id='word_1_93' title='bbox 1522 1579 1629 1631; x_wconf 91' lang='lat' dir='ltr'><strong>sint</strong></span> <span class='ocrx_word' id='word_1_94' title='bbox 1684 1581 1989 1648; x_wconf 88' lang='lat' dir='ltr'><strong>suscepturi</strong></span> 
     </span>
    </p>
   </div>
   <div class='ocr_carea' id='block_1_17' title="bbox 410 1666 1986 1735">
    <p class='ocr_par' dir='ltr' id='par_1_17' title="bbox 410 1666 1986 1735">
     <span class='ocr_line' id='line_1_17' title="bbox 410 1666 1986 1735; baseline 0.004 -17"><span class='ocrx_word' id='word_1_95' title='bbox 410 1678 513 1720; x_wconf 90' lang='lat' dir='ltr'><strong>nec</strong></span> <span class='ocrx_word' id='word_1_96' title='bbox 544 1678 732 1733; x_wconf 87' lang='lat' dir='ltr'><strong>preces</strong></span> <span class='ocrx_word' id='word_1_97' title='bbox 765 1666 1051 1729; x_wconf 86' lang='lat' dir='ltr'><strong>mittentis,</strong></span> <span class='ocrx_word' id='word_1_98' title='bbox 1088 1676 1142 1719; x_wconf 91' lang='lat' dir='ltr'><strong>tu</strong></span> <span class='ocrx_word' id='word_1_99' title='bbox 1180 1667 1462 1735; x_wconf 87' lang='lat' dir='ltr'><strong>epistolam</strong></span> <span class='ocrx_word' id='word_1_100' title='bbox 1495 1669 1637 1723; x_wconf 89' lang='lat' dir='ltr'><strong>hanc</strong></span> <span class='ocrx_word' id='word_1_101' title='bbox 1694 1679 1986 1725; x_wconf 90' lang='lat' dir='ltr'><strong>retractam</strong></span> 
     </span>
    </p>
   </div>
   <div class='ocr_carea' id='block_1_18' title="bbox 414 1755 1984 1827">
    <p class='ocr_par' dir='ltr' id='par_1_18' title="bbox 414 1755 1984 1827">
     <span class='ocr_line' id='line_1_18' title="bbox 414 1755 1984 1827; baseline 0.004 -20"><span class='ocrx_word' id='word_1_102' title='bbox 414 1755 739 1823; x_wconf 86' lang='lat' dir='ltr'><strong>reportabis,</strong></span> <span class='ocrx_word' id='word_1_103' title='bbox 765 1770 924 1822; x_wconf 81' lang='lat' dir='ltr'><strong>quant</strong></span> <span class='ocrx_word' id='word_1_104' title='bbox 951 1755 1302 1821; x_wconf 84' lang='lat' dir='ltr'><strong>reliquiarum</strong></span> <span class='ocrx_word' id='word_1_105' title='bbox 1327 1757 1444 1810; x_wconf 91' lang='lat' dir='ltr'><strong>loco</strong></span> <span class='ocrx_word' id='word_1_106' title='bbox 1468 1758 1810 1825; x_wconf 81' lang='lat' dir='ltr'><strong>recipiemus,</strong></span> <span class='ocrx_word' id='word_1_107' title='bbox 1830 1760 1984 1827; x_wconf 87' lang='lat' dir='ltr'><strong>quasi</strong></span> 
     </span>
    </p>
   </div>
   <div class='ocr_carea' id='block_1_19' title="bbox 414 1844 1986 1913">
    <p class='ocr_par' dir='ltr' id='par_1_19' title="bbox 414 1844 1986 1913">
     <span class='ocr_line' id='line_1_19' title="bbox 414 1844 1986 1913; baseline 0.003 -15"><span class='ocrx_word' id='word_1_108' title='bbox 414 1848 484 1898; x_wconf 87' lang='lat' dir='ltr'><strong>ab</strong></span> <span class='ocrx_word' id='word_1_109' title='bbox 531 1844 662 1912; x_wconf 85' lang='lat' dir='ltr'><strong>ipsis</strong></span> <span class='ocrx_word' id='word_1_110' title='bbox 697 1855 973 1913; x_wconf 84' lang='lat' dir='ltr'><strong>acceptam</strong></span> <span class='ocrx_word' id='word_1_111' title='bbox 1005 1853 1059 1898; x_wconf 89' lang='lat' dir='ltr'><strong>et</strong></span> <span class='ocrx_word' id='word_1_112' title='bbox 1100 1846 1493 1900; x_wconf 84' lang='lat' dir='ltr'><strong>sanctilicalam</strong></span> <span class='ocrx_word' id='word_1_113' title='bbox 1541 1846 1755 1902; x_wconf 81' lang='lat' dir='ltr'><strong>fuisset.</strong></span> <span class='ocrx_word' id='word_1_114' title='bbox 1785 1868 1804 1900; x_wconf 76' lang='grc' dir='ltr'><strong>ι</strong></span> <span class='ocrx_word' id='word_1_115' title='bbox 1840 1848 1986 1904; x_wconf 82' lang='lat' dir='ltr'><strong>Patri</strong></span> 
     </span>
    </p>
   </div>
   <div class='ocr_carea' id='block_1_20' title="bbox 416 1937 1989 2005">
    <p class='ocr_par' dir='ltr' id='par_1_20' title="bbox 416 1937 1989 2005">
     <span class='ocr_line' id='line_1_20' title="bbox 416 1937 1989 2005; baseline 0.003 -14"><span class='ocrx_word' id='word_1_116' title='bbox 416 1937 561 1991; x_wconf 89' lang='lat' dir='ltr'><strong>cedit</strong></span> <span class='ocrx_word' id='word_1_117' title='bbox 591 1938 778 1999; x_wconf 22' lang='lat' dir='ltr'><strong>ablras,</strong></span> <span class='ocrx_word' id='word_1_118' title='bbox 804 1938 894 2005; x_wconf 90' lang='lat' dir='ltr'><strong>qui</strong></span> <span class='ocrx_word' id='word_1_119' title='bbox 928 1937 1027 2003; x_wconf 68' lang='lat' dir='ltr'><strong>ipsi</strong></span> <span class='ocrx_word' id='word_1_120' title='bbox 1056 1952 1154 1990; x_wconf 81' lang='lat' dir='ltr'><strong>ceu</strong></span> <span class='ocrx_word' id='word_1_121' title='bbox 1184 1937 1403 1992; x_wconf 86' lang='lat' dir='ltr'><strong>Christo</strong></span> <span class='ocrx_word' id='word_1_122' title='bbox 1430 1950 1481 1993; x_wconf 91' lang='lat' dir='ltr'><strong>et</strong></span> <span class='ocrx_word' id='word_1_123' title='bbox 1517 1940 1696 1993; x_wconf 83' lang='lat' dir='ltr'><strong>verbis</strong></span> <span class='ocrx_word' id='word_1_124' title='bbox 1738 1950 1791 1995; x_wconf 91' lang='lat' dir='ltr'><strong>et</strong></span> <span class='ocrx_word' id='word_1_125' title='bbox 1832 1940 1989 1996; x_wconf 83' lang='lat' dir='ltr'><strong>factis</strong></span> 
     </span>
    </p>
   </div>
   <div class='ocr_carea' id='block_1_21' title="bbox 414 2027 1989 2099">
    <p class='ocr_par' dir='ltr' id='par_1_21' title="bbox 414 2027 1989 2099">
     <span class='ocr_line' id='line_1_21' title="bbox 414 2027 1989 2099; baseline 0.003 -16"><span class='ocrx_word' id='word_1_126' title='bbox 414 2029 724 2094; x_wconf 78' lang='lat' dir='ltr'><strong>obediebat,</strong></span> <span class='ocrx_word' id='word_1_127' title='bbox 780 2027 1218 2099; x_wconf 79' lang='lat' dir='ltr'><strong>Babylonemque</strong></span> <span class='ocrx_word' id='word_1_128' title='bbox 1278 2031 1512 2096; x_wconf 86' lang='lat' dir='ltr'><strong>repetiit.</strong></span> <span class='ocrx_word' id='word_1_129' title='bbox 1550 2029 1734 2084; x_wconf 88' lang='lat' dir='ltr'><strong>Denuo</strong></span> <span class='ocrx_word' id='word_1_130' title='bbox 1774 2044 1989 2088; x_wconf 88' lang='lat' dir='ltr'><strong>sanctos</strong></span> 
     </span>
    </p>
   </div>
   <div class='ocr_carea' id='block_1_22' title="bbox 415 2120 1989 2187">
    <p class='ocr_par' dir='ltr' id='par_1_22' title="bbox 415 2120 1989 2187">
     <span class='ocr_line' id='line_1_22' title="bbox 415 2120 1989 2187; baseline 0.002 -12"><span class='ocrx_word' id='word_1_131' title='bbox 415 2120 748 2187; x_wconf 73' lang='lat' dir='ltr'><strong>Supplicibus</strong></span> <span class='ocrx_word' id='word_1_132' title='bbox 775 2121 911 2174; x_wconf 87' lang='lat' dir='ltr'><strong>adiit</strong></span> <span class='ocrx_word' id='word_1_133' title='bbox 948 2121 1199 2187; x_wconf 89' lang='lat' dir='ltr'><strong>precibus</strong></span> <span class='ocrx_word' id='word_1_134' title='bbox 1232 2140 1244 2173; x_wconf 89' lang='lat'><strong>:</strong></span> <span class='ocrx_word' id='word_1_135' title='bbox 1283 2140 1301 2172; x_wconf 83' lang='grc' dir='ltr'><strong>ι</strong></span> <span class='ocrx_word' id='word_1_136' title='bbox 1330 2120 1373 2176; x_wconf 93' lang='grc' dir='ltr'><strong>Ο</strong></span> <span class='ocrx_word' id='word_1_137' title='bbox 1398 2132 1505 2176; x_wconf 88' lang='lat' dir='ltr'><strong>tres</strong></span> <span class='ocrx_word' id='word_1_138' title='bbox 1530 2122 1825 2176; x_wconf 69' lang='lat' dir='ltr'><strong>beatissimi</strong></span> <span class='ocrx_word' id='word_1_139' title='bbox 1847 2139 1989 2178; x_wconf 88' lang='lat' dir='ltr'><strong>mar-</strong></span> 
     </span>
    </p>
   </div>
   <div class='ocr_carea' id='block_1_23' title="bbox 411 2212 1984 2282">
    <p class='ocr_par' dir='ltr' id='par_1_23' title="bbox 411 2212 1984 2282">
     <span class='ocr_line' id='line_1_23' title="bbox 411 2212 1984 2282; baseline 0.001 -16"><span class='ocrx_word' id='word_1_140' title='bbox 411 2221 584 2282; x_wconf 82' lang='lat' dir='ltr'><strong>tyres,</strong></span> <span class='ocrx_word' id='word_1_141' title='bbox 630 2212 724 2267; x_wconf 91' lang='lat' dir='ltr'><strong>Dei</strong></span> <span class='ocrx_word' id='word_1_142' title='bbox 776 2213 1066 2281; x_wconf 76' lang='lat' dir='ltr'><strong>episcOpus</strong></span> <span class='ocrx_word' id='word_1_143' title='bbox 1105 2213 1284 2267; x_wconf 91' lang='lat' dir='ltr'><strong>denuo</strong></span> <span class='ocrx_word' id='word_1_144' title='bbox 1333 2230 1418 2266; x_wconf 88' lang='lat' dir='ltr'><strong>me</strong></span> <span class='ocrx_word' id='word_1_145' title='bbox 1454 2214 1680 2268; x_wconf 84' lang='lat' dir='ltr'><strong>remittit</strong></span> <span class='ocrx_word' id='word_1_146' title='bbox 1718 2216 1785 2269; x_wconf 91' lang='lat' dir='ltr'><strong>ad</strong></span> <span class='ocrx_word' id='word_1_147' title='bbox 1852 2230 1984 2279; x_wconf 84' lang='lat' dir='ltr'><strong>vos;</strong></span> 
     </span>
    </p>
   </div>
   <div class='ocr_carea' id='block_1_24' title="bbox 410 2304 1985 2372">
    <p class='ocr_par' dir='ltr' id='par_1_24' title="bbox 410 2304 1985 2372">
     <span class='ocr_line' id='line_1_24' title="bbox 410 2304 1985 2372; baseline -0.001 -12"><span class='ocrx_word' id='word_1_148' title='bbox 410 2305 580 2360; x_wconf 86' lang='lat' dir='ltr'><strong>nolite</strong></span> <span class='ocrx_word' id='word_1_149' title='bbox 614 2304 893 2372; x_wconf 73' lang='lat' dir='ltr'><strong>despicere</strong></span> <span class='ocrx_word' id='word_1_150' title='bbox 926 2304 1235 2371; x_wconf 89' lang='lat' dir='ltr'><strong>pontiﬁcem</strong></span> <span class='ocrx_word' id='word_1_151' title='bbox 1280 2305 1371 2372; x_wconf 90' lang='lat' dir='ltr'><strong>qui</strong></span> <span class='ocrx_word' id='word_1_152' title='bbox 1402 2305 1553 2358; x_wconf 91' lang='lat' dir='ltr'><strong>vobis</strong></span> <span class='ocrx_word' id='word_1_153' title='bbox 1582 2314 1789 2359; x_wconf 86' lang='lat' dir='ltr'><strong>tantum</strong></span> <span class='ocrx_word' id='word_1_154' title='bbox 1812 2316 1985 2359; x_wconf 90' lang='lat' dir='ltr'><strong>ettam</strong></span> 
     </span>
    </p>
   </div>
   <div class='ocr_carea' id='block_1_25' title="bbox 410 2393 1988 2464">
    <p class='ocr_par' dir='ltr' id='par_1_25' title="bbox 410 2393 1988 2464">
     <span class='ocr_line' id='line_1_25' title="bbox 410 2393 1988 2464; baseline 0.002 -18"><span class='ocrx_word' id='word_1_155' title='bbox 410 2393 732 2464; x_wconf 69' lang='lat' dir='ltr'><strong>praeclarum</strong></span> <span class='ocrx_word' id='word_1_156' title='bbox 764 2393 1021 2463; x_wconf 83' lang='lat' dir='ltr'><strong>templum</strong></span> <span class='ocrx_word' id='word_1_157' title='bbox 1053 2394 1307 2457; x_wconf 76' lang='lat' dir='ltr'><strong>exstruit,</strong></span> <span class='ocrx_word' id='word_1_158' title='bbox 1362 2403 1417 2449; x_wconf 91' lang='lat' dir='ltr'><strong>et</strong></span> <span class='ocrx_word' id='word_1_159' title='bbox 1463 2394 1551 2462; x_wconf 89' lang='lat' dir='ltr'><strong>qui</strong></span> <span class='ocrx_word' id='word_1_160' title='bbox 1600 2404 1748 2449; x_wconf 90' lang='lat' dir='ltr'><strong>tanto</strong></span> <span class='ocrx_word' id='word_1_161' title='bbox 1783 2396 1848 2449; x_wconf 85' lang='lat' dir='ltr'><strong>ad</strong></span> <span class='ocrx_word' id='word_1_162' title='bbox 1895 2410 1988 2449; x_wconf 87' lang='lat' dir='ltr'><strong>vos</strong></span> 
     </span>
    </p>
   </div>
   <div class='ocr_carea' id='block_1_26' title="bbox 409 2484 1989 2555">
    <p class='ocr_par' dir='ltr' id='par_1_26' title="bbox 409 2484 1989 2555">
     <span class='ocr_line' id='line_1_26' title="bbox 409 2484 1989 2555; baseline -0.003 -15"><span class='ocrx_word' id='word_1_163' title='bbox 409 2487 567 2541; x_wconf 87' lang='lat' dir='ltr'><strong>ardet</strong></span> <span class='ocrx_word' id='word_1_164' title='bbox 620 2484 911 2540; x_wconf 80' lang='lat' dir='ltr'><strong>desiderio.</strong></span> <span class='ocrx_word' id='word_1_165' title='bbox 962 2503 980 2536; x_wconf 76' lang='grc' dir='ltr'><strong>ι</strong></span> <span class='ocrx_word' id='word_1_166' title='bbox 1021 2484 1153 2540; x_wconf 87' lang='lat' dir='ltr'><strong>Cum</strong></span> <span class='ocrx_word' id='word_1_167' title='bbox 1207 2486 1445 2539; x_wconf 87' lang='lat' dir='ltr'><strong>secundo</strong></span> <span class='ocrx_word' id='word_1_168' title='bbox 1509 2485 1714 2555; x_wconf 83' lang='lat' dir='ltr'><strong>uullnm</strong></span> <span class='ocrx_word' id='word_1_169' title='bbox 1766 2499 1989 2552; x_wconf 73' lang='lat' dir='ltr'><strong>reSpon-</strong></span> 
     </span>
    </p>
   </div>
   <div class='ocr_carea' id='block_1_27' title="bbox 412 2564 1988 2645">
    <p class='ocr_par' dir='ltr' id='par_1_27' title="bbox 412 2564 1988 2645">
     <span class='ocr_line' id='line_1_27' title="bbox 412 2564 1988 2645; baseline -0.002 -12"><span class='ocrx_word' id='word_1_170' title='bbox 412 2592 533 2633; x_wconf 74' lang='lat' dir='ltr'><strong>sum</strong></span> <span class='ocrx_word' id='word_1_171' title='bbox 586 2580 777 2632; x_wconf 91' lang='lat' dir='ltr'><strong>darent</strong></span> <span class='ocrx_word' id='word_1_172' title='bbox 828 2578 1027 2640; x_wconf 84' lang='lat' dir='ltr'><strong>sancti,</strong></span> <span class='ocrx_word' id='word_1_173' title='bbox 1085 2577 1265 2631; x_wconf 90' lang='lat' dir='ltr'><strong>divina</strong></span> <span class='ocrx_word' id='word_1_174' title='bbox 1347 2577 1578 2645; x_wconf 86' lang='lat' dir='ltr'><strong>quadam</strong></span> <span class='ocrx_word' id='word_1_175' title='bbox 1632 2564 1988 2645; x_wconf 81' lang='lat' dir='ltr'><strong>inspiratione</strong></span> 
     </span>
    </p>
   </div>
   <div class='ocr_carea' id='block_1_28' title="bbox 409 2666 1984 2735">
    <p class='ocr_par' dir='ltr' id='par_1_28' title="bbox 409 2666 1984 2735">
     <span class='ocr_line' id='line_1_28' title="bbox 409 2666 1984 2735; baseline -0.003 -10"><span class='ocrx_word' id='word_1_176' title='bbox 409 2676 720 2726; x_wconf 89' lang='lat' dir='ltr'><strong>commotus</strong></span> <span class='ocrx_word' id='word_1_177' title='bbox 772 2666 941 2721; x_wconf 87' lang='lat' dir='ltr'><strong>abbas</strong></span> <span class='ocrx_word' id='word_1_178' title='bbox 989 2676 1047 2721; x_wconf 87' lang='lat' dir='ltr'><strong>ut</strong></span> <span class='ocrx_word' id='word_1_179' title='bbox 1081 2668 1333 2720; x_wconf 89' lang='lat' dir='ltr'><strong>mandata</strong></span> <span class='ocrx_word' id='word_1_180' title='bbox 1392 2667 1777 2735; x_wconf 78' lang='lat' dir='ltr'><strong>archiepiscopi</strong></span> <span class='ocrx_word' id='word_1_181' title='bbox 1826 2668 1984 2735; x_wconf 81' lang='lat' dir='ltr'><strong>perli-</strong></span> 
     </span>
    </p>
   </div>
   <div class='ocr_carea' id='block_1_29' title="bbox 413 2757 1985 2828">
    <p class='ocr_par' dir='ltr' id='par_1_29' title="bbox 413 2757 1985 2828">
     <span class='ocr_line' id='line_1_29' title="bbox 413 2757 1985 2828; baseline -0.003 -12"><span class='ocrx_word' id='word_1_182' title='bbox 413 2770 585 2824; x_wconf 88' lang='lat' dir='ltr'><strong>ceret,</strong></span> <span class='ocrx_word' id='word_1_183' title='bbox 612 2776 830 2815; x_wconf 90' lang='lat' dir='ltr'><strong>manum</strong></span> <span class='ocrx_word' id='word_1_184' title='bbox 888 2775 1042 2814; x_wconf 87' lang='lat' dir='ltr'><strong>suam</strong></span> <span class='ocrx_word' id='word_1_185' title='bbox 1093 2769 1313 2828; x_wconf 88' lang='lat' dir='ltr'><strong>pectore</strong></span> <span class='ocrx_word' id='word_1_186' title='bbox 1350 2757 1537 2828; x_wconf 86' lang='lat' dir='ltr'><strong>injecit</strong></span> <span class='ocrx_word' id='word_1_187' title='bbox 1580 2769 1637 2813; x_wconf 90' lang='lat' dir='ltr'><strong>ut</strong></span> <span class='ocrx_word' id='word_1_188' title='bbox 1687 2761 1985 2828; x_wconf 77' lang='lat' dir='ltr'><strong>depositam</strong></span> 
     </span>
    </p>
   </div>
   <div class='ocr_carea' id='block_1_30' title="bbox 407 2846 1983 2923">
    <p class='ocr_par' dir='ltr' id='par_1_30' title="bbox 407 2846 1983 2923">
     <span class='ocr_line' id='line_1_30' title="bbox 407 2846 1983 2923; baseline -0.005 -15"><span class='ocrx_word' id='word_1_189' title='bbox 407 2854 685 2923; x_wconf 87' lang='lat' dir='ltr'><strong>epistolam</strong></span> <span class='ocrx_word' id='word_1_190' title='bbox 754 2851 995 2906; x_wconf 80' lang='lat' dir='ltr'><strong>oﬁerrct.</strong></span> <span class='ocrx_word' id='word_1_191' title='bbox 1079 2851 1228 2904; x_wconf 86' lang='lat' dir='ltr'><strong>lianc</strong></span> <span class='ocrx_word' id='word_1_192' title='bbox 1308 2866 1466 2903; x_wconf 89' lang='lat' dir='ltr'><strong>manu</strong></span> <span class='ocrx_word' id='word_1_193' title='bbox 1549 2846 1784 2918; x_wconf 78' lang='lat' dir='ltr'><strong>suscepit</strong></span> <span class='ocrx_word' id='word_1_194' title='bbox 1853 2865 1983 2903; x_wconf 79' lang='lat' dir='ltr'><strong>san-</strong></span> 
     </span>
    </p>
   </div>
   <div class='ocr_carea' id='block_1_31' title="bbox 409 2940 1986 3008">
    <p class='ocr_par' dir='ltr' id='par_1_31' title="bbox 409 2940 1986 3008">
     <span class='ocr_line' id='line_1_31' title="bbox 409 2940 1986 3008; baseline -0.003 -12"><span class='ocrx_word' id='word_1_195' title='bbox 409 2953 529 2998; x_wconf 88' lang='lat' dir='ltr'><strong>ctus</strong></span> <span class='ocrx_word' id='word_1_196' title='bbox 561 2952 634 3008; x_wconf 89' lang='lat' dir='ltr'><strong>et,</strong></span> <span class='ocrx_word' id='word_1_197' title='bbox 690 2943 815 2996; x_wconf 90' lang='lat' dir='ltr'><strong>dum</strong></span> <span class='ocrx_word' id='word_1_198' title='bbox 873 2942 1173 2995; x_wconf 85' lang='lat' dir='ltr'><strong>retraheret</strong></span> <span class='ocrx_word' id='word_1_199' title='bbox 1226 2941 1393 2994; x_wconf 81' lang='lat' dir='ltr'><strong>abbas</strong></span> <span class='ocrx_word' id='word_1_200' title='bbox 1446 2940 1752 3008; x_wconf 86' lang='lat' dir='ltr'><strong>epistolam,</strong></span> <span class='ocrx_word' id='word_1_201' title='bbox 1795 2941 1986 2994; x_wconf 86' lang='lat' dir='ltr'><strong>subse-</strong></span> 
     </span>
    </p>
   </div>
   <div class='ocr_carea' id='block_1_32' title="bbox 410 3032 1984 3102">
    <p class='ocr_par' dir='ltr' id='par_1_32' title="bbox 410 3032 1984 3102">
     <span class='ocr_line' id='line_1_32' title="bbox 410 3032 1984 3102; baseline -0.003 -12"><span class='ocrx_word' id='word_1_202' title='bbox 410 3044 533 3090; x_wconf 87' lang='lat' dir='ltr'><strong>cuta</strong></span> <span class='ocrx_word' id='word_1_203' title='bbox 564 3045 649 3089; x_wconf 87' lang='lat' dir='ltr'><strong>est</strong></span> <span class='ocrx_word' id='word_1_204' title='bbox 706 3049 922 3098; x_wconf 78' lang='lat' dir='ltr'><strong>manus,</strong></span> <span class='ocrx_word' id='word_1_205' title='bbox 955 3048 1115 3102; x_wconf 87' lang='lat' dir='ltr'><strong>quam</strong></span> <span class='ocrx_word' id='word_1_206' title='bbox 1162 3032 1400 3101; x_wconf 88' lang='lat' dir='ltr'><strong>piissime</strong></span> <span class='ocrx_word' id='word_1_207' title='bbox 1449 3046 1712 3084; x_wconf 87' lang='lat' dir='ltr'><strong>venerans</strong></span> <span class='ocrx_word' id='word_1_208' title='bbox 1757 3040 1811 3084; x_wconf 91' lang='lat' dir='ltr'><strong>et</strong></span> <span class='ocrx_word' id='word_1_209' title='bbox 1856 3033 1984 3085; x_wconf 91' lang='lat' dir='ltr'><strong>deo-</strong></span> 
     </span>
    </p>
   </div>
   <div class='ocr_carea' id='block_1_33' title="bbox 2096 560 3672 645">
    <p class='ocr_par' dir='ltr' id='par_1_33' title="bbox 2096 560 3672 645">
     <span class='ocr_line' id='line_1_33' title="bbox 2096 560 3672 645; baseline 0.011 -33"><span class='ocrx_word' id='word_1_210' title='bbox 2096 560 2193 630; x_wconf 83' lang='grc' dir='ltr'><strong>τὴν</strong></span> <span class='ocrx_word' id='word_1_211' title='bbox 2207 564 2620 635; x_wconf 78' lang='grc' dir='ltr'>ἀνταπόκρισιν’</span> <span class='ocrx_word' id='word_1_212' title='bbox 2648 584 2665 617; x_wconf 76' lang='grc' dir='ltr'><strong>ι</strong></span> <span class='ocrx_word' id='word_1_213' title='bbox 2697 566 2901 623; x_wconf 86' lang='grc' dir='ltr'>τούτων</span> <span class='ocrx_word' id='word_1_214' title='bbox 2926 568 3097 633; x_wconf 81' lang='grc' dir='ltr'>οὕτως</span> <span class='ocrx_word' id='word_1_215' title='bbox 3114 571 3433 642; x_wconf 76' lang='grc' dir='ltr'><strong>λεχθέντων,</strong></span> <span class='ocrx_word' id='word_1_216' title='bbox 3458 577 3486 628; x_wconf 98' lang='lat'><strong>6</strong></span> <span class='ocrx_word' id='word_1_217' title='bbox 3515 577 3672 645; x_wconf 82' lang='grc' dir='ltr'>μέσος</span> 
     </span>
    </p>
   </div>
   <div class='ocr_carea' id='block_1_34' title="bbox 2097 654 3674 735">
    <p class='ocr_par' dir='ltr' id='par_1_34' title="bbox 2097 654 3674 735">
     <span class='ocr_line' id='line_1_34' title="bbox 2097 654 3674 735; baseline 0.01 -30"><span class='ocrx_word' id='word_1_218' title='bbox 2097 654 2454 719; x_wconf 88' lang='grc' dir='ltr'>ἀνακαθίσας,</span> <span class='ocrx_word' id='word_1_219' title='bbox 2492 657 2589 726; x_wconf 84' lang='grc' dir='ltr'><strong>τὴν</strong></span> <span class='ocrx_word' id='word_1_220' title='bbox 2621 658 2777 729; x_wconf 76' lang='grc' dir='ltr'>χεῖρά</span> <span class='ocrx_word' id='word_1_221' title='bbox 2811 677 2868 712; x_wconf 91' lang='grc' dir='ltr'><strong>τε</strong></span> <span class='ocrx_word' id='word_1_222' title='bbox 2901 661 3213 731; x_wconf 75' lang='grc' dir='ltr'><strong>προτείνας,</strong></span> <span class='ocrx_word' id='word_1_223' title='bbox 3249 664 3349 735; x_wconf 82' lang='grc' dir='ltr'><strong>τὴν</strong></span> <span class='ocrx_word' id='word_1_224' title='bbox 3387 667 3674 730; x_wconf 69' lang='grc' dir='ltr'>ἐπιστολὴν</span> 
     </span>
    </p>
   </div>
   <div class='ocr_carea' id='block_1_35' title="bbox 2095 745 3677 821">
    <p class='ocr_par' dir='ltr' id='par_1_35' title="bbox 2095 745 3677 821">
     <span class='ocr_line' id='line_1_35' title="bbox 2095 745 3677 821; baseline 0.009 -25"><span class='ocrx_word' id='word_1_225' title='bbox 2095 745 2232 815; x_wconf 73' lang='grc' dir='ltr'>πρὸς</span> <span class='ocrx_word' id='word_1_226' title='bbox 2262 746 2452 799; x_wconf 72' lang='grc' dir='ltr'>ἑαυτὸν</span> <span class='ocrx_word' id='word_1_227' title='bbox 2491 749 2839 803; x_wconf 82' lang='grc' dir='ltr'>ἐπεσπάσατο</span> <span class='ocrx_word' id='word_1_228' title='bbox 2861 768 2873 782; x_wconf 77' lang='grc'><strong><em>⁸</em></strong></span> <span class='ocrx_word' id='word_1_229' title='bbox 2922 753 3037 804; x_wconf 79' lang='grc' dir='ltr'>καὶ·</span> <span class='ocrx_word' id='word_1_230' title='bbox 3062 754 3225 807; x_wconf 78' lang='grc' dir='ltr'>πάλιν</span> <span class='ocrx_word' id='word_1_231' title='bbox 3252 756 3559 821; x_wconf 68' lang='grc' dir='ltr'><strong>ἀνακλιθεὶς</strong></span> <span class='ocrx_word' id='word_1_232' title='bbox 3588 760 3677 810; x_wconf 76' lang='grc' dir='ltr'>ἁν-</span> 
     </span>
    </p>
   </div>
   <div class='ocr_carea' id='block_1_36' title="bbox 2095 836 3703 925">
    <p class='ocr_par' dir='ltr' id='par_1_36' title="bbox 2095 836 3671 919">
     <span class='ocr_line' id='line_1_36' title="bbox 2095 836 3671 919; baseline 0.006 -29"><span class='ocrx_word' id='word_1_233' title='bbox 2095 836 2392 907; x_wconf 78' lang='grc' dir='ltr'>απόκριτον</span> <span class='ocrx_word' id='word_1_234' title='bbox 2432 840 2521 893; x_wconf 80' lang='grc' dir='ltr'><strong>τὸν</strong></span> <span class='ocrx_word' id='word_1_235' title='bbox 2564 840 2735 912; x_wconf 78' lang='grc' dir='ltr'>ἄνδρα</span> <span class='ocrx_word' id='word_1_236' title='bbox 2771 842 3093 896; x_wconf 77' lang='grc' dir='ltr'>κατέλιπενο</span> <span class='ocrx_word' id='word_1_237' title='bbox 3143 846 3218 907; x_wconf 89' lang='grc' dir='ltr'>ὡς</span> <span class='ocrx_word' id='word_1_238' title='bbox 3246 846 3301 899; x_wconf 83' lang='grc' dir='ltr'><strong>δὲ</strong></span> <span class='ocrx_word' id='word_1_239' title='bbox 3351 851 3531 902; x_wconf 79' lang='grc' dir='ltr'>πᾶσαν</span> <span class='ocrx_word' id='word_1_240' title='bbox 3578 854 3671 919; x_wconf 77' lang='grc' dir='ltr'><strong>τὴν</strong></span> 
     </span>
    </p>
   </div>
   <div class='ocr_carea' id='block_1_37' title="bbox 2096 929 3673 1008">
    <p class='ocr_par' dir='ltr' id='par_1_37' title="bbox 2096 929 3673 1008">
     <span class='ocr_line' id='line_1_37' title="bbox 2096 929 3673 1008; baseline 0.007 -28"><span class='ocrx_word' id='word_1_241' title='bbox 2096 929 2369 998; x_wconf 80' lang='grc' dir='ltr'>ἑϐδομάδα</span> <span class='ocrx_word' id='word_1_242' title='bbox 2410 930 2678 983; x_wconf 78' lang='grc' dir='ltr'><strong>δυσωπῶν</strong></span> <span class='ocrx_word' id='word_1_243' title='bbox 2719 931 2891 995; x_wconf 80' lang='grc' dir='ltr'>ἀϐϐᾶς</span> <span class='ocrx_word' id='word_1_244' title='bbox 2926 933 3027 986; x_wconf 85' lang='grc' dir='ltr'><strong>οὑκ</strong></span> <span class='ocrx_word' id='word_1_245' title='bbox 3074 932 3264 1005; x_wconf 73' lang='grc' dir='ltr'>ἔτυχεν</span> <span class='ocrx_word' id='word_1_246' title='bbox 3309 938 3673 1008; x_wconf 63' lang='grc' dir='ltr'>ἀποκρῦεως,</span> 
     </span>
    </p>
   </div>
   <div class='ocr_carea' id='block_1_38' title="bbox 2048 1017 3676 1097">
    <p class='ocr_par' dir='ltr' id='par_1_38' title="bbox 2048 1017 3676 1097">
     <span class='ocr_line' id='line_1_38' title="bbox 2048 1017 3676 1097; baseline 0.007 -30"><span class='ocrx_word' id='word_1_247' title='bbox 2048 1072 2058 1081; x_wconf 57' lang='grc'><em>,</em></span> <span class='ocrx_word' id='word_1_248' title='bbox 2095 1017 2229 1087; x_wconf 71' lang='grc' dir='ltr'>πρὸς</span> <span class='ocrx_word' id='word_1_249' title='bbox 2257 1018 2347 1070; x_wconf 71' lang='grc' dir='ltr'>τὸν</span> <span class='ocrx_word' id='word_1_250' title='bbox 2374 1018 2772 1074; x_wconf 86' lang='grc' dir='ltr'>ἀποστείλαντα</span> <span class='ocrx_word' id='word_1_251' title='bbox 2793 1020 3073 1090; x_wconf 80' lang='grc' dir='ltr'><strong>ἄπρακτος</strong></span> <span class='ocrx_word' id='word_1_252' title='bbox 3097 1024 3419 1094; x_wconf 78' lang='grc' dir='ltr'>ἐπανῆλθεν,</span> <span class='ocrx_word' id='word_1_253' title='bbox 3447 1027 3507 1079; x_wconf 75' lang='grc' dir='ltr'>τὸ</span> <span class='ocrx_word' id='word_1_254' title='bbox 3536 1045 3676 1097; x_wconf 70' lang='grc' dir='ltr'>συμο</span> 
     </span>
    </p>
   </div>
   <div class='ocr_carea' id='block_1_39' title="bbox 2094 1107 2602 1180">
    <p class='ocr_par' dir='ltr' id='par_1_39' title="bbox 2094 1107 2602 1180">
     <span class='ocr_line' id='line_1_39' title="bbox 2094 1107 2602 1180; baseline 0.008 -21"><span class='ocrx_word' id='word_1_255' title='bbox 2094 1107 2196 1160; x_wconf 67' lang='grc' dir='ltr'><strong>ϐὰν</strong></span> <span class='ocrx_word' id='word_1_256' title='bbox 2229 1108 2602 1180; x_wconf 86' lang='grc' dir='ltr'>διηγούμενος.</span> 
     </span>
    </p>
   </div>
   <div class='ocr_carea' id='block_1_40' title="bbox 2164 1201 3676 1281">
    <p class='ocr_par' dir='ltr' id='par_1_40' title="bbox 2164 1201 3676 1281">
     <span class='ocr_line' id='line_1_40' title="bbox 2164 1201 3676 1281; baseline 0.006 -27"><span class='ocrx_word' id='word_1_257' title='bbox 2164 1201 2226 1256; x_wconf 83' lang='grc' dir='ltr'><strong>δ’.</strong></span> <span class='ocrx_word' id='word_1_258' title='bbox 2278 1202 2334 1255; x_wconf 84' lang='lat'><strong>&#39;0</strong></span> <span class='ocrx_word' id='word_1_259' title='bbox 2364 1202 2421 1255; x_wconf 80' lang='grc' dir='ltr'><strong>δὲ</strong></span> <span class='ocrx_word' id='word_1_260' title='bbox 2459 1202 2558 1273; x_wconf 81' lang='grc' dir='ltr'><strong>τὴν</strong></span> <span class='ocrx_word' id='word_1_261' title='bbox 2595 1204 2777 1257; x_wconf 86' lang='grc' dir='ltr'>πίστιν</span> <span class='ocrx_word' id='word_1_262' title='bbox 2809 1205 3181 1276; x_wconf 81' lang='grc' dir='ltr'>ἀπρόσκοπος,</span> <span class='ocrx_word' id='word_1_263' title='bbox 3214 1209 3309 1262; x_wconf 71' lang='grc' dir='ltr'><strong>καὶ</strong></span> <span class='ocrx_word' id='word_1_264' title='bbox 3340 1210 3545 1277; x_wconf 80' lang='grc' dir='ltr'>ἀγαθὸς</span> <span class='ocrx_word' id='word_1_265' title='bbox 3575 1211 3676 1281; x_wconf 71' lang='grc' dir='ltr'><strong>τὴν</strong></span> 
     </span>
    </p>
   </div>
   <div class='ocr_carea' id='block_1_41' title="bbox 2096 1291 3675 1365">
    <p class='ocr_par' dir='ltr' id='par_1_41' title="bbox 2096 1291 3675 1365">
     <span class='ocr_line' id='line_1_41' title="bbox 2096 1291 3675 1365; baseline 0.004 -21"><span class='ocrx_word' id='word_1_266' title='bbox 2096 1291 2398 1360; x_wconf 79' lang='grc' dir='ltr'>συνείδησιν</span> <span class='ocrx_word' id='word_1_267' title='bbox 2424 1292 2517 1344; x_wconf 88' lang='grc' dir='ltr'><strong>τοῦ</strong></span> <span class='ocrx_word' id='word_1_268' title='bbox 2546 1292 2681 1345; x_wconf 91' lang='grc' dir='ltr'>Θεοῦ</span> <span class='ocrx_word' id='word_1_269' title='bbox 2712 1294 3006 1365; x_wconf 77' lang='grc' dir='ltr'>ἀρχιερεὺς</span> <span class='ocrx_word' id='word_1_270' title='bbox 3037 1297 3526 1365; x_wconf 77' lang='grc' dir='ltr'>προσφιλέστατος,</span> <span class='ocrx_word' id='word_1_271' title='bbox 3569 1300 3675 1351; x_wconf 78' lang='grc' dir='ltr'>πά-</span> 
     </span>
    </p>
   </div>
   <div class='ocr_carea' id='block_1_42' title="bbox 2094 1379 3675 1459">
    <p class='ocr_par' dir='ltr' id='par_1_42' title="bbox 2094 1379 3675 1459">
     <span class='ocr_line' id='line_1_42' title="bbox 2094 1379 3675 1459; baseline 0.006 -28"><span class='ocrx_word' id='word_1_272' title='bbox 2094 1379 2177 1432; x_wconf 85' lang='grc' dir='ltr'><strong>λιν</strong></span> <span class='ocrx_word' id='word_1_273' title='bbox 2203 1380 2464 1442; x_wconf 87' lang='grc' dir='ltr'>ὡσαύτως</span> <span class='ocrx_word' id='word_1_274' title='bbox 2504 1381 2779 1451; x_wconf 75' lang='grc' dir='ltr'>ἐκπέμπει</span> <span class='ocrx_word' id='word_1_275' title='bbox 2807 1383 2997 1437; x_wconf 90' lang='grc' dir='ltr'>τοῦτον</span> <span class='ocrx_word' id='word_1_276' title='bbox 3037 1386 3131 1439; x_wconf 78' lang='grc' dir='ltr'><strong>τὸν</strong></span> <span class='ocrx_word' id='word_1_277' title='bbox 3170 1386 3461 1458; x_wconf 85' lang='grc' dir='ltr'>θεάρεστον</span> <span class='ocrx_word' id='word_1_278' title='bbox 3506 1389 3675 1459; x_wconf 83' lang='grc' dir='ltr'>ἄνδρα</span> 
     </span>
    </p>
   </div>
   <div class='ocr_carea' id='block_1_43' title="bbox 2094 1470 3674 1550">
    <p class='ocr_par' dir='ltr' id='par_1_43' title="bbox 2094 1470 3674 1550">
     <span class='ocr_line' id='line_1_43' title="bbox 2094 1470 3674 1550; baseline 0.008 -27"><span class='ocrx_word' id='word_1_279' title='bbox 2094 1470 2280 1538; x_wconf 73' lang='grc' dir='ltr'>εἰπὼν,</span> <span class='ocrx_word' id='word_1_280' title='bbox 2301 1492 2318 1523; x_wconf 79' lang='grc' dir='ltr'><strong>ι</strong></span> <span class='ocrx_word' id='word_1_281' title='bbox 2334 1474 2542 1538; x_wconf 78' lang='grc' dir='ltr'>Ἀπιθι,</span> <span class='ocrx_word' id='word_1_282' title='bbox 2572 1475 2757 1545; x_wconf 73' lang='grc' dir='ltr'>φησὶν,</span> <span class='ocrx_word' id='word_1_283' title='bbox 2784 1474 2884 1542; x_wconf 75' lang='grc' dir='ltr'>ἔτι,</span> <span class='ocrx_word' id='word_1_284' title='bbox 2901 1478 2992 1530; x_wconf 68' lang='grc' dir='ltr'>καὶ</span> <span class='ocrx_word' id='word_1_285' title='bbox 3006 1479 3225 1549; x_wconf 79' lang='grc' dir='ltr'>αίτησαι</span> <span class='ocrx_word' id='word_1_286' title='bbox 3244 1483 3370 1549; x_wconf 81' lang='grc' dir='ltr'>παρ’</span> <span class='ocrx_word' id='word_1_287' title='bbox 3397 1482 3529 1550; x_wconf 80' lang='grc' dir='ltr'>ἐμοῦ</span> <span class='ocrx_word' id='word_1_288' title='bbox 3549 1485 3674 1547; x_wconf 71' lang='grc' dir='ltr'>τοὺς</span> 
     </span>
    </p>
   </div>
   <div class='ocr_carea' id='block_1_44' title="bbox 2091 1564 3673 1648">
    <p class='ocr_par' dir='ltr' id='par_1_44' title="bbox 2091 1564 3673 1648">
     <span class='ocr_line' id='line_1_44' title="bbox 2091 1564 3673 1648; baseline 0.008 -32"><span class='ocrx_word' id='word_1_289' title='bbox 2091 1564 2305 1631; x_wconf 81' lang='grc' dir='ltr'>ἀγίους’</span> <span class='ocrx_word' id='word_1_290' title='bbox 2337 1565 2433 1618; x_wconf 73' lang='grc' dir='ltr'><strong>καὶ</strong></span> <span class='ocrx_word' id='word_1_291' title='bbox 2468 1568 2517 1618; x_wconf 87' lang='grc' dir='ltr'><strong>εί</strong></span> <span class='ocrx_word' id='word_1_292' title='bbox 2562 1564 2636 1636; x_wconf 82' lang='grc' dir='ltr'>μὴ</span> <span class='ocrx_word' id='word_1_293' title='bbox 2685 1566 2939 1633; x_wconf 81' lang='grc' dir='ltr'>δέξωνταί</span> <span class='ocrx_word' id='word_1_294' title='bbox 2977 1587 3072 1624; x_wconf 91' lang='grc' dir='ltr'><strong>σου</strong></span> <span class='ocrx_word' id='word_1_295' title='bbox 3125 1571 3227 1624; x_wconf 83' lang='grc' dir='ltr'>κᾶν</span> <span class='ocrx_word' id='word_1_296' title='bbox 3266 1573 3361 1625; x_wconf 74' lang='grc' dir='ltr'>ἐπὶ</span> <span class='ocrx_word' id='word_1_297' title='bbox 3408 1574 3499 1627; x_wconf 87' lang='grc' dir='ltr'><strong>τοῦ</strong></span> <span class='ocrx_word' id='word_1_298' title='bbox 3531 1591 3673 1648; x_wconf 81' lang='grc' dir='ltr'>παρ·</span> 
     </span>
    </p>
   </div>
   <div class='ocr_carea' id='block_1_45' title="bbox 2092 1651 3676 1734">
    <p class='ocr_par' dir='ltr' id='par_1_45' title="bbox 2092 1651 3676 1734">
     <span class='ocr_line' id='line_1_45' title="bbox 2092 1651 3676 1734; baseline 0.01 -30"><span class='ocrx_word' id='word_1_299' title='bbox 2092 1651 2243 1715; x_wconf 83' lang='grc' dir='ltr'>όντος</span> <span class='ocrx_word' id='word_1_300' title='bbox 2297 1652 2394 1724; x_wconf 80' lang='grc' dir='ltr'><strong>τὴν</strong></span> <span class='ocrx_word' id='word_1_301' title='bbox 2448 1654 2651 1724; x_wconf 88' lang='grc' dir='ltr'>δέησιν,</span> <span class='ocrx_word' id='word_1_302' title='bbox 2680 1656 2871 1711; x_wconf 80' lang='grc' dir='ltr'>ἔπειτά</span> <span class='ocrx_word' id='word_1_303' title='bbox 2904 1675 2967 1726; x_wconf 89' lang='grc' dir='ltr'><strong>γε</strong></span> <span class='ocrx_word' id='word_1_304' title='bbox 3028 1660 3126 1732; x_wconf 82' lang='grc' dir='ltr'>τὴν</span> <span class='ocrx_word' id='word_1_305' title='bbox 3163 1664 3449 1734; x_wconf 74' lang='grc' dir='ltr'>ἐπιστολὴν</span> <span class='ocrx_word' id='word_1_306' title='bbox 3476 1667 3676 1719; x_wconf 79' lang='grc' dir='ltr'>ἀναλα·</span> 
     </span>
    </p>
   </div>
   <div class='ocr_carea' id='block_1_46' title="bbox 2094 1743 3672 1825">
    <p class='ocr_par' dir='ltr' id='par_1_46' title="bbox 2094 1743 3672 1825">
     <span class='ocr_line' id='line_1_46' title="bbox 2094 1743 3672 1825; baseline 0.01 -29"><span class='ocrx_word' id='word_1_307' title='bbox 2094 1743 2204 1797; x_wconf 83' lang='grc' dir='ltr'><strong>ϐῶν</strong></span> <span class='ocrx_word' id='word_1_308' title='bbox 2231 1745 2554 1815; x_wconf 72' lang='grc' dir='ltr'>ἁποκόμιζε,</span> <span class='ocrx_word' id='word_1_309' title='bbox 2588 1748 2676 1800; x_wconf 77' lang='grc' dir='ltr'>ἵνα</span> <span class='ocrx_word' id='word_1_310' title='bbox 2714 1748 2842 1803; x_wconf 72' lang='grc' dir='ltr'>ἀντὶ</span> <span class='ocrx_word' id='word_1_311' title='bbox 2872 1750 3147 1821; x_wconf 77' lang='grc' dir='ltr'>λειψάνων</span> <span class='ocrx_word' id='word_1_312' title='bbox 3178 1755 3383 1825; x_wconf 90' lang='grc' dir='ltr'>ταύτην</span> <span class='ocrx_word' id='word_1_313' title='bbox 3419 1757 3672 1825; x_wconf 70' lang='grc' dir='ltr'>εἰσδέξω-</span> 
     </span>
    </p>
   </div>
   <div class='ocr_carea' id='block_1_47' title="bbox 2102 1837 3667 1916">
    <p class='ocr_par' dir='ltr' id='par_1_47' title="bbox 2102 1837 3667 1916">
     <span class='ocr_line' id='line_1_47' title="bbox 2102 1837 3667 1916; baseline 0.008 -27"><span class='ocrx_word' id='word_1_314' title='bbox 2102 1853 2223 1907; x_wconf 91' lang='grc' dir='ltr'>μαι,</span> <span class='ocrx_word' id='word_1_315' title='bbox 2253 1837 2328 1901; x_wconf 86' lang='grc' dir='ltr'>ὡς</span> <span class='ocrx_word' id='word_1_316' title='bbox 2357 1838 2488 1910; x_wconf 88' lang='grc' dir='ltr'>παρ’</span> <span class='ocrx_word' id='word_1_317' title='bbox 2510 1839 2691 1893; x_wconf 75' lang='grc' dir='ltr'>αὐτῶν</span> <span class='ocrx_word' id='word_1_318' title='bbox 2724 1840 3006 1911; x_wconf 82' lang='grc' dir='ltr'>δεχθεῖσαν</span> <span class='ocrx_word' id='word_1_319' title='bbox 3032 1844 3125 1897; x_wconf 79' lang='grc' dir='ltr'>καὶ</span> <span class='ocrx_word' id='word_1_320' title='bbox 3155 1845 3256 1916; x_wconf 73' lang='grc' dir='ltr'>ἤδη</span> <span class='ocrx_word' id='word_1_321' title='bbox 3285 1847 3667 1915; x_wconf 78' lang='grc' dir='ltr'>ἀγιασθεῖσανο</span> 
     </span>
    </p>
   </div>
   <div class='ocr_carea' id='block_1_48' title="bbox 2090 1926 3670 2002">
    <p class='ocr_par' dir='ltr' id='par_1_48' title="bbox 2090 1926 3670 2002">
     <span class='ocr_line' id='line_1_48' title="bbox 2090 1926 3670 2002; baseline 0.008 -25"><span class='ocrx_word' id='word_1_322' title='bbox 2090 1926 2240 1990; x_wconf 79' lang='grc' dir='ltr'>εἴξας</span> <span class='ocrx_word' id='word_1_323' title='bbox 2274 1927 2330 1979; x_wconf 81' lang='grc' dir='ltr'>δὲ</span> <span class='ocrx_word' id='word_1_324' title='bbox 2373 1928 2450 1998; x_wconf 84' lang='grc' dir='ltr'>τῷ</span> <span class='ocrx_word' id='word_1_325' title='bbox 2484 1930 2653 1999; x_wconf 76' lang='grc' dir='ltr'>πατρὶ</span> <span class='ocrx_word' id='word_1_326' title='bbox 2682 1932 2709 1983; x_wconf 91' lang='grc' dir='ltr'><strong>ό</strong></span> <span class='ocrx_word' id='word_1_327' title='bbox 2745 1931 2840 1984; x_wconf 87' lang='grc' dir='ltr'><strong>τοῦ</strong></span> <span class='ocrx_word' id='word_1_328' title='bbox 2885 1932 3123 2002; x_wconf 75' lang='grc' dir='ltr'>Χριστοῦ</span> <span class='ocrx_word' id='word_1_329' title='bbox 3166 1936 3307 1989; x_wconf 73' lang='grc' dir='ltr'>κατὰ</span> <span class='ocrx_word' id='word_1_330' title='bbox 3354 1937 3530 1989; x_wconf 84' lang='grc' dir='ltr'>πάντα</span> <span class='ocrx_word' id='word_1_331' title='bbox 3572 1939 3670 1991; x_wconf 68' lang='grc' dir='ltr'><strong>καὶ</strong></span> 
     </span>
    </p>
   </div>
   <div class='ocr_carea' id='block_1_49' title="bbox 2089 2019 3669 2092">
    <p class='ocr_par' dir='ltr' id='par_1_49' title="bbox 2089 2019 3669 2092">
     <span class='ocr_line' id='line_1_49' title="bbox 2089 2019 3669 2092; baseline 0.007 -23"><span class='ocrx_word' id='word_1_332' title='bbox 2089 2019 2285 2088; x_wconf 80' lang='grc' dir='ltr'>πράξει</span> <span class='ocrx_word' id='word_1_333' title='bbox 2317 2020 2411 2071; x_wconf 71' lang='grc' dir='ltr'><strong>καὶ</strong></span> <span class='ocrx_word' id='word_1_334' title='bbox 2457 2019 2669 2091; x_wconf 79' lang='grc' dir='ltr'>θεωρίᾳ</span> <span class='ocrx_word' id='word_1_335' title='bbox 2720 2022 2983 2092; x_wconf 81' lang='grc' dir='ltr'>ὑπήκοος,</span> <span class='ocrx_word' id='word_1_336' title='bbox 3029 2023 3127 2092; x_wconf 80' lang='grc' dir='ltr'><strong>τὴν</strong></span> <span class='ocrx_word' id='word_1_337' title='bbox 3170 2023 3462 2078; x_wconf 80' lang='grc' dir='ltr'>Βαϐυλῶνα</span> <span class='ocrx_word' id='word_1_338' title='bbox 3508 2027 3669 2080; x_wconf 83' lang='grc' dir='ltr'>πάλιν</span> 
     </span>
    </p>
   </div>
   <div class='ocr_carea' id='block_1_50' title="bbox 2091 2107 3661 2184">
    <p class='ocr_par' dir='ltr' id='par_1_50' title="bbox 2091 2107 3661 2184">
     <span class='ocr_line' id='line_1_50' title="bbox 2091 2107 3661 2184; baseline 0.004 -22"><span class='ocrx_word' id='word_1_339' title='bbox 2091 2110 2436 2179; x_wconf 74' lang='grc' dir='ltr'>κατείληφενο</span> <span class='ocrx_word' id='word_1_340' title='bbox 2452 2111 2546 2163; x_wconf 78' lang='grc' dir='ltr'><strong>καὶ</strong></span> <span class='ocrx_word' id='word_1_341' title='bbox 2570 2107 2726 2176; x_wconf 81' lang='grc' dir='ltr'>αὖθις</span> <span class='ocrx_word' id='word_1_342' title='bbox 2750 2115 2876 2176; x_wconf 79' lang='grc' dir='ltr'>τοὺς</span> <span class='ocrx_word' id='word_1_343' title='bbox 2906 2113 3093 2181; x_wconf 85' lang='grc' dir='ltr'>ἁγίους</span> <span class='ocrx_word' id='word_1_344' title='bbox 3111 2115 3370 2169; x_wconf 81' lang='grc' dir='ltr'>ἱκετεύων</span> <span class='ocrx_word' id='word_1_345' title='bbox 3392 2116 3575 2184; x_wconf 78' lang='grc' dir='ltr'>ἔλεγεν</span> <span class='ocrx_word' id='word_1_346' title='bbox 3598 2132 3609 2143; x_wconf 82' lang='grc'><strong><em>⁸</em></strong></span> <span class='ocrx_word' id='word_1_347' title='bbox 3641 2135 3661 2169; x_wconf 71' lang='grc' dir='ltr'><strong>ο</strong></span> 
     </span>
    </p>
   </div>
   <div class='ocr_carea' id='block_1_51' title="bbox 2097 2202 3669 2278">
    <p class='ocr_par' dir='ltr' id='par_1_51' title="bbox 2097 2202 3669 2278">
     <span class='ocr_line' id='line_1_51' title="bbox 2097 2202 3669 2278; baseline 0.005 -24"><span class='ocrx_word' id='word_1_348' title='bbox 2097 2222 2115 2253; x_wconf 81' lang='grc' dir='ltr'><strong>ι</strong></span> <span class='ocrx_word' id='word_1_349' title='bbox 2151 2202 2554 2274; x_wconf 85' lang='grc' dir='ltr'>Τρισμακάριοι</span> <span class='ocrx_word' id='word_1_350' title='bbox 2598 2204 2895 2275; x_wconf 85' lang='grc' dir='ltr'>μάρτυρες,</span> <span class='ocrx_word' id='word_1_351' title='bbox 2930 2206 2959 2257; x_wconf 86' lang='lat'><strong>6</strong></span> <span class='ocrx_word' id='word_1_352' title='bbox 2985 2208 3271 2277; x_wconf 78' lang='grc' dir='ltr'>ἀρχιερεὺς</span> <span class='ocrx_word' id='word_1_353' title='bbox 3309 2208 3404 2261; x_wconf 86' lang='grc' dir='ltr'><strong>τοῦ</strong></span> <span class='ocrx_word' id='word_1_354' title='bbox 3429 2209 3563 2262; x_wconf 84' lang='grc' dir='ltr'>Θεοῦ</span> <span class='ocrx_word' id='word_1_355' title='bbox 3601 2228 3669 2278; x_wconf 79' lang='grc' dir='ltr'><strong>με</strong></span> 
     </span>
    </p>
   </div>
   <div class='ocr_carea' id='block_1_52' title="bbox 2092 2294 3667 2371">
    <p class='ocr_par' dir='ltr' id='par_1_52' title="bbox 2092 2294 3667 2371">
     <span class='ocr_line' id='line_1_52' title="bbox 2092 2294 3667 2371; baseline 0.004 -24"><span class='ocrx_word' id='word_1_356' title='bbox 2092 2296 2226 2365; x_wconf 81' lang='grc' dir='ltr'>πρὸς</span> <span class='ocrx_word' id='word_1_357' title='bbox 2253 2297 2395 2366; x_wconf 80' lang='grc' dir='ltr'>ὑμᾶς</span> <span class='ocrx_word' id='word_1_358' title='bbox 2426 2297 2588 2349; x_wconf 86' lang='grc' dir='ltr'>πάλιν</span> <span class='ocrx_word' id='word_1_359' title='bbox 2622 2296 2787 2349; x_wconf 84' lang='grc' dir='ltr'>αίτῶν</span> <span class='ocrx_word' id='word_1_360' title='bbox 2813 2294 3221 2361; x_wconf 78' lang='grc' dir='ltr'>ἐξαπέστειλεν·</span> <span class='ocrx_word' id='word_1_361' title='bbox 3266 2301 3340 2371; x_wconf 81' lang='grc' dir='ltr'>μὴ</span> <span class='ocrx_word' id='word_1_362' title='bbox 3372 2297 3468 2353; x_wconf 77' lang='grc' dir='ltr'>οὖν</span> <span class='ocrx_word' id='word_1_363' title='bbox 3504 2300 3667 2353; x_wconf 71' lang='grc' dir='ltr'>αὐτὸν</span> 
     </span>
    </p>
   </div>
   <div class='ocr_carea' id='block_1_53' title="bbox 2089 2388 3667 2461">
    <p class='ocr_par' dir='ltr' id='par_1_53' title="bbox 2089 2388 3667 2461">
     <span class='ocr_line' id='line_1_53' title="bbox 2089 2388 3667 2461; baseline 0.003 -21"><span class='ocrx_word' id='word_1_364' title='bbox 2089 2388 2394 2457; x_wconf 82' lang='grc' dir='ltr'>ἀτιμάσητε</span> <span class='ocrx_word' id='word_1_365' title='bbox 2423 2388 2665 2441; x_wconf 86' lang='grc' dir='ltr'>τοιοῦτον</span> <span class='ocrx_word' id='word_1_366' title='bbox 2703 2389 2834 2456; x_wconf 82' lang='grc' dir='ltr'>ὑμῖν</span> <span class='ocrx_word' id='word_1_367' title='bbox 2866 2388 2991 2441; x_wconf 80' lang='grc' dir='ltr'>ναὸν</span> <span class='ocrx_word' id='word_1_368' title='bbox 3017 2388 3348 2459; x_wconf 55' lang='grc' dir='ltr'>δειμάμενος)</span> <span class='ocrx_word' id='word_1_369' title='bbox 3391 2391 3566 2461; x_wconf 87' lang='grc' dir='ltr'>μέγαν</span> <span class='ocrx_word' id='word_1_370' title='bbox 3610 2408 3667 2445; x_wconf 82' lang='grc' dir='ltr'><strong>τε</strong></span> 
     </span>
    </p>
   </div>
   <div class='ocr_carea' id='block_1_54' title="bbox 2089 2478 3665 2553">
    <p class='ocr_par' dir='ltr' id='par_1_54' title="bbox 2089 2478 3665 2553">
     <span class='ocr_line' id='line_1_54' title="bbox 2089 2478 3665 2553; baseline 0.001 -22"><span class='ocrx_word' id='word_1_371' title='bbox 2089 2479 2183 2531; x_wconf 66' lang='grc' dir='ltr'><strong>καὶ</strong></span> <span class='ocrx_word' id='word_1_372' title='bbox 2214 2479 2633 2550; x_wconf 81' lang='grc' dir='ltr'>ὑπέρλαμπρον,</span> <span class='ocrx_word' id='word_1_373' title='bbox 2664 2478 2814 2547; x_wconf 82' lang='grc' dir='ltr'>πόθῳ</span> <span class='ocrx_word' id='word_1_374' title='bbox 2846 2479 2924 2549; x_wconf 84' lang='grc' dir='ltr'>τῷ</span> <span class='ocrx_word' id='word_1_375' title='bbox 2965 2480 3100 2550; x_wconf 87' lang='grc' dir='ltr'>πρὸς</span> <span class='ocrx_word' id='word_1_376' title='bbox 3125 2481 3269 2550; x_wconf 75' lang='grc' dir='ltr'>ὑμᾶς</span> <span class='ocrx_word' id='word_1_377' title='bbox 3298 2483 3629 2553; x_wconf 82' lang='grc' dir='ltr'>ἐναγόμενον</span> <span class='ocrx_word' id='word_1_378' title='bbox 3651 2499 3665 2514; x_wconf 93' lang='grc'><strong>·</strong></span> 
     </span>
    </p>
   </div>
   <div class='ocr_carea' id='block_1_55' title="bbox 2088 2570 3669 2645">
    <p class='ocr_par' dir='ltr' id='par_1_55' title="bbox 2088 2570 3669 2645">
     <span class='ocr_line' id='line_1_55' title="bbox 2088 2570 3669 2645; baseline 0.003 -23"><span class='ocrx_word' id='word_1_379' title='bbox 2088 2570 2164 2632; x_wconf 85' lang='grc' dir='ltr'>ὡς</span> <span class='ocrx_word' id='word_1_380' title='bbox 2196 2570 2252 2623; x_wconf 84' lang='grc' dir='ltr'><strong>δέ</strong></span> <span class='ocrx_word' id='word_1_381' title='bbox 2278 2570 2356 2623; x_wconf 82' lang='grc' dir='ltr'>ἔτι</span> <span class='ocrx_word' id='word_1_382' title='bbox 2382 2571 2543 2624; x_wconf 74' lang='grc' dir='ltr'>αὑτὸν</span> <span class='ocrx_word' id='word_1_383' title='bbox 2574 2573 2937 2640; x_wconf 86' lang='grc' dir='ltr'>ἀναπόκριτον</span> <span class='ocrx_word' id='word_1_384' title='bbox 2971 2573 3098 2625; x_wconf 72' lang='grc' dir='ltr'>εἴων</span> <span class='ocrx_word' id='word_1_385' title='bbox 3142 2575 3192 2624; x_wconf 79' lang='lat' dir='ltr'><strong>oi.</strong></span> <span class='ocrx_word' id='word_1_386' title='bbox 3225 2574 3391 2641; x_wconf 75' lang='grc' dir='ltr'>ἅγιοι,</span> <span class='ocrx_word' id='word_1_387' title='bbox 3417 2574 3516 2645; x_wconf 72' lang='grc' dir='ltr'>τὴν</span> <span class='ocrx_word' id='word_1_388' title='bbox 3546 2577 3669 2627; x_wconf 74' lang='grc' dir='ltr'>ἐπι-</span> 
     </span>
    </p>
   </div>
   <div class='ocr_carea' id='block_1_56' title="bbox 2090 2662 3666 2735">
    <p class='ocr_par' dir='ltr' id='par_1_56' title="bbox 2090 2662 3666 2735">
     <span class='ocr_line' id='line_1_56' title="bbox 2090 2662 3666 2735; baseline 0.003 -21"><span class='ocrx_word' id='word_1_389' title='bbox 2090 2662 2280 2733; x_wconf 80' lang='grc' dir='ltr'>στολὴν</span> <span class='ocrx_word' id='word_1_390' title='bbox 2315 2664 2394 2726; x_wconf 80' lang='grc' dir='ltr'>εἰς</span> <span class='ocrx_word' id='word_1_391' title='bbox 2438 2664 2612 2732; x_wconf 84' lang='grc' dir='ltr'>πέρας</span> <span class='ocrx_word' id='word_1_392' title='bbox 2657 2666 2887 2732; x_wconf 76' lang='grc' dir='ltr'>ἀγαγεῖν</span> <span class='ocrx_word' id='word_1_393' title='bbox 2926 2665 3019 2717; x_wconf 88' lang='grc' dir='ltr'><strong>τοῦ</strong></span> <span class='ocrx_word' id='word_1_394' title='bbox 3061 2666 3379 2735; x_wconf 76' lang='grc' dir='ltr'>ἀρχιερέως,</span> <span class='ocrx_word' id='word_1_395' title='bbox 3416 2666 3478 2718; x_wconf 75' lang='grc' dir='ltr'><strong>ἐκ</strong></span> <span class='ocrx_word' id='word_1_396' title='bbox 3522 2684 3666 2729; x_wconf 81' lang='grc' dir='ltr'>τινος</span> 
     </span>
    </p>
   </div>
   <div class='ocr_carea' id='block_1_57' title="bbox 2089 2753 3667 2828">
    <p class='ocr_par' dir='ltr' id='par_1_57' title="bbox 2089 2753 3667 2828">
     <span class='ocr_line' id='line_1_57' title="bbox 2089 2753 3667 2828; baseline 0.001 -21"><span class='ocrx_word' id='word_1_397' title='bbox 2089 2753 2240 2818; x_wconf 81' lang='grc' dir='ltr'>θείας</span> <span class='ocrx_word' id='word_1_398' title='bbox 2270 2756 2620 2826; x_wconf 80' lang='grc' dir='ltr'>παρωρμήθη</span> <span class='ocrx_word' id='word_1_399' title='bbox 2652 2758 2955 2827; x_wconf 70' lang='grc' dir='ltr'>κινήσεως*</span> <span class='ocrx_word' id='word_1_400' title='bbox 2990 2757 3084 2823; x_wconf 70' lang='grc' dir='ltr'><strong>καὶ</strong></span> <span class='ocrx_word' id='word_1_401' title='bbox 3115 2756 3191 2826; x_wconf 85' lang='grc' dir='ltr'>τῷ</span> <span class='ocrx_word' id='word_1_402' title='bbox 3224 2756 3407 2826; x_wconf 72' lang='grc' dir='ltr'>στήθει</span> <span class='ocrx_word' id='word_1_403' title='bbox 3431 2756 3529 2828; x_wconf 79' lang='grc' dir='ltr'><strong>τὴν</strong></span> <span class='ocrx_word' id='word_1_404' title='bbox 3556 2759 3667 2828; x_wconf 74' lang='grc' dir='ltr'>χεῖ-</span> 
     </span>
    </p>
   </div>
   <div class='ocr_carea' id='block_1_58' title="bbox 2092 2846 3667 2920">
    <p class='ocr_par' dir='ltr' id='par_1_58' title="bbox 2092 2846 3667 2920">
     <span class='ocr_line' id='line_1_58' title="bbox 2092 2846 3667 2920; baseline 0.002 -20"><span class='ocrx_word' id='word_1_405' title='bbox 2092 2864 2157 2916; x_wconf 92' lang='grc' dir='ltr'><strong>ρα</strong></span> <span class='ocrx_word' id='word_1_406' title='bbox 2181 2847 2355 2917; x_wconf 82' lang='grc' dir='ltr'>βαλὼν</span> <span class='ocrx_word' id='word_1_407' title='bbox 2379 2849 2515 2915; x_wconf 77' lang='grc' dir='ltr'>(ἐκεῖ</span> <span class='ocrx_word' id='word_1_408' title='bbox 2552 2848 2661 2918; x_wconf 72' lang='grc' dir='ltr'>γὰρ</span> <span class='ocrx_word' id='word_1_409' title='bbox 2681 2846 2825 2919; x_wconf 72' lang='grc' dir='ltr'>εἶχεν</span> <span class='ocrx_word' id='word_1_410' title='bbox 2848 2849 2946 2919; x_wconf 86' lang='grc' dir='ltr'>τὴν</span> <span class='ocrx_word' id='word_1_411' title='bbox 2980 2849 3317 2920; x_wconf 75' lang='grc' dir='ltr'>ἐπιστολὴν),</span> <span class='ocrx_word' id='word_1_412' title='bbox 3354 2851 3498 2920; x_wconf 73' lang='grc' dir='ltr'>χειρὶ</span> <span class='ocrx_word' id='word_1_413' title='bbox 3528 2866 3667 2903; x_wconf 80' lang='grc' dir='ltr'>κατ-</span> 
     </span>
    </p>
   </div>
   <div class='ocr_carea' id='block_1_59' title="bbox 2086 2934 3668 3009">
    <p class='ocr_par' dir='ltr' id='par_1_59' title="bbox 2086 2934 3668 3009">
     <span class='ocr_line' id='line_1_59' title="bbox 2086 2934 3668 3009; baseline 0.001 -18"><span class='ocrx_word' id='word_1_414' title='bbox 2086 2938 2223 3007; x_wconf 86' lang='grc' dir='ltr'>έχων</span> <span class='ocrx_word' id='word_1_415' title='bbox 2251 2939 2280 2989; x_wconf 93' lang='lat'><strong>6</strong></span> <span class='ocrx_word' id='word_1_416' title='bbox 2321 2940 2496 3006; x_wconf 75' lang='grc' dir='ltr'>ἅγιος,</span> <span class='ocrx_word' id='word_1_417' title='bbox 2538 2941 2741 3008; x_wconf 80' lang='grc' dir='ltr'>ταύτης</span> <span class='ocrx_word' id='word_1_418' title='bbox 2780 2941 3080 3009; x_wconf 79' lang='grc' dir='ltr'>λαϐόμενος</span> <span class='ocrx_word' id='word_1_419' title='bbox 3123 2934 3275 2993; x_wconf 74' lang='grc' dir='ltr'>εἷλκε</span> <span class='ocrx_word' id='word_1_420' title='bbox 3332 2943 3466 3003; x_wconf 59' lang='grc' dir='ltr'>πρὸς</span> <span class='ocrx_word' id='word_1_421' title='bbox 3499 2941 3668 2993; x_wconf 72' lang='grc' dir='ltr'>αὑτὸν</span> 
     </span>
    </p>
   </div>
   <div class='ocr_carea' id='block_1_60' title="bbox 2087 3022 3668 3104">
    <p class='ocr_par' dir='ltr' id='par_1_60' title="bbox 2087 3022 3668 3104">
     <span class='ocr_line' id='line_1_60' title="bbox 2087 3022 3668 3104; baseline 0.002 -22"><span class='ocrx_word' id='word_1_422' title='bbox 2087 3031 2325 3095; x_wconf 84' lang='grc' dir='ltr'>εὐσεϐῶς</span> <span class='ocrx_word' id='word_1_423' title='bbox 2360 3033 2388 3083; x_wconf 92' lang='lat'><strong>6</strong></span> <span class='ocrx_word' id='word_1_424' title='bbox 2429 3022 2730 3100; x_wconf 83' lang='grc' dir='ltr'>μακάριος·</span> <span class='ocrx_word' id='word_1_425' title='bbox 2782 3033 3067 3086; x_wconf 87' lang='grc' dir='ltr'>συνείπετο</span> <span class='ocrx_word' id='word_1_426' title='bbox 3105 3033 3160 3086; x_wconf 86' lang='grc' dir='ltr'>δὲ</span> <span class='ocrx_word' id='word_1_427' title='bbox 3207 3035 3240 3104; x_wconf 85' lang='grc' dir='ltr'>ή</span> <span class='ocrx_word' id='word_1_428' title='bbox 3276 3033 3515 3099; x_wconf 87' lang='grc' dir='ltr'>παναγία</span> <span class='ocrx_word' id='word_1_429' title='bbox 3544 3034 3668 3103; x_wconf 74' lang='grc' dir='ltr'>χεὶρ</span> 
     </span>
    </p>
   </div>
   <div class='ocr_carea' id='block_1_61' title="bbox 408 3122 1987 3206">
    <p class='ocr_par' dir='ltr' id='par_1_61' title="bbox 408 3122 1984 3191">
     <span class='ocr_line' id='line_1_61' title="bbox 408 3122 1984 3191; baseline -0.003 -12"><span class='ocrx_word' id='word_1_430' title='bbox 408 3126 685 3191; x_wconf 88' lang='lat' dir='ltr'><strong>scnltans,</strong></span> <span class='ocrx_word' id='word_1_431' title='bbox 733 3124 1151 3180; x_wconf 89' lang='lat' dir='ltr'><strong>ceulhesaurum</strong></span> <span class='ocrx_word' id='word_1_432' title='bbox 1214 3122 1640 3177; x_wconf 66' lang='lat' dir='ltr'><strong>inarstimabilem</strong></span> <span class='ocrx_word' id='word_1_433' title='bbox 1684 3123 1738 3176; x_wconf 91' lang='lat' dir='ltr'><strong>in</strong></span> <span class='ocrx_word' id='word_1_434' title='bbox 1796 3122 1984 3177; x_wconf 90' lang='lat' dir='ltr'><strong>urbem</strong></span> 
     </span>
    </p>
   </div>
   <div class='ocr_carea' id='block_1_62' title="bbox 2091 3122 3665 3206">
    <p class='ocr_par' dir='ltr' id='par_1_62' title="bbox 2091 3123 3665 3195">
     <span class='ocr_line' id='line_1_62' title="bbox 2091 3123 3665 3195; baseline 0 -21"><span class='ocrx_word' id='word_1_435' title='bbox 2091 3123 2392 3192; x_wconf 84' lang='grc' dir='ltr'>κατέχουσα</span> <span class='ocrx_word' id='word_1_436' title='bbox 2419 3123 2519 3195; x_wconf 81' lang='grc' dir='ltr'><strong>τὴν</strong></span> <span class='ocrx_word' id='word_1_437' title='bbox 2549 3123 2861 3194; x_wconf 74' lang='grc' dir='ltr'>ἐπιστολὴν,</span> <span class='ocrx_word' id='word_1_438' title='bbox 2890 3125 2959 3195; x_wconf 77' lang='grc' dir='ltr'>ἢν</span> <span class='ocrx_word' id='word_1_439' title='bbox 2998 3124 3310 3195; x_wconf 85' lang='grc' dir='ltr'>σεϐασμίως</span> <span class='ocrx_word' id='word_1_440' title='bbox 3355 3123 3665 3190; x_wconf 70' lang='grc' dir='ltr'>ἀγκαλισαο</span> 
     </span>
    </p>
   </div>
   <div class='ocr_carea' id='block_1_63' title="bbox 406 3214 1987 3285">
    <p class='ocr_par' dir='ltr' id='par_1_63' title="bbox 406 3214 1987 3285">
     <span class='ocr_line' id='line_1_63' title="bbox 406 3214 1987 3285; baseline -0.002 -13"><span class='ocrx_word' id='word_1_441' title='bbox 406 3218 794 3272; x_wconf 77' lang='lat' dir='ltr'><strong>Alexandriam</strong></span> <span class='ocrx_word' id='word_1_442' title='bbox 852 3216 1053 3271; x_wconf 91' lang='lat' dir='ltr'><strong>retulit.</strong></span> <span class='ocrx_word' id='word_1_443' title='bbox 1113 3216 1279 3285; x_wconf 84' lang='lat' dir='ltr'><strong>Igitur</strong></span> <span class='ocrx_word' id='word_1_444' title='bbox 1336 3217 1475 3269; x_wconf 87' lang='lat' dir='ltr'><strong>Dens</strong></span> <span class='ocrx_word' id='word_1_445' title='bbox 1525 3230 1632 3268; x_wconf 91' lang='lat' dir='ltr'><strong>non</strong></span> <span class='ocrx_word' id='word_1_446' title='bbox 1706 3214 1987 3270; x_wconf 75' lang='lat' dir='ltr'><strong>confundit</strong></span> 
     </span>
    </p>
   </div>
   <div class='ocr_carea' id='block_1_64' title="bbox 409 3306 1784 3378">
    <p class='ocr_par' dir='ltr' id='par_1_64' title="bbox 409 3306 1784 3378">
     <span class='ocr_line' id='line_1_64' title="bbox 409 3306 1784 3378; baseline -0.007 -11"><span class='ocrx_word' id='word_1_447' title='bbox 409 3323 561 3378; x_wconf 73' lang='lat' dir='ltr'><strong>spem</strong></span> <span class='ocrx_word' id='word_1_448' title='bbox 594 3307 736 3362; x_wconf 86' lang='lat' dir='ltr'><strong>illius</strong></span> <span class='ocrx_word' id='word_1_449' title='bbox 761 3307 851 3377; x_wconf 89' lang='lat' dir='ltr'><strong>qui</strong></span> <span class='ocrx_word' id='word_1_450' title='bbox 871 3316 1058 3362; x_wconf 89' lang='lat' dir='ltr'><strong>sancta</strong></span> <span class='ocrx_word' id='word_1_451' title='bbox 1101 3306 1352 3361; x_wconf 89' lang='lat' dir='ltr'><strong>mandata</strong></span> <span class='ocrx_word' id='word_1_452' title='bbox 1377 3306 1784 3373; x_wconf 84' lang='lat' dir='ltr'><strong>adimpleverat.</strong></span> 
     </span>
    </p>
   </div>
   <div class='ocr_carea' id='block_1_65' title="bbox 477 3480 1983 3555">
    <p class='ocr_par' dir='ltr' id='par_1_65' title="bbox 477 3480 1983 3555">
     <span class='ocr_line' id='line_1_65' title="bbox 477 3480 1983 3555; baseline 0 -17"><span class='ocrx_word' id='word_1_453' title='bbox 477 3480 533 3538; x_wconf 77' lang='grc' dir='ltr'>ϐ.</span> <span class='ocrx_word' id='word_1_454' title='bbox 560 3482 731 3549; x_wconf 84' lang='lat' dir='ltr'><strong>Quam</strong></span> <span class='ocrx_word' id='word_1_455' title='bbox 756 3484 1060 3554; x_wconf 86' lang='lat' dir='ltr'><strong>suscipiens</strong></span> <span class='ocrx_word' id='word_1_456' title='bbox 1074 3497 1301 3555; x_wconf 77' lang='lat' dir='ltr'><strong>magnus</strong></span> <span class='ocrx_word' id='word_1_457' title='bbox 1319 3484 1407 3538; x_wconf 87' lang='lat' dir='ltr'><strong>ille</strong></span> <span class='ocrx_word' id='word_1_458' title='bbox 1422 3483 1667 3551; x_wconf 80' lang='lat' dir='ltr'><strong>pontifex</strong></span> <span class='ocrx_word' id='word_1_459' title='bbox 1693 3484 1983 3551; x_wconf 82' lang='lat' dir='ltr'><strong>Altissimi,</strong></span> 
     </span>
    </p>
   </div>
   <div class='ocr_carea' id='block_1_66' title="bbox 410 3575 1986 3645">
    <p class='ocr_par' dir='ltr' id='par_1_66' title="bbox 410 3575 1986 3645">
     <span class='ocr_line' id='line_1_66' title="bbox 410 3575 1986 3645; baseline 0.003 -18"><span class='ocrx_word' id='word_1_460' title='bbox 410 3575 630 3645; x_wconf 78' lang='lat' dir='ltr'><strong>gavisus</strong></span> <span class='ocrx_word' id='word_1_461' title='bbox 648 3583 811 3630; x_wconf 88' lang='lat' dir='ltr'><strong>estet</strong></span> <span class='ocrx_word' id='word_1_462' title='bbox 838 3575 1203 3630; x_wconf 76' lang='lat' dir='ltr'><strong>exsultatione</strong></span> <span class='ocrx_word' id='word_1_463' title='bbox 1227 3590 1323 3629; x_wconf 86' lang='lat' dir='ltr'><strong>sua</strong></span> <span class='ocrx_word' id='word_1_464' title='bbox 1359 3585 1610 3644; x_wconf 85' lang='lat' dir='ltr'><strong>nepotem</strong></span> <span class='ocrx_word' id='word_1_465' title='bbox 1666 3576 1878 3631; x_wconf 81' lang='lat' dir='ltr'><strong>induxit</strong></span> <span class='ocrx_word' id='word_1_466' title='bbox 1926 3586 1986 3632; x_wconf 90' lang='lat' dir='ltr'><strong>ut</strong></span> 
     </span>
    </p>
   </div>
   <div class='ocr_carea' id='block_1_67' title="bbox 407 3668 1986 3739">
    <p class='ocr_par' dir='ltr' id='par_1_67' title="bbox 407 3668 1986 3739">
     <span class='ocr_line' id='line_1_67' title="bbox 407 3668 1986 3739; baseline -0.001 -15"><span class='ocrx_word' id='word_1_467' title='bbox 407 3668 715 3736; x_wconf 84' lang='lat' dir='ltr'><strong>spirituales</strong></span> <span class='ocrx_word' id='word_1_468' title='bbox 785 3669 1001 3739; x_wconf 84' lang='lat' dir='ltr'><strong>nuptias</strong></span> <span class='ocrx_word' id='word_1_469' title='bbox 1056 3669 1236 3724; x_wconf 88' lang='lat' dir='ltr'><strong>iniret.</strong></span> <span class='ocrx_word' id='word_1_470' title='bbox 1322 3669 1522 3723; x_wconf 88' lang='lat' dir='ltr'><strong>lndicta</strong></span> <span class='ocrx_word' id='word_1_471' title='bbox 1598 3668 1791 3739; x_wconf 91' lang='lat' dir='ltr'><strong>populo</strong></span> <span class='ocrx_word' id='word_1_472' title='bbox 1849 3678 1986 3722; x_wconf 88' lang='lat' dir='ltr'><strong>tem-</strong></span> 
     </span>
    </p>
   </div>
   <div class='ocr_carea' id='block_1_68' title="bbox 411 3759 1988 3830">
    <p class='ocr_par' dir='ltr' id='par_1_68' title="bbox 411 3759 1988 3830">
     <span class='ocr_line' id='line_1_68' title="bbox 411 3759 1988 3830; baseline 0.001 -17"><span class='ocrx_word' id='word_1_473' title='bbox 411 3761 484 3830; x_wconf 91' lang='lat' dir='ltr'><strong>pli</strong></span> <span class='ocrx_word' id='word_1_474' title='bbox 556 3762 991 3824; x_wconf 88' lang='lat' dir='ltr'><strong>consecratione,</strong></span> <span class='ocrx_word' id='word_1_475' title='bbox 1062 3761 1242 3814; x_wconf 89' lang='lat' dir='ltr'><strong>divina</strong></span> <span class='ocrx_word' id='word_1_476' title='bbox 1322 3759 1617 3815; x_wconf 85' lang='lat' dir='ltr'><strong>inebriatus</strong></span> <span class='ocrx_word' id='word_1_477' title='bbox 1681 3761 1860 3815; x_wconf 70' lang='lat' dir='ltr'><strong>laetitia</strong></span> <span class='ocrx_word' id='word_1_478' title='bbox 1933 3771 1988 3815; x_wconf 87' lang='lat' dir='ltr'><strong>et</strong></span> 
     </span>
    </p>
   </div>
   <div class='ocr_carea' id='block_1_69' title="bbox 410 3851 1985 3920">
    <p class='ocr_par' dir='ltr' id='par_1_69' title="bbox 410 3851 1985 3920">
     <span class='ocr_line' id='line_1_69' title="bbox 410 3851 1985 3920; baseline 0 -16"><span class='ocrx_word' id='word_1_479' title='bbox 410 3859 525 3905; x_wconf 84' lang='lat' dir='ltr'><strong>toto</strong></span> <span class='ocrx_word' id='word_1_480' title='bbox 563 3852 807 3919; x_wconf 84' lang='lat' dir='ltr'><strong>stipatus</strong></span> <span class='ocrx_word' id='word_1_481' title='bbox 860 3851 1187 3906; x_wconf 87' lang='lat' dir='ltr'><strong>clericorum</strong></span> <span class='ocrx_word' id='word_1_482' title='bbox 1240 3859 1405 3915; x_wconf 75' lang='lat' dir='ltr'><strong>rmtu,</strong></span> <span class='ocrx_word' id='word_1_483' title='bbox 1466 3851 1757 3920; x_wconf 87' lang='lat' dir='ltr'><strong>pretiosam</strong></span> <span class='ocrx_word' id='word_1_484' title='bbox 1816 3860 1868 3904; x_wconf 91' lang='lat' dir='ltr'><strong>et</strong></span> <span class='ocrx_word' id='word_1_485' title='bbox 1894 3864 1985 3904; x_wconf 82' lang='lat' dir='ltr'><strong>ve-</strong></span> 
     </span>
    </p>
   </div>
   <div class='ocr_carea' id='block_1_70' title="bbox 408 3939 1981 4010">
    <p class='ocr_par' dir='ltr' id='par_1_70' title="bbox 408 3939 1981 4010">
     <span class='ocr_line' id='line_1_70' title="bbox 408 3939 1981 4010; baseline 0 -15"><span class='ocrx_word' id='word_1_486' title='bbox 408 3940 707 3995; x_wconf 84' lang='lat' dir='ltr'><strong>nerabiletn</strong></span> <span class='ocrx_word' id='word_1_487' title='bbox 733 3956 975 4001; x_wconf 90' lang='lat' dir='ltr'><strong>manum,</strong></span> <span class='ocrx_word' id='word_1_488' title='bbox 1024 3939 1201 3994; x_wconf 88' lang='lat' dir='ltr'><strong>adhuc</strong></span> <span class='ocrx_word' id='word_1_489' title='bbox 1230 3951 1497 4009; x_wconf 83' lang='lat' dir='ltr'><strong>receptam</strong></span> <span class='ocrx_word' id='word_1_490' title='bbox 1536 3941 1981 4010; x_wconf 86' lang='lat' dir='ltr'><strong>complectentem</strong></span> 
     </span>
    </p>
   </div>
   <div class='ocr_carea' id='block_1_71' title="bbox 407 4031 1985 4101">
    <p class='ocr_par' dir='ltr' id='par_1_71' title="bbox 407 4031 1985 4101">
     <span class='ocr_line' id='line_1_71' title="bbox 407 4031 1985 4101; baseline 0 -14"><span class='ocrx_word' id='word_1_491' title='bbox 407 4034 716 4099; x_wconf 79' lang='lat' dir='ltr'><strong>epistolam,</strong></span> <span class='ocrx_word' id='word_1_492' title='bbox 776 4034 1025 4099; x_wconf 80' lang='lat' dir='ltr'><strong>piissime</strong></span> <span class='ocrx_word' id='word_1_493' title='bbox 1086 4031 1689 4101; x_wconf 83' lang='lat' dir='ltr'><strong>deposuiI,Ecclesiam</strong></span> <span class='ocrx_word' id='word_1_494' title='bbox 1741 4032 1985 4088; x_wconf 80' lang='lat' dir='ltr'><strong>sanctiﬁ-</strong></span> 
     </span>
    </p>
   </div>
   <div class='ocr_carea' id='block_1_72' title="bbox 408 4123 1985 4195">
    <p class='ocr_par' dir='ltr' id='par_1_72' title="bbox 408 4123 1985 4195">
     <span class='ocr_line' id='line_1_72' title="bbox 408 4123 1985 4195; baseline -0.003 -14"><span class='ocrx_word' id='word_1_495' title='bbox 408 4125 576 4189; x_wconf 84' lang='lat' dir='ltr'><strong>cavit,</strong></span> <span class='ocrx_word' id='word_1_496' title='bbox 640 4125 820 4195; x_wconf 84' lang='lat' dir='ltr'><strong>nepoti</strong></span> <span class='ocrx_word' id='word_1_497' title='bbox 876 4137 1069 4178; x_wconf 84' lang='lat' dir='ltr'><strong>manus</strong></span> <span class='ocrx_word' id='word_1_498' title='bbox 1142 4123 1414 4191; x_wconf 82' lang='lat' dir='ltr'><strong>imposuit,</strong></span> <span class='ocrx_word' id='word_1_499' title='bbox 1474 4123 1709 4177; x_wconf 75' lang='lat' dir='ltr'><strong>dicens:</strong></span> <span class='ocrx_word' id='word_1_500' title='bbox 1763 4141 1782 4174; x_wconf 76' lang='grc' dir='ltr'><strong>ι</strong></span> <span class='ocrx_word' id='word_1_501' title='bbox 1846 4123 1985 4179; x_wconf 86' lang='lat' dir='ltr'><strong>Ecce</strong></span> 
     </span>
    </p>
   </div>
   <div class='ocr_carea' id='block_1_73' title="bbox 406 4213 1978 4285">
    <p class='ocr_par' dir='ltr' id='par_1_73' title="bbox 406 4213 1978 4285">
     <span class='ocr_line' id='line_1_73' title="bbox 406 4213 1978 4285; baseline -0.002 -14"><span class='ocrx_word' id='word_1_502' title='bbox 406 4231 602 4285; x_wconf 74' lang='lat' dir='ltr'><strong>Sponsa</strong></span> <span class='ocrx_word' id='word_1_503' title='bbox 637 4224 749 4279; x_wconf 89' lang='lat' dir='ltr'><strong>tua,</strong></span> <span class='ocrx_word' id='word_1_504' title='bbox 804 4213 1097 4269; x_wconf 86' lang='lat' dir='ltr'><strong>Ecclesiam</strong></span> <span class='ocrx_word' id='word_1_505' title='bbox 1145 4213 1437 4267; x_wconf 89' lang='lat' dir='ltr'><strong>indicans:</strong></span> <span class='ocrx_word' id='word_1_506' title='bbox 1499 4214 1563 4267; x_wconf 91' lang='lat' dir='ltr'><strong>de</strong></span> <span class='ocrx_word' id='word_1_507' title='bbox 1611 4213 1697 4267; x_wconf 84' lang='lat' dir='ltr'><strong>illa</strong></span> <span class='ocrx_word' id='word_1_508' title='bbox 1745 4213 1978 4278; x_wconf 87' lang='lat' dir='ltr'><strong>curabis,</strong></span> 
     </span>
    </p>
   </div>
   <div class='ocr_carea' id='block_1_74' title="bbox 410 4303 1984 4374">
    <p class='ocr_par' dir='ltr' id='par_1_74' title="bbox 410 4303 1984 4374">
     <span class='ocr_line' id='line_1_74' title="bbox 410 4303 1984 4374; baseline 0.001 -15"><span class='ocrx_word' id='word_1_509' title='bbox 410 4308 486 4360; x_wconf 90' lang='lat' dir='ltr'><strong>uti</strong></span> <span class='ocrx_word' id='word_1_510' title='bbox 543 4309 719 4360; x_wconf 88' lang='lat' dir='ltr'><strong>decet.</strong></span> <span class='ocrx_word' id='word_1_511' title='bbox 767 4323 786 4356; x_wconf 74' lang='grc' dir='ltr'><strong>ι</strong></span> <span class='ocrx_word' id='word_1_512' title='bbox 852 4303 971 4369; x_wconf 86' lang='lat' dir='ltr'><strong>Quo</strong></span> <span class='ocrx_word' id='word_1_513' title='bbox 1032 4303 1174 4356; x_wconf 78' lang='lat' dir='ltr'><strong>facto</strong></span> <span class='ocrx_word' id='word_1_514' title='bbox 1218 4304 1446 4357; x_wconf 91' lang='lat' dir='ltr'><strong>multum</strong></span> <span class='ocrx_word' id='word_1_515' title='bbox 1481 4305 1532 4358; x_wconf 94' lang='lat' dir='ltr'><strong>in</strong></span> <span class='ocrx_word' id='word_1_516' title='bbox 1573 4307 1774 4359; x_wconf 89' lang='lat' dir='ltr'><strong>virtute</strong></span> <span class='ocrx_word' id='word_1_517' title='bbox 1811 4306 1984 4374; x_wconf 83' lang='lat' dir='ltr'><strong>profe-</strong></span> 
     </span>
    </p>
   </div>
   <div class='ocr_carea' id='block_1_75' title="bbox 407 4396 1977 4467">
    <p class='ocr_par' dir='ltr' id='par_1_75' title="bbox 407 4396 1977 4467">
     <span class='ocr_line' id='line_1_75' title="bbox 407 4396 1977 4467; baseline 0 -13"><span class='ocrx_word' id='word_1_518' title='bbox 407 4409 555 4454; x_wconf 85' lang='lat' dir='ltr'><strong>ctum</strong></span> <span class='ocrx_word' id='word_1_519' title='bbox 580 4398 771 4453; x_wconf 90' lang='lat' dir='ltr'><strong>tribuit</strong></span> <span class='ocrx_word' id='word_1_520' title='bbox 794 4396 977 4467; x_wconf 83' lang='lat' dir='ltr'><strong>juveni</strong></span> <span class='ocrx_word' id='word_1_521' title='bbox 1013 4404 1064 4449; x_wconf 93' lang='lat' dir='ltr'><strong>et</strong></span> <span class='ocrx_word' id='word_1_522' title='bbox 1089 4410 1335 4463; x_wconf 79' lang='lat' dir='ltr'><strong>magnam</strong></span> <span class='ocrx_word' id='word_1_523' title='bbox 1366 4396 1641 4451; x_wconf 35' lang='lat' dir='ltr'><strong>ﬁduciam,</strong></span> <span class='ocrx_word' id='word_1_524' title='bbox 1668 4398 1720 4451; x_wconf 93' lang='lat' dir='ltr'><strong>in</strong></span> <span class='ocrx_word' id='word_1_525' title='bbox 1773 4398 1977 4454; x_wconf 87' lang='lat' dir='ltr'><strong>Deum:</strong></span> 
     </span>
    </p>
   </div>
   <div class='ocr_carea' id='block_1_76' title="bbox 2094 3214 3670 3285">
    <p class='ocr_par' dir='ltr' id='par_1_76' title="bbox 2094 3214 3670 3285">
     <span class='ocr_line' id='line_1_76' title="bbox 2094 3214 3670 3285; baseline -0.001 -18"><span class='ocrx_word' id='word_1_526' title='bbox 2094 3231 2275 3282; x_wconf 86' lang='grc' dir='ltr'>μενος,</span> <span class='ocrx_word' id='word_1_527' title='bbox 2303 3215 2401 3268; x_wconf 78' lang='grc' dir='ltr'><strong>σὺν</strong></span> <span class='ocrx_word' id='word_1_528' title='bbox 2431 3214 2568 3285; x_wconf 77' lang='grc' dir='ltr'>τῷδε</span> <span class='ocrx_word' id='word_1_529' title='bbox 2597 3214 2675 3285; x_wconf 84' lang='grc' dir='ltr'>τῷ</span> <span class='ocrx_word' id='word_1_530' title='bbox 2710 3214 2915 3284; x_wconf 78' lang='grc' dir='ltr'>ἀθίκτῳ</span> <span class='ocrx_word' id='word_1_531' title='bbox 2946 3216 3040 3268; x_wconf 73' lang='grc' dir='ltr'>καὶ</span> <span class='ocrx_word' id='word_1_532' title='bbox 3073 3215 3433 3284; x_wconf 80' lang='grc' dir='ltr'>προσκυνητῷ</span> <span class='ocrx_word' id='word_1_533' title='bbox 3466 3214 3670 3282; x_wconf 85' lang='grc' dir='ltr'>θησαυ-</span> 
     </span>
    </p>
   </div>
   <div class='ocr_carea' id='block_1_77' title="bbox 2094 3303 3670 3376">
    <p class='ocr_par' dir='ltr' id='par_1_77' title="bbox 2094 3303 3670 3376">
     <span class='ocr_line' id='line_1_77' title="bbox 2094 3303 3670 3376; baseline -0.001 -19"><span class='ocrx_word' id='word_1_534' title='bbox 2094 3305 2171 3376; x_wconf 82' lang='grc' dir='ltr'>ρῷ</span> <span class='ocrx_word' id='word_1_535' title='bbox 2196 3305 2292 3376; x_wconf 80' lang='grc' dir='ltr'>τὴν</span> <span class='ocrx_word' id='word_1_536' title='bbox 2316 3305 2468 3359; x_wconf 83' lang='grc' dir='ltr'>πόλιν</span> <span class='ocrx_word' id='word_1_537' title='bbox 2490 3305 2816 3370; x_wconf 86' lang='grc' dir='ltr'>κατέλαϐεν,</span> <span class='ocrx_word' id='word_1_538' title='bbox 2843 3306 2992 3376; x_wconf 79' lang='grc' dir='ltr'>ἔργῳ</span> <span class='ocrx_word' id='word_1_539' title='bbox 3016 3305 3110 3359; x_wconf 89' lang='grc' dir='ltr'><strong>τοῦ</strong></span> <span class='ocrx_word' id='word_1_540' title='bbox 3142 3305 3400 3376; x_wconf 83' lang='grc' dir='ltr'>πανιέρου</span> <span class='ocrx_word' id='word_1_541' title='bbox 3428 3303 3670 3375; x_wconf 73' lang='grc' dir='ltr'>προστά-</span> 
     </span>
    </p>
   </div>
   <div class='ocr_carea' id='block_1_78' title="bbox 2090 3396 3668 3468">
    <p class='ocr_par' dir='ltr' id='par_1_78' title="bbox 2090 3396 3668 3468">
     <span class='ocr_line' id='line_1_78' title="bbox 2090 3396 3668 3468; baseline -0.001 -18"><span class='ocrx_word' id='word_1_542' title='bbox 2090 3412 2300 3466; x_wconf 86' lang='grc' dir='ltr'>γματος</span> <span class='ocrx_word' id='word_1_543' title='bbox 2324 3396 2421 3467; x_wconf 81' lang='grc' dir='ltr'>τὴν</span> <span class='ocrx_word' id='word_1_544' title='bbox 2446 3397 2581 3468; x_wconf 73' lang='grc' dir='ltr'>πρὸς</span> <span class='ocrx_word' id='word_1_545' title='bbox 2602 3396 2735 3451; x_wconf 73' lang='grc' dir='ltr'>Θεὸν</span> <span class='ocrx_word' id='word_1_546' title='bbox 2758 3397 2951 3451; x_wconf 78' lang='grc' dir='ltr'>ἐλπίδα</span> <span class='ocrx_word' id='word_1_547' title='bbox 2972 3397 3185 3459; x_wconf 71' lang='grc' dir='ltr'>δεικνὺς</span> <span class='ocrx_word' id='word_1_548' title='bbox 3214 3396 3668 3466; x_wconf 86' lang='grc' dir='ltr'>ἀκαταίσχυντον.</span> 
     </span>
    </p>
   </div>
   <div class='ocr_carea' id='block_1_79' title="bbox 2162 3487 3666 3559">
    <p class='ocr_par' dir='ltr' id='par_1_79' title="bbox 2162 3487 3666 3559">
     <span class='ocr_line' id='line_1_79' title="bbox 2162 3487 3666 3559; baseline -0.003 -17"><span class='ocrx_word' id='word_1_549' title='bbox 2162 3495 2223 3543; x_wconf 87' lang='grc' dir='ltr'><strong>ε’.</strong></span> <span class='ocrx_word' id='word_1_550' title='bbox 2266 3490 2369 3541; x_wconf 86' lang='grc' dir='ltr'>Ἦν</span> <span class='ocrx_word' id='word_1_551' title='bbox 2409 3488 2703 3559; x_wconf 78' lang='grc' dir='ltr'>δεξάμενος</span> <span class='ocrx_word' id='word_1_552' title='bbox 2734 3492 2763 3542; x_wconf 91' lang='lat'><strong>6</strong></span> <span class='ocrx_word' id='word_1_553' title='bbox 2811 3489 2985 3559; x_wconf 81' lang='grc' dir='ltr'>μέγας</span> <span class='ocrx_word' id='word_1_554' title='bbox 3031 3489 3322 3559; x_wconf 76' lang='grc' dir='ltr'>ἀρχιερεὺς</span> <span class='ocrx_word' id='word_1_555' title='bbox 3362 3488 3458 3541; x_wconf 88' lang='grc' dir='ltr'><strong>τοῦ</strong></span> <span class='ocrx_word' id='word_1_556' title='bbox 3507 3487 3666 3547; x_wconf 59' lang='lat' dir='ltr'><strong>Os&quot;,</strong></span> 
     </span>
    </p>
   </div>
   <div class='ocr_carea' id='block_1_80' title="bbox 2090 3578 3663 3650">
    <p class='ocr_par' dir='ltr' id='par_1_80' title="bbox 2090 3578 3663 3650">
     <span class='ocr_line' id='line_1_80' title="bbox 2090 3578 3663 3650; baseline -0.001 -18"><span class='ocrx_word' id='word_1_557' title='bbox 2090 3578 2298 3650; x_wconf 87' lang='grc' dir='ltr'>χαίρων</span> <span class='ocrx_word' id='word_1_558' title='bbox 2336 3579 2472 3649; x_wconf 84' lang='grc' dir='ltr'>ὁμοῦ</span> <span class='ocrx_word' id='word_1_559' title='bbox 2507 3580 2600 3633; x_wconf 75' lang='grc' dir='ltr'>καὶ</span> <span class='ocrx_word' id='word_1_560' title='bbox 2636 3579 3006 3650; x_wconf 83' lang='grc' dir='ltr'>ἀγαλλόμενος</span> <span class='ocrx_word' id='word_1_561' title='bbox 3052 3580 3146 3633; x_wconf 88' lang='grc' dir='ltr'><strong>τδν</strong></span> <span class='ocrx_word' id='word_1_562' title='bbox 3187 3578 3502 3650; x_wconf 76' lang='grc' dir='ltr'>ἀδελφιδοῦν</span> <span class='ocrx_word' id='word_1_563' title='bbox 3534 3580 3663 3649; x_wconf 72' lang='grc' dir='ltr'>πρὸς</span> 
     </span>
    </p>
   </div>
   <div class='ocr_carea' id='block_1_81' title="bbox 2091 3668 3671 3742">
    <p class='ocr_par' dir='ltr' id='par_1_81' title="bbox 2091 3668 3671 3742">
     <span class='ocr_line' id='line_1_81' title="bbox 2091 3668 3671 3742; baseline -0.001 -19"><span class='ocrx_word' id='word_1_564' title='bbox 2091 3671 2411 3742; x_wconf 82' lang='grc' dir='ltr'>ἐτοιμασίαν</span> <span class='ocrx_word' id='word_1_565' title='bbox 2451 3670 2546 3723; x_wconf 88' lang='grc' dir='ltr'><strong>τοῦ</strong></span> <span class='ocrx_word' id='word_1_566' title='bbox 2582 3671 2759 3740; x_wconf 82' lang='grc' dir='ltr'>γάμου</span> <span class='ocrx_word' id='word_1_567' title='bbox 2794 3668 3185 3741; x_wconf 82' lang='grc' dir='ltr'>παρώτρυνεν·</span> <span class='ocrx_word' id='word_1_568' title='bbox 3224 3669 3468 3741; x_wconf 80' lang='grc' dir='ltr'>κηρύξας</span> <span class='ocrx_word' id='word_1_569' title='bbox 3498 3672 3556 3724; x_wconf 84' lang='grc' dir='ltr'>δὲ</span> <span class='ocrx_word' id='word_1_570' title='bbox 3593 3671 3671 3739; x_wconf 78' lang='grc' dir='ltr'>τῷ</span> 
     </span>
    </p>
   </div>
   <div class='ocr_carea' id='block_1_82' title="bbox 2089 3759 3668 3832">
    <p class='ocr_par' dir='ltr' id='par_1_82' title="bbox 2089 3759 3668 3832">
     <span class='ocr_line' id='line_1_82' title="bbox 2089 3759 3668 3832; baseline -0.001 -18"><span class='ocrx_word' id='word_1_571' title='bbox 2089 3759 2205 3832; x_wconf 87' lang='grc' dir='ltr'>λαῷ</span> <span class='ocrx_word' id='word_1_572' title='bbox 2226 3761 2320 3815; x_wconf 86' lang='grc' dir='ltr'><strong>τοῦ</strong></span> <span class='ocrx_word' id='word_1_573' title='bbox 2348 3760 2476 3815; x_wconf 89' lang='grc' dir='ltr'>ναοῦ</span> <span class='ocrx_word' id='word_1_574' title='bbox 2505 3764 2574 3814; x_wconf 86' lang='grc' dir='ltr'>τὰ</span> <span class='ocrx_word' id='word_1_575' title='bbox 2607 3761 2875 3830; x_wconf 75' lang='grc' dir='ltr'>ἐγκαίνια,</span> <span class='ocrx_word' id='word_1_576' title='bbox 2904 3762 3050 3831; x_wconf 79' lang='grc' dir='ltr'>χαρᾷ.</span> <span class='ocrx_word' id='word_1_577' title='bbox 3072 3760 3193 3832; x_wconf 71' lang='grc' dir='ltr'>θείᾳ</span> <span class='ocrx_word' id='word_1_578' title='bbox 3215 3761 3668 3831; x_wconf 78' lang='grc' dir='ltr'>ἐναϐρυνόμενος,</span> 
     </span>
    </p>
   </div>
   <div class='ocr_carea' id='block_1_83' title="bbox 2090 3850 3669 3923">
    <p class='ocr_par' dir='ltr' id='par_1_83' title="bbox 2090 3850 3669 3923">
     <span class='ocr_line' id='line_1_83' title="bbox 2090 3850 3669 3923; baseline 0 -19"><span class='ocrx_word' id='word_1_579' title='bbox 2090 3853 2185 3905; x_wconf 76' lang='grc' dir='ltr'>καὶ</span> <span class='ocrx_word' id='word_1_580' title='bbox 2212 3853 2279 3922; x_wconf 81' lang='grc' dir='ltr'>τῇ</span> <span class='ocrx_word' id='word_1_581' title='bbox 2307 3851 2433 3922; x_wconf 83' lang='grc' dir='ltr'>ἑξῆς</span> <span class='ocrx_word' id='word_1_582' title='bbox 2475 3852 2572 3912; x_wconf 75' lang='grc' dir='ltr'><strong>σὺν</strong></span> <span class='ocrx_word' id='word_1_583' title='bbox 2598 3851 2703 3923; x_wconf 83' lang='grc' dir='ltr'><strong>ὅλῳ</strong></span> <span class='ocrx_word' id='word_1_584' title='bbox 2735 3850 2923 3922; x_wconf 82' lang='grc' dir='ltr'>κλήρῳ</span> <span class='ocrx_word' id='word_1_585' title='bbox 2955 3852 3418 3921; x_wconf 81' lang='grc' dir='ltr'>παραγενόμενος,</span> <span class='ocrx_word' id='word_1_586' title='bbox 3464 3852 3669 3907; x_wconf 61' lang='grc' dir='ltr'>ἐνέπο-</span> 
     </span>
    </p>
   </div>
   <div class='ocr_carea' id='block_1_84' title="bbox 2091 3937 3666 4012">
    <p class='ocr_par' dir='ltr' id='par_1_84' title="bbox 2091 3937 3666 4012">
     <span class='ocr_line' id='line_1_84' title="bbox 2091 3937 3666 4012; baseline 0.002 -21"><span class='ocrx_word' id='word_1_587' title='bbox 2091 3937 2203 4001; x_wconf 72' lang='grc' dir='ltr'>θεὶς</span> <span class='ocrx_word' id='word_1_588' title='bbox 2232 3939 2328 4008; x_wconf 81' lang='grc' dir='ltr'>τὴν</span> <span class='ocrx_word' id='word_1_589' title='bbox 2355 3939 2544 4009; x_wconf 85' lang='grc' dir='ltr'>τιμίαν</span> <span class='ocrx_word' id='word_1_590' title='bbox 2572 3940 2665 3993; x_wconf 78' lang='grc' dir='ltr'>καὶ</span> <span class='ocrx_word' id='word_1_591' title='bbox 2697 3941 2902 4011; x_wconf 81' lang='grc' dir='ltr'>σεπτὴν</span> <span class='ocrx_word' id='word_1_592' title='bbox 2940 3939 3158 4011; x_wconf 58' lang='grc' dir='ltr'>ἐκείνην</span> <span class='ocrx_word' id='word_1_593' title='bbox 3189 3945 3343 4012; x_wconf 81' lang='grc' dir='ltr'>χεῖρα</span> <span class='ocrx_word' id='word_1_594' title='bbox 3380 3941 3474 3994; x_wconf 88' lang='grc' dir='ltr'><strong>τοῦ</strong></span> <span class='ocrx_word' id='word_1_595' title='bbox 3507 3943 3666 4009; x_wconf 87' lang='grc' dir='ltr'>ἀγίου</span> 
     </span>
    </p>
   </div>
   <div class='ocr_carea' id='block_1_85' title="bbox 2091 4031 3668 4106">
    <p class='ocr_par' dir='ltr' id='par_1_85' title="bbox 2091 4031 3668 4106">
     <span class='ocr_line' id='line_1_85' title="bbox 2091 4031 3668 4106; baseline 0 -21"><span class='ocrx_word' id='word_1_596' title='bbox 2091 4032 2209 4102; x_wconf 77' lang='grc' dir='ltr'>ἃμα</span> <span class='ocrx_word' id='word_1_597' title='bbox 2251 4034 2315 4102; x_wconf 79' lang='grc' dir='ltr'>τῇ</span> <span class='ocrx_word' id='word_1_598' title='bbox 2344 4032 2686 4106; x_wconf 73' lang='grc' dir='ltr'>κατεχομένη</span> <span class='ocrx_word' id='word_1_599' title='bbox 2712 4033 2841 4103; x_wconf 77' lang='grc' dir='ltr'>παρ’</span> <span class='ocrx_word' id='word_1_600' title='bbox 2873 4033 3043 4103; x_wconf 77' lang='grc' dir='ltr'>αὐτῆς</span> <span class='ocrx_word' id='word_1_601' title='bbox 3082 4031 3354 4106; x_wconf 83' lang='grc' dir='ltr'>δεκτ[ικ]ῇ</span> <span class='ocrx_word' id='word_1_602' title='bbox 3386 4035 3668 4105; x_wconf 79' lang='grc' dir='ltr'>ἐπιστολῇ,</span> 
     </span>
    </p>
   </div>
   <div class='ocr_carea' id='block_1_86' title="bbox 2088 4119 3670 4196">
    <p class='ocr_par' dir='ltr' id='par_1_86' title="bbox 2088 4119 3670 4196">
     <span class='ocr_line' id='line_1_86' title="bbox 2088 4119 3670 4196; baseline 0.001 -20"><span class='ocrx_word' id='word_1_603' title='bbox 2088 4123 2164 4185; x_wconf 84' lang='grc' dir='ltr'><strong>ὡς</strong></span> <span class='ocrx_word' id='word_1_604' title='bbox 2193 4122 2313 4177; x_wconf 85' lang='grc' dir='ltr'>δέον</span> <span class='ocrx_word' id='word_1_605' title='bbox 2338 4119 2427 4195; x_wconf 79' lang='grc' dir='ltr'>ἦν,</span> <span class='ocrx_word' id='word_1_606' title='bbox 2475 4124 2714 4187; x_wconf 74' lang='grc' dir='ltr'>εὐσεϐῶς</span> <span class='ocrx_word' id='word_1_607' title='bbox 2746 4125 3049 4195; x_wconf 71' lang='grc' dir='ltr'>ἐντεθῆναι,</span> <span class='ocrx_word' id='word_1_608' title='bbox 3085 4125 3181 4179; x_wconf 75' lang='grc' dir='ltr'><strong>καὶ</strong></span> <span class='ocrx_word' id='word_1_609' title='bbox 3203 4127 3301 4196; x_wconf 82' lang='grc' dir='ltr'>τὴν</span> <span class='ocrx_word' id='word_1_610' title='bbox 3343 4126 3670 4196; x_wconf 79' lang='grc' dir='ltr'>Ἐκκλησίαν</span> 
     </span>
    </p>
   </div>
   <div class='ocr_carea' id='block_1_87' title="bbox 2093 4213 3667 4288">
    <p class='ocr_par' dir='ltr' id='par_1_87' title="bbox 2093 4213 3667 4288">
     <span class='ocr_line' id='line_1_87' title="bbox 2093 4213 3667 4288; baseline 0.001 -22"><span class='ocrx_word' id='word_1_611' title='bbox 2093 4214 2349 4281; x_wconf 84' lang='grc' dir='ltr'>ἁγιάσας,</span> <span class='ocrx_word' id='word_1_612' title='bbox 2389 4214 2479 4267; x_wconf 85' lang='grc' dir='ltr'><strong>τὸν</strong></span> <span class='ocrx_word' id='word_1_613' title='bbox 2518 4213 2836 4283; x_wconf 88' lang='grc' dir='ltr'>ἀδελφιδοῦν</span> <span class='ocrx_word' id='word_1_614' title='bbox 2872 4215 3295 4286; x_wconf 73' lang='grc' dir='ltr'>ἐχειροτόνησεν,</span> <span class='ocrx_word' id='word_1_615' title='bbox 3336 4216 3503 4271; x_wconf 84' lang='grc' dir='ltr'>εἰπὼν</span> <span class='ocrx_word' id='word_1_616' title='bbox 3531 4217 3667 4288; x_wconf 77' lang='grc' dir='ltr'>πρὸς</span> 
     </span>
    </p>
   </div>
   <div class='ocr_carea' id='block_1_88' title="bbox 2089 4306 3669 4379">
    <p class='ocr_par' dir='ltr' id='par_1_88' title="bbox 2089 4306 3669 4379">
     <span class='ocr_line' id='line_1_88' title="bbox 2089 4306 3669 4379; baseline 0.002 -20"><span class='ocrx_word' id='word_1_617' title='bbox 2089 4306 2251 4360; x_wconf 84' lang='grc' dir='ltr'>αὐτόν</span> <span class='ocrx_word' id='word_1_618' title='bbox 2270 4323 2284 4337; x_wconf 72' lang='grc' dir='ltr'><strong>ο</strong></span> <span class='ocrx_word' id='word_1_619' title='bbox 2319 4326 2337 4359; x_wconf 75' lang='grc' dir='ltr'><strong>ι</strong></span> <span class='ocrx_word' id='word_1_620' title='bbox 2355 4308 2488 4361; x_wconf 82' lang='grc' dir='ltr'>Ἰδοὺ</span> <span class='ocrx_word' id='word_1_621' title='bbox 2517 4307 2550 4377; x_wconf 76' lang='grc' dir='ltr'>ἡ</span> <span class='ocrx_word' id='word_1_622' title='bbox 2578 4309 2711 4378; x_wconf 85' lang='grc' dir='ltr'>γυνή</span> <span class='ocrx_word' id='word_1_623' title='bbox 2739 4325 2854 4372; x_wconf 92' lang='grc' dir='ltr'>σου,</span> <span class='ocrx_word' id='word_1_624' title='bbox 2873 4307 2971 4377; x_wconf 78' lang='grc' dir='ltr'>τὴν</span> <span class='ocrx_word' id='word_1_625' title='bbox 3005 4308 3329 4379; x_wconf 83' lang='grc' dir='ltr'>Ἐκκλησίαν</span> <span class='ocrx_word' id='word_1_626' title='bbox 3344 4308 3540 4376; x_wconf 85' lang='grc' dir='ltr'>λέγων,</span> <span class='ocrx_word' id='word_1_627' title='bbox 3572 4310 3669 4363; x_wconf 78' lang='lat' dir='ltr'><strong>xal.</strong></span> 
     </span>
    </p>
   </div>
   <div class='ocr_carea' id='block_1_89' title="bbox 2091 4398 3668 4470">
    <p class='ocr_par' dir='ltr' id='par_1_89' title="bbox 2091 4398 3668 4470">
     <span class='ocr_line' id='line_1_89' title="bbox 2091 4398 3668 4470; baseline 0.003 -20"><span class='ocrx_word' id='word_1_628' title='bbox 2091 4398 2343 4468; x_wconf 80' lang='grc' dir='ltr'>φρόντιζε</span> <span class='ocrx_word' id='word_1_629' title='bbox 2360 4398 2551 4467; x_wconf 77' lang='grc' dir='ltr'>αὐτῆς,</span> <span class='ocrx_word' id='word_1_630' title='bbox 2579 4399 2654 4462; x_wconf 86' lang='grc' dir='ltr'>ὡς</span> <span class='ocrx_word' id='word_1_631' title='bbox 2673 4399 2882 4470; x_wconf 86' lang='grc' dir='ltr'>πρέπον</span> <span class='ocrx_word' id='word_1_632' title='bbox 2914 4399 3123 4452; x_wconf 77' lang='grc' dir='ltr'>ἐστίν·ι</span> <span class='ocrx_word' id='word_1_633' title='bbox 3152 4399 3343 4453; x_wconf 88' lang='grc' dir='ltr'>τούτου</span> <span class='ocrx_word' id='word_1_634' title='bbox 3372 4400 3668 4470; x_wconf 80' lang='grc' dir='ltr'>γενομένου</span> 
     </span>
    </p>
   </div>
   <div class='ocr_carea' id='block_1_90' title="bbox 410 4484 1987 4565">
    <p class='ocr_par' dir='ltr' id='par_1_90' title="bbox 410 4484 1984 4554">
     <span class='ocr_line' id='line_1_90' title="bbox 410 4484 1984 4554; baseline 0.001 -12"><span class='ocrx_word' id='word_1_635' title='bbox 410 4489 807 4543; x_wconf 86' lang='lat' dir='ltr'><strong>indesinentem</strong></span> <span class='ocrx_word' id='word_1_636' title='bbox 864 4485 1015 4540; x_wconf 88' lang='lat' dir='ltr'><strong>illum</strong></span> <span class='ocrx_word' id='word_1_637' title='bbox 1040 4484 1267 4554; x_wconf 79' lang='lat' dir='ltr'><strong>perfecit</strong></span> <span class='ocrx_word' id='word_1_638' title='bbox 1304 4487 1568 4541; x_wconf 86' lang='lat' dir='ltr'><strong>castitatis</strong></span> <span class='ocrx_word' id='word_1_639' title='bbox 1608 4494 1903 4542; x_wconf 88' lang='lat' dir='ltr'><strong>amatorem</strong></span> <span class='ocrx_word' id='word_1_640' title='bbox 1930 4498 1984 4543; x_wconf 89' lang='lat' dir='ltr'><strong>et</strong></span> 
     </span>
    </p>
   </div>
   <div class='ocr_carea' id='block_1_91' title="bbox 2091 4484 3668 4565">
    <p class='ocr_par' dir='ltr' id='par_1_91' title="bbox 2091 4489 3668 4564">
     <span class='ocr_line' id='line_1_91' title="bbox 2091 4489 3668 4564; baseline 0.003 -23"><span class='ocrx_word' id='word_1_641' title='bbox 2091 4489 2290 4560; x_wconf 84' lang='grc' dir='ltr'>πολλὴν</span> <span class='ocrx_word' id='word_1_642' title='bbox 2320 4490 2562 4560; x_wconf 86' lang='grc' dir='ltr'>παρέσχε</span> <span class='ocrx_word' id='word_1_643' title='bbox 2603 4490 2680 4561; x_wconf 81' lang='grc' dir='ltr'>τῷ</span> <span class='ocrx_word' id='word_1_644' title='bbox 2706 4491 2811 4562; x_wconf 84' lang='grc' dir='ltr'>νέῳ</span> <span class='ocrx_word' id='word_1_645' title='bbox 2840 4490 2939 4560; x_wconf 83' lang='grc' dir='ltr'>τὴν</span> <span class='ocrx_word' id='word_1_646' title='bbox 2973 4493 3051 4555; x_wconf 83' lang='grc' dir='ltr'><strong>είς</strong></span> <span class='ocrx_word' id='word_1_647' title='bbox 3081 4492 3215 4545; x_wconf 74' lang='grc' dir='ltr'>Θεὸν</span> <span class='ocrx_word' id='word_1_648' title='bbox 3254 4492 3538 4564; x_wconf 85' lang='grc' dir='ltr'>προκοπὴν</span> <span class='ocrx_word' id='word_1_649' title='bbox 3569 4494 3668 4546; x_wconf 59' lang='grc' dir='ltr'><strong>καὶ⁵</strong></span> 
     </span>
    </p>
   </div>
   <div class='ocr_carea' id='block_1_92' title="bbox 408 4581 1987 4650">
    <p class='ocr_par' dir='ltr' id='par_1_92' title="bbox 408 4581 1987 4650">
     <span class='ocr_line' id='line_1_92' title="bbox 408 4581 1987 4650; baseline 0.001 -14"><span class='ocrx_word' id='word_1_650' title='bbox 408 4583 711 4636; x_wconf 83' lang='lat' dir='ltr'><strong>divinarum</strong></span> <span class='ocrx_word' id='word_1_651' title='bbox 742 4581 1004 4635; x_wconf 89' lang='lat' dir='ltr'><strong>virtutum</strong></span> <span class='ocrx_word' id='word_1_652' title='bbox 1034 4592 1373 4650; x_wconf 90' lang='lat' dir='ltr'><strong>operatorem</strong></span> <span class='ocrx_word' id='word_1_653' title='bbox 1408 4583 1823 4638; x_wconf 86' lang='lat' dir='ltr'><strong>demonstravit:</strong></span> <span class='ocrx_word' id='word_1_654' title='bbox 1849 4598 1987 4639; x_wconf 81' lang='lat' dir='ltr'><strong>sem-</strong></span> 
     </span>
    </p>
   </div>
   <div class='ocr_carea' id='block_1_93' title="bbox 410 4672 1988 4742">
    <p class='ocr_par' dir='ltr' id='par_1_93' title="bbox 410 4672 1988 4742">
     <span class='ocr_line' id='line_1_93' title="bbox 410 4672 1988 4742; baseline 0.004 -16"><span class='ocrx_word' id='word_1_655' title='bbox 410 4687 507 4742; x_wconf 92' lang='lat' dir='ltr'><strong>per</strong></span> <span class='ocrx_word' id='word_1_656' title='bbox 556 4674 703 4727; x_wconf 90' lang='lat' dir='ltr'><strong>enim</strong></span> <span class='ocrx_word' id='word_1_657' title='bbox 736 4672 956 4727; x_wconf 81' lang='lat' dir='ltr'><strong>verendi</strong></span> <span class='ocrx_word' id='word_1_658' title='bbox 996 4673 1234 4742; x_wconf 88' lang='lat' dir='ltr'><strong>episcopi</strong></span> <span class='ocrx_word' id='word_1_659' title='bbox 1285 4675 1539 4729; x_wconf 87' lang='lat' dir='ltr'><strong>mandata</strong></span> <span class='ocrx_word' id='word_1_660' title='bbox 1591 4684 1878 4731; x_wconf 77' lang='lat' dir='ltr'><strong>exsecutus</strong></span> <span class='ocrx_word' id='word_1_661' title='bbox 1903 4686 1988 4732; x_wconf 91' lang='lat' dir='ltr'><strong>est</strong></span> 
     </span>
    </p>
   </div>
   <div class='ocr_carea' id='block_1_94' title="bbox 406 4778 644 4834">
    <p class='ocr_par' dir='ltr' id='par_1_94' title="bbox 406 4778 644 4834">
     <span class='ocr_line' id='line_1_94' title="bbox 406 4778 644 4834; baseline 0.004 -16"><span class='ocrx_word' id='word_1_662' title='bbox 406 4778 644 4834; x_wconf 72' lang='grc' dir='ltr'>ιυνοιηε.</span> 
     </span>
    </p>
   </div>
   <div class='ocr_carea' id='block_1_95' title="bbox 481 4941 1986 5025">
    <p class='ocr_par' dir='ltr' id='par_1_95' title="bbox 481 4941 1986 5025">
     <span class='ocr_line' id='line_1_95' title="bbox 481 4941 1986 5025; baseline 0 -17"><span class='ocrx_word' id='word_1_663' title='bbox 481 4952 537 5010; x_wconf 86' lang='lat'><strong>6.</strong></span> <span class='ocrx_word' id='word_1_664' title='bbox 568 4952 823 5019; x_wconf 79' lang='lat' dir='ltr'><strong>Medicus,</strong></span> <span class='ocrx_word' id='word_1_665' title='bbox 851 4961 909 5007; x_wconf 93' lang='lat' dir='ltr'><strong>ut</strong></span> <span class='ocrx_word' id='word_1_666' title='bbox 939 4941 1038 5025; x_wconf 83' lang='lat' dir='ltr'><strong>per</strong></span> <span class='ocrx_word' id='word_1_667' title='bbox 1076 4954 1518 5025; x_wconf 87' lang='lat' dir='ltr'><strong>anticipationem</strong></span> <span class='ocrx_word' id='word_1_668' title='bbox 1549 4953 1709 5024; x_wconf 84' lang='lat' dir='ltr'><strong>paulo</strong></span> <span class='ocrx_word' id='word_1_669' title='bbox 1736 4952 1986 5025; x_wconf 90' lang='lat' dir='ltr'><strong>superius</strong></span> 
     </span>
    </p>
   </div>
   <div class='ocr_carea' id='block_1_96' title="bbox 400 5043 1986 5115">
    <p class='ocr_par' dir='ltr' id='par_1_96' title="bbox 400 5043 1986 5115">
     <span class='ocr_line' id='line_1_96' title="bbox 400 5043 1986 5115; baseline -0.001 -15"><span class='ocrx_word' id='word_1_670' title='bbox 400 5044 515 5114; x_wconf 86' lang='lat' dir='ltr'><strong>jam</strong></span> <span class='ocrx_word' id='word_1_671' title='bbox 569 5046 870 5109; x_wconf 88' lang='lat' dir='ltr'><strong>innuimus,</strong></span> <span class='ocrx_word' id='word_1_672' title='bbox 891 5056 1006 5099; x_wconf 86' lang='lat' dir='ltr'><strong>erat</strong></span> <span class='ocrx_word' id='word_1_673' title='bbox 1029 5043 1221 5114; x_wconf 87' lang='lat' dir='ltr'><strong>Cyrus.</strong></span> <span class='ocrx_word' id='word_1_674' title='bbox 1257 5045 1441 5099; x_wconf 82' lang='lat' dir='ltr'><strong>Artem</strong></span> <span class='ocrx_word' id='word_1_675' title='bbox 1475 5059 1577 5109; x_wconf 82' lang='lat' dir='ltr'><strong>non</strong></span> <span class='ocrx_word' id='word_1_676' title='bbox 1613 5046 1788 5115; x_wconf 83' lang='lat' dir='ltr'><strong>quoad</strong></span> <span class='ocrx_word' id='word_1_677' title='bbox 1831 5058 1986 5098; x_wconf 89' lang='lat' dir='ltr'><strong>men-</strong></span> 
     </span>
    </p>
   </div>
   <div class='ocr_carea' id='block_1_97' title="bbox 412 5136 2034 5207">
    <p class='ocr_par' dir='ltr' id='par_1_97' title="bbox 412 5136 2034 5207">
     <span class='ocr_line' id='line_1_97' title="bbox 412 5136 2034 5207; baseline 0 -17"><span class='ocrx_word' id='word_1_678' title='bbox 412 5145 520 5191; x_wconf 91' lang='lat' dir='ltr'><strong>tem</strong></span> <span class='ocrx_word' id='word_1_679' title='bbox 558 5137 652 5192; x_wconf 88' lang='lat' dir='ltr'><strong>sed</strong></span> <span class='ocrx_word' id='word_1_680' title='bbox 694 5138 871 5207; x_wconf 89' lang='lat' dir='ltr'><strong>quoad</strong></span> <span class='ocrx_word' id='word_1_681' title='bbox 922 5136 1152 5191; x_wconf 80' lang='lat' dir='ltr'><strong>formam</strong></span> <span class='ocrx_word' id='word_1_682' title='bbox 1190 5138 1515 5202; x_wconf 78' lang='lat' dir='ltr'><strong>exercebat;</strong></span> <span class='ocrx_word' id='word_1_683' title='bbox 1551 5151 1652 5190; x_wconf 90' lang='lat' dir='ltr'><strong>non</strong></span> <span class='ocrx_word' id='word_1_684' title='bbox 1684 5138 1826 5191; x_wconf 88' lang='lat' dir='ltr'><strong>enim</strong></span> <span class='ocrx_word' id='word_1_685' title='bbox 1872 5137 1983 5191; x_wconf 85' lang='lat' dir='ltr'><strong>sola</strong></span> <span class='ocrx_word' id='word_1_686' title='bbox 2027 5163 2034 5171; x_wconf 91' lang='lat'><strong>-</strong></span> 
     </span>
    </p>
   </div>
   <div class='ocr_carea' id='block_1_98' title="bbox 412 5226 1985 5299">
    <p class='ocr_par' dir='ltr' id='par_1_98' title="bbox 412 5226 1985 5299">
     <span class='ocr_line' id='line_1_98' title="bbox 412 5226 1985 5299; baseline 0 -16"><span class='ocrx_word' id='word_1_687' title='bbox 412 5228 776 5284; x_wconf 84' lang='lat' dir='ltr'><strong>laborantium</strong></span> <span class='ocrx_word' id='word_1_688' title='bbox 807 5243 1033 5297; x_wconf 88' lang='lat' dir='ltr'><strong>corpora</strong></span> <span class='ocrx_word' id='word_1_689' title='bbox 1079 5226 1323 5293; x_wconf 76' lang='lat' dir='ltr'><strong>sanabat,</strong></span> <span class='ocrx_word' id='word_1_690' title='bbox 1360 5228 1451 5281; x_wconf 87' lang='lat' dir='ltr'><strong>sed</strong></span> <span class='ocrx_word' id='word_1_691' title='bbox 1481 5242 1599 5297; x_wconf 63' lang='lat' dir='ltr'><strong>qua</strong></span> <span class='ocrx_word' id='word_1_692' title='bbox 1648 5228 1822 5299; x_wconf 69' lang='lat' dir='ltr'><strong>dignae</strong></span> <span class='ocrx_word' id='word_1_693' title='bbox 1866 5227 1985 5283; x_wconf 81' lang='lat' dir='ltr'><strong>fue-</strong></span> 
     </span>
    </p>
   </div>
   <div class='ocr_carea' id='block_1_99' title="bbox 411 5317 1985 5390">
    <p class='ocr_par' dir='ltr' id='par_1_99' title="bbox 411 5317 1985 5390">
     <span class='ocr_line' id='line_1_99' title="bbox 411 5317 1985 5390; baseline 0.002 -19"><span class='ocrx_word' id='word_1_694' title='bbox 411 5329 532 5371; x_wconf 87' lang='lat' dir='ltr'><strong>rant</strong></span> <span class='ocrx_word' id='word_1_695' title='bbox 563 5318 776 5378; x_wconf 71' lang='lat' dir='ltr'><strong>animae,</strong></span> <span class='ocrx_word' id='word_1_696' title='bbox 801 5319 898 5371; x_wconf 88' lang='lat' dir='ltr'><strong>bas</strong></span> <span class='ocrx_word' id='word_1_697' title='bbox 926 5334 955 5371; x_wconf 93' lang='lat' dir='ltr'><strong>c</strong></span> <span class='ocrx_word' id='word_1_698' title='bbox 978 5318 1168 5371; x_wconf 90' lang='lat' dir='ltr'><strong>morbo</strong></span> <span class='ocrx_word' id='word_1_699' title='bbox 1196 5317 1527 5373; x_wconf 88' lang='lat' dir='ltr'><strong>inﬁdelitatis</strong></span> <span class='ocrx_word' id='word_1_700' title='bbox 1555 5317 1774 5386; x_wconf 81' lang='lat' dir='ltr'><strong>eduxit;</strong></span> <span class='ocrx_word' id='word_1_701' title='bbox 1813 5334 1985 5390; x_wconf 69' lang='lat' dir='ltr'><strong>aegros</strong></span> 
     </span>
    </p>
   </div>
   <div class='ocr_carea' id='block_1_100' title="bbox 406 5409 1985 5478">
    <p class='ocr_par' dir='ltr' id='par_1_100' title="bbox 406 5409 1985 5478">
     <span class='ocr_line' id='line_1_100' title="bbox 406 5409 1985 5478; baseline 0.004 -16"><span class='ocrx_word' id='word_1_702' title='bbox 406 5424 537 5463; x_wconf 82' lang='lat' dir='ltr'><strong>vero</strong></span> <span class='ocrx_word' id='word_1_703' title='bbox 572 5409 808 5463; x_wconf 86' lang='lat' dir='ltr'><strong>invisens</strong></span> <span class='ocrx_word' id='word_1_704' title='bbox 841 5426 943 5463; x_wconf 87' lang='lat' dir='ltr'><strong>nutt</strong></span> <span class='ocrx_word' id='word_1_705' title='bbox 994 5410 1181 5464; x_wconf 82' lang='lat' dir='ltr'><strong>Caleni</strong></span> <span class='ocrx_word' id='word_1_706' title='bbox 1216 5421 1307 5462; x_wconf 91' lang='lat' dir='ltr'><strong>aut</strong></span> <span class='ocrx_word' id='word_1_707' title='bbox 1368 5409 1711 5478; x_wconf 86' lang='lat' dir='ltr'><strong>Hippocratis</strong></span> <span class='ocrx_word' id='word_1_708' title='bbox 1740 5427 1804 5467; x_wconf 88' lang='lat' dir='ltr'><strong>ac</strong></span> <span class='ocrx_word' id='word_1_709' title='bbox 1862 5413 1985 5469; x_wconf 84' lang='lat' dir='ltr'><strong>aliis</strong></span> 
     </span>
    </p>
   </div>
   <div class='ocr_carea' id='block_1_101' title="bbox 405 5498 1982 5570">
    <p class='ocr_par' dir='ltr' id='par_1_101' title="bbox 405 5498 1982 5570">
     <span class='ocr_line' id='line_1_101' title="bbox 405 5498 1982 5570; baseline 0.004 -16"><span class='ocrx_word' id='word_1_710' title='bbox 405 5498 647 5568; x_wconf 84' lang='lat' dir='ltr'><strong>ejusdem</strong></span> <span class='ocrx_word' id='word_1_711' title='bbox 707 5501 925 5568; x_wconf 75' lang='lat' dir='ltr'><strong>generis</strong></span> <span class='ocrx_word' id='word_1_712' title='bbox 979 5500 1370 5568; x_wconf 86' lang='lat' dir='ltr'><strong>scriptionibus</strong></span> <span class='ocrx_word' id='word_1_713' title='bbox 1424 5502 1851 5570; x_wconf 86' lang='lat' dir='ltr'><strong>consulabatur;</strong></span> <span class='ocrx_word' id='word_1_714' title='bbox 1889 5506 1982 5559; x_wconf 87' lang='lat' dir='ltr'><strong>sed</strong></span> 
     </span>
    </p>
   </div>
   <div class='ocr_carea' id='block_1_102' title="bbox 406 5590 1981 5663">
    <p class='ocr_par' dir='ltr' id='par_1_102' title="bbox 406 5590 1981 5663">
     <span class='ocr_line' id='line_1_102' title="bbox 406 5590 1981 5663; baseline 0.004 -20"><span class='ocrx_word' id='word_1_715' title='bbox 406 5590 587 5644; x_wconf 83' lang='lat' dir='ltr'><strong>verbis</strong></span> <span class='ocrx_word' id='word_1_716' title='bbox 610 5592 1018 5660; x_wconf 86' lang='lat' dir='ltr'><strong>prophetarum,</strong></span> <span class='ocrx_word' id='word_1_717' title='bbox 1041 5592 1409 5660; x_wconf 86' lang='lat' dir='ltr'><strong>apostolorum</strong></span> <span class='ocrx_word' id='word_1_718' title='bbox 1442 5602 1497 5646; x_wconf 88' lang='lat' dir='ltr'><strong>et</strong></span> <span class='ocrx_word' id='word_1_719' title='bbox 1531 5595 1981 5663; x_wconf 77' lang='lat' dir='ltr'><strong>evangelistarnm</strong></span> 
     </span>
    </p>
   </div>
   <div class='ocr_carea' id='block_1_103' title="bbox 409 5682 1984 5755">
    <p class='ocr_par' dir='ltr' id='par_1_103' title="bbox 409 5682 1984 5755">
     <span class='ocr_line' id='line_1_103' title="bbox 409 5682 1984 5755; baseline 0.006 -21"><span class='ocrx_word' id='word_1_720' title='bbox 409 5682 475 5735; x_wconf 88' lang='lat' dir='ltr'><strong>ad</strong></span> <span class='ocrx_word' id='word_1_721' title='bbox 506 5683 672 5737; x_wconf 88' lang='lat' dir='ltr'><strong>robur</strong></span> <span class='ocrx_word' id='word_1_722' title='bbox 697 5693 749 5736; x_wconf 87' lang='lat' dir='ltr'><strong>et</strong></span> <span class='ocrx_word' id='word_1_723' title='bbox 783 5684 944 5737; x_wconf 85' lang='lat' dir='ltr'><strong>vitam</strong></span> <span class='ocrx_word' id='word_1_724' title='bbox 971 5685 1241 5754; x_wconf 77' lang='lat' dir='ltr'><strong>perduxit,</strong></span> <span class='ocrx_word' id='word_1_725' title='bbox 1286 5687 1335 5739; x_wconf 93' lang='lat' dir='ltr'><strong>in</strong></span> <span class='ocrx_word' id='word_1_726' title='bbox 1384 5702 1598 5755; x_wconf 67' lang='lat' dir='ltr'><strong>gregem</strong></span> <span class='ocrx_word' id='word_1_727' title='bbox 1637 5687 1838 5741; x_wconf 87' lang='lat' dir='ltr'><strong>Cbristi</strong></span> <span class='ocrx_word' id='word_1_728' title='bbox 1889 5704 1984 5743; x_wconf 84' lang='lat' dir='ltr'><strong>an-</strong></span> 
     </span>
    </p>
   </div>
   <div class='ocr_carea' id='block_1_104' title="bbox 408 5774 1821 5846">
    <p class='ocr_par' dir='ltr' id='par_1_104' title="bbox 408 5774 1821 5846">
     <span class='ocr_line' id='line_1_104' title="bbox 408 5774 1821 5846; baseline 0.005 -19"><span class='ocrx_word' id='word_1_729' title='bbox 408 5774 716 5828; x_wconf 84' lang='lat' dir='ltr'><strong>numeravit</strong></span> <span class='ocrx_word' id='word_1_730' title='bbox 743 5783 795 5828; x_wconf 86' lang='lat' dir='ltr'><strong>et</strong></span> <span class='ocrx_word' id='word_1_731' title='bbox 833 5775 982 5844; x_wconf 77' lang='lat' dir='ltr'><strong>regni</strong></span> <span class='ocrx_word' id='word_1_732' title='bbox 1025 5775 1262 5831; x_wconf 72' lang='lat' dir='ltr'><strong>twlcstis</strong></span> <span class='ocrx_word' id='word_1_733' title='bbox 1298 5778 1589 5846; x_wconf 75' lang='lat' dir='ltr'><strong>partit-ipes</strong></span> <span class='ocrx_word' id='word_1_734' title='bbox 1626 5777 1821 5834; x_wconf 80' lang='lat' dir='ltr'><strong>eﬁ‘ecit.</strong></span> 
     </span>
    </p>
   </div>
   <div class='ocr_carea' id='block_1_105' title="bbox 2087 4581 3668 4656">
    <p class='ocr_par' dir='ltr' id='par_1_105' title="bbox 2087 4581 3668 4656">
     <span class='ocr_line' id='line_1_105' title="bbox 2087 4581 3668 4656; baseline 0.003 -22"><span class='ocrx_word' id='word_1_735' title='bbox 2087 4581 2304 4635; x_wconf 83' lang='grc' dir='ltr'>ἐλπίδα’</span> <span class='ocrx_word' id='word_1_736' title='bbox 2334 4581 2526 4651; x_wconf 81' lang='grc' dir='ltr'>ἀμέλει</span> <span class='ocrx_word' id='word_1_737' title='bbox 2554 4581 2844 4652; x_wconf 85' lang='grc' dir='ltr'>τοιγαροῦν</span> <span class='ocrx_word' id='word_1_738' title='bbox 2866 4582 2959 4635; x_wconf 82' lang='grc' dir='ltr'>καὶ</span> <span class='ocrx_word' id='word_1_739' title='bbox 2983 4583 3207 4650; x_wconf 80' lang='grc' dir='ltr'>ἁγνείας</span> <span class='ocrx_word' id='word_1_740' title='bbox 3239 4584 3475 4656; x_wconf 81' lang='grc' dir='ltr'>ἐραστὴν</span> <span class='ocrx_word' id='word_1_741' title='bbox 3501 4585 3668 4638; x_wconf 73' lang='grc' dir='ltr'>αὑτὸν</span> 
     </span>
    </p>
   </div>
   <div class='ocr_carea' id='block_1_106' title="bbox 2086 4674 3662 4746">
    <p class='ocr_par' dir='ltr' id='par_1_106' title="bbox 2086 4674 3662 4746">
     <span class='ocr_line' id='line_1_106' title="bbox 2086 4674 3662 4746; baseline -0.003 -14"><span class='ocrx_word' id='word_1_742' title='bbox 2086 4676 2485 4746; x_wconf 86' lang='grc' dir='ltr'>ἀπειργάσατο,</span> <span class='ocrx_word' id='word_1_743' title='bbox 2520 4679 2613 4729; x_wconf 75' lang='grc' dir='ltr'><strong>καὶ</strong></span> <span class='ocrx_word' id='word_1_744' title='bbox 2638 4674 2797 4728; x_wconf 85' lang='grc' dir='ltr'>θείων</span> <span class='ocrx_word' id='word_1_745' title='bbox 2820 4675 3033 4744; x_wconf 85' lang='grc' dir='ltr'>ἀρετῶν</span> <span class='ocrx_word' id='word_1_746' title='bbox 3063 4674 3303 4746; x_wconf 78' lang='grc' dir='ltr'>ἐργάτην</span> <span class='ocrx_word' id='word_1_747' title='bbox 3341 4676 3628 4742; x_wconf 79' lang='grc' dir='ltr'>ἀπέδειξεν</span> <span class='ocrx_word' id='word_1_748' title='bbox 3647 4693 3662 4706; x_wconf 92' lang='grc'><strong>·</strong></span> 
     </span>
    </p>
   </div>
   <div class='ocr_carea' id='block_1_107' title="bbox 2086 4767 3668 4841">
    <p class='ocr_par' dir='ltr' id='par_1_107' title="bbox 2086 4767 3668 4841">
     <span class='ocr_line' id='line_1_107' title="bbox 2086 4767 3668 4841; baseline -0.001 -17"><span class='ocrx_word' id='word_1_749' title='bbox 2086 4770 2181 4825; x_wconf 83' lang='grc' dir='ltr'>καὶ</span> <span class='ocrx_word' id='word_1_750' title='bbox 2217 4769 2430 4840; x_wconf 82' lang='grc' dir='ltr'>θέλημα</span> <span class='ocrx_word' id='word_1_751' title='bbox 2472 4768 2563 4822; x_wconf 89' lang='grc' dir='ltr'><strong>τοῦ</strong></span> <span class='ocrx_word' id='word_1_752' title='bbox 2607 4767 2947 4839; x_wconf 85' lang='grc' dir='ltr'>φοϐουμένου</span> <span class='ocrx_word' id='word_1_753' title='bbox 2993 4768 3156 4821; x_wconf 75' lang='grc' dir='ltr'>αὐτὸν</span> <span class='ocrx_word' id='word_1_754' title='bbox 3197 4769 3501 4841; x_wconf 83' lang='grc' dir='ltr'>ἀρχιερέως</span> <span class='ocrx_word' id='word_1_755' title='bbox 3552 4770 3668 4824; x_wconf 72' lang='lat' dir='ltr'><strong>sla-</strong></span> 
     </span>
    </p>
   </div>
   <div class='ocr_carea' id='block_1_108' title="bbox 2087 4860 2626 4933">
    <p class='ocr_par' dir='ltr' id='par_1_108' title="bbox 2087 4860 2626 4933">
     <span class='ocr_line' id='line_1_108' title="bbox 2087 4860 2626 4933; baseline 0 -18"><span class='ocrx_word' id='word_1_756' title='bbox 2087 4860 2326 4925; x_wconf 78' lang='grc' dir='ltr'>ἀκούσας</span> <span class='ocrx_word' id='word_1_757' title='bbox 2347 4862 2626 4933; x_wconf 86' lang='grc' dir='ltr'>ἐποίησεν.</span> 
     </span>
    </p>
   </div>
   <div class='ocr_carea' id='block_1_109' title="bbox 2158 4949 3663 5027">
    <p class='ocr_par' dir='ltr' id='par_1_109' title="bbox 2158 4949 3663 5027">
     <span class='ocr_line' id='line_1_109' title="bbox 2158 4949 3663 5027; baseline -0.001 -17"><span class='ocrx_word' id='word_1_758' title='bbox 2158 4961 2231 5019; x_wconf 83' lang='grc' dir='ltr'><strong>ς’.</strong></span> <span class='ocrx_word' id='word_1_759' title='bbox 2278 4954 2480 5024; x_wconf 86' lang='grc' dir='ltr'>Ἰατρὸς</span> <span class='ocrx_word' id='word_1_760' title='bbox 2506 4949 2620 5019; x_wconf 81' lang='grc' dir='ltr'>οῦν,</span> <span class='ocrx_word' id='word_1_761' title='bbox 2637 4955 2712 5018; x_wconf 84' lang='grc' dir='ltr'>ὼς</span> <span class='ocrx_word' id='word_1_762' title='bbox 2729 4952 2969 5027; x_wconf 81' lang='grc' dir='ltr'>εἴρηται,</span> <span class='ocrx_word' id='word_1_763' title='bbox 2988 4956 3292 5027; x_wconf 75' lang='grc' dir='ltr'>τυγχάνων,</span> <span class='ocrx_word' id='word_1_764' title='bbox 3314 4956 3391 5020; x_wconf 80' lang='grc' dir='ltr'>ὡς</span> <span class='ocrx_word' id='word_1_765' title='bbox 3419 4956 3663 5025; x_wconf 85' lang='grc' dir='ltr'>φθάσαν-</span> 
     </span>
    </p>
   </div>
   <div class='ocr_carea' id='block_1_110' title="bbox 2087 5042 3665 5117">
    <p class='ocr_par' dir='ltr' id='par_1_110' title="bbox 2087 5042 3665 5117">
     <span class='ocr_line' id='line_1_110' title="bbox 2087 5042 3665 5117; baseline 0.001 -19"><span class='ocrx_word' id='word_1_766' title='bbox 2087 5060 2175 5109; x_wconf 85' lang='grc' dir='ltr'><strong>τες</strong></span> <span class='ocrx_word' id='word_1_767' title='bbox 2208 5042 2392 5116; x_wconf 88' lang='grc' dir='ltr'>μικρῷ</span> <span class='ocrx_word' id='word_1_768' title='bbox 2414 5043 2649 5115; x_wconf 85' lang='grc' dir='ltr'>πρόσθεν</span> <span class='ocrx_word' id='word_1_769' title='bbox 2690 5044 2924 5115; x_wconf 79' lang='grc' dir='ltr'>ἔφημεν,</span> <span class='ocrx_word' id='word_1_770' title='bbox 2971 5048 2999 5100; x_wconf 90' lang='lat'><strong>6</strong></span> <span class='ocrx_word' id='word_1_771' title='bbox 3046 5046 3202 5115; x_wconf 77' lang='grc' dir='ltr'>ἀγιος</span> <span class='ocrx_word' id='word_1_772' title='bbox 3248 5046 3531 5116; x_wconf 86' lang='grc' dir='ltr'>κοσμικῶς</span> <span class='ocrx_word' id='word_1_773' title='bbox 3565 5048 3665 5117; x_wconf 84' lang='grc' dir='ltr'>μὲν</span> 
     </span>
    </p>
   </div>
   <div class='ocr_carea' id='block_1_111' title="bbox 2086 5135 3665 5209">
    <p class='ocr_par' dir='ltr' id='par_1_111' title="bbox 2086 5135 3665 5209">
     <span class='ocr_line' id='line_1_111' title="bbox 2086 5135 3665 5209; baseline 0.003 -21"><span class='ocrx_word' id='word_1_774' title='bbox 2086 5136 2150 5190; x_wconf 84' lang='grc' dir='ltr'><strong>τὸ</strong></span> <span class='ocrx_word' id='word_1_775' title='bbox 2177 5136 2383 5207; x_wconf 84' lang='grc' dir='ltr'>σχῆμα,</span> <span class='ocrx_word' id='word_1_776' title='bbox 2419 5136 2536 5189; x_wconf 82' lang='grc' dir='ltr'>ἀλλ’</span> <span class='ocrx_word' id='word_1_777' title='bbox 2564 5136 2627 5189; x_wconf 86' lang='grc' dir='ltr'><strong>ού</strong></span> <span class='ocrx_word' id='word_1_778' title='bbox 2648 5135 2747 5207; x_wconf 81' lang='grc' dir='ltr'><strong>τὴν</strong></span> <span class='ocrx_word' id='word_1_779' title='bbox 2774 5136 3027 5208; x_wconf 85' lang='grc' dir='ltr'>γνώμην,</span> <span class='ocrx_word' id='word_1_780' title='bbox 3061 5139 3159 5201; x_wconf 82' lang='grc' dir='ltr'><strong>τὰς</strong></span> <span class='ocrx_word' id='word_1_781' title='bbox 3197 5139 3439 5209; x_wconf 85' lang='grc' dir='ltr'>ἰατρείας</span> <span class='ocrx_word' id='word_1_782' title='bbox 3478 5139 3665 5193; x_wconf 70' lang='grc' dir='ltr'>ποιού-</span> 
     </span>
    </p>
   </div>
   <div class='ocr_carea' id='block_1_112' title="bbox 2092 5227 3662 5302">
    <p class='ocr_par' dir='ltr' id='par_1_112' title="bbox 2092 5227 3662 5302">
     <span class='ocr_line' id='line_1_112' title="bbox 2092 5227 3662 5302; baseline 0.001 -21"><span class='ocrx_word' id='word_1_783' title='bbox 2092 5245 2272 5299; x_wconf 87' lang='grc' dir='ltr'>μενος,</span> <span class='ocrx_word' id='word_1_784' title='bbox 2308 5228 2371 5281; x_wconf 84' lang='grc' dir='ltr'><strong>οὐ</strong></span> <span class='ocrx_word' id='word_1_785' title='bbox 2414 5227 2642 5299; x_wconf 85' lang='grc' dir='ltr'>σώματα</span> <span class='ocrx_word' id='word_1_786' title='bbox 2691 5229 2830 5298; x_wconf 83' lang='grc' dir='ltr'>μόνα</span> <span class='ocrx_word' id='word_1_787' title='bbox 2875 5229 2985 5281; x_wconf 87' lang='grc' dir='ltr'><strong>τῶν</strong></span> <span class='ocrx_word' id='word_1_788' title='bbox 3038 5230 3356 5299; x_wconf 78' lang='grc' dir='ltr'>καμνόντων</span> <span class='ocrx_word' id='word_1_789' title='bbox 3389 5232 3662 5302; x_wconf 82' lang='grc' dir='ltr'>ἰάτρευεν,</span> 
     </span>
    </p>
   </div>
   <div class='ocr_carea' id='block_1_113' title="bbox 2087 5302 3662 5391">
    <p class='ocr_par' dir='ltr' id='par_1_113' title="bbox 2087 5302 3662 5391">
     <span class='ocr_line' id='line_1_113' title="bbox 2087 5302 3662 5391; baseline 0.001 -18"><span class='ocrx_word' id='word_1_790' title='bbox 2087 5321 2221 5374; x_wconf 84' lang='grc' dir='ltr'>ἀλλὰ</span> <span class='ocrx_word' id='word_1_791' title='bbox 2244 5322 2338 5374; x_wconf 71' lang='grc' dir='ltr'><strong>καὶ</strong></span> <span class='ocrx_word' id='word_1_792' title='bbox 2365 5320 2543 5391; x_wconf 74' lang='grc' dir='ltr'>ψυχὰς</span> <span class='ocrx_word' id='word_1_793' title='bbox 2562 5320 2722 5387; x_wconf 85' lang='grc' dir='ltr'>ἀξίας</span> <span class='ocrx_word' id='word_1_794' title='bbox 2751 5322 2810 5387; x_wconf 80' lang='grc' dir='ltr'><strong>ἐξ</strong></span> <span class='ocrx_word' id='word_1_795' title='bbox 2848 5302 3093 5391; x_wconf 30' lang='grc' dir='ltr'>ὧνλνοση</span> <span class='ocrx_word' id='word_1_796' title='bbox 3103 5322 3288 5391; x_wconf 86' lang='grc' dir='ltr'>μάτων</span> <span class='ocrx_word' id='word_1_797' title='bbox 3324 5321 3662 5391; x_wconf 81' lang='grc' dir='ltr'>κατείχοντο,</span> 
     </span>
    </p>
   </div>
   <div class='ocr_carea' id='block_1_114' title="bbox 2087 5410 3665 5482">
    <p class='ocr_par' dir='ltr' id='par_1_114' title="bbox 2087 5410 3665 5482">
     <span class='ocr_line' id='line_1_114' title="bbox 2087 5410 3665 5482; baseline 0 -17"><span class='ocrx_word' id='word_1_798' title='bbox 2087 5412 2180 5465; x_wconf 75' lang='grc' dir='ltr'>καὶ</span> <span class='ocrx_word' id='word_1_799' title='bbox 2210 5411 2481 5481; x_wconf 79' lang='grc' dir='ltr'>ἐξήγαγεν</span> <span class='ocrx_word' id='word_1_800' title='bbox 2522 5412 2630 5464; x_wconf 88' lang='grc' dir='ltr'><strong>τῶν</strong></span> <span class='ocrx_word' id='word_1_801' title='bbox 2681 5411 2981 5481; x_wconf 86' lang='grc' dir='ltr'>ἀλλοτρίων</span> <span class='ocrx_word' id='word_1_802' title='bbox 3001 5412 3105 5482; x_wconf 79' lang='grc' dir='ltr'><strong>τῆς</strong></span> <span class='ocrx_word' id='word_1_803' title='bbox 3155 5410 3413 5477; x_wconf 86' lang='grc' dir='ltr'>πίστεως,</span> <span class='ocrx_word' id='word_1_804' title='bbox 3456 5414 3555 5465; x_wconf 83' lang='grc' dir='ltr'><strong>οὐκ</strong></span> <span class='ocrx_word' id='word_1_805' title='bbox 3598 5414 3665 5466; x_wconf 87' lang='grc' dir='ltr'><strong>ἐκ</strong></span> 
     </span>
    </p>
   </div>
   <div class='ocr_carea' id='block_1_115' title="bbox 2084 5502 3651 5573">
    <p class='ocr_par' dir='ltr' id='par_1_115' title="bbox 2084 5502 3651 5573">
     <span class='ocr_line' id='line_1_115' title="bbox 2084 5502 3651 5573; baseline 0 -17"><span class='ocrx_word' id='word_1_806' title='bbox 2084 5503 2190 5556; x_wconf 86' lang='grc' dir='ltr'><strong>τῶν</strong></span> <span class='ocrx_word' id='word_1_807' title='bbox 2249 5502 2491 5573; x_wconf 86' lang='grc' dir='ltr'>Γαληνοῦ</span> <span class='ocrx_word' id='word_1_808' title='bbox 2531 5504 2627 5558; x_wconf 71' lang='grc' dir='ltr'><strong>καὶ</strong></span> <span class='ocrx_word' id='word_1_809' title='bbox 2681 5503 3072 5573; x_wconf 85' lang='grc' dir='ltr'>Ἱπποκράτους</span> <span class='ocrx_word' id='word_1_810' title='bbox 3121 5505 3219 5558; x_wconf 73' lang='grc' dir='ltr'>καὶ</span> <span class='ocrx_word' id='word_1_811' title='bbox 3283 5503 3392 5558; x_wconf 87' lang='grc' dir='ltr'><strong>τῶν</strong></span> <span class='ocrx_word' id='word_1_812' title='bbox 3446 5503 3651 5573; x_wconf 82' lang='grc' dir='ltr'>ὁμοίων</span> 
     </span>
    </p>
   </div>
   <div class='ocr_carea' id='block_1_116' title="bbox 2087 5593 3665 5665">
    <p class='ocr_par' dir='ltr' id='par_1_116' title="bbox 2087 5593 3665 5665">
     <span class='ocr_line' id='line_1_116' title="bbox 2087 5593 3665 5665; baseline -0.001 -18"><span class='ocrx_word' id='word_1_813' title='bbox 2087 5594 2269 5656; x_wconf 79' lang='grc' dir='ltr'>αὐτοῖς</span> <span class='ocrx_word' id='word_1_814' title='bbox 2297 5593 2632 5665; x_wconf 89' lang='grc' dir='ltr'>συγγραφῶν</span> <span class='ocrx_word' id='word_1_815' title='bbox 2658 5594 2788 5656; x_wconf 77' lang='grc' dir='ltr'>τοὺς</span> <span class='ocrx_word' id='word_1_816' title='bbox 2821 5593 3145 5665; x_wconf 72' lang='grc' dir='ltr'>ἀρρώστους</span> <span class='ocrx_word' id='word_1_817' title='bbox 3176 5596 3233 5647; x_wconf 83' lang='grc' dir='ltr'><strong>ἐν</strong></span> <span class='ocrx_word' id='word_1_818' title='bbox 3274 5596 3392 5658; x_wconf 83' lang='grc' dir='ltr'>ταῖς</span> <span class='ocrx_word' id='word_1_819' title='bbox 3437 5594 3665 5646; x_wconf 78' lang='grc' dir='ltr'>ἐπισκέ-</span> 
     </span>
    </p>
   </div>
   <div class='ocr_carea' id='block_1_117' title="bbox 2082 5683 3662 5756">
    <p class='ocr_par' dir='ltr' id='par_1_117' title="bbox 2082 5683 3662 5756">
     <span class='ocr_line' id='line_1_117' title="bbox 2082 5683 3662 5756; baseline -0.002 -18"><span class='ocrx_word' id='word_1_820' title='bbox 2082 5686 2209 5754; x_wconf 68' lang='grc' dir='ltr'>ψεσι</span> <span class='ocrx_word' id='word_1_821' title='bbox 2244 5683 2756 5755; x_wconf 84' lang='grc' dir='ltr'>παραμυθούμενος,</span> <span class='ocrx_word' id='word_1_822' title='bbox 2787 5684 2923 5737; x_wconf 84' lang='grc' dir='ltr'>ἀλλὰ</span> <span class='ocrx_word' id='word_1_823' title='bbox 2954 5685 3310 5756; x_wconf 85' lang='grc' dir='ltr'>προφητικῶν</span> <span class='ocrx_word' id='word_1_824' title='bbox 3338 5684 3537 5745; x_wconf 70' lang='grc' dir='ltr'>αὐτοὺς</span> <span class='ocrx_word' id='word_1_825' title='bbox 3563 5683 3662 5738; x_wconf 72' lang='grc' dir='ltr'><strong>καὶ</strong></span> 
     </span>
    </p>
   </div>
   <div class='ocr_carea' id='block_1_118' title="bbox 2085 5776 3662 5848">
    <p class='ocr_par' dir='ltr' id='par_1_118' title="bbox 2085 5776 3662 5848">
     <span class='ocr_line' id='line_1_118' title="bbox 2085 5776 3662 5848; baseline -0.003 -17"><span class='ocrx_word' id='word_1_826' title='bbox 2085 5776 2456 5843; x_wconf 78' lang='grc' dir='ltr'>ἀποστολικῶν</span> <span class='ocrx_word' id='word_1_827' title='bbox 2488 5794 2547 5830; x_wconf 83' lang='grc' dir='ltr'><strong>τε</strong></span> <span class='ocrx_word' id='word_1_828' title='bbox 2582 5778 2695 5847; x_wconf 71' lang='grc' dir='ltr'><strong>ἅμα</strong></span> <span class='ocrx_word' id='word_1_829' title='bbox 2738 5777 2831 5830; x_wconf 70' lang='grc' dir='ltr'><strong>καὶ</strong></span> <span class='ocrx_word' id='word_1_830' title='bbox 2864 5776 3239 5846; x_wconf 77' lang='grc' dir='ltr'>εὐαγγελικῶν</span> <span class='ocrx_word' id='word_1_831' title='bbox 3280 5776 3662 5848; x_wconf 64' lang='grc' dir='ltr'>παραινέσειν</span> 
     </span>
    </p>
   </div>
  </div>
