3998 6200
391 215 526 279 368i

1528 222 1627 282 DE
1665 222 1771 282 SS.
1812 222 2003 281 CYRO
2039 224 2132 282 ET
2169 221 2485 283 JOANNE.

3500 221 3644 288 3632

391 336 525 399 πρὸς
554 330 650 400 τὴν
676 330 849 395 ὅντως
898 331 1067 401 ρῶσιν
1113 332 1207 387 καὶ
1250 332 1396 403 ζωὴν
1441 332 1825 402 ἐφελκόμενος,
1865 331 1957 385 καὶ
1997 332 2099 401 τῆς
2128 331 2364 403 Χριστοῦ
2386 331 2481 384 τοῦ
2520 329 2655 384 Θεοῦ
2688 329 2925 403 ποίμνης
2991 330 3362 404 συναρίθμους
3435 334 3627 389 ποιοῦ-ι

393 440 574 494 μενος,
615 424 712 478 καὶ
737 424 839 494 τῆς
861 424 970 478 τῶν
992 424 1238 495 οὐρανῶν
1284 424 1559 495 βασιλείας
1592 426 1960 496 κληρονόμους
1978 447 1983 451 ’
2000 424 2284 478 ἀναδεικνύ
2293 441 2474 494 μενος.

459 518 526 584 ζ’.
557 517 761 572 Τοῦτον
796 518 923 571 ίδὼν
959 520 988 573 6
1025 520 1320 590 μισόκαλος
1360 521 1571 590 δαίμων
1627 521 1857 583 πολλοὺς
1887 519 1963 589 τῷ

2139 519 2191 573 7.
2230 518 2383 573 Hunc
2414 534 2535 573 cum
2591 519 2790 574 multos
2823 519 2889 573 ad
2943 518 3220 574 Christum
3255 520 3647 577 eonducentem

388 607 615 680 Χριστῷ
660 609 1030 678 προσάγοντα,
1077 608 1156 680 τῷ
1229 610 1330 680 τῆς
1379 610 1590 673 πόλεως
1635 611 1856 681 ἄρχοντι
1897 599 1963 664 δι’

390 697 696 769 ἀνθρώπων
752 696 1006 769 πονηρῶν
1030 698 1429 767 κατεμήνυσεν,
1451 697 1529 761 ὡς
1574 697 1855 760 Γαλιλαῖός
1881 715 1965 760 τις

392 789 579 862 ἰατρὸς
633 787 734 860 τὴν
784 790 1126 860 ἐπιστήμην,
1178 789 1398 844 ἅπαντα
1456 789 1656 860 μικροῦ
1700 789 1811 841 δεῖν
1863 789 1962 859 τῆς

391 881 603 945 πόλεως
625 879 718 933 τὸν
761 879 889 934 λαὸν
920 881 1327 952 ἀπεπλάνησεν,
1382 882 1477 935 καί
1528 882 1626 949 τῆς
1662 881 1771 934 τῶν
1821 880 1962 934 θεῶν

388 973 701 1041 ἀπέστησεν
732 973 1193 1043 προσκυνήσεως·
1233 973 1328 1026 καὶ⁴
1378 973 1437 1027 ὃν
1479 973 1723 1026 Ἰουδαῖοι
1766 972 1965 1026 ἐσταύ-

390 1081 573 1135 ρωσαν
613 1062 845 1130 Ἰησοῦν,
868 1063 943 1126 ὼς
984 1063 1119 1117 Θεὸν
1157 1064 1575 1134 παρεσκεύασεν
1618 1063 1821 1123 σέϐειν,
1872 1064 1965 1116 καὶ

386 1154 485 1226 τήν
516 1153 775 1225 πατρῴαν
823 1155 983 1225 ἡμῶν
1010 1155 1324 1223 ὲξαφανίζει
1374 1154 1673 1226 θρησκείαν
1700 1171 1714 1186 ο
1751 1154 1964 1217 τούτοις

390 1246 708 1308 ὑπτιασθεὶς
744 1245 774 1296 6
803 1244 1034 1307 δείλαιος
1064 1246 1161 1297 καὶ
1198 1244 1503 1310 ὑπερζέσας
1529 1244 1742 1314 ἀνιαρῷ
1774 1242 1958 1313 θυμῷ,

392 1331 723 1401 συσχεθῆναι
755 1331 845 1386 τὸν
877 1333 1032 1400 ἀγιον
1057 1334 1119 1386 τὸ
1160 1333 1326 1404 τάχος
1381 1333 1719 1403 προσέταξεν
1747 1350 1760 1363 ·
1807 1332 1967 1386 τοῦτο

395 1412 591 1493 μαθὼν
629 1424 657 1475 6
693 1424 981 1493 μακάριος,
1028 1424 1122 1479 καὶ
1172 1425 1309 1496 πρὸς
1358 1424 1615 1495 ’Λραϐίαν
1660 1426 1759 1495 τὴν
1799 1425 1968 1493 Αἰγύ-

392 1528 528 1564 πτου
561 1511 800 1583 πάραλον
825 1512 1064 1584 ἔρχεται,
1090 1515 1184 1570 καὶ
1203 1514 1426 1584 Τζὼτην
1454 1513 1597 1568 οὑτω
1626 1515 1968 1585 καλουμένην

390 1602 579 1674 ᾤκησε
613 1603 806 1676 κώμην
828 1621 842 1635 ο
869 1608 937 1676 τῇ
967 1605 1024 1659 δὲ
1052 1607 1265 1675 οἰκήσει
1297 1606 1390 1660 καὶ
1420 1602 1485 1660 τδ
1527 1611 1712 1677 σχῆμα
1767 1609 1970 1677 μετήλ-

393 1694 583 1760 λαξεν·
619 1696 718 1766 τὴν
752 1698 861 1768 γὰρ
886 1697 1130 1769 κεφαλὴν
1169 1698 1551 1769 ξυρισάμενος,
1582 1700 1644 1751 τὸ
1692 1700 1875 1769 σχῆμα
1908 1701 1969 1752 τὺ

396 1788 690 1857 μοναχικὺν
730 1788 1114 1858 ἀμφιέννυται,
1171 1791 1267 1843 καὶ
1318 1790 1417 1860 τὴν
1464 1790 1807 1861 χαμαίζηλον
1870 1791 1966 1842 καί

2071 612 2276 665 videret
2314 610 2717 667 infensissimus
2806 611 3038 671 dzemon,
3096 611 3247 665 urbis
3289 612 3508 681 praesidi
3554 628 3652 682 per

2068 701 2346 771 improbos
2401 703 2650 756 homines
2712 701 2989 757 indicavit.
3049 701 3323 768 Galilteus,
3375 704 3648 766 dicebant.

2068 794 2291 862 quidam
2333 793 2596 860 medicus,
2635 793 2862 847 scientia
2916 808 3011 847 sua
3062 802 3235 848 totum
3270 793 3511 849 civitatis
3551 810 3649 864 po-

2069 884 2250 953 pulum
2281 885 2558 939 erroribus
2603 885 2802 938 irrctiit
2834 892 2889 937 et
2948 898 2979 937 a
3063 883 3285 938 deorum
3335 885 3650 939 adoratioue

2069 976 2300 1039 avertit;
2337 990 2498 1044 quem
2542 975 2711 1029 Judaei
2748 976 3141 1029 cruciﬁxerunt
3173 974 3381 1042 Jesum,
3424 976 3565 1031 hunc
3594 978 3646 1029 in

2071 1063 2243 1118 Deum
2271 1065 2556 1119 colendum
2590 1065 2803 1119 nuntiat
2842 1076 2895 1119 et
2931 1064 3139 1134 patrios
3163 1065 3295 1120 deos
3326 1065 3392 1119 ad
3417 1065 3647 1119 nihilum

2071 1156 2282 1226 redigit.
2344 1156 2438 1210 llis
2480 1157 2749 1212 excitatus
2832 1166 2889 1211 et
2933 1158 3118 1213 hostili
3166 1157 3385 1212 fervens
3443 1158 3646 1224 animo,

2068 1263 2228 1317 quam
2282 1249 2552 1303 citissime
2612 1249 3101 1316 constringendum
3168 1259 3416 1304 sanctum
3486 1247 3650 1316 jussit

2069 1354 2293 1409 praeses;
2327 1342 2501 1413 Cyrus
2552 1355 2750 1408 autem,
2807 1358 2864 1397 re
2912 1343 3117 1406 audita,
3173 1342 3226 1397 iu
3275 1342 3533 1397 Arabiam
3582 1342 3649 1397 ad

2071 1448 2224 1488 mare
2246 1434 2622 1505 Egyptiacum
2663 1435 2925 1504 confugit,
2954 1445 3009 1491 et
3075 1436 3153 1491 sic
3210 1436 3648 1504 cognominatum

2071 1524 2244 1577 vicum
2292 1526 2492 1579 'l‘zoten
2520 1526 2863 1581 inhabitavit.
2890 1527 3236 1581 Habitatione
3262 1534 3489 1589 mutata,
3536 1542 3653 1579 mu-

2073 1618 2202 1669 tavit
2221 1631 2433 1684 quoquc
2454 1617 2693 1670 habitum
2716 1636 2730 1671 :
2749 1629 2905 1687 caput
2924 1618 3152 1673 totondit
3181 1626 3235 1671 et
3262 1619 3649 1672 monachorum

2072 1710 2392 1760 vestimenta
2428 1708 2647 1772 induit;
2678 1723 2706 1760 a
2740 1719 2953 1762 terrena
2989 1721 3042 1762 et
3070 1708 3411 1777 corruptibili
3438 1708 3647 1761 vivendi

2080 1800 2292 1853 ratione
2325 1800 2597 1854 assurexit
2626 1801 2689 1851 ad
2727 1800 2977 1853 sublimia
3014 1818 3029 1854 :
3065 1800 3248 1854 verbis
3276 1808 3328 1853 et
3352 1799 3507 1853 factis
3545 1813 3653 1854 cm-

393 1880 642 1952 φθαρτὴν
675 1879 999 1951 ὑπερκύψας
1021 1881 1226 1951 βιοτὴν,
1259 1882 1354 1934 καὶ
1388 1881 1526 1952 πρὸς
1580 1880 1651 1934 τά
1709 1882 1963 1951 μετέωρα

2078 1889 2185 1942 lum
2215 1891 2482 1959 sapiebat,
2514 1899 2569 1944 et
2596 1907 2698 1944 non
2718 1891 2952 1960 amplius
2983 1892 3149 1945 variis
3186 1890 3409 1945 medelis
3446 1890 3652 1957 ether—

279 2026 300 2048 ο
392 1971 755 2040 διαϐεϐηκὼς,
814 1972 1117 2042 ὑπέρτερος
1190 1969 1440 2024 ἐντεῦθεν
1499 1972 1698 2042 πράξει
1756 1989 1817 2024 τε
1871 1973 1966 2025 καὶ

388 2065 599 2137 θεωρίᾳ
633 2064 877 2133 γέγονεν,
938 2063 1134 2136 μηκέτι
1189 2064 1286 2126 τὰς
1341 2065 1529 2125 νόσους
1590 2065 1654 2116 ἐκ
1704 2063 1967 2118 ποικίλων

390 2159 700 2229 φαρμάκων
731 2158 981 2228 ἰώμενος,
1002 2154 1127 2209 οὔτε
1166 2153 1405 2226 βοτανῶν
1439 2153 1722 2224 χρώμενος
1756 2155 1959 2227 βοηθή-

2079 1979 2266 2033 barum
2321 1978 2649 2048 atljumeutis
2703 1995 2992 2047 corporum
3057 1980 3285 2032 sanabat
3344 1979 3650 2046 languores,

2073 2070 2168 2124 sed
2193 2072 2309 2123 sola
2342 2070 2592 2123 oratione
2621 2070 2845 2137 solaque
2866 2070 3081 2138 pietatis
3112 2070 3358 2124 doctrina
3403 2070 3469 2124 ab
3518 2068 3654 2124 infe-

2071 2160 2324 2215 stissimis
2354 2159 2632 2215 doloribus
2655 2160 2869 2213 animas
2891 2167 2946 2213 et
2979 2174 3207 2229 corpora
3235 2159 3504 2213 liberavit.

397 2268 577 2321 μασιν,
610 2250 747 2304 ἀλλά
771 2251 901 2321 εὐχῇ
933 2250 1070 2324 μόνῃ
1109 2249 1204 2305 καὶ
1239 2250 1561 2323 διδασκαλίᾳ
1594 2252 1808 2305 εὐσεϐεῖ
1828 2253 1939 2307 τῶν
1975 2254 2212 2327 ἀνιαρῶν
2239 2254 2466 2309 καὶτῶν
2488 2255 2724 2309 ἀνιάτων
2741 2254 3051 2323 ἀλγηδόνων
3092 2252 3189 2317 τὰς
3237 2253 3418 2323 ψυχας
3479 2253 3625 2335 ἀπήλ

397 2341 583 2399 λαττεν
616 2343 712 2397 καὶ
742 2341 816 2396 τὰ
854 2341 1105 2412 σώματα.

461 2440 531 2503 η’.
563 2436 696 2487 Τότε
737 2430 1120 2504 Διοκλητιανοῦ
1149 2431 1218 2487 τά
1265 2430 1551 2503 Ῥωμαίων
1608 2432 1865 2503 σκῆπτρα
1888 2426 1970 2486 δι-

392 2518 618 2584 ἐποντος
650 2520 948 2587 δυσσεϐῶς,
974 2522 1069 2573 καὶ
1100 2520 1278 2590 πάντη
1315 2520 1555 2590 διωγμὸν
1584 2524 1705 2585 ταῖς
1736 2521 1968 2592 Ἐκκλη-

2123 2433 2191 2488 ·8.
2226 2431 2301 2485 Eo
2368 2439 2608 2499 tempore
2657 2428 2878 2484 Romani
2915 2428 3127 2501 imperii
3166 2438 3437 2499 sceptrum
3472 2428 3654 2498 inique

2069 2531 2391 2577 consecutus
2422 2532 2543 2577 erat
2568 2520 2964 2586 Diocletianus,
2993 2532 3047 2575 et
3070 2519 3377 2590 ubicunque
3397 2519 3653 2574 Ecclesiis

391 2610 535 2672 σίαις
575 2609 910 2680 ἐγείραντος,
970 2608 1161 2680 μαθὼν
1223 2609 1479 2681 Ἰωάννης
1542 2609 1846 2679 (αἰδέσιμος
1909 2612 1965 2664 δὲ

2076 2613 2429 2666 suscitaverat
2492 2612 2944 2681 persecutionem.
2983 2608 3108 2662 Hzec
3148 2609 3239 2662 ubi
3279 2607 3426 2660 audit
3481 2604 3639 2661 Joan-

391 2686 547 2761 οὗτος
576 2698 633 2760 ὃς
674 2700 767 2751 καὶ
799 2700 940 2752 κατὰ
992 2699 1173 2770 σάρκα
1219 2700 1284 2752 ἐκ
1312 2698 1506 2767 γένους
1552 2698 1965 2769 ὑπεροχώτατος

2076 2719 2161 2758 nes
2187 2703 2607 2767 illustrissimus,
2635 2717 2829 2771 genere
2856 2701 3070 2765 nobilis,
3102 2699 3225 2754 ﬁdei
3255 2700 3388 2752 civis
3417 2698 3653 2751 nonduin

391 2790 709 2861 ἐτύγχανεν,
745 2790 899 2844 οὑπω
933 2791 1031 2861 μὲν
1068 2789 1292 2861 πολίτης
1344 2790 1378 2861 ἢ
1406 2792 1507 2860 τῆς
1533 2791 1767 2854 πίστεως
1794 2793 1965 2855 ἐγνω-

2076 2794 2443 2858 denuutiatus,
2479 2800 2564 2847 ast
2601 2806 2658 2847 re
2700 2790 2917 2846 militari
2967 2789 3462 2860 praestantissimus,
3500 2785 3657 2841 Jeru-

395 2878 596 2949 ρίζετο,
621 2883 687 2950 τῇ
716 2879 773 2933 δὲ
802 2882 1166 2950 στρατιωτικῇ
1191 2878 1320 2950 ἀξίᾳ
1341 2879 1696 2950 διαπρέψας),
1723 2880 1968 2951 τάῚερο-

2076 2887 2239 2940 salem
2264 2886 2434 2954 petiit,
2472 2894 2529 2938 ut
2559 2883 2912 2953 gratissimas
2946 2882 3053 2935 Deo
3085 2895 3272 2949 preces
3301 2878 3651 2948 persolveret.

394 2972 604 3040 σόλυμα
629 2971 1065 3040 κατελάμϐανεν,
1106 2972 1203 3025 καὶ
1226 2970 1324 3041 τὴν
1359 2970 1524 3041 εὐχὴν
1558 2971 1636 3041 τῷ
1679 2970 1799 3042 Θεῷ
1833 2974 1968 3026 ἀπο-

2076 2979 2307 3033 Venerat
2332 2978 2383 3031 in
2405 2978 2715 3046 Egyptum,
2758 2990 2866 3043 quo
2915 2974 3059 3027 illum
3097 2973 3238 3026 fama
3288 2974 3353 3045 a'rl
3405 2980 3652 3024 sanctum

389 3063 514 3127 δοὺς
580 3064 678 3134 τὴν
733 3064 1064 3134 εὐάρεστον,
1116 3065 1197 3126 εἰς
1252 3064 1527 3131 Αἴγυπτον
1571 3063 1809 3134 ἔρχεται,
1871 3066 1968 3134 τῆς

2076 3070 2275 3142 Cyrum
2314 3069 2641 3138 perduxerat
2669 3077 2718 3121 et
2751 3065 2892 3120 inter
2916 3079 3052 3133 quos
3077 3062 3387 3117 communis
3421 3060 3520 3113 fuit
3563 3060 3657 3111 ha-

391 3153 583 3224 φήμης
609 3153 773 3206 αὑτὺν
801 3152 939 3223 πρὸς
988 3151 1166 3222 Κῦρον
1213 3150 1479 3220 ἑλκούσης
1509 3152 1600 3204 τὸν
1641 3151 1817 3221 ἆγιον,
1876 3153 1968 3205 καὶ

2080 3162 2296 3216 bitatio.
2325 3157 2383 3212 In
2402 3159 2600 3212 virtute
2631 3159 2857 3211 multum
2886 3156 3135 3224 profecit,
3157 3154 3284 3208 dum
3341 3151 3657 3205 sanatioues

389 3243 467 3306 ὡς
526 3242 810 3313 ὁμοπίστῳ
862 3241 941 3311 τῷ
992 3240 1248 3311 μακαρίῳ
1293 3238 1639 3310 συνῴκησεν·
1683 3244 1776 3293 καὶ
1831 3240 1968 3311 πρὸς

2076 3269 2104 3306 a
2135 3252 2277 3322 Cyro
2310 3250 2519 3312 videret
2556 3248 2848 3318 perfectas.
2886 3246 3057 3317 Magis
3108 3260 3237 3299 vero
3293 3243 3658 3297 invalescante

389 3333 614 3405 ἀρετὴν,
647 3333 788 3405 ὁρῶν
815 3332 913 3396 τὰς
949 3332 1115 3395 ἰάσεις
1161 3331 1620 3401 ἐπιτελουμένας,
1671 3332 1970 3396 ὲξετείνετο

393 3426 640 3481 πλείονα·
675 3424 769 3479 τοῦ
801 3408 1038 3495 διωγμοῦ
1072 3424 1129 3478 δὲ
1159 3425 1524 3495 σφοδρότερον
1557 3424 1966 3493 ὲπιφλύζοντος,

392 3519 488 3574 καὶ
513 3516 788 3571 Κασιανοῦ
810 3517 908 3586 τῆς
939 3520 996 3569 ὲν
1030 3515 1286 3587 Κανὼπῳ
1302 3516 1624 3586 Ἑλληνικῆς
1657 3518 1969 3587 ίερατεύον-

396 3626 485 3673 τος
507 3609 896 3679 ματαιότητος,
916 3606 1215 3678 παρθένους
1227 3610 1376 3677 τρεῖς
1388 3607 1480 3659 τὸν
1504 3608 1670 3660 τόπον
1684 3608 1839 3660 οἰκού
1850 3625 1967 3671 σας,

395 3699 630 3770 Χριστὸν
682 3698 738 3752 δὲ
788 3697 1292 3772 μνηστευσαμένας,
1345 3698 1395 3750 oi
1446 3698 1583 3768 πρὸς
1645 3697 1744 3768 τὴν
1793 3698 1969 3768 ἄγραν

392 3788 597 3860 ταύτην
654 3789 1029 3858 ἀρωρισμένοι
1079 3787 1392 3852 συνέλαϐον,
1451 3788 1547 3841 καὶ
1599 3788 1804 3850 ταύτας
1866 3790 1964 3843 σὺν

393 3883 563 3953 μητρὶ
598 3880 849 3952 Συριανῷ
909 3880 1308 3952 προσφέρουσιν
1336 3880 1416 3951 τῷ
1458 3879 1561 3949 τῆς
1615 3880 1826 3945 πόλεως
1868 3882 1971 3953 ἄρ-

397 3986 576 4043 χοντιο
602 3973 724 4024 τότε
754 3971 823 4024 τὰ
850 3972 977 4040 περὶ
1014 3970 1194 4024 αὐτῶν
1228 3969 1482 4041 ἀκηκοὼς
1520 3970 1707 4040 Κῦρος
1735 3973 1764 4025 6
1789 3972 1968 4042 ἀγιος,

399 4064 488 4117 ιιαὶ
521 4063 671 4135 φόϐῳ
706 4063 984 4135 συσχεθεὶς
1013 4064 1089 4127 ὡς
1142 4064 1508 4134 φιλόχριστος,
1562 4065 1637 4136 μὴ
1669 4066 1769 4128 τὰς
1810 4065 1971 4136 βασά-

393 4170 515 4216 νους
550 4152 626 4218 ὡς
667 4155 840 4224 μικρά
872 4153 940 4206 τὰ
973 4157 1235 4224 μειράκια
1265 4153 1644 4221 δειλιάσαντα,
1686 4154 1777 4208 τὸν
1832 4156 1971 4227 Χρι-

398 4244 518 4298 στὸν
532 4244 908 4314 ἑξομόσωνται
948 4249 1042 4297 καὶ
1070 4244 1168 4315 τὴν
1197 4246 1379 4299 πίστιν
1410 4246 1765 4316 ἀρνήσωνται
1799 4246 1887 4300 διά
1909 4246 1971 4300 τὸ

393 4334 493 4404 τῆς
524 4334 741 4405 ήλικίας
780 4336 899 4388 λίαν
934 4335 1272 4406 βραχύτατον
1298 4354 1311 4367 ο
1367 4336 1619 4408 (καὶγὰρ
1672 4338 1968 4410 Θεοκτίστη

394 4424 554 4479 πέντε
581 4426 676 4479 καὶ
732 4426 865 4482 δέκα
897 4426 973 4491 ὡς
1017 4426 1317 4499 πρεσϐῦτις
1354 4427 1533 4481 αὐτῶν
1587 4429 1964 4500 προσετύγχα-

393 4529 520 4569 νενο
577 4515 698 4585 ήδὲ
749 4515 957 4587 ταύτης
1002 4516 1235 4587 δευτέρα
1281 4518 1510 4589 θεοδότη
1574 4518 1694 4582 ἔτος
1739 4519 1961 4587 διήνυεν

391 4584 845 4675 τρισκαιδέκατον
865 4622 879 4637 ⁸
913 4584 1141 4672 Εὑδοξία
1163 4584 1220 4662 δὲ
1254 4610 1287 4679 ή
1319 4584 1525 4663 τούτων
1577 4610 1782 4680 ὑστάτη
1814 4584 1825 4587 ν
1846 4610 1964 4673 ἔτος
1998 4584 2041 4639 D

392 4689 529 4766 ἦγεν
589 4696 904 4751 ἑνδέκατον·
948 4695 1243 4751 Ἀθανασία
1299 4698 1356 4750 δὲ
1406 4696 1614 4752 τούτων
1672 4700 1705 4768 ή
1776 4700 1962 4769 μήτηρ

393 4788 733 4859 ιρερωνύμως
790 4790 1045 4859 ἐλέγετοο
1129 4790 1229 4859 τῆς
1286 4788 1393 4860 γὰρ
1442 4789 1611 4854 ὅντως
1674 4790 1973 4853 ἀθανασίας

398 4877 736 4951 κληρονόμος
772 4881 993 4950 ἐγένετο
1031 4882 1129 4935 σῦν
1179 4885 1292 4945 τοῖς
1345 4881 1518 4950 αὐτῆς
1570 4880 1969 4945 ποθεινοτάτοις

394 4970 751 5042 γεννήμασιν)
777 4989 792 5003 ·
822 4971 890 5024 δι’
913 4972 1001 5037 ἃς,
1025 4973 1267 5033 εἰπόντες
1298 4972 1371 5035 ὡς
1394 4971 1660 5042 ἔφθημεν.
1697 4973 1971 5038 δειλιάσας

398 5059 580 5131 Κῦρος
608 5062 762 5132 ἀγιος
791 5065 887 5118 σὺν
935 5064 1155 5136 Ἰωάννῃ
1200 5063 1299 5135 τήν
1334 5063 1489 5117 πόλιν
1534 5063 1823 5128 εἰσδύεται,
1856 5066 1952 5121 καὶ

2078 3344 2478 3414 persecutione,
2514 3342 2809 3397 Cassianus
2837 3342 2926 3409 qui
2954 3338 3156 3407 Canopi
3190 3334 3502 3391 Graecorum
3559 3348 3656 3386 va-

2073 3436 2227 3489 nitati
2262 3435 2631 3498 sacriﬁcabat,
2670 3436 2889 3487 rescivit
2919 3432 3115 3492 locum,
3152 3431 3240 3483 ubi
3271 3439 3380 3482 tres
3397 3426 3657 3493 virgines,

2073 3523 2292 3578 Christo
2319 3521 2678 3592 desponsam,
2714 3522 3001 3589 degebant.
3038 3520 3235 3574 Emisit
3266 3520 3356 3588 qui
3418 3518 3658 3582 virgines

2072 3614 2469 3671 insectarentur
2485 3623 2538 3669 et
2559 3628 2659 3666 una
2684 3629 2807 3668 cum
2832 3623 3003 3666 matre
3023 3621 3241 3681 agerent
3260 3611 3324 3663 ad
3344 3609 3658 3679 Syriaunm,

2072 3706 2355 3775 przesidem
2393 3704 2563 3759 urbis.
2597 3703 2708 3757 llas
2744 3714 2799 3756 ut
2828 3711 3017 3771 captas
3053 3701 3257 3755 audivit
3286 3709 3507 3755 sanctus
3558 3698 3656 3768 Cy-

2077 3811 2193 3861 rus,
2235 3797 2427 3850 timore
2452 3795 2732 3863 perculsus
2762 3803 2849 3848 est
2889 3808 2957 3848 ne
2983 3801 3377 3847 tormentorum
3430 3792 3658 3846 horrore

2072 3886 2348 3942 Christum
2378 3884 2655 3954 ejurarcnt
2676 3895 2730 3940 et
2755 3886 2911 3940 ﬁdem
2939 3894 3199 3954 negarent
3216 3883 3653 3946 adulescentula},

2071 3992 2191 4046 quae
2225 3977 2379 4029 annis
2395 3987 2550 4030 erant
2583 3975 3109 4042 tenerrimm;tuajur
3141 3974 3282 4028 enim
3313 3983 3441 4027 natu
3476 3972 3655 4027 Theo-

2071 4069 2253 4134 ctista,
2302 4068 2485 4121 decem
2535 4074 2589 4121 et
2637 4067 2873 4135 quinque
2912 4065 3146 4119 habebat
3184 4080 3389 4130 annos;
3422 4066 3655 4119 secunda

2073 4167 2276 4223 autem,
2322 4156 2585 4222 Deodata,
2614 4157 2830 4211 tertium
2863 4156 3132 4210 decimqu
3168 4155 3520 4223 perﬁciebat;
3550 4154 3655 4207 Eu-

2075 4252 2239 4305 tloxia
2267 4264 2419 4314 vero,
2464 4260 2589 4303 natu
2639 4250 2816 4302 minor
2846 4236 3046 4302 annum
3088 4248 3243 4301 duxit
3284 4246 3651 4301 undecimum.

2074 4342 2280 4398 Harum
2322 4351 2522 4406 mater,
2553 4342 2873 4401 Athanasia,
2906 4355 3037 4394 vere
3065 4348 3119 4393 et
3144 4338 3656 4408 proprieimmorta-

2073 4434 2142 4489 lis
2207 4435 2546 4488 vocabatur:
2607 4431 3074 4486 immortalitatem
3142 4444 3330 4498 reapse
3364 4436 3654 4482 consecuta

2074 4533 2158 4580 est
2188 4539 2308 4578 cum
2337 4522 2810 4578 desideratissimis
2841 4520 3054 4575 ﬁliabus
3079 4519 3213 4573 suis.
3237 4516 3471 4585 Propter
3512 4515 3653 4578 illas,

2071 4624 2129 4669 ut
2186 4612 2445 4679 diximus,
2506 4613 2804 4668 timuerunt
2838 4619 3063 4666 sanctus
3081 4608 3254 4679 Cyrus
3284 4618 3338 4661 et
3366 4604 3607 4660 Joannes
3637 4617 3654 4669 ;

2071 4704 2301 4773 ideoque
2338 4710 2628 4774 penetrant
2678 4702 2732 4755 iu
2781 4702 2996 4765 urbem,
3040 4710 3098 4753 ut
3133 4707 3257 4752 natu
3286 4707 3338 4751 et
3369 4712 3502 4751 sexu
3549 4694 3659 4748 fra-

2073 4795 2208 4864 giles
2240 4796 2306 4849 ad
2345 4809 2571 4864 agonem
2606 4794 2872 4857 excitent,
2907 4792 3197 4845 tormentis
3242 4790 3553 4857 superiores
3581 4785 3659 4837 la-
3731 4859 3742 4870 '

2070 4889 2233 4949 ciant,
2267 4886 2471 4941 Christi
2508 4884 2702 4954 Spousi
2762 4898 2989 4952 regnum
3040 4881 3293 4936 suasione
3329 4886 3653 4947 praeparent,

2073 4979 2338 5031 castitatis
2397 4979 2676 5046 imponant
2736 4989 3013 5037 coronam,
3052 4972 3307 5042 gaudium
3362 4980 3418 5022 et
3459 4966 3656 5022 indesi-

2063 5078 2278 5124 nentem
2322 5069 2559 5122 laetitiam
2594 5057 2871 5135 praestent.

397 5151 495 5218 τὰς
548 5153 832 5225 λεχθείσας
869 5156 1030 5225 ἁγίας
1092 5157 1227 5230 πρὸς
1276 5157 1401 5220 τοὺς
1470 5157 1689 5225 ἀγῶνας
1731 5158 1968 5229 ἀλείφων
2034 5161 2175 5230 ὑπὲρ
2235 5161 2396 5229 φύσιν
2423 5159 2717 5229 διήγειρεν,
2789 5159 2883 5210 καὶ
2928 5157 3038 5210 τῶν
3098 5155 3346 5226 βασάνων
3403 5150 3657 5206 κατατολ-

400 5243 528 5313 μᾷν,
558 5246 648 5297 καὶ
691 5245 766 5315 μὴ
794 5244 993 5316 δειλιᾷν
1016 5245 1105 5300 διά
1128 5247 1227 5317 τὴν
1252 5245 1488 5317 Χριστοῦ
1519 5244 1614 5299 τοῦ
1651 5248 1958 5319 μνηστῆρος
1985 5247 2279 5317 βασιλείαν
2310 5249 2546 5313 ἔπειθεν,
2569 5250 2694 5311 τοὺς
2756 5248 2857 5317 τῆς
2910 5247 3131 5316 ἁγνείας
3215 5245 3284 5300 αὖ
3298 5248 3407 5308 ταῖς
3456 5240 3657 5310 στεφά-

472 5428 540 5484 θ’.
580 5430 720 5484 Ἀλλ’
747 5433 775 5484 ό
804 5431 1081 5503 ἀλιτήριος
1109 5432 1299 5502 ἐχθρὸς
1332 5432 1494 5486 πάλιν
1528 5432 1617 5486 διὰ
1659 5432 1768 5486 τῶν
1814 5434 1974 5487 ἀνια-

403 5519 519 5594 ρῶν
566 5521 857 5597 ὑπηρετῶν
908 5525 1074 5579 αὑτοῦ
1141 5525 1407 5596 φανεροὺς
1458 5527 1586 5589 τοὺς
1639 5524 1827 5594 ἁγίους
1878 5544 1975 5580 πε-

405 5610 621 5685 ποίητο,
644 5614 742 5670 καὶ
797 5615 875 5689 τῷ
918 5617 1140 5689 ἄρχοντι
1198 5615 1495 5687 διαρρήδην
1546 5614 1969 5688 γνωρισθέντες,

283 5369 292 5377 -
400 5351 528 5400 νους
559 5336 901 5409 ὑπέγραψεν,
959 5340 1055 5392 καὶ
1107 5340 1282 5410 χαρᾶς
1309 5338 1465 5406 λῆξιν
1501 5339 1595 5390 καὶ
1642 5340 1977 5412 εὐφροσύνην
2015 5343 2165 5406 τέλος
2196 5342 2271 5413 μὴ
2301 5342 2550 5413 ἔχουσαν.

2156 5435 2324 5490 9.Ast
2356 5435 2633 5491 maleﬁcus
2668 5436 2769 5490 ille
2818 5434 3089 5498 inimicus,
3135 5446 3235 5502 per
3287 5430 3656 5487 intolerandus
3753 5498 3761 5507 .

2080 5540 2374 5582 conservos
2404 5542 2533 5581 suos
2559 5524 2927 5581 manifestavit
2944 5525 3156 5596 praesidi
3178 5535 3394 5579 sanctos
3419 5533 3653 5588 nostros,

2081 5627 2136 5674 et
2169 5617 2329 5691 hujus
2355 5627 2592 5676 mentem
2625 5617 2912 5675 oﬁ‘uscaut.
2941 5616 3262 5689 Priusquam
3304 5618 3372 5673 ad
3406 5614 3655 5686 prmsidis
