4020 6200
395 194 538 255 36ε3

1295 199 1356 257 S.
1400 195 1814 257 SOPHRONII
1845 198 2347 261 PATRIARCHB
2381 200 2783 262 HIEROSOL.

3504 196 3639 261 3684

393 302 629 359 tribunal
656 305 868 361 adducti
898 304 1150 372 l‘utsscnl,
1169 306 1460 360 as'iterunt
1489 305 1798 370 ignominia:
1821 306 1964 360 servi

2084 309 2260 362 τούτου
2290 311 2390 379 τὴν
2415 311 2656 364 διάνοιαν
2713 308 3138 378 ἀπημαύρωσαν
3163 324 3176 338 ·
3200 306 3329 376 πρὶν
3360 305 3393 375 ἢ
3429 307 3538 378 γὰρ
3576 313 3641 378 τῇ

393 403 657 452 accusant
694 411 739 459 s,
758 398 1075 467 apparuisse
1095 398 1357 467 quosdam
1381 412 1441 449 ac
1470 396 1680 466 ignotos
1702 397 1969 461 homines,

393 486 620 539 alterum
643 488 960 551 monastico,
982 488 1208 542 alterum
1240 488 1425 541 habitu
1449 488 1689 552 militari,
1716 490 1805 558 qui
1841 505 1973 557 cap-

395 589 477 634 tas
498 581 661 636 modo
687 580 921 649 virgines
940 582 1281 647 inducerent,
1298 582 1496 652 partim
1518 581 1582 634 ad
1601 580 1822 637 deorum
1843 597 1973 635 eon-

397 680 677 739 temptnm,
709 673 903 739 partim
944 670 1010 726 ad
1038 674 1213 728 cultus
1238 676 1303 730 iis
1326 675 1488 729 debiti
1519 676 1969 736 exsecrationem,

395 764 584 829 partim
603 764 668 818 ad
686 764 1068 820 Caesaratorum
1084 765 1358 834 iussorum
1377 768 1971 837 despectionem,nnum

391 856 702 923 quemdam,
744 871 924 926 regem
952 875 1107 913 suum
1132 872 1393 915 :eteruum
1415 862 1730 928 prtedieare.
1768 860 1973 926 Quilms

394 946 683 1014 perceptis,
749 947 933 1002 furore
980 952 1117 1019 rngit
1154 952 1261 1003 lien
1303 952 1509 1005 invisus
1568 962 1786 1017 prmses,
1843 957 1897 1001 et
1930 963 1958 999 a

398 1037 657 1091 nilitibus
689 1050 813 1093 ante
845 1041 1079 1094 tribunal
1135 1042 1457 1095 deferendos
1515 1050 1739 1094 sanctos
1786 1040 1969 1108 jussit.

399 1145 418 1178 ι
452 1126 496 1182 Ο
546 1128 862 1193 miserrimi,
910 1130 1148 1186 felicium
1213 1132 1436 1183 deormn
1487 1129 1717 1188 inimici.
1775 1130 1972 1182 rlamat

395 1217 738 1287 Syrianus,o
780 1230 951 1276 morte
994 1223 1287 1276 durissima
1347 1223 1641 1290 puniendi!
1687 1222 1797 1276 Cur
1850 1222 1971 1277 illas

394 1310 637 1378 virgines
704 1316 771 1366 ab
827 1313 1171 1380 imperatoris
1230 1315 1513 1369 servandis
1566 1315 1759 1368 edictis
1816 1330 1972 1367 aver-

397 1399 526 1454 tite?
551 1400 689 1455 Num
720 1413 771 1457 et
808 1419 901 1458 vos
934 1405 1295 1458 Romanorum
1320 1405 1552 1459 (Ia-saris
1602 1405 1972 1459 thittlﬂlllOl'CS

392 1493 545 1557 estis,
586 1494 676 1561 qui
739 1494 1171 1550 abominabiletn
1257 1496 1691 1551 Christianorum
1767 1497 1973 1550 doctri-

394 1598 519 1637 nam
556 1586 777 1641 colitis?
803 1588 1055 1643 Attamen
1096 1589 1475 1656 pmuitentiam
1515 1589 1681 1657 agite,
1709 1589 1968 1657 propitios

2074 401 2238 455 αὐτοῦ
2269 402 2487 471 ἀτάκτῳ
2514 402 2663 466 τάξει
2691 404 2741 455 οἱ
2767 403 3037 472 ὑπηρέται
3062 401 3335 469 ἀγάγωσι,
3360 399 3637 472 [καταμη-

2073 493 2309 566 νύουσιν]
2344 495 2419 559 ὡς
2456 495 2548 547 δύο
2582 496 2729 558 τινες
2772 494 3029 563 μονάζων
3062 510 3119 545 τε
3160 493 3254 545 καὶ
3307 491 3636 562 στρατιώτης

2070 586 2171 649 τάς
2195 587 2650 656 προσενεχθείσας
2687 587 2985 656 παρθένους
3013 584 3345 647 πλανῶντες,
3368 585 3482 645 τοῖς
3503 583 3639 645 θεοῖς

2073 678 2264 747 φέρειν
2294 677 2393 746 τὴν
2436 679 2659 731 δέουσαν
2717 680 2776 733 οὐ
2830 675 3520 748 συγχωροῦσινλατρείαν,
3553 676 3645 727 καὶ

2072 768 2423 838 τυραννοῦσιν
2453 767 2543 820 τὸν
2573 769 2846 839 Καίσαρα,
2879 769 2951 838 μὴ
2984 767 3311 836 πειθομένας
3340 765 3507 820 αύτοῧ
3535 768 3644 827 τοῖς

2073 859 2528 927 προστάγμασιν,
2565 860 2702 912 ἀλλὰ
2747 860 2951 927 Ἰησοῦν
2983 859 3201 925 λέγουσι
3231 857 3454 927 βασιλέα
3506 852 3643 911 εἶναι

2072 949 2316 1003 αἰώνιονο
2353 951 2614 1020 Συριανδς
2642 951 2699 1004 δὲ
2734 945 2888 1013 οὗτος
2913 951 2941 1002 ὁ
2966 950 3228 1020 θεήλατος
3259 948 3482 1020 ἡγεμὼν
3510 949 3646 1019 πρὸς

2072 1041 2140 1093 τὰ
2175 1040 2435 1109 λεχθέντα
2464 1041 2693 1111 βρύξας,
2722 1043 2952 1109 ἄγεσθαι
2979 1042 3073 1094 καὶ
3101 1043 3298 1104 αὐτοὺς
3330 1043 3443 1104 τοῖς
3482 1055 3647 1110 στρα-

2077 1130 2298 1195 τιώταις
2354 1134 2719 1203 προσέταττεν
2765 1134 2872 1205 πρὸ
2924 1133 3018 1186 τοῦ
3070 1132 3330 1204 βήματος,
3375 1133 3469 1185 καὶ
3508 1132 3644 1202 πρὸς

2071 1224 2268 1286 αὐτοὺς
2302 1224 2503 1294 ἔφησεν
2528 1239 2541 1254 ο
2580 1243 2598 1276 r
2622 1221 2692 1276 Ὠ
2715 1224 2966 1292 δύστηνοι
2995 1224 3089 1277 καὶ
3127 1224 3265 1277 θεῶν
3298 1223 3481 1293 ἐχθροὶ
3539 1225 3647 1277 τῶν

2075 1314 2383 1385 μακαρίων,
2423 1315 2657 1368 θανάτου
2682 1332 2741 1368 τε
2767 1315 2929 1379 ἄξιοι,
2959 1314 3101 1378 τίνος
3152 1316 3316 1368 ἕνεκα
3352 1317 3451 1378 τὰς
3495 1332 3642 1385 παρο

2073 1406 2260 1468 θένους
2313 1407 2481 1460 εῐκειν
2537 1405 2627 1460 τοῦ
2662 1407 2940 1476 Καίσαρος
2988 1407 3086 1459 οὐκ
3138 1408 3263 1460 ἐᾶτε
3306 1408 3419 1469 τοῖς
3462 1406 3648 1459 θεσπί-

2075 1513 2309 1567 σμασιν;
2338 1498 2370 1567 ἢ
2406 1497 2606 1567 μᾶλλον
2632 1499 2909 1567 πεφήνατε
2942 1498 3017 1560 ὡς
3049 1498 3205 1567 ὑμεῖς
3253 1498 3405 1551 αὐτοὶ
3449 1496 3649 1568 τύραν-

2074 1605 2152 1641 νοι
2215 1587 2310 1640 τοῦ
2347 1588 2746 1659 αὐτοκράτορος
2797 1587 3084 1657 Ῥωμαίων
3134 1588 3432 1657 τυγχάνετε
3460 1626 3475 1651 ,
3546 1587 3649 1656 τῆς

397 1675 928 1733 tnaximosinvoeate
967 1679 1118 1743 deos,
1141 1690 1195 1732 et
1222 1679 1508 1747 cujusdam
1538 1679 1696 1748 pretii
1723 1682 1961 1734 honores

2084 1682 2336 1753 βδελυρᾶς
2366 1682 2476 1735 τῶν
2526 1656 2869 1751 Χριστιανῶν
2913 1656 3224 1751 θρησκείας
3266 1656 3646 1749 νὺπάρχοντεςς

396 1767 462 1819 ab
485 1766 812 1831 imperatore
836 1769 1165 1823 habebitis»
1187 1768 1370 1823 Sancti
1390 1784 1515 1823 vero
1535 1770 1957 1837 responderunt:

400 1872 419 1903 ι
459 1854 757 1934 ξἰιεῑιίνοε,
807 1872 840 1910 0
895 1858 1163 1929 Syriane,
1224 1874 1328 1912 non
1365 1860 1638 1914 ambimus
1685 1859 1963 1926 honores;

394 1947 630 2002 visibilis
659 1950 803 2002 enim
836 1952 1018 2005 omnia
1082 1961 1411 2005 evanescent
1436 1968 1450 2005 :
1479 1966 1754 2020 nunquam
1782 1951 1966 2004 lietili-

400 2038 498 2091 bus
519 2040 905 2094 daemoniorum
938 2042 1262 2112 imaginibus
1288 2043 1595 2099 deferemus
1642 2043 1844 2098 cultum
1881 2057 1969 2098 so-

399 2130 501 2185 lius
521 2131 635 2193 Dei,
669 2146 775 2186 nec
793 2132 1069 2186 Christum
1103 2134 1512 2203 abnegabimus,
1544 2134 1783 2188 omnium
1807 2133 1971 2189 Crea-

398 2233 597 2283 torem.
630 2238 791 2294 quem
830 2225 881 2279 in
908 2240 1087 2296 regem
1148 2227 1413 2282 habemus
1446 2236 1743 2292 aternum;
1775 2226 1969 2282 frustra

398 2313 555 2368 nobis
590 2326 816 2369 mortem
845 2318 1089 2380 minaris,
1131 2332 1252 2372 eum
1274 2329 1447 2373 morte
1474 2319 1649 2373 simus
1697 2318 1968 2387 fortiores,

400 2407 466 2456 ad
488 2404 649 2475 hujus
679 2406 803 2461 vita}
827 2408 1117 2462 terminum
1143 2424 1249 2465 non
1279 2408 1654 2479 respiciamus,
1677 2411 1769 2466 sed
1813 2427 1974 2467 coro-

403 2480 527 2553 n’am
558 2485 744 2568 gloria:
776 2507 834 2555 et
862 2501 1310 2557 immortalitatis.
1347 2520 1367 2553 ι

479 2761 562 2817 ιο.
605 2760 977 2834 ingemiscens
1033 2763 1298 2832 Syrianus
1336 2773 1390 2819 et
1434 2764 1687 2820 dentibus
1739 2763 1978 2820 fremens

402 2856 480 2910 sie
498 2855 630 2917 illos
665 2856 860 2911 allatus
880 2866 999 2911 est:
1041 2875 1059 2907 ι
1094 2856 1333 2927 Benigne
1362 2858 1517 2912 vobis
1540 2860 1822 2912 servandae
1844 2858 1976 2911 luis-

2074 1775 2509 1843 μετανοήσαντες
2556 1773 2756 1837 τοίνυν,
2801 1773 2929 1834 τοὺς
2971 1771 3262 1840 μεγίστους
3298 1770 3427 1840 ὑμῖν
3478 1769 3642 1831 θεοὺς

2069 1864 2385 1930 ίλεώσασθε,
2422 1866 2517 1919 καὶ
2541 1864 2707 1932 τιμὰς
2734 1864 2883 1933 παρὰ
2905 1863 3166 1933 βασιλέως
3189 1863 3248 1915 οὐ
3266 1862 3364 1926 τὰς
3385 1865 3651 1932 τυχούσας

2069 1956 2405 2027 κομίσοισθεο
2434 1976 2453 2009 ο
2480 1959 2526 2009 οἱ
2550 1956 2606 2009 δὲ
2629 1956 2763 2026 πρὸς
2785 1956 2947 2008 αὑτὸν
2978 1953 3384 2023 ἀπεκρίθησαν
3409 1972 3428 2004 ι
3462 1954 3667 2021 Ἡμεῖς,
3710 1986 3727 2003 .

2069 2044 2114 2102 ὦ
2133 2050 2382 2121 Συριανὲ,
2406 2048 2569 2118 τιμὰς
2597 2048 2824 2117 ἀτίμους
2854 2048 2914 2100 ού
2950 2046 3311 2117 προσιέμεθα·
3338 2044 3651 2116 πρόσκαιρα

2071 2141 2178 2211 γάρ
2211 2142 2313 2195 είσι
2345 2141 2412 2194 τὰ
2444 2140 2747 2210 βλεπόμενα
2772 2156 2786 2170 ⁸
2820 2138 2943 2192 οὔτε
2972 2138 3243 2209 δαιμόνων
3290 2138 3501 2204 ξοάνοις
3547 2136 3648 2206 τὴν

2075 2233 2243 2304 μόνην
2273 2231 2588 2302 πρέπουσαν
2617 2230 2737 2300 Θεῷ
2773 2230 3031 2301 λατρείαν
3063 2230 3473 2301 προσφέρομεν·
3529 2226 3646 2281 ἀλλ’

2073 2323 2195 2378 οὕτε
2221 2324 2453 2393 Χριστὸν
2501 2321 2862 2392 ἀρνησόμεθα
2893 2321 2983 2373 τὸν
3014 2322 3190 2375 πάντα
3242 2320 3565 2391 ποιήσαντα,
3587 2320 3649 2373 ὃν

2076 2412 2300 2482 βασιλέα
2328 2411 2543 2464 αἰώνιον
2566 2411 2802 2480 ἔχοντες,
2846 2409 3054 2481 δωρεὰς
3084 2408 3215 2478 παρ’
3242 2407 3408 2461 αὑτοῦ
3468 2410 3647 2477 ἐπηγ-

2074 2497 2394 2565 γειλάμεθα,
2428 2498 2656 2551 θανάτου
2687 2498 2994 2565 κρείττους,
3029 2497 3124 2550 καὶ
3184 2496 3319 2566 πρὸς
3345 2495 3505 2563 λῆξιν
3549 2496 3648 2565 ούχ

2073 2588 2305 2659 ὁρώσας,
2363 2590 2645 2658 στεφάνων
2697 2589 2754 2642 δὲ
2802 2589 3028 2661 πλήρεις
3075 2589 3168 2641 καὶ
3223 2589 3452 2659 τρυφῆς
3514 2588 3651 2642 ἀθα-

2077 2670 2260 2734 νάτου.
2285 2700 2302 2732 ι

2152 2767 2202 2820 ι’.
2236 2767 2376 2837 Πρὸς
2408 2767 2500 2823 οὓς
2526 2765 2765 2835 οἰμώξας
2797 2768 2825 2819 ὁ
2854 2770 3117 2839 Συριανδς
3147 2766 3239 2823 καὶ
3267 2771 3393 2833 τοὺς
3429 2770 3650 2834 ὀδόντας

2082 2854 2280 2924 βρύξας
2304 2852 2471 2907 εἶπεν·
2497 2874 2515 2907 ι
2546 2857 2689 2909 Ἔδει
2715 2857 2813 2924 μὲν
2830 2859 2973 2928 ὑμᾶς
2994 2862 3055 2929 τῇ
3077 2859 3457 2932 φιλανθρωπίᾳ
3477 2862 3656 2915 πειθο-

401 2957 526 3002 seut
577 2946 810 3003 Caesaris
859 2948 1003 3018 leges
1061 2959 1114 3002 et.
1195 2949 1342 3004 salus
1388 2952 1812 3017 consequentia;
1856 2952 1976 3018 quia

2088 2948 2281 3015 μένους
2315 2944 2408 2998 τοῦ
2434 2946 2622 3015 νόμου,
2668 2946 2929 3018 κερδῆσαι
2977 2951 3076 3018 τὴν
3111 2949 3417 3020 σωτηρίαν·
3461 2951 3650 3020 ἐπειδὴ

405 3054 543 3092 (ταιοο
576 3040 715 3108 Capti
738 3040 871 3095 estis
909 3040 1193 3108 'supcrltia,
1232 3040 1400 3109 plaga!
1455 3040 1718 3109 impositae
1768 3041 1834 3093 ad
1881 3040 1981 3092 im-

406 3132 670 3196 peratoris
704 3132 877 3186 edicta
912 3148 1004 3186 vos
1032 3134 1296 3201 redigent.
1333 3151 1352 3183 ι
1394 3131 1487 3186 l‘lis
1514 3133 1693 3196 dit-tis,
1751 3133 1984 3203 virgines

405 3223 459 3274 in
508 3232 858 3291 conspectum
902 3239 1058 3277 suum
1087 3223 1298 3277 curavit
1332 3223 1695 3287 adducendas,
1737 3233 1789 3278 et
1825 3238 1984 3277 omne

408 3322 800 3366 tormentorum
849 3329 1018 3383 genus
1074 3323 1199 3368 ante
1227 3325 1541 3369 sanctorum
1605 3313 1792 3368 oculos
1823 3329 1986 3380 chtt-

409 3403 640 3457 ucndum
669 3406 861 3475 jussit;
890 3406 1062 3459 laneis
1090 3416 1145 3460 et
1215 3406 1450 3460 fustibus
1471 3406 1845 3467 dissecandos,
1877 3407 1985 3471 igni

410 3496 670 3561 urendos,
704 3507 858 3550 aceto
902 3497 1224 3551 inﬁciendos
1255 3506 1309 3550 et
1361 3496 1621 3549 membris
1657 3496 1983 3561 dilucet-aus,

416 3587 539 3640 illos
567 3589 762 3656 pannis
796 3606 825 3643 e
852 3591 1063 3643 camelo
1094 3589 1375 3645 confectos
1393 3587 1772 3644 conlricandos
1800 3586 1983 3640 voluit.

414 3680 596 3745 Omni,
628 3682 769 3735 sicut
797 3683 1092 3736 indicatum
1126 3691 1229 3746 est,
1255 3689 1645 3736 tormentorum
1668 3695 1866 3751 genere
1897 3681 1990 3731 ad-

413 3774 603 3832 hibito.
632 3773 885 3829 fortiores
914 3784 969 3829 et
1023 3775 1421 3828 constantiores
1454 3772 1587 3826 vidit
1619 3782 1884 3843 martyres
1928 3786 1991 3825 ac

418 3865 460 3917 si
490 3865 669 3918 alieno
700 3866 844 3933 passi
904 3865 1129 3919 fuissent
1157 3879 1406 3934 corpore.
1436 3864 1571 3929 Quia
1623 3862 1991 3938 vehementius

415 3969 631 4023 semper
662 3954 1136 4019 contradicebant,
1165 3954 1550 4009 fervescentem
1580 3954 1788 4020 piceam
1806 3967 1989 4006 eorum

360 4084 365 4087 -
415 4047 640 4112 pedibus
675 4046 935 4107 immisit:
966 4057 1048 4100 ast
1088 4045 1389 4100 imitatione
1416 4054 1469 4099 ct
1497 4044 1618 4097 forti
1682 4056 1976 4116 martyrum

413 4138 841 4191 contradictione
876 4137 1054 4205 plures
1083 4139 1148 4189 ad
1170 4136 1325 4189 fidem
1344 4135 1587 4189 conversi
1606 4143 1767 4188 sunt:
1804 4149 1835 4188 e
1863 4149 1991 4187 san-

412 4239 623 4282 ctorum
668 4228 971 4282 constantia
1005 4239 1057 4282 et
1107 4227 1285 4281 vultus
1336 4225 1606 4280 hilaritate
1644 4224 1993 4293 coniecerunt

2083 3036 2138 3089 δὲ
2187 3035 2340 3106 τύφῳ
2391 3037 2758 3107 κεκράτησθε,
2826 3037 3059 3107 πληγαῖς
3108 3039 3254 3109 ὑμᾶς
3315 3038 3479 3103 εἴξειν
3534 3043 3649 3103 τοῖς

2086 3128 2498 3199 προστάγμασιν
2526 3127 2696 3180 πείσω
2716 3126 2811 3181 τοῦ
2841 3129 3273 3200 αὐτοκράτορος⁸
3308 3149 3326 3181 ι
3366 3130 3539 3184 ταῦτα
3576 3133 3658 3183 εί-

2086 3218 2227 3277 πὼν,
2269 3216 2368 3280 τὰς
2421 3219 2724 3287 παρθένους
2781 3220 3091 3290 ἔμπροσθεν
3144 3219 3312 3274 αὑτοῦ
3358 3222 3660 3291 γενομένας

2086 3308 2452 3378 παρέστησεν,
2508 3309 2597 3360 καὶ
2653 3312 2758 3361 πᾶν
2808 3305 2944 3373 εἶδος
3012 3310 3262 3381 βασάνων
3312 3314 3426 3375 τοῖς
3485 3313 3665 3378 ἁγίοις

2090 3400 2390 3470 ἐπέφερεν·
2438 3402 2513 3463 ὡς
2555 3400 2610 3452 δὲ
2668 3401 2919 3470 μάστιξιν
2979 3402 3185 3471 πλήξας
3243 3405 3337 3456 καὶ
3378 3406 3659 3473 ῥοπάλου,

2089 3490 2222 3559 πυρί
2252 3509 2311 3544 τε
2347 3492 2544 3561 φλέξας
2575 3492 2664 3545 καὶ
2714 3494 2923 3564 ὀξάλμῃ
2978 3494 3195 3564 βρέξας.
3248 3496 3316 3549 τά
3364 3498 3658 3567 φλεχθέντα

2092 3583 2228 3653 μέλη
2286 3583 2549 3652 τριχίνοις
2614 3584 2838 3652 ῥάκεσιν
2902 3587 3255 3658 προστρίϐειν
3328 3590 3652 3643 ἐκέλευσεν·

2092 3674 2253 3726 παντί
2276 3690 2331 3726 τε
2365 3674 2516 3736 εῖδει,
2569 3674 2643 3737 ὡς
2693 3676 2965 3740 λέλεκται,
3028 3676 3261 3745 βασάνου
3304 3681 3658 3749 χρησάμενος

2093 3769 2570 3840 ῥωμαλαιοτέρους
2602 3770 2747 3841 ἐώρα
2800 3771 2928 3833 τοὺς
2973 3771 3279 3843 μάρτυρας,
3335 3775 3428 3827 καὶ
3477 3773 3553 3836 ὡς
3604 3775 3665 3826 ἐν

2091 3859 2391 3931 ἀλλοτρίοις
2450 3860 2754 3929 πάσχοντας
2825 3860 3089 3932 σώμασιν,
3155 3864 3252 3917 καὶ
3295 3864 3661 3935 σφοδρότερον

2092 3953 2494 4019 ἀντιλέγοντας,
2531 3953 2699 4024 πίσσῃ
2734 3970 2791 4006 τε
2819 3953 3124 4026 βραττούσῃ
3154 3957 3279 4019 τοὺς
3314 3956 3482 4020 πόδας
3506 3956 3667 4027 ἐπλή-

2098 4057 2270 4110 ρωσεν
2289 4057 2301 4069 ·
2328 4040 2419 4093 καὶ
2442 4040 2667 4103 πολλοὺς
2701 4040 2888 4114 [ὀρῶν]
2911 4044 3309 4114 ἐφελκομένους
3338 4044 3473 4115 πρὸς
3499 4044 3669 4115 μίμηο

2097 4149 2200 4197 σιν,
2243 4133 2338 4186 καὶ
2361 4136 2424 4202 τῇ
2477 4134 2661 4186 πίστει
2711 4136 3159 4204 προσαγομένους
3210 4139 3321 4198 ταῖς
3367 4140 3664 4208 καρτεραῖς

2095 4224 2472 4279 άντιστάσεσιν
2517 4227 2595 4295 (ἐν
2624 4227 2734 4294 γάρ
2789 4229 2854 4295 τῇ
2912 4229 3157 4298 ὑπομονῇ
3214 4229 3320 4281 τῶν
3371 4233 3664 4292 τοσούτων,

416 4320 570 4373 multi
598 4318 757 4384 hujus
805 4320 1120 4373 certaminis
1147 4319 1424 4388 prmmium
1458 4334 1577 4372 esse
1612 4318 1851 4372 futuram
1879 4318 1980 4371 im-

2098 4321 2189 4370 καὶ
2215 4318 2314 4389 τῆς
2334 4319 2443 4372 τῶν
2477 4322 2771 4392 μαρτύρων
2798 4320 3006 4374 ἀλύπου
3041 4320 3415 4389 φαιδρότητος,
3445 4321 3495 4373 οἱ
3524 4319 3659 4373 πολ-

419 4409 763 4464 mortalitatis
791 4409 988 4476 vitam;
1035 4418 1299 4481 martyres
1320 4420 1502 4464 autem
1536 4426 1657 4463 cum
1701 4420 1871 4464 matre
1899 4410 1990 4462 de-
2032 4434 2041 4443 ι

419 4509 540 4553 vota
598 4499 759 4568 jussit
814 4503 1159 4569 torquendus.
1229 4499 1425 4554 Verum
1480 4511 1665 4555 contra
1718 4501 1994 4555 stimulum

418 4590 839 4645 calcitraverunt
897 4591 1170 4660 virgines,
1218 4607 1337 4660 qua:
1396 4606 1659 4661 generoso
1702 4602 1993 4661 martyrum

418 4684 666 4753 exemplo
702 4684 938 4739 incensae
968 4684 1251 4748 pra'sidcm
1287 4687 1534 4737 vicerunt
1562 4702 1576 4749 ;
1603 4684 1818 4737 demum
1855 4684 1993 4737 hanc

420 4776 745 4829 sententiam
802 4775 944 4842 tulit,
987 4783 1047 4831 ut
1096 4785 1258 4843 caput
1310 4776 1740 4837 abscinderetur,
1803 4775 1989 4843 sicque

422 4878 645 4931 sponsas
678 4881 782 4920 una
811 4881 932 4921 eum
962 4877 1134 4919 matre
1162 4867 1380 4921 Christo
1414 4866 1629 4931 adjecit.

2093 4409 2177 4462 λοὶ
2206 4410 2306 4481 τῆς
2336 4412 2636 4482 μελλούσης
2670 4414 2817 4483 ζωῆς
2872 4414 2941 4466 τά
2985 4414 3083 4480 τῆς
3123 4412 3435 4481 ἀφθαρσίας
3469 4413 3668 4464 εἰκονί-

2094 4496 2248 4563 ζοντο
2278 4499 2529 4566 ἔπαθλα),
2565 4503 2899 4571 μεταστῆναι
2927 4501 3194 4564 κελεύσας
3211 4500 3340 4563 τοὺς
3362 4500 3666 4570 μάρτυρας,

2096 4592 2259 4644 πάλιν
2287 4592 2386 4656 τὰς
2425 4594 2726 4663 παρθένους
2760 4594 3044 4647 ἐκέλευσεν
3089 4594 3398 4659 αἰκίζεσθαι
3450 4591 3565 4663 ἅμα
3594 4596 3662 4662 τῇ

2095 4686 2327 4757 φιλοθέῳ
2358 4687 2526 4759 μητρί
2550 4703 2562 4717 '
2595 4687 2670 4750 ὡς
2697 4686 2752 4740 δὲ
2808 4686 2944 4754 πρὸς
2980 4685 3183 4756 κέντρα
3224 4685 3517 4749 λακτίζων,
3570 4686 3669 4736 καὶ

2095 4778 2319 4843 ταύταις
2343 4779 2541 4850 ἡττᾶτο
2563 4780 2625 4831 ὲκ
2646 4777 2754 4831 τῶν
2795 4775 3091 4848 μαρτύρων
3120 4775 3220 4848 τὴν
3243 4776 3337 4829 τοῦ
3364 4775 3667 4845 μαρτυρίου

2097 4869 2562 4940 ἀπαλειφομέναις
2580 4870 2957 4938 γενναιότητα,
2987 4867 3140 4931 τέλος
3189 4867 3305 4938 τὴν
3333 4865 3514 4935 ψῆφον
3565 4866 3674 4916 άπ-

422 4962 641 5031 ἐφηνεν,
676 4963 769 5015 καὶ
802 4962 901 5024 τὰς
958 4962 1197 5031 κεφαλὰς
1226 4961 1404 5014 αὐτῶν
1429 4960 1699 5031 τμηθῆναι
1726 4960 2014 5014 ἐκέλευσεν
2053 4963 2217 5017 τῶνδε
2244 4964 2351 5017 τῶν
2392 4963 2485 5017 τοῦ
2548 4962 2785 5035 Χριστοῦ
2835 4960 3082 5032 νυμφῶν,
3133 4962 3228 5015 σὺν
3282 4958 3349 5031 τῇ
3407 4977 3674 5031 γεννησα-

426 5054 561 5125 μένῃ
591 5055 975 5123 προσέταττεν.

496 5146 582 5201 Η.
618 5145 826 5199 Rursus
872 5158 1048 5200 autem
1079 5147 1300 5218 Cyrum,
1342 5156 1394 5199 et
1420 5143 1681 5198 Joannem
1727 5155 1994 5215 martyres

425 5240 696 5294 cruciavit
733 5257 745 5293 :
776 5255 922 5293 more
969 5240 1228 5295 ﬂuctuum
1260 5238 1686 5292 incumbentium
1721 5236 1839 5290 illos
1867 5238 1997 5304 lapio

424 5333 585 5385 dibus
611 5332 832 5407 obruit;
874 5341 955 5384 ast
992 5348 1111 5386 cttm
1144 5346 1170 5384 a
1205 5331 1483 5401 preposilo
1509 5337 1727 5383 sanctos
1758 5336 1999 5381 avertere

424 5437 532 5477 non
577 5432 776 5491 posset.
812 5438 912 5478 nec
959 5423 1259 5486 blanditiis,
1310 5436 1412 5476 nec
1445 5419 1865 5484 hortationihus,
1902 5431 1999 5471 nec

431 5521 672 5582 monitis,
708 5533 806 5573 nec
846 5520 1201 5574 maximarum
1236 5519 1494 5589 dignitate
1526 5511 1994 5585 promissiouiltus,

428 5623 529 5663 nec
583 5608 788 5677 laneis,
842 5625 942 5666 nec
990 5611 1140 5679 picea
1197 5609 1471 5676 fervente,
1541 5620 1640 5660 nec
1702 5600 1993 5657 ebullicnte

2178 5143 2263 5199 ια’.
2299 5143 2479 5216 Κῦρόν
2507 5160 2565 5195 τε
2606 5142 2767 5195 πάλιν
2802 5142 2897 5194 καὶ
2940 5139 3196 5209 Ἰωάννην
3226 5139 3350 5202 τοὺς
3388 5138 3677 5210 μάρτυρας

2104 5236 2442 5300 ἐϐασάνιζεν,
2474 5235 2567 5288 καὶ
2602 5235 2864 5304 κυμάτων
2901 5231 3059 5302 δίκην
3089 5229 3542 5300 προσρησσόντων
3575 5231 3678 5281 πέ-

2103 5347 2261 5400 τραις
2300 5329 2460 5382 πάλιν
2489 5328 2694 5381 ὲλύετο’
2736 5327 2811 5390 ὡς
2844 5326 2900 5379 δὲ
2950 5321 3160 5376 πείθειν
3191 5321 3317 5383 τοὺς
3361 5319 3550 5387 ἁγίους
3577 5319 3676 5371 οὐκ

2109 5422 2348 5491 ἴσχυσεν,
2379 5421 2439 5473 ού
2464 5420 2736 5481 θωπείαις
2757 5460 2770 5483 ,
2813 5419 2873 5471 οὐ
2927 5414 3337 5486 παρακλήσεσιν
3357 5453 3371 5476 ,
3401 5411 3463 5464 οὐ
3495 5410 3677 5465 νουθε-

2110 5514 2275 5575 σίαις,
2314 5511 2374 5563 ού
2421 5510 2595 5579 τιμῶν
2637 5508 2897 5579 προτάσει
2951 5504 3244 5576 μεγίστων,
3279 5502 3353 5564 ὡς
3402 5499 3559 5571 ᾤετο,
3613 5501 3673 5552 οὗ

2109 5603 2380 5675 μάστιξιν,
2413 5603 2474 5655 οὺ
2508 5601 2674 5672 πίσσῃ
2711 5597 3039 5671 βραττούσῃ,
3080 5597 3140 5650 ού
3174 5592 3360 5666 θερμῷ
3405 5591 3580 5660 ὕδατι,
3611 5594 3672 5645 οὐ
