3998 6200
320 231 492 312 ‘3685

1498 246 1592 307 DE
1628 247 1732 306 SS.
1765 245 1958 305 CYRO
1999 248 2093 306 ET
2128 245 2438 308 JOANNE.

3483 245 3625 311 3686

346 365 501 434 πυρὶ,
549 361 611 414 οὐ
653 358 762 420 τοῖς
821 358 1239 430 στρεϐλωτικοῖς
1279 362 1389 415 τῶν
1441 364 1619 433 μελῶν
1651 363 1906 433 ὀργάνοις

2036 380 2198 434 aqua,
2241 379 2340 417 nec
2386 363 2520 432 igni,
2564 376 2663 418 nec
2686 361 3056 417 membrorum
3112 362 3465 419 diStentorum
3502 379 3617 418 ma-

344 451 651 521 ἀποκαμὼν
682 451 777 504 καὶ
827 449 1041 513 τούτοις
1090 453 1188 521 τὴν
1224 452 1404 522 ψῆφον
1434 456 1714 525 ἐπήγαγεν
1749 455 1930 525 φήσας

343 544 539 606 οὕτως·
601 541 784 610 Κῦρον
832 541 923 594 τὸν
965 542 1074 593 τῶν
1123 542 1425 597 Γαλιλαίων
1472 547 1806 616 προστάτην,
1837 545 1931 597 καὶ

357 634 611 707 Ἰωάννην
645 635 736 688 τὸν
760 633 952 688 τούτου
984 634 1286 706 ὁμόφρονα,
1318 640 1431 701 τοῖς
1460 638 1794 709 θεσπίσμασι
1824 637 1930 690 τῶν

344 728 766 798 αὐτοκρατόρων
805 726 879 797 μὴ
907 725 1181 794 εἴξαντας,
1212 729 1307 781 καὶ
1336 734 1449 793 τοῖς
1480 732 1760 801 μεγίστοις
1788 731 1930 793 Θεοῖς

341 818 627 891 λατρεύειν
658 819 757 888 οὐχ
792 818 1103 886 ἑλομένους,
1141 822 1411 893 κεφαλικῇ
1445 822 1686 893 τιμωρίᾳ
1717 823 1929 889 ὑπάγο-

347 928 467 981 μεν’
497 912 591 963 καὶ
622 908 796 981 ταύτῃ
827 911 894 979 τῇ
926 908 1092 979 ψήφῳ
1132 910 1222 964 τὸν
1252 913 1351 980 τῆς
1393 913 1703 982 ἀφθαρσίας
1733 912 1927 983 ἀνεδή-

345 1018 506 1055 σαντο
538 1001 822 1069 στέφανον·
853 1003 1067 1073 ἡμέραν
1092 996 1237 1072 εἶχεν
1260 1005 1529 1072 τριακάδα
1561 1006 1785 1075 πρώτην
1819 1004 1928 1074 μὴν

355 1090 734 1159 Ἰαννουαριος,
781 1090 869 1142 ὅτε
898 1093 996 1159 τὴν
1022 1092 1205 1144 πίστιν
1236 1094 1595 1161 τηρήσαντες,
1629 1093 1715 1144 τὸν
1731 1093 1928 1162 δρόμον

341 1185 389 1234 oi
423 1184 569 1249 ἀγιοι
610 1182 701 1234 τὸν
748 1180 1038 1251 ἀθλητικὸν
1086 1184 1478 1236 ὲκτετέλεκανο
1519 1182 1778 1254 παρθένοι
1828 1184 1927 1252 μὲν

343 1274 436 1325 καὶ
466 1269 702 1341 Χριστοῦ
748 1271 958 1340 νύμφαι
1000 1275 1150 1343 τρεῖς
1183 1273 1506 1340 Θεοκτίστη,
1543 1272 1799 1342 Θεοδότη,
1833 1274 1927 1325 καὶ

341 1363 600 1425 Εύδοξία,
652 1361 747 1414 καὶ
798 1361 842 1431 ἠ.
881 1361 1085 1426 ταύτας
1134 1362 1490 1432 βλαστήσασα
1543 1363 1641 1415 καὶ
1687 1362 1927 1426 εὐσεϐῶς

342 1451 766 1521 ἀναθρεψαμένη
814 1452 1127 1517 Ἀθανασία,
1164 1453 1345 1524 Κῦρός
1369 1469 1428 1504 τε
1456 1455 1483 1505 6
1512 1453 1687 1513 άῆὅᾶς
1714 1453 1742 1504 6
1776 1452 1925 1521 φιλό-

342 1543 461 1605 θεος
482 1581 497 1605 ,
531 1545 623 1595 καὶ
668 1541 921 1613 Ἰωάννης
954 1543 1293 1613 στρατιώτης
1325 1545 1354 1597 6
1390 1542 1580 1597 τούτου
1629 1542 1926 1613 όμόπιστος

342 1635 436 1697 καὶ
467 1634 727 1705 ὁμότιμος
751 1650 765 1664 ·
814 1634 907 1687 καὶ
950 1634 1050 1697 τὰς
1084 1633 1184 1702 μέν
1232 1636 1381 1706 τρεῖς
1421 1634 1584 1703 ἁγίας
1619 1634 1923 1704 παρθένους

2036 454 2233 519 chinis,
2292 454 2619 525 defatigatus
2670 463 2755 509 est
2801 453 3066 526 Syrianus
3140 465 3195 510 et
3247 458 3388 509 hanc
3427 456 3479 509 in
3528 471 3619 512 eos

2038 544 2161 597 tulit
2209 545 2535 598 sententiam
2590 562 2603 597 :
2662 564 2682 596 ι
2736 545 2941 615 Cyrus,
2983 545 3327 599 Galilreorum
3372 545 3509 609 dux,
3568 558 3618 602 et

2034 634 2277 690 Joannes
2320 645 2502 689 mente
2546 646 2971 700 consentaneus,
3008 637 3200 691 edictis
3244 635 3473 691 Czrsaris
3514 654 3618 692 non

2034 727 2304 787 cedentes,
2355 727 2715 795 maximisque
2762 729 2864 783 diis
2896 728 3159 782 inservire
3192 742 3466 797 negantes,
3502 742 3617 797 pa}-

2037 832 2160 870 nam
2187 817 2382 885 capitis
2416 819 2695 874 subibunt.
2737 836 2754 870 ι
2786 818 2896 874 llac
2939 820 3286 874 damnatione
3336 822 3622 874 immorta-

2042 907 2210 959 litatis
2235 922 2491 960 coronam
2518 909 2619 963 sibi
2646 910 3012 974 vindicarunt,
3037 909 3121 964 die
3148 910 3419 965 tricesima
3445 916 3618 979 prima

2033 996 2301 1062 Januarii,
2339 1013 2446 1068 quo
2500 1009 2860 1055 servaverunt
2909 1001 3092 1067 fidem,
3126 1015 3346 1055 cursum
3395 1012 3449 1056 et
3497 1017 3618 1057 cer-

2035 1097 2216 1140 tamen
2276 1088 2689 1156 complevernnt
2752 1092 2988 1160 virgines
3039 1101 3094 1145 et
3141 1090 3341 1145 Christi
3402 1108 3618 1161 sponsre

2033 1176 2370 1244 Thcoctista,
2407 1180 2644 1234 Deodata
2673 1192 2727 1237 et
2761 1182 3028 1249 Eudoxia,
3058 1193 3113 1237 et
3149 1198 3266 1251 (iure
3300 1184 3422 1239 illos
3457 1201 3617 1255 gene-

2034 1268 2173 1322 ravit
2220 1279 2275 1324 et
2323 1273 2374 1324 in
2422 1273 2626 1342 pietate
2652 1274 2911 1328 enntrivit
2944 1285 3152 1341 mater,
3185 1274 3360 1344 Cyrus
3393 1276 3500 1329 Deo
3528 1292 3616 1331 ac-

2030 1361 2382 1428 ceptissimus
2429 1366 2617 1428 abbas,
2652 1376 2705 1418 et
2750 1364 3007 1429 Joannes,
3046 1366 3222 1431 miles,
3257 1367 3366 1420 illis
3415 1365 3518 1422 fide
3562 1378 3617 1420 et

2032 1451 2238 1506 honore
2270 1454 2614 1521 conjnnetns.
2654 1456 2905 1524 Virgines
2949 1467 3167 1511 sanctas
3209 1473 3311 1510 una
3354 1473 3475 1511 cum
3521 1474 3607 1527 ge-

2031 1539 2227 1593 nitrice
2287 1543 2356 1595 ad
2415 1542 2735 1597 orientalem
2799 1553 3009 1613 partem
3063 1545 3115 1599 in
3170 1546 3370 1614 templo
3423 1542 3607 1600 Sani-ti

2029 1628 2233 1693 Marci,
2282 1647 2390 1686 uno
2445 1634 2646 1689 leretro
2714 1635 3110 1703 deposuerunt;
3169 1637 3371 1707 Cyrum
3431 1649 3610 1692 autem

344 1732 441 1784 σὺν
466 1732 531 1801 τῇ
564 1728 800 1800 τεκούσῃ
830 1727 973 1782 κατὰ
990 1704 1415 1791 ἀνατολὰςὴναοῦ
1446 1728 1540 1781 τοῦ
1558 1727 1740 1796 Ἀγίου
1771 1728 1914 1797 Μὰρ·

2032 1720 2462 1781 illustrissimum
2495 1734 2551 1777 et
2581 1726 3006 1780 commilitonem
3036 1726 3301 1781 Joannem
3339 1729 3390 1781 in
3420 1727 3610 1782 eadem

343 1837 442 1873 κου
470 1821 779 1883 κατέθεντο,
816 1823 873 1874 ἐν
900 1820 1049 1891 αύτῷ
1081 1821 1402 1891 δειμάμενοι
1430 1822 1587 1892 σορὸν
1622 1821 1921 1893 πρέποντα·

342 1912 526 1984 Κῦρον
553 1913 610 1968 δὲ
637 1913 729 1967 τὸν
759 1912 1005 1985 ἀοίδιμον
1031 1914 1125 1966 καὶ
1165 1913 1419 1984 Ἰωάννην
1449 1914 1541 1966 τὸν
1570 1913 1755 1982 Κύρου
1786 1931 1925 1984 συμ-

343 2003 600 2073 μάρτυρα
638 2005 694 2055 ἐν
723 2002 872 2075 αὐτῷ
902 2002 979 2073 τῷ
1009 2004 1143 2074 οἴκῳ
1164 2001 1257 2056 τοῦ
1280 2002 1606 2057 ’Δποττόλου
1632 2003 1726 2056 καὶ
1756 2002 1927 2072 Εὐαγ-

338 2095 591 2163 γελιστοῦ
618 2095 845 2167 Μάρκου
875 2095 1164 2149 κατέθεντο
1196 2096 1254 2149 ἐν
1281 2095 1442 2167 θήκῃ,
1452 2098 1574 2167 μιᾷ.

414 2186 501 2257 ιβ’.
535 2185 741 2255 Χρόνου
772 2184 828 2237 δὲ
859 2182 1217 2255 προελθόντος
1244 2183 1344 2237 οὐκ
1373 2184 1581 2252 ὀλίγου,
1619 2183 1695 2248 ὡς
1728 2183 1922 2238 καθαί-

346 2295 491 2351 ρεσιν
542 2278 639 2347 μὲν
672 2277 772 2345 τῆς
804 2274 1121 2346 Ἑλληνικῆς
1167 2274 1478 2345 τυραννίδος
1524 2274 1795 2344 γενέσθαι,
1831 2277 1924 2329 καὶ

343 2369 697 2444 Χριστιανοὺς
724 2367 791 2421 τὰ
822 2368 1077 2438 σκῆπτρα
1097 2368 1367 2439 κρατῆσαι
1397 2367 1494 2437 τῆς
1523 2366 1811 2437 Ῥωμαίων
1824 2369 1922 2437 ἀρο

341 2467 462 2534 χῆς,
485 2459 769 2515 Θεοδοσίου
817 2476 874 2513 τε
909 2458 1004 2511 τοῦ
1053 2458 1291 2531 μεγάλου
1328 2448 1426 2528 την
1479 2458 1754 2529 βασιλείαν
1788 2475 1920 2513 κατ-

337 2556 576 2625 έχοντος,
598 2553 693 2607 καὶ
715 2551 921 2621 ταύτην
949 2550 1183 2614 πίστεως
1212 2548 1397 2621 ἔργοις
1424 2551 1823 2621 κοσμήσαντος,
1846 2549 1921 2613 ὡς

337 2645 512 2715 βίϐλοι
542 2645 989 2713 ἐκκλησιαστικοὶ
1022 2641 1394 2713 μαρτυροῦσιν
1436 2640 1544 2694 τῶν
1578 2641 1922 2714 ἱστοριογράο

335 2756 475 2807 φων,
508 2736 605 2790 καὶ
633 2736 773 2788 αὐτά
802 2734 859 2787 δέ
893 2733 992 2805 βοᾷ
1027 2735 1193 2786 πᾶσιν
1230 2733 1297 2786 τὰ
1334 2733 1639 2802 πράγματα
1662 2748 1675 2761 °
1716 2735 1847 2803 μιᾶς
1873 2733 1918 2786 δ’

333 2829 427 2884 ιῦν
469 2827 632 2884 αὐτοῦ
685 2828 780 2882 καὶ
806 2829 972 2898 ἡμεῖς
1016 2826 1217 2896 ἀρετῆς
1265 2826 1734 2897 μνημονεύσωμεν
1784 2827 1922 2899 πρὸς

333 2923 436 2991 τὴν
481 2921 591 2973 τῶν
632 2919 936 2991 εἰρημένων
969 2918 1265 2985 ἀπόδειξιν·
1300 2917 1543 2989 Πόλεμον
1574 2919 1723 2989 αὐτῷ
1756 2912 1953 2989 φασιν

2029 1812 2261 1880 aposmli
2300 1823 2354 1867 et
2398 1816 2751 1886 evangelista:
2791 1814 2958 1871 Marci
3006 1818 3142 1882 aede,
3177 1831 3285 1873 uno
3319 1816 3496 1871 loculo
3522 1830 3612 1871 se-

2027 1905 2318 1975 pelierunt.

2102 2183 2189 2238 12.
2230 2181 2418 2252 Longo
2449 2191 2635 2252 postea
2676 2193 2922 2253 tempore
2968 2184 3171 2250 evenit,
3208 2193 3265 2240 ut
3294 2185 3605 2241 Graecorum

2027 2278 2315 2347 imperium
2364 2278 2738 2331 destrueretur
2784 2286 2839 2330 et
2889 2276 3188 2331 Christiani
3236 2276 3605 2334 Romanorum

2028 2382 2195 2438 regno
2247 2366 2406 2438 potiti
2454 2367 2585 2422 sint.
2631 2366 2918 2437 Seeptrnm
2970 2369 3142 2423 tenuit
3178 2364 3515 2425 Theodosius
3553 2381 3607 2425 et

2028 2459 2147 2513 fidei
2203 2457 2463 2528 aperibus
2517 2458 2862 2523 honestat-it,
2910 2459 2985 2513 uti
3037 2460 3090 2514 in
3142 2463 3460 2518 auctoribus
3513 2479 3604 2518 ec-

2024 2549 2346 2605 clesiasdcis
2392 2548 2679 2619 legendum
2726 2559 2893 2604 estet
2933 2566 3019 2606 res
3055 2553 3298 2622 ipsaznret
3344 2554 3601 2610 clamant.

2024 2643 2101 2696 Ad
2139 2642 2517 2712 probationem
2557 2642 2825 2695 dictorum
2871 2659 3037 2695 unum
3081 2644 3380 2698 referemus
3414 2661 3603 2700 exem-

2025 2738 2195 2808 plmn.
2249 2736 2461 2791 Dicitur
2511 2735 2710 2789 bellum
2760 2735 3076 2803 imperatori
3108 2751 3353 2792 exortum
3384 2755 3506 2794 esse
3534 2743 3603 2793 ab

2021 2825 2459 2880 occidentalibus
2492 2825 2742 2894 partibus
2778 2825 2929 2894 regni
2966 2842 2979 2878 :
3011 2839 3076 2879 ex
3110 2840 3378 2881 consensu
3417 2839 3605 2883 mutuo

2023 2916 2306 2987 perplures
2344 2924 2709 2970 surrexerunt
2742 2925 2966 2984 gentes;
3009 2917 3258 2971 nationes
3298 2919 3604 2975 misceban-

332 3015 399 3066 ἐκ
429 3012 540 3064 τῶν
575 3010 805 3063 δυτικῶν
849 3008 1169 3079 κεκινῆσθαι
1203 3009 1386 3081 μερῶν
1410 3049 1425 3073 ,
1464 3010 1735 3064 πλείστων
1776 3012 1914 3065 ὅσων

2024 3018 2113 3061 tur
2150 3007 2480 3070 nationibus,
2516 3006 2798 3060 irruebant
2830 3020 2925 3061 ceu
2954 3008 3020 3061 de
3074 3019 3257 3063 monte
3298 3012 3603 3080 prtecipites

331 3100 503 3155 ἐθνῶν
533 3099 596 3153 ἐκ
622 3116 769 3163 τινος
796 3097 1115 3169 συμφωνίας
1144 3098 1589 3165 ἐπαναστάντων,
1619 3102 1714 3154 καὶ
1740 3100 1911 3154 ἐθνῶν

329 3192 510 3246 ἔθνεσι
557 3190 939 3261 μιγνυμένων,
973 3188 1067 3242 καὶ
1114 3190 1173 3241 ἐν
1216 3191 1327 3252 τοῖς
1366 3189 1736 3260 προλαϐοῦσιν
1772 3193 1907 3263 συρ-

331 3288 566 3360 ρεόντων
614 3285 930 3357 χειμάρρων
964 3282 1156 3352 ὥσπερ
1198 3281 1454 3352 ἀλλήλοις
1504 3283 1907 3356 ἐπιρρεόντων,

329 3381 424 3433 καί
453 3377 722 3433 θάλατταν
748 3373 1211 3446 ἀπεργαζομένων
1233 3373 1312 3443 τῷ
1343 3372 1537 3444 πλήθει
1561 3375 1656 3427 τοῦ
1692 3374 1906 3438 ὓδατος,

331 3472 362 3542 ἢ
397 3470 552 3542 δίκην
580 3469 801 3540 ἁκρίδος
832 3467 926 3520 καὶ
952 3467 1182 3537 ψάμμου
1224 3466 1460 3537 ἀριθμὺν
1489 3467 1589 3520 οὐκ
1630 3468 1863 3538 ἐχόντων
1891 3484 1904 3496 ·

244 3606 247 3609 .
328 3564 417 3616 τὸν
442 3561 642 3631 εὐσεεῆ
667 3560 724 3613 δέ
742 3557 930 3613 τοῦτον
956 3557 1235 3610 Θεοδόσιον
1262 3555 1337 3627 μὴ
1361 3556 1499 3625 πρὸς
1524 3554 1725 3624 ἐτέρων
1745 3555 1918 3612 ἐθνῶν

2022 3110 2317 3164 torrentes,
2361 3108 2416 3154 et
2461 3100 2826 3153 intumeSeens
2863 3114 3035 3166 mare,
3087 3113 3143 3156 et
3175 3116 3362 3156 eorum
3414 3119 3602 3159 inime-

2023 3207 2117 3246 rus
2158 3201 2277 3246 erat
2333 3192 2486 3261 quasi
2533 3190 2729 3245 ﬂuctus
2768 3189 2971 3246 Oceani
3020 3201 3074 3246 et
3117 3192 3361 3263 ejusdem
3408 3210 3597 3251 arena.

2017 3284 2157 3339 Cum
2196 3284 2315 3352 pius
2354 3288 2648 3351 imperator
2679 3282 2816 3337 alias
2862 3283 3012 3339 adire
3049 3299 3154 3338 non
3190 3294 3371 3353 posset
3413 3297 3600 3355 gentes

2019 3388 2077 3428 ut
2124 3373 2299 3428 fmdus
2347 3373 2532 3438 iniret,
2566 3374 3029 3442 quemadmodum
3087 3377 3138 3429 in
3189 3376 3601 3432 vehementibus

2018 3467 2200 3537 agitur
2230 3465 2498 3519 bellorum
2536 3465 2797 3531 motibus,
2832 3483 2983 3521 more
3020 3484 3118 3522 suo
3150 3470 3216 3523 ad
3260 3469 3426 3522 Deum
3470 3486 3601 3523 con-

2027 3557 2184 3627 fugit,
2212 3566 2266 3610 et
2298 3555 2447 3610 illum
2482 3557 2532 3609 in
2565 3557 2776 3610 ﬁdelem
2810 3556 3110 3623 adjutorem
3145 3560 3436 3615 invocavit.

333 3654 661 3727 προτρέπειν
691 3651 864 3705 ἐλθεῖν
892 3652 973 3714 είς
1007 3648 1308 3720 πρεσϐείαν
1339 3648 1575 3712 σπονδὰς
1607 3650 1909 3720 ἐμπράξαι,
1952 3645 2040 3703 οἷα
2078 3649 2224 3719 φιλεῖ
2272 3651 2336 3701 ἐκ
2382 3647 2493 3700 τῶν
2526 3649 2835 3718 ἀνισχύρων
2882 3651 2941 3702 ἐν
3016 3649 3265 3721 κινήσεσι
3342 3653 3596 3723 πολέμων

331 3746 596 3817 γίνεσθαι,
632 3745 708 3807 ὡς
737 3743 967 3811 σύνηθες
999 3742 1149 3814 αὐτῷ
1179 3742 1315 3810 πρὸς
1344 3742 1476 3794 Θεὸν
1504 3742 1903 3814 ἐπανέδραμεν,
1945 3744 2041 3797 καὶ
2070 3745 2253 3796 πίστιν
2292 3741 2484 3812 βοηθὸν
2514 3743 2885 3796 ἐπεσπάσατο.
3036 3730 3053 3739 κ

401 3839 491 3908 ιγ’.
516 3836 722 3892 Μαθὼν
748 3836 856 3908 γὰρ
889 3834 1029 3889 κατὰ
1081 3834 1179 3903 τὴν
1208 3834 1407 3903 Σκῆτιν
1436 3832 1662 3903 (ἔρημος
1691 3833 1749 3887 δὲ
1774 3835 1914 3905 αὓτη

327 3930 476 3984 ἐστὶν
506 3927 642 3999 πρὸς
677 3928 952 3996 Αἴγυπτον
983 3925 1155 3988 οὕτως
1184 3923 1609 3997 ὀνομαζομένη),
1633 3926 1803 3997 ἄνδρα
1834 3926 1912 3997 τῷ

324 4021 476 4089 γένει
503 4020 822 4088 Αίγύπτιον,
862 4018 1033 4089 ἀρετῇ
1064 4016 1121 4070 δέ
1158 4016 1305 4088 πάσῃ
1341 4018 1462 4090 θείᾳ
1487 4019 1744 4089 κομῶντα
1766 4059 1780 4083 ,
1813 4019 1909 4073 καὶ

324 4113 475 4176 θείας
503 4111 802 4182 ἠξιωμένον
822 4109 923 4179 τῆς
951 4109 1191 4179 χάριτος,
1228 4109 1325 4162 καὶ
1365 4111 1636 4180 μεγίστων
1669 4111 1912 4181 θαυματ-

2085 3836 2172 3891 i5.
2228 3835 2449 3889 Audivit
2495 3836 2636 3888 enim
2688 3836 2755 3889 ad
2822 3836 3059 3899 Scetem,
3106 3836 3157 3889 in
3198 3851 3382 3891 eremo
3424 3837 3593 3911 Αεμγ-

2012 3928 2216 3997 ptiaco,
2241 3928 2437 3998 degere
2462 3927 2739 3981 hominem
2768 3928 2989 3981 natione.
3015 3927 3231 3997 quidem
3254 3928 3589 4001 Egyptium,

2010 4019 2214 4072 virtute
2270 4028 2453 4072 autem
2507 4016 2689 4071 divina
2742 4018 3069 4071 instructum
3128 4026 3180 4072 et
3231 4023 3587 4075 maxinmrutn

2008 4108 2398 4163 miraculorum
2444 4118 2816 4176 operatorcm.
2868 4107 3062 4161 Statim
3110 4109 3301 4165 scribit
3342 4109 3589 4167 Theodo-

323 4203 687 4277 ουργημάτων
724 4201 964 4272 ἐργάτην
988 4199 1321 4269 ὑπάρχοντα,
1348 4202 1485 4271 πρὸς
1527 4201 1786 4269 Θεόφιλον
1812 4202 1902 4254 εὐ-

2021 4202 2122 4256 sins
2170 4201 2239 4255 ad
2286 4192 2674 4269 Theophilum,
2708 4199 2797 4268 qui
2845 4215 2911 4254 co
2960 4210 3201 4272 tempore
3246 4204 3586 4261 Alexandri-L-

325 4298 424 4361 θὺς
453 4296 654 4366 γράφει
684 4294 857 4357 οὖιως
910 4293 1096 4364 (αύτδς
1137 4293 1245 4363 γὰρ
1271 4291 1381 4345 τῶν
1421 4294 1480 4346 ἐν
1518 4292 1899 4364 Ἀλεξανδρείᾳ

323 4386 563 4461 Χριστοῦ
614 4386 880 4457 ποιμνίων
925 4385 1003 4461 τῷ
1045 4383 1163 4438 κατ’
1212 4385 1387 4437 ἐκεῖνο
1424 4384 1614 4455 καιροῦ
1651 4384 1904 4454 κηδεμὼν

322 4460 692 4551 ἐγνωρίζετο),
730 4475 871 4530 ὥστε
896 4460 995 4530 τδῦ
1013 4474 1377 4547 προλεχθέντα
1404 4475 1702 4545 θαυμάσιον
1734 4474 1903 4545 ἄνδρα

322 4572 461 4643 πρὸς
491 4569 652 4625 αὐτὸν
679 4566 983 4639 ἐκπέμψαι,
1017 4565 1478 4637 παρακαλέσαντα
1512 4566 1723 4637 βοηθεῖν
1752 4564 1900 4635 αὐτῴ

320 4665 441 4724 ταῖς
478 4661 614 4732 πρὸς
641 4659 773 4714 Θεδν
810 4660 1043 4722 ἱκεσίαις
1083 4660 1163 4721 εἰς
1190 4657 1283 4710 τὸν
1327 4658 1580 4728 πόλεμον,
1623 4657 1896 4710 πιστεύων

320 4753 516 4825 ὀρθῶς,
541 4753 634 4805 καὶ⁵
665 4749 882 4812 εῦελπις
899 4747 995 4813 ὢν,
1010 4750 1092 4802 ὅτι
1112 4750 1328 4811 πάντως
1350 4750 1653 4819 γενήσεταιο
1674 4747 1810 4818 πρὸς
1835 4747 1894 4800 ὃν

324 4840 610 4914 ἐκδραμὼν
635 4841 664 4893 6
682 4839 1004 4903 ἐπίσκοπος,
1032 4840 1123 4892 καὶ
1144 4839 1243 4909 τὴν
1277 4839 1452 4891 αἰτίαν
1482 4837 1733 4904 ἐξειπὼν,
1765 4839 1895 4891 άνα-

322 4934 524 4987 ϐαίνειν
553 4930 687 5003 πρὸς
716 4930 809 4983 τὸν
843 4928 1149 4999 κρατοῦντα
1188 4928 1452 4981 νουθετῶν
1483 4928 1751 4997 ἐλιπάρεν
1784 4930 1810 4981 6
1835 4928 1890 4980 δὲ

319 5024 607 5093 Σενούφιος
640 5020 820 5093 (τοῦτο
850 5020 958 5091 γὰρ
984 5019 1155 5089 δνομα
1175 5018 1252 5088 τῷ
1285 5018 1543 5088 μακαρίῳ
1565 5018 1717 5087 ἀνδρὶ
1748 5015 1829 5089 [ί]
1851 5021 1891 5084 ),

321 5114 628 5185 συγχωρεῖν
659 5110 808 5182 αὐτῷ
840 5111 932 5164 τὸν
975 5110 1236 5181 ἀρχιερέα
1275 5110 1547 5173 ἱκέτευεν,
1572 5109 1894 5180 ἁμαρτωλὸν

318 5207 510 5264 ἑαυτὸν
536 5201 676 5259 εἶναι
699 5204 874 5272 λέγων
908 5203 1002 5257 καὶ
1030 5204 1247 5272 ἀχρεῖον
1274 5201 1460 5255 δοῦλον
1485 5200 1773 5254 ἀποκαλῶν
1799 5200 1893 5253 τοῦ

319 5299 546 5369 Κυρίου·
596 5297 719 5350 ἐπεὶ
751 5297 807 5350 δὲ
851 5296 1252 5366 συγχωρήσεως
1294 5297 1477 5365 τυχεῖν
1524 5294 1620 5368 οὐχ
1666 5289 1776 5359 οἶός
1835 5312 1893 5348 τε

317 5391 560 5469 γέγονεν,
592 5389 735 5444 κατά
762 5387 1024 5452 ἀνατολὰς
1063 5387 1215 5457 ἔστη,
1249 5386 1342 5439 καὶ
1372 5385 1433 5439 τὸ
1458 5386 1724 5456 μαφόριον
1749 5385 1777 5438 6
1800 5386 1894 5455 φέ-

2005 4305 2225 4361 gregem
2300 4289 2503 4344 Christi
2561 4289 2750 4344 sedulo
2805 4293 3097 4358 pascebat,
3154 4301 3214 4348 ut
3269 4298 3582 4364 prtedictmn

2004 4377 2307 4434 mirabilem
2344 4379 2519 4432 virum
2556 4380 2799 4434 mitteret
2842 4382 2908 4436 ad
2952 4382 3357 4452 imperatorem,
3397 4389 3581 4441 horta-

2003 4482 2262 4540 returque
2319 4472 2561 4541 pontifex
2626 4473 2799 4525 virum
2857 4483 3105 4527 sanetum
3168 4485 3228 4527 ut
3284 4491 3383 4546 pro
3443 4479 3583 4532 bello

1999 4563 2273 4632 supplices
2328 4564 2394 4617 ad
2448 4562 2618 4618 Deum
2673 4563 2977 4620 clInnderet
3033 4580 3261 4634 preces;
3323 4570 3579 4625 credebat

2000 4657 2143 4710 enim
2198 4657 2498 4723 imperator
2548 4655 2876 4711 liducialiter
2933 4667 2991 4710 et
3050 4659 3266 4714 fortiter
3324 4661 3580 4729 sperabat

2000 4749 2183 4803 Omnia
2230 4751 2435 4819 optime
2476 4747 2678 4803 futura.
2710 4749 3036 4803 Excucmrit
3083 4752 3245 4822 igitur
3285 4742 3576 4824 episcopus

2000 4841 2067 4891 ad
2105 4840 2279 4893 virum
2316 4847 2581 4909 sanctum
2627 4840 2813 4907 illique
2851 4845 3032 4896 omnia
3076 4843 3392 4911 declaravit,
3430 4863 3575 4916 quac-

1998 4930 2235 4998 sivitque
2302 4941 2362 4983 ut
2430 4930 2495 4983 ad
2560 4927 2920 4983 Theodosium
2991 4932 3264 4988 adveniret
3330 4947 3570 4991 Sam-tus.

1996 5018 2306 5089 Senuphius
2352 5030 2553 5086 autem,
2586 5022 2662 5074 sic
2693 5021 2836 5075 enim
2883 5024 3185 5076 vocabatur
3208 5025 3291 5078 vir
3321 5027 3572 5083 beatissi-

1996 5128 2136 5175 mus,
2175 5113 2391 5166 veniam
2429 5112 2532 5166 sibi
2584 5128 2614 5166 a
2671 5112 2927 5181 pontifice
2973 5117 3199 5171 concedi
3228 5119 3379 5187 peti.t
3428 5120 3570 5187 quod

1994 5212 2139 5259 esset
2173 5204 2289 5273 ipse
2332 5214 2589 5272 peccator
2624 5213 2678 5258 et
2721 5203 2934 5259 Domini
2984 5206 3068 5259 sui
3113 5221 3301 5262 εετιυε
3338 5209 3566 5264 inutilis.

1992 5298 2092 5350 Ast
2132 5310 2254 5349 cum
2307 5296 2519 5349 veniam
2582 5312 2687 5350 non
2751 5297 3131 5366 impetrasset,
3190 5300 3255 5354 ad
3304 5301 3570 5356 orientem

1993 5385 2166 5451 stetit,
2208 5395 2262 5441 et
2296 5386 2441 5456 quod
2468 5386 2521 5439 in
2555 5385 2800 5443 humeris
2837 5386 3049 5443 ferebat
3077 5389 3363 5447 bumerale
3398 5394 3571 5448 mani-

1819 5506 2053 5563 ΝΟΤᾹ).

500 5605 579 5658 Ex
627 5606 737 5675 hoc
783 5612 988 5668 nostro,
1021 5611 1081 5659 ut
1112 5616 1251 5666 reor,
1304 5601 1565 5672 opusculo
1610 5608 1885 5655 mutuatus
1924 5610 2009 5655 est
2060 5592 2306 5656 eamdem
2357 5602 2725 5659 narrationem
2773 5601 2967 5669 Glycas
3038 5602 3234 5659 Annal.
3299 5613 3442 5675 part.
3475 5602 3567 5661 IV.

392 5605 469 5732 (42
500 5605 579 5658 Ex
627 5606 727 5658 hoc
783 5618 841 5657 ne

322 5676 406 5734 ed.
460 5677 677 5744 ’aris.pr
716 5674 841 5728 9.57.
