4020 6200
433 210 570 275 368Ἶ

1345 214 1405 273 S.
1448 212 1863 274 SOPHRONII'
1904 214 2409 274 PATRIARCILE
2452 212 2855 275 IIlEROSOL.

3567 212 3709 279 3(88

434 320 536 376 bus
566 318 680 374 suis
714 320 908 376 baculo
941 320 1225 390 impOSttil,
1266 323 1331 375 ad
1364 323 1563 378 coelum
1600 323 1823 379 sustulit
1854 334 1909 380 et
1938 324 2016 379 sic
2043 375 2046 381 ι

2134 341 2232 377 οων
2261 325 2348 377 ἐπ’
2378 324 2542 395 ὤμων
2573 324 2687 395 εἶχε
2722 325 2819 377 σὺν
2851 325 2914 395 τῇ
2951 323 3225 396 βακτηρίᾳ
3252 326 3368 389 ταῖς
3406 324 3566 395 χερσὶ
3592 327 3699 378 δια-

432 413 764 468 exclamavit
805 432 819 468 :
859 435 877 467 ‹
916 414 1147 468 Domine
1179 414 1304 469 Jeso
1354 415 1607 481 Christe,
1661 430 1825 486 quam
1886 416 2015 470 mihi

437 504 643 559 famulo
695 515 787 560 tuo
836 506 1105 576 peccatori
1162 506 1356 560 dedisti
1406 508 1686 572 virtutem,
1736 509 1873 562 hanc
1924 507 2016 560 tri-

436 596 543 650 bue
589 596 782 651 baculo
820 596 947 651 huic
982 607 1037 651 et
1076 598 1382 666 maphoriu.
1426 618 1445 652 ι
1486 599 1849 654 Concedendo
1900 599 2021 654 illos

436 686 678 753 pontiﬁci
729 688 864 741 dixit
902 702 918 741 :
953 704 972 739 ι
1005 688 1139 744 Cum
1187 691 1436 745 remittas
1468 690 1789 759 imperatori
1823 689 2019 755 scribe,

436 788 493 829 ut
552 778 839 846 maphorio
890 779 1194 836 circumdet
1242 792 1406 848 caput
1454 789 1507 834 et
1556 782 1804 837 baculum
1858 796 2020 834 inanu

438 878 649 931 teneat;
708 871 997 938 prmcedet-
1029 871 1145 940 ipse
1201 872 1502 925 exercitum
1555 871 1606 926 in
1659 872 1803 927 bello
1858 881 1914 925 et
1969 872 2023 925 in

437 959 576 1014 facie
612 960 884 1027 hostium;
928 963 1131 1017 etenim
1162 964 1206 1018 si
1240 963 1491 1018 Christus
1532 963 1674 1017 Dcus
1706 978 1793 1017 me
1825 964 1878 1015 in
1911 978 2027 1017 ser-

438 1066 561 1103 vum
611 1066 767 1105 suum
816 1053 981 1108 habet
1026 1062 1081 1107 et
1129 1070 1320 1124 preces
1368 1071 1516 1110 meas
1556 1056 1725 1119 audit,
1763 1069 1859 1123 per
1911 1055 2026 1108 haec

438 1141 744 1207 victoriam,
779 1154 1001 1212 propter
1031 1143 1188 1197 ﬁdem
1215 1146 1266 1198 in
1298 1146 1465 1199 Deum
1501 1147 1671 1200 dabit.
1711 1165 1729 1197 ι

2126 417 2377 488 κατέχων
2404 460 2418 483 ,
2455 420 2548 472 καὶ
2594 418 2729 488 πρὸς
2778 416 3007 487 οὐρανὸν
3046 418 3333 481 ἀνατείνας
3357 459 3371 479 ,
3406 418 3532 472 τάδε
3578 418 3707 489 πρδς

2127 506 2291 559 αὐτὸν
2312 505 2627 574 ἀνεϐόησεν⁹
2663 524 2680 556 ι
2703 504 2872 574 Κύριε
2890 503 3066 576 Ἰησοῦ
3086 506 3287 576 Χριστὲ
3312 509 3340 559 ό
3368 507 3499 569 Θεὸς
3531 508 3697 575 ἡμῶν⁹

2130 595 2357 665 οἵανπέρ
2394 614 2483 666 μοι
2526 597 2678 667 ἰσχὺν
2748 596 2988 660 δέδωκας
3034 595 3110 666 τῷ
3155 594 3233 665 σῷ
3285 595 3595 665 ἁμαρτωλῷ
3632 599 3706 647 οἰ-

2129 689 2299 759 κέτη,
2342 689 2589 760 πάρασχε
2642 686 2736 740 καὶ
2781 685 2955 758 ταύτῃ
3008 704 3109 756 μου
3162 685 3433 756 βακτηρία
3488 686 3585 736 συν
3638 682 3716 753 τῷ

2131 781 2409 851 μαφορίῳ.
2448 799 2464 832 ι
2499 781 2607 833 Καὶ
2635 780 2759 843 δοὺς
2804 780 2944 831 αὐτὰ
2980 778 3058 848 τῷ
3098 779 3368 848 ἀρχιερεῖ,
3407 776 3533 830 τάδε
3579 775 3719 844 πρδς

2128 872 2289 924 αὐτὸν
2322 871 2492 943 ἔφησε
2512 887 2525 901 ·
2562 891 2579 923 ι
2611 871 2793 923 Ταῦτα
2822 869 3041 940 πέμψας
3072 870 3149 939 τῷ
3190 868 3402 939 βασιλεῖ
3422 868 3621 937 γράφε,
3655 866 3720 916 τὸ

2134 965 2231 1033 μὲν
2266 965 2532 1035 μαφόριον
2555 963 2950 1035 περιϐαλέσθαι
2983 964 3048 1032 τῇ
3079 962 3317 1030 κεφαλῇ,
3351 959 3443 1012 καὶ
3466 961 3531 1029 τῇ
3567 957 3718 1028 χειρὶ

2130 1058 2228 1128 τὴν
2264 1057 2567 1128 βακτηρίαν
2603 1057 2938 1126 κατέχοντα,
2978 1056 3083 1124 πρὸ
3129 1054 3331 1114 παντὸς
3379 1051 3578 1117 ἐξιέναι
3621 1050 3720 1101 καὶ

2131 1148 2295 1202 αὐτοῦ
2334 1149 2428 1202 τοῦ
2469 1149 2835 1219 στρατοπέδου
2870 1145 3037 1201 αὐτοῦ
3084 1147 3161 1206 είς
3201 1144 3292 1197 τὸν
3338 1143 3574 1211 πόλεμον
3619 1138 3720 1191 καὶ

434 1234 542 1286 τῶν
578 1235 835 1287 ἐναντίων
873 1234 1200 1304 παράταξιν·
1247 1235 1405 1303 εἴπερ
1454 1236 1563 1305 γάρ
1614 1253 1680 1304 με
1726 1238 1961 1307 Χριστὸς
2003 1241 2045 1291 '6
2110 1239 2242 1302 Θεὸς
2288 1238 2447 1309 ἡμῶν
2506 1242 2585 1302 είς
2645 1239 2833 1293 δοῦλον
2884 1236 3215 1305 λελόγισται,
3270 1236 3364 1288 καὶ
3414 1236 3512 1303 τῆς
3573 1230 3719 1302 ἐμῆς

436 1325 672 1396 δεήσεως
718 1326 1051 1395 ὲπακήκοεν,
1099 1328 1195 1380 καὶ
1237 1325 1335 1397 τὴν
1380 1327 1538 1397 νίκην
1577 1327 1663 1380 διὰ
1706 1331 1913 1383 τούτων
1960 1333 2024 1401 τῇ
2067 1330 2202 1402 πρὸς
2232 1330 2362 1384 Θεὸν
2388 1330 2569 1384 πίστει
2602 1331 2933 1399 δωρήσεται.

472 1474 475 1477 λ
512 1417 599 1470 14.
638 1417 848 1493 Quibus
890 1419 1144 1485 receptis,
1188 1432 1286 1471 ceu
1334 1418 1544 1486 galeam
1588 1422 1784 1476 salutis
1834 1424 2026 1476 hume-

2193 1424 2276 1477 ιδ’.
2309 1423 2679 1493 Πεμφοέντων
2706 1419 2995 1491 τοιγαροῦν
3017 1417 3125 1472 τῶν
3151 1416 3452 1485 λεχθέντων
3485 1417 3715 1484 κοσμεῖ-

440 1508 553 1562 rale
619 1488 717 1561 suo
790 1508 954 1576 capiti
1015 1508 1270 1577 imposuit
1328 1507 1705 1576 Theodosius,
1758 1521 1811 1564 et
1868 1527 2026 1565 manu

2134 1534 2209 1569 ται
2248 1515 2347 1586 μὲν
2430 1488 2728 1583 όεοστεφὴς
2758 1488 3039 1573 Θεοδόσιος
3066 1506 3499 1575 περικεφαλαίαν
3532 1524 3713 1577 σωτη-

438 1600 632 1653 dextra
680 1599 936 1653 baculum
988 1610 1233 1669 gestans,
1271 1602 1477 1668 primus
1517 1617 1548 1656 e
1592 1603 1828 1657 ﬁdelium
1864 1618 2020 1658 exer-

2134 1610 2247 1677 ρίας
2297 1607 2486 1661 ἐλπίδα
2531 1606 2591 1659 τὸ
2639 1605 2931 1676 μαφόριον,
2988 1602 3083 1655 καὶ
3122 1604 3187 1671 τῇ
3235 1599 3389 1669 δεξιᾷ
3422 1600 3564 1669 χειρὶ
3613 1599 3716 1667 τὴν

439 1692 550 1744 citu
595 1690 649 1743 in
697 1706 932 1759 pugnam
986 1692 1273 1760 processit.
1319 1691 1388 1747 Ut
1430 1693 1646 1747 barbari
1689 1695 1836 1749 illum
1870 1696 2022 1749 vide-

442 1792 587 1843 runt,
621 1782 807 1835 statim
848 1782 901 1834 in
932 1780 1110 1851 fugam
1143 1784 1389 1837 conversi
1424 1794 1567 1850 sunt,
1606 1787 1816 1855 seipsos
1856 1788 2024 1843 inter-

439 1883 713 1939 emerunt,
750 1888 850 1928 nec
893 1875 1058 1928 telum
1107 1890 1207 1929 nec
1248 1875 1443 1931 vulnus
1488 1876 1556 1930 ab
1596 1881 1841 1933 exercitu
1877 1896 2027 1936 rece—

440 1974 673 2033 perunt;
711 1967 776 2020 ad
811 1966 972 2021 ﬁnem
1011 1982 1182 2035 usque
1232 1968 1460 2023 salutari
1512 1970 1616 2024 ista
1664 1972 1811 2041 galea
1861 1973 2025 2027 deco-

441 2056 548 2110 rari
600 2056 770 2111 voluit
816 2057 940 2126 pius
986 2058 1283 2127 imperator
1347 2075 1446 2130 pro
1502 2064 1648 2116 omni
1698 2062 2024 2118 diademate.

438 2146 765 2216 Popularem
855 2148 1017 2217 hujus
1107 2149 1236 2205 facti
1316 2149 1669 2207 festivitatem
1747 2141 2029 2209 celebrant

438 2240 779 2295 Alexandriae
858 2242 1085 2311 singulis
1150 2243 1352 2307 annis,
1416 2244 1519 2299 hoc
1584 2243 1781 2299 festum
1830 2244 2030 2315 Imagi-

439 2346 559 2384 nem
605 2332 908 2386 nomiuant.
959 2331 1253 2403 Imaginem
1316 2332 1607 2389 Theodosii
1645 2336 1870 2400 habent,
1919 2352 2026 2406 qua

437 2435 604 2493 caput
633 2423 920 2492 mapborio
956 2424 1231 2479 obtectum
1271 2426 1524 2493 habetur,
1558 2429 1608 2481 in
1652 2443 1811 2482 manu
1835 2430 2025 2483 dcnra

440 2522 524 2566 est
563 2512 788 2569 baculus
834 2525 889 2569 ct
938 2516 1257 2570 miraculum
1312 2532 1407 2587 per
1452 2518 1623 2588 ipsam
1669 2519 2021 2575 festivitatem

440 2603 759 2672 praedicant.

2132 1699 2438 1770 βακτηρίαν
2488 1698 2814 1767 δεξάμενος,
2876 1694 3011 1766 πρὸς
3063 1693 3156 1747 τὸν
3207 1691 3441 1761 πόλεμον
3490 1688 3715 1759 ἐξῆλθεν

2132 1794 2349 1864 πρῶτος
2383 1791 2475 1845 τοῦ
2509 1789 2836 1844 πιστοτάτου
2880 1786 3046 1842 αὑτοῦ
3093 1784 3521 1856 στρατεύματος·
3551 1783 3610 1835 ὃν
3636 1781 3715 1845 ὡς

2132 1880 2270 1935 εἶδον
2299 1885 2346 1935 of
2392 1880 2680 1951 βάρϐαροι,
2720 1879 2858 1950 πρὸς
2886 1875 3062 1947 φυγὴν
3110 1876 3312 1938 εὐθέως
3353 1872 3715 1943 ἐτράπησαν,

2133 1974 2227 2027 καὶ
2267 1972 2496 2034 ἑαυτοὺς
2525 1970 2950 2041 κατηνάλωσαν,
2997 1967 3147 2038 βέλος
3179 1964 3460 2028 παντελῶς
3492 1964 3525 2035 ἦ
3571 1964 3714 2033 πλη-

2134 2065 2238 2133 γὴν
2291 2063 2444 2133 παρὰ
2494 2062 2591 2115 τοῦ
2639 2059 2874 2132 στρατοῦ
2931 2060 3006 2131 μὴ
3057 2059 3362 2128 δεξάμενοι·
3398 2059 3493 2111 καὶ
3551 2057 3714 2127 μέχρι

2126 2155 2315 2217 τέλους
2348 2158 2414 2225 τῇ
2450 2153 2705 2225 σωτηρίῳ
2737 2152 2914 2224 ταύτῃ
2950 2150 3355 2223 περικεφαλαίᾳ
3388 2149 3479 2203 τὸν
3511 2149 3714 2219 εὐσεϐῆ

2128 2244 2223 2296 καὶ
2276 2233 2528 2313 φιλόθεον
2576 2244 2954 2314 αὐτοκράτορα
3004 2242 3125 2296 ἀντὶ
3173 2242 3375 2305 παντὸς
3429 2242 3488 2294 ὲν
3531 2240 3715 2303 αὐτοῖς

2128 2336 2489 2407 σεμνύνεσθαι
2512 2336 2867 2406 διαδήματος·
2891 2336 2949 2388 ὲν
2978 2327 3060 2397 οἷς
3082 2334 3175 2386 καὶ
3205 2332 3486 2403 πάνδημον
3519 2331 3713 2403 ἑορτὴν

2124 2428 2183 2480 ὲν
2228 2432 2293 2499 τῇ
2355 2429 2734 2500 Ἀλεξανδρείᾳ
2766 2430 2993 2496 ἄγουσιν
3013 2467 3028 2492 ,
3081 2427 3204 2481 καθ’
3235 2426 3467 2479 ἕκαστον
3498 2426 3618 2489 ἔτος
3651 2425 3712 2478 τὸ

2129 2522 2371 2575 Εἰκόνιον
2401 2521 2569 2590 αὐτὴν
2599 2520 2979 2590 ὀνομάζοντες·
3016 2519 3199 2573 εἰκόνα
3233 2519 3342 2588 γὰρ
3373 2518 3589 2589 ἔχουσιν
3614 2517 3714 2569 αὖα

2132 2614 2226 2667 τοῦ
2247 2654 2262 2678 ,
2294 2614 2439 2683 λέγω
2467 2614 2551 2684 δὴ,
2585 2612 2679 2666 τοῦ
2708 2611 3099 2665 εὐσεὸεστάτου
3129 2610 3390 2681 βασιλέως
3408 2611 3708 2674 Θεοδοσίου,

439 2696 536 2767 τὴν
577 2697 676 2767 μὲν
724 2697 968 2769 κεφαλὴν
1010 2699 1086 2768 τῷ
1121 2700 1374 2771 μαφορίῳ
1406 2703 1833 2776 κεκαλυμμένην
1869 2706 2108 2777 ἔχοντος,
2142 2714 2208 2782 τῇ
2258 2709 2315 2763 δὲ
2390 2709 2541 2781 δεξιᾷ
2620 2710 2763 2781 χειρὶ
2830 2708 2928 2779 τὴν
2976 2705 3281 2778 βακτηρίαν
3355 2706 3710 2777 κατέχοντος,

440 2791 527 2842 ἀεὶ
560 2791 620 2843 τὸ
668 2791 855 2858 θαῦμα
889 2792 1267 2863 κηρύττουσαν
1311 2794 1397 2848 διὰ
1442 2796 1539 2866 τῆς
1578 2797 1799 2869 ἐτησίας
1852 2800 2026 2870 αὐτῆς
2068 2802 2453 2873 πανηγύρεως.

514 2879 598 2933 15.
659 2880 848 2934 Divina
902 2883 1076 2952 gratia
1129 2893 1184 2936 et
1232 2884 1404 2938 ﬁdelis
1451 2888 1633 2956 piique
1681 2888 2027 2958 imperatoris

2206 2901 2267 2949 ε’.
2305 2894 2438 2965 Θείᾳ
2482 2894 2538 2947 δὲ
2584 2894 2765 2963 χάριτι
2813 2894 2908 2946 καὶ
2945 2892 3039 2945 τοῦ
3091 2890 3283 2945 πιστοῦ
3328 2892 3419 2944 καὶ
3453 2889 3713 2951 εὐσεϐοῦς

444 2970 735 3027 Theodosii
778 2973 1165 3041 cooperatione
1198 2976 1400 3037 omnia,
1437 2985 1494 3029 ut
1529 2979 1599 3030 ita
1644 2980 1841 3044 dicam,
1877 2980 2025 3035 ϐιω-

2135 2985 2397 3055 βασιλέως
2448 2985 2729 3038 Θεοδοσίου
2791 2984 3083 3054 συνεργεία
3142 2986 3171 3036 ό
3216 2982 3315 3051 τῆς
3383 2980 3714 3049 Ἑκκλησίας

443 3077 631 3115 corum
679 3062 972 3116 simulacra
1007 3064 1059 3117 in
1092 3064 1224 3120 urbe
1253 3066 1452 3121 evertit
1501 3067 1589 3121 ille
1614 3069 1857 3125 eccleSize
1895 3087 2031 3140 prac-

443 3154 529 3207 sul
576 3164 759 3224 pastor
804 3156 985 3225 gregis
1030 3157 1282 3213 assiduus
1328 3168 1384 3213 et
1431 3160 1615 3215 divino
1669 3162 1786 3216 zelo
1845 3163 2032 3232 plenus

447 3244 815 3316 Theophilus;
872 3249 1151 3303 civitatem
1204 3266 1423 3319 quoque
1481 3261 1646 3308 totam
1711 3256 2033 3311 desideratis

446 3341 733 3396 exornavit
785 3340 1027 3406 milibus,
1093 3352 1145 3395 et
1210 3342 1261 3395 in
1326 3344 1445 3398 loco
1498 3343 1718 3414 Canopo
1761 3348 2032 3415 Apostolis

453 3448 708 3500 magnum
778 3442 831 3484 et
904 3432 1211 3486 mirandum
1278 3434 1535 3503 templum
1606 3437 1801 3491 erexit.
1867 3438 2030 3494 Extra

450 3521 635 3575 urbem
678 3522 842 3575 situm
879 3529 964 3575 est
1002 3523 1068 3575 ad
1094 3522 1273 3578 stadia
1300 3524 1621 3593 duodecim;
1660 3527 1916 3582 nimirum
1958 3532 2033 3582 iu-

449 3614 605 3682 sigue
663 3622 716 3666 et
768 3614 899 3682 ipsis
946 3612 1263 3669 Grtecorum
1321 3617 1507 3685 pueris
1554 3619 1887 3673 venerabile.
1925 3620 2032 3675 lbi-

450 3706 570 3760 dem
627 3715 848 3775 putatur
900 3704 1075 3760 coitus
1129 3707 1353 3762 deorum
1405 3708 1598 3774 fuisse,
1634 3710 1710 3765 uti
1767 3711 1851 3765 via
1901 3712 2032 3781 lapi-

448 3797 610 3851 dibus
648 3806 819 3851 strata
858 3808 914 3851 et
955 3798 1147 3852 eodem
1187 3802 1259 3853 ex‘
1297 3801 1552 3854 oumihus
1597 3801 1747 3856 urbis
1790 3804 2030 3870 partibus

449 3890 692 3951 directa,
746 3889 973 3956 porticis
1023 3899 1076 3943 ct
1121 3890 1329 3944 balucis
1379 3890 1752 3960 frequentibus
1801 3895 2029 3948 demon-

450 3993 678 4037 stratur.
721 3981 929 4051 Viginti
967 3993 1205 4051 quatuor
1252 3983 1480 4037 aderant
1514 3984 1730 4050 balnea,
1767 4001 1888 4054 qua:
1933 3987 2030 4043 ho-

450 4075 691 4141 diedum,
714 4075 869 4143 juxta
907 4075 1122 4129 testium
1156 4077 1651 4140 asseverationem,
1685 4092 1873 4133 eversa
1905 4088 2031 4133 sunt

453 4176 509 4218 ut
564 4175 769 4219 tantum
820 4166 1053 4236 vestigia
1102 4168 1347 4236 quaedam
1397 4179 1735 4224 remaneant.
1769 4168 1913 4225 Foro
1950 4172 2031 4226 iu—

450 4273 633 4329 super,
676 4274 857 4313 rerum
915 4260 1187 4313 venalium
1248 4260 1487 4315 abundat
1538 4262 1713 4332 copia.
1760 4264 1843 4317 Ab
1897 4265 2029 4318 urbe

2133 3077 2418 3147 πρόεδρος,
2463 3077 2555 3130 καὶ
2582 3076 2689 3129 τῶν
2720 3078 2775 3128 ἐν
2809 3080 2873 3147 τῇ
2920 3074 3297 3146 Ἀλεξανδρεία
3326 3075 3593 3143 ποιμνίων
3623 3090 3714 3125 νο-

2136 3173 2270 3240 μεὺς
2307 3150 2589 3240 ἀσφαλὴς,
2630 3169 2759 3239 οείῳ
2809 3169 2955 3240 ζήλῳ
2987 3167 3420 3238 πεπληρωμένος
3451 3164 3712 3232 Θεόφιλος

2134 3260 2329 3323 πάντα,
2353 3259 2427 3322 ώς
2456 3260 2650 3324 εἰπεῖν,
2685 3257 2951 3327 Ἑλλήνιον
2981 3256 3233 3310 καθεῖλεν
3266 3254 3333 3307 τὰ
3369 3253 3713 3323 σεϐάσματα,

2134 3351 2228 3403 καὶ
2265 3349 2575 3421 εὐκτηρίοις
2607 3348 2777 3412 οἴκοις
2809 3351 2908 3419 τὴν
2942 3349 3095 3400 πόλιν
3145 3349 3327 3399 πᾶσαν
3366 3348 3714 3414 ἐκόσμησεν·

2132 3441 2225 3495 καὶ
2261 3442 2318 3493 ἐν
2350 3440 2428 3509 τῷ
2474 3439 2756 3509 λεγομένῳ
2802 3438 3054 3505 Κανώπιρ
3086 3437 3214 3491 ναδν
3246 3439 3357 3499 τοῖς
3392 3436 3713 3498 ἀποστόλοις

2134 3533 2389 3604 ὑπερφυῆ
2434 3550 2492 3586 τε
2547 3534 2641 3585 καὶ
2695 3532 2871 3601 μέγαν
2920 3530 3242 3599 ἀνέστησεν·
3292 3529 3396 3592 ἔξω
3446 3528 3501 3580 δὲ
3560 3520 3709 3588 οὗτος

2134 3625 2368 3695 ὑπάρχει
2390 3625 2487 3693 τῆς
2518 3624 2747 3687 πόλεως,
2779 3620 3004 3685 διεστὼς
3038 3619 3288 3690 σημείοις
3316 3619 3408 3671 δύο
3437 3621 3527 3672 καὶ
3559 3619 3706 3677 δέκα,

2132 3717 2253 3770 λίαν
2285 3716 2577 3786 ἐπίσημος.
2608 3715 2681 3778 ώς
2708 3715 2877 3777 ὅντως
2910 3709 3049 3767 εἶναι
3088 3713 3181 3765 καὶ
3213 3710 3404 3763 παισὶν
3447 3710 3712 3779 Ἑλλήνων

2134 3809 2448 3878 σεϐἀσμιος·
2485 3808 2601 3860 ἐκεῖ
2645 3810 2754 3876 γὰρ
2783 3806 2966 3868 αὐτοῖς
2992 3805 3099 3858 τῶν
3134 3803 3273 3857 θεῶν
3303 3804 3334 3871 ἡ
3377 3801 3613 3866 σύνοδος,
3639 3800 3714 3863 ὣς

2133 3917 2319 3969 φασιν,
2359 3898 2672 3969 ἐνομίζετο·
2727 3896 2803 3959 ὡς
2852 3897 3032 3950 πᾶσαν
3062 3895 3196 3965 ὁμοῦ
3242 3894 3341 3963 τὴν
3389 3894 3453 3946 ὲκ
3506 3892 3715 3955 πόλεως

2132 3993 2313 4044 ἐκεῖσε
2387 3989 2661 4059 φέρουσαν
2721 3985 2967 4056 ἀτραπὸν
3025 3982 3446 4056 καταστρῶσθαι
3511 3979 3711 4045 πλαξὶ,

2132 4080 2476 4153 προαστείοις
2530 4096 2590 4132 τε
2647 4078 2741 4132 καὶ
2798 4077 3073 4145 λουετροῖς
3136 4074 3489 4135 πυκνοτάτοις
3546 4071 3715 4141 αὐτὴν

2133 4170 2518 4238 κατεστέφθαι·
2555 4166 2729 4222 εἴκοσι
2759 4167 2815 4220 δὲ
2843 4161 2982 4220 εἶναι
3014 4165 3108 4218 καὶ
3144 4166 3305 4220 τέσσα
3318 4166 3384 4234 pd
3413 4164 3481 4215 τὰ
3511 4164 3715 4232 λουτρὰ

2131 4264 2558 4332 διαγράφονται·
2620 4260 2711 4314 καὶ
2750 4259 2854 4322 ἓως
2903 4259 3086 4329 ὀλίγου
3138 4258 3235 4328 μὲν
3283 4256 3714 4325 κατεστραφοαι,

451 4361 631 4403 autem
685 4348 909 4418 Canopo
960 4351 1171 4405 duabus
1229 4351 1424 4406 stadiis
1472 4353 1625 4407 vicus
1688 4355 1891 4417 distat,
1944 4356 2028 4409 cui

2135 4355 2319 4408 πολλοὶ
2349 4354 2598 4420 λέγουσιν
2633 4354 2740 4405 τῶν
2776 4352 3175 4420 ἐπισταμένων·
3211 4348 3345 4401 ἀλλὰ
3382 4349 3477 4400 καὶ
3523 4350 3716 4418 μέχρις

453 4438 715 4495 Mamithe
762 4455 981 4505 nomen,
1032 4441 1336 4496 daennouum
1389 4443 1518 4497 olim
1583 4443 1941 4509 domicilium,
1980 4455 2034 4500 et

454 4531 816 4601 malignorum
854 4532 1157 4601 spirituum
1216 4532 1517 4601 habitatio;
1568 4535 1765 4588 ibidem
1819 4550 2036 4606 quoque

456 4622 715 4691 templum
808 4623 1154 4694 evangelistis
1233 4627 1520 4680 zcdiﬁcavit
1596 4627 1751 4681 divus
1834 4626 2032 4683 Theo-

455 4715 656 4784 philus.

527 4980 611 5033 l6.
652 4977 824 5033 Morte
877 4980 1139 5035 translato
1182 4980 1500 5050 TheOphilo,
1532 4981 1786 5039 Ecclesia!
1838 4988 2033 5053 guber-

456 5070 605 5124 nium
647 5070 888 5139 suseepit
927 5086 1154 5140 magnus
1186 5072 1445 5141 Cyrillus,
1492 5074 1713 5142 pietatis
1748 5084 1957 5129 amator
1981 5084 2034 5130 et

457 5163 579 5217 ﬁdei
650 5175 1029 5232 corruptorum
1097 5165 1433 5232 destructor;
1505 5181 1627 5220 cum
1693 5166 2033 5222 Christianos

455 5253 823 5325 simpliciores
896 5256 1141 5321 videret,
1220 5256 1611 5313 sublevationis
1672 5274 1874 5324 causa,
1949 5270 2034 5315 ast

457 5361 651 5415 magno
700 5347 897 5401 anima:
941 5348 1267 5401 detrimento
1318 5350 1516 5404 idolum
1560 5351 1842 5416 adeuntes,
1879 5353 2033 5407 vehe-

456 5438 791 5493 mentissime
815 5440 882 5493 de
908 5438 1181 5494 blenouthi
1208 5441 1679 5509 phantasmatibus
1704 5441 2032 5511 dissipandis

459 5531 736 5599 cogitavit.
789 5516 966 5587 Multis
1006 5536 1071 5588 ad
1120 5534 1286 5589 Deum
1339 5533 1527 5589 effusis
1573 5535 1823 5604 precibus
1862 5550 2028 5605 ange-

457 5617 566 5673 lum
623 5621 755 5676 vidit
811 5624 1086 5680 orationes
1138 5641 1265 5681 suas
1322 5626 1706 5695 suscipientem
1755 5636 1809 5681 et
1860 5629 1923 5681 ad
1973 5641 2031 5682 se

2140 4448 2329 4513 αὐτοῦ,
2353 4447 2495 4517 φημὶ
2526 4448 2612 4515 δὴ,
2641 4445 2735 4498 τοῦ
2774 4444 3045 4497 Κανώπου
3078 4443 3177 4512 τὴν
3225 4442 3325 4510 τῆς
3368 4442 3570 4503 πόλεως
3604 4442 3715 4491 τινᾶν

2136 4537 2586 4606 ἀναλογίζεσθαι,
2630 4534 2836 4607 ἀγοράν
2882 4552 2941 4587 τε
2997 4535 3181 4586 πᾶσαν
3230 4531 3604 4602 προτίῡεσϐαι,
3653 4522 3714 4582 οὗ

2135 4629 2460 4701 ἀφεστῶσαν
2491 4627 2685 4698 κώμην
2716 4628 2964 4698 σημείοις
2994 4624 3087 4677 δύο
3114 4622 3363 4693 Μενουθῆ
3398 4619 3543 4692 εἶχεν
3571 4620 3716 4674 οὕτω

2136 4720 2471 4788 καλούμενον
2499 4718 2738 4782 εἴδωλον,
2769 4722 2827 4772 ὲν
2858 4712 2901 4785 ᾧ
2929 4716 3177 4787 φανερῶς
3200 4715 3419 4785 ἐνήργει
3454 4716 3520 4767 τα
3552 4711 3717 4765 πνεύ-

2138 4831 2300 4885 ματα·
2336 4816 2392 4867 ὲν
2499 4813 2663 4864 πάλιν
2696 4811 2821 4864 ναὸν
2854 4809 3122 4881 ᾠκοδόμει
3151 4811 3263 4870 τοῖς
3301 4806 3717 4875 εὐαγγε).ισταίς

2133 4906 2160 4957 ό
2184 4905 2323 4965 θεῖος
2351 4903 2629 4973 Θεόφιλος.

2212 5001 2305 5059 ις’.
2330 4994 2484 5048 Μετὰ
2514 4992 2569 5046 δὲ
2596 4989 2855 5059 Θεοφίλου
2885 4986 3290 5058 τὴν”κοίμησιν,
3319 4983 3591 5055 Κυρίλλου
3620 4983 3715 5038 τοῦ

2139 5086 2375 5155 μεγάλου
2413 5085 2509 5152 τῆς
2550 5080 2876 5150 Ἐκκλησίας
2906 5077 3293 5148 διαδεξαμένου
3336 5079 3463 5139 τοὺς
3495 5075 3712 5138 οἴακας,

2133 5175 2232 5243 τῆς
2255 5172 2536 5234 εὐσεὸείας
2568 5168 2823 5241 ἐραστοῦ,
2848 5170 2941 5220 καὶ
2973 5166 3300 5237 καθαιρέτου
3329 5166 3438 5218 τῶν
3468 5164 3718 5234 φϐορέων

2134 5257 2231 5336 τῆς
2297 5265 2563 5326 πίστεως,
2619 5262 2838 5332 φροντὶς
2889 5256 2956 5330 ἦν
3017 5258 3167 5330 αὐτῷ
3226 5259 3324 5328 οὐχ
3387 5260 3420 5328 ὴ
3477 5256 3719 5328 τυχοῦσα

2135 5352 2550 5423 καταργηΘῆναι
2600 5351 2666 5404 τὰ
2716 5350 2979 5420 φάσματα
3031 5350 3130 5419 τῆς
3179 5346 3523 5410 Μενουθὲως,
3576 5347 3713 5416 Χρι-

2137 5444 2384 5507 στιανούς
2438 5444 2496 5496 τέ
2553 5460 2699 5504 τινας
2756 5441 3143 5512 ἁπλουστέρων
3200 5442 3379 5494 ἐκεῖσε
3439 5440 3717 5509 προφάσει

2137 5537 2356 5606 ῥώσεως
2392 5535 2820 5604 αὐτομολοῦντας
2849 5534 3078 5600 ἐκκόψαι
3101 5548 3115 5562 ⁸
3142 5532 3312 5587 πολλά
3357 5533 3486 5602 περὶ
3518 5531 3718 5583 τούτου

2133 5628 2224 5681 τὸν
2251 5628 2384 5682 Θεὸν
2423 5626 2710 5688 ἱκετεύσας
2732 5664 2745 5691 ,
2777 5624 3005 5694 ἄγγελον
3037 5625 3139 5695 όρᾷ
3169 5626 3233 5677 ὲκ
3262 5622 3397 5678 Θεοῦ
3430 5622 3720 5692 δεχοείσαν
