3998 6200
326 253 470 317 3689
1500 254 1600 314 DE
1634 254 1740 315 SS.
1781 252 1978 315 (ΣΥΒο
2008 255 2103 316 ΕΤ
2139 255 2456 317 JOANNE.
3448 256 3588 321 3690

320 363 470 435 αὐτῷ
502 363 600 434 τὴν
628 362 815 435 δέησιν
841 358 1330 435 εὐαγγελιζόμενον
1352 361 1446 416 καὶ
1466 362 1904 434 προστάσσοντα,

2014 366 2428 423 descendentem
2464 369 2530 422 de
2561 366 2715 422 caelis
2749 370 3168 436 monentemque
3214 379 3274 419 ut
3307 369 3484 435 magni
3534 370 3596 423 in

319 459 462 513 ὥστε
502 455 688 527 Κύρου
735 455 973 510 λαϐόντα
1010 455 1105 510 τοῦ
1151 455 1389 527 μεγάλου
1434 455 1493 507 ὲν
1530 455 1802 526 μάρτυσιν
1844 457 1910 509 ὲκ

2017 456 2358 511 confessione
2388 455 2514 527 Cyri
2553 456 2813 527 reliquias
2842 470 2910 510 ex
2943 455 3142 525 templo
3179 454 3362 511 Sancti
3402 456 3593 526 Marci,

317 552 412 606 τοῦ
446 551 576 605 ναοῦ
603 551 835 622 Μάρκου
866 549 960 604 τοῦ
994 549 1176 618 ’Δγίου
1208 552 1267 602 ὲν
1296 551 1362 620 τῇ
1389 548 1664 619 Μενουθῇ,
1693 547 1731 601 ἃ
1753 548 1817 611 δὴ
1852 550 1910 602 ὲν

2016 547 2070 601 in
2122 547 2468 603 Menoutham
2521 548 2774 604 videlicet
2821 549 2876 603 in
2933 548 3220 604 ecclesiam
3280 560 3593 607 sanctorum

318 648 385 716 τῇ
421 645 531 698 τῶν
560 641 979 711 Εὐαγγελιστῶν
1008 641 1272 713 ἐκκλησίᾳ
1300 641 1665 712 κατατεθῆναι
1698 640 1906 696 τούτων

2012 638 2486 709 Evangelistarum
2546 649 2851 710 asportaret
2906 639 3297 711 (veneratione
3347 643 3492 697 enim
3543 653 3601 697 et

316 736 380 789 τὸ
426 733 701 802 λείψανον·
747 732 893 786 οὕτω
934 732 1043 803 γὰρ
1087 734 1182 785 καὶ
1222 731 1321 803 τὴν
1352 732 1548 802 κώμην
1589 731 1907 802 ὠνόμαζον,

2015 730 2162 785 cultu
2202 730 2694 786 simulaerinomen
2728 730 3019 788 Menoutha
3055 732 3207 809 locus
3237 732 3595 805 obtinuerat).

316 827 457 880 αἰδοῖ
485 826 578 881 καὶ
607 824 818 896 φίλτρῳ
851 827 950 895 τῆς
987 824 1261 894 δαίμονος,
1296 823 1385 878 διὰ
1427 823 1522 877 τοῦ
1572 824 1691 888 ἐνὸς
1724 826 1910 894 ἀμφο-

2015 821 2133 878 Una
2192 823 2421 878 duorum
2475 834 2776 897 martyrum
2837 826 3029 880 merita
3080 835 3135 881 et
3185 841 3414 896 corpora
3469 842 3600 882 con-

318 920 514 991 τέρους
542 919 808 989 ὀνόματος
839 917 966 980 τοὺς
1003 915 1097 969 δύο
1137 916 1427 988 μάρτυρας
1473 916 1725 987 σημάνας
1755 918 1784 968 ὁ
1813 915 1910 986 ἄγ-

318 1011 498 1079 γελος,
531 1010 608 1074 ὡς
647 1009 852 1082 ὲκ.τῶν
889 1008 1161 1080 Κυρίλλου
1190 1007 1284 1061 τοῦ
1316 1007 1591 1079 μακαρίου
1624 1006 1909 1077 δειχθήσε-

316 1118 426 1156 ται·
461 1100 538 1172 μὴ
562 1099 836 1172 μελλήσας
870 1091 1035 1170 γὰρὸ
1060 1098 1154 1151 τοῦ
1185 1097 1320 1152 Θεοῦ
1348 1098 1641 1168 ἀρχιερεὺς
1671 1114 1907 1168 προσφι-

313 1194 576 1256 λέστατος
623 1191 684 1244 τὸ
731 1190 1076 1261 προσταχθὲν
1130 1189 1283 1260 αὐτῷ
1329 1188 1693 1259 διεπράξατο⁶
1730 1187 1906 1242 είκάδι

313 1283 475 1354 ὀγδόῃ
493 1281 710 1337 Ἰουνίου
747 1281 912 1352 μηνὸς
951 1279 1050 1351 τὴν
1081 1279 1190 1333 τῶν
1225 1278 1584 1359 μαρτυρικῶν
1625 1277 1904 1348 λειψάνων

316 1374 611 1445 μετάθεσιν
648 1373 1018 1443 ποιησάμενος
1041 1387 1054 1401 ’
1103 1371 1201 1424 καὶ
1233 1370 1426 1439 λόγους
1460 1373 1689 1441 μικροὺς
1719 1371 1796 1441 (1)
1825 1369 1905 1440 τῷ

313 1463 648 1534 φιλοχρίστῳ
694 1460 811 1532 λαῷ
865 1454 1021 1524 οὗτος
1056 1459 1617 1533 προσφθεγξάμενος,
1670 1458 1766 1523 οὓς
1807 1458 1905 1511 καὶ

313 1554 716 1627 παραθήσομεν
739 1592 755 1617 ,
788 1551 926 1622 πρὸς
951 1553 1052 1622 τὴν
1076 1553 1186 1604 τῶν
1218 1550 1659 1621 ἐντυγχανόντων
1702 1548 1904 1602 πίστω-

313 1647 400 1700 σίν
425 1664 484 1699 τε
510 1645 645 1714 ὁμοῦ
678 1646 775 1699 καὶ⁵
799 1644 1092 1714 ὠφέλειαν⁶
1116 1645 1174 1697 ὲν
1198 1643 1318 1711 Θεῷ
1350 1641 1525 1713 Has-pl.
1557 1642 1654 1695 σὺν
1680 1638 1798 1710 ruga
1823 1640 1912 1712 τῷ

2007 912 2189 982 junxit
2253 915 2517 984 angelus,
2583 917 2662 972 uti
2724 934 2792 972 ex
2866 917 3083 973 actione
3148 917 3338 989 Cyrilli
3415 916 3598 988 conji-

2012 1007 2263 1063 ciendum
2323 1018 2444 1074 est;
2501 1008 2634 1063 nihil
2683 1020 2937 1080 acceptus
2996 1009 3106 1065 Deo
3158 1009 3404 1080 pontifex
3449 1011 3595 1065 omi-

2009 1101 2084 1155 sit
2141 1111 2201 1154 ut
2248 1115 2412 1170 quant
2464 1101 2728 1156 citissime
2790 1101 3083 1174 commissa
3144 1111 3534 1171 exsequeretur
3577 1120 3593 1168 ;

2011 1191 2268 1248 vicesima
2300 1201 2489 1247 octava
2513 1193 2657 1249 Junii
2691 1202 3004 1249 sanctarum
3039 1192 3392 1262 reliquiarum
3426 1204 3598 1250 trans-

2008 1280 2264 1335 lationem
2326 1282 2471 1348 fecit,
2524 1281 2898 1338 oratiunculas
2944 1283 3080 1338 duas
3130 1281 3443 1361 Christiano
3502 1299 3597 1353 po-

2007 1367 2135 1436 pulo
2175 1368 2385 1433 habuit,
2418 1386 2553 1439 quas
2586 1371 2637 1425 in
2675 1372 2833 1426 tidem
2877 1381 2933 1427 et
2980 1371 3271 1427 utilitatem
3303 1373 3595 1442 legentium

2008 1460 2318 1529 adjicimus,
2366 1462 2418 1516 in
2472 1462 2584 1519 Deo
2633 1463 2816 1530 Patre,
2861 1480 2984 1520 cum
3029 1464 3168 1520 Filio
3199 1464 3490 1538 Unigenito
3532 1483 3597 1523 ac

2007 1549 2167 1604 simul
2218 1562 2412 1608 sancto
2453 1562 2509 1609 et
2548 1553 2862 1610 viviﬁcante
2900 1555 3129 1625 Spiritu,
3162 1557 3363 1627 quibus
3397 1557 3594 1627 gloria,

2007 1640 2269 1709 majestas
2309 1653 2360 1698 et
2412 1643 2823 1715 magnificentia
2874 1662 3023 1702 nunc
3068 1656 3124 1702 et
3178 1662 3396 1719 semper
3443 1658 3495 1704 et
3541 1647 3597 1702 in

314 1738 601 1808 μονογενεϊ
633 1735 751 1806 ἅμα
783 1735 863 1807 τῷ
889 1735 1140 1805 παναγίῳ
1174 1736 1269 1788 καὶ
1301 1732 1553 1803 ζωοποιῷ
1596 1730 1900 1803 Πνεύματι,

2009 1735 2205 1791 saecula
2236 1732 2586 1799 saeculorum.
2619 1737 2812 1791 Amen.

311 1827 439 1895 δόξα
467 1828 811 1900 μεγαλοσύνη
837 1845 899 1881 τε
925 1828 1020 1881 καὶ
1051 1826 1525 1899 μεγαλοπρέπεια,
1560 1822 1656 1878 νῦν
1689 1823 1783 1878 καί¹
1814 1824 1902 1879 ἀεὶ

313 1922 408 1975 καὶ
436 1923 516 1986 εἰς
543 1922 668 1986 τοὺς
691 1920 895 1984 αἰῶνας
918 1919 1028 1974 τῶν
1049 1918 1284 1974 αίώνων.
1320 1918 1514 1988 Ἀμήν.

1827 2002 2065 2061 ΝΟΤΛΕ.

1827 2006 1870 2061 Ν
1924 2005 2065 2061 TE.

387 2105 468 2175 (l)
504 2102 720 2177 Videsis
754 2114 793 2160 t.
828 2102 1067 2160 LXXVII
1097 2104 1188 2161 ubi
1225 2103 1328 2159 has
1355 2115 1553 2174 parvas
1587 2110 1644 2158 et
1670 2005 1996 2157 ineditags.
2033 2096 2219 2169 Cyrilli
2260 2096 2633 2153 oratiunculas
2661 2098 3030 2154 exhibuimus.

319 2289 560 2307 μ’...α--ν

1450 2389 1643 2444 ΑΛΛΗ
1687 2387 2017 2443 ῙῙΟΛΙἸἙῘΑ
2076 2388 2443 2443 ΑΚΕΦΑΛΟΣ

1154 2483 1292 2537 ΤΩΝ
1326 2476 1532 2537 APION
1563 2481 1949 2538 ΜΔΡΤΥΡΩΝ
1974 2481 2219 2537 ΚΥΡΟΥ
2258 2482 2377 2536 ΚΑΙ
2405 2479 2735 2535 ΙΩᾹΝΝΟΥ.

1542 2711 1715 2772 ALIA
1752 2710 1928 2773 VITA
1973 2710 2366 2772 ACEPHALA

1059 2804 1522 2867 SANCTORUM
1581 2805 2017 2866 MARTYRUM
2093 2804 2266 2863 CYRI
2337 2802 2435 2863 ET
2497 2803 2838 2865 JOANNIS.

414 3078 429 3093 .
495 3084 508 3097 ,
600 3034 837 3103 ἄσκησιν
865 3028 1128 3101 γενναίως
1145 3029 1287 3084 κατὰ
1304 3028 1413 3083 τῶν
1444 3029 1767 3100 πνευμάτων
1796 3031 1894 3102 τῆς

2010 3102 2015 3103 ί
2177 3027 2454 3084 Generose
2474 3036 2530 3084 et
2553 3026 2790 3083 viriliter
2828 3043 2890 3085 se
2912 3037 3102 3085 contra
3122 3029 3342 3087 malitia.-
3365 3033 3589 3102 spiritus

310 3132 576 3200 πονηρίας
633 3122 1156 3197 παρατασσόμενος⁶
1204 3122 1232 3173 ό
1285 3120 1342 3174 δὲ
1379 3119 1634 3190 Ἰωάννης
1668 3121 1898 3193 ὲπιγείῳ

314 3224 414 3294 μὲν
447 3220 662 3293 βασιλεῖ
686 3221 745 3273 ὲν
779 3218 858 3271 ἑνὶ
902 3216 1009 3269 τῶν
1038 3213 1289 3287 ἀριθμῶν
1318 3212 1680 3285 ἐστρατεύετο
1703 3231 1716 3245 ·
1755 3214 1897 3288 πλὴν

304 3314 386 3385 τῷ
417 3310 728 3384 ἐπουρανίῳ
763 3306 974 3379 βασιλεῖ
1000 3306 1258 3377 ἀρέσκειν
1293 3304 1493 3375 μᾶλλον
1523 3305 1856 3360 ἐσπούδασεν
1879 3324 1894 3339 ’

310 3403 730 3474 συνελήφθησαν
792 3395 885 3454 οὖν
932 3393 1079 3453 οὗτοι
1108 3399 1158 3451 οἱ
1209 3396 1355 3465 ᾶγιοι
1413 3398 1471 3451 ἐν
1518 3396 1584 3469 τῇ
1627 3396 1896 3471 λεγομένῃ

309 3494 566 3566 Κανώπῳ
584 3509 598 3523 ’
624 3494 743 3545 ἐκεῖ
772 3490 880 3560 γὰρ
907 3483 1052 3559 εἶχον
1094 3487 1190 3560 τὴν
1219 3488 1463 3558 οἴκησινο
1484 3486 1896 3559 συνελήφθησαν

309 3584 366 3637 δὲ
398 3585 459 3636 οῦ
492 3583 667 3653 μόνοι,
698 3580 838 3635 ἀλλὰ
897 3579 1037 3651 μετὰ
1083 3579 1251 3649 τριῶν
1292 3578 1667 3650 άειπαρθένων
1701 3578 1797 3632 σὺν
1824 3582 1893 3651 τῇ

311 3673 515 3727 τούτων
544 3670 712 3744 μητρί
732 3686 746 3701 ⁸
780 3663 854 3724 ὧν
887 3668 1043 3741 ἡμὲν
1083 3666 1274 3740 πρώτη
1295 3667 1524 3738 Θεοδότη
1558 3667 1891 3737 ὠνομάζετο,

311 3767 472 3819 πέντε
503 3766 598 3818 καὶ
659 3762 884 3817 δέκατον
932 3760 1051 3824 ἔτος
1090 3756 1227 3832 ἦγεν
1256 3760 1356 3832 τὴν
1401 3761 1656 3829 γέννησιν
1678 3773 1692 3788 ⁶
1724 3758 1893 3827 ἡδευ-

307 3858 438 3928 τέρα
463 3857 520 3912 δὲ
551 3856 849 3926 Θεοκτίστη
884 3854 1218 3924 ὠνομάζετο,
1251 3854 1369 3922 τρὶς
1414 3851 1470 3905 δὲ
1512 3852 1603 3905 καὶ
1650 3853 1851 3926 δεκάτη
1872 3874 1889 3892 ο

306 3949 533 4014 Εὺδοξία
560 3948 618 4002 δὲ
640 3949 676 4019 ἡ
698 3948 881 4019 τρίτη,
910 3947 1005 4001 καὶ
1028 3937 1168 4017 αὕτη
1199 3944 1409 4013 ἄγουσα
1428 3944 1545 4008 ἔτος
1567 3944 1850 4000 ἑνδέκατον
1872 3961 1887 3977 θ

303 4043 337 4112 ἠ
365 4040 423 4096 δὲ
455 4039 661 4093 τούτων
729 4039 914 4108 μήτηρ
951 4036 1249 4091 Ἀθανασία
1278 4036 1738 4108 προσηγορεύετο,
1769 4037 1889 4108 ἥτις

302 4134 572 4204 δόγμασιν
598 4131 800 4202 μᾶλλον
830 4128 1115 4191 εὐσεϐείας
1144 4127 1177 4198 ἢ
1203 4127 1435 4197 γάλακτι
1468 4126 1888 4199 ἀναθρεψαμένη

304 4224 401 4287 τὰς
451 4223 719 4288 νεάνιδας,
772 4221 993 4274 ἔπεισεν
1027 4219 1199 4282 αὐτὰς
1243 4219 1342 4290 τὴν
1394 4218 1616 4285 ἁγνείαν
1648 4217 1885 4285 ἑλέσθαι,

306 4316 402 4368 καὶ
470 4312 579 4366 τῶν
637 4312 923 4366 ἀθανάτων
970 4310 1221 4382 νυμφίων
1278 4309 1717 4380 νυμφεύσασθαι,
1765 4310 1887 4363 ὃθεν

2006 3121 2276 3178 exercuit.
2305 3120 2544 3177 Joannes
2585 3118 2640 3176 in
2689 3121 2923 3179 militum
2979 3139 3206 3181 munere
3255 3134 3473 3182 terreno
3514 3128 3589 3183 in-

2013 3215 2285 3272 servierat
2335 3216 2677 3286 imperatori,
2709 3225 2798 3272 ast
2841 3214 2973 3288 Regi
2991 3218 3254 3274 caelorum
3280 3224 3450 3295 magis
3476 3222 3591 3294 pla-

2003 3321 2131 3362 cere
2201 3307 2493 3378 sategit....
2543 3307 2727 3385 Igitur
2761 3308 2812 3361 in
2862 3308 3010 3365 dicto
3047 3308 3251 3381 Campi
3323 3311 3440 3369 loco
3494 3314 3592 3369 de-

2004 3398 2261 3468 prehensi
2292 3397 2518 3452 fuerunt
2534 3399 2733 3465 sancti,
2754 3399 2844 3455 ubi
2871 3415 3059 3457 eorum
3082 3414 3201 3460 erat
3228 3403 3585 3462 habitatio....

2005 3488 2106 3544 Ast
2137 3504 2245 3543 non
2276 3487 2380 3544 soli
2421 3487 2642 3545 fuerunt
2686 3490 3032 3563 deprehensi,
3072 3493 3167 3549 sed
3192 3503 3247 3548 et
3282 3503 3393 3551 tres
3424 3496 3588 3552 simul

2001 3580 2247 3650 virgines
2298 3597 2403 3637 una
2456 3598 2578 3638 cum
2632 3592 2863 3651 matre;
2923 3598 3154 3653 quarum
3203 3587 3377 3656 prima
3409 3588 3587 3643 Theo-

2000 3670 2162 3727 ctista
2214 3668 2537 3737 vocabatur,
2566 3678 2621 3724 et
2665 3670 2933 3726 decimum
2987 3670 3235 3741 quintutn
3282 3674 3586 3729 nativitatis

2002 3777 2114 3817 sua:
2163 3761 2400 3818 ducebat
2435 3777 2677 3829 annum;
2717 3763 2957 3819 secunda
3009 3763 3395 3819 nominabatur
3436 3765 3578 3821 Deo-

1999 3852 2148 3921 data,
2186 3861 2241 3908 et
2271 3853 2536 3910 decimum
2575 3853 2791 3908 tertium
2840 3840 3053 3923 agebat,
3102 3855 3259 3911 tertia
3304 3871 3432 3912 vero
3474 3856 3585 3911 Eu-

1999 3945 2157 3999 doxia
2206 3945 2274 4000 ad
2320 3942 2666 4000 undecimum
2706 3937 3085 4017 pertingebat;
3115 3956 3289 4003 mater
3312 3948 3581 4021 virginum

1997 4037 2312 4093 Athanasia:
2371 4036 2595 4092 nomine
2668 4038 3041 4106 appellabatur
3100 4048 3156 4094 et
3214 4038 3352 4095 filias
3409 4043 3581 4113 magis

1995 4127 2215 4199 pietatis
2269 4128 2519 4183 doctrina
2570 4143 2732 4199 quam
2788 4128 2930 4184 lacte
2973 4131 3256 4198 cntttrivit,
3305 4149 3426 4189 cum
3472 4135 3580 4191 illis

1995 4218 2331 4288 persuaserit
2353 4226 2410 4272 ut
2441 4219 2711 4274 castitatis
2740 4220 2996 4277 virtutem
3027 4221 3317 4294 eligerent,
3350 4225 3575 4283 immor-

1998 4307 2184 4363 talium
2218 4312 2531 4367 dicerentur
2572 4327 2804 4382 sponsaz,
2858 4313 3219 4369 inexstinctas
3251 4317 3576 4387 virginitatis

305 4405 607 4468 άσδέστους
634 4404 731 4468 τὰς
754 4403 1043 4476 λαμπάδας
1073 4403 1173 4473 τῆς
1198 4402 1527 4473 παρθενείας
1555 4402 1884 4473 κατέχουσαι

1997 4400 2267 4470 lampades
2365 4405 2631 4460 haberent
2711 4414 2767 4460 ct
2847 4405 3257 4462 advenientem'
3312 4424 3572 4478 sponsum

303 4497 407 4569 τὴν
462 4495 626 4551 αὐτοῦ
687 4495 1096 4566 ἀπεκδέχωνται
1159 4494 1371 4549 ἔλευσιν
1400 4510 1413 4525 ⁸
1469 4493 1604 4547 ἀλλὰ
1648 4494 1739 4548 τὸν
1790 4494 1886 4566 τῆς

303 4586 637 4659 πάρθενείας
699 4585 868 4641 πλοῦν
918 4585 1104 4649 καλῶς
1137 4584 1341 4649 ταύτας
1400 4584 1691 4651 ἅνυούσας,
1723 4584 1751 4637 ὁ
1787 4585 1887 4656 τῆς

300 4679 595 4752 ὁμολογίας
623 4678 775 4748 ἀγὼν
805 4677 1248 4749 κατελάμϐανεν·
1278 4677 1340 4730 οὐ
1369 4677 1554 4747 μέντοι
1605 4676 1885 4731 κατεπλά-

303 4788 481 4842 γησαν
519 4771 619 4843 τὴν
659 4770 769 4823 τῶν
795 4769 977 4823 λύκων
1031 4768 1219 4838 ἔφοδον
1270 4768 1326 4820 αἱ
1358 4766 1452 4821 τοῦ
1483 4767 1720 4839 Χριστοῦ
1756 4768 1884 4822 καλ·

302 4864 637 4934 λιμάρτυρες
664 4880 677 4892 ·
700 4857 848 4932 εἷλον
903 4862 1015 4933 γὰρ
1060 4857 1343 4932 ἀναψυχὴν
1379 4859 1439 4912 οὑ
1474 4859 1674 4929 μικρὰν
1704 4857 1885 4930 Κῦρον

300 4954 396 5006 καὶ
422 4952 678 5023 Ἰωάννην
715 4951 844 5015 τοὺς
895 4944 1082 5019 ἁγίους
1113 4950 1418 5021 μάρτυρας,
1447 4949 1640 5009 οἵτινες
1666 4948 1755 5001 διὰ
1786 4950 1884 5020 τῆς

302 5042 489 5098 ἑνθέου
512 5042 861 5105 διδασκαλίας
892 5039 1074 5094 αὐτῶν
1098 5039 1197 5103 τὰς
1226 5039 1384 5108 ἁγίας
1415 5037 1717 5107 παρθένους
1780 5041 1885 5093 ἀπ-

302 5137 527 5208 ήλειφον
558 5137 639 5199 είς
666 5134 761 5188 τὸν
787 5133 932 5207 ὑπὲρ
959 5133 1059 5204 τῆς
1088 5131 1369 5195 εὐσεόείας
1407 5130 1623 5201 ἀγῶνασ
1653 5129 1747 5183 καί⁵
1777 5130 1884 5204 γὰρ

302 5229 512 5300 σφόδρα
561 5213 813 5298 ἧγωνίων
864 5226 963 5296 μὲν
1015 5227 1064 5278 οί
1091 5225 1257 5293 ἅγιοι,
1296 5225 1389 5278 καὶ
1415 5222 1887 5294 παρεσκευάζοντο

300 5318 709 5390 περισσοτέρως
743 5318 823 5379 είς
856 5317 954 5387 τὴν
989 5315 1132 5368 κατὰ
1164 5313 1263 5385 τῆς
1312 5312 1704 5382 εἰδωλομανίας
1735 5314 1885 5367 ἀντι-

305 5410 630 5482 παράταξιν,
664 5409 962 5473 δεδοικότες
987 5408 1097 5462 τῶν
1134 5407 1305 5475 ἁγίων
1358 5405 1644 5478 παρθένων
1674 5405 1733 5459 τὸ
1769 5408 1886 5460 νέον

300 5507 400 5575 τῆς
430 5503 669 5573 ἡλικίας,
699 5504 774 5574 μή
807 5518 936 5555 ποτε
989 5499 1064 5571 μὴ
1091 5499 1390 5575 ὲνέγκωξιν
1410 5515 1422 5529 ·
1450 5498 1635 5566 ἔλεγεν
1658 5497 1714 5552 δὲ
1750 5498 1885 5569 πρὸς

298 5569 469 5662 αῦτὰς
489 5597 540 5649 οἱ
568 5569 736 5666 ἆγιοιο
802 5569 1226 5662 Μνημονεύσατε
1247 5569 1353 5643 τῶν
1374 5590 1467 5644 τοῦ
1484 5590 1690 5661 Κυρίου
1715 5590 1887 5662 ῥημά-

301 5710 433 5760 των,
455 5692 546 5746 καὶ
584 5689 660 5762 μὴ
680 5686 1066 5757 καταπλαγῆτε
1091 5684 1159 5738 τὰ
1190 5683 1534 5754 ἐπερχόμενα
1555 5700 1567 5715 ·
1601 5684 1759 5747 αὐτὸς
1779 5684 1883 5757 γὰρ

629 5789 901 5873 ΡΑνιΊιυι.
955 5784 1070 5845 Gn.
1139 5782 1292 5845 LXX
1309 5783 1354 5843 Χ
1370 5781 1506 5846 Vll.

1993 4493 2330 4563 exciperent.
2383 4493 2514 4562 Quae
2564 4495 2896 4567 virginitatis
2957 4498 3252 4565 tramitem,
3307 4500 3572 4559 inoﬂ'enso

1990 4585 2126 4653 pede
2203 4584 2567 4656 perfecerant,
2628 4587 2992 4649 confessionis
3055 4607 3288 4662 pugnam
3339 4594 3570 4650 aditura:

1988 4682 2149 4728 erant
2197 4692 2211 4728 :
2265 4675 2515 4745 luporum
2575 4678 2933 4750 irruptionem
3002 4697 3112 4736 non
3172 4683 3571 4751 pertimuerunt

1989 4765 2192 4821 Christi
2234 4777 2524 4839 martyres,
2560 4780 2779 4825 sanctos
2807 4771 2951 4826 enim
2991 4771 3189 4843 Cyrum
3221 4783 3273 4829 et
3301 4773 3564 4831 Joannem

1993 4860 2045 4913 in
2072 4875 2299 4931 magnos
2320 4863 2681 4918 confessionis
2722 4863 2998 4931 adjutores
3034 4864 3418 4933 respiciebant,
3439 4882 3564 4922 cum

1985 4951 2053 5006 ab
2086 4951 2212 5017 illis,
2250 4954 2314 5006 ad
2350 4954 2571 5023 pietatis
2603 4969 2831 5023 agonem
2882 4952 3082 5009 divina;
3132 4955 3396 5010 doctrinae
3444 4959 3565 5012 oleo

1987 5056 2269 5113 perunctae
2299 5043 2555 5100 fuissent.
2590 5045 2828 5101 Fortiter
2878 5054 3057 5099 autem
3097 5060 3194 5120 pro
3244 5046 3345 5101 fide
3390 5057 3566 5102 certa-

1987 5144 2113 5190 runt
2163 5136 2337 5190 sancti
2370 5146 2424 5189 et
2469 5136 2536 5191 ad
2580 5136 2951 5207 depellendam
3000 5137 3359 5193 idololatriam
3392 5136 3563 5193 abun-

1985 5225 2204 5281 dantius
2232 5227 2508 5296 praecincti
2537 5240 2729 5297 erant;
2759 5229 3134 5284 tantummodo
3164 5238 3384 5300 prepter
3417 5240 3567 5284 tene-

1987 5330 2102 5369 ram
2157 5316 2426 5386 virginum
2491 5326 2706 5371 mtatem
2767 5318 3093 5381 timuerunt,
3150 5332 3216 5370 ne
3258 5315 3565 5386 juvenCulis

1986 5408 2165 5478 palma
2201 5408 2449 5481 martyrii
2481 5410 2778 5466 excideret.
2813 5408 2940 5465 Illas
2978 5409 3058 5464 sic
3103 5408 3566 5479 compellaverunt

1986 5500 2162 5555 sancti
2193 5519 2206 5555 :
2246 5520 2262 5554 ι
2295 5500 2627 5559 Mementote
2657 5504 2947 5559 verborum
2992 5501 3201 5558 Domini
3229 5512 3282 5557 et
3305 5503 3373 5559 ab
3402 5517 3565 5559 even-

1987 5592 2126 5648 turis
2154 5608 2223 5649 ne
2252 5597 2567 5650 terreamini
2602 5612 2617 5650 :
2649 5597 2761 5666 ipse
2785 5596 2927 5650 enim
2953 5596 3089 5649 dixit
3120 5614 3134 5649 :
3171 5593 3349 5649 Nolite
3386 5596 3568 5651 timere

1986 5701 2071 5741 eos
2104 5687 2206 5757 qui
2254 5704 2442 5759 corpus
2500 5690 2763 5759 occidunt,
2816 5691 3047 5745 animam
3083 5700 3260 5743 autem
3290 5686 3403 5744 non
3437 5704 3562 5760 pas-

3106 5785 3218 5847 116
