4020 6200
383 273 517 336 sum

1243 281 1305 340 S.
1345 281 1762 342 SOPHRONII
1798 279 2307 368 PATRIARCH/E
2345 277 2756 340 HIEROSOL-

3504 275 3646 339 3692

378 397 499 438 sunt
528 387 760 440 occidere
795 389 833 442 ‘.
868 387 932 442 Et
965 402 1150 443 rursus
1179 407 1190 442 :
1219 389 1324 454 Qui
1362 393 1763 460 perseveraverit
1795 409 1956 464 usque
1984 431 1993 454 λ

2079 388 2232 453 ιῐπεν,
2245 389 2344 457 Μὴ
2368 389 2648 459 φοϐεῖσθε
2668 389 2785 443 ἀπὸ
2805 386 2922 440 τῶν
2943 385 3431 442 ἀποκτεινόντων
3444 389 3516 444 τὰ
3533 387 3647 442 σὼ-

380 471 434 529 ἱίι
489 477 670 544 ﬁnem,
718 478 803 530 hic
848 479 1022 532 salvus
1062 481 1244 545 eril‘;
1305 481 1591 537 imitanimi
1642 484 1955 554 magistram

2079 501 2234 549 tam,
2253 485 2369 551 τὴν
2384 483 2452 536 δὲ
2469 483 2681 551 ψυχὴν
2690 481 2775 551 μὴ
2794 479 3148 549 δυναμένων
3163 479 3532 534 ἀποκτεῖναι·
3554 484 3644 536 καὶ

383 577 647 630 vestram,
679 569 834 638 cujus
859 569 1152 637 puritatem
1186 572 1593 640 concupiscitis,
1627 573 1959 628 aamulamini

380 658 802 713 confessionem.
839 678 858 710 ι
896 659 990 714 llis
1049 661 1432 732 similibusque
1473 666 1652 720 verbis
1680 676 1735 721 et
1779 681 1962 720 exem-

381 749 482 816 plis
506 750 680 803 sancti
714 749 915 805 Christi
955 764 1222 825 martyres
1275 756 1448 825 Cyrus
1473 767 1526 812 et
1558 755 1796 813 Joannes
1839 759 1962 815 illas

381 843 696 896 munierunt
743 843 980 913 virgines
1023 856 1078 901 et
1133 849 1185 901 in
1217 849 1409 918 agonis
1441 850 1675 904 stadium
1728 851 1960 920 ingressi

382 934 618 987 fuerunt.
642 933 779 989 Cum
797 952 824 988 a
847 937 1112 993 militibus
1135 941 1201 993 ad
1225 942 1461 995 tribunal
1489 941 1703 1013 Syriani
1728 943 1963 996 Alexan-

378 1026 548 1080 drina:
578 1028 729 1080 urbis
766 1030 1013 1096 praesidis
1045 1029 1290 1100 perducti
1321 1041 1760 1099 essent,omnem
1795 1033 1962 1103 abie-

379 1130 574 1172 cerunt
623 1119 1070 1186 sollicitudinem,
1114 1120 1270 1191 juxta
1337 1127 1654 1178 mandatum
1715 1124 1961 1193 Domini;

377 1225 492 1276 non
551 1211 692 1264 enim
732 1213 937 1280 paratis
979 1216 1427 1289 responsionibus
1485 1217 1550 1270 ad
1585 1217 1784 1286 judicis
1822 1233 1968 1286 quaa-

381 1301 589 1355 stiones
621 1301 862 1368 stabant,
907 1303 998 1356 sed
1034 1303 1237 1373 Spiritu
1267 1316 1455 1360 sancto
1501 1307 1755 1361 instructi
1806 1309 1965 1362 dictis

381 1393 524 1447 dicta
571 1393 899 1450 referebant.
954 1395 1162 1453 Prmses
1192 1399 1338 1452 enim
1393 1409 1614 1454 sanctos
1641 1410 1694 1453 et
1723 1400 1966 1468 virgines

381 1487 542 1540 simul
606 1497 869 1543 convocat
941 1500 1000 1541 ut
1055 1491 1392 1558 abnegantes
1455 1490 1731 1545 Christum
1803 1491 1968 1545 relin—

380 1585 551 1646 quant
614 1587 667 1631 et
741 1580 1076 1635 daemonibus
1123 1581 1466 1645 sacriﬁcent;
1530 1591 1613 1634 ast
1669 1583 1970 1635 docuerunt

381 1667 548 1721 Deum
580 1683 700 1723 esse
729 1669 946 1722 unicum
999 1671 1165 1725 totius
1199 1671 1501 1725 creationis
1543 1672 1771 1726 visibilis
1796 1672 1968 1726 facto-

2062 577 2248 631 πάλινσ
2291 575 2355 629 ’0
2388 575 2720 644 ὑπομείνας
2735 576 2821 639 εις
2851 570 3044 638 τέλος,
3065 565 3244 637 οὗτος
3264 572 3606 639 σωθήσεται
3626 591 3640 607 ο

2066 667 2383 739 μιμήσασθε
2407 666 2505 737 τὴν
2522 664 2797 736 ὑμετέραν
2819 663 3140 718 διδάσκαλον
3160 665 3262 735 τὴν
3283 665 3343 717 ἐν
3376 666 3646 733 γυναιξὶν,

2061 755 2131 831 ἧς
2163 759 2261 832 τὴν
2289 759 2618 830 παρθενείαν
2657 756 2990 826 ποθήσασαι,
3011 759 3101 810 καὶ
3121 758 3220 829 τὴν
3238 756 3534 827 ὁμολογίαν
3552 758 3650 826 ζη-

2062 850 2274 904 λώσατε
2301 865 2316 880 ·
2351 869 2371 902 ι
2394 849 2600 913 τούτοις
2620 849 2711 901 ,ταὶ
2736 838 2915 911 ἄλλοις
2931 836 3076 918 όμόίτ
3092 849 3327 917 ιςλόγοις
3351 847 3447 901 καὶ
3471 865 3652 918 παρα-

2064 940 2354 1011 δείγμασιν
2381 941 2428 993 οἰ
2451 939 2597 1008 ἅγιοι
2615 938 2708 992 τοῦ
2741 938 2980 1007 Χριστοῦ
3007 936 3284 1010 μάρτυρες
3325 939 3510 1010 Κῦρος
3556 941 3652 993 καὶ

2079 1032 2334 1099 Ἰωάννης
2356 1031 2454 1094 τὰς
2489 1029 3008 1103 μακαρίαςνὲκείνας
3062 1031 3364 1100 παρθένους
3391 1031 3654 1084 ὁπλίσαν-

2065 1140 2175 1187 τες,
2208 1123 2378 1186 οὕτως
2402 1121 2499 1175 σὺν
2530 1124 2721 1185 αὐταῖς
2751 1123 2831 1185 εἰς
2852 1122 2911 1175 τὸ
2941 1123 3082 1175 κατά
3105 1123 3204 1192 τῆς
3227 1121 3656 1192 δεισιδαιμονίας

2067 1216 2366 1269 ἀπεδίδοντο
2399 1216 2610 1268 στάδιον
2636 1231 2649 1245 ·
2689 1217 2810 1267 ἐπεὶ
2872 1214 2982 1284 γ’ἀρ
3009 1215 3112 1267 ὑπὸ
3147 1214 3257 1268 τῶν
3293 1215 3497 1277 αὐτοὺς
3527 1215 3652 1268 συλ-

2066 1306 2456 1376 λαμϐανόντων
2489 1305 2860 1375 στρατιωτῶν,
2895 1305 2974 1376 τῷ
3004 1305 3097 1358 τοῦ
3128 1304 3393 1376 Συριανοῦ
3425 1306 3520 1357 ἐπὶ
3553 1305 3652 1376 τῆς

2080 1397 2494 1469 Ἀλεξανδρείας
2546 1399 2900 1469 παρέστησαν
2969 1397 3196 1468 βήματι,
3247 1399 3428 1450 πᾶσαν
3459 1398 3652 1466 ἑτέραν

2068 1491 2382 1564 ἀπέρριψαν
2417 1492 2706 1562 μέριμναν,
2734 1492 2877 1544 κατὰ
2907 1490 3006 1559 τὴν
3023 1490 3118 1542 τοῦ
3153 1491 3359 1559 Κυρίου
3393 1490 3614 1558 ἐντολήν
3635 1505 3648 1518 ·

2070 1583 2132 1635 ού
2161 1566 2268 1652 γάρ
2296 1583 2520 1644 οἰκείοις
2554 1581 2935 1651 συλλογισμοῖς
2996 1582 3133 1651 πρὸς
3201 1581 3301 1642 τὰς
3357 1581 3655 1648 ἀπολογίας

2071 1673 2167 1736 τὰς
2200 1673 2336 1744 πρὸς
2360 1674 2450 1726 τὸν
2480 1673 2740 1744 δικαστὴν
2780 1669 3162 1742 ἡτοιμάζοντο,
3201 1673 3339 1725 ἀλλὰ
3376 1672 3454 1742 τῷ
3516 1671 3654 1740 ἁγίῳ

380 1771 578 1823 torem,
606 1759 738 1814 deos
785 1771 967 1814 autem
1001 1776 1028 1812 a
1063 1762 1291 1832 paganis
1343 1770 1650 1827 veneratus,
1695 1776 1801 1815 non
1844 1777 1966 1816 esse

2079 1763 2726 1834 Πνεύματισοεριζόμενοι
2798 1764 2935 1834 πρὸς
2987 1764 3084 1827 τάς
3141 1764 3310 1818 αὑτοῦ
3355 1767 3655 1834 ἐρωτήσεις

380 1852 513 1905 deos
537 1851 630 1905 sed
663 1851 942 1906 hominum
997 1853 1320 1921 perdituros,
1353 1853 1584 1922 ideoque
1639 1854 1966 1908 deserendas

379 1945 682 1998 edixerunt.
725 1944 875 1999 Tunc
916 1945 1034 1999 illos
1089 1944 1368 1999 blanditiis
1409 1945 1790 2013 donorumqne
1845 1959 1972 2012 pro-

381 2035 733 2091 missionibus
778 2051 1066 2106 aggressus
1099 2047 1184 2091 est
1213 2037 1498 2106 Syrianus,
1525 2051 1726 2104 eosque
1756 2037 1970 2091 charis-

378 2128 550 2183 simos
577 2137 634 2183 et
657 2129 969 2183 notissimos
1000 2130 1052 2181 in
1096 2143 1264 2196 regno
1307 2128 1662 2182 stabiliendos
1700 2127 1971 2196 pollicitus

377 2229 498 2285 est;
543 2221 716 2275 sancti
756 2235 886 2276 vero
925 2229 1198 2287 martyres
1247 2235 1532 2273 munerum
1579 2217 1745 2288 jnstis
1782 2233 1965 2274 reser-

379 2323 627 2365 vatorum
672 2325 944 2366 memores
991 2319 1044 2364 et
1075 2309 1400 2364 Christiana:
1448 2309 1721 2364 libertatis
1764 2306 1965 2377 judicis

379 2407 773 2476 promissiones
795 2407 1164 2474 despexerunt
1183 2415 1236 2457 et
1265 2403 1676 2457 manifestarunt
1701 2411 1963 2471 quantum

382 2511 596 2555 terrena
630 2514 660 2553 a
694 2499 907 2567 superis
940 2507 996 2551 et
1039 2496 1354 2552 caelestibus
1399 2496 1555 2550 donis
1593 2496 1815 2550 distent.

2068 1855 2388 1924 ὑπήντησαν
2409 1869 2422 1882 ·
2467 1855 2495 1906 ὁ
2531 1854 2632 1924 μὲν
2665 1849 2781 1924 γὰρ’
2814 1853 2999 1906 ὲκάλει
3034 1855 3160 1918 τοὺς
3193 1856 3380 1923 ἁγίους
3417 1859 3512 1908 σίιν
3537 1858 3656 1917 ταῖς

2068 1945 2332 2015 ἀοιδίμοις
2369 1946 2682 2016 παρθένοις,
2731 1944 2867 2015 πρὸς
2919 1945 3150 2018 ἄρνησιν
3215 1947 3658 2017 προτρεπόμενος

2069 2039 2161 2091 τὸν
2192 2037 2427 2109 Χριστὸν
2456 2038 2897 2107 καταλιμπάνειν
2943 2043 3038 2091 καλ⁸
3075 2039 3350 2101 θυσιάζειν
3388 2041 3512 2102 τοὺς
3543 2039 3658 2091 δαί-

2077 2148 2247 2202 μονας
2275 2147 2289 2162 ’
2312 2132 2361 2184 οἱ
2397 2129 2452 2182 δὲ
2481 2130 2569 2183 διά
2597 2119 2710 2200 τῆς
2736 2131 3022 2202 δρωμένης
3072 2131 3306 2194 κτίσεως
3334 2130 3427 2185 τὸν
3451 2131 3658 2201 ταύτης

2075 2223 2424 2294 Δημιουργὸν
2455 2223 2841 2289 ἐπιγινώσκειν
2901 2223 3200 2288 ἐδίδασκον,
3237 2223 3332 2275 καὶ
3369 2223 3493 2285 τοὺς
3527 2222 3657 2293 παρ’

2073 2312 2255 2365 αὐτῶν
2299 2311 2630 2382 σεϐομένους
2672 2312 2850 2376 θεοὺς,
2887 2313 2963 2377 ὡς
3005 2314 3066 2366 οὐ
3107 2313 3265 2376 θεοὺς
3297 2313 3475 2376 ὄντας,
3520 2313 3660 2365 ἀλλά

2069 2403 2385 2472 λυμαιῶνας
2420 2402 2530 2456 τῶν
2551 2405 2646 2457 ἀνθ
2655 2404 2876 2474 ρώπων,
2896 2404 3331 2474 καταλιμπάνειν
3348 2403 3656 2459 ἀνέπειθον.

2071 2492 2204 2549 Εἶτα
2232 2498 2260 2549 ὁ
2286 2495 2544 2565 Συριανὸς
2566 2496 2880 2550 κολακεύων
2905 2498 3111 2567 δόματα
3142 2498 3326 2550 δοῦναι
3379 2497 3650 2568 ἐπηγγέλ-

380 2591 519 2654 λετο,
560 2592 653 2644 καὶ
716 2590 903 2660 φίλους
975 2589 1071 2643 καὶ
1119 2588 1431 2660 γνωρίμους
1474 2588 1738 2660 καθιστᾷν
1790 2586 1870 2658 τῷ
1930 2587 2046 2657 ἰδίῳ
2070 2587 2280 2658 βασιλεί
2298 2587 2736 2643 ἐϐεϐαίωσεν-οἱ
2766 2591 2822 2643 δὲ
2855 2591 2997 2659 ἅγιοι
3043 2592 3319 2662 μάρτυρες
3355 2592 3463 2643 τῶν
3518 2593 3653 2644 ἀπο-

381 2687 651 2756 κειμένων
681 2688 793 2749 τοῖς
819 2685 1049 2748 δικαίοις
1092 2683 1314 2753 ἀγαθῶν
1371 2683 1763 2753 ἐμνημόνευον,
1829 2681 2052 2750 καὶτῆς
2090 2683 2199 2735 τῶν
2225 2683 2470 2755 οὐρανῶν
2505 2683 2806 2755 βασιλείας,
2866 2685 2957 2736 καὶ
3004 2683 3112 2752 τῆς
3131 2685 3264 2753 πρὸς
3301 2683 3392 2739 τὸν
3425 2682 3660 2753 Χριστὸν

381 2783 735 2855 παρρησίαςο
795 2784 1034 2844 καὶτοῖς
1103 2779 1254 2852 παρὰ
1310 2779 1403 2834 τοῦ
1447 2778 1702 2833 δικαστοῦ
1770 2777 2269 2850 ἐπαγγελλομένοις
2319 2780 2887 2851 ἀντεπαρετάττοντο,
2951 2780 3261 2844 δεικνύντες
3313 2781 3436 2833 ὅσον
3485 2781 3659 2834 ταίτα

385 2879 612 2932 ἐκείνων
642 2875 959 2946 ἐνδοξότερά
981 2891 1040 2927 τε
1067 2873 1167 2927 καὶ
1209 2871 1532 2944 τιμιώτερα.

452 2973 683 3028 Emissis
711 2972 962 3026 omnibus
981 2973 1268 3026 verborum
1296 2969 1582 3024 venenosis
1605 2967 1839 3038 sagittis,
1861 2967 1986 3036 pha-

385 3075 639 3133 retraque
674 3063 1066 3133 sopbismatum
1094 3063 1510 3130 viduata,quam
1531 3060 1752 3115 minime
1779 3072 1982 3131 marty-

2177 2937 2264 3030 Ὢς
2289 2967 2346 3021 δὲ
2379 2969 2558 3021 πᾶσαν
2583 2967 2681 3038 τὴν
2707 2967 2814 3020 τῶν
2847 2967 3068 3021 ἰοϐόλων
3097 2968 3262 3021 αὑτοῦ
3319 2968 3488 3035 λόγων
3519 2966 3665 3034 βελο-

2091 3055 2263 3128 θήκην
2300 3057 2544 3119 κενώσας
2579 3059 2904 3126 ὀδικαστὴς,
2941 3057 3192 3126 οὐδαμῶς
3221 3057 3343 3118 τοὺς
3379 3057 3668 3125 μάρτυρας

385 3168 475 3206 res
499 3149 1083 3226 vulneraverntjmlex;
1112 3167 1234 3204 nam
1261 3152 1361 3204 fide
1377 3159 1532 3204 erant
1558 3150 1774 3216 armati,
1795 3161 1980 3204 scuto-

2087 3148 2324 3219 ἔτρωσεν
2373 3144 2533 3220 (ἦσαν
2586 3149 2692 3218 γὰρ
2740 3149 3178 3218 καθωπλισμένοι
3236 3152 3302 3218 τῇ
3333 3149 3532 3212 πίστει,
3564 3151 3665 3202 καὶ

388 3257 494 3311 que
517 3241 828 3295 christiana.-
856 3240 1136 3295 charitatis
1164 3240 1360 3307 induti;
1383 3249 1492 3294 tum
1518 3254 1547 3294 a
1570 3240 1748 3294 verbis
1779 3239 1844 3292 ad
1867 3249 1978 3293 tor-

386 3343 567 3388 menta
615 3332 857 3401 procedit
901 3332 1205 3403 Syrianus,
1252 3343 1562 3387 sanctorum
1610 3341 1665 3388 et
1710 3333 1980 3402 virginum

387 3425 526 3479 latus
551 3435 831 3494 ictumque
860 3439 1057 3494 corpus
1083 3424 1218 3478 diris
1267 3424 1564 3492 exagitavit
1603 3425 1978 3490 cruciatibus;

387 3519 528 3572 servi
558 3528 737 3571 autem
781 3516 981 3570 infensi
1028 3517 1290 3585 prmsides
1322 3516 1606 3586 defatigati
1657 3527 1805 3582 sunt,
1843 3515 1980 3571 nihil

389 3610 772 3679 prolicientes;
824 3608 998 3661 sancti
1056 3613 1204 3662 enim
1264 3622 1334 3662 ne
1388 3610 1612 3664 verbum
1653 3611 1869 3679 quidem
1915 3609 1981 3662 ad

388 3711 629 3756 torturas
673 3703 956 3765 dederunt,
993 3700 1085 3754 sed
1127 3700 1361 3755 invicem
1396 3701 1450 3756 in
1479 3701 1655 3768 poenis
1688 3701 2012 3754 hortabanv

391 3807 496 3860 tur,
547 3795 698 3864 quasi
752 3811 859 3848 non
915 3794 1198 3864 suppliciis
1265 3803 1352 3850 ast
1403 3794 1454 3848 in
1506 3793 1668 3847 lautis
1722 3793 1983 3847 conviviis

391 3887 642 3942 inissent.
667 3887 802 3940 Cum
835 3886 1090 3941 invictam
1121 3900 1508 3955 generosorum
1537 3885 1737 3940 Christi
1773 3895 1978 3955 marty-

389 3999 509 4036 rum
569 3979 926 4036 consmntiam
998 3978 1281 4051 probasset
1340 3976 1638 4048 Syrianus,
1707 3976 1982 4047 perspexit

393 4071 514 4128 illos
575 4073 640 4126 de
686 4071 838 4128 falsis
905 4071 1220 4125 numinibus
1281 4079 1479 4138 tropaea
1545 4069 1840 4137 relaturos;
1903 4069 1985 4123 in-

391 4165 532 4214 vitus
583 4159 794 4212 illorum
851 4169 1009 4227 caput
1087 4173 1191 4210 una
1267 4171 1389 4212 eum
1452 4157 1750 4226 virginibus
1809 4157 1984 4224 gladio

391 4253 685 4306 εει-ιιιιιιιιιιι
764 4249 947 4318 jussit.
1021 4248 1326 4303 Perfectum
1392 4259 1476 4305 est
1542 4251 1694 4304 ducis
1765 4251 1985 4304 manda.

396 4355 546 4408 tum,
629 4343 945 4413 sanguinem
1008 4343 1152 4397 enim
1221 4356 1380 4396 suum
1449 4340 1743 4407 fundendo,
1818 4340 1987 4397 fortes

395 4439 633 4501 athleta,
683 4437 940 4492 cmlestia
970 4436 1162 4507 gaudia
1212 4445 1400 4489 contra
1449 4436 1731 4490 mortalem
1773 4447 1987 4490 mutua-

2081 3242 2172 3294 τὸν
2206 3242 2306 3312 τῆς
2337 3246 2472 3313 πρὸς
2503 3242 2734 3312 Χριστὸν
2763 3243 2979 3312 ἀγάπης
3012 3242 3349 3312 ἐνδεδυμένοι
3386 3242 3656 3312 θώρακα),

2082 3333 2234 3396 τέλος
2272 3333 2328 3386 δὲ
2363 3333 2432 3386 δι’
2463 3334 2641 3404 ἔργων
2695 3335 2912 3405 ἐχώρει,
2962 3335 3055 3386 καὶ
3091 3333 3280 3395 δεινῶς
3317 3335 3442 3395 τοὺς
3478 3334 3667 3400 ἁγίους

2084 3427 2180 3479 σὺν
2209 3427 2331 3489 ταῖς
2366 3425 2670 3496 μακαρίαις
2717 3427 2957 3488 ἐκείναις
3010 3426 3152 3479 κατά
3182 3442 3241 3476 τε
3278 3414 3388 3477 τῶν
3411 3422 3666 3494 πλευρῶν

2082 3518 2176 3571 καὶ
2215 3518 2338 3571 ὅλου
2361 3517 2455 3571 τοῦ
2493 3518 2744 3588 σώματος
2777 3519 2987 3579 τούτοις
3007 3517 3348 3587 προσέφερεν
3365 3518 3462 3578 τὰς
3490 3535 3664 3586 τιμωα

2087 3608 2208 3676 ρίας
2231 3623 2245 3637 °
2288 3608 2362 3671 ὡς
2385 3608 2442 3660 δὲ
2471 3608 2789 3676 ἀπέκαμνον
2848 3608 2897 3659 oi
2929 3607 3204 3676 ὑπηρέται
3234 3605 3328 3660 τοῦ
3362 3608 3669 3676 δυσμενοῦς

2086 3700 2251 3769 μηδὲν
2279 3698 2463 3752 πλεῖον
2506 3699 2802 3761 ἀνύσαντες
2834 3698 2976 3769 (οὗτε
3021 3700 3129 3769 γὰρ
3156 3699 3449 3769 ἀπόκρισιν
3480 3699 3669 3767 ἠξίουν

2082 3793 2130 3843 οἱ
2166 3791 2308 3859 ἆγιοι
2361 3793 2473 3852 τοῖς
2533 3790 2812 3852 δικασταῖς
2863 3790 3068 3854 δοῦναι,
3111 3789 3226 3843 ἀλλ’
3277 3792 3671 3861 ἐνεκαρτέρουν

2081 3886 2193 3947 τοῖς
2209 3884 2509 3954 αἰκισμοῖς,
2530 3883 2602 3946 ὡς
2649 3883 2746 3935 οὐκ
2780 3883 2837 3936 ἐν
2867 3882 3144 3952 βασάνοις,
3170 3881 3285 3935 ἀλλ’
3313 3884 3371 3935 ὲν
3414 3884 3670 3952 εὐωχίαις

2086 3976 2464 4046 ὑπάρχοντες),
2489 3971 2608 4028 εἶτα
2635 3974 2756 4028 ἰδὼν
2783 3976 2811 4026 ό
2842 3974 3102 4044 Συριανδς
3145 3974 3254 4026 τῶν
3280 3975 3543 4043 γενναίων
3573 3976 3669 4028 τοῦ

2084 4065 2322 4136 Χριστοῦ
2358 4065 2607 4136 ἀθλητῶν
2657 4066 2717 4119 τὸ
2769 4068 3058 4137 ἀήττητον,
3111 4066 3326 4120 δίδωσιν
3375 4068 3468 4119 καὶ
3517 4069 3670 4122 ἄκων

2086 4157 2250 4211 αὐτοῦ
2285 4157 2380 4211 καὶ
2411 4157 2520 4211 τῶν
2547 4157 2686 4210 θεῶν
2739 4159 2906 4211 αὐτοῦ
2961 4157 3364 4226 ἐπενέγκασθαι
3406 4158 3666 4229 τρόπαια,

2086 4250 2356 4313 κελεύσας
2377 4249 2502 4312 τοὺς
2531 4250 2718 4317 ἁγίους
2746 4249 2844 4302 σὺν
2862 4252 2980 4312 ταῖς
3013 4250 3229 4320 τιμίαις
3251 4248 3554 4320 ’παρθένοις
3578 4250 3670 4304 διὰ

2089 4341 2276 4409 ξίφους
2299 4326 2654 4410 τελειωθῆναι
2674 4355 2687 4369 ·
2716 4340 2810 4392 καὶ
2841 4339 2905 4410 δὴ
2937 4339 3108 4411 πέρας
3134 4341 3195 4392 τὸ
3218 4341 3548 4411 πρόσταγμα
3572 4342 3666 4394 τοῦ

2088 4430 2354 4501 ἡγεμόνος
2415 4429 2744 4498 ἐλάμϐανεν,
2780 4428 2876 4482 καὶ⁵
2923 4431 2990 4500 τῇ
3027 4428 3248 4499 ὲκχύσει
3296 4429 3389 4483 τοῦ
3427 4431 3558 4483 ἰδίου
3589 4432 3675 4483 ατ-

396 4540 589 4585 verunt
615 4531 802 4593 vitam,
829 4539 884 4583 et
919 4530 987 4583 ab
1013 4527 1313 4582 certamine
1337 4528 1580 4580 intuente
1613 4527 1722 4581 Deo
1747 4527 1986 4582 victoria:

2095 4541 2263 4596 ματος
2318 4523 2408 4576 τὸν
2463 4524 2665 4575 οἰκεῖον
2711 4523 2991 4594 Δεσπότην
3045 4523 3280 4595 Χριστὸν
3309 4525 3359 4576 oi
3382 4524 3673 4593 ἀθλοφόροι

395 4638 650 4676 coronam
719 4631 1091 4692 reportarunt.
1183 4616 1309 4672 Haec
1367 4629 1584 4687 peracta
1643 4629 1769 4673 sunt
1830 4619 1982 4687 Juxta

396 4714 685 4786 Egyptios
701 4722 852 4767 sexta
883 4711 1082 4766 mensis
1110 4709 1332 4778 Mechir,
1350 4712 1566 4779 etjuxta
1591 4709 1862 4765 Romanos
1882 4713 1982 4766 tri-

395 4808 597 4861 cesima
631 4807 804 4877 prima
826 4803 1093 4868 Januarii,
1128 4811 1360 4857 testante
1381 4803 1726 4856 sanctissimo
1743 4802 1982 4856 Alexan-

395 4902 526 4955 dri:e
547 4901 802 4969 episcOpo
837 4899 1019 4960 Petro,
1052 4893 1586 4964 perfectoimitatore
1630 4893 1775 4948 Petri
1839 4894 1984 4949 illius

394 4993 478 5048 cui
506 4993 684 5046 claves
717 4991 866 5060 regni
924 4988 1164 5043 cwlestis
1220 4987 1522 5040 commissae
1577 4993 1702 5040 sunt
1739 4995 1794 5039 et
1823 5002 1985 5056 super

395 5102 552 5155 quem
585 5085 827 5139 Ecclesia
857 5082 1075 5136 fundata
1101 5090 1204 5135 est.
1230 5079 1613 5148 {nipiissimum
1638 5079 1826 5133 Arium
1853 5096 1985 5134 san-

397 5157 654 5232 ctissima:
672 5175 955 5230 Trinitatis
971 5175 1333 5227 detractorem
1355 5169 1742 5224 infesissimum
1776 5173 1995 5260 evertit,

397 5269 855 5340 tptcmadmodnm
894 5267 1089 5320 Petrus
1122 5263 1397 5334 apostolus
1433 5263 1709 5317 Simonem
1751 5263 1992 5334 Magum.

2092 4619 2370 4690 μάρτυρες
2436 4616 2832 4694 μιμησάμενοι,
2879 4617 2977 4679 τὰς
3008 4617 3066 4669 ἐν
3111 4618 3359 4688 οὐρανοῖς
3385 4618 3674 4688 διατριδᾶς

2089 4713 2209 4766 ἀντὶ
2237 4711 2345 4764 τῶν
2375 4710 2634 4780 ἐπιγείων
2689 4709 3009 4778 ἠλλάξαντο,
3067 4712 3159 4762 καὶ
3197 4709 3326 4773 τοὺς
3359 4712 3455 4780 τῆς
3500 4712 3673 4780 ἀθλή-

2091 4821 2228 4868 σεως
2285 4780 2590 4871 στεφάνους
2639 4804 2791 4872 παρᾶ
2821 4801 2915 4854 τοῦ
2958 4803 3294 4869 ἀγωνοθέτου
3325 4804 3458 4854 Θεοῦ
3491 4804 3681 4874 ἐκομί-

2092 4911 2286 4950 σαντο’
2318 4895 2494 4949 ταῦτα
2545 4895 2602 4948 δὲ
2661 4896 2962 4965 ἐπράττετο
3018 4896 3158 4946 κατὰ
3194 4895 3292 4964 μὲν
3342 4895 3678 4962 ιτίγυπτίους

2096 4990 2226 5059 μηνὶ
2256 4989 2442 5058 Μηχὶρ
2467 4986 2624 5055 ἕκτῃ,
2661 4985 2803 5038 κατά
2835 4985 2890 5038 δὲ
2908 4985 3212 5054 Ῥωμαίους
3247 4985 3378 5054 μηνί
3406 4986 3681 5038 Ἰαννουα-

2101 5080 2198 5151 ρίῳ
2258 5079 2558 5148 τριακοστῇ
2623 5075 2832 5147 πρώτῃ,
2881 5076 3020 5145 μετά
3080 5077 3138 5127 τὸ
3187 5076 3536 5146 μαρτυρῆσαι
3588 5078 3682 5128 τὸν

2100 5171 2405 5239 ἁγιώτατον
2473 5168 2770 5221 ἐπίσκοπον
2832 5166 3240 5236 Ἀλεξανδρείας
3293 5168 3527 5238 Πέτρον,
3586 5167 3683 5220 τδν

2105 5261 2318 5332 ἀληθῶς
2356 5260 2564 5330 Πέτρου
2591 5255 2811 5312 ἐκείνου
2843 5256 3110 5329 μιμητὴν,
3156 5257 3248 5309 τοῦ
3278 5258 3375 5320 τὰς
3402 5259 3548 5320 κλεῖς
3580 5261 3684 5326 τῆς

401 5366 681 5435 βασιλείας
711 5365 818 5418 τῶν
872 5362 1120 5435 οὐρανῶν
1175 5360 1583 5424 πιστευθέντος,
1639 5360 1727 5430 ἐφ’
1764 5360 1823 5414 ὃν
1860 5363 1892 5432 ἡ
1973 5359 2272 5430 Ἐκκλησία
2323 5355 2686 5425 τεθεμελίωτο
2721 5354 2819 5423 (ἰ),
2847 5345 2942 5405 ’τὸν
2992 5351 3287 5405 καθελόντα
3319 5353 3409 5411 τὸν
3433 5353 3684 5424 δυσμενῆ

403 5457 618 5526 ’Ἄρειον
644 5456 736 5510 τὸν
760 5456 856 5525 τῆς
890 5455 1050 5535 ἁγίας
1081 5453 1124 5505 Τ
1131 5452 1312 5525 ριὰδος
1338 5450 1532 5522 ἐχθρὸν
1557 5452 1650 5505 καὶ
1681 5452 1981 5524 ἀλλότριον,
2008 5451 2150 5505 καθά
2171 5452 2262 5504 καὶ
2291 5448 2496 5518 Πέτρος
2516 5447 2544 5499 ὁ
2577 5445 2876 5509 ἀπόστολος
2896 5445 3089 5514 Μάγον
3112 5444 3204 5500 τὸν
3235 5443 3474 5514 Σίμωνα.

472 5553 484 5581 ¹
522 5551 714 5605 hiauit.
751 5549 915 5616 x,28.
1030 5550 1047 5580 ³
1080 5549 1212 5604 ibid.
1251 5563 1302 5614 at,
1332 5545 1425 5600 Ἦ.

1885 5623 2120 5684 NOTAE.

471 5741 548 5812 (ι)
602 5739 680 5793 En
732 5739 928 5794 l’ctrus
978 5733 1234 5790 Ecclesiae
1287 5731 1698 5787 [ntidamentum
1733 5741 1762 5780 a
1796 5723 1983 5782 Graeco
2021 5722 2320 5795 biographo
2349 5721 2583 5778 dicitur.
