4020 6200
280 351 418 417 3⁸127
1180 345 1242 406 S.
1278 343 1695 404 SOI'IIRONH
1734 343 1867 402 ΡΛΤ

1970 343 2238 404 ARCIUE
2276 344 2684 408 HIEROSOL.
3418 347 3557 416 3723

271 472 333 520 et
359 455 689 520 benemeriti
727 455 1142 528 deperd'ttorum
1175 465 1462 509 auctorum
1499 468 1667 524 opera
1692 452 1898 523 iungenti
1931 455 2190 523 patientia
2237 466 2292 510 et
2333 455 2520 510 labore
2550 470 2582 510 c
2641 453 2984 526 principibus
3011 455 3182 511 italiae
3210 455 3558 520 bibliothecis

271 560 451 618 eruta,
487 557 740 619 typorum
765 543 1032 600 beneflcio
1053 550 1257 597 aeterna
1292 542 1404 595 vita
1453 540 1818 608 donaverunt,
1850 541 1993 596 sacri
2029 542 2227 597 melodi
2261 542 2530 598 citharam
2557 543 2809 614 squalido
2838 544 2891 597 in
2929 544 3152 613 pulvere
3176 547 3448 617 sepultam
3502 562 3558 607 et

272 647 482 695 mutatu
512 635 695 691 adhuc
729 635 919 698 latere,
957 646 1068 686 non
1094 631 1346 700 equidem
1383 639 1500 684 erat
1531 627 1840 686 ferendum.
1868 629 1933 684 Et
1964 645 2153 686 revera
2189 632 2234 686 si
2264 632 2358 701 qui
2385 632 2438 686 in
2466 631 2695 687 edendis
2727 632 3089 702 profanorum
3147 646 3437 691 auctorqu
3468 654 3554 695 re-

273 727 481 797 liquiis,
512 724 583 780 ad
617 723 887 778 bonarum
910 719 1126 774 artium
1159 727 1212 774 et
1243 720 1550 773 litterarum
1593 719 2032 796 incrementum,
2085 734 2307 790 cperam
2373 720 2722 791 impendunt,
2777 723 3062 792 perpetuis
3103 721 3360 780 laudibus
3426 735 3556 781 sunt

271 811 718 876 commendaudi,
741 809 972 881 gloriam
1012 807 1266 879 equidem
1303 823 1408 862 non
1443 822 1663 878 parvam
1696 808 1804 863 sibi
1852 817 2204 877 comparant,
2241 808 2337 878 qui
2385 817 2703 864 sanctorum
2742 809 2967 864 Patrum
3018 810 3302 882 incognita
3335 823 3431 867 aut
3460 815 3557 870 de-

273 901 482 973 perdita
509 913 678 970 opera
719 913 867 952 nunc
895 897 1154 968 evulgare
1188 896 1432 960 student,
1478 905 1538 950 ut
1573 895 1699 950 inde
1748 895 2103 951 sanctissima
2164 906 2353 952 nostra
2410 897 2604 967 religio
2639 897 2982 968 splendidius
3017 899 3237 964 emicet,
3273 909 3327 954 et
3358 900 3559 956 immu-

272 991 458 1048 tabilis
488 988 750 1044 Ecclesiae
798 987 1086 1042 catholica:
1136 985 1390 1040 doctrina
1418 993 1610 1039 contra
1664 982 1890 1040 fallaces
1917 983 2343 1040 reformatorum
2376 978 3004 1058 nugas'quaquaversus
3053 997 3258 1058 pateat.
3288 987 3374 1044 Me
3419 1006 3554 1046 vero

272 1080 450 1135 adhuc
494 1078 548 1132 in
578 1076 787 1139 limine,
825 1083 882 1129 ιιι
911 1075 985 1128 ita
1016 1075 1219 1138 dicam,
1253 1071 1635 1142 hujuscemodi
1671 1071 2010 1136 studiorum,
2046 1075 2318 1143 pretiosas
2350 1076 2526 1130 sancti
2555 1074 2855 1148 Sophronii
2893 1076 3033 1130 odas
3063 1084 3144 1130 tot
3171 1077 3394 1134 saeculis
3424 1087 3556 1134 ante

271 1166 547 1229 conditas,
572 1163 807 1235 primum
848 1161 1108 1229 edidisse,
1149 1161 1366 1231 gaudiis
1389 1160 1669 1218 exsultare
1695 1175 1859 1216 nemo
1883 1161 2216 1230 prohibebit.

343 1251 636 1309 Memoriae
665 1253 810 1306 enim
839 1249 907 1305 de
928 1250 1095 1304 variis
1121 1247 1436 1303 Graecorum
1466 1249 1864 1305 controversiis
1894 1249 2036 1304 inter
2062 1249 2367 1307 Allatiauas
2389 1252 2614 1307 chartas
2669 1251 3022 1322 conquirenti
3057 1267 3262 1323 parvus
3307 1254 3478 1309 codex
3519 1270 3553 1310 a

270 1358 362 1398 me
391 1341 486 1395 diu
517 1338 887 1404 desideratus,
927 1337 1000 1391 ita
1026 1339 1276 1408 signatus
1310 1333 1373 1390 (Σ.
1407 1335 1475 1390 Α.
1507 1335 1634 1402 579,
1666 1351 1865 1391 sacros
1891 1346 1947 1392 et
1970 1336 2232 1408 profanos
2275 1340 2696 1394 anacreonticos
2735 1353 2930 1396 novem
2962 1341 3339 1409 complectens
3357 1357 3553 1397 occur-

270 1431 364 1484 rit.
394 1425 588 1482 Statim
629 1425 1002 1496 apogmphum
1036 1439 1197 1478 manu
1237 1424 1411 1494 ipsius
1441 1423 1620 1476 Allatii
1647 1422 1963 1478 confectum
1995 1426 2247 1494 cognovi,
2277 1434 2333 1481 et
2382 1426 2532 1481 aliud
2560 1424 2839 1482 Vernatiae
2869 1428 3153 1496 exemplar
3183 1428 3328 1484 haud
3359 1430 3552 1500 procul

267 1518 452 1588 jacere
479 1515 620 1581 vidi;
657 1522 797 1578 tum,
826 1528 899 1568 ne
932 1514 986 1565 in
1017 1512 1242 1582 pulvere
1272 1511 1386 1566 haec
1408 1511 1648 1581 pretiosa
1688 1511 1944 1567 collectio
1976 1511 2213 1582 amplius
2243 1512 2614 1579 delitesceret,
2658 1514 2714 1568 in
2745 1529 2897 1570 meas
2927 1514 3163 1570 schedas
3180 1515 3430 1586 redigere
3456 1516 3552 1572 de-

269 1603 454 1670 crevi;
496 1602 644 1674 quod
668 1611 723 1658 et
750 1601 898 1656 brevi
928 1600 1162 1662 absolvi,
1195 1613 1512 1669 quanquam
1553 1611 1720 1655 aestus
1748 1597 2189 1655 ferventissimus
2219 1617 2330 1656 non
2372 1602 2654 1655 minimam
2715 1601 2849 1656 mihi
2890 1601 3177 1658 exhiberet
3211 1603 3546 1670 molestiam,

270 1692 472 1762 quippe
498 1689 680 1745 sextili
705 1703 892 1743 mense
939 1689 1067 1742 anni
1094 1687 1233 1742 {858
1288 1687 1404 1742 hac
1425 1688 1610 1742 omnia
1643 1687 1983 1742 acciderunt.
2012 1687 2238 1742 interim
2268 1696 2328 1743 ut
2355 1688 2573 1744 dulcem
2609 1688 2906 1744 invioercm
2943 1690 3200 1760 patriam,
3230 1691 3340 1746 iter
3371 1691 3426 1746 in
3459 1691 3550 1746 Si-

271 1779 453 1833 ciliam
479 1790 797 1847 aggressus,
828 1777 885 1830 in
909 1775 1115 1832 scrinio
1147 1790 1328 1830 meum
1367 1776 1614 1831 laborem
1637 1775 1884 1847 reposui,
1923 1790 1989 1830 ea
2021 1784 2204 1840 mente
2234 1784 2294 1830 ut
2336 1791 2499 1848 quam
2531 1776 2770 1848 primum
2813 1793 3068 1833 reversus
3122 1778 3370 1834 melodos
3397 1794 3550 1835 meos

272 1863 616 1929 emendatos,
640 1863 1102 1936 typistradendos
1123 1877 1402 1919 curarem.
1431 1864 1502 1918 At
1524 1878 1647 1918 cum
1676 1863 2011 1918 Allatianum
2040 1864 2288 1945 codicem
2315 1865 2453 1921 satis
2483 1863 2807 1920 mendosum
2834 1879 2956 1921 esse
2983 1866 3450 1933 considerassem,
3469 1883 3551 1920 ar-

274 1953 570 2024 chetypum
595 1953 756 2008 anxie
788 1967 884 2022 per
913 1952 1197 2006 Remanas
1228 1951 1594 2010 bibliothecas
1623 1961 1949 2022 prmtentare
1982 1953 2182 2022 incepi.
2221 1951 2542 2006 Vaticanam
2584 1951 2861 2023 extemplo
2916 1952 3046 2020 adii,
3085 1951 3177 2008 ubi
3206 1953 3263 2008 in
3313 1955 3551 2024 quibus-

272 2039 400 2094 dam
429 2038 617 2094 Allatii
649 2038 984 2094 adversariis
1011 2037 1316 2092 indiculum
1348 2037 1594 2108 ejusdem
1626 2054 1789 2093 manu
1819 2041 2195 2110 conscriptum
2253 2039 2538 2110 conspexi,
2587 2039 2682 2110 qui
2732 2039 3030 2110 Sophronii
3081 2039 3325 2096 Odarum
3361 2043 3551 2099 titulos

273 2136 486 2182 tantum
517 2128 863 2193 recensebat,
887 2142 917 2180 e
945 2126 1183 2198 quodam
1219 2125 1408 2182 codice
1439 2127 1758 2196 desumptos
1788 2143 1959 2197 quem
1985 2131 2154 2185 emiu.
2187 2128 2471 2193 Sirletum.
2498 2127 2626 2184 inde
2661 2128 2831 2184 emin.
2863 2127 3190 2184 Columnam
3231 2131 3552 2201 possedisse

275 2219 393 2290 ipse
423 2217 664 2274 Allatius
695 2217 1001 2274 adnotavit.
1037 2218 1294 2273 Attamen
1326 2221 1471 2272 inter
1492 2217 1714 2272 codices
1735 2217 2130 2274 Columnenses
2186 2215 2529 2272 venunda-tos
2565 2229 2667 2271 nec
2715 2230 2896 2272 meum
2954 2215 3346 2287 Sophronium,
3373 2235 3551 2289 neque

273 2307 523 2380 ejusdem
546 2308 894 2364 bibliothecae
923 2308 1132 2363 indices
1163 2309 1400 2377 reperire
1439 2309 1612 2378 potui.
1662 2307 1802 2363 Tum
1827 2308 2008 2364 denuo
2036 2307 2088 2359 in
2125 2303 2390 2359 Vaticana
2423 2303 2733 2358 Sirletianis
2771 2304 3058 2359 codicibus
3121 2306 3398 2360 incassum
3435 2322 3552 2376 per.

276 2396 544 2464 lustratis,
571 2395 891 2452 eorumdem
918 2394 1156 2450 indicem
1199 2395 1412 2465 inspexi
1440 2412 1454 2460 ;
1480 2404 1536 2449 et
1572 2395 1834 2451 utAllatii
1872 2393 2106 2451 assertio
2128 2391 2371 2461 undique
2397 2398 2698 2455 constaret,
2736 2389 2792 2444 in
2817 2389 2880 2445 C.
2912 2388 2976 2446 V.
3011 2391 3189 2458 5970,
3224 2393 3261 2448 ι’.
3291 2393 3416 2448 “8.
3437 2395 3552 2450 haec

274 2487 517 2559 gaudens
551 2485 805 2556 perlegi:
857 2481 969 2555 σξβ⁹
1015 2481 1222 2554 βιϐλίον
1249 2483 1590 2556 μεμϐράῖνον
1650 2483 1861 2539 παλαιδι

1964 2476 2165 2544 ὀὗτινος
2202 2477 2600 2547 κεφαλαιώδεις
2641 2478 2995 2550 χαρακτῆρες
3043 2481 3254 2549 χρυσοῖ,
3297 2481 3356 2533 ὲν
3389 2475 3434 2549 ᾧ
3457 2499 3551 2533 πε-

275 2574 447 2646 ριέχει
476 2572 636 2628 τάδε’
667 2570 775 2626 Τοῦ
798 2571 957 2638 ἁγίου
986 2570 1296 2643 Σωφρονίου
1321 2571 1623 2625 ἐπισκόπου
1659 2571 1862 2643 Ἰεροσό

1962 2585 2048 2622 μων
2094 2565 2530 2636 ’Δνακρεόντεια.
2563 2564 2882 2636 Sequuntur
2903 2563 3142 2621 Odarum
3193 2567 3360 2633 tituli,
3411 2583 3549 2638 quo-

276 2677 401 2717 rum
425 2661 633 2732 aliquot
665 2659 993 2724 reticentur,
1031 2667 1126 2712 aut
1155 2658 1264 2713 alio
1295 2659 1512 2714 auctori
1555 2659 1950 2729 appinguntur.

348 2746 647 2819 Hucusque
672 2749 747 2803 ita
773 2763 862 2803 res
888 2761 948 2802 se
975 2745 1286 2814 habebant;
1339 2745 1438 2801 sed
1471 2745 1825 2802 Sirletianum
1865 2743 2112 2800 codicem
2148 2738 2464 2795 inveniendi
2499 2755 2650 2810 spem
2697 2755 2917 2795 omnem
2975 2757 3083 2796 nou
3148 2741 3534 2810 deposueram.

277 2833 680 2892 Subsenseram
709 2835 855 2891 enim
885 2834 1336 2891 Barberiuiauam
1367 2834 1759 2890 bibliothecam
1825 2828 2135 2901 huiusmodi
2177 2827 2424 2883 codicem
2476 2828 2606 2882 olim
2663 2827 2963 2888 habuisse:
3013 2830 3124 2883 duo
3175 2838 3357 2885 tamen
3417 2845 3550 2886 meae

278 2923 686 2996 investigationi
730 2922 1025 2980 obstabant
1053 2940 1068 2978 :
1107 2921 1495 2979 illustrissimaz
1513 2922 1860 2978 bibliothecae
1898 2919 2136 2983 fortuna,
2165 2916 2422 2973 timebam
2451 2915 2596 2970 enim
2623 2930 2692 2970 ne
2724 2932 2879 2971 meus
2910 2915 3255 2990 Sophronius
3287 2917 3414 2973 inde
3443 2920 3547 2991 mi-

277 3021 534 3081 grasset;
571 3020 627 3067 et
652 3011 804 3068 nulla
831 3025 956 3066 cum
998 3011 1245 3080 ejusdem
1278 3011 1626 3067 bibliotheca:
1649 3008 1904 3080 praefecto
1931 3005 2193 3063 amicitia.
2247 3002 2566 3059 Studiorum
2597 3017 2753 3059 amor
2795 3003 3050 3058 ﬁduciam
3081 3004 3302 3074 adjecit,
3333 3019 3435 3060 nec
3466 3021 3554 3059 me

283 3113 398 3154 mea
433 3099 622 3171 opinio
650 3098 884 3167 fefellit;
916 3107 1122 3156 tantam
1143 3099 1291 3154 enim
1316 3098 1526 3155 domini
1562 3095 1818 3154 Pierilisii
1855 3091 2195 3156 comitatem,
2235 3088 2490 3158 quamvis
2524 3087 2768 3158 ignotus.
2823 3095 3085 3158 expertus
3122 3103 3267 3154 sum,
3297 3097 3357 3141 ut
3388 3089 3553 3142 bene-

281 3187 390 3243 flcii
420 3191 744 3244 memoriam
773 3191 1078 3258 [nunquam
1112 3187 1364 3242 amittere
1389 3187 1618 3256 possim.
1655 3183 1902 3254 Namque
1931 3177 2034 3234 etsi
2064 3190 2202 3230 nova
2245 3175 2590 3229 bibliothecae
2642 3173 2917 3229 ordinatio
2961 3175 3144 3230 omnia
3193 3182 3394 3230 teneret
3428 3190 3553 3244 per-

281 3272 524 3339 turbata,
544 3272 688 3329 facta
729 3272 1206 3329 ab'illuStrissimo
1231 3273 1480 3343 principe
1508 3279 1796 3349 potestate,
1827 3281 2041 3325 mecum
2071 3278 2252 3319 meum
2281 3262 2653 3334 Sophronium
2690 3261 2969 3333 inquirere
2995 3278 3106 3318 non
3143 3263 3313 3319 semel
3362 3263 3551 3319 elabo-

282 3360 458 3429 ravit;
485 3359 657 3416 codex
691 3359 910 3416 tandem
944 3359 1201 3416 inventus
1236 3368 1344 3425 est,
2669 3365 2676 3380 ⁷

353 3464 541 3520 Sancti
574 3463 867 3536 Sophronii
895 3463 1014 3519 odte
1044 3477 1076 3520 e
1115 3478 1180 3520 ve
1204 3464 1456 3518 nustiore
1483 3475 1739 3516 versuum
1761 3460 2284 3516 Anacreonticorum
2317 3476 2515 3532 genere
2551 3460 2897 3525 conﬂantur;
2929 3459 3130 3530 quippe
3158 3476 3352 3518 omnes
3382 3462 3553 3518 dime-

284 3547 374 3618 ti'i,
403 3553 668 3621 impares,
725 3551 973 3605 catalecti
1020 3559 1170 3616 sunt,
1217 3557 1271 3605 et
1333 3549 1438 3605 hoc
1477 3547 1642 3604 modo
1675 3547 2038 3603 scanduntur.
2083 3548 2166 3602 Sit
2209 3549 2407 3619 prioris
2452 3548 2572 3602 odte
2619 3549 2831 3618 primus
2862 3563 3053 3604 versus
3095 3551 3409 3620 exemplum
3441 3551 3553 3603 ἀπὸ

282 3639 599 3710 Πνεύματος
629 3638 803 3705 Θεοῖο,
823 3638 916 3693 ubi
948 3647 1282 3707 anapaestum
1317 3637 1490 3693 habes
1523 3645 1578 3692 et
1607 3634 1845 3690 iambum
1867 3634 1924 3690 in
1947 3638 2123 3706 prima
2151 3634 2369 3704 dipodia
2394 3651 2410 3700 ;
2445 3636 2694 3705 sequitur
2729 3635 2971 3690 secunda
2996 3635 3240 3705 dipodia,
3266 3651 3389 3706 qua:
3414 3637 3553 3692 iam-

285 3732 354 3785 bo
382 3735 438 3784 et
465 3726 672 3800 syllaba
707 3734 947 3782 constat.
979 3725 1306 3796 Huiusmodi
1347 3724 1594 3778 carmina
1621 3722 1675 3777 iu
1708 3723 2104 3778 Anacreonteis
2135 3722 2343 3778 odariis
2371 3723 2523 3776 varia
2552 3723 2827 3792 leguntur,
2867 3721 3012 3778 unde
3039 3735 3093 3779 et
3125 3725 3352 3780 nomine
3381 3740 3552 3795 gene—

285 3817 401 3872 rico
429 3813 818 3869 Anan-comica
850 3813 1119 3883 appellata
1159 3819 1308 3868 sunt.
1363 3809 1690 3865 Dividuntur
1722 3811 1776 3864 iu
1809 3807 2168 3869 Tetrasticha,
2195 3807 2400 3876 quibus
2446 3805 2725 3877 Melnrgus
2752 3814 2961 3871 uoster,
2999 3821 3065 3861 ex
3098 3822 3200 3862 usu
3231 3805 3345 3877 jam
3389 3819 3549 3864 antea

287 3910 528 3974 recepto.
565 3916 760 3956 versus
791 3901 1029 3970 impares
1068 3899 1367 3954 immiscuit
1405 3897 1694 3953 duodecim
1744 3896 1984 3968 syllabas
2013 3895 2355 3949 continentes
2383 3911 2398 3960 ;
2443 3893 2537 3963 qui
2566 3894 2634 3948 ad
2663 3907 2840 3964 genus
2865 3931 2880 3956 ,
2908 3892 3056 3963 quod
3082 3893 3548 3967 Prosodiographi

286 3991 713 4062 Anapwsticum,
750 3987 1259 4061 Hypercatalectum
1289 3996 1714 4057 nuncuparent,
1747 3985 2018 4054 pertinere
2057 3980 2356 4048 videntttr;
2389 3996 2421 4036 e
2450 3980 2670 4036 duobus
2702 3980 2930 4050 dactyli:
2963 3982 3243 4046 nimirum,
3274 3985 3545 4052 spondam,

285 4089 581 4152 anapmw,
609 4088 665 4134 et
693 4078 903 4150 syllaba
928 4076 1270 4132 redundante
1298 4075 1621 4145 plermuque
1646 4073 1998 4137 coalescunt;
2029 4085 2170 4140 saepe
2204 4069 2274 4125 ab
2302 4079 2580 4137 anapesto
2611 4079 2667 4125 et
2692 4070 2929 4140 dactylo,
2961 4069 3131 4126 semel
3157 4085 3188 4125 a
3215 4073 3464 4141 spondeo
3493 4084 3549 4128 et

286 4177 559 4238 nnapmto
587 4166 882 4237 incipiunt,
917 4172 975 4217 ut
1013 4163 1217 4234 cuique
1246 4162 1542 4218 observare
1566 4161 1752 4228 licebit
1775 4161 1828 4214 iu
1863 4157 2119 4214 versibus
2149 4158 2220 4212 35
2253 4165 2310 4212 et
2345 4172 2462 4228 seq.
2499 4157 2619 4212 οὐκ
2655 4157 2743 4221 l7,
2781 4158 2875 4228 qui
2911 4159 3138 4229 insuper
3166 4159 3236 4214 ab
3263 4160 3546 4216 ordinaria

285 4256 578 4313 scansione
613 4253 897 4310 recedunt.
933 4249 997 4306 Ili
1033 4266 1228 4306 versus
1260 4249 1594 4318 anapwstici,
1649 4247 1904 4318 quamvis
1938 4247 2008 4303 ab
2041 4247 2462 4304 Anacreonticis
2501 4248 2728 4302 omnino
2768 4248 2960 4317 alieni,
2997 4249 3272 4319 prolixum
3308 4266 3548 4307 concen-
3633 4267 3646 4282 °

287 4356 401 4399 tum
451 4349 682 4398 venuste
729 4341 1172 4407 interrumpunt;
1219 4343 1274 4390 et
1319 4350 1463 4390 nunc
1486 4333 1813 4389 sententiam
1838 4335 2076 4405 aliquam
2106 4343 2432 4406 argumento
2461 4351 2787 4403 consonam,
2841 4354 2989 4392 nunc
3017 4354 3149 4394 vero
3181 4340 3545 4410 epiphonema

285 4427 783 4502 comprehendunt.
821 4424 959 4478 Dum
984 4438 1114 4478 vero
1153 4436 1346 4478 omnes
1368 4421 1487 4477 odaa
1509 4421 1663 4476 hisce
1688 4419 1941 4476 versibus
1976 4421 2379 4489 admiscentur,
2421 4423 2632 4478 decima
2662 4431 2856 4478 octava
2893 4424 3032 4481 duos
3065 4426 3120 4480 in
3149 4429 3301 4484 calce
3337 4429 3546 4483 solum-

285 4519 470 4586 modo,
493 4517 660 4574 veluti
692 4513 1130 4576 conclusionem,
1156 4512 1343 4567 habet.
1372 4510 1602 4580 Insuper
1625 4508 1788 4563 iidem
1809 4523 2000 4562 versus
2023 4509 2263 4579 impares
2286 4510 2402 4565 fere
2425 4525 2522 4581 per
2545 4517 2658 4566 tres
2681 4512 3112 4570 Auacreouticos
3143 4516 3546 4587 subsequentes

282 4607 630 4678 explicantur
664 4621 679 4671 ;
715 4602 826 4657 dixi
857 4601 986 4672 fere,
1022 4615 1260 4670 namque
1289 4615 1398 4654 non
1432 4598 1601 4653 semel
1633 4594 1833 4650 accidit
1863 4603 1923 4650 ut
1951 4596 2272 4667 aliquandiu
2310 4607 2422 4652 tres
2457 4599 2712 4653 versiculi
2753 4600 2809 4653 in
2853 4598 2973 4655 odae
3002 4601 3297 4674 principio,
3323 4604 3546 4659 minime

286 4711 414 4754 vero
445 4693 501 4748 in
533 4690 779 4764 ejusdem
806 4704 1104 4760 progressu
1141 4688 1510 4752 inveniantur,
1533 4693 1587 4742 et
1613 4699 1759 4754 saepe
1781 4683 1882 4739 soli
1917 4685 2231 4752 auapwstici
2259 4685 2554 4738 maximam
2585 4685 2816 4740 odarum
2851 4696 3061 4757 partem
3091 4691 3430 4746 comitentur.
3447 4693 3542 4760 (c).

286 4784 490 4839 Versus
520 4780 724 4851 quibus
752 4779 870 4848 odte
895 4785 1176 4839 constant,
1214 4789 1501 4830 numerum
1533 4773 1635 4828 126
1666 4786 1776 4827 non
1818 4771 2112 4838 excedunt,
2133 4773 2208 4826 ita
2251 4781 2310 4825 ut
2341 4771 2566 4825 minima
2597 4772 2738 4827 inter
2767 4773 2900 4828 odas
2932 4790 3039 4828 non
3070 4776 3254 4831 minus
3282 4793 3446 4846 quam
3477 4777 3546 4832 90

283 4870 595 4937 contineat;
620 4867 866 4923 omnium
896 4880 1027 4922 vero
1059 4865 1287 4920 odarum
1315 4879 1509 4918 versus
1543 4859 1707 4917 simul
1737 4859 1976 4928 collecti,
1999 4861 2216 4930 absque
2237 4860 2344 4916 ulla
2372 4861 2750 4916 mutilatorum
2780 4863 3121 4930 exclusione,
3153 4880 3423 4920 summam
3461 4867 3547 4924 bis

281 4957 514 5012 millium
547 4969 716 5026 supra
739 4961 962 5010 centum
992 4953 1255 5008 tredecim
1280 4950 1603 5026 coniiciunt.

355 5043 463 5101 Sed
487 5044 654 5101 missa
687 5041 991 5097 carminum
1021 5028 1324 5103 structura,
1348 5053 1523 5092 meam
1554 5038 1623 5095 de
1656 5037 1851 5094 iisdem
1883 5039 2235 5101 sententiam,
2263 5053 2605 5109 quaecunque
2656 5037 2751 5104 sit,
2773 5037 2966 5105 paucis
2991 5052 3267 5109 exponere
3292 5055 3402 5095 non
3430 5055 3548 5095 am-

280 5133 428 5205 bigo.
460 5129 692 5201 Jamque
726 5136 932 5185 norunt
965 5141 1162 5183 omnes
1219 5127 1335 5180 haec
1367 5125 1614 5181 carmina
1668 5125 2103 5196 elegantissima,
2129 5126 2375 5196 piissimo
2399 5134 2449 5182 et
2478 5125 2837 5179 mellitissima
2871 5140 2899 5178 a
2931 5124 3115 5181 Leone
3148 5127 3350 5182 Allatio
3376 5128 3550 5184 fuisse

281 5221 487 5294 jamdiu
536 5219 875 5276 existimata.
916 5214 1126 5270 Revera
1158 5229 1188 5268 a
1232 5213 1370 5269 tanti
1417 5213 1649 5269 litterati
1687 5213 1900 5285 judicio
1927 5214 2171 5284 prudens
2209 5213 2383 5269 lector
2419 5229 2524 5269 non
2560 5213 2722 5268 facile
2751 5212 3009 5278 recedet;
3044 5215 3292 5283 quinimo
3323 5216 3369 5269 si
3431 5231 3545 5270 rem

281 5311 421 5365 bene
450 5307 790 5378 perpendere
819 5303 1075 5366 voluerit,
1115 5301 1411 5373 Sophronii
1443 5303 1689 5358 carmina
1719 5303 2089 5372 amplissimas
2123 5301 2287 5356 etiam
2323 5304 2521 5357 mereri
2553 5301 2744 5356 laudes
2780 5301 3065 5356 fatebitur.
3098 5299 3382 5372 Siquidem
3419 5319 3546 5358 cum

282 5406 588 5467 temporum
613 5393 666 5447 vi
700 5407 788 5447 res
817 5390 1095 5446 litterariae
1125 5406 1156 5444 e
1185 5390 1418 5446 classica
1450 5389 1718 5461 dignitate
1754 5392 1961 5445 sensim
1983 5390 2335 5454 excidebaut,
2368 5406 2491 5445 cum
2525 5391 2926 5446 sententiarum
2958 5382 3213 5462 gravitati
3245 5392 3550 5444 sermonis-

281 5498 389 5555 que
431 5483 654 5554 puritati
704 5495 877 5537 vacua
917 5478 1228 5534 verbositas
1268 5477 1624 5542 succedebat,
1667 5477 1943 5533 melodum
1985 5487 2234 5534 nostrum
2282 5489 2362 5533 tot
2402 5479 2679 5549 tantisque
2721 5479 2881 5535 malis
2917 5477 3210 5549 jactatum,
3243 5479 3549 5534 concinnos

281 5587 476 5627 versus
526 5570 895 5640 compegisse,
927 5574 982 5622 et
1010 5566 1224 5637 poetica
1253 5571 1545 5621 venustate
1573 5578 1898 5629 exornasse,
1933 5564 2036 5618 hoc
2062 5564 2291 5620 omnino
2339 5577 2426 5619 est
2451 5565 2814 5619 admiratione
2859 5563 3112 5634 dignum.
3144 5563 3414 5619 Fraterea
3454 5562 3554 5618 So-

283 5659 551 5732 phronias
577 5673 642 5714 ea
666 5657 828 5713 utitur
866 5655 1132 5713 facilitate
1177 5655 1232 5710 in
1269 5655 1437 5710 rebus
1486 5653 1653 5710 etiam
1697 5651 2016 5710 diilicilibus
2045 5651 2441 5722 exprimendis,
2468 5653 2597 5708 dum
2631 5651 2755 5709 ﬁdei
2785 5651 3050 5724 mysteria
3077 5658 3245 5723 atque
3265 5649 3546 5708 catholicm

356 5841 427 5913 (ι)
451 5838 538 5896 Cf.
576 5839 766 5895 abode
796 5841 828 5893 8
859 5838 925 5893 ad
951 5837 1044 5906 2i,
1068 5852 1176 5894 una
1201 5846 1414 5894 tantum
1446 5836 1514 5893 i6
1547 5844 1792 5907 excepta.
