4020 6200
437 234 580 301 3729
1117 285 1132 295 ,
1511 229 2116 291 ANACREONTICA.
2147 256 2214 264 —
2254 229 2569 291 PILEFAT
2580 231 2678 292 10.
3591 236 3734 302 3730

438 352 727 425 ieiigionis
751 350 1014 422 dogmata
1045 343 1294 415 exponit,
1335 357 1570 416 quorum
1599 359 1706 400 non
1736 341 1950 413 vulgari
1981 349 2066 398 est
2087 342 2331 397 imbutus
2359 343 2678 413 cognitione
2703 344 2802 417 (ά),
2830 355 2889 401 ut
2925 346 3152 418 insuper
3181 358 3448 416 exoptare
3472 355 3726 417 nescias;

439 454 495 501 ct
553 445 768 512 aliquot
834 438 1066 495 odarnm
1124 433 1282 488 initia
1342 440 1553 488 tantam
1608 430 1908 503 imaginum
1957 437 2303 486 venustatem
2353 431 2721 501 praeseferunt
2780 443 2839 488 ut
2903 437 3166 490 eximium
3235 437 3473 508 aliquem
3545 455 3727 496 aurem

445 529 757 588 Graecitatis
791 535 1075 583 auctorem
1103 522 1371 578 habuisse
1400 521 1724 587 videantur;
1765 519 2017 590 quamvis

2158 535 2210 584 e,
2249 526 2306 573 ut
2337 519 2373 574 I.
2401 537 2451 574 (ε.
2483 519 2715 576 Photius
2751 522 3180 587 observaverat,
3220 525 3745 597 ὲννεωτερίζειτοξς.

444 623 676 695 ῥήμασι,
703 634 827 689 quae
858 631 999 672 nova
1026 612 1295 669 vocabula
1328 626 1431 667 nos
1460 610 1515 666 in
1542 609 1992 667 adnotationibus
2023 609 2430 664 recensuimus.
2469 608 2601 674 Quae
2625 609 2784 666 dotes
2813 612 3100 682 splendide
3129 613 3444 672 enitescant
3467 625 3543 680 et,
3580 627 3639 672 ut
3661 617 3731 670 ita

442 710 646 774 dicam,
670 707 1012 767 sentiuntur;
1040 710 1094 754 at
1113 700 1160 757 si
1187 699 1316 770 quis
1347 698 1414 755 de
1437 698 1605 755 verbo
1633 699 1701 753 ad
1727 698 1954 752 verbum
1981 697 2099 752 haec
2119 696 2520 752 Anacreontion
2554 706 2616 752 ut
2639 699 2870 755 rudibus
2909 701 3111 773 lingua:
3154 700 3358 756 Graecae
3411 702 3572 758 obvia
3601 705 3730 765 sint.

446 796 644 850 Latina
675 794 857 848 facere
889 796 1087 854 tentat,
1143 788 1352 843 frustra
1384 787 1449 840 ad
1489 786 1933 857 Sophronianam
1993 784 2322 856 elegantiam
2371 783 2703 840 reddendam
2763 788 3006 857 aspirat,
3054 788 3166 842 imo
3217 798 3430 844 certum
3476 791 3610 846 mihi
3645 802 3734 848 est

449 884 744 938 maximam
775 877 1084 935 venustatis
1121 883 1334 947 partem
1367 875 1692 945 perituram.
1731 874 2078 943 Sophronius
2119 873 2237 944 ipse
2271 885 2445 926 meam
2478 873 2812 928 sententiam
2851 875 3168 941 confirmat,
3203 877 3299 947 qui
3331 878 3386 933 in
3414 886 3542 933 octo
3579 881 3731 949 prio-

446 973 601 1026 ribus
657 969 779 1025 odis
825 967 1004 1022 nudas
1039 965 1307 1036 quasdam
1355 963 1780 1034 Evangeliorum
1829 962 2095 1018 historias
2134 977 2246 1018 suat
2276 961 2495 1016 barbito
2531 963 2969 1020 accommodavit
3013 983 3026 1019 :
3070 973 3452 1022 verumtamen
3507 976 3617 1022 tam
3649 979 3732 1023 est

449 1056 796 1112 admirabilis
829 1053 1149 1110 Graecorum
1190 1051 1485 1107 verborum
1517 1050 1834 1121 dispositio,
1883 1050 2225 1106 locutionum
2269 1049 2540 1115 suavitas,
2576 1059 2632 1107 ct
2663 1053 2910 1122 quaedam
2944 1053 3247 1125 imaginum
3286 1056 3636 1126 ingenuitas,
3670 1066 3731 1111 ut

450 1147 642 1202 Crzece
674 1147 830 1200 lecta:
857 1141 1184 1199 satisfacere
1206 1155 1315 1195 non
1349 1138 1629 1204 desinant,
1652 1153 1683 1194 e
1704 1147 1899 1195 contra
1933 1137 2129 1194 Latine
2159 1139 2230 1194 ad
2255 1140 2480 1194 verbum
2518 1139 2745 1196 redditae
2768 1141 3088 1212 frigescant,
3121 1151 3175 1199 et
3205 1144 3482 1215 ingenitas
3505 1160 3734 1200 veneres

450 1236 727 1289 amittant.
755 1231 910 1298 Quod
955 1244 1090 1284 sane
1148 1227 1234 1282 vir
1279 1226 1640 1282 doctissimus
1674 1226 1974 1282 cardinalis
2008 1225 2245 1283 Sirletus
2283 1226 2598 1298 ἀρχετύπου
2644 1229 2775 1284 olim
2804 1245 3094 1300 possessor
3133 1233 3509 1302 experimento
3533 1233 3734 1302 proha-

451 1330 547 1383 vit.
586 1325 819 1382 Notitias
847 1321 992 1379 enim
1040 1321 1108 1376 de
1151 1319 1462 1390 Sophronio
1510 1319 1564 1372 in
1589 1318 1852 1374 Vaticana
1893 1317 2228 1374 bibliotheca
2263 1333 2296 1375 e
2349 1319 2632 1377 codicibus
2686 1320 2996 1379 Sirletianis
3062 1328 3407 1394 perquirens,
3441 1324 3748 1394 quemdam.

450 1416 614 1469 etiam
663 1411 890 1467 miscelli
941 1409 1158 1480 generis
1199 1407 1445 1464 codicem
1501 1407 1604 1461 hac
1650 1416 1778 1461 nota
1823 1405 1965 1462 6285
2019 1406 2294 1478 signatum
2335 1407 2573 1478 inspexi,
2605 1408 2662 1462 in
2707 1424 2818 1480 quo
2856 1410 3088 1480 primam
3123 1409 3418 1480 Soplironii
3447 1411 3585 1467 oden
3619 1410 3728 1465 La-

453 1504 623 1557 tinam
651 1500 874 1562 factam,
906 1498 1184 1552 variantes
1227 1495 1283 1550 in
1313 1495 1619 1550 interliueis
1649 1496 1783 1550 etin
1816 1495 2158 1565 marginibus
2184 1493 2623 1564 prmscferentem
2657 1495 3110 1568 perlegi..Statim
3140 1513 3361 1553 manum
3401 1499 3577 1569 ipsius
3603 1499 3732 1553 .Sir-

454 1594 546 1649 leti
571 1592 824 1662 cognovi,
855 1597 908 1645 et
947 1597 1070 1660 post
1111 1587 1280 1643 ferme
1309 1588 1422 1642 duo
1465 1587 1665 1642 saecula
1703 1587 1839 1642 adeo
1875 1587 2044 1643 illaesa
2085 1587 2381 1656 inspicitur
2401 1587 2648 1657 scriptio,
2685 1596 2743 1640 ut
2778 1603 2945 1644 aurea
2977 1588 3160 1658 pulvis
3207 1597 3516 1646 atramento
3550 1591 3750 1646 adhuc.

455 1681 799 1736 inhaerescat.
831 1675 960 1730 Mihi
996 1675 1215 1730 interim
1254 1673 1764 1744 interpretationem
1805 1671 2034 1728 odarum
2066 1689 2200 1730 mete
2228 1673 2459 1730 editioni
2507 1673 2746 1744 adjicere
2772 1675 3060 1746 cogitanti,
3095 1674 3392 1730 Sirletiana
3443 1679 3748 1734 translatio.

455 1768 592 1823 adeo
641 1765 858 1821 animos
897 1763 1140 1834 infregit,
1174 1771 1232 1816 ut
1265 1761 1448 1831 potius
1495 1761 1543 1816 si
1577 1761 1798 1830 quando
1825 1768 2044 1832 tempus
2071 1777 2102 1816 a
2132 1762 2491 1819 meisofIiciis
2532 1778 2770 1818 vacuum
2823 1763 3053 1832 siverit,
3095 1764 3352 1821 versibus
3375 1780 3505 1822 eas-
3535 1767 3732 1822 adum-

455 1857 616 1911 brare
665 1851 1024 1919 decreverim,
1061 1864 1224 1918 quam
1264 1847 1679 1918 Sophronianos
1709 1849 1928 1919 lepores
1973 1864 2136 1920 prosa
2159 1850 2412 1906 oratione
2439 1851 2681 1906 insulsos
2709 1850 2948 1908 efﬁcere.

526 1943 730 1998 Praeter
751 1941 1006 2010 pietatem
1035 1955 1144 2010 qua
1167 1936 1351 1993 omnia
1374 1936 1672 2007 Sophronii
1701 1935 1907 2007 scripta
1942 1937 2248 2005 nitescunt,
2281 1946 2342 1994 ut
2374 1935 2606 1994 Photius
2636 1938 2954 1995 observavit
2981 1939 3051 1997 de
3083 1941 3318 2013 epistola
3343 1942 3610 2014 synodica
3635 1942 3747 2013 (ολ.

457 2032 627 2086 multa
657 2030 814 2086 scitu.
853 2029 1014 2100 digna
1063 2027 1151 2084 vel
1187 2027 1253 2082 ad
1289 2041 1462 2082 sacrae
1498 2024 1795 2097 Scriptum
1833 2024 2367 2097 interpretationem,
2394 2026 2475 2082 vel
2508 2026 2575 2080 ad
2611 2042 2826 2082 sacram
2850 2035 2946 2082 aut
2986 2029 3508 2100 profanamnovam
3545 2031 3734 2086 erudi-

457 2121 660 2174 tionem
687 2117 1009 2187 spectantia,
1049 2116 1166 2172 Iiazc
1197 2114 1594 2170 Anacreontica
1633 2114 1866 2170 eruditis
1895 2113 2176 2171 exhibent.
2209 2113 2322 2177 Nos
2357 2129 2488 2170 vero
2529 2129 2701 2186 pauca
2739 2116 3038 2186 seligemus
3059 2119 3333 2188 exempla,
3363 2126 3419 2174 et
3449 2119 3579 2172 illud
3620 2121 3731 2189 psi-

456 2221 605 2262 mum
641 2206 866 2276 dignum
889 2204 1275 2260 observatione
1299 2217 1502 2260 censeo
1534 2202 1679 2273 quod
1707 2203 1763 2257 in
1791 2203 1896 2258 ode
1930 2203 1965 2257 4
1989 2243 2005 2270 ,
2034 2219 2090 2258 v.
2111 2203 2183 2257 ‘24
2215 2213 2268 2259 et
2302 2218 2424 2273 seq.
2447 2201 2516 2258 de
2551 2202 2920 2260 Przecursoris
2959 2205 3238 2260 alimentis
3270 2213 3516 2260 enarrat.
3560 2205 3730 2261 Plane

455 2299 603 2349 enim
638 2293 837 2349 asserit
876 2292 1021 2363 quod
1073 2290 1356 2346 radicibus
1379 2290 1664 2361 cujusdam
1687 2289 1922 2356 fruticis,
1954 2290 2046 2346 cui
2079 2306 2280 2346 nomen
2305 2291 2651 2362 meleagram,
2684 2291 3052 2359 vescebatur;
3093 2300 3358 2362 praeterea
3405 2308 3532 2348 cum
3565 2294 3730 2365 paulo

455 2391 616 2438 antea
651 2381 882 2436 dixisset
912 2387 1225 2450 proruptura:
1257 2379 1477 2443 ἀπόνως
1509 2393 1727 2448 semper
1763 2377 1961 2434 Joauni
2026 2395 2042 2434 ι

2143 2392 2222 2434 sse
2245 2379 2455 2446 cibum,
2482 2379 2633 2452 quod
2663 2395 2789 2435 mox
2821 2381 3063 2450 explicat
3083 2396 3210 2437 esse
3241 2381 3509 2453 μελεάγρι
3550 2399 3612 2436 τε
3643 2381 3730 2454 ρί-

455 2471 569 2534 ζαι,
596 2469 724 2525 inde
751 2469 808 2523 fit
833 2468 978 2539 quod
1002 2479 1056 2524 et
1090 2467 1172 2533 τὸ,
1199 2466 1442 2539 ἀκρίδες,
1475 2466 1544 2522 ad
1576 2466 1899 2537 vegetalium
1923 2468 2160 2538 speciem
2190 2468 2419 2534 referre,
2447 2469 2602 2540 juxta
2635 2479 2784 2526 certe
2816 2468 3117 2541 Sophronii
3149 2478 3414 2536 mentem,
3453 2487 3591 2542 opus
3632 2473 3727 2528 sit.

454 2557 534 2613 Ne
572 2566 752 2612 tamen
815 2557 992 2612 sancti
1051 2555 1348 2624 Sophronii
1396 2555 1586 2625 opinio
1619 2562 1730 2608 tam
1782 2562 1970 2625 aperta
1998 2555 2266 2626 ingenuos
2296 2558 2528 2614 lectores
2557 2559 2824 2625 offendat,
2888 2575 3095 2631 paucos
3135 2561 3279 2616 inter
3314 2567 3416 2616 “tot
3446 2569 3728 2620 auctores.

455 2646 552 2715 qui
586 2645 726 2701 idem
757 2651 1116 2709 censuerunt,
1155 2644 1243 2698 hic
1269 2643 1528 2699 recitabo.
1563 2641 1898 2696 Praeinittam
1927 2652 2054 2699 ante
2098 2644 2286 2699 omnia
2316 2646 2622 2703 doctissimi
2655 2646 2884 2702 Calmeti
2918 2647 3106 2713 verba,
3142 2663 3265 2718 qua:
3301 2648 3356 2703 in
3389 2657 3732 2704 commenta~

457 2737 556 2791 riis
586 2736 652 2790 ad
681 2735 828 2788 hunc
847 2733 1124 2805 Evangelii
1149 2733 1328 2787 locum
1353 2732 1606 2803 leguntur
1632 2730 1697 2802 (Ι)
1739 2749 1752 2785 :
1778 2730 1981 2785 Eorum
2006 2733 2265 2788 sententia
2291 2735 2380 2802 qui
2420 2745 2733 2790 censuerunt
2767 2735 3162 2792 Prtecursorem
3192 2735 3445 2792 arborum
3470 2738 3728 2808 germini-

457 2828 550 2876 bus
600 2822 735 2877 vesci
761 2820 998 2884 solitum,
1027 2836 1188 2890 quam
1215 2819 1478 2889 plurimos
1512 2828 1673 2873 nacta
1698 2827 1777 2873 est
1805 2829 2116 2877 sectatores.
2151 2818 2342 2894 Neque
2365 2824 2462 2880 hoc
2493 2843 2523 2880 η
2553 2826 2658 2896 ﬁde
2697 2826 2967 2881 abhorret.
2997 2825 3063 2880 Et
3095 2841 3155 2881 re
3175 2826 3294 2898 ipsa
3321 2827 3530 2897 primos
3558 2827 3734 2881 homi-

457 2925 555 2965 nes
586 2925 694 2964 non
748 2909 951 2973 solum,
1007 2903 1103 2962 sed
1135 2907 1265 2960 olim
1296 2908 1594 2976 praplietas
1619 2915 1674 2962 et
1705 2907 1884 2962 denuo
1914 2917 2139 2966 sanctos
2188 2913 2557 2969 anachoretas
2598 2915 3029 2970 summitatibus
3054 2914 3350 2970 virentium
3399 2922 3457 2970 et
3489 2915 3736 2972 oleribus

457 2998 763 3065 victitasse,
804 3011 966 3053 nemo
996 3011 1134 3054 sane
1161 2994 1378 3050 inficias
1412 2993 1534 3048 ibit.
1575 2994 1652 3048 En
1687 2993 1868 3054 Ovidii
1893 2996 1958 3050 de
1983 2998 2286 3066 primorum
2326 3000 2608 3056 hominum
2642 3017 2766 3058 esca
2806 3001 3234 3072 descriptionem
3253 3000 3367 3072 (g):

1405 3101 1571 3159 Panis
1607 3112 1757 3160 erant
1801 3105 1988 3171 primis
2013 3105 2207 3160 virides
2253 3106 2570 3163 mortalibus
2608 3107 2814 3173 herbre,

1487 3176 1634 3243 Quas
1666 3175 1823 3231 tellus
1849 3176 1996 3248 nullo
2027 3175 2349 3233 sollicitante
2378 3179 2452 3248 (In
2475 3179 2664 3234 dabat.

1427 3245 1682 3320 Elmodo
1719 3247 2002 3320 carpebant
2045 3248 2202 3320 vivax
2231 3245 2474 3320 erespile
2494 3265 2734 3320 gramen.

1492 3317 1650 3373 Nunc
1675 3319 1845 3386 epulo:
1863 3331 1890 3370 e
1913 3325 2093 3371 tenera
2121 3316 2310 3387 fronde
2337 3316 2588 3374 cacumen
2613 3329 2790 3376 erant.

461 3430 534 3485 Dc
600 3430 764 3487 simili
843 3447 974 3487 vero
1057 3433 1448 3502 prophetarum
1526 3427 2006 3494 asceticorumque
2086 3432 2256 3482 esca,
2323 3427 2379 3473 et
2450 3417 2597 3475 sacri
2667 3419 2930 3486 codices,
2991 3428 3049 3477 et
3120 3419 3350 3475 Pratum
3400 3420 3731 3490 spirituallr,

458 3528 512 3572 et
581 3517 978 3574 monachorum
1053 3520 1182 3574 vita:
1255 3516 1666 3584 exeiuplarihus
1741 3511 2044 3568 abundant.
2120 3505 2188 3561 Et
2248 3506 2482 3578 primum
2540 3507 2608 3564 de
2679 3508 2922 3580 ἀκρίδων
2978 3509 3435 3580 interpretatione
3512 3519 3737 3566 sanctus

459 3606 700 3661 Isidorus
756 3605 1032 3660 Pelusiota
1076 3606 1130 3660 in
1187 3607 1349 3676 epist.
1407 3604 1534 3659 5ad
1592 3601 1817 3669 Nilum,
1868 3599 2172 3671 perfectura
2225 3596 2350 3650 vitae
2409 3596 2729 3652 monasticae
2774 3597 3086 3669 exemplum
3136 3611 3167 3652 a
3214 3597 3427 3653 Joanne
3466 3598 3730 3668 Baptista

455 3695 805 3766 desumptum
864 3709 1211 3766 proponens,
1251 3695 1505 3748 hortatur
1553 3707 1584 3746 e
1642 3691 1766 3762 pilis
1832 3687 2199 3744 asceticorum
2269 3683 2593 3740 indumenta
2664 3686 3007 3742 conficienda
3059 3701 3227 3750 esse,
3289 3694 3346 3740 et
3406 3686 3476 3741 ab
3535 3687 3731 3741 herba-

455 3799 576 3838 rum
629 3784 774 3839 foliis
825 3792 879 3839 et
927 3783 1338 3839 summitatibus
1383 3793 1623 3852 parcam-
1663 3776 1980 3832 alimoniam
2035 3790 2042 3827 ι

2146 3771 2320 3828 Iachls
2361 3770 2758 3828 desumendam
2791 3791 2804 3828 :
2849 3773 2916 3826 Et
2938 3772 3120 3828 τοίνυν
3161 3773 3429 3845 βρώματα
3450 3773 3545 3826 καὶ
3571 3773 3733 3841 ἐσθή-

457 3888 606 3939 ματα
631 3872 732 3942 τῆς
749 3870 891 3925 κατὰ
905 3869 1038 3924 Θεδν
1065 3869 1278 3933 τελείας
1332 3869 1621 3938 ἀσκήσεως
1648 3866 1707 3919 ὲν
1745 3865 1965 3936 Ἰωάννῃ
1986 3863 2064 3933 τῷ
2086 3863 2368 3933 Βαπτιστῇ
2392 3858 2814 3931 ἐπαιδεύθημεν,
2841 3860 2985 3933 θριξὶ
3009 3862 3108 3932 μὲν
3140 3863 3188 3915 εἰ
3209 3855 3319 3915 οἷόν
3346 3879 3406 3914 τε
3437 3861 3576 3932 πρὸς
3607 3861 3704 3914 cui
3716 3887 3741 3902 οι

455 3977 564 4030 πην
589 3957 1068 4031 ἀρκεσθησόμεθα,
1102 3958 1377 4028 άκρὲμοσι
1423 3957 1479 4010 δὲ
1514 3953 1754 4028 βοτανῶν
1783 3953 1879 4006 καὶ
1908 3950 2124 4021 φύλλων
2159 3948 2298 4020 πρὸς
2322 3947 2513 4018 ὀλίγην
2544 3947 2753 4020 τροφὴν
2781 3951 2882 4002 καὶ
2909 3948 3145 4020 δύναμιν
3172 3951 3267 4002 καὶ
3297 3948 3594 4020 ἀπέριττον
3639 3948 3729 4013 (1').

456 4048 599 4103 hiem
629 4056 792 4118 urget
820 4047 1050 4102 inferius
1079 4046 1238 4116 epist.
1274 4044 1398 4100 152.
1437 4043 1761 4115 Anonymus
1793 4039 2094 4094 Vaticanus
2135 4035 2431 4118 in7Catena
2461 4034 2776 4090 Graecorum
2809 4035 3055 4099 Patrum,
3097 4040 3189 4107 qui
3231 4035 3523 4108 Evangelia
3557 4035 3730 4090 inter-

456 4141 764 4201 pretantur,
790 4149 818 4188 a
845 4131 1011 4189 Petro
1041 4133 1280 4188 Possiuo
1308 4133 1452 4187 edita
1475 4131 1561 4202 (j),
1587 4131 1788 4186 similia
1822 4127 1990 4183 refert
2015 4143 2028 4180 :

2166 4124 2265 4194 μέν
2295 4139 2429 4192 φασι
2456 4124 2527 4175 τὰ
2543 4123 2654 4176 τῶν
2683 4123 3006 4196 ἀκροδρύων
3025 4124 3346 4196 ἅκρίσματα
3422 4164 3438 4180 .
3519 4163 3537 4179 .
3615 4163 3631 4180 .
3657 4175 3668 4179 -
3713 4160 3743 4177 υ.

456 4220 598 4274 κατὰ
628 4221 709 4287 τὸ,
738 4221 980 4293 ἤνθησαν
1013 4222 1047 4292 ἡ
1075 4221 1360 4290 κάππαρις
1398 4220 1494 4274 καὶ
1521 4221 1554 4291 ἡ
1584 4219 1766 4290 ἀκρὶς,
1791 4216 1820 4269 ὃ
1849 4217 1906 4268 ὲν
1939 4213 2017 4285 τῷ

2138 4211 2626 4282 Ἐκκλησιαστικοῦ
2659 4211 2910 4292 εὓρηται,
2935 4212 3383 4285 Theophylactus
3410 4213 3464 4268 in
3500 4211 3725 4272 Matth"

454 4308 610 4373 Τινὲς
677 4309 894 4377 λέγουσι
959 4309 1189 4381 βοτάνας
1253 4305 1392 4362 εἶναι
1455 4307 1555 4373 τὰς
1612 4305 1843 4378 ἀκρίδας
1900 4303 1966 4367 ἃς
2018 4303 2115 4356 atat
2193 4301 2487 4372 μελιάγρια
2532 4300 2605 4373 (lt)
2671 4299 2904 4356 καλοῦσι
2935 4317 2950 4334 ⁸
3012 4303 3177 4366 τινὲς·
3220 4302 3278 4356 δὲ
3317 4302 3387 4357 τά
3445 4302 3749 4374 ἀκρόδρυα-

455 4396 574 4466 ητοι
631 4396 854 4469 ὀπώρας
890 4397 1092 4469 ἀγρίας
1139 4397 1224 4468 (ί).
1261 4395 1388 4451 Haec
1417 4395 1554 4452 satis
1583 4394 1713 4466 περὶ
1759 4391 2022 4462 ἀκρίδων.

2163 4404 2228 4445 ue
2293 4397 2442 4460 patet
2494 4389 2864 4460 Sophronium
2904 4405 3006 4461 pro
3043 4391 3204 4447 mel-le
3246 4391 3511 4457 silvestri,
3551 4390 3747 4462 μέλιτιπ

455 4483 654 4554 ἀγρίῳ,
681 4483 1019 4540 intellexisse
1043 4485 1298 4541 arborem
1327 4484 1667 4555 meleagrum.
1699 4481 1902 4552 Reipsa
1922 4481 2140 4536 radices
2171 4478 2338 4549 hujus
2367 4479 2579 4534 arbusti
2614 4477 2808 4535 edules
2836 4494 2985 4544 esse,
3017 4480 3188 4535 variis
3219 4481 3560 4536 testimoniis
3595 4497 3736 4538 con-

457 4569 725 4626 firmatur.
773 4573 931 4641 Apud
990 4569 1217 4627 Suidam
1269 4571 1324 4626 in
1379 4571 1646 4627 vocabulo
1694 4569 1959 4640 μελεάγρι
2002 4571 2044 4624 ιν

2145 4569 2367 4625 affertur
2401 4569 2701 4625 ἀδέσποτον
2725 4570 3038 4642 exemplum
3059 4610 3075 4636 ,
3110 4571 3259 4642 quod
3289 4587 3321 4628 e
3349 4571 3462 4628 vita
3495 4572 3732 4644 alicujus

456 4663 805 4714 anachoreta:
825 4669 1134 4715 extractum
1164 4675 1387 4726 censeo,
1423 4660 1520 4713 καὶ
1548 4659 1726 4730 ρίζάις
1765 4657 1965 4721 αὐτοὺς
1992 4675 2043 4728 με

2138 4658 2326 4728 ιγρίων
2349 4660 2446 4713 καὶ
2472 4657 2728 4730 καρδίαις
2759 4658 3027 4730 καλάμων
3053 4659 3346 4725 ἐδεξιοῦτο.
3377 4659 3536 4728 Apud
3577 4660 3725 4715 Can-

455 4747 600 4815 gium
624 4746 943 4818 μελίαγριον
969 4747 1072 4802 hoc
1103 4747 1388 4802 arbustum
1420 4745 1749 4817 appellatur.
1795 4743 1836 4797 E
1883 4745 2004 4810 vita
2023 4744 2190 4816 igitur
2223 4746 2599 4814 manuscripta
2645 4747 2824 4801 sancti
2859 4745 3074 4816 Cyriaci
3104 4748 3454 4802 anachoreta:
3483 4748 3742 4802 haecvduo

454 4836 703 4904 exempla
757 4834 992 4905 protulit
1026 4834 1282 4891 laudatus
1323 4834 1566 4905 Caugius
1601 4851 1614 4888 :
1663 4830 2040 4903 Ἀπορούμενο

2140 4833 2276 4888 ιίνυν
2309 4835 2537 4903 τροφῆς,
2583 4834 2677 4887 καὶ
2708 4835 2809 4888 ούκ
2837 4833 3057 4904 ἔχοντες
3079 4834 3206 4888 ὅθεν
3238 4835 3342 4894 τὴν
3381 4835 3482 4905 τῆς
3510 4835 3727 4904 φύσεως

453 4923 702 4993 ἀνάγκην
729 4922 1224 4994 παραμυθήσονται
1254 4939 1268 4955 ο
1299 4921 1422 4976 οὐδὲ
1454 4922 1584 4992 γὰρ,
1611 4919 1733 4975 οὐδὲ
1786 4920 2078 4992 μελιάγρια
2115 4920 2257 4974 κατὰ
2293 4919 2390 4989 τὴν
2424 4919 2631 4990 ἔρημον
2671 4920 2925 4989 πεφύκει,
2975 4929 3030 4976 et
3060 4920 3218 4992 ῥίζας
3267 4919 3610 4992 μελιαγρίων
3631 4922 3745 4976 atat.

455 5010 766 5080 ἀκρέμονας
807 5011 1075 5083 καλάμων
1110 5003 1392 5082 προσίετο.
1420 5009 1502 5064 Ex
1536 5010 1690 5066 hisce
1724 5009 2042 5065 testimoniis

2156 5026 2187 5062 υ
2223 5015 2550 5079 arguuntur,
2578 5009 2792 5064 scilicet
2821 5008 3038 5064 radices
3073 5008 3645 5079 μελιαγρίου-θάυὶοε,
3679 5019 3735 5064 et

528 5137 802 5210 (_d)_7S7nnt
835 5138 1014 5210 Photii
1061 5139 1223 5196 verba
1245 5111 1323 5194 [de
1354 5138 1670 5210 Sophronio
1715 5138 2040 5210 ili7Ztlyriob.
2223 5141 2284 5209 (i)
2315 5139 2458 5195 Edit.
2491 5137 2668 5194 Paris.
2700 5139 2861 5210 1585,
2889 5153 3012 5210 pag.
3034 5140 3090 5210 2.7

455 5207 578 5282 cod.
603 5207 702 5282 251
736 5209 901 5282 εᾷΤγῶν
933 5211 1096 5282 ἱερῶν
1125 5211 1412 5282 δογμάτων
1435 5209 1496 5262 οὐ
1521 5209 1623 5280 τὴν
1642 5207 1910 5280 τυχοῦσαν
1936 5211 2040 5281 μά-

1646 5207 1910 5280 τυχοῦσαν
1936 5211 2040 5281 μά·
2224 5207 2291 5282 α)
2317 5211 2529 5282 limum,-
2559 5211 2704 5280 typis
2741 5207 3029 5282 Barberiu.
3073 5208 3233 5264 I637.

456 5279 613 5352 θησιν
640 5279 1043 5352 άποδεγίκννται.
1184 5279 1206 5352 ς
1229 5279 1238 5282 ⁷
1465 5351 1469 5352 7
1579 5279 1587 5280 ί
1712 5279 1740 5280 ﬂ
1939 5279 1948 5281 ἡ

2227 5281 2300 5350 (k)
2323 5281 2541 5352 Optima
2580 5279 2740 5335 lectio
2778 5289 2864 5335 est
2905 5279 3500 5352 pe).aypa.;7,.ita_eni7m
3547 5290 3751 5352 aperto.

530 5350 601 5423 (ς)
713 5365 766 5404 c.
798 5351 1094 5423 E06265!“
1130 5351 1227 5423 μέν
1258 5352 1372 5423 ἐστι
1413 5351 1651 5423 πλήρης.

2152 5349 2254 5421 ego
2291 5349 2393 5422 legi
2422 5352 2476 5405 in
2500 5359 2715 5423 vetusto
2742 5351 2867 5413 cod,
2903 5349 3136 5423 membr.
3163 5350 3286 5404 Vat.
3320 5349 3482 5415 1221,
3517 5349 3658 5423 p.79;
3681 5360 3732 5405 at

530 5370 601 5417 (ε)
644 5370 680 5402 Ι.
713 5370 766 5404 C.
798 5370 1094 5416 Γιυσεοειας
1172 5370 1227 5404 εν
1258 5370 1372 5404 εστι
1421 5370 1651 5420 πληρης.

716 5436 776 5505 m7
802 5420 990 5505 hiatth.
1020 5430 1108 5478 ed.
1130 5370 1262 5478 ven.
1296 5422 1466 5485 1752,
1493 5439 1545 5491 p.
1577 5421 1665 5476 89.

2152 5370 2254 5421 ego
2292 5370 2393 5422 Iegl
2423 5370 2476 5405 Ill
2500 5370 2715 5406 νειιιειο
2742 5370 2867 5413 ουα,
2903 5370 3136 5404 tuemur.
3170 5370 3275 5404 νίιι.

2153 5423 2428 5505 editiones
2457 5421 2963 5505 mendosetia‘bent
3005 5420 3275 5505 μὲλοερας.

527 5491 602 5564 (9)
645 5488 803 5564 East.
835 5492 980 5564 l._iv.
1127 5563 1132 5564 7
1418 5561 1427 5564 7
1483 5488 1506 5564 ξ
1567 5534 1590 5564 7.
1750 5563 1757 5564 7
1835 5562 1844 5564 7
2166 5492 2290 5564 77(71)
2341 5491 2426 5564 (ξς.
2473 5491 2647 5564 Cujet.
2699 5500 2752 5547 et
2802 5488 3019 5547 Baron.'
3057 5488 3163 5564 qui
3185 5491 3376 5552 eadem
3423 5500 3736 5550 senserunt.

528 5560 602 5630 (ς)
648 5562 806 5629 Quod
860 5561 1208 5636 Saphrunius
1241 5578 1337 5634 per
1383 5561 1444 5618 τὸ
1470 5562 1687 5627 ἀπόνως
1731 5562 2045 5620 dect-“ave-

464 5654 570 5697 Iul.

2164 5560 2308 5688 ynide
2346 5560 2563 5634 navet;
2601 5560 2738 5619 Crit.
2799 5565 2928 5620 hist.
2985 5560 3127 5620 επὶ.
3183 5565 3237 5620 in
3288 5577 3410 5635 Cap.
3442 5579 3524 5628 III,
3577 5581 3634 5616 ν.
3679 5576 3749 5628 51..

2162 5651 2242 5687 λεὶ
2313 5651 2350 5690 ι.
