3998 6200
224 292 362 358 3731
1131 299 1192 358 s.
1232 295 1649 358 SOPHRONII
1715 289 2221 355 PATRIARCILE
2277 287 2685 350 HIEROSOL.
3266 258 3270 261 ’
3359 271 3502 339 3732
3600 385 3604 388 ~

228 411 282 464 in
314 411 549 469 desertis
579 413 766 472 solitas
799 415 1046 478 nasci,et
1073 415 1396 471 vilissimum
1413 414 1725 471 essecibum
1751 413 1818 468 ad
1846 425 2008 482 quem
2037 421 2280 467 extrema
2312 406 2619 462 necessitas
2652 398 3222 493 sanctumtlyriaeum
3248 395 3496 493 compel-

227 498 392 554 lebat.
419 500 552 568 Quae
573 502 758 558 omnia
778 510 960 557 utrum
978 501 1310 559 Praeeursori
1345 502 1696 566 conveniant,
1719 501 1901 557 videat
1948 501 2121 556 lector
2151 517 2167 554 :
2199 497 2292 567 qui
2317 508 2496 550 tamen
2518 491 2668 547 navit
2701 490 2756 544 iu
2771 487 3100 581 opinionem
3133 487 3501 581 contrariam,

227 586 664 656 vulgatissimam
698 597 754 645 et
781 589 956 646 ferme
981 604 1354 656 communem,
1386 599 1613 648 sanctos
1644 591 1850 658 passim
1880 588 2072 644 Patres
2095 585 2467 648 concurrisse.
2492 595 2727 652 eamque
2753 578 2944 633 doctos
2977 575 3128 628 viros
3161 575 3494 640 suscepisse.

302 677 358 733 l-n
382 677 484 737 ode
509 679 572 731 l7
593 693 790 734 novum
811 679 1097 735 Asealona:
1123 681 1442 750 episcopum
1470 681 1968 752 religiosissimum,
1992 685 2048 734 et
2073 677 2316 748 apprime
2343 673 2475 729 recti
2497 671 2774 743 dogmatis
2790 672 3172 724 observanlem
3203 664 3450 721 invenies
3475 682 3494 732 ς

231 767 391 835 cujus
419 766 646 822 virtutes
683 782 711 820 a
753 776 947 823 sancio
973 769 1391 841 archiepiscopo
1419 771 1652 826 summis
1683 767 1939 824 laudibus
1969 764 2291 822 elierutitur.
2322 760 2465 828 Quid
2495 759 2733 826 denique
2758 757 2939 811 dicam
2987 753 3056 808 de
3094 767 3380 841 sacrorum
3417 753 3502 806 lo-

232 867 423 910 corum
451 855 839 926 descriptione,
878 873 1016 928 quos
1047 839 1304 929 graphice
1325 839 1631 923 enumerat,
1658 856 1972 927 etjucunde
1991 853 2151 925 quasi
2176 859 2302 907 ante
2331 849 2521 904 oculos
2551 844 2804 936 exponit?
2825 842 2881 898 in
2907 843 3030 936 ode-
3050 841 3114 894 21
3142 839 3328 936 blenas
3352 854 3500 936 meo-
3589 928 3600 936 ι

234 958 432 999 namus
463 943 558 998 τοῦ
581 944 838 1000 Ἐννάτου
858 946 1268 1019 Ἀλεξανδρείας
1300 955 1549 1010 vocatur,
1581 945 1726 1018 quod
1765 960 1813 1000 v:

1922 960 1938 1002 ς
1966 941 2236 1013 exemplis
2264 955 2296 996 e
2327 940 2494 994 Prata
2523 933 2800 999 spirituali
2835 930 3068 1003 prolatis
3101 930 3266 985 etiam
3298 932 3501 1019 proba-

235 1043 343 1084 tur.
383 1031 528 1087 Sane
558 1033 794 1103 plurima
824 1035 878 1090 in
911 1017 1278 1092 Alexandrina
1321 1028 1542 1108 regione
1575 1017 1911 1089 monasteria
1943 1031 2192 1088 numeris
2221 1028 2393 1084 luisse
2416 1025 2708 1116 distincta,
2735 1039 2766 1079 e
2805 1021 2992 1076 multis
3023 1017 3363 1116 argumentis
3402 1031 3527 1116 pa:-

233 1129 348 1187 tet;
381 1135 527 1192 saepe
553 1137 682 1177 vero
707 1125 952 1179 numeris
981 1126 1145 1180 etiam
1177 1126 1431 1180 milliaria
1472 1125 1748 1180 distantia:
1769 1124 1840 1178 ab
1867 1118 2198 1177 Alexandria
2227 1130 2317 1174 ex.
2349 1131 2432 1186 gr.
2463 1111 2920 1184 designabantur,
2948 1121 3095 1179 quoa
3122 1108 3324 1176 passim
3352 1108 3495 1174 apud

233 1209 549 1275 Moschum,
596 1212 650 1265 in
684 1209 839 1266 Prat.
871 1213 1079 1278 spirit.;
1115 1214 1190 1268 ita
1211 1214 1356 1268 enim
1381 1213 1436 1268 in
1463 1227 1514 1268 c.
1539 1211 1645 1267 ΗΟ
1673 1211 1812 1283 legin

1933 1229 1948 1268 :
1984 1209 2216 1265 Ἐλαὸον
2236 1209 2330 1262 τὸν
2360 1205 2551 1279 κύριόν
2575 1221 2676 1276 μου
2705 1200 3032 1272 Σωφρόνιον,
3066 1197 3162 1252 καὶ
3186 1197 3497 1267 ἀπήλθομεν

231 1301 314 1362 εἰς
344 1300 445 1370 τὴν
467 1300 673 1370 λαῦραν
697 1302 792 1356 τοῦ
824 1303 1295 1359 ὀκτωκαιδεκάτου
1317 1306 1376 1360 ἐν
1431 1301 1810 1375 Ἀλεξανδρείᾳ

1921 1302 1962 1371 ).
1990 1301 2222 1370 Insuper
2249 1299 2304 1352 in
2348 1312 2397 1354 c.
2446 1293 2591 1350 462:
2639 1290 2778 1345 ’Δπὺ
2809 1290 2988 1378 elucet
3023 1287 3216 1359 μιλίων
3257 1285 3498 1378 Ἀλεξαν-

231 1389 414 1458 δρεία..
437 1389 616 1462 λαῢρά
639 1394 755 1447 ἐστι
781 1395 1048 1468 λεγομένη
1081 1397 1178 1451 τοῦ
1221 1396 1560 1468 Καλαμῶνος
1587 1374 1694 1450 ἁνᾶ
1730 1395 1896 1465 μέσον
1920 1389 2017 1445 τοῦ
2055 1385 2556 1444 Ὀκτωκαιδικάτου
2582 1380 2678 1435 καὶ
2711 1377 2810 1433 ’τοῦ
2832 1374 3103 1468 Μαφορᾷτ
3143 1375 3216 1468 Et,
3247 1383 3406 1468 antea
3442 1374 3495 1427 in

231 1492 282 1530 c.
321 1478 412 1543 5|,
446 1483 654 1536 mentio
681 1481 739 1536 lit
778 1465 1048 1540 Anazarbi
1081 1465 1452 1556 metropoleos
1480 1484 1724 1540 secundat
1751 1481 1981 1538 Cilicum
2005 1477 2376 1564 proainciat,a
2391 1490 2502 1564 qua
2527 1473 2634 1564 fere
2661 1470 2953 1564 duodecim.
2972 1466 3296 1520 milliaribus
3330 1465 3497 1564 distat

233 1567 611 1622 monasterium
664 1571 805 1640 quod
832 1571 1033 1626 dicitur
1070 1571 1472 1644 zEgyptiarum.
1503 1571 1570 1626 Et
1604 1571 1872 1626 inferius:
1919 1566 2036 1622 Utta
2065 1565 2232 1634 ferme
2263 1562 2517 1617 milliaria
2543 1561 2710 1615 distat
2737 1575 2771 1613 a
2817 1556 3057 1612 Iordane
3110 1556 3498 1644 monasterium

235 1650 446 1708 abbatis
476 1653 760 1711 Gerasimi.
787 1657 844 1712 In
869 1675 919 1714 e.
955 1659 1096 1731 l70,_
1114 1641 1373 1714 narratur
1393 1650 1598 1716 distare
1637 1658 1701 1713 ab
1731 1655 2116 1727 Hierosolymis
2139 1656 2249 1723 fere
2272 1651 2342 1707 20
2363 1665 2621 1719 passuum
2654 1646 2892 1702 millibus
2920 1645 3304 1702 monasterium
3329 1641 3498 1712 quod-

233 1741 359 1793 dam
390 1744 530 1812 quod
564 1742 871 1814 Sampsonis
902 1748 1118 1802 dicitur.
1151 1748 1208 1803 ln
1242 1763 1292 1804 e.
1324 1749 1447 1813 M5,
1484 1747 1690 1803 mentio
1717 1747 1884 1803 etiam
1909 1746 1966 1801 lit
2005 1747 2177 1817 ipsius
2203 1743 2375 1798 Mena:
2397 1742 2619 1797 canabii
2642 1740 2885 1802 Salama,
2919 1755 3055 1794 uana
3077 1739 3142 1792 ab
3165 1738 3499 1792 Alexandria

235 1829 518 1896 milliaria,
577 1841 637 1886 ut
668 1836 829 1888 vertit
860 1833 1089 1893 Latinus
1122 1838 1410 1906 interpres.
1436 1835 1721 1892 Moschum
1742 1851 1875 1891 vero
1928 1849 2054 1890 cum
2087 1832 2400 1900 Sophronia
2425 1829 2488 1883 τὸ
2520 1829 2741 1884 ἔννατον
2769 1841 2913 1897 saepe
2947 1825 3226 1891 invisisse,
3265 1825 3496 1896 legimus

234 1917 398 1970 etiam
433 1918 488 1972 in
517 1919 637 1989 ipso
665 1920 828 1975 Prata
853 1924 987 1992 spir.
1022 1938 1072 1979 ο.
1098 1924 1201 1980 177
1229 1944 1242 1981 :
1273 1925 1501 1994 Ἔλεγεν
1530 1925 1557 1979 ὁ
1577 1923 1750 1989 ἀὸοᾶς
1773 1925 1810 1978 ’Ῐ

1919 1939 2022 1993 ινης
2035 1925 2064 1976 ὁ
2086 1920 2265 1985 Κίλιξ,
2275 1920 2351 1974 ὅτι
2371 1917 2526 1987 Καθη
2536 1917 2711 1988 μένων
2726 1914 2882 1986 ἡμῶν
2906 1917 2986 1978 εἰς
2999 1915 3061 1967 τὸ
3081 1915 3342 1968 Ἕννατον
3356 1913 3498 1968 Ἀλε-

236 2005 538 2077 ξανδρείας.
575 2009 635 2064 ln
670 2011 870 2077 ο.184,
898 2012 1023 2068 vita:
1063 2015 1433 2070 narrationem
1476 2013 1707 2068 udiunt
1742 2013 1811 2067 ab

1914 2013 1958 2068 is
1988 2007 2218 2066 Joannis
2260 2007 2501 2064 eunuchi
2545 2005 2675 2060 dum
2712 2020 2910 2058 nanum
2960 2003 3315 2068 habitarent;
3344 2003 3493 2068 ὄντες

233 2096 398 2164 ἡμεῖς
430 2097 489 2149 ἐν
531 2097 908 2173 Ἀλεξανδρείᾳ
936 2103 994 2154 ἐν
1018 2101 1096 2173 τῷ
1125 2102 1383 2170 Ἐννάτῳ.
1419 2101 1591 2168 Cujus
1615 2102 1810 2158 abbate

1915 2097 2112 2154 lienam
2145 2095 2318 2151 fuisse
2345 2109 2412 2150 eo
2445 2101 2711 2162 tempore,
2749 2106 2860 2162 quo
2888 2090 3362 2161 peregrinationes
3398 2106 3494 2159 per

234 2181 484 2239 eamabia
521 2187 764 2256 praedicti
803 2189 905 2243 viri
937 2199 1314 2260 susceperant.
1345 2205 1375 2244 e
1407 2187 1576 2245 Prata
1597 2190 1715 2259 ipso
1742 2204 1813 2244 ert

1914 2201 1975 2241 tr.
2001 2185 2063 2240 C.
2087 2184 2213 2250 146,
2237 2183 2411 2240 Cotel.
2443 2182 2566 2246 H7,
2598 2197 2652 2252 p.
2684 2181 2790 2236 414
2817 2199 2831 2234 :
2862 2178 3175 2249 Οὖσινήμῖν
3207 2179 3266 2232 ἐν
3292 2176 3493 2247 τῷἙν-

149 2307 156 2312 -
233 2268 380 2340 vat-qi
399 2269 460 2328 ὲν
475 2273 726 2344 κοινοσίῳ
746 2275 1015 2348 Τουγορᾶ,
1033 2277 1334 2347 διηγήσατο
1352 2279 1380 2330 ὁ
1404 2276 1579 2340 ᾶϐὅᾶς
1607 2277 1801 2348 Μηνᾶς
1823 2276 1851 2328 ὸ
1876 2273 2260 2344 κοινοϐιάρχης
2289 2272 2418 2342 περὶ
2433 2270 2529 2324 τοῦ
2557 2272 2615 2323 ὲν
2644 2268 2821 2337 ἁγίοις
2849 2268 3008 2322 aratra
3037 2267 3320 2336 Εὑλογίου.
3345 2267 3412 2321 Et
3440 2284 3493 2322 c.

233 2358 482 2427 sequenti
514 2375 527 2412 :
561 2361 869 2432 Διηγήσατο
907 2364 1040 2434 ἡμῖν
1077 2364 1174 2416 καὶ
1215 2363 1375 2417 τοῦτο
1410 2365 1439 2416 ὁ
1472 2363 1647 2426 ἁσσᾶς
1675 2365 1812 2435 Μηνὲ

1915 2384 1920 2412 ι
1950 2360 2328 2432 κοινοσιάρχης
2349 2357 2443 2412 τοῦ
2477 2356 2642 2413 αὐτοῦ
2667 2356 2956 2411 κοινοὸίου.
2986 2356 3122 2411 Cum
3155 2356 3226 2409 ita
3258 2370 3346 2410 res
3372 2371 3494 2411 sese

232 2443 519 2512 haberent,
549 2447 712 2505 liceat
735 2450 1008 2522 conjicere
1039 2450 1414 2523 Sophroulum
1446 2467 1511 2507 ex
1538 2466 1632 2507 ore
1655 2451 1811 2522 ipsiut

1915 2465 2025 2506 enat
2055 2449 2419 2518 συκοφαντίας
2451 2446 2736 2502 historiam
2760 2444 3022 2500 audiisse.
3055 2442 3312 2498 Numeris
3339 2452 3494 2498 erant

232 2535 495 2590 distincta
527 2553 636 2592 non
667 2540 845 2594 solum
881 2539 1227 2595 Alexandriae
1249 2541 1604 2606 monasteria,
1638 2539 1733 2596 sed
1759 2539 1924 2595 etiam
1957 2539 2189 2594 aliorum
2218 2538 2486 2592 locorum.
2520 2533 2564 2589 ,Ξ
2584 2541 2664 2590 tot
2693 2549 2862 2589 unum
2901 2531 3138 2588 sulliciat
3160 2531 3492 2600 exemplum,

232 2624 380 2693 quod
422 2624 621 2696 legitur
647 2627 700 2682 in
725 2627 832 2683 line
863 2627 1192 2701 συναξαρίου
1258 2631 1436 2685 sancti
1469 2627 1697 2685 Joannis
1723 2627 2092 2698 evangelistae,
2124 2633 2316 2681 nostro
2356 2623 2668 2695 Sophronia
2708 2623 2981 2685 attributi,
3014 2621 3172 2690 cujus
3202 2617 3496 2676 miraculo-

231 2727 327 2767 sus
356 2727 572 2768 manna:
610 2729 642 2769 e
669 2715 924 2785 sepulcro
951 2715 1182 2773 ellluxus
1216 2716 1306 2772 die
1339 2717 1372 2770 8
1405 2715 1528 2772 Maii
1562 2715 1702 2772 festo
1730 2717 1810 2772 cel

1917 2727 2042 2770 atur
2071 2715 2150 2785 (η)
2192 2730 2207 2768 :
2248 2712 2498 2766 Τελεῖται
2525 2711 2581 2765 δὲ
2605 2713 2638 2781 ἡ
2671 2711 2837 2765 αὑτοῦ
2874 2709 3096 2774 σύναξις
3123 2710 3182 2761 ὲν
3205 2707 3285 2779 τῷ
3309 2705 3494 2776 σεπτῷ

230 2799 568 2870 ἀποστολείῳ
590 2801 758 2854 αὐτοῦ
786 2802 864 2873 τῷ
886 2803 1000 2857 ὄντι
1033 2801 1198 2875 ἔν’τῷ
1231 2805 1496 2875 Ἑϐδόμῳ.
1523 2803 1595 2860 De
1618 2803 1809 2859 Marini

1915 2801 2042 2873 ique
2070 2799 2224 2856 Pauli
2245 2800 2526 2856 candidati
2551 2807 2747 2864 matre,
2773 2799 2828 2853 in
2859 2799 3022 2868 cujus
3055 2797 3242 2850 laudes
3263 2794 3491 2849 odarum

232 2888 567 2947 postremam
614 2884 868 2956 legimus,
925 2887 1152 2942 Pratum
1187 2888 1466 2958 spirituale
1519 2889 1744 2945 notitias
1780 2888 1940 2946 nobis
1965 2897 2192 2960 praestat
2224 2889 2369 2944 haud
2419 2887 2639 2944 dubias.
2676 2886 2957 2956 Siquidem
2991 2886 3046 2940 in
3069 2899 3120 2940 c.
3161 2883 3288 2948 185,
3320 2893 3497 2937 mater

231 2966 384 3023 l'auli
411 2962 700 3027 Candidati
725 2985 975 3040 vocatur,
1016 2976 1108 3030 ubi
1144 2973 1572 3046 Sophroniuset
1596 2974 1838 3033 Joannes
1867 2977 1924 3032 in
1961 2979 2127 3033 Samo
2149 2977 2330 3034 insula
2360 2977 2534 3048 ipsam
2568 2975 2801 3032 audiunt
2829 2981 3148 3029 narrantem
3181 2971 3490 3026 mirabilem

231 3055 481 3128 modum,
515 3074 627 3128 quo
661 3061 858 3116 mulier
891 3060 1207 3117 Christiana
1234 3062 1413 3116 virum
1445 3063 1700 3133 gentilem
1743 3061 1810 3116 ad

1918 3077 2002 3118 cm
2030 3062 2304 3118 convertit
2331 3063 2452 3117 :‘Ev
2475 3061 2642 3134 Σάμῳ
2667 3065 2736 3134 τῇ
2771 3062 2922 3133 νήσῳ
2970 3061 3273 3129 διηγήσατο
3303 3060 3491 3130 ἠμϊνή

230 3143 485 3217 θεοφιλὴς
511 3147 606 3201 καὶ
631 3147 971 3220 φιλόπτωχος
995 3151 1186 3222 Μαρία
1212 3153 1245 3222 ἠ
1278 3152 1465 3222 μήτηρ
1489 3151 1581 3205 τοῦ
1614 3152 1782 3222 κυροῦ

1920 3153 2023 3206 ἰλου
2050 3149 2146 3206 τοῦ
2178 3151 2538 3218 Κανδιδάτου,
2567 3160 2699 3218 etc.,
2734 3151 2824 3207 ubi
2855 3159 2910 3206 et
2947 3151 3292 3206 sanctitatem
3343 3148 3499 3203 uobi-

229 3230 298 3287 lis
319 3233 562 3289 mulieris
601 3238 1036 3293 commendatam
1067 3240 1352 3294 observas.

301 3472 362 3528 lu
412 3488 534 3530 mea
594 3472 926 3531 Praelatione
959 3490 1149 3545 supra,
1189 3476 1555 3546 promiseram
1584 3475 2116 3530 Anacreonticorum
2176 3476 2356 3531 sancti
2388 3473 2683 3546 Sophronii
2733 3472 3250 3546 interpretationem
3275 3489 3364 3532 me
3393 3474 3500 3530 ali-

230 3560 454 3629 quando
474 3562 728 3618 versibus
761 3562 1244 3630 adumbraturum,
1267 3572 1336 3618 ne
1365 3563 1684 3619 eorumdem
1723 3563 1940 3634 lepores
1961 3578 2121 3633 prosa
2152 3564 2401 3618 oratione
2431 3571 2861 3634 prosternerem.
2881 3560 3018 3618 Cum
3046 3570 3231 3618 tamen
3257 3563 3497 3619 viderem

227 3650 364 3713 otia,
391 3663 515 3720 quae
551 3649 862 3707 studiorum
897 3664 1070 3707 causa
1099 3651 1386 3722 optabam,
1421 3650 1582 3722 longe
1613 3665 1643 3704 a
1676 3665 1764 3704 me
1816 3649 2031 3718 abesse,
2056 3661 2112 3706 et
2171 3651 2306 3708 odas
2341 3652 2756 3722 Sophronianas
2806 3666 2953 3722 saepe
3002 3666 3334 3723 percurrens
3383 3661 3500 3707 tum

238 3746 463 3807 propter
485 3739 759 3809 poeticam
795 3739 1186 3805 structionem,
1215 3747 1330 3794 tum
1362 3738 1528 3795 etiam
1581 3745 1808 3808 propter
1840 3737 2140 3792 lectionum
2185 3737 2559 3794 dillieultatem
2589 3753 2700 3794 non
2740 3739 3030 3794 minimum
3064 3739 3264 3811 linguae
3295 3740 3500 3796 Graeca:

229 3828 462 3885 rudibus
501 3830 778 3900 negotium
813 3827 1193 3895 lacessit-aras,
1228 3843 1404 3884 meam
1435 3828 1658 3899 quidem
1703 3825 2033 3884 sententiam
2072 3842 2364 3893 revocans,
2395 3829 2573 3885 soluta
2605 3829 2856 3886 oratione
2902 3845 2998 3886 eas
3043 3828 3209 3886 edere
3256 3828 3496 3886 decrevi.

225 3917 292 3972 l-It
322 3933 390 3973 ne
424 3917 687 3973 Sirletum
719 3919 840 3975 suis
873 3933 1002 3989 erga
1036 3934 1217 3974 meum
1250 3919 1524 3974 melodum
1559 3917 1830 3988 privarem
1871 3915 2045 3983 curis,
2076 3915 2219 3972 oden
2250 3918 2488 3989 primam
2534 3916 2604 3972 ab
2637 3917 2757 3987 ipso
2791 3916 3042 3972 Latinam
3077 3916 3298 3983 factam,
3340 3925 3400 3971 ut
3439 3917 3496 3973 in

225 4003 576 4061 Praefationis
601 4003 640 4060 l.
671 4020 721 4060 e.
756 4020 1106 4072 monueram,
1132 4021 1164 4062 e
1187 4005 1310 4061 cod.
1340 4003 1461 4060 Vat.
1486 4003 1607 4060 Lat.
1642 4004 1806 4071 6285,
1838 4020 1870 4058 a
1894 4019 1982 4060 me
2009 4005 2249 4076 primum
2278 4015 2519 4070 erutam,
2541 4021 2677 4062 meae
2706 4013 3028 4062 eaeterarum
3056 4007 3498 4080 interpretationi

227 4093 568 4148 consociavi.
593 4093 707 4149 Nec
758 4109 846 4149 me
878 4094 1006 4149 latet
1043 4105 1306 4164 quantum
1339 4094 1646 4150 venustatis
1692 4102 1749 4148 et
1789 4093 2022 4164 poeticas
2062 4093 2145 4148 vis
2186 4095 2301 4149 haec
2334 4093 2584 4149 carmina
2630 4108 2794 4165 prosa
2835 4095 3086 4151 oratione
3117 4110 3278 4152 versa
3335 4096 3499 4150 amit—

227 4189 384 4236 tant:
435 4181 531 4237 sed
568 4182 822 4252 quamvis
877 4182 932 4236 in
985 4183 1126 4238 meis
1170 4181 1382 4237 criticis
1433 4181 2046 4250 animadversionibus,
2091 4190 2147 4238 et
2203 4182 2550 4255 philologicis
2595 4183 3046 4240 adnotationibus
3086 4183 3164 4239 nil
3222 4185 3370 4255 quod
3425 4185 3494 4239 ad

223 4268 546 4324 earumdem
588 4270 1031 4339 explanationem
1069 4271 1192 4339 quis
1225 4271 1543 4326 desiderare
1570 4271 1810 4340 potuerit
1843 4270 2149 4334 omiserim,
2182 4272 2478 4327 maximam
2511 4271 2811 4344 legentium
2835 4283 3042 4341 partem
3066 4271 3335 4344 quidquid
3371 4273 3496 4327 novi

223 4367 278 4410 et
314 4357 533 4412 venusti
579 4357 684 4412 mei
730 4356 1024 4427 Sophronii
1070 4359 1318 4413 carmina
1367 4357 1768 4428 prmacferunt,
1809 4358 2059 4430 proiecto
2098 4357 2282 4416 adhuc
2332 4359 2603 4416 latuisset.
2638 4359 2770 4416 Meae
2822 4360 3010 4432 itaque
3051 4360 3495 4431 interpretationi

223 4457 286 4496 ea
321 4441 426 4498 l'uit
463 4457 643 4508 mens,
677 4450 738 4498 ut
785 4443 979 4500 eadem
1033 4459 1066 4500 a
1112 4459 1446 4515 quocunque
1490 4446 1903 4519 legantur,_qui
1956 4446 2278 4516 peregrinas
2330 4447 2719 4504 ecclesiastica
2759 4447 3004 4504 historiae
3047 4456 3103 4502 et
3149 4456 3492 4511 sanctorum.

226 4530 452 4588 ιιοιίιίοε
473 4531 745 4597 locorum,
777 4542 831 4586 et
866 4532 1040 4602 ipsius
1073 4542 1278 4590 sanctm
1323 4533 1625 4604 Scriptura
1671 4549 1780 4589 non
1839 4535 1994 4604 parvi
2041 4534 2304 4591 momenti
2346 4536 2781 4607 Explanationes
2835 4537 2905 4592 ab
2943 4534 3142 4594 iisdem
3195 4550 3496 4607 excerpere

225 4619 417 4676 velint.
456 4620 878 4703 Mellitissimam
931 4622 1071 4678 oden
1115 4624 1168 4678 in
1217 4621 1420 4694 Joscph
1453 4621 1645 4679 Jacobi
1693 4625 1862 4679 lilium
1914 4624 2209 4696 Sophronii
2260 4627 2713 4697 latrosophistaa,
2749 4627 2805 4682 in
2853 4627 3326 4698 interpretationis
3391 4628 3498 4682 line

220 4709 538 4777 addidi.Qui
567 4709 788 4781 quidem
816 4711 1163 4782 Sapbronius
1190 4711 1333 4768 idem
1368 4711 1607 4768 fortasse
1639 4727 1703 4768 ac
1724 4711 2252 4784 l-lierosolymitanus
2271 4714 2340 4768 ab
2373 4714 2578 4771 Aliatio
2606 4723 2828 4785 putatus
2851 4723 2956 4773 est.
2985 4715 3196 4787 Reapse
3253 4716 3308 4770 in
3354 4730 3406 4771 c.
3425 4716 3495 4770 69

219 4799 378 4857 Prati
409 4799 710 4868 spiritualis
750 4814 783 4854 a
837 4800 1062 4857 Most-ho
1129 4802 1478 4872 Sapbronius
1548 4800 1852 4871 appellatur
1920 4802 2158 4874 εφιιὶεεα
2223 4819 2242 4856 :
2299 4811 2484 4857 utrum
2557 4811 2740 4858 tamen
2798 4803 3123 4859 medicinam
3161 4803 3493 4869 exercuerit,

221 4890 324 4944 hoc
349 4903 381 4945 e
405 4889 778 4944 monumentis
809 4903 919 4944 non
950 4896 1133 4960 patet;
1163 4905 1253 4947 res
1281 4905 1409 4946 vero
1441 4891 1683 4945 nonest
1723 4889 1950 4946 omnino
1979 4889 2237 4947 absurda.
2269 4887 2388 4945 Oda
2415 4889 2531 4946 haec
2555 4891 2622 4945 ad
2653 4890 2692 4945 Γ.
2723 4889 2811 4957 68,
2841 4905 2896 4961 q.
2929 4907 2982 4950 v.
3036 4899 3163 4962 post
3199 4889 3493 4962 Sapbrauii

218 4979 365 5034 Odos
408 4976 739 5036 extenditur.

293 5069 497 5125 Praeter
528 5067 718 5124 hiatus
747 5069 819 5123 ob
850 5069 1072 5140 aliquot
1106 5069 1535 5138 quaternionum
1559 5069 1861 5136 delectum,
1899 5080 1954 5126 et
1988 5087 2250 5128 versuum
2282 5072 2338 5127 in
2366 5071 2703 5143 quibusdam
2729 5071 2854 5128 odis
2881 5071 3081 5127 miram
3126 5070 3497 5140 perturbatio-

217 5172 363 5220 nem,
395 5158 593 5212 menda
649 5157 905 5227 equidem
955 5171 1067 5213 non
1127 5157 1282 5229 parvi
1322 5158 1585 5229 ponderis
1650 5159 1870 5215 exhibet
1928 5159 2356 5215 Barberinianus
2398 5161 2596 5226 codex,
2643 5167 2843 5216 caetera
2876 5157 3327 5229 pulcherrimus:
3369 5174 3492 5211 cum

215 5260 346 5299 vero
400 5261 580 5316 neque
609 5245 844 5304 Allatius
878 5244 933 5302 in
992 5260 1098 5303 suo
1151 5248 1472 5318 apographo
1527 5263 1590 5303 ea
1648 5249 1978 5318 castigasset
2008 5250 2099 5317 ,si
2151 5250 2430 5309 levissima
2465 5247 2716 5323 quadam
2771 5249 3052 5321 exceperis
3100 5257 3156 5304 et
3179 5249 3334 5319 parvi
3383 5265 3496 5302 mo-

215 5333 420 5399 mcnti,
447 5342 508 5389 ut
543 5334 686 5391 infra
730 5335 956 5407 patebit,
980 5351 1086 5409 ego
1123 5345 1302 5394 marte
1339 5337 1564 5408 proprio
1621 5353 1684 5394 ea
1723 5339 2055 5393 recensenda
2113 5341 2334 5408 curavi,
2387 5341 2661 5411 simulque
2721 5338 3166 5398 emendatiouum
3224 5338 3498 5392 rationem

219 5424 515 5481 lectoribus
547 5423 639 5482 hic
667 5425 865 5498 adjeci.

222 5633 384 5744 Pu(3's)
404 5623 698 5746 (ifégilotel.
730 5626 878 5683 Man.
902 5629 1051 5685 Eccl.
1083 5629 1255 5686 Grato.
1295 5638 1335 5684 t.
1362 5629 1426 5697 ll,
1457 5647 1499 5700 p.
1551 5631 1677 5697 509,
1713 5633 1800 5686 ed.

1909 5597 2472 5757 (“indagatu-etiamm
2511 5632 2681 5691 om.
2710 5633 2798 5692 ed.
2833 5632 2970 5691 Ven.
3003 5633 3165 5698 tsi-1,
3192 5632 3334 5704 apud
3367 5631 3488 5707 σις-

265 5710 397 5744 ωηο.
427 5710 584 5746 ιυδι.

1909 5710 1993 5755 thi
2032 5717 2155 5771 j-ag.
2185 5710 2270 5757 40.
