4020 6200
517 214 654 278 3751
900 203 910 207 ’
1407 211 1468 270 S.
1507 208 1928 272 SOPHRONII
1959 202 2466 268 PATRIARCHAI
2516 195 2912 263 HIERUSOL-
3655 205 3791 272 3752

735 320 992 393 Equalis
1008 320 1192 378 demto
1224 318 1504 390 genitrici,
2131 317 2178 372 Α

2131 317 2178 372 Α
2419 304 2576 372 Ἶσος
2614 309 2684 362 αῦ
2720 307 2882 362 πάλιν
2912 305 3147 379 τεκούσῃ
3170 321 3186 335 ο

734 414 978 470 Mortalis
1010 427 1135 467 nam
1163 427 1194 468 e
1220 411 1436 466 mortali
1475 410 1752 482 apparuit.

2414 399 2615 472 Βροτὺς
2652 403 2718 455 ὲκ
2753 399 2946 471 βροτοῦ
2973 399 3083 470 γὰρ
3110 397 3268 470 ὤφθη
3302 397 3441 470 (36).

805 506 990 574 Quare
1017 506 1236 561 unitum
1260 504 1472 561 vocabo

2487 492 2580 546 Διὸ
2611 491 2871 547 σύνθετον
2900 490 3153 546 καλέσσω

735 598 1032 654 luconfuse
1065 598 1500 664 manifestatum,

2426 582 2532 636 Τὸν
2559 581 2886 653 ἀσυγχύτως
2921 581 3159 651 φανέντα
3185 596 3201 613 ο

733 691 882 746 Duas
902 692 1049 746 enim
1085 699 1314 745 naturas
1345 691 1617 760 perfectas
2319 700 2320 704 ‘

1536 696 1617 744 las
2319 676 2386 732 15
2422 675 2528 729 Δύο
2547 675 2660 746 γὰρ
2692 675 2884 745 φύσεις
2910 673 3123 738 τελείας

733 781 866 838 Post
898 783 1154 838 unionem
1179 783 1433 838 observo.

2419 767 2577 823 Μετὰ
2619 767 2870 820 σύνθεσιν
2897 765 3124 820 δοκεύω.

803 872 885 927 Ad
920 871 1110 936 Deum,
1138 872 1206 926 ad
1240 871 1454 928 Patrem
1485 870 1744 949 Christus
1766 872 1939 938 venit,

2502 859 2592 920 Ἐς
2621 857 2779 923 Θεὸν,
2809 858 2868 920 ὲς
2893 856 3126 926 γενέ-την
3153 855 3386 925 Χριστὸς
3414 855 3596 913 ἱκάνει

737 961 1041 1019 Dominicis
1069 977 1411 1034 pracurrere
1445 947 1774 1019 festinamus
1802 962 2104 1033 gressibus.

2072 979 2104 1017 ε,
2423 950 2795 1012 Δεσποτικοῦς
2829 948 3087 1017 προθέειν
3114 947 3427 1017 σπεύσομεν
3454 947 3659 1017 ἴχνους,

815 1052 955 1118 Quia
984 1051 1243 1108 Christus
1270 1052 1336 1106 ad
1366 1055 1669 1123 genitorem

1588 1069 1669 1108 em
2495 1041 2622 1095 Ὀτι
2651 1042 2887 1112 Χριστὸς
2915 1043 2972 1104 ἐς
3001 1039 3175 1110 τοκῆα

735 1139 929 1205 Deum,
967 1148 1025 1194 ut
1061 1139 1244 1196 infans
1277 1139 1544 1210 procedit,
2317 1137 2322 1183 τ

2317 1131 2389 1187 20
2426 1132 2560 1186 Θεὸν
2588 1133 2662 1198 ὡς
2692 1133 2892 1204 βρέφος
2919 1131 3215 1203 προῆλθεν,

734 1230 1080 1288 Ρι-αξουττετε
1109 1233 1366 1288 festinate
1389 1248 1603 1289 omnes.

2427 1227 2687 1299 Προθέειν
2717 1227 2975 1296 προθείτε
3004 1225 3227 1287 πάντες.
3741 1255 3753 1286 ι

803 1324 872 1376 At
911 1325 976 1378 de
1010 1338 1161 1399 more
1187 1332 1408 1394 peracto

2499 1319 2731 1389 Ἔθιμος
2753 1318 2798 1371 δ’
2835 1317 2958 1370 ἐπεὶ
2984 1316 3212 1387 τελέσθη

738 1412 926 1470 Sancti
954 1417 1232 1488 puerperii
1263 1424 1541 1488 tempore,

1523 1455 1541 1482 ,
2438 1412 2629 1480 ’Δγίας
2657 1411 2847 1482 χρόνος
2873 1409 3107 1480 λοχείης,

744 1506 949 1577 Utpote
971 1507 1139 1563 Musis
1167 1509 1324 1579 jubet

2427 1503 2588 1557 Καθὰ
2619 1503 2861 1566 Μωσέως
2903 1501 3115 1556 κελεύει

743 1593 854 1651 Lex
881 1599 1060 1652 sancti
1091 1597 1398 1668 prOpheta,
2323 1599 2330 1649 τ

2323 1595 2396 1649 25
2433 1595 2619 1665 Νόμος
2641 1594 2901 1657 εὐσεϐοῦς
2926 1593 3234 1664 προφήτου,

813 1686 1007 1742 Divum
1046 1687 1315 1743 infantem
1343 1686 1621 1758 genitores
2145 1668 2188 1724 Β

1497 1703 1621 1744 ores
2145 1668 2188 1724 Β
2499 1687 2700 1741 Ζὰθεον
2728 1687 2858 1740 πάῖν
2883 1685 3082 1755 τοκῆες

735 1777 1045 1836 Jerusalem
1075 1781 1381 1837 intulerunt
2063 1784 2072 1788 ’

2063 1784 2072 1788 ”
2441 1773 2804 1848 Ἰερουσαλὴμ
2826 1773 3050 1843 εἰσῆγον
3081 1775 3145 1838 ¹⁸,

739 1871 1033 1928 Hominem
1061 1875 1254 1940 veluti,
1285 1875 1396 1928 Deo
1429 1873 1692 1939 oblaturi,

1652 1874 1692 1939 i,
2436 1864 2636 1935 Βροτὺν
2665 1865 2742 1928 ὡς
2769 1864 2889 1934 Θεῷ
2920 1863 3234 1935 προσοίσειν

739 1965 845 2032 Qui
873 1981 1088 2034 semper
1117 1979 1225 2020 una
1257 1975 1344 2022 est
1367 1980 1491 2020 cum
1519 1964 1651 2020 Deo.

1586 1981 1651 2020 ,0.
2433 1957 2535 2010 Τὸν
2569 1959 2657 2010 ἀεὶ
2679 1956 2801 2029 Θεῷ
2835 1957 3081 2013 συνόντα.
3167 1977 3173 1982 ·

816 2058 1008 2112 Divina
1037 2058 1182 2112 enim
1211 2057 1491 2113 obtinebat
1512 2059 1619 2123 lex,
2324 2045 2394 2100 50

2324 2045 2394 2100 50
2503 2045 2705 2109 Ζάθεος
2729 2046 2894 2116 νόμος
2921 2045 2965 2076 ⁸⁸
2992 2045 3101 2112 γὰρ
3133 2042 3293 2096 ἔσκεν

743 2148 900 2216 Quod
933 2151 1113 2206 omnis
1137 2165 1256 2206 mas
1285 2150 1539 2218 aperiens

2435 2135 2562 2190 Ὅτι
2589 2137 2700 2190 πᾶν
2730 2137 2933 2205 διοῖγον
2967 2135 3133 2204 ἄρσεν

627 2289 631 2294 .
740 2239 1098 2296 Castissimas
1133 2241 1437 2296 nativitatis
1463 2249 1676 2312 portas,

1665 2279 1676 2306 ι
2265 2276 2274 2281 .
2435 2226 2672 2280 Τοκετοῦ
2702 2227 2880 2290 πύλας
2915 2228 3252 2295 πανάγνους,

742 2334 854 2388 Deo
879 2331 1191 2390 efferendus
1222 2344 1404 2400 esset;

2429 2319 2622 2388 ζ’Ᾱγιον
2644 2319 2764 2388 Θεῷ
2800 2318 3094 2373 καλείσθω.

811 2421 878 2477 Et
907 2423 1185 2478 victimam
1216 2424 1381 2479 simul
1409 2424 1728 2494 pratsenlari

1650 2424 1728 2478 ari
2499 2411 2706 2482 Θυσίην
2737 2413 2782 2466 δ’
2821 2412 2958 2484 όμοῦ
2984 2410 3237 2483 κομίζειν

741 2510 848 2567 Par
878 2521 1156 2569 turturum
1183 2515 1449 2585 iubebat;
2325 2505 2328 2553 ἕ

2325 2503 2396 2559 55
2433 2502 2538 2556 Δύο
2567 2503 2837 2574 τρυγόνας
2865 2503 3099 2570 κελεύει,

741 2603 785 2657 Α
811 2605 1144 2674 pauperibus
1176 2622 1328 2671 vero,
1357 2607 1539 2678 pullos

2443 2597 2676 2667 Ἀπορου
2683 2597 2870 2668 μένοις
2899 2597 2958 2651 δὲ
2995 2596 3161 2650 τέκνα

742 2692 1024 2752 Columbis
1054 2705 1239 2753 natos.

2429 2689 2512 2743 Τὰ
2537 2690 2837 2746 πελειάδων
2869 2690 3153 2763 γενέθλης.

805 2787 1063 2847 Christus
1113 2792 1492 2849 liberationem
1533 2793 1791 2848 omnibus
1840 2795 2109 2861 tribuens,

1935 2810 2109 2861 luens,
2499 2783 2734 2854 Χριστὸς
2769 2783 3083 2855 ἐλευθερίην
3113 2785 3280 2838 πᾶσιν
3299 2781 3519 2848 ὀπάζων

744 2873 1112 2933 Mosaicorum
1149 2879 1404 2950 legalium
1434 2895 1575 2936 unus
1603 2881 1856 2936 abstulit.

1844 2920 1856 2935 .
2435 2873 2750 2928 Μωσαῖκῶν
2769 2875 3020 2945 νομίμων
3043 2873 3209 2945 ἄχθος
3231 2875 3431 2946 ἀείρει.

816 2964 889 3022 Ut
921 2968 1154 3023 liberum
1190 2969 1396 3024 faceret
2143 3022 2180 3034 -
2323 2963 2394 3018 ιο

2143 3022 2180 3034 _
2323 2963 2394 3018 40
2508 2964 2605 3026 Ὃς
2635 2963 2928 3034 ἐλευθέραν
2952 2966 3188 3017 ποιεῖται

750 3055 798 3108 Α
825 3056 941 3125 lege
965 3022 1270 3112 hominum
1285 3022 1479 3129 genus,
2137 3022 2183 3080 α

2137 3022 2183 3080 c
2431 3022 2704 3126 Μερόπων
2731 3022 2898 3126 νόμου
2919 3055 3189 3126 γενέθλην,

751 3141 959 3199 Servus
992 3147 1127 3217 legis
1157 3148 1433 3218 apparuit.

2438 3148 2708 3218 Θεράπων
2737 3148 2903 3218 νόμου
2924 3149 3160 3218 φαάνθη.

817 3235 1085 3309 Sacerdos
1107 3244 1220 3290 tum
1253 3237 1474 3308 quidam
1494 3238 1766 3295 incolebat
1885 3313 1887 3315 ι

1585 3240 1766 3295 oleliat
1885 3313 1887 3315 ι
2512 3239 2716 3310 Ἱερεύς
2745 3239 2803 3293 δέ
2825 3257 2908 3304 τις
2936 3239 3172 3309 κατῴκει

740 3323 1046 3383 Jerusalem
1083 3331 1135 3384 in
1160 3330 1316 3394 urbe,

2329 3330 2402 3384 45
2448 3329 2806 3400 Ἰερουσαλὴμ
2835 3332 2894 3384 έν
2916 3331 3093 3397 ἄστει,

744 3416 979 3488 Symeon
1015 3436 1249 3490 magnus
1278 3421 1548 3492 propheta

2436 3418 2666 3489 Συμεὼν
2695 3418 2808 3490 (57)
2835 3420 3009 3490 μέγας
3035 3419 3321 3491 προφήτης

743 3507 978 3566 Gestaris
1007 3509 1100 3565 Dei
1127 3512 1405 3581 spiritum.

2430 3511 2648 3580 Φορέων
2671 3512 2824 3564 Θεοῖο
2847 3510 3091 3582 Πνεῦμα.

815 3601 1124 3682 Potentiam
1157 3605 1354 3660 merito
1381 3607 1746 3662 venerabatur

1515 3607 1746 3661 :rabatur
2503 3605 2721 3673 Κράτος
2745 3603 2914 3668 ἀξίως
2939 3603 3020 3657 ὲτί
3028 3622 3102 3673 μα

742 3696 993 3751 Divinam
1029 3696 1084 3751 in
1121 3705 1315 3752 sancta
1346 3707 1549 3762 mente.

1492 3714 1549 3762 .e,
2443 3693 2654 3764 ’Δγίαις
2682 3694 2879 3764 φρεσὶν
2907 3693 3079 3760 Θεοῖο,

749 3785 1198 3843 Consolationem
1235 3789 1337 3844 iste
1372 3791 1546 3859 gentis
1801 3835 1816 3859 ,
2326 3785 2336 3840 l

1801 3835 1816 3859 ,
2326 3785 2396 3842 50
2427 3785 2778 3856 Παράκλησιν
2806 3779 2960 3849 οὗτος
2991 3784 3174 3848 ἔθνους

744 3876 912 3934 Israel
935 3879 1291 3947 exspectabat
1326 3879 1532 3934 videre.

2432 3875 2608 3930 Μένεν
2649 3875 2868 3946 Ἰσραὴλ
2901 3875 3125 3928 ίδέσθαι.
3189 3915 3192 3919 ι

814 3967 1186 4023 Proutissione
1206 3968 1391 4022 divina

2503 3967 2677 4034 Λόγον
2707 3967 2909 4030 ἔνθέως
2941 3966 3146 4037 βοῶντα

744 4055 988 4126 Spiritus
1016 4064 1246 4111 sanctus
1278 4056 1666 4126 spoponderat,

1627 4065 1666 4121 t,
2441 4058 2634 4126 Ἀγιον
2664 4057 2913 4130 παρέσχε
2962 4059 3207 4130 Πνεῦμα,

745 4143 928 4214 Ipsum
969 4161 1078 4200 non
1113 4145 1463 4200 interiturum

2433 4147 2551 4202 Ἵνα
2589 4149 2662 4220 μὴ
2700 4149 2855 4220 μόρῳ
2880 4151 3159 4224 προσέλθῃ

750 4236 1063 4307 Antequam
1108 4237 1198 4290 Dei
1232 4238 1428 4292 Filium
1457 4236 1690 4294 videret.
2330 4241 2337 4293 Ξ

1469 4236 1690 4294 videret.
2330 4240 2400 4296 55
2437 4243 2574 4312 Πρὶν
2599 4243 2684 4314 ἴδῃ
2713 4243 2870 4312 γόνον
2886 4243 3056 4297 Θεοῖο.

813 4324 1062 4397 Repente
1087 4342 1118 4383 e
1145 4326 1309 4380 domo
1338 4328 1471 4386 exiit
2014 4360 2019 4365 -
2149 4378 2193 4406 ἢ

2014 4360 2019 4365 -
2149 4378 2193 4406 ἢ
2504 4333 2781 4406 Μεγάρων
2805 4334 2961 4402 ἄφνω
2991 4334 3280 4406 προῆλθεν,

742 4418 806 4474 Et
833 4419 1097 4489 templum
1130 4419 1414 4488 ingressus
1448 4428 1533 4474 est
1568 4434 1810 4484 sacrum,
2149 4378 2194 4434 θ

1568 4434 1810 4484 sacrum,
2149 4378 2194 4434 υ
2442 4378 2617 4496 ’ἱερὸν
2631 4378 2930 4496 gaudii-{Os
2960 4378 3153 4480 θεῖῖῖῗ

743 4509 1136 4581 lmpellebatur
1173 4511 1318 4566 enim
1343 4526 1372 4565 a
1414 4512 1838 4582 Spiritusancto

1658 4525 1838 4570 sancto
2439 4518 2633 4586 ’Δγιον
2653 4517 2764 4588 γὰρ
2791 4513 2894 4588 ἦγε
2921 4517 2963 4552 ιτ
2995 4517 3245 4589 Πνεῦμα,

742 4603 816 4660 Ut
845 4601 1121 4658 Christum
1158 4602 1336 4673 ipsum
1364 4603 1654 4660 inveniret.

1596 4613 1654 4660 at.
2437 4609 2560 4664 Ἵνα
2581 4607 2816 4678 Χριστὸν
2845 4608 3008 4662 αὑτὸν
3025 4608 3183 4682 εὕρῃ.

812 4690 922 4746 Lex
948 4691 1188 4750 Mosaica
1222 4709 1367 4749 nunc
1393 4694 1721 4759 absolvitur,
2325 4699 2394 4755 60

2325 4699 2394 4755 60
2513 4699 2572 4753 '0
2597 4699 2761 4770 νόμος
2788 4699 3069 4764 Μωῦσέως
3095 4702 3219 4771 ἄρτι
3248 4703 3499 4775 τελέσθη,

741 4783 883 4853 Quia
911 4783 1164 4842 Christus
1187 4801 1456 4856 apparens
1491 4788 1650 4842 linem
1684 4787 1934 4858 praebuit.

2436 4791 2561 4846 Ὅτι
2581 4789 2817 4862 Χριστὸς
2838 4792 3137 4859 προφανεὶς
3166 4790 3355 4848 ὤπασε
3395 4795 3595 4866 τέρμα.

1788 4925 2020 4981 VARUS
2072 4925 2476 4983 LECTIONES.
2539 4918 2570 4938 ⁸

601 5040 646 5071 ⁸⁸
684 5037 880 5110 Eadem
916 5039 1087 5094 editio
1134 5047 1327 5093 contra
1358 5039 1513 5093 metri
1582 5040 1844 5110 rationem
1880 5040 2024 5110 legit,
2065 5041 2308 5110 εἰσῆγον.
2423 5037 2724 5110 ξδᾼιιδιίυε
2770 5036 2824 5090 in
2865 5037 2977 5110 _hoc
3017 5053 3189 5110 versu
3215 5038 3525 5110 verborum
3556 5039 3804 5094 ordinem

529 5110 687 5162 metri
745 5109 920 5178 gratia
973 5118 1168 5177 sponte
1225 5111 1500 5172 mutavit,
1560 5123 1684 5161 nam
1746 5109 2104 5164 Barberinian

2240 5110 2371 5178 legit
2424 5108 2616 5173 ζάθεος
2668 5107 2776 5176 γὰρ
2820 5107 3005 5176 νόμος.
3085 5109 3128 5140 ⁸⁷
3163 5108 3398 5165 Allatius
3453 5110 3508 5163 in
3573 5112 3805 5163 diatriba

527 5179 695 5233 edidit
723 5177 836 5247 εἶχε
863 5194 960 5247 pro
990 5177 1091 5250 ἦγε
1121 5195 1134 5232 :
1165 5185 1220 5231 at
1253 5195 1353 5247 ego
1382 5179 1521 5232 hanc
1543 5179 2154 5250 tntttationetttarbitrio
2185 5177 2628 5250 etnendatorunt,
2662 5185 2723 5250 ut
2755 5179 3050 5250 typothetaz
3090 5178 3325 5250 libenter
3357 5179 3608 5244 ascribo;
3682 5195 3804 5233 nam

529 5244 931 5320 ipseAAlt’ati'us
991 5244 1050 5303 in
1096 5244 1414 5320 apogra'pho
1455 5250 1879 5320 transcripserat
1902 5244 2026 5320 ἦγε,
2069 5261 2131 5303 ut
2161 5249 2326 5305 habet
2351 5244 3140 5320 Barb.iNecabs_imili_modo
3195 5249 3486 5304 dicendum
3547 5250 3808 5312 inferius.

529 5333 582 5372 ν.
619 5318 711 5383 62,
771 5322 826 5374 iu
863 5320 1028 5374 verbo
1084 5317 1386 5383 τελοῦντες,
1447 5319 1593 5389 quod
1642 5317 1959 5389 perperam
1990 5320 2116 5389 impt

1590 5335 1593 5371 ἱ
1642 5317 1959 5389 perperam
1990 5320 2320 5389 impressum
2359 5319 2463 5372 fuit
2513 5319 2566 5372 in
2598 5317 2834 5372 diatriba
2867 5317 3177 5382 πελοῦντες.

1763 5436 1825 5491 P.
1869 5436 2282 5495 MATRANGE
2325 5436 2558 5493 NOTAE.

601 5556 713 5624 (δῦ)
754 5555 994 5609 Observa
1023 5554 1358 5611 luculentam
1382 5553 1615 5624 duplicis
1638 5561 1847 5608 natura:
1867 5554 1920 5608 in
1947 5553 2111 5608 Chri-
2293 5553 2404 5623 ('57)
2434 5554 2569 5607 Vide
2588 5551 2654 5624 de
2685 5552 2787 5607 hoc
2813 5551 3081 5624 Symieone
3106 5554 3332 5606 notitias
3365 5552 3656 5624 abAllatio
3683 5548 3801 5609 col-

529 5621 619 5682 διό
647 5627 1090 5696 explicationem.
1460 5621 1494 5669 ί
2175 5693 2186 5698 _
2214 5621 2395 5682 lectas
2415 5626 2471 5680 in
2506 5621 2885 5678 eruditissima
2913 5623 2976 5676 de
3027 5621 3377 5693 Symeam'bus
3410 5622 3685 5677 Diatn‘ba.
