  <div class='ocr_page' id='page_1' title='image "/cluster/home/n/w/nwhite01/storage/ocr_20150623/87:3/hvd.32044069650125/534.png"; bbox 0 0 3960 6194; ppageno 0'>
   <div class='ocr_carea' id='block_1_1' title="bbox 318 247 461 312">
    <p class='ocr_par' dir='ltr' id='par_1_1' title="bbox 318 247 461 312">
     <span class='ocr_line' id='line_1_1' title="bbox 318 247 461 312; baseline -0.014 0"><span class='ocrx_word' id='word_1_1' title='bbox 318 247 461 312; x_wconf 71' lang='grc'><strong>3841</strong></span> 
     </span>
    </p>
   </div>
   <div class='ocr_carea' id='block_1_2' title="bbox 1730 248 2134 309">
    <p class='ocr_par' dir='ltr' id='par_1_2' title="bbox 1730 248 2134 309">
     <span class='ocr_line' id='line_1_2' title="bbox 1730 248 2134 309; baseline -0.005 0"><span class='ocrx_word' id='word_1_2' title='bbox 1730 248 2134 309; x_wconf 78' lang='lat' dir='ltr'><strong>TRIODIUM.</strong></span> 
     </span>
    </p>
   </div>
   <div class='ocr_carea' id='block_1_3' title="bbox 3441 255 3584 319">
    <p class='ocr_par' dir='ltr' id='par_1_3' title="bbox 3441 255 3584 319">
     <span class='ocr_line' id='line_1_3' title="bbox 3441 255 3584 319; baseline -0.014 0"><span class='ocrx_word' id='word_1_3' title='bbox 3441 255 3584 319; x_wconf 68' lang='lat'><strong>3842</strong></span> 
     </span>
    </p>
   </div>
   <div class='ocr_carea' id='block_1_4' title="bbox 318 356 1914 440">
    <p class='ocr_par' dir='ltr' id='par_1_4' title="bbox 318 356 1912 434">
     <span class='ocr_line' id='line_1_4' title="bbox 318 356 1912 434; baseline 0.003 -24"><span class='ocrx_word' id='word_1_4' title='bbox 318 358 479 429; x_wconf 74' lang='grc' dir='ltr'>ἡμῶν</span> <span class='ocrx_word' id='word_1_5' title='bbox 529 356 823 425; x_wconf 79' lang='grc' dir='ltr'><strong>ἐντεύξεις,</strong></span> <span class='ocrx_word' id='word_1_6' title='bbox 853 359 942 412; x_wconf 72' lang='grc' dir='ltr'><strong>καὶ</strong></span> <span class='ocrx_word' id='word_1_7' title='bbox 976 360 1189 431; x_wconf 76' lang='grc' dir='ltr'><strong>δεήσεις</strong></span> <span class='ocrx_word' id='word_1_8' title='bbox 1224 360 1449 433; x_wconf 85' lang='grc' dir='ltr'>ποίησον</span> <span class='ocrx_word' id='word_1_9' title='bbox 1496 360 1631 434; x_wconf 83' lang='grc' dir='ltr'>πρὸς</span> <span class='ocrx_word' id='word_1_10' title='bbox 1680 362 1772 415; x_wconf 90' lang='grc' dir='ltr'><strong>τὸν</strong></span> <span class='ocrx_word' id='word_1_11' title='bbox 1823 361 1912 414; x_wconf 89' lang='grc' dir='ltr'><strong>σὸν</strong></span> 
     </span>
    </p>
   </div>
   <div class='ocr_carea' id='block_1_5' title="bbox 2037 356 3583 440">
    <p class='ocr_par' dir='ltr' id='par_1_5' title="bbox 2042 363 3583 440">
     <span class='ocr_line' id='line_1_5' title="bbox 2042 363 3583 440; baseline 0.006 -23"><span class='ocrx_word' id='word_1_12' title='bbox 2042 363 2356 417; x_wconf 80' lang='lat' dir='ltr'><strong>crcessione</strong></span> <span class='ocrx_word' id='word_1_13' title='bbox 2387 380 2401 416; x_wconf 89' lang='lat'><strong><em>:</em></strong></span> <span class='ocrx_word' id='word_1_14' title='bbox 2434 364 2607 434; x_wconf 64' lang='lat' dir='ltr'><strong>dirige</strong></span> <span class='ocrx_word' id='word_1_15' title='bbox 2664 372 2881 419; x_wconf 85' lang='lat' dir='ltr'><strong>nostras</strong></span> <span class='ocrx_word' id='word_1_16' title='bbox 2937 380 3144 434; x_wconf 77' lang='lat' dir='ltr'><strong>preces,</strong></span> <span class='ocrx_word' id='word_1_17' title='bbox 3198 367 3583 440; x_wconf 63' lang='lat' dir='ltr'><strong>oratjiznesque</strong></span> 
     </span>
    </p>
   </div>
   <div class='ocr_carea' id='block_1_6' title="bbox 317 448 1268 522">
    <p class='ocr_par' dir='ltr' id='par_1_6' title="bbox 317 448 1268 522">
     <span class='ocr_line' id='line_1_6' title="bbox 317 448 1268 522; baseline 0.006 -20"><span class='ocrx_word' id='word_1_18' title='bbox 317 449 410 502; x_wconf 78' lang='grc' dir='ltr'>καὶ</span> <span class='ocrx_word' id='word_1_19' title='bbox 450 448 678 504; x_wconf 79' lang='grc' dir='ltr'>πάντων</span> <span class='ocrx_word' id='word_1_20' title='bbox 714 450 849 504; x_wconf 81' lang='grc' dir='ltr'>Θεὸν</span> <span class='ocrx_word' id='word_1_21' title='bbox 890 452 983 504; x_wconf 79' lang='grc' dir='ltr'><strong>καὶ</strong></span> <span class='ocrx_word' id='word_1_22' title='bbox 1018 452 1268 522; x_wconf 72' lang='grc' dir='ltr'>βασιλέα.</span> 
     </span>
    </p>
   </div>
   <div class='ocr_carea' id='block_1_7' title="bbox 638 542 1572 614">
    <p class='ocr_par' dir='ltr' id='par_1_7' title="bbox 638 542 1572 614">
     <span class='ocr_line' id='line_1_7' title="bbox 638 542 1572 614; baseline 0.007 -19"><span class='ocrx_word' id='word_1_23' title='bbox 638 542 769 596; x_wconf 77' lang='grc' dir='ltr'>Ὀτι</span> <span class='ocrx_word' id='word_1_24' title='bbox 805 542 921 613; x_wconf 75' lang='grc' dir='ltr'><strong>ἐγώ</strong></span> <span class='ocrx_word' id='word_1_25' title='bbox 959 547 1075 614; x_wconf 82' lang='grc' dir='ltr'>ειμι</span> <span class='ocrx_word' id='word_1_26' title='bbox 1113 548 1148 599; x_wconf 82' lang='grc' dir='ltr'><em>ό</em></span> <span class='ocrx_word' id='word_1_27' title='bbox 1185 546 1254 600; x_wconf 81' lang='grc' dir='ltr'><strong>ἐν</strong></span> <span class='ocrx_word' id='word_1_28' title='bbox 1289 546 1572 614; x_wconf 77' lang='grc' dir='ltr'>θαλάσσῃ</span> 
     </span>
    </p>
   </div>
   <div class='ocr_carea' id='block_1_8' title="bbox 385 636 1905 707">
    <p class='ocr_par' dir='ltr' id='par_1_8' title="bbox 385 636 1905 707">
     <span class='ocr_line' id='line_1_8' title="bbox 385 636 1905 707; baseline 0 -17"><span class='ocrx_word' id='word_1_29' title='bbox 385 636 593 706; x_wconf 82' lang='grc' dir='ltr'>Νῆψον,</span> <span class='ocrx_word' id='word_1_30' title='bbox 628 636 992 707; x_wconf 84' lang='grc' dir='ltr'>γρηγόρησον,</span> <span class='ocrx_word' id='word_1_31' title='bbox 1027 637 1302 703; x_wconf 63' lang='grc' dir='ltr'>στέναξον,</span> <span class='ocrx_word' id='word_1_32' title='bbox 1333 638 1604 707; x_wconf 88' lang='grc' dir='ltr'>δάκρυσον</span> <span class='ocrx_word' id='word_1_33' title='bbox 1625 653 1640 667; x_wconf 83' lang='grc'><em>’</em></span> <span class='ocrx_word' id='word_1_34' title='bbox 1676 637 1766 691; x_wconf 84' lang='grc' dir='ltr'><strong>διὰ</strong></span> <span class='ocrx_word' id='word_1_35' title='bbox 1809 653 1905 707; x_wconf 89' lang='grc' dir='ltr'>νη-</span> 
     </span>
    </p>
   </div>
   <div class='ocr_carea' id='block_1_9' title="bbox 319 727 1908 801">
    <p class='ocr_par' dir='ltr' id='par_1_9' title="bbox 319 727 1908 801">
     <span class='ocr_line' id='line_1_9' title="bbox 319 727 1908 801; baseline 0.001 -20"><span class='ocrx_word' id='word_1_36' title='bbox 319 727 499 791; x_wconf 85' lang='grc' dir='ltr'>στείας</span> <span class='ocrx_word' id='word_1_37' title='bbox 532 727 652 780; x_wconf 84' lang='grc' dir='ltr'>ὅλον</span> <span class='ocrx_word' id='word_1_38' title='bbox 680 727 779 796; x_wconf 79' lang='grc' dir='ltr'><strong>τῆς</strong></span> <span class='ocrx_word' id='word_1_39' title='bbox 833 727 1109 798; x_wconf 87' lang='grc' dir='ltr'>ἁμαρτίας</span> <span class='ocrx_word' id='word_1_40' title='bbox 1142 729 1236 781; x_wconf 67' lang='grc' dir='ltr'><strong>τὸν</strong></span> <span class='ocrx_word' id='word_1_41' title='bbox 1268 729 1485 799; x_wconf 80' lang='grc' dir='ltr'><strong>φόρτον,</strong></span> <span class='ocrx_word' id='word_1_42' title='bbox 1518 728 1698 801; x_wconf 76' lang='grc' dir='ltr'>ψυχὴ,</span> <span class='ocrx_word' id='word_1_43' title='bbox 1735 729 1908 799; x_wconf 76' lang='grc' dir='ltr'>ἀπόρ-</span> 
     </span>
    </p>
   </div>
   <div class='ocr_carea' id='block_1_10' title="bbox 320 814 1907 890">
    <p class='ocr_par' dir='ltr' id='par_1_10' title="bbox 320 814 1907 890">
     <span class='ocr_line' id='line_1_10' title="bbox 320 814 1907 890; baseline 0.001 -21"><span class='ocrx_word' id='word_1_44' title='bbox 320 816 473 888; x_wconf 73' lang='grc' dir='ltr'>ριψον</span> <span class='ocrx_word' id='word_1_45' title='bbox 494 833 508 846; x_wconf 75' lang='grc'><strong>⁸</strong></span> <span class='ocrx_word' id='word_1_46' title='bbox 535 817 601 887; x_wconf 74' lang='grc' dir='ltr'>τῇ</span> <span class='ocrx_word' id='word_1_47' title='bbox 629 814 805 886; x_wconf 79' lang='grc' dir='ltr'>θερμῇ</span> <span class='ocrx_word' id='word_1_48' title='bbox 839 817 1094 889; x_wconf 76' lang='grc' dir='ltr'><strong>μετανοίᾳ</strong></span> <span class='ocrx_word' id='word_1_49' title='bbox 1125 818 1375 887; x_wconf 80' lang='grc' dir='ltr'>ἁπόφυγε</span> <span class='ocrx_word' id='word_1_50' title='bbox 1401 820 1463 872; x_wconf 87' lang='grc' dir='ltr'><strong>τὸ</strong></span> <span class='ocrx_word' id='word_1_51' title='bbox 1491 819 1604 890; x_wconf 98' lang='grc' dir='ltr'><strong>πῦρ</strong></span> <span class='ocrx_word' id='word_1_52' title='bbox 1624 834 1637 849; x_wconf 92' lang='grc'><strong>·</strong></span> <span class='ocrx_word' id='word_1_53' title='bbox 1667 820 1763 873; x_wconf 67' lang='grc' dir='ltr'>καὶ</span> <span class='ocrx_word' id='word_1_54' title='bbox 1814 817 1907 871; x_wconf 76' lang='grc' dir='ltr'><strong>διά</strong></span> 
     </span>
    </p>
   </div>
   <div class='ocr_carea' id='block_1_11' title="bbox 321 906 1904 982">
    <p class='ocr_par' dir='ltr' id='par_1_11' title="bbox 321 906 1904 982">
     <span class='ocr_line' id='line_1_11' title="bbox 321 906 1904 982; baseline 0.001 -22"><span class='ocrx_word' id='word_1_55' title='bbox 321 907 571 970; x_wconf 84' lang='grc' dir='ltr'>πένθους,</span> <span class='ocrx_word' id='word_1_56' title='bbox 606 907 720 959; x_wconf 89' lang='grc' dir='ltr'><strong>τῶν</strong></span> <span class='ocrx_word' id='word_1_57' title='bbox 747 906 940 960; x_wconf 82' lang='grc' dir='ltr'>παθῶν</span> <span class='ocrx_word' id='word_1_58' title='bbox 970 907 1063 961; x_wconf 87' lang='grc' dir='ltr'><strong>τὸν</strong></span> <span class='ocrx_word' id='word_1_59' title='bbox 1096 909 1342 980; x_wconf 81' lang='grc' dir='ltr'><strong>πενθήρη</strong></span> <span class='ocrx_word' id='word_1_60' title='bbox 1370 909 1572 979; x_wconf 86' lang='grc' dir='ltr'>χιτῶνα</span> <span class='ocrx_word' id='word_1_61' title='bbox 1590 907 1904 982; x_wconf 78' lang='grc' dir='ltr'>διάρρηξον,</span> 
     </span>
    </p>
   </div>
   <div class='ocr_carea' id='block_1_12' title="bbox 318 997 1389 1071">
    <p class='ocr_par' dir='ltr' id='par_1_12' title="bbox 318 997 1389 1071">
     <span class='ocr_line' id='line_1_12' title="bbox 318 997 1389 1071; baseline 0.005 -21"><span class='ocrx_word' id='word_1_62' title='bbox 318 998 418 1069; x_wconf 79' lang='grc' dir='ltr'>τὴν</span> <span class='ocrx_word' id='word_1_63' title='bbox 458 997 650 1066; x_wconf 78' lang='grc' dir='ltr'>στολὴν</span> <span class='ocrx_word' id='word_1_64' title='bbox 688 998 788 1071; x_wconf 79' lang='grc' dir='ltr'>τὴν</span> <span class='ocrx_word' id='word_1_65' title='bbox 826 997 976 1051; x_wconf 80' lang='grc' dir='ltr'>θείαν</span> <span class='ocrx_word' id='word_1_66' title='bbox 1014 998 1389 1069; x_wconf 71' lang='grc' dir='ltr'>λαμϐάνουσα.</span> 
     </span>
    </p>
   </div>
   <div class='ocr_carea' id='block_1_13' title="bbox 396 1088 1908 1163">
    <p class='ocr_par' dir='ltr' id='par_1_13' title="bbox 396 1088 1908 1163">
     <span class='ocr_line' id='line_1_13' title="bbox 396 1088 1908 1163; baseline 0.003 -22"><span class='ocrx_word' id='word_1_67' title='bbox 396 1092 553 1160; x_wconf 70' lang='lat' dir='ltr'><strong>&quot;Oper.</strong></span> <span class='ocrx_word' id='word_1_68' title='bbox 607 1088 997 1160; x_wconf 72' lang='grc' dir='ltr'><strong>προσέλθωμεν</strong></span> <span class='ocrx_word' id='word_1_69' title='bbox 1050 1090 1286 1161; x_wconf 83' lang='grc' dir='ltr'>ἀρίστων</span> <span class='ocrx_word' id='word_1_70' title='bbox 1342 1090 1629 1160; x_wconf 79' lang='grc' dir='ltr'>πράξεων·</span> <span class='ocrx_word' id='word_1_71' title='bbox 1676 1091 1763 1146; x_wconf 74' lang='grc' dir='ltr'>διὰ</span> <span class='ocrx_word' id='word_1_72' title='bbox 1811 1110 1908 1163; x_wconf 88' lang='grc' dir='ltr'>νη-</span> 
     </span>
    </p>
   </div>
   <div class='ocr_carea' id='block_1_14' title="bbox 324 1163 1908 1256">
    <p class='ocr_par' dir='ltr' id='par_1_14' title="bbox 324 1163 1908 1256">
     <span class='ocr_line' id='line_1_14' title="bbox 324 1163 1908 1256; baseline 0.001 -20"><span class='ocrx_word' id='word_1_73' title='bbox 324 1183 509 1245; x_wconf 86' lang='grc' dir='ltr'>στείας</span> <span class='ocrx_word' id='word_1_74' title='bbox 556 1163 781 1245; x_wconf 72' lang='grc' dir='ltr'>πάντές,</span> <span class='ocrx_word' id='word_1_75' title='bbox 814 1181 912 1244; x_wconf 72' lang='grc' dir='ltr'><strong>τὰς</strong></span> <span class='ocrx_word' id='word_1_76' title='bbox 944 1182 1317 1254; x_wconf 81' lang='grc' dir='ltr'>χαμαιζήλους</span> <span class='ocrx_word' id='word_1_77' title='bbox 1350 1182 1601 1248; x_wconf 81' lang='grc' dir='ltr'><strong>λιπόντες</strong></span> <span class='ocrx_word' id='word_1_78' title='bbox 1648 1184 1757 1238; x_wconf 87' lang='grc' dir='ltr'><strong>τῶν</strong></span> <span class='ocrx_word' id='word_1_79' title='bbox 1785 1185 1908 1256; x_wconf 75' lang='grc' dir='ltr'>ἠδο-</span> 
     </span>
    </p>
   </div>
   <div class='ocr_carea' id='block_1_15' title="bbox 322 1270 1909 1343">
    <p class='ocr_par' dir='ltr' id='par_1_15' title="bbox 322 1270 1909 1343">
     <span class='ocr_line' id='line_1_15' title="bbox 322 1270 1909 1343; baseline 0.002 -18"><span class='ocrx_word' id='word_1_80' title='bbox 322 1272 428 1325; x_wconf 88' lang='grc' dir='ltr'><strong>νῶν</strong></span> <span class='ocrx_word' id='word_1_81' title='bbox 448 1271 777 1343; x_wconf 74' lang='grc' dir='ltr'>προσϐολὰς,</span> <span class='ocrx_word' id='word_1_82' title='bbox 800 1272 895 1324; x_wconf 70' lang='grc' dir='ltr'>καὶ</span> <span class='ocrx_word' id='word_1_83' title='bbox 915 1273 994 1334; x_wconf 82' lang='grc' dir='ltr'><strong>εἰς</strong></span> <span class='ocrx_word' id='word_1_84' title='bbox 1018 1272 1217 1340; x_wconf 78' lang='grc' dir='ltr'>γνόφον</span> <span class='ocrx_word' id='word_1_85' title='bbox 1235 1270 1507 1336; x_wconf 80' lang='grc' dir='ltr'>εἰσδύντες</span> <span class='ocrx_word' id='word_1_86' title='bbox 1532 1273 1745 1328; x_wconf 80' lang='grc' dir='ltr'>σεπτῶν</span> <span class='ocrx_word' id='word_1_87' title='bbox 1770 1273 1909 1328; x_wconf 89' lang='grc' dir='ltr'>θεω-</span> 
     </span>
    </p>
   </div>
   <div class='ocr_carea' id='block_1_16' title="bbox 326 1356 1906 1438">
    <p class='ocr_par' dir='ltr' id='par_1_16' title="bbox 326 1356 1906 1438">
     <span class='ocr_line' id='line_1_16' title="bbox 326 1356 1906 1438; baseline 0.003 -21"><span class='ocrx_word' id='word_1_88' title='bbox 326 1365 477 1436; x_wconf 89' lang='grc' dir='ltr'>ριῶν,</span> <span class='ocrx_word' id='word_1_89' title='bbox 509 1356 669 1435; x_wconf 82' lang='grc' dir='ltr'>μόνον</span> <span class='ocrx_word' id='word_1_90' title='bbox 713 1364 957 1436; x_wconf 78' lang='grc' dir='ltr'>ὁψομεθα</span> <span class='ocrx_word' id='word_1_91' title='bbox 1004 1364 1241 1436; x_wconf 76' lang='grc' dir='ltr'>Χριστοῦ</span> <span class='ocrx_word' id='word_1_92' title='bbox 1286 1365 1348 1418; x_wconf 89' lang='grc' dir='ltr'><strong>τὸ</strong></span> <span class='ocrx_word' id='word_1_93' title='bbox 1379 1365 1643 1438; x_wconf 76' lang='grc' dir='ltr'>ἐράσμιον</span> <span class='ocrx_word' id='word_1_94' title='bbox 1691 1367 1906 1435; x_wconf 83' lang='grc' dir='ltr'>κάλλος,</span> 
     </span>
    </p>
   </div>
   <div class='ocr_carea' id='block_1_17' title="bbox 323 1457 1516 1530">
    <p class='ocr_par' dir='ltr' id='par_1_17' title="bbox 323 1457 1516 1530">
     <span class='ocr_line' id='line_1_17' title="bbox 323 1457 1516 1530; baseline 0.004 -18"><span class='ocrx_word' id='word_1_95' title='bbox 323 1457 604 1530; x_wconf 70' lang='grc' dir='ltr'>θεοῦμενοι</span> <span class='ocrx_word' id='word_1_96' title='bbox 645 1459 922 1530; x_wconf 81' lang='grc' dir='ltr'><strong>μυστικῶς</strong></span> <span class='ocrx_word' id='word_1_97' title='bbox 960 1458 1129 1524; x_wconf 88' lang='grc' dir='ltr'>θείαις</span> <span class='ocrx_word' id='word_1_98' title='bbox 1168 1459 1516 1517; x_wconf 77' lang='grc' dir='ltr'>ἀναϐάσεσιν.</span> 
     </span>
    </p>
   </div>
   <div class='ocr_carea' id='block_1_18' title="bbox 392 1635 1910 1710">
    <p class='ocr_par' dir='ltr' id='par_1_18' title="bbox 392 1635 1910 1710">
     <span class='ocr_line' id='line_1_18' title="bbox 392 1635 1910 1710; baseline -0.001 -20"><span class='ocrx_word' id='word_1_99' title='bbox 392 1636 548 1706; x_wconf 81' lang='grc' dir='ltr'>Οἴμοι</span> <span class='ocrx_word' id='word_1_100' title='bbox 568 1636 582 1690; x_wconf 86' lang='lat' dir='ltr'><strong>l</strong></span> <span class='ocrx_word' id='word_1_101' title='bbox 601 1636 684 1699; x_wconf 89' lang='grc' dir='ltr'><strong>τίς</strong></span> <span class='ocrx_word' id='word_1_102' title='bbox 705 1635 981 1707; x_wconf 77' lang='grc' dir='ltr'>γένωμαι,</span> <span class='ocrx_word' id='word_1_103' title='bbox 1009 1637 1063 1690; x_wconf 89' lang='grc' dir='ltr'><strong>τί</strong></span> <span class='ocrx_word' id='word_1_104' title='bbox 1091 1636 1500 1708; x_wconf 80' lang='grc' dir='ltr'><strong>διαπράξωμαι,</strong></span> <span class='ocrx_word' id='word_1_105' title='bbox 1517 1637 1615 1710; x_wconf 71' lang='grc' dir='ltr'>τὴν</span> <span class='ocrx_word' id='word_1_106' title='bbox 1637 1636 1910 1710; x_wconf 77' lang='grc' dir='ltr'>ἁμαρτίαν</span> 
     </span>
    </p>
   </div>
   <div class='ocr_carea' id='block_1_19' title="bbox 2010 456 3368 531">
    <p class='ocr_par' dir='ltr' id='par_1_19' title="bbox 2010 456 3368 531">
     <span class='ocr_line' id='line_1_19' title="bbox 2010 456 3368 531; baseline 0.004 -21"><span class='ocrx_word' id='word_1_107' title='bbox 2010 456 2168 510; x_wconf 85' lang='lat' dir='ltr'><strong>&#39;mitte</strong></span> <span class='ocrx_word' id='word_1_108' title='bbox 2191 456 2256 511; x_wconf 88' lang='lat' dir='ltr'><strong>ad</strong></span> <span class='ocrx_word' id='word_1_109' title='bbox 2288 464 2439 510; x_wconf 78' lang='lat' dir='ltr'><strong>tuum</strong></span> <span class='ocrx_word' id='word_1_110' title='bbox 2476 458 2829 525; x_wconf 72' lang='lat' dir='ltr'><strong>amniumque</strong></span> <span class='ocrx_word' id='word_1_111' title='bbox 2866 456 3030 511; x_wconf 61' lang='lat' dir='ltr'><strong>Duillii</strong></span> <span class='ocrx_word' id='word_1_112' title='bbox 3068 472 3130 513; x_wconf 86' lang='lat' dir='ltr'><strong>ac</strong></span> <span class='ocrx_word' id='word_1_113' title='bbox 3166 474 3368 531; x_wconf 78' lang='lat' dir='ltr'><strong>regem.</strong></span> 
     </span>
    </p>
   </div>
   <div class='ocr_carea' id='block_1_20' title="bbox 2453 549 3159 619">
    <p class='ocr_par' dir='ltr' id='par_1_20' title="bbox 2453 549 3159 619">
     <span class='ocr_line' id='line_1_20' title="bbox 2453 549 3159 619; baseline 0.004 -18"><span class='ocrx_word' id='word_1_114' title='bbox 2453 549 2593 615; x_wconf 79' lang='lat' dir='ltr'><strong>Quia</strong></span> <span class='ocrx_word' id='word_1_115' title='bbox 2625 567 2715 619; x_wconf 70' lang='lat' dir='ltr'><strong>ego</strong></span> <span class='ocrx_word' id='word_1_116' title='bbox 2749 566 2862 601; x_wconf 79' lang='lat' dir='ltr'><strong>sum</strong></span> <span class='ocrx_word' id='word_1_117' title='bbox 2898 550 2951 601; x_wconf 75' lang='lat' dir='ltr'><strong>in</strong></span> <span class='ocrx_word' id='word_1_118' title='bbox 3002 552 3159 604; x_wconf 78' lang='lat' dir='ltr'><strong>mari.</strong></span> 
     </span>
    </p>
   </div>
   <div class='ocr_carea' id='block_1_21' title="bbox 2090 635 3588 718">
    <p class='ocr_par' dir='ltr' id='par_1_21' title="bbox 2090 635 3588 718">
     <span class='ocr_line' id='line_1_21' title="bbox 2090 635 3588 718; baseline 0.007 -28"><span class='ocrx_word' id='word_1_119' title='bbox 2090 635 2319 692; x_wconf 83' lang='lat' dir='ltr'><strong>Sobrius</strong></span> <span class='ocrx_word' id='word_1_120' title='bbox 2369 645 2508 699; x_wconf 80' lang='lat' dir='ltr'><strong>esto,</strong></span> <span class='ocrx_word' id='word_1_121' title='bbox 2571 639 2754 706; x_wconf 72' lang='lat' dir='ltr'><strong>vigila,</strong></span> <span class='ocrx_word' id='word_1_122' title='bbox 2812 639 3048 708; x_wconf 75' lang='lat' dir='ltr'><strong>snSpira,</strong></span> <span class='ocrx_word' id='word_1_123' title='bbox 3110 640 3455 712; x_wconf 87' lang='lat' dir='ltr'><strong>lacrymare:</strong></span> <span class='ocrx_word' id='word_1_124' title='bbox 3493 663 3588 718; x_wconf 86' lang='lat' dir='ltr'><strong>per</strong></span> 
     </span>
    </p>
   </div>
   <div class='ocr_carea' id='block_1_22' title="bbox 1968 726 3580 807">
    <p class='ocr_par' dir='ltr' id='par_1_22' title="bbox 1968 726 3580 807">
     <span class='ocr_line' id='line_1_22' title="bbox 1968 726 3580 807; baseline 0.003 -25"><span class='ocrx_word' id='word_1_125' title='bbox 1968 762 1971 765; x_wconf 55' lang='grc' dir='ltr'><strong>λ</strong></span> <span class='ocrx_word' id='word_1_126' title='bbox 2014 729 2286 799; x_wconf 75' lang='lat' dir='ltr'><strong>integrum</strong></span> <span class='ocrx_word' id='word_1_127' title='bbox 2318 726 2581 796; x_wconf 82' lang='lat' dir='ltr'><strong>jejunium</strong></span> <span class='ocrx_word' id='word_1_128' title='bbox 2621 731 2825 798; x_wconf 75' lang='lat' dir='ltr'><strong>precati</strong></span> <span class='ocrx_word' id='word_1_129' title='bbox 2867 745 3028 796; x_wconf 86' lang='lat' dir='ltr'><strong>onus,</strong></span> <span class='ocrx_word' id='word_1_130' title='bbox 3057 734 3261 796; x_wconf 81' lang='lat' dir='ltr'><strong>anima,</strong></span> <span class='ocrx_word' id='word_1_131' title='bbox 3326 736 3580 807; x_wconf 65' lang='lat' dir='ltr'><strong>(it-pune;</strong></span> 
     </span>
    </p>
   </div>
   <div class='ocr_carea' id='block_1_23' title="bbox 2014 817 3588 896">
    <p class='ocr_par' dir='ltr' id='par_1_23' title="bbox 2014 817 3588 896">
     <span class='ocr_line' id='line_1_23' title="bbox 2014 817 3588 896; baseline 0.006 -25"><span class='ocrx_word' id='word_1_132' title='bbox 2014 817 2242 871; x_wconf 73' lang='lat' dir='ltr'><strong>ferventi</strong></span> <span class='ocrx_word' id='word_1_133' title='bbox 2278 817 2595 887; x_wconf 63' lang='lat' dir='ltr'><strong>poenitentia</strong></span> <span class='ocrx_word' id='word_1_134' title='bbox 2627 819 2836 889; x_wconf 79' lang='lat' dir='ltr'><strong>expelle</strong></span> <span class='ocrx_word' id='word_1_135' title='bbox 2883 821 3059 889; x_wconf 82' lang='lat' dir='ltr'><strong>ignem</strong></span> <span class='ocrx_word' id='word_1_136' title='bbox 3093 841 3106 877; x_wconf 90' lang='lat'><strong>:</strong></span> <span class='ocrx_word' id='word_1_137' title='bbox 3143 833 3304 894; x_wconf 88' lang='lat' dir='ltr'><strong>atque</strong></span> <span class='ocrx_word' id='word_1_138' title='bbox 3336 838 3456 896; x_wconf 87' lang='lat' dir='ltr'><strong>pust</strong></span> <span class='ocrx_word' id='word_1_139' title='bbox 3490 834 3588 882; x_wconf 80' lang='lat' dir='ltr'><strong>tri-</strong></span> 
     </span>
    </p>
   </div>
   <div class='ocr_carea' id='block_1_24' title="bbox 2013 908 3586 986">
    <p class='ocr_par' dir='ltr' id='par_1_24' title="bbox 2013 908 3586 986">
     <span class='ocr_line' id='line_1_24' title="bbox 2013 908 3586 986; baseline 0.006 -23"><span class='ocrx_word' id='word_1_140' title='bbox 2013 909 2221 963; x_wconf 86' lang='lat' dir='ltr'><strong>stitiam</strong></span> <span class='ocrx_word' id='word_1_141' title='bbox 2252 908 2500 962; x_wconf 88' lang='lat' dir='ltr'><strong>dolorum</strong></span> <span class='ocrx_word' id='word_1_142' title='bbox 2534 909 2814 979; x_wconf 80' lang='lat' dir='ltr'><strong>lugubrem</strong></span> <span class='ocrx_word' id='word_1_143' title='bbox 2842 913 3086 966; x_wconf 91' lang='lat' dir='ltr'><strong>tunicam</strong></span> <span class='ocrx_word' id='word_1_144' title='bbox 3114 915 3444 986; x_wconf 77' lang='lat' dir='ltr'><strong>discerpent</strong></span> <span class='ocrx_word' id='word_1_145' title='bbox 3470 932 3586 974; x_wconf 85' lang='lat' dir='ltr'><strong>sto-</strong></span> 
     </span>
    </p>
   </div>
   <div class='ocr_carea' id='block_1_25' title="bbox 1923 999 2680 1068">
    <p class='ocr_par' dir='ltr' id='par_1_25' title="bbox 1923 999 2680 1068">
     <span class='ocr_line' id='line_1_25' title="bbox 1923 999 2680 1068; baseline 0.005 -17"><span class='ocrx_word' id='word_1_146' title='bbox 1923 1010 1943 1057; x_wconf 58' lang='lat' dir='ltr'><strong>p</strong></span> <span class='ocrx_word' id='word_1_147' title='bbox 2014 999 2120 1052; x_wconf 84' lang='lat' dir='ltr'><strong>iam</strong></span> <span class='ocrx_word' id='word_1_148' title='bbox 2154 999 2394 1052; x_wconf 76' lang='lat' dir='ltr'><strong>divinam</strong></span> <span class='ocrx_word' id='word_1_149' title='bbox 2422 999 2680 1068; x_wconf 87' lang='lat' dir='ltr'><strong>accipias.</strong></span> 
     </span>
    </p>
   </div>
   <div class='ocr_carea' id='block_1_26' title="bbox 2084 1090 3585 1155">
    <p class='ocr_par' dir='ltr' id='par_1_26' title="bbox 2084 1090 3585 1155">
     <span class='ocr_line' id='line_1_26' title="bbox 2084 1090 3585 1155; baseline 0.009 -12"><span class='ocrx_word' id='word_1_150' title='bbox 2084 1090 2360 1144; x_wconf 84' lang='lat' dir='ltr'><strong>Adeamus</strong></span> <span class='ocrx_word' id='word_1_151' title='bbox 2396 1090 2686 1145; x_wconf 75' lang='lat' dir='ltr'><strong>terminum</strong></span> <span class='ocrx_word' id='word_1_152' title='bbox 2716 1090 2980 1146; x_wconf 89' lang='lat' dir='ltr'><strong>bonarum</strong></span> <span class='ocrx_word' id='word_1_153' title='bbox 3031 1098 3307 1150; x_wconf 90' lang='lat' dir='ltr'><strong>actionum</strong></span> <span class='ocrx_word' id='word_1_154' title='bbox 3344 1115 3358 1154; x_wconf 90' lang='lat'><strong>:</strong></span> <span class='ocrx_word' id='word_1_155' title='bbox 3401 1102 3585 1155; x_wconf 88' lang='lat' dir='ltr'><strong>cuncti</strong></span> 
     </span>
    </p>
   </div>
   <div class='ocr_carea' id='block_1_27' title="bbox 2012 1181 3585 1262">
    <p class='ocr_par' dir='ltr' id='par_1_27' title="bbox 2012 1181 3585 1262">
     <span class='ocr_line' id='line_1_27' title="bbox 2012 1181 3585 1262; baseline 0.015 -38"><span class='ocrx_word' id='word_1_156' title='bbox 2012 1197 2112 1252; x_wconf 68' lang='lat' dir='ltr'><strong>per</strong></span> <span class='ocrx_word' id='word_1_157' title='bbox 2158 1181 2451 1252; x_wconf 60' lang='lat' dir='ltr'><strong>jejunium,</strong></span> <span class='ocrx_word' id='word_1_158' title='bbox 2513 1183 2758 1251; x_wconf 87' lang='lat' dir='ltr'><strong>abjectos</strong></span> <span class='ocrx_word' id='word_1_159' title='bbox 2818 1184 3191 1254; x_wconf 86' lang='lat' dir='ltr'><strong>relinquentes</strong></span> <span class='ocrx_word' id='word_1_160' title='bbox 3249 1192 3585 1262; x_wconf 80' lang='lat' dir='ltr'><strong>voluptatum</strong></span> 
     </span>
    </p>
   </div>
   <div class='ocr_carea' id='block_1_28' title="bbox 2016 1272 3585 1352">
    <p class='ocr_par' dir='ltr' id='par_1_28' title="bbox 2016 1272 3585 1352">
     <span class='ocr_line' id='line_1_28' title="bbox 2016 1272 3585 1352; baseline 0.007 -25"><span class='ocrx_word' id='word_1_161' title='bbox 2016 1275 2276 1343; x_wconf 80' lang='lat' dir='ltr'><strong>impetus,</strong></span> <span class='ocrx_word' id='word_1_162' title='bbox 2308 1281 2362 1328; x_wconf 88' lang='lat' dir='ltr'><strong>et</strong></span> <span class='ocrx_word' id='word_1_163' title='bbox 2395 1273 2449 1327; x_wconf 87' lang='lat' dir='ltr'><strong>in</strong></span> <span class='ocrx_word' id='word_1_164' title='bbox 2490 1272 2885 1330; x_wconf 84' lang='lat' dir='ltr'><strong>obscuritatem</strong></span> <span class='ocrx_word' id='word_1_165' title='bbox 2923 1284 3271 1346; x_wconf 88' lang='lat' dir='ltr'><strong>penetrantes</strong></span> <span class='ocrx_word' id='word_1_166' title='bbox 3324 1294 3585 1352; x_wconf 66' lang='lat' dir='ltr'><strong>augusta-</strong></span> 
     </span>
    </p>
   </div>
   <div class='ocr_carea' id='block_1_29' title="bbox 2014 1363 3588 1441">
    <p class='ocr_par' dir='ltr' id='par_1_29' title="bbox 2014 1363 3588 1441">
     <span class='ocr_line' id='line_1_29' title="bbox 2014 1363 3588 1441; baseline 0.006 -22"><span class='ocrx_word' id='word_1_167' title='bbox 2014 1381 2136 1420; x_wconf 89' lang='lat' dir='ltr'><strong>rum</strong></span> <span class='ocrx_word' id='word_1_168' title='bbox 2169 1367 2723 1437; x_wconf 86' lang='lat' dir='ltr'><strong>contemplationnm,</strong></span> <span class='ocrx_word' id='word_1_169' title='bbox 2778 1369 2952 1423; x_wconf 88' lang='lat' dir='ltr'><strong>solam</strong></span> <span class='ocrx_word' id='word_1_170' title='bbox 2985 1363 3393 1441; x_wconf 72' lang='lat' dir='ltr'><strong>conspicientes</strong></span> <span class='ocrx_word' id='word_1_171' title='bbox 3426 1376 3588 1429; x_wconf 72' lang='lat' dir='ltr'><strong>Cirri-</strong></span> 
     </span>
    </p>
   </div>
   <div class='ocr_carea' id='block_1_30' title="bbox 2015 1459 3588 1538">
    <p class='ocr_par' dir='ltr' id='par_1_30' title="bbox 2015 1459 3588 1538">
     <span class='ocr_line' id='line_1_30' title="bbox 2015 1459 3588 1538; baseline 0.004 -22"><span class='ocrx_word' id='word_1_172' title='bbox 2015 1459 2085 1516; x_wconf 83' lang='lat' dir='ltr'><strong>Sti</strong></span> <span class='ocrx_word' id='word_1_173' title='bbox 2139 1459 2429 1515; x_wconf 81' lang='lat' dir='ltr'><strong>amabilem</strong></span> <span class='ocrx_word' id='word_1_174' title='bbox 2488 1460 2993 1531; x_wconf 88' lang='lat' dir='ltr'><strong>pulchritudinem,</strong></span> <span class='ocrx_word' id='word_1_175' title='bbox 3056 1462 3302 1520; x_wconf 74' lang='lat' dir='ltr'><strong>volantes</strong></span> <span class='ocrx_word' id='word_1_176' title='bbox 3358 1467 3588 1538; x_wconf 84' lang='lat' dir='ltr'><strong>mystice</strong></span> 
     </span>
    </p>
   </div>
   <div class='ocr_carea' id='block_1_31' title="bbox 2017 1551 2765 1621">
    <p class='ocr_par' dir='ltr' id='par_1_31' title="bbox 2017 1551 2765 1621">
     <span class='ocr_line' id='line_1_31' title="bbox 2017 1551 2765 1621; baseline 0.001 -16"><span class='ocrx_word' id='word_1_177' title='bbox 2017 1567 2112 1621; x_wconf 88' lang='lat' dir='ltr'><strong>per</strong></span> <span class='ocrx_word' id='word_1_178' title='bbox 2140 1551 2354 1606; x_wconf 87' lang='lat' dir='ltr'><strong>divinas</strong></span> <span class='ocrx_word' id='word_1_179' title='bbox 2391 1552 2765 1608; x_wconf 85' lang='lat' dir='ltr'><strong>ascensiones.</strong></span> 
     </span>
    </p>
   </div>
   <div class='ocr_carea' id='block_1_32' title="bbox 2088 1637 3587 1710">
    <p class='ocr_par' dir='ltr' id='par_1_32' title="bbox 2088 1637 3587 1710">
     <span class='ocr_line' id='line_1_32' title="bbox 2088 1637 3587 1710; baseline 0.006 -19"><span class='ocrx_word' id='word_1_180' title='bbox 2088 1637 2205 1693; x_wconf 90' lang='lat' dir='ltr'><strong>lleu</strong></span> <span class='ocrx_word' id='word_1_181' title='bbox 2233 1638 2247 1691; x_wconf 90' lang='lat' dir='ltr'><strong>l</strong></span> <span class='ocrx_word' id='word_1_182' title='bbox 2307 1637 2433 1707; x_wconf 90' lang='lat' dir='ltr'><strong>quis</strong></span> <span class='ocrx_word' id='word_1_183' title='bbox 2461 1638 2573 1691; x_wconf 86' lang='lat' dir='ltr'><strong>lio?</strong></span> <span class='ocrx_word' id='word_1_184' title='bbox 2609 1639 2738 1707; x_wconf 90' lang='lat' dir='ltr'><strong>quid</strong></span> <span class='ocrx_word' id='word_1_185' title='bbox 2772 1639 3010 1693; x_wconf 87' lang='lat' dir='ltr'><strong>moliar?</strong></span> <span class='ocrx_word' id='word_1_186' title='bbox 3038 1650 3319 1710; x_wconf 87' lang='lat' dir='ltr'><strong>peceatum</strong></span> <span class='ocrx_word' id='word_1_187' title='bbox 3357 1644 3587 1701; x_wconf 76' lang='lat' dir='ltr'><strong>faciens.</strong></span> 
     </span>
    </p>
   </div>
   <div class='ocr_carea' id='block_1_33' title="bbox 324 1714 1914 1804">
    <p class='ocr_par' dir='ltr' id='par_1_33' title="bbox 324 1727 1914 1802">
     <span class='ocr_line' id='line_1_33' title="bbox 324 1727 1914 1802; baseline 0 -20"><span class='ocrx_word' id='word_1_188' title='bbox 324 1729 579 1800; x_wconf 82' lang='grc' dir='ltr'>πράττων</span> <span class='ocrx_word' id='word_1_189' title='bbox 641 1729 736 1782; x_wconf 72' lang='grc' dir='ltr'>καὶ</span> <span class='ocrx_word' id='word_1_190' title='bbox 777 1727 868 1781; x_wconf 86' lang='grc' dir='ltr'><strong>τὸν</strong></span> <span class='ocrx_word' id='word_1_191' title='bbox 912 1730 1190 1800; x_wconf 83' lang='grc' dir='ltr'>Δεσπότην</span> <span class='ocrx_word' id='word_1_192' title='bbox 1223 1731 1283 1784; x_wconf 83' lang='grc' dir='ltr'><strong>οῦ</strong></span> <span class='ocrx_word' id='word_1_193' title='bbox 1312 1731 1549 1802; x_wconf 77' lang='grc' dir='ltr'>φρίττων</span> <span class='ocrx_word' id='word_1_194' title='bbox 1576 1733 1604 1786; x_wconf 85' lang='grc' dir='ltr'>ὁ</span> <span class='ocrx_word' id='word_1_195' title='bbox 1633 1730 1914 1801; x_wconf 87' lang='grc' dir='ltr'>ἀσυνείδη-</span> 
     </span>
    </p>
   </div>
   <div class='ocr_carea' id='block_1_34' title="bbox 2037 1714 3589 1804">
    <p class='ocr_par' dir='ltr' id='par_1_34' title="bbox 2037 1727 3589 1804">
     <span class='ocr_line' id='line_1_34' title="bbox 2037 1727 3589 1804; baseline 0.005 -20"><span class='ocrx_word' id='word_1_196' title='bbox 2037 1737 2070 1784; x_wconf 68' lang='grc' dir='ltr'>τι</span> <span class='ocrx_word' id='word_1_197' title='bbox 2102 1727 2394 1783; x_wconf 87' lang='lat' dir='ltr'><strong>Dominum</strong></span> <span class='ocrx_word' id='word_1_198' title='bbox 2422 1743 2531 1783; x_wconf 91' lang='lat' dir='ltr'><strong>non</strong></span> <span class='ocrx_word' id='word_1_199' title='bbox 2559 1729 2780 1795; x_wconf 86' lang='lat' dir='ltr'><strong>timens,</strong></span> <span class='ocrx_word' id='word_1_200' title='bbox 2806 1746 2909 1799; x_wconf 76' lang='lat' dir='ltr'><strong>ego</strong></span> <span class='ocrx_word' id='word_1_201' title='bbox 2968 1733 3178 1787; x_wconf 87' lang='lat' dir='ltr'><strong>inscius</strong></span> <span class='ocrx_word' id='word_1_202' title='bbox 3210 1752 3224 1787; x_wconf 89' lang='lat'><strong>:</strong></span> <span class='ocrx_word' id='word_1_203' title='bbox 3255 1736 3375 1790; x_wconf 88' lang='lat' dir='ltr'><strong>ideo</strong></span> <span class='ocrx_word' id='word_1_204' title='bbox 3424 1736 3589 1804; x_wconf 83' lang='lat' dir='ltr'><strong>justi-</strong></span> 
     </span>
    </p>
   </div>
   <div class='ocr_carea' id='block_1_35' title="bbox 322 1820 1913 1894">
    <p class='ocr_par' dir='ltr' id='par_1_35' title="bbox 322 1820 1913 1894">
     <span class='ocr_line' id='line_1_35' title="bbox 322 1820 1913 1894; baseline 0.001 -21"><span class='ocrx_word' id='word_1_205' title='bbox 322 1839 412 1884; x_wconf 85' lang='grc' dir='ltr'><strong>τος</strong></span> <span class='ocrx_word' id='word_1_206' title='bbox 436 1839 451 1888; x_wconf 86' lang='grc'><strong>;</strong></span> <span class='ocrx_word' id='word_1_207' title='bbox 472 1820 562 1873; x_wconf 78' lang='grc' dir='ltr'>διὰ</span> <span class='ocrx_word' id='word_1_208' title='bbox 582 1820 741 1874; x_wconf 88' lang='grc' dir='ltr'>τοῦτο</span> <span class='ocrx_word' id='word_1_209' title='bbox 767 1820 873 1891; x_wconf 85' lang='grc' dir='ltr'><strong>πρὸ</strong></span> <span class='ocrx_word' id='word_1_210' title='bbox 897 1820 1054 1892; x_wconf 86' lang='grc' dir='ltr'>δίκης</span> <span class='ocrx_word' id='word_1_211' title='bbox 1079 1821 1373 1886; x_wconf 87' lang='grc' dir='ltr'>κατάδικός</span> <span class='ocrx_word' id='word_1_212' title='bbox 1396 1823 1536 1894; x_wconf 86' lang='grc' dir='ltr'>είμι,</span> <span class='ocrx_word' id='word_1_213' title='bbox 1571 1822 1913 1892; x_wconf 82' lang='grc' dir='ltr'>δικαιοκρίτα</span> 
     </span>
    </p>
   </div>
   <div class='ocr_carea' id='block_1_36' title="bbox 324 1912 1912 1990">
    <p class='ocr_par' dir='ltr' id='par_1_36' title="bbox 324 1912 1912 1990">
     <span class='ocr_line' id='line_1_36' title="bbox 324 1912 1912 1990; baseline 0.001 -22"><span class='ocrx_word' id='word_1_214' title='bbox 324 1913 502 1982; x_wconf 85' lang='grc' dir='ltr'>ἀγαθέ</span> <span class='ocrx_word' id='word_1_215' title='bbox 521 1930 536 1944; x_wconf 90' lang='grc'><strong>·</strong></span> <span class='ocrx_word' id='word_1_216' title='bbox 564 1912 903 1985; x_wconf 74' lang='grc' dir='ltr'>ἐπιστρέψας</span> <span class='ocrx_word' id='word_1_217' title='bbox 936 1931 1003 1985; x_wconf 87' lang='grc' dir='ltr'><strong>με</strong></span> <span class='ocrx_word' id='word_1_218' title='bbox 1036 1914 1232 1980; x_wconf 87' lang='grc' dir='ltr'>σῶσον,</span> <span class='ocrx_word' id='word_1_219' title='bbox 1261 1915 1353 1970; x_wconf 88' lang='grc' dir='ltr'><strong>τὸν</strong></span> <span class='ocrx_word' id='word_1_220' title='bbox 1385 1916 1525 1987; x_wconf 76' lang='grc' dir='ltr'>ὑπὲρ</span> <span class='ocrx_word' id='word_1_221' title='bbox 1554 1916 1761 1981; x_wconf 82' lang='grc' dir='ltr'>πάντας</span> <span class='ocrx_word' id='word_1_222' title='bbox 1786 1916 1912 1990; x_wconf 83' lang='grc' dir='ltr'>βρο-</span> 
     </span>
    </p>
   </div>
   <div class='ocr_carea' id='block_1_37' title="bbox 325 2004 1112 2075">
    <p class='ocr_par' dir='ltr' id='par_1_37' title="bbox 325 2004 1112 2075">
     <span class='ocr_line' id='line_1_37' title="bbox 325 2004 1112 2075; baseline 0 -16"><span class='ocrx_word' id='word_1_223' title='bbox 325 2004 451 2070; x_wconf 87' lang='grc' dir='ltr'>τούς</span> <span class='ocrx_word' id='word_1_224' title='bbox 492 2023 552 2058; x_wconf 89' lang='grc' dir='ltr'><strong>σε</strong></span> <span class='ocrx_word' id='word_1_225' title='bbox 594 2007 1112 2075; x_wconf 67' lang='grc' dir='ltr'>παραπικρέωαντα.</span> 
     </span>
    </p>
   </div>
   <div class='ocr_carea' id='block_1_38' title="bbox 404 2096 1912 2169">
    <p class='ocr_par' dir='ltr' id='par_1_38' title="bbox 404 2096 1912 2169">
     <span class='ocr_line' id='line_1_38' title="bbox 404 2096 1912 2169; baseline 0.001 -18"><span class='ocrx_word' id='word_1_226' title='bbox 404 2096 473 2151; x_wconf 82' lang='grc' dir='ltr'><strong>Ἦ</strong></span> <span class='ocrx_word' id='word_1_227' title='bbox 505 2096 862 2169; x_wconf 78' lang='grc' dir='ltr'>ἀγεώργητος</span> <span class='ocrx_word' id='word_1_228' title='bbox 895 2096 990 2166; x_wconf 83' lang='grc' dir='ltr'>γῆ,</span> <span class='ocrx_word' id='word_1_229' title='bbox 1019 2098 1053 2167; x_wconf 78' lang='grc' dir='ltr'><strong>ἡ</strong></span> <span class='ocrx_word' id='word_1_230' title='bbox 1082 2096 1433 2169; x_wconf 85' lang='grc' dir='ltr'>βλαστήσασα</span> <span class='ocrx_word' id='word_1_231' title='bbox 1462 2097 1554 2151; x_wconf 88' lang='grc' dir='ltr'><strong>τὸν</strong></span> <span class='ocrx_word' id='word_1_232' title='bbox 1586 2097 1681 2151; x_wconf 89' lang='grc' dir='ltr'><strong>τοῦ</strong></span> <span class='ocrx_word' id='word_1_233' title='bbox 1715 2100 1912 2163; x_wconf 83' lang='grc' dir='ltr'>παντὸς</span> 
     </span>
    </p>
   </div>
   <div class='ocr_carea' id='block_1_39' title="bbox 325 2186 1910 2259">
    <p class='ocr_par' dir='ltr' id='par_1_39' title="bbox 325 2186 1910 2259">
     <span class='ocr_line' id='line_1_39' title="bbox 325 2186 1910 2259; baseline 0.001 -20"><span class='ocrx_word' id='word_1_234' title='bbox 325 2187 552 2259; x_wconf 78' lang='grc' dir='ltr'>τροφέα,</span> <span class='ocrx_word' id='word_1_235' title='bbox 579 2186 668 2239; x_wconf 85' lang='grc' dir='ltr'><strong>τὸν</strong></span> <span class='ocrx_word' id='word_1_236' title='bbox 719 2187 1079 2253; x_wconf 78' lang='grc' dir='ltr'>ὑπανοίγοντα</span> <span class='ocrx_word' id='word_1_237' title='bbox 1120 2189 1300 2257; x_wconf 87' lang='grc' dir='ltr'>χεῖρα,</span> <span class='ocrx_word' id='word_1_238' title='bbox 1334 2187 1429 2241; x_wconf 72' lang='grc' dir='ltr'>καὶ</span> <span class='ocrx_word' id='word_1_239' title='bbox 1483 2186 1701 2259; x_wconf 70' lang='grc' dir='ltr'>εὐδοκία</span> <span class='ocrx_word' id='word_1_240' title='bbox 1747 2187 1910 2241; x_wconf 79' lang='grc' dir='ltr'>αὑτοῦ</span> 
     </span>
    </p>
   </div>
   <div class='ocr_carea' id='block_1_40' title="bbox 330 2278 1913 2353">
    <p class='ocr_par' dir='ltr' id='par_1_40' title="bbox 330 2278 1913 2353">
     <span class='ocr_line' id='line_1_40' title="bbox 330 2278 1913 2353; baseline 0 -20"><span class='ocrx_word' id='word_1_241' title='bbox 330 2279 687 2349; x_wconf 83' lang='grc' dir='ltr'>ὲμπιπλῶντα</span> <span class='ocrx_word' id='word_1_242' title='bbox 727 2281 837 2334; x_wconf 77' lang='grc' dir='ltr'><strong>πᾶν</strong></span> <span class='ocrx_word' id='word_1_243' title='bbox 884 2278 1023 2343; x_wconf 79' lang='grc' dir='ltr'>ζῶον</span> <span class='ocrx_word' id='word_1_244' title='bbox 1060 2279 1208 2350; x_wconf 80' lang='grc' dir='ltr'>ἰσχύϊ</span> <span class='ocrx_word' id='word_1_245' title='bbox 1242 2279 1419 2352; x_wconf 73' lang='grc' dir='ltr'>θεῖκῇ,</span> <span class='ocrx_word' id='word_1_246' title='bbox 1458 2282 1711 2352; x_wconf 85' lang='grc' dir='ltr'>στήριξον</span> <span class='ocrx_word' id='word_1_247' title='bbox 1762 2281 1913 2353; x_wconf 78' lang='grc' dir='ltr'>ἄρτῳ</span> 
     </span>
    </p>
   </div>
   <div class='ocr_carea' id='block_1_41' title="bbox 332 2370 1912 2443">
    <p class='ocr_par' dir='ltr' id='par_1_41' title="bbox 332 2370 1912 2443">
     <span class='ocr_line' id='line_1_41' title="bbox 332 2370 1912 2443; baseline -0.001 -19"><span class='ocrx_word' id='word_1_248' title='bbox 332 2370 545 2442; x_wconf 81' lang='grc' dir='ltr'>ζωτικῷ</span> <span class='ocrx_word' id='word_1_249' title='bbox 571 2372 910 2443; x_wconf 81' lang='grc' dir='ltr'>παρειμένας</span> <span class='ocrx_word' id='word_1_250' title='bbox 936 2370 1162 2441; x_wconf 81' lang='grc' dir='ltr'>καρδίας</span> <span class='ocrx_word' id='word_1_251' title='bbox 1193 2370 1271 2442; x_wconf 77' lang='grc' dir='ltr'>τῷ</span> <span class='ocrx_word' id='word_1_252' title='bbox 1303 2372 1449 2442; x_wconf 83' lang='grc' dir='ltr'>κόρῳ</span> <span class='ocrx_word' id='word_1_253' title='bbox 1487 2371 1596 2424; x_wconf 90' lang='grc' dir='ltr'><strong>τῶν</strong></span> <span class='ocrx_word' id='word_1_254' title='bbox 1638 2370 1912 2442; x_wconf 82' lang='grc' dir='ltr'>δυσχερῶν</span> 
     </span>
    </p>
   </div>
   <div class='ocr_carea' id='block_1_42' title="bbox 329 2460 958 2533">
    <p class='ocr_par' dir='ltr' id='par_1_42' title="bbox 329 2460 958 2533">
     <span class='ocr_line' id='line_1_42' title="bbox 329 2460 958 2533; baseline -0.003 -18"><span class='ocrx_word' id='word_1_255' title='bbox 329 2464 364 2531; x_wconf 80' lang='grc' dir='ltr'><strong>ἠ</strong></span> <span class='ocrx_word' id='word_1_256' title='bbox 371 2461 485 2532; x_wconf 87' lang='grc' dir='ltr'><strong>μῶν</strong></span> <span class='ocrx_word' id='word_1_257' title='bbox 522 2460 958 2533; x_wconf 84' lang='grc' dir='ltr'>παραπτώσεων.</span> 
     </span>
    </p>
   </div>
   <div class='ocr_carea' id='block_1_43' title="bbox 710 2538 1521 2620">
    <p class='ocr_par' dir='ltr' id='par_1_43' title="bbox 710 2538 1521 2620">
     <span class='ocr_line' id='line_1_43' title="bbox 710 2538 1521 2620; baseline 0.001 -16"><span class='ocrx_word' id='word_1_258' title='bbox 710 2552 822 2605; x_wconf 76' lang='grc' dir='ltr'>Τὸν</span> <span class='ocrx_word' id='word_1_259' title='bbox 858 2551 928 2605; x_wconf 82' lang='grc' dir='ltr'><strong>ἐν</strong></span> <span class='ocrx_word' id='word_1_260' title='bbox 965 2551 1039 2620; x_wconf 76' lang='grc' dir='ltr'>τῇ</span> <span class='ocrx_word' id='word_1_261' title='bbox 1073 2552 1240 2617; x_wconf 79' lang='grc' dir='ltr'>βάτῳ</span> <span class='ocrx_word' id='word_1_262' title='bbox 1278 2538 1521 2619; x_wconf 54' lang='lat' dir='ltr'><strong>Meiter}.</strong></span> 
     </span>
    </p>
   </div>
   <div class='ocr_carea' id='block_1_44' title="bbox 403 2641 1915 2715">
    <p class='ocr_par' dir='ltr' id='par_1_44' title="bbox 403 2641 1915 2715">
     <span class='ocr_line' id='line_1_44' title="bbox 403 2641 1915 2715; baseline 0.001 -21"><span class='ocrx_word' id='word_1_263' title='bbox 403 2641 608 2695; x_wconf 79' lang='grc' dir='ltr'>’Υπνον</span> <span class='ocrx_word' id='word_1_264' title='bbox 639 2642 869 2707; x_wconf 74' lang='grc' dir='ltr'>ἀπόθου,</span> <span class='ocrx_word' id='word_1_265' title='bbox 916 2641 1086 2712; x_wconf 77' lang='grc' dir='ltr'>ψυχὴ,</span> <span class='ocrx_word' id='word_1_266' title='bbox 1134 2643 1234 2712; x_wconf 79' lang='grc' dir='ltr'>τῆς</span> <span class='ocrx_word' id='word_1_267' title='bbox 1289 2641 1466 2710; x_wconf 76' lang='grc' dir='ltr'>δεινῆς</span> <span class='ocrx_word' id='word_1_268' title='bbox 1500 2642 1792 2715; x_wconf 76' lang='grc' dir='ltr'>ῥᾳθυμίας,</span> <span class='ocrx_word' id='word_1_269' title='bbox 1821 2642 1915 2695; x_wconf 70' lang='grc' dir='ltr'>καὶ</span> 
     </span>
    </p>
   </div>
   <div class='ocr_carea' id='block_1_45' title="bbox 332 2731 1918 2804">
    <p class='ocr_par' dir='ltr' id='par_1_45' title="bbox 332 2731 1918 2804">
     <span class='ocr_line' id='line_1_45' title="bbox 332 2731 1918 2804; baseline 0.001 -20"><span class='ocrx_word' id='word_1_270' title='bbox 332 2731 633 2803; x_wconf 85' lang='grc' dir='ltr'>προθύμως</span> <span class='ocrx_word' id='word_1_271' title='bbox 675 2732 946 2803; x_wconf 73' lang='grc' dir='ltr'>γρηγορει</span> <span class='ocrx_word' id='word_1_272' title='bbox 979 2734 1115 2804; x_wconf 84' lang='grc' dir='ltr'>πρὸς</span> <span class='ocrx_word' id='word_1_273' title='bbox 1146 2733 1245 2796; x_wconf 83' lang='grc' dir='ltr'>τὰς</span> <span class='ocrx_word' id='word_1_274' title='bbox 1274 2732 1427 2795; x_wconf 86' lang='grc' dir='ltr'>θείας</span> <span class='ocrx_word' id='word_1_275' title='bbox 1468 2734 1717 2797; x_wconf 81' lang='grc' dir='ltr'>ἐντολάς·</span> <span class='ocrx_word' id='word_1_276' title='bbox 1767 2734 1918 2803; x_wconf 73' lang='grc' dir='ltr'>ἐγγί-</span> 
     </span>
    </p>
   </div>
   <div class='ocr_carea' id='block_1_46' title="bbox 333 2817 1917 2895">
    <p class='ocr_par' dir='ltr' id='par_1_46' title="bbox 333 2817 1917 2895">
     <span class='ocr_line' id='line_1_46' title="bbox 333 2817 1917 2895; baseline -0.001 -18"><span class='ocrx_word' id='word_1_277' title='bbox 333 2823 415 2888; x_wconf 85' lang='grc' dir='ltr'><strong>ζει</strong></span> <span class='ocrx_word' id='word_1_278' title='bbox 456 2817 744 2895; x_wconf 78' lang='grc' dir='ltr'>ὁνυμφίος</span> <span class='ocrx_word' id='word_1_279' title='bbox 767 2839 780 2852; x_wconf 92' lang='grc'><strong>·</strong></span> <span class='ocrx_word' id='word_1_280' title='bbox 814 2822 1240 2895; x_wconf 75' lang='grc' dir='ltr'>λαμπαδηφόρος</span> <span class='ocrx_word' id='word_1_281' title='bbox 1270 2822 1507 2876; x_wconf 82' lang='grc' dir='ltr'>σπεῦσον</span> <span class='ocrx_word' id='word_1_282' title='bbox 1554 2823 1705 2895; x_wconf 80' lang='grc' dir='ltr'><strong>αὐτῷ</strong></span> <span class='ocrx_word' id='word_1_283' title='bbox 1747 2841 1917 2895; x_wconf 68' lang='grc' dir='ltr'>προσο-</span> 
     </span>
    </p>
   </div>
   <div class='ocr_carea' id='block_1_47' title="bbox 333 2918 656 2985">
    <p class='ocr_par' dir='ltr' id='par_1_47' title="bbox 333 2918 656 2985">
     <span class='ocr_line' id='line_1_47' title="bbox 333 2918 656 2985; baseline 0.006 -16"><span class='ocrx_word' id='word_1_284' title='bbox 333 2918 656 2985; x_wconf 85' lang='grc' dir='ltr'>υπαντῆσαι.</span> 
     </span>
    </p>
   </div>
   <div class='ocr_carea' id='block_1_48' title="bbox 400 3005 1989 3107">
    <p class='ocr_par' dir='ltr' id='par_1_48' title="bbox 400 3005 1989 3107">
     <span class='ocr_line' id='line_1_48' title="bbox 400 3005 1989 3107; baseline 0.003 -47"><span class='ocrx_word' id='word_1_285' title='bbox 400 3007 889 3079; x_wconf 86' lang='grc' dir='ltr'>Τραυματισθέντα</span> <span class='ocrx_word' id='word_1_286' title='bbox 942 3007 1131 3073; x_wconf 83' lang='grc' dir='ltr'>δεινῶς</span> <span class='ocrx_word' id='word_1_287' title='bbox 1184 3006 1376 3078; x_wconf 79' lang='grc' dir='ltr'>ἡδονῆς</span> <span class='ocrx_word' id='word_1_288' title='bbox 1425 3009 1493 3077; x_wconf 85' lang='grc' dir='ltr'><strong>τῇ</strong></span> <span class='ocrx_word' id='word_1_289' title='bbox 1548 3005 1814 3076; x_wconf 68' lang='grc' dir='ltr'>ῥομφαίᾳ,</span> <span class='ocrx_word' id='word_1_290' title='bbox 1850 3008 1914 3076; x_wconf 82' lang='grc' dir='ltr'>τῇ</span> <span class='ocrx_word' id='word_1_291' title='bbox 1946 3049 1989 3107; x_wconf 75' lang='lat' dir='ltr'><strong>c</strong></span> 
     </span>
    </p>
   </div>
   <div class='ocr_carea' id='block_1_49' title="bbox 335 3096 1918 3171">
    <p class='ocr_par' dir='ltr' id='par_1_49' title="bbox 335 3096 1918 3171">
     <span class='ocr_line' id='line_1_49' title="bbox 335 3096 1918 3171; baseline 0.002 -21"><span class='ocrx_word' id='word_1_292' title='bbox 335 3096 606 3167; x_wconf 83' lang='grc' dir='ltr'>μωτώσει,</span> <span class='ocrx_word' id='word_1_293' title='bbox 634 3096 935 3168; x_wconf 84' lang='grc' dir='ltr'>οἰκτίρμον,</span> <span class='ocrx_word' id='word_1_294' title='bbox 966 3097 1065 3167; x_wconf 80' lang='grc' dir='ltr'>τῆς</span> <span class='ocrx_word' id='word_1_295' title='bbox 1098 3099 1471 3168; x_wconf 82' lang='grc' dir='ltr'>εὐσπλάγχνου</span> <span class='ocrx_word' id='word_1_296' title='bbox 1505 3100 1679 3171; x_wconf 74' lang='grc' dir='ltr'>ῥοπῆς</span> <span class='ocrx_word' id='word_1_297' title='bbox 1719 3116 1813 3154; x_wconf 89' lang='grc' dir='ltr'><strong>σου</strong></span> <span class='ocrx_word' id='word_1_298' title='bbox 1838 3100 1918 3153; x_wconf 73' lang='lat' dir='ltr'><strong>idt-</strong></span> 
     </span>
    </p>
   </div>
   <div class='ocr_carea' id='block_1_50' title="bbox 330 3188 1919 3260">
    <p class='ocr_par' dir='ltr' id='par_1_50' title="bbox 330 3188 1919 3260">
     <span class='ocr_line' id='line_1_50' title="bbox 330 3188 1919 3260; baseline 0.001 -20"><span class='ocrx_word' id='word_1_299' title='bbox 330 3188 561 3255; x_wconf 79' lang='grc' dir='ltr'>τρευσόν</span> <span class='ocrx_word' id='word_1_300' title='bbox 608 3205 699 3258; x_wconf 89' lang='grc' dir='ltr'><strong>με,</strong></span> <span class='ocrx_word' id='word_1_301' title='bbox 749 3189 913 3256; x_wconf 79' lang='grc' dir='ltr'>Λόγε,</span> <span class='ocrx_word' id='word_1_302' title='bbox 947 3188 1093 3252; x_wconf 84' lang='grc' dir='ltr'>ὅπως</span> <span class='ocrx_word' id='word_1_303' title='bbox 1140 3205 1200 3241; x_wconf 90' lang='grc' dir='ltr'><strong>σε</strong></span> <span class='ocrx_word' id='word_1_304' title='bbox 1242 3190 1582 3260; x_wconf 77' lang='grc' dir='ltr'>εὐχαρίστως</span> <span class='ocrx_word' id='word_1_305' title='bbox 1615 3188 1820 3253; x_wconf 76' lang='grc' dir='ltr'>δοξάζω</span> <span class='ocrx_word' id='word_1_306' title='bbox 1840 3190 1919 3253; x_wconf 89' lang='grc' dir='ltr'><strong>είς</strong></span> 
     </span>
    </p>
   </div>
   <div class='ocr_carea' id='block_1_51' title="bbox 331 3278 554 3342">
    <p class='ocr_par' dir='ltr' id='par_1_51' title="bbox 331 3278 554 3342">
     <span class='ocr_line' id='line_1_51' title="bbox 331 3278 554 3342; baseline -0.004 -10"><span class='ocrx_word' id='word_1_307' title='bbox 331 3278 554 3342; x_wconf 82' lang='grc' dir='ltr'>αἰῶνας.</span> 
     </span>
    </p>
   </div>
   <div class='ocr_carea' id='block_1_52' title="bbox 401 3368 1917 3443">
    <p class='ocr_par' dir='ltr' id='par_1_52' title="bbox 401 3368 1917 3443">
     <span class='ocr_line' id='line_1_52' title="bbox 401 3368 1917 3443; baseline 0.001 -20"><span class='ocrx_word' id='word_1_308' title='bbox 401 3369 533 3423; x_wconf 87' lang='grc' dir='ltr'>’Λπὸ</span> <span class='ocrx_word' id='word_1_309' title='bbox 557 3370 743 3424; x_wconf 87' lang='grc' dir='ltr'>παθῶν</span> <span class='ocrx_word' id='word_1_310' title='bbox 775 3368 1073 3442; x_wconf 76' lang='grc' dir='ltr'>βλαϐερῶν,</span> <span class='ocrx_word' id='word_1_311' title='bbox 1105 3372 1215 3426; x_wconf 86' lang='grc' dir='ltr'><strong>ἀπὸ</strong></span> <span class='ocrx_word' id='word_1_312' title='bbox 1244 3372 1439 3440; x_wconf 76' lang='grc' dir='ltr'>φθόνου</span> <span class='ocrx_word' id='word_1_313' title='bbox 1475 3373 1567 3426; x_wconf 67' lang='grc' dir='ltr'>καὶ</span> <span class='ocrx_word' id='word_1_314' title='bbox 1598 3372 1787 3443; x_wconf 79' lang='grc' dir='ltr'>ζήλου,</span> <span class='ocrx_word' id='word_1_315' title='bbox 1810 3372 1917 3426; x_wconf 89' lang='grc' dir='ltr'><strong>ἀπὸ</strong></span> 
     </span>
    </p>
   </div>
   <div class='ocr_carea' id='block_1_53' title="bbox 332 3461 1911 3534">
    <p class='ocr_par' dir='ltr' id='par_1_53' title="bbox 332 3461 1911 3534">
     <span class='ocr_line' id='line_1_53' title="bbox 332 3461 1911 3534; baseline 0.001 -20"><span class='ocrx_word' id='word_1_316' title='bbox 332 3462 510 3533; x_wconf 84' lang='grc' dir='ltr'>πάσης</span> <span class='ocrx_word' id='word_1_317' title='bbox 538 3461 734 3525; x_wconf 83' lang='grc' dir='ltr'>κακίας</span> <span class='ocrx_word' id='word_1_318' title='bbox 764 3462 1183 3533; x_wconf 72' lang='grc' dir='ltr'>ὲγκρατεῦθητι,</span> <span class='ocrx_word' id='word_1_319' title='bbox 1201 3463 1369 3534; x_wconf 74' lang='grc' dir='ltr'>ψυχὴ,</span> <span class='ocrx_word' id='word_1_320' title='bbox 1393 3464 1583 3526; x_wconf 82' lang='grc' dir='ltr'>σιτίοις</span> <span class='ocrx_word' id='word_1_321' title='bbox 1601 3462 1911 3533; x_wconf 76' lang='grc' dir='ltr'>τρεφομένη</span> 
     </span>
    </p>
   </div>
   <div class='ocr_carea' id='block_1_54' title="bbox 330 3550 1719 3623">
    <p class='ocr_par' dir='ltr' id='par_1_54' title="bbox 330 3550 1719 3623">
     <span class='ocr_line' id='line_1_54' title="bbox 330 3550 1719 3623; baseline 0.001 -18"><span class='ocrx_word' id='word_1_322' title='bbox 330 3554 446 3616; x_wconf 85' lang='grc' dir='ltr'>τοῖς</span> <span class='ocrx_word' id='word_1_323' title='bbox 483 3552 583 3622; x_wconf 80' lang='grc' dir='ltr'>τὴν</span> <span class='ocrx_word' id='word_1_324' title='bbox 617 3551 833 3623; x_wconf 80' lang='grc' dir='ltr'>τρυφὴν</span> <span class='ocrx_word' id='word_1_325' title='bbox 869 3551 970 3622; x_wconf 77' lang='grc' dir='ltr'><strong>την</strong></span> <span class='ocrx_word' id='word_1_326' title='bbox 1009 3550 1122 3604; x_wconf 82' lang='grc' dir='ltr'><strong>ἀνω</strong></span> <span class='ocrx_word' id='word_1_327' title='bbox 1156 3552 1338 3614; x_wconf 75' lang='grc' dir='ltr'>ἀΰλως</span> <span class='ocrx_word' id='word_1_328' title='bbox 1378 3551 1719 3622; x_wconf 79' lang='grc' dir='ltr'>προξενοῦσι.</span> 
     </span>
    </p>
   </div>
   <div class='ocr_carea' id='block_1_55' title="bbox 398 3719 1917 3794">
    <p class='ocr_par' dir='ltr' id='par_1_55' title="bbox 398 3719 1917 3794">
     <span class='ocr_line' id='line_1_55' title="bbox 398 3719 1917 3794; baseline -0.003 -16"><span class='ocrx_word' id='word_1_329' title='bbox 398 3722 770 3794; x_wconf 85' lang='grc' dir='ltr'>Θεογεννῆτορ</span> <span class='ocrx_word' id='word_1_330' title='bbox 801 3720 975 3789; x_wconf 79' lang='grc' dir='ltr'>ἁγνὴ,</span> <span class='ocrx_word' id='word_1_331' title='bbox 1002 3719 1099 3790; x_wconf 77' lang='grc' dir='ltr'>τῆς</span> <span class='ocrx_word' id='word_1_332' title='bbox 1131 3719 1307 3791; x_wconf 76' lang='grc' dir='ltr'>ψυχῆς</span> <span class='ocrx_word' id='word_1_333' title='bbox 1359 3738 1458 3790; x_wconf 89' lang='grc' dir='ltr'><strong>μου</strong></span> <span class='ocrx_word' id='word_1_334' title='bbox 1504 3721 1572 3774; x_wconf 80' lang='grc' dir='ltr'><strong>τὰ</strong></span> <span class='ocrx_word' id='word_1_335' title='bbox 1615 3721 1770 3788; x_wconf 75' lang='grc' dir='ltr'>ἕλκη,</span> <span class='ocrx_word' id='word_1_336' title='bbox 1820 3720 1917 3774; x_wconf 76' lang='grc' dir='ltr'><strong>καὶ</strong></span> 
     </span>
    </p>
   </div>
   <div class='ocr_carea' id='block_1_56' title="bbox 331 3812 1917 3888">
    <p class='ocr_par' dir='ltr' id='par_1_56' title="bbox 331 3812 1917 3888">
     <span class='ocr_line' id='line_1_56' title="bbox 331 3812 1917 3888; baseline -0.003 -19"><span class='ocrx_word' id='word_1_337' title='bbox 331 3816 558 3888; x_wconf 85' lang='grc' dir='ltr'>καρδίας</span> <span class='ocrx_word' id='word_1_338' title='bbox 609 3817 680 3869; x_wconf 87' lang='grc' dir='ltr'><strong>τά</strong></span> <span class='ocrx_word' id='word_1_339' title='bbox 728 3812 901 3883; x_wconf 79' lang='grc' dir='ltr'>πάθη,</span> <span class='ocrx_word' id='word_1_340' title='bbox 929 3814 1025 3868; x_wconf 73' lang='grc' dir='ltr'>καὶ</span> <span class='ocrx_word' id='word_1_341' title='bbox 1058 3812 1177 3876; x_wconf 79' lang='grc' dir='ltr'>νοὸς</span> <span class='ocrx_word' id='word_1_342' title='bbox 1209 3814 1307 3875; x_wconf 82' lang='grc' dir='ltr'><strong>τὰς</strong></span> <span class='ocrx_word' id='word_1_343' title='bbox 1334 3813 1607 3884; x_wconf 74' lang='grc' dir='ltr'>ἐκτροπὰς</span> <span class='ocrx_word' id='word_1_344' title='bbox 1642 3812 1917 3883; x_wconf 79' lang='grc' dir='ltr'>θεράπευ-</span> 
     </span>
    </p>
   </div>
   <div class='ocr_carea' id='block_1_57' title="bbox 332 3903 1915 3978">
    <p class='ocr_par' dir='ltr' id='par_1_57' title="bbox 332 3903 1915 3978">
     <span class='ocr_line' id='line_1_57' title="bbox 332 3903 1915 3978; baseline -0.003 -17"><span class='ocrx_word' id='word_1_345' title='bbox 332 3924 446 3971; x_wconf 86' lang='grc' dir='ltr'>σον,</span> <span class='ocrx_word' id='word_1_346' title='bbox 475 3907 551 3971; x_wconf 86' lang='grc' dir='ltr'>ὼς</span> <span class='ocrx_word' id='word_1_347' title='bbox 599 3908 737 3978; x_wconf 84' lang='grc' dir='ltr'>μόνη</span> <span class='ocrx_word' id='word_1_348' title='bbox 787 3904 1130 3977; x_wconf 79' lang='grc' dir='ltr'>ἁμαρτωλῶν</span> <span class='ocrx_word' id='word_1_349' title='bbox 1162 3904 1375 3976; x_wconf 84' lang='grc' dir='ltr'>βοηθὸς,</span> <span class='ocrx_word' id='word_1_350' title='bbox 1406 3905 1498 3957; x_wconf 76' lang='grc' dir='ltr'>καὶ</span> <span class='ocrx_word' id='word_1_351' title='bbox 1529 3903 1915 3974; x_wconf 84' lang='grc' dir='ltr'>πορθουμένων</span> 
     </span>
    </p>
   </div>
   <div class='ocr_carea' id='block_1_58' title="bbox 330 4001 530 4068">
    <p class='ocr_par' dir='ltr' id='par_1_58' title="bbox 330 4001 530 4068">
     <span class='ocr_line' id='line_1_58' title="bbox 330 4001 530 4068; baseline 0.01 -17"><span class='ocrx_word' id='word_1_352' title='bbox 330 4001 530 4068; x_wconf 87' lang='grc' dir='ltr'>τεῖχος.</span> 
     </span>
    </p>
   </div>
   <div class='ocr_carea' id='block_1_59' title="bbox 567 4085 1879 4156">
    <p class='ocr_par' dir='ltr' id='par_1_59' title="bbox 567 4085 1879 4156">
     <span class='ocr_line' id='line_1_59' title="bbox 567 4085 1879 4156; baseline -0.002 -14"><span class='ocrx_word' id='word_1_353' title='bbox 567 4085 690 4142; x_wconf 79' lang='grc' dir='ltr'><strong>Τῶν</strong></span> <span class='ocrx_word' id='word_1_354' title='bbox 723 4085 993 4156; x_wconf 71' lang='grc' dir='ltr'>γηγενῶν</span> <span class='ocrx_word' id='word_1_355' title='bbox 1030 4087 1121 4152; x_wconf 75' lang='grc' dir='ltr'><strong>τίς</strong></span> <span class='ocrx_word' id='word_1_356' title='bbox 1156 4085 1387 4155; x_wconf 69' lang='grc' dir='ltr'>ἢκουσε</span> <span class='ocrx_word' id='word_1_357' title='bbox 1423 4087 1700 4150; x_wconf 71' lang='grc' dir='ltr'>τοιοῦτος</span> <span class='ocrx_word' id='word_1_358' title='bbox 1872 4136 1879 4140; x_wconf 91' lang='grc'>.</span> 
     </span>
    </p>
   </div>
   <div class='ocr_carea' id='block_1_60' title="bbox 400 4177 1914 4250">
    <p class='ocr_par' dir='ltr' id='par_1_60' title="bbox 400 4177 1914 4250">
     <span class='ocr_line' id='line_1_60' title="bbox 400 4177 1914 4250; baseline -0.002 -18"><span class='ocrx_word' id='word_1_359' title='bbox 400 4180 522 4232; x_wconf 87' lang='grc' dir='ltr'>Τῶν</span> <span class='ocrx_word' id='word_1_360' title='bbox 554 4178 804 4250; x_wconf 77' lang='grc' dir='ltr'>γηγενῶν</span> <span class='ocrx_word' id='word_1_361' title='bbox 853 4180 938 4238; x_wconf 85' lang='grc' dir='ltr'><strong>τίς</strong></span> <span class='ocrx_word' id='word_1_362' title='bbox 986 4177 1158 4240; x_wconf 76' lang='grc' dir='ltr'>οὕτως</span> <span class='ocrx_word' id='word_1_363' title='bbox 1184 4178 1494 4248; x_wconf 79' lang='grc' dir='ltr'>ὀλισθήσας,</span> <span class='ocrx_word' id='word_1_364' title='bbox 1530 4178 1664 4231; x_wconf 84' lang='grc' dir='ltr'>Θεὸν</span> <span class='ocrx_word' id='word_1_365' title='bbox 1692 4177 1914 4248; x_wconf 80' lang='grc' dir='ltr'>παρώρ-</span> 
     </span>
    </p>
   </div>
   <div class='ocr_carea' id='block_1_61' title="bbox 329 4270 1913 4341">
    <p class='ocr_par' dir='ltr' id='par_1_61' title="bbox 329 4270 1913 4341">
     <span class='ocr_line' id='line_1_61' title="bbox 329 4270 1913 4341; baseline -0.004 -14"><span class='ocrx_word' id='word_1_366' title='bbox 329 4272 457 4341; x_wconf 80' lang='grc' dir='ltr'>γισὲ</span> <span class='ocrx_word' id='word_1_367' title='bbox 485 4289 616 4326; x_wconf 87' lang='grc' dir='ltr'>ποτε</span> <span class='ocrx_word' id='word_1_368' title='bbox 642 4290 658 4339; x_wconf 87' lang='grc'>;</span> <span class='ocrx_word' id='word_1_369' title='bbox 688 4272 787 4336; x_wconf 79' lang='grc' dir='ltr'>Τίς</span> <span class='ocrx_word' id='word_1_370' title='bbox 813 4274 937 4334; x_wconf 79' lang='grc' dir='ltr'>ταῖς</span> <span class='ocrx_word' id='word_1_371' title='bbox 964 4270 1161 4341; x_wconf 76' lang='grc' dir='ltr'>ὁρμαῖς</span> <span class='ocrx_word' id='word_1_372' title='bbox 1193 4270 1292 4340; x_wconf 81' lang='grc' dir='ltr'>τῆς</span> <span class='ocrx_word' id='word_1_373' title='bbox 1314 4270 1511 4333; x_wconf 86' lang='grc' dir='ltr'>κακίας</span> <span class='ocrx_word' id='word_1_374' title='bbox 1540 4270 1913 4340; x_wconf 78' lang='grc' dir='ltr'>ἐπηκολούθη-</span> 
     </span>
    </p>
   </div>
   <div class='ocr_carea' id='block_1_62' title="bbox 2016 1818 3586 1892">
    <p class='ocr_par' dir='ltr' id='par_1_62' title="bbox 2016 1818 3586 1892">
     <span class='ocr_line' id='line_1_62' title="bbox 2016 1818 3586 1892; baseline 0.007 -21"><span class='ocrx_word' id='word_1_375' title='bbox 2016 1818 2102 1874; x_wconf 70' lang='lat' dir='ltr'><strong>Iia:</strong></span> <span class='ocrx_word' id='word_1_376' title='bbox 2129 1833 2300 1874; x_wconf 88' lang='lat' dir='ltr'><strong>causa</strong></span> <span class='ocrx_word' id='word_1_377' title='bbox 2345 1818 2639 1873; x_wconf 88' lang='lat' dir='ltr'><strong>damnatus</strong></span> <span class='ocrx_word' id='word_1_378' title='bbox 2673 1835 2817 1882; x_wconf 85' lang='lat' dir='ltr'><strong>sum,</strong></span> <span class='ocrx_word' id='word_1_379' title='bbox 2862 1819 3031 1889; x_wconf 80' lang='lat' dir='ltr'><strong>judex</strong></span> <span class='ocrx_word' id='word_1_380' title='bbox 3082 1823 3231 1892; x_wconf 85' lang='lat' dir='ltr'><strong>juste</strong></span> <span class='ocrx_word' id='word_1_381' title='bbox 3282 1834 3337 1880; x_wconf 85' lang='lat' dir='ltr'><strong>et</strong></span> <span class='ocrx_word' id='word_1_382' title='bbox 3402 1827 3586 1882; x_wconf 85' lang='lat' dir='ltr'><strong>bone:</strong></span> 
     </span>
    </p>
   </div>
   <div class='ocr_carea' id='block_1_63' title="bbox 2013 1913 3589 1984">
    <p class='ocr_par' dir='ltr' id='par_1_63' title="bbox 2013 1913 3589 1984">
     <span class='ocr_line' id='line_1_63' title="bbox 2013 1913 3589 1984; baseline 0.006 -16"><span class='ocrx_word' id='word_1_383' title='bbox 2013 1921 2274 1968; x_wconf 78' lang='lat' dir='ltr'><strong>converte</strong></span> <span class='ocrx_word' id='word_1_384' title='bbox 2305 1928 2390 1968; x_wconf 88' lang='lat' dir='ltr'><strong>me</strong></span> <span class='ocrx_word' id='word_1_385' title='bbox 2422 1920 2475 1966; x_wconf 83' lang='lat' dir='ltr'><strong>et</strong></span> <span class='ocrx_word' id='word_1_386' title='bbox 2507 1913 2654 1968; x_wconf 85' lang='lat' dir='ltr'><strong>salva</strong></span> <span class='ocrx_word' id='word_1_387' title='bbox 2685 1913 2779 1983; x_wconf 90' lang='lat' dir='ltr'><strong>qui</strong></span> <span class='ocrx_word' id='word_1_388' title='bbox 2808 1929 2975 1984; x_wconf 81' lang='lat' dir='ltr'><strong>super</strong></span> <span class='ocrx_word' id='word_1_389' title='bbox 3006 1930 3203 1973; x_wconf 80' lang='lat' dir='ltr'><strong>omnes</strong></span> <span class='ocrx_word' id='word_1_390' title='bbox 3239 1920 3490 1977; x_wconf 84' lang='lat' dir='ltr'><strong>homines</strong></span> <span class='ocrx_word' id='word_1_391' title='bbox 3534 1929 3589 1977; x_wconf 88' lang='lat' dir='ltr'><strong>te</strong></span> 
     </span>
    </p>
   </div>
   <div class='ocr_carea' id='block_1_64' title="bbox 2013 2004 2353 2073">
    <p class='ocr_par' dir='ltr' id='par_1_64' title="bbox 2013 2004 2353 2073">
     <span class='ocr_line' id='line_1_64' title="bbox 2013 2004 2353 2073; baseline -0.006 -15"><span class='ocrx_word' id='word_1_392' title='bbox 2013 2004 2353 2073; x_wconf 81' lang='lat' dir='ltr'><strong>exasperavi.</strong></span> 
     </span>
    </p>
   </div>
   <div class='ocr_carea' id='block_1_65' title="bbox 2085 2092 3588 2171">
    <p class='ocr_par' dir='ltr' id='par_1_65' title="bbox 2085 2092 3588 2171">
     <span class='ocr_line' id='line_1_65' title="bbox 2085 2092 3588 2171; baseline 0.006 -22"><span class='ocrx_word' id='word_1_393' title='bbox 2085 2092 2305 2151; x_wconf 86' lang='lat' dir='ltr'><strong>Sterilis</strong></span> <span class='ocrx_word' id='word_1_394' title='bbox 2339 2104 2503 2159; x_wconf 87' lang='lat' dir='ltr'><strong>terra,</strong></span> <span class='ocrx_word' id='word_1_395' title='bbox 2533 2111 2654 2166; x_wconf 74' lang='lat' dir='ltr'><strong>qua:</strong></span> <span class='ocrx_word' id='word_1_396' title='bbox 2681 2097 2868 2167; x_wconf 77' lang='lat' dir='ltr'><strong>genuit</strong></span> <span class='ocrx_word' id='word_1_397' title='bbox 2893 2097 3132 2152; x_wconf 89' lang='lat' dir='ltr'><strong>omnium</strong></span> <span class='ocrx_word' id='word_1_398' title='bbox 3157 2112 3459 2168; x_wconf 87' lang='lat' dir='ltr'><strong>parentem,</strong></span> <span class='ocrx_word' id='word_1_399' title='bbox 3492 2103 3588 2171; x_wconf 87' lang='lat' dir='ltr'><strong>qui</strong></span> 
     </span>
    </p>
   </div>
   <div class='ocr_carea' id='block_1_66' title="bbox 2015 2187 3587 2261">
    <p class='ocr_par' dir='ltr' id='par_1_66' title="bbox 2015 2187 3587 2261">
     <span class='ocr_line' id='line_1_66' title="bbox 2015 2187 3587 2261; baseline 0.006 -22"><span class='ocrx_word' id='word_1_400' title='bbox 2015 2200 2207 2256; x_wconf 84' lang='lat' dir='ltr'><strong>parum</strong></span> <span class='ocrx_word' id='word_1_401' title='bbox 2256 2187 2432 2256; x_wconf 86' lang='lat' dir='ltr'><strong>aperit</strong></span> <span class='ocrx_word' id='word_1_402' title='bbox 2474 2202 2719 2255; x_wconf 81' lang='lat' dir='ltr'><strong>manum,</strong></span> <span class='ocrx_word' id='word_1_403' title='bbox 2753 2203 2962 2259; x_wconf 85' lang='lat' dir='ltr'><strong>suaque</strong></span> <span class='ocrx_word' id='word_1_404' title='bbox 2992 2190 3167 2259; x_wconf 78' lang='lat' dir='ltr'><strong>gratia</strong></span> <span class='ocrx_word' id='word_1_405' title='bbox 3201 2191 3389 2261; x_wconf 87' lang='lat' dir='ltr'><strong>implet</strong></span> <span class='ocrx_word' id='word_1_406' title='bbox 3423 2209 3587 2248; x_wconf 77' lang='lat' dir='ltr'><strong>omne</strong></span> 
     </span>
    </p>
   </div>
   <div class='ocr_carea' id='block_1_67' title="bbox 2014 2281 3588 2353">
    <p class='ocr_par' dir='ltr' id='par_1_67' title="bbox 2014 2281 3588 2353">
     <span class='ocr_line' id='line_1_67' title="bbox 2014 2281 3588 2353; baseline 0.003 -18"><span class='ocrx_word' id='word_1_407' title='bbox 2014 2281 2218 2335; x_wconf 83' lang='lat' dir='ltr'><strong>animal</strong></span> <span class='ocrx_word' id='word_1_408' title='bbox 2242 2282 2440 2337; x_wconf 85' lang='lat' dir='ltr'><strong>robore</strong></span> <span class='ocrx_word' id='word_1_409' title='bbox 2470 2282 2673 2346; x_wconf 82' lang='lat' dir='ltr'><strong>divino,</strong></span> <span class='ocrx_word' id='word_1_410' title='bbox 2700 2298 3008 2353; x_wconf 85' lang='lat' dir='ltr'><strong>supcrpone</strong></span> <span class='ocrx_word' id='word_1_411' title='bbox 3041 2286 3166 2353; x_wconf 83' lang='lat' dir='ltr'><strong>pani</strong></span> <span class='ocrx_word' id='word_1_412' title='bbox 3205 2285 3404 2339; x_wconf 62' lang='lat' dir='ltr'><strong>virenti</strong></span> <span class='ocrx_word' id='word_1_413' title='bbox 3435 2285 3588 2339; x_wconf 89' lang='lat' dir='ltr'><strong>debi-</strong></span> 
     </span>
    </p>
   </div>
   <div class='ocr_carea' id='block_1_68' title="bbox 2014 2371 3591 2431">
    <p class='ocr_par' dir='ltr' id='par_1_68' title="bbox 2014 2371 3591 2431">
     <span class='ocr_line' id='line_1_68' title="bbox 2014 2371 3591 2431; baseline 0.004 -7"><span class='ocrx_word' id='word_1_414' title='bbox 2014 2371 2166 2424; x_wconf 89' lang='lat' dir='ltr'><strong>litata</strong></span> <span class='ocrx_word' id='word_1_415' title='bbox 2209 2371 2397 2431; x_wconf 59' lang='lat' dir='ltr'><strong>cordan</strong></span> <span class='ocrx_word' id='word_1_416' title='bbox 2427 2373 2682 2427; x_wconf 88' lang='lat' dir='ltr'><strong>satietate</strong></span> <span class='ocrx_word' id='word_1_417' title='bbox 2734 2374 3055 2428; x_wconf 79' lang='lat' dir='ltr'><strong>acerborum</strong></span> <span class='ocrx_word' id='word_1_418' title='bbox 3089 2383 3404 2430; x_wconf 86' lang='lat' dir='ltr'><strong>nostrorum</strong></span> <span class='ocrx_word' id='word_1_419' title='bbox 3435 2391 3591 2431; x_wconf 87' lang='lat' dir='ltr'><strong>erra-</strong></span> 
     </span>
    </p>
   </div>
   <div class='ocr_carea' id='block_1_69' title="bbox 2015 2473 2214 2517">
    <p class='ocr_par' dir='ltr' id='par_1_69' title="bbox 2015 2473 2214 2517">
     <span class='ocr_line' id='line_1_69' title="bbox 2015 2473 2214 2517; baseline -0.01 -2"><span class='ocrx_word' id='word_1_420' title='bbox 2015 2473 2214 2517; x_wconf 89' lang='lat' dir='ltr'><strong>torum.</strong></span> 
     </span>
    </p>
   </div>
   <div class='ocr_carea' id='block_1_70' title="bbox 2139 2539 3103 2625">
    <p class='ocr_par' dir='ltr' id='par_1_70' title="bbox 2504 2553 3103 2625">
     <span class='ocr_line' id='line_1_70' title="bbox 2504 2553 3103 2625; baseline 0.005 -18"><span class='ocrx_word' id='word_1_421' title='bbox 2504 2555 2638 2608; x_wconf 80' lang='lat' dir='ltr'><strong>Eum</strong></span> <span class='ocrx_word' id='word_1_422' title='bbox 2666 2556 2716 2608; x_wconf 84' lang='lat' dir='ltr'><strong>in</strong></span> <span class='ocrx_word' id='word_1_423' title='bbox 2746 2554 2874 2608; x_wconf 82' lang='lat' dir='ltr'><strong>rubo</strong></span> <span class='ocrx_word' id='word_1_424' title='bbox 2909 2553 3103 2625; x_wconf 74' lang='lat' dir='ltr'><strong>Jloysi.</strong></span> 
     </span>
    </p>
   </div>
   <div class='ocr_carea' id='block_1_71' title="bbox 2089 2644 3590 2715">
    <p class='ocr_par' dir='ltr' id='par_1_71' title="bbox 2089 2644 3590 2715">
     <span class='ocr_line' id='line_1_71' title="bbox 2089 2644 3590 2715; baseline 0 -17"><span class='ocrx_word' id='word_1_425' title='bbox 2089 2645 2368 2698; x_wconf 79' lang='lat' dir='ltr'><strong>Somnium</strong></span> <span class='ocrx_word' id='word_1_426' title='bbox 2391 2644 2584 2713; x_wconf 80' lang='lat' dir='ltr'><strong>dejiee,</strong></span> <span class='ocrx_word' id='word_1_427' title='bbox 2610 2645 2809 2706; x_wconf 89' lang='lat' dir='ltr'><strong>anima,</strong></span> <span class='ocrx_word' id='word_1_428' title='bbox 2838 2644 3156 2712; x_wconf 73' lang='lat' dir='ltr'><strong>periculosa:</strong></span> <span class='ocrx_word' id='word_1_429' title='bbox 3182 2644 3399 2715; x_wconf 80' lang='lat' dir='ltr'><strong>quietis,</strong></span> <span class='ocrx_word' id='word_1_430' title='bbox 3427 2654 3480 2701; x_wconf 89' lang='lat' dir='ltr'><strong>et</strong></span> <span class='ocrx_word' id='word_1_431' title='bbox 3503 2661 3590 2699; x_wconf 82' lang='lat' dir='ltr'><strong>ar-</strong></span> 
     </span>
    </p>
   </div>
   <div class='ocr_carea' id='block_1_72' title="bbox 2018 2736 3589 2810">
    <p class='ocr_par' dir='ltr' id='par_1_72' title="bbox 2018 2736 3589 2810">
     <span class='ocr_line' id='line_1_72' title="bbox 2018 2736 3589 2810; baseline 0.001 -19"><span class='ocrx_word' id='word_1_432' title='bbox 2018 2736 2212 2792; x_wconf 86' lang='lat' dir='ltr'><strong>denter</strong></span> <span class='ocrx_word' id='word_1_433' title='bbox 2242 2738 2401 2808; x_wconf 70' lang='lat' dir='ltr'><strong>vigila</strong></span> <span class='ocrx_word' id='word_1_434' title='bbox 2456 2753 2620 2806; x_wconf 85' lang='lat' dir='ltr'><strong>super</strong></span> <span class='ocrx_word' id='word_1_435' title='bbox 2676 2738 2859 2790; x_wconf 78' lang='lat' dir='ltr'><strong>divina</strong></span> <span class='ocrx_word' id='word_1_436' title='bbox 2927 2749 3233 2808; x_wconf 68' lang='lat' dir='ltr'><strong>przecepta:</strong></span> <span class='ocrx_word' id='word_1_437' title='bbox 3292 2740 3589 2810; x_wconf 75' lang='lat' dir='ltr'><strong>appr-Opin-</strong></span> 
     </span>
    </p>
   </div>
   <div class='ocr_carea' id='block_1_73' title="bbox 2018 2828 3593 2898">
    <p class='ocr_par' dir='ltr' id='par_1_73' title="bbox 2018 2828 3593 2898">
     <span class='ocr_line' id='line_1_73' title="bbox 2018 2828 3593 2898; baseline 0.001 -16"><span class='ocrx_word' id='word_1_438' title='bbox 2018 2838 2153 2896; x_wconf 89' lang='lat' dir='ltr'><strong>quat</strong></span> <span class='ocrx_word' id='word_1_439' title='bbox 2183 2843 2463 2898; x_wconf 84' lang='lat' dir='ltr'><strong>sponsus:</strong></span> <span class='ocrx_word' id='word_1_440' title='bbox 2514 2828 2595 2883; x_wconf 82' lang='lat' dir='ltr'><strong>fer</strong></span> <span class='ocrx_word' id='word_1_441' title='bbox 2627 2829 2956 2898; x_wconf 78' lang='lat' dir='ltr'><strong>lampadem,</strong></span> <span class='ocrx_word' id='word_1_442' title='bbox 2988 2838 3040 2885; x_wconf 89' lang='lat' dir='ltr'><strong>et</strong></span> <span class='ocrx_word' id='word_1_443' title='bbox 3070 2828 3269 2884; x_wconf 84' lang='lat' dir='ltr'><strong>festina</strong></span> <span class='ocrx_word' id='word_1_444' title='bbox 3305 2831 3356 2886; x_wconf 90' lang='lat' dir='ltr'><strong>ei</strong></span> <span class='ocrx_word' id='word_1_445' title='bbox 3394 2845 3593 2886; x_wconf 84' lang='lat' dir='ltr'><strong>occur-</strong></span> 
     </span>
    </p>
   </div>
   <div class='ocr_carea' id='block_1_74' title="bbox 2018 2936 2160 2976">
    <p class='ocr_par' dir='ltr' id='par_1_74' title="bbox 2018 2936 2160 2976">
     <span class='ocr_line' id='line_1_74' title="bbox 2018 2936 2160 2976; baseline 0.014 -2"><span class='ocrx_word' id='word_1_446' title='bbox 2018 2936 2160 2976; x_wconf 87' lang='lat' dir='ltr'><strong>rere.</strong></span> 
     </span>
    </p>
   </div>
   <div class='ocr_carea' id='block_1_75' title="bbox 2097 3013 3592 3089">
    <p class='ocr_par' dir='ltr' id='par_1_75' title="bbox 2097 3013 3592 3089">
     <span class='ocr_line' id='line_1_75' title="bbox 2097 3013 3592 3089; baseline 0.002 -21"><span class='ocrx_word' id='word_1_447' title='bbox 2097 3014 2208 3068; x_wconf 87' lang='lat' dir='ltr'><strong>ictu</strong></span> <span class='ocrx_word' id='word_1_448' title='bbox 2265 3013 2551 3069; x_wconf 78' lang='lat' dir='ltr'><strong>mortifero</strong></span> <span class='ocrx_word' id='word_1_449' title='bbox 2589 3014 2934 3070; x_wconf 86' lang='lat' dir='ltr'><strong>vulneratum</strong></span> <span class='ocrx_word' id='word_1_450' title='bbox 2985 3031 3084 3085; x_wconf 88' lang='lat' dir='ltr'><strong>per</strong></span> <span class='ocrx_word' id='word_1_451' title='bbox 3133 3017 3430 3087; x_wconf 81' lang='lat' dir='ltr'><strong>voluptatis</strong></span> <span class='ocrx_word' id='word_1_452' title='bbox 3476 3018 3592 3089; x_wconf 77' lang='lat' dir='ltr'><strong>gla-</strong></span> 
     </span>
    </p>
   </div>
   <div class='ocr_carea' id='block_1_76' title="bbox 2022 3107 3594 3176">
    <p class='ocr_par' dir='ltr' id='par_1_76' title="bbox 2022 3107 3594 3176">
     <span class='ocr_line' id='line_1_76' title="bbox 2022 3107 3594 3176; baseline 0.003 -16"><span class='ocrx_word' id='word_1_453' title='bbox 2022 3107 2211 3167; x_wconf 87' lang='lat' dir='ltr'><strong>dium,</strong></span> <span class='ocrx_word' id='word_1_454' title='bbox 2290 3123 2394 3176; x_wconf 79' lang='lat' dir='ltr'><strong>ope</strong></span> <span class='ocrx_word' id='word_1_455' title='bbox 2461 3107 2745 3161; x_wconf 88' lang='lat' dir='ltr'><strong>linamenti</strong></span> <span class='ocrx_word' id='word_1_456' title='bbox 2811 3108 3183 3163; x_wconf 83' lang='lat' dir='ltr'><strong>misericordis</strong></span> <span class='ocrx_word' id='word_1_457' title='bbox 3242 3111 3594 3166; x_wconf 77' lang='lat' dir='ltr'><strong>demissiouis</strong></span> 
     </span>
    </p>
   </div>
   <div class='ocr_carea' id='block_1_77' title="bbox 2024 3198 3598 3272">
    <p class='ocr_par' dir='ltr' id='par_1_77' title="bbox 2024 3198 3598 3272">
     <span class='ocr_line' id='line_1_77' title="bbox 2024 3198 3598 3272; baseline 0.002 -19"><span class='ocrx_word' id='word_1_458' title='bbox 2024 3210 2148 3262; x_wconf 73' lang='lat' dir='ltr'><strong>tum,</strong></span> <span class='ocrx_word' id='word_1_459' title='bbox 2184 3200 2427 3254; x_wconf 83' lang='lat' dir='ltr'><strong>elemens</strong></span> <span class='ocrx_word' id='word_1_460' title='bbox 2456 3215 2587 3253; x_wconf 89' lang='lat' dir='ltr'><strong>sana</strong></span> <span class='ocrx_word' id='word_1_461' title='bbox 2622 3215 2727 3266; x_wconf 90' lang='lat' dir='ltr'><strong>me,</strong></span> <span class='ocrx_word' id='word_1_462' title='bbox 2763 3198 3023 3264; x_wconf 74' lang='lat' dir='ltr'><strong>Verbum,</strong></span> <span class='ocrx_word' id='word_1_463' title='bbox 3058 3210 3113 3256; x_wconf 91' lang='lat' dir='ltr'><strong>ut</strong></span> <span class='ocrx_word' id='word_1_464' title='bbox 3149 3211 3198 3256; x_wconf 81' lang='lat' dir='ltr'><strong>te</strong></span> <span class='ocrx_word' id='word_1_465' title='bbox 3230 3212 3384 3272; x_wconf 73' lang='lat' dir='ltr'><strong>grato</strong></span> <span class='ocrx_word' id='word_1_466' title='bbox 3412 3203 3598 3257; x_wconf 89' lang='lat' dir='ltr'><strong>animo</strong></span> 
     </span>
    </p>
   </div>
   <div class='ocr_carea' id='block_1_78' title="bbox 2021 3291 2656 3362">
    <p class='ocr_par' dir='ltr' id='par_1_78' title="bbox 2021 3291 2656 3362">
     <span class='ocr_line' id='line_1_78' title="bbox 2021 3291 2656 3362; baseline 0.006 -20"><span class='ocrx_word' id='word_1_467' title='bbox 2021 3291 2317 3362; x_wconf 76' lang='lat' dir='ltr'><strong>gloriﬁcem</strong></span> <span class='ocrx_word' id='word_1_468' title='bbox 2351 3292 2405 3345; x_wconf 92' lang='lat' dir='ltr'><strong>in</strong></span> <span class='ocrx_word' id='word_1_469' title='bbox 2439 3293 2656 3346; x_wconf 67' lang='lat' dir='ltr'><strong>sa‘cula.</strong></span> 
     </span>
    </p>
   </div>
   <div class='ocr_carea' id='block_1_79' title="bbox 2090 3380 3599 3449">
    <p class='ocr_par' dir='ltr' id='par_1_79' title="bbox 2090 3380 3599 3449">
     <span class='ocr_line' id='line_1_79' title="bbox 2090 3380 3599 3449; baseline 0.004 -16"><span class='ocrx_word' id='word_1_470' title='bbox 2090 3382 2135 3433; x_wconf 83' lang='lat' dir='ltr'><strong>A</strong></span> <span class='ocrx_word' id='word_1_471' title='bbox 2184 3380 2466 3437; x_wconf 84' lang='lat' dir='ltr'><strong>doloribus</strong></span> <span class='ocrx_word' id='word_1_472' title='bbox 2499 3384 2700 3445; x_wconf 79' lang='lat' dir='ltr'><strong>noxiis,</strong></span> <span class='ocrx_word' id='word_1_473' title='bbox 2754 3384 2821 3439; x_wconf 89' lang='lat' dir='ltr'><strong>ab</strong></span> <span class='ocrx_word' id='word_1_474' title='bbox 2873 3385 3075 3441; x_wconf 80' lang='lat' dir='ltr'><strong>invidia</strong></span> <span class='ocrx_word' id='word_1_475' title='bbox 3108 3394 3159 3442; x_wconf 88' lang='lat' dir='ltr'><strong>et</strong></span> <span class='ocrx_word' id='word_1_476' title='bbox 3200 3387 3489 3449; x_wconf 73' lang='lat' dir='ltr'><strong>rivalitate,</strong></span> <span class='ocrx_word' id='word_1_477' title='bbox 3528 3389 3599 3439; x_wconf 86' lang='lat' dir='ltr'><strong>ab</strong></span> 
     </span>
    </p>
   </div>
   <div class='ocr_carea' id='block_1_80' title="bbox 2018 3467 3597 3547">
    <p class='ocr_par' dir='ltr' id='par_1_80' title="bbox 2018 3467 3597 3547">
     <span class='ocr_line' id='line_1_80' title="bbox 2018 3467 3597 3547; baseline 0.003 -22"><span class='ocrx_word' id='word_1_478' title='bbox 2018 3471 2166 3525; x_wconf 82' lang='lat' dir='ltr'><strong>Omni</strong></span> <span class='ocrx_word' id='word_1_479' title='bbox 2203 3472 2405 3525; x_wconf 85' lang='lat' dir='ltr'><strong>malitia</strong></span> <span class='ocrx_word' id='word_1_480' title='bbox 2432 3473 2668 3540; x_wconf 84' lang='lat' dir='ltr'><strong>abstine,</strong></span> <span class='ocrx_word' id='word_1_481' title='bbox 2707 3467 3185 3531; x_wconf 54' lang='lat' dir='ltr'><strong>anima’alimentis</strong></span> <span class='ocrx_word' id='word_1_482' title='bbox 3234 3479 3433 3531; x_wconf 85' lang='lat' dir='ltr'><strong>nutrita</strong></span> <span class='ocrx_word' id='word_1_483' title='bbox 3475 3494 3597 3547; x_wconf 78' lang='lat' dir='ltr'><strong>qua:</strong></span> 
     </span>
    </p>
   </div>
   <div class='ocr_carea' id='block_1_81' title="bbox 2018 3562 3598 3638">
    <p class='ocr_par' dir='ltr' id='par_1_81' title="bbox 2018 3562 3598 3638">
     <span class='ocr_line' id='line_1_81' title="bbox 2018 3562 3598 3638; baseline 0.003 -21"><span class='ocrx_word' id='word_1_484' title='bbox 2018 3562 2248 3617; x_wconf 80' lang='lat' dir='ltr'><strong>delicias</strong></span> <span class='ocrx_word' id='word_1_485' title='bbox 2307 3567 2759 3634; x_wconf 83' lang='lat' dir='ltr'><strong>snpernaturales</strong></span> <span class='ocrx_word' id='word_1_486' title='bbox 2790 3574 2845 3621; x_wconf 90' lang='lat' dir='ltr'><strong>et</strong></span> <span class='ocrx_word' id='word_1_487' title='bbox 2908 3567 3303 3624; x_wconf 85' lang='lat' dir='ltr'><strong>immateriales</strong></span> <span class='ocrx_word' id='word_1_488' title='bbox 3340 3569 3598 3638; x_wconf 81' lang='lat' dir='ltr'><strong>suppedi-</strong></span> 
     </span>
    </p>
   </div>
   <div class='ocr_carea' id='block_1_82' title="bbox 2017 3660 2156 3707">
    <p class='ocr_par' dir='ltr' id='par_1_82' title="bbox 2017 3660 2156 3707">
     <span class='ocr_line' id='line_1_82' title="bbox 2017 3660 2156 3707; baseline -0.007 0"><span class='ocrx_word' id='word_1_489' title='bbox 2017 3660 2156 3707; x_wconf 82' lang='lat' dir='ltr'><strong>tant.</strong></span> 
     </span>
    </p>
   </div>
   <div class='ocr_carea' id='block_1_83' title="bbox 2092 3744 3596 3815">
    <p class='ocr_par' dir='ltr' id='par_1_83' title="bbox 2092 3744 3596 3815">
     <span class='ocr_line' id='line_1_83' title="bbox 2092 3744 3596 3815; baseline 0.004 -18"><span class='ocrx_word' id='word_1_490' title='bbox 2092 3744 2322 3815; x_wconf 88' lang='lat' dir='ltr'><strong>Deipara</strong></span> <span class='ocrx_word' id='word_1_491' title='bbox 2351 3754 2526 3810; x_wconf 88' lang='lat' dir='ltr'><strong>casta,</strong></span> <span class='ocrx_word' id='word_1_492' title='bbox 2557 3747 2753 3801; x_wconf 71' lang='lat' dir='ltr'><strong>animae</strong></span> <span class='ocrx_word' id='word_1_493' title='bbox 2798 3762 2932 3802; x_wconf 76' lang='lat' dir='ltr'><strong>mea:</strong></span> <span class='ocrx_word' id='word_1_494' title='bbox 2996 3748 3243 3813; x_wconf 68' lang='lat' dir='ltr'><strong>vulnera,</strong></span> <span class='ocrx_word' id='word_1_495' title='bbox 3304 3759 3356 3803; x_wconf 87' lang='lat' dir='ltr'><strong>et</strong></span> <span class='ocrx_word' id='word_1_496' title='bbox 3414 3748 3596 3803; x_wconf 88' lang='lat' dir='ltr'><strong>cordis</strong></span> 
     </span>
    </p>
   </div>
   <div class='ocr_carea' id='block_1_84' title="bbox 2016 3834 3597 3906">
    <p class='ocr_par' dir='ltr' id='par_1_84' title="bbox 2016 3834 3597 3906">
     <span class='ocr_line' id='line_1_84' title="bbox 2016 3834 3597 3906; baseline 0.003 -18"><span class='ocrx_word' id='word_1_497' title='bbox 2016 3834 2252 3902; x_wconf 86' lang='lat' dir='ltr'><strong>dolores,</strong></span> <span class='ocrx_word' id='word_1_498' title='bbox 2288 3838 2594 3906; x_wconf 87' lang='lat' dir='ltr'><strong>mentisque</strong></span> <span class='ocrx_word' id='word_1_499' title='bbox 2648 3852 2866 3893; x_wconf 87' lang='lat' dir='ltr'><strong>errores</strong></span> <span class='ocrx_word' id='word_1_500' title='bbox 2901 3853 3053 3901; x_wconf 86' lang='lat' dir='ltr'><strong>cura,</strong></span> <span class='ocrx_word' id='word_1_501' title='bbox 3088 3848 3144 3891; x_wconf 92' lang='lat' dir='ltr'><strong>nt</strong></span> <span class='ocrx_word' id='word_1_502' title='bbox 3183 3840 3295 3892; x_wconf 86' lang='lat' dir='ltr'><strong>sola</strong></span> <span class='ocrx_word' id='word_1_503' title='bbox 3353 3849 3597 3906; x_wconf 82' lang='lat' dir='ltr'><strong>peccato-</strong></span> 
     </span>
    </p>
   </div>
   <div class='ocr_carea' id='block_1_85' title="bbox 2015 3929 3479 4003">
    <p class='ocr_par' dir='ltr' id='par_1_85' title="bbox 2015 3929 3479 4003">
     <span class='ocr_line' id='line_1_85' title="bbox 2015 3929 3479 4003; baseline 0.001 -21"><span class='ocrx_word' id='word_1_504' title='bbox 2015 3943 2135 3983; x_wconf 89' lang='lat' dir='ltr'><strong>rum</strong></span> <span class='ocrx_word' id='word_1_505' title='bbox 2172 3929 2502 3996; x_wconf 78' lang='lat' dir='ltr'><strong>auxiliatrix,</strong></span> <span class='ocrx_word' id='word_1_506' title='bbox 2528 3936 2581 3983; x_wconf 89' lang='lat' dir='ltr'><strong>et</strong></span> <span class='ocrx_word' id='word_1_507' title='bbox 2607 3930 2953 3985; x_wconf 86' lang='lat' dir='ltr'><strong>obsessorum</strong></span> <span class='ocrx_word' id='word_1_508' title='bbox 2998 3933 3479 4003; x_wconf 63' lang='lat' dir='ltr'><strong>proliugnaculum.</strong></span> 
     </span>
    </p>
   </div>
   <div class='ocr_carea' id='block_1_86' title="bbox 2369 4106 3242 4175">
    <p class='ocr_par' dir='ltr' id='par_1_86' title="bbox 2369 4106 3242 4175">
     <span class='ocr_line' id='line_1_86' title="bbox 2369 4106 3242 4175; baseline -0.001 -13"><span class='ocrx_word' id='word_1_509' title='bbox 2369 4106 2678 4162; x_wconf 78' lang='lat' dir='ltr'><strong>Mortalium</strong></span> <span class='ocrx_word' id='word_1_510' title='bbox 2708 4108 2824 4175; x_wconf 72' lang='lat' dir='ltr'><strong>quis</strong></span> <span class='ocrx_word' id='word_1_511' title='bbox 2855 4108 2961 4160; x_wconf 84' lang='lat' dir='ltr'><strong>tale</strong></span> <span class='ocrx_word' id='word_1_512' title='bbox 2995 4106 3242 4161; x_wconf 79' lang='lat' dir='ltr'><strong>audivit?</strong></span> 
     </span>
    </p>
   </div>
   <div class='ocr_carea' id='block_1_87' title="bbox 2085 4197 3590 4268">
    <p class='ocr_par' dir='ltr' id='par_1_87' title="bbox 2085 4197 3590 4268">
     <span class='ocr_line' id='line_1_87' title="bbox 2085 4197 3590 4268; baseline -0.001 -18"><span class='ocrx_word' id='word_1_513' title='bbox 2085 4197 2392 4252; x_wconf 82' lang='lat' dir='ltr'><strong>Mortalium</strong></span> <span class='ocrx_word' id='word_1_514' title='bbox 2418 4198 2542 4268; x_wconf 90' lang='lat' dir='ltr'><strong>quis</strong></span> <span class='ocrx_word' id='word_1_515' title='bbox 2572 4199 2653 4253; x_wconf 88' lang='lat' dir='ltr'><strong>sic</strong></span> <span class='ocrx_word' id='word_1_516' title='bbox 2682 4198 2885 4253; x_wconf 85' lang='lat' dir='ltr'><strong>cadens</strong></span> <span class='ocrx_word' id='word_1_517' title='bbox 2915 4198 3080 4253; x_wconf 83' lang='lat' dir='ltr'><strong>Deum</strong></span> <span class='ocrx_word' id='word_1_518' title='bbox 3110 4198 3455 4264; x_wconf 77' lang='lat' dir='ltr'><strong>exasperavit</strong></span> <span class='ocrx_word' id='word_1_519' title='bbox 3489 4212 3590 4249; x_wconf 86' lang='lat' dir='ltr'><strong>nn-</strong></span> 
     </span>
    </p>
   </div>
   <div class='ocr_carea' id='block_1_88' title="bbox 2014 4288 3593 4359">
    <p class='ocr_par' dir='ltr' id='par_1_88' title="bbox 2014 4288 3593 4359">
     <span class='ocr_line' id='line_1_88' title="bbox 2014 4288 3593 4359; baseline 0.002 -19"><span class='ocrx_word' id='word_1_520' title='bbox 2014 4289 2223 4359; x_wconf 84' lang='lat' dir='ltr'><strong>quam?</strong></span> <span class='ocrx_word' id='word_1_521' title='bbox 2252 4290 2375 4359; x_wconf 87' lang='lat' dir='ltr'><strong>quis</strong></span> <span class='ocrx_word' id='word_1_522' title='bbox 2428 4290 2723 4358; x_wconf 85' lang='lat' dir='ltr'><strong>impetibus</strong></span> <span class='ocrx_word' id='word_1_523' title='bbox 2762 4290 2981 4343; x_wconf 68' lang='lat' dir='ltr'><strong>malitia:</strong></span> <span class='ocrx_word' id='word_1_524' title='bbox 3021 4288 3284 4352; x_wconf 81' lang='lat' dir='ltr'><strong>obedivit,</strong></span> <span class='ocrx_word' id='word_1_525' title='bbox 3340 4296 3393 4341; x_wconf 80' lang='lat' dir='ltr'><strong>et</strong></span> <span class='ocrx_word' id='word_1_526' title='bbox 3440 4290 3593 4343; x_wconf 82' lang='lat' dir='ltr'><strong>locus</strong></span> 
     </span>
    </p>
   </div>
   <div class='ocr_carea' id='block_1_89' title="bbox 336 4360 1914 4457">
    <p class='ocr_par' dir='ltr' id='par_1_89' title="bbox 336 4360 1911 4434">
     <span class='ocr_line' id='line_1_89' title="bbox 336 4360 1911 4434; baseline -0.002 -17"><span class='ocrx_word' id='word_1_527' title='bbox 336 4382 418 4430; x_wconf 89' lang='grc' dir='ltr'><strong>σε,</strong></span> <span class='ocrx_word' id='word_1_528' title='bbox 445 4365 541 4417; x_wconf 75' lang='grc' dir='ltr'>καὶ</span> <span class='ocrx_word' id='word_1_529' title='bbox 568 4364 909 4433; x_wconf 75' lang='grc' dir='ltr'>καταγώγιον</span> <span class='ocrx_word' id='word_1_530' title='bbox 935 4361 1092 4433; x_wconf 78' lang='grc' dir='ltr'>ὤφθη</span> <span class='ocrx_word' id='word_1_531' title='bbox 1117 4362 1219 4431; x_wconf 81' lang='grc' dir='ltr'>τῆς</span> <span class='ocrx_word' id='word_1_532' title='bbox 1252 4363 1548 4433; x_wconf 76' lang='grc' dir='ltr'>ἁμαρτίας,</span> <span class='ocrx_word' id='word_1_533' title='bbox 1578 4362 1769 4434; x_wconf 86' lang='grc' dir='ltr'>ῶσπερ</span> <span class='ocrx_word' id='word_1_534' title='bbox 1801 4360 1911 4431; x_wconf 77' lang='grc' dir='ltr'><strong>ἐγὼ</strong></span> 
     </span>
    </p>
   </div>
   <div class='ocr_carea' id='block_1_90' title="bbox 2037 4360 3590 4457">
    <p class='ocr_par' dir='ltr' id='par_1_90' title="bbox 2037 4381 3590 4451">
     <span class='ocr_line' id='line_1_90' title="bbox 2037 4381 3590 4451; baseline -0.002 -18"><span class='ocrx_word' id='word_1_535' title='bbox 2037 4384 2268 4451; x_wconf 79' lang='lat' dir='ltr'><strong>ipparuit</strong></span> <span class='ocrx_word' id='word_1_536' title='bbox 2304 4383 2537 4451; x_wconf 86' lang='lat' dir='ltr'><strong>peccati,</strong></span> <span class='ocrx_word' id='word_1_537' title='bbox 2593 4382 2736 4435; x_wconf 87' lang='lat' dir='ltr'><strong>sicut</strong></span> <span class='ocrx_word' id='word_1_538' title='bbox 2773 4396 2876 4450; x_wconf 82' lang='lat' dir='ltr'><strong>ego</strong></span> <span class='ocrx_word' id='word_1_539' title='bbox 2931 4381 3144 4434; x_wconf 88' lang='lat' dir='ltr'><strong>miser?</strong></span> <span class='ocrx_word' id='word_1_540' title='bbox 3190 4386 3282 4434; x_wconf 86' lang='lat' dir='ltr'><strong>sed</strong></span> <span class='ocrx_word' id='word_1_541' title='bbox 3332 4388 3590 4448; x_wconf 70' lang='lat' dir='ltr'><strong>tanquam</strong></span> 
     </span>
    </p>
   </div>
   <div class='ocr_carea' id='block_1_91' title="bbox 333 4455 1914 4545">
    <p class='ocr_par' dir='ltr' id='par_1_91' title="bbox 333 4455 1908 4527">
     <span class='ocr_line' id='line_1_91' title="bbox 333 4455 1908 4527; baseline -0.002 -17"><span class='ocrx_word' id='word_1_542' title='bbox 333 4458 363 4510; x_wconf 82' lang='grc' dir='ltr'>ὁ</span> <span class='ocrx_word' id='word_1_543' title='bbox 394 4457 591 4522; x_wconf 86' lang='grc' dir='ltr'>τάλας;</span> <span class='ocrx_word' id='word_1_544' title='bbox 628 4456 768 4509; x_wconf 79' lang='grc' dir='ltr'>Ἀλλ’</span> <span class='ocrx_word' id='word_1_545' title='bbox 797 4456 872 4520; x_wconf 83' lang='grc' dir='ltr'>ὡς</span> <span class='ocrx_word' id='word_1_546' title='bbox 888 4455 1041 4519; x_wconf 78' lang='grc' dir='ltr'>Θεὸς,</span> <span class='ocrx_word' id='word_1_547' title='bbox 1063 4456 1093 4507; x_wconf 85' lang='grc' dir='ltr'><strong>ὁ</strong></span> <span class='ocrx_word' id='word_1_548' title='bbox 1123 4455 1352 4527; x_wconf 81' lang='grc' dir='ltr'>θελητὴς</span> <span class='ocrx_word' id='word_1_549' title='bbox 1379 4456 1475 4510; x_wconf 86' lang='grc' dir='ltr'><strong>τοῦ</strong></span> <span class='ocrx_word' id='word_1_550' title='bbox 1508 4457 1712 4522; x_wconf 83' lang='grc' dir='ltr'>ἐλέους,</span> <span class='ocrx_word' id='word_1_551' title='bbox 1743 4456 1807 4509; x_wconf 87' lang='grc' dir='ltr'>σύ</span> <span class='ocrx_word' id='word_1_552' title='bbox 1842 4472 1908 4526; x_wconf 85' lang='grc' dir='ltr'><strong>με</strong></span> 
     </span>
    </p>
   </div>
   <div class='ocr_carea' id='block_1_92' title="bbox 2037 4455 3592 4545">
    <p class='ocr_par' dir='ltr' id='par_1_92' title="bbox 2037 4472 3592 4545">
     <span class='ocr_line' id='line_1_92' title="bbox 2037 4472 3592 4545; baseline -0.001 -18"><span class='ocrx_word' id='word_1_553' title='bbox 2037 4478 2176 4538; x_wconf 81' lang='lat' dir='ltr'><strong>)eus,</strong></span> <span class='ocrx_word' id='word_1_554' title='bbox 2209 4475 2298 4545; x_wconf 88' lang='lat' dir='ltr'><strong>qui</strong></span> <span class='ocrx_word' id='word_1_555' title='bbox 2326 4489 2628 4544; x_wconf 64' lang='lat' dir='ltr'><strong>[impensus</strong></span> <span class='ocrx_word' id='word_1_556' title='bbox 2657 4483 2738 4527; x_wconf 91' lang='lat' dir='ltr'><strong>est</strong></span> <span class='ocrx_word' id='word_1_557' title='bbox 2763 4474 2826 4526; x_wconf 86' lang='lat' dir='ltr'><strong>ad</strong></span> <span class='ocrx_word' id='word_1_558' title='bbox 2846 4472 3299 4536; x_wconf 82' lang='lat' dir='ltr'><strong>misericordiam,</strong></span> <span class='ocrx_word' id='word_1_559' title='bbox 3334 4473 3592 4526; x_wconf 79' lang='lat' dir='ltr'><strong>miSercre</strong></span> 
     </span>
    </p>
   </div>
   <div class='ocr_carea' id='block_1_93' title="bbox 332 4548 623 4616">
    <p class='ocr_par' dir='ltr' id='par_1_93' title="bbox 332 4548 623 4616">
     <span class='ocr_line' id='line_1_93' title="bbox 332 4548 623 4616; baseline 0.014 -16"><span class='ocrx_word' id='word_1_560' title='bbox 332 4548 502 4602; x_wconf 80' lang='grc' dir='ltr'>οτκτει</span> <span class='ocrx_word' id='word_1_561' title='bbox 510 4564 623 4616; x_wconf 87' lang='grc' dir='ltr'>ρον.</span> 
     </span>
    </p>
   </div>
   <div class='ocr_carea' id='block_1_94' title="bbox 402 4638 1911 4711">
    <p class='ocr_par' dir='ltr' id='par_1_94' title="bbox 402 4638 1911 4711">
     <span class='ocr_line' id='line_1_94' title="bbox 402 4638 1911 4711; baseline 0 -20"><span class='ocrx_word' id='word_1_562' title='bbox 402 4638 665 4693; x_wconf 76' lang='grc' dir='ltr'>Θεοειδῶν</span> <span class='ocrx_word' id='word_1_563' title='bbox 709 4640 958 4709; x_wconf 82' lang='grc' dir='ltr'>ἀγγέλων</span> <span class='ocrx_word' id='word_1_564' title='bbox 987 4643 1043 4694; x_wconf 70' lang='lat' dir='ltr'><strong>at</strong></span> <span class='ocrx_word' id='word_1_565' title='bbox 1090 4641 1349 4711; x_wconf 86' lang='grc' dir='ltr'>δυνάμεις</span> <span class='ocrx_word' id='word_1_566' title='bbox 1368 4681 1383 4705; x_wconf 88' lang='grc'><strong>,</strong></span> <span class='ocrx_word' id='word_1_567' title='bbox 1414 4642 1506 4693; x_wconf 84' lang='grc' dir='ltr'><strong>τὸν</strong></span> <span class='ocrx_word' id='word_1_568' title='bbox 1532 4640 1911 4697; x_wconf 64' lang='grc' dir='ltr'>εὐδιάλλακτον</span> 
     </span>
    </p>
   </div>
   <div class='ocr_carea' id='block_1_95' title="bbox 333 4730 1911 4803">
    <p class='ocr_par' dir='ltr' id='par_1_95' title="bbox 333 4730 1911 4803">
     <span class='ocr_line' id='line_1_95' title="bbox 333 4730 1911 4803; baseline 0.001 -19"><span class='ocrx_word' id='word_1_569' title='bbox 333 4730 465 4784; x_wconf 81' lang='grc' dir='ltr'>Θεὸν</span> <span class='ocrx_word' id='word_1_570' title='bbox 494 4732 955 4803; x_wconf 75' lang='grc' dir='ltr'>ἐκδυσωπήσατε,</span> <span class='ocrx_word' id='word_1_571' title='bbox 988 4732 1163 4786; x_wconf 89' lang='grc' dir='ltr'>σῶσαι</span> <span class='ocrx_word' id='word_1_572' title='bbox 1200 4733 1377 4802; x_wconf 73' lang='grc' dir='ltr'>ψυχὴν</span> <span class='ocrx_word' id='word_1_573' title='bbox 1405 4735 1483 4796; x_wconf 87' lang='grc' dir='ltr'><strong>εἰς</strong></span> <span class='ocrx_word' id='word_1_574' title='bbox 1515 4733 1749 4801; x_wconf 86' lang='grc' dir='ltr'>πέλαγος</span> <span class='ocrx_word' id='word_1_575' title='bbox 1781 4732 1911 4801; x_wconf 88' lang='grc' dir='ltr'>βιω-</span> 
     </span>
    </p>
   </div>
   <div class='ocr_carea' id='block_1_96' title="bbox 332 4824 1915 4897">
    <p class='ocr_par' dir='ltr' id='par_1_96' title="bbox 332 4824 1915 4897">
     <span class='ocr_line' id='line_1_96' title="bbox 332 4824 1915 4897; baseline 0.001 -21"><span class='ocrx_word' id='word_1_576' title='bbox 332 4824 500 4877; x_wconf 84' lang='grc' dir='ltr'>τικῶν</span> <span class='ocrx_word' id='word_1_577' title='bbox 526 4825 855 4897; x_wconf 73' lang='grc' dir='ltr'>νηχομένην,</span> <span class='ocrx_word' id='word_1_578' title='bbox 889 4828 981 4879; x_wconf 77' lang='grc' dir='ltr'>καὶ</span> <span class='ocrx_word' id='word_1_579' title='bbox 1014 4827 1335 4897; x_wconf 85' lang='grc' dir='ltr'>τρικυμίαις</span> <span class='ocrx_word' id='word_1_580' title='bbox 1365 4826 1556 4877; x_wconf 84' lang='grc' dir='ltr'>παθῶν</span> <span class='ocrx_word' id='word_1_581' title='bbox 1581 4826 1915 4895; x_wconf 79' lang='grc' dir='ltr'>χειμαζομέ-</span> 
     </span>
    </p>
   </div>
   <div class='ocr_carea' id='block_1_97' title="bbox 332 4914 1916 4985">
    <p class='ocr_par' dir='ltr' id='par_1_97' title="bbox 332 4914 1916 4985">
     <span class='ocr_line' id='line_1_97' title="bbox 332 4914 1916 4985; baseline -0.001 -18"><span class='ocrx_word' id='word_1_582' title='bbox 332 4930 452 4985; x_wconf 87' lang='grc' dir='ltr'>νην,</span> <span class='ocrx_word' id='word_1_583' title='bbox 482 4916 577 4969; x_wconf 72' lang='grc' dir='ltr'>καὶ</span> <span class='ocrx_word' id='word_1_584' title='bbox 605 4916 932 4985; x_wconf 76' lang='grc' dir='ltr'>προσϐολαῖς</span> <span class='ocrx_word' id='word_1_585' title='bbox 971 4915 1081 4970; x_wconf 87' lang='grc' dir='ltr'><strong>τῶν</strong></span> <span class='ocrx_word' id='word_1_586' title='bbox 1124 4914 1385 4969; x_wconf 77' lang='grc' dir='ltr'>ἐναντίων</span> <span class='ocrx_word' id='word_1_587' title='bbox 1430 4916 1755 4983; x_wconf 68' lang='grc' dir='ltr'>πνευμάτων</span> <span class='ocrx_word' id='word_1_588' title='bbox 1798 4931 1916 4967; x_wconf 82' lang='grc' dir='ltr'>κιν-</span> 
     </span>
    </p>
   </div>
   <div class='ocr_carea' id='block_1_98' title="bbox 332 5006 680 5062">
    <p class='ocr_par' dir='ltr' id='par_1_98' title="bbox 332 5006 680 5062">
     <span class='ocr_line' id='line_1_98' title="bbox 332 5006 680 5062; baseline 0.009 -3"><span class='ocrx_word' id='word_1_589' title='bbox 332 5006 680 5062; x_wconf 74' lang='grc' dir='ltr'>δυνεύουσαν.</span> 
     </span>
    </p>
   </div>
   <div class='ocr_carea' id='block_1_99' title="bbox 401 5098 1919 5171">
    <p class='ocr_par' dir='ltr' id='par_1_99' title="bbox 401 5098 1919 5171">
     <span class='ocr_line' id='line_1_99' title="bbox 401 5098 1919 5171; baseline 0.001 -19"><span class='ocrx_word' id='word_1_590' title='bbox 401 5098 594 5168; x_wconf 80' lang='grc' dir='ltr'>Δεῦρο,</span> <span class='ocrx_word' id='word_1_591' title='bbox 645 5099 815 5170; x_wconf 78' lang='grc' dir='ltr'>ψυχὴ,</span> <span class='ocrx_word' id='word_1_592' title='bbox 859 5100 1080 5171; x_wconf 76' lang='grc' dir='ltr'>πτεροῖς</span> <span class='ocrx_word' id='word_1_593' title='bbox 1126 5098 1625 5171; x_wconf 78' lang='grc' dir='ltr'>κουφιζομένη,διὰ</span> <span class='ocrx_word' id='word_1_594' title='bbox 1663 5100 1919 5171; x_wconf 82' lang='grc' dir='ltr'>νηστείας</span> 
     </span>
    </p>
   </div>
   <div class='ocr_carea' id='block_1_100' title="bbox 333 5188 1917 5261">
    <p class='ocr_par' dir='ltr' id='par_1_100' title="bbox 333 5188 1917 5261">
     <span class='ocr_line' id='line_1_100' title="bbox 333 5188 1917 5261; baseline 0 -19"><span class='ocrx_word' id='word_1_595' title='bbox 333 5188 567 5259; x_wconf 78' lang='grc' dir='ltr'>ἀρετῶν,</span> <span class='ocrx_word' id='word_1_596' title='bbox 599 5190 700 5260; x_wconf 75' lang='grc' dir='ltr'>τῆς</span> <span class='ocrx_word' id='word_1_597' title='bbox 740 5189 1083 5261; x_wconf 74' lang='grc' dir='ltr'>χαμαιζήλου</span> <span class='ocrx_word' id='word_1_598' title='bbox 1117 5190 1318 5252; x_wconf 87' lang='grc' dir='ltr'>κακίας</span> <span class='ocrx_word' id='word_1_599' title='bbox 1349 5190 1791 5261; x_wconf 81' lang='grc' dir='ltr'>ὑπερανάστηθι,</span> <span class='ocrx_word' id='word_1_600' title='bbox 1822 5190 1917 5244; x_wconf 79' lang='grc' dir='ltr'>καὶ</span> 
     </span>
    </p>
   </div>
   <div class='ocr_carea' id='block_1_101' title="bbox 331 5280 1918 5354">
    <p class='ocr_par' dir='ltr' id='par_1_101' title="bbox 331 5280 1918 5354">
     <span class='ocr_line' id='line_1_101' title="bbox 331 5280 1918 5354; baseline 0.001 -21"><span class='ocrx_word' id='word_1_601' title='bbox 331 5280 591 5351; x_wconf 84' lang='grc' dir='ltr'>θεωρίαις</span> <span class='ocrx_word' id='word_1_602' title='bbox 614 5283 859 5354; x_wconf 71' lang='grc' dir='ltr'>ὶντρύφα</span> <span class='ocrx_word' id='word_1_603' title='bbox 885 5286 1007 5346; x_wconf 83' lang='grc' dir='ltr'>ταῖς</span> <span class='ocrx_word' id='word_1_604' title='bbox 1027 5281 1329 5345; x_wconf 82' lang='grc' dir='ltr'>ἀνωτάταις</span> <span class='ocrx_word' id='word_1_605' title='bbox 1352 5297 1366 5311; x_wconf 83' lang='grc'><em>’</em></span> <span class='ocrx_word' id='word_1_606' title='bbox 1400 5283 1615 5353; x_wconf 76' lang='grc' dir='ltr'>τρυφὴν</span> <span class='ocrx_word' id='word_1_607' title='bbox 1640 5286 1758 5346; x_wconf 85' lang='grc' dir='ltr'>ταῖς</span> <span class='ocrx_word' id='word_1_608' title='bbox 1786 5299 1918 5352; x_wconf 87' lang='grc' dir='ltr'>προ-</span> 
     </span>
    </p>
   </div>
   <div class='ocr_carea' id='block_1_102' title="bbox 335 5371 1915 5445">
    <p class='ocr_par' dir='ltr' id='par_1_102' title="bbox 335 5371 1915 5445">
     <span class='ocr_line' id='line_1_102' title="bbox 335 5371 1915 5445; baseline 0.001 -20"><span class='ocrx_word' id='word_1_609' title='bbox 335 5371 613 5438; x_wconf 82' lang='grc' dir='ltr'>ξενούσαις</span> <span class='ocrx_word' id='word_1_610' title='bbox 667 5373 777 5427; x_wconf 87' lang='grc' dir='ltr'><strong>τῶν</strong></span> <span class='ocrx_word' id='word_1_611' title='bbox 827 5373 1081 5443; x_wconf 83' lang='grc' dir='ltr'>ἀγαθῶν,</span> <span class='ocrx_word' id='word_1_612' title='bbox 1121 5373 1357 5444; x_wconf 71' lang='grc' dir='ltr'>θεοειδὴς</span> <span class='ocrx_word' id='word_1_613' title='bbox 1402 5375 1672 5445; x_wconf 83' lang='grc' dir='ltr'>γενομένη</span> <span class='ocrx_word' id='word_1_614' title='bbox 1705 5374 1793 5428; x_wconf 71' lang='grc' dir='ltr'><strong>διὰ</strong></span> <span class='ocrx_word' id='word_1_615' title='bbox 1826 5376 1915 5427; x_wconf 81' lang='grc' dir='ltr'>πί-</span> 
     </span>
    </p>
   </div>
   <div class='ocr_carea' id='block_1_103' title="bbox 335 5480 525 5528">
    <p class='ocr_par' dir='ltr' id='par_1_103' title="bbox 335 5480 525 5528">
     <span class='ocr_line' id='line_1_103' title="bbox 335 5480 525 5528; baseline 0.005 -12"><span class='ocrx_word' id='word_1_616' title='bbox 335 5480 525 5528; x_wconf 81' lang='grc' dir='ltr'>στεως.</span> 
     </span>
    </p>
   </div>
   <div class='ocr_carea' id='block_1_104' title="bbox 404 5553 1909 5628">
    <p class='ocr_par' dir='ltr' id='par_1_104' title="bbox 404 5553 1909 5628">
     <span class='ocr_line' id='line_1_104' title="bbox 404 5553 1909 5628; baseline 0.003 -20"><span class='ocrx_word' id='word_1_617' title='bbox 404 5553 501 5620; x_wconf 85' lang='grc' dir='ltr'>Τίς</span> <span class='ocrx_word' id='word_1_618' title='bbox 526 5556 801 5622; x_wconf 83' lang='grc' dir='ltr'>ὰκουστάς</span> <span class='ocrx_word' id='word_1_619' title='bbox 829 5557 1046 5628; x_wconf 78' lang='grc' dir='ltr'>ποιήσει</span> <span class='ocrx_word' id='word_1_620' title='bbox 1071 5557 1170 5621; x_wconf 86' lang='grc' dir='ltr'>τὰς</span> <span class='ocrx_word' id='word_1_621' title='bbox 1201 5557 1435 5620; x_wconf 80' lang='grc' dir='ltr'>αἰνέσεις</span> <span class='ocrx_word' id='word_1_622' title='bbox 1471 5557 1567 5611; x_wconf 78' lang='grc' dir='ltr'><strong>σοῦ</strong></span> <span class='ocrx_word' id='word_1_623' title='bbox 1594 5558 1694 5627; x_wconf 76' lang='grc' dir='ltr'>τῆς</span> <span class='ocrx_word' id='word_1_624' title='bbox 1719 5559 1909 5612; x_wconf 76' lang='grc' dir='ltr'>τεκού-</span> 
     </span>
    </p>
   </div>
   <div class='ocr_carea' id='block_1_105' title="bbox 333 5645 1909 5722">
    <p class='ocr_par' dir='ltr' id='par_1_105' title="bbox 333 5645 1909 5722">
     <span class='ocr_line' id='line_1_105' title="bbox 333 5645 1909 5722; baseline 0.006 -25"><span class='ocrx_word' id='word_1_625' title='bbox 333 5660 434 5717; x_wconf 84' lang='grc' dir='ltr'><strong>σης</strong></span> <span class='ocrx_word' id='word_1_626' title='bbox 467 5645 606 5718; x_wconf 77' lang='grc' dir='ltr'>ὑπὲρ</span> <span class='ocrx_word' id='word_1_627' title='bbox 636 5647 759 5704; x_wconf 84' lang='grc' dir='ltr'>νοῦν</span> <span class='ocrx_word' id='word_1_628' title='bbox 799 5648 890 5703; x_wconf 84' lang='grc' dir='ltr'><strong>τὸν</strong></span> <span class='ocrx_word' id='word_1_629' title='bbox 932 5648 1144 5703; x_wconf 72' lang='grc' dir='ltr'>αἰνετὸν</span> <span class='ocrx_word' id='word_1_630' title='bbox 1166 5649 1263 5705; x_wconf 68' lang='grc' dir='ltr'>καὶ</span> <span class='ocrx_word' id='word_1_631' title='bbox 1298 5650 1592 5721; x_wconf 71' lang='grc' dir='ltr'>Δεσπότην,</span> <span class='ocrx_word' id='word_1_632' title='bbox 1622 5651 1781 5722; x_wconf 65' lang='grc' dir='ltr'>ἁγνὴ,</span> <span class='ocrx_word' id='word_1_633' title='bbox 1819 5653 1909 5708; x_wconf 76' lang='grc' dir='ltr'>καὶ</span> 
     </span>
    </p>
   </div>
   <div class='ocr_carea' id='block_1_106' title="bbox 2014 4582 2143 4620">
    <p class='ocr_par' dir='ltr' id='par_1_106' title="bbox 2014 4582 2143 4620">
     <span class='ocr_line' id='line_1_106' title="bbox 2014 4582 2143 4620; baseline -0.008 -1"><span class='ocrx_word' id='word_1_634' title='bbox 2014 4582 2143 4620; x_wconf 72' lang='lat' dir='ltr'><strong>IIICI.</strong></span> 
     </span>
    </p>
   </div>
   <div class='ocr_carea' id='block_1_107' title="bbox 2087 4652 3589 4724">
    <p class='ocr_par' dir='ltr' id='par_1_107' title="bbox 2087 4652 3589 4724">
     <span class='ocr_line' id='line_1_107' title="bbox 2087 4652 3589 4724; baseline -0.005 -14"><span class='ocrx_word' id='word_1_635' title='bbox 2087 4657 2398 4710; x_wconf 72' lang='lat' dir='ltr'><strong>Divinarum</strong></span> <span class='ocrx_word' id='word_1_636' title='bbox 2420 4655 2733 4724; x_wconf 82' lang='lat' dir='ltr'><strong>angelorum</strong></span> <span class='ocrx_word' id='word_1_637' title='bbox 2753 4653 3403 4724; x_wconf 83' lang='lat' dir='ltr'><strong>potestates,clementem</strong></span> <span class='ocrx_word' id='word_1_638' title='bbox 3426 4652 3589 4707; x_wconf 78' lang='lat' dir='ltr'><strong>[leum</strong></span> 
     </span>
    </p>
   </div>
   <div class='ocr_carea' id='block_1_108' title="bbox 2012 4746 3593 4817">
    <p class='ocr_par' dir='ltr' id='par_1_108' title="bbox 2012 4746 3593 4817">
     <span class='ocr_line' id='line_1_108' title="bbox 2012 4746 3593 4817; baseline -0.008 -14"><span class='ocrx_word' id='word_1_639' title='bbox 2012 4750 2298 4817; x_wconf 84' lang='lat' dir='ltr'><strong>implurate</strong></span> <span class='ocrx_word' id='word_1_640' title='bbox 2325 4748 2415 4813; x_wconf 89' lang='lat' dir='ltr'><strong>qui</strong></span> <span class='ocrx_word' id='word_1_641' title='bbox 2440 4748 2608 4800; x_wconf 86' lang='lat' dir='ltr'><strong>salvet</strong></span> <span class='ocrx_word' id='word_1_642' title='bbox 2640 4748 2880 4799; x_wconf 87' lang='lat' dir='ltr'><strong>animam</strong></span> <span class='ocrx_word' id='word_1_643' title='bbox 2912 4747 2965 4798; x_wconf 88' lang='lat' dir='ltr'><strong>in</strong></span> <span class='ocrx_word' id='word_1_644' title='bbox 2996 4746 3130 4797; x_wconf 85' lang='lat' dir='ltr'><strong>mari</strong></span> <span class='ocrx_word' id='word_1_645' title='bbox 3160 4746 3320 4812; x_wconf 75' lang='lat' dir='ltr'><strong>hujus</strong></span> <span class='ocrx_word' id='word_1_646' title='bbox 3346 4746 3466 4798; x_wconf 79' lang='lat' dir='ltr'><strong>vita:</strong></span> <span class='ocrx_word' id='word_1_647' title='bbox 3497 4760 3593 4796; x_wconf 84' lang='lat' dir='ltr'><strong>na-</strong></span> 
     </span>
    </p>
   </div>
   <div class='ocr_carea' id='block_1_109' title="bbox 2012 4826 3639 4904">
    <p class='ocr_par' dir='ltr' id='par_1_109' title="bbox 2012 4826 3639 4904">
     <span class='ocr_line' id='line_1_109' title="bbox 2012 4826 3639 4904; baseline -0.002 -16"><span class='ocrx_word' id='word_1_648' title='bbox 2012 4845 2247 4899; x_wconf 75' lang='lat' dir='ltr'><strong>tantem,</strong></span> <span class='ocrx_word' id='word_1_649' title='bbox 2284 4845 2335 4889; x_wconf 88' lang='lat' dir='ltr'><strong>et</strong></span> <span class='ocrx_word' id='word_1_650' title='bbox 2363 4834 2776 4904; x_wconf 82' lang='lat' dir='ltr'><strong>tempestatibus</strong></span> <span class='ocrx_word' id='word_1_651' title='bbox 2806 4833 3089 4887; x_wconf 87' lang='lat' dir='ltr'><strong>libidinum</strong></span> <span class='ocrx_word' id='word_1_652' title='bbox 3122 4835 3398 4903; x_wconf 73' lang='lat' dir='ltr'><strong>agitatam.</strong></span> <span class='ocrx_word' id='word_1_653' title='bbox 3429 4842 3589 4900; x_wconf 77' lang='lat' dir='ltr'><strong>atque</strong></span> <span class='ocrx_word' id='word_1_654' title='bbox 3624 4826 3639 4833; x_wconf 70' lang='grc'><em>’</em></span> 
     </span>
    </p>
   </div>
   <div class='ocr_carea' id='block_1_110' title="bbox 2016 4925 3505 4997">
    <p class='ocr_par' dir='ltr' id='par_1_110' title="bbox 2016 4925 3505 4997">
     <span class='ocr_line' id='line_1_110' title="bbox 2016 4925 3505 4997; baseline -0.001 -18"><span class='ocrx_word' id='word_1_655' title='bbox 2016 4928 2465 4997; x_wconf 70' lang='lat' dir='ltr'><strong>aggressionibus</strong></span> <span class='ocrx_word' id='word_1_656' title='bbox 2497 4928 2851 4980; x_wconf 65' lang='lat' dir='ltr'><strong>adversorum</strong></span> <span class='ocrx_word' id='word_1_657' title='bbox 2888 4925 3180 4995; x_wconf 80' lang='lat' dir='ltr'><strong>spirituum</strong></span> <span class='ocrx_word' id='word_1_658' title='bbox 3211 4925 3505 4992; x_wconf 80' lang='lat' dir='ltr'><strong>objectam.</strong></span> 
     </span>
    </p>
   </div>
   <div class='ocr_carea' id='block_1_111' title="bbox 2088 5101 3587 5175">
    <p class='ocr_par' dir='ltr' id='par_1_111' title="bbox 2088 5101 3587 5175">
     <span class='ocr_line' id='line_1_111' title="bbox 2088 5101 3587 5175; baseline -0.002 -16"><span class='ocrx_word' id='word_1_659' title='bbox 2088 5108 2221 5175; x_wconf 72' lang='lat' dir='ltr'><strong>Age,</strong></span> <span class='ocrx_word' id='word_1_660' title='bbox 2255 5104 2455 5169; x_wconf 83' lang='lat' dir='ltr'><strong>anima,</strong></span> <span class='ocrx_word' id='word_1_661' title='bbox 2515 5103 2710 5174; x_wconf 74' lang='lat' dir='ltr'><strong>pennis</strong></span> <span class='ocrx_word' id='word_1_662' title='bbox 2769 5101 2925 5169; x_wconf 81' lang='lat' dir='ltr'><strong>fulta,</strong></span> <span class='ocrx_word' id='word_1_663' title='bbox 2984 5118 3080 5173; x_wconf 85' lang='lat' dir='ltr'><strong>per</strong></span> <span class='ocrx_word' id='word_1_664' title='bbox 3121 5103 3350 5172; x_wconf 71' lang='lat' dir='ltr'><strong>jejunis,</strong></span> <span class='ocrx_word' id='word_1_665' title='bbox 3416 5104 3587 5156; x_wconf 88' lang='lat' dir='ltr'><strong>virtu-</strong></span> 
     </span>
    </p>
   </div>
   <div class='ocr_carea' id='block_1_112' title="bbox 2020 5194 3586 5263">
    <p class='ocr_par' dir='ltr' id='par_1_112' title="bbox 2020 5194 3586 5263">
     <span class='ocr_line' id='line_1_112' title="bbox 2020 5194 3586 5263; baseline -0.003 -12"><span class='ocrx_word' id='word_1_666' title='bbox 2020 5206 2155 5263; x_wconf 88' lang='lat' dir='ltr'><strong>tum,</strong></span> <span class='ocrx_word' id='word_1_667' title='bbox 2189 5197 2462 5263; x_wconf 68' lang='lat' dir='ltr'><strong>abja-elam</strong></span> <span class='ocrx_word' id='word_1_668' title='bbox 2507 5197 2771 5250; x_wconf 86' lang='lat' dir='ltr'><strong>malitiam</strong></span> <span class='ocrx_word' id='word_1_669' title='bbox 2802 5196 2895 5250; x_wconf 91' lang='lat' dir='ltr'><strong>tibi</strong></span> <span class='ocrx_word' id='word_1_670' title='bbox 2925 5195 3237 5259; x_wconf 86' lang='lat' dir='ltr'><strong>substerne,</strong></span> <span class='ocrx_word' id='word_1_671' title='bbox 3270 5201 3325 5250; x_wconf 88' lang='lat' dir='ltr'><strong>et</strong></span> <span class='ocrx_word' id='word_1_672' title='bbox 3375 5194 3429 5248; x_wconf 93' lang='lat' dir='ltr'><strong>in</strong></span> <span class='ocrx_word' id='word_1_673' title='bbox 3472 5209 3586 5247; x_wconf 86' lang='lat' dir='ltr'><strong>me-</strong></span> 
     </span>
    </p>
   </div>
   <div class='ocr_carea' id='block_1_113' title="bbox 2018 5285 3590 5354">
    <p class='ocr_par' dir='ltr' id='par_1_113' title="bbox 2018 5285 3590 5354">
     <span class='ocr_line' id='line_1_113' title="bbox 2018 5285 3590 5354; baseline -0.004 -10"><span class='ocrx_word' id='word_1_674' title='bbox 2018 5288 2377 5344; x_wconf 75' lang='lat' dir='ltr'><strong>ditationibus</strong></span> <span class='ocrx_word' id='word_1_675' title='bbox 2407 5288 2726 5342; x_wconf 62' lang='lat' dir='ltr'><strong>caelestibus</strong></span> <span class='ocrx_word' id='word_1_676' title='bbox 2758 5302 2899 5354; x_wconf 74' lang='lat' dir='ltr'><strong>porte</strong></span> <span class='ocrx_word' id='word_1_677' title='bbox 2961 5286 3210 5349; x_wconf 80' lang='lat' dir='ltr'><strong>delicias,</strong></span> <span class='ocrx_word' id='word_1_678' title='bbox 3249 5286 3302 5338; x_wconf 93' lang='lat' dir='ltr'><strong>iu</strong></span> <span class='ocrx_word' id='word_1_679' title='bbox 3355 5285 3590 5339; x_wconf 87' lang='lat' dir='ltr'><strong>medita-</strong></span> 
     </span>
    </p>
   </div>
   <div class='ocr_carea' id='block_1_114' title="bbox 2018 5376 3588 5449">
    <p class='ocr_par' dir='ltr' id='par_1_114' title="bbox 2018 5376 3588 5449">
     <span class='ocr_line' id='line_1_114' title="bbox 2018 5376 3588 5449; baseline -0.002 -17"><span class='ocrx_word' id='word_1_680' title='bbox 2018 5380 2259 5433; x_wconf 86' lang='lat' dir='ltr'><strong>tionibus</strong></span> <span class='ocrx_word' id='word_1_681' title='bbox 2290 5395 2409 5449; x_wconf 69' lang='lat' dir='ltr'><strong>ane</strong></span> <span class='ocrx_word' id='word_1_682' title='bbox 2450 5380 2635 5435; x_wconf 84' lang='lat' dir='ltr'><strong>beatos</strong></span> <span class='ocrx_word' id='word_1_683' title='bbox 2684 5378 2922 5434; x_wconf 84' lang='lat' dir='ltr'><strong>eiliciunt</strong></span> <span class='ocrx_word' id='word_1_684' title='bbox 2969 5377 3162 5441; x_wconf 86' lang='lat' dir='ltr'><strong>bonos,</strong></span> <span class='ocrx_word' id='word_1_685' title='bbox 3199 5376 3393 5431; x_wconf 80' lang='lat' dir='ltr'><strong>similis</strong></span> <span class='ocrx_word' id='word_1_686' title='bbox 3446 5376 3588 5430; x_wconf 75' lang='lat' dir='ltr'><strong>facta</strong></span> 
     </span>
    </p>
   </div>
   <div class='ocr_carea' id='block_1_115' title="bbox 2020 5472 2477 5541">
    <p class='ocr_par' dir='ltr' id='par_1_115' title="bbox 2020 5472 2477 5541">
     <span class='ocr_line' id='line_1_115' title="bbox 2020 5472 2477 5541; baseline -0.002 -15"><span class='ocrx_word' id='word_1_687' title='bbox 2020 5473 2129 5527; x_wconf 81' lang='lat' dir='ltr'><strong>lleu</strong></span> <span class='ocrx_word' id='word_1_688' title='bbox 2164 5488 2257 5541; x_wconf 90' lang='lat' dir='ltr'><strong>per</strong></span> <span class='ocrx_word' id='word_1_689' title='bbox 2299 5472 2477 5525; x_wconf 82' lang='lat' dir='ltr'><strong>ﬁdem.</strong></span> 
     </span>
    </p>
   </div>
   <div class='ocr_carea' id='block_1_116' title="bbox 2088 5561 3587 5632">
    <p class='ocr_par' dir='ltr' id='par_1_116' title="bbox 2088 5561 3587 5632">
     <span class='ocr_line' id='line_1_116' title="bbox 2088 5561 3587 5632; baseline -0.002 -15"><span class='ocrx_word' id='word_1_690' title='bbox 2088 5566 2222 5631; x_wconf 85' lang='lat' dir='ltr'><strong>Quis</strong></span> <span class='ocrx_word' id='word_1_691' title='bbox 2257 5565 2472 5620; x_wconf 84' lang='lat' dir='ltr'><strong>auditas</strong></span> <span class='ocrx_word' id='word_1_692' title='bbox 2517 5564 2676 5618; x_wconf 78' lang='lat' dir='ltr'><strong>faciet</strong></span> <span class='ocrx_word' id='word_1_693' title='bbox 2726 5563 2911 5618; x_wconf 79' lang='lat' dir='ltr'><strong>laudes</strong></span> <span class='ocrx_word' id='word_1_694' title='bbox 2974 5571 3119 5625; x_wconf 84' lang='lat' dir='ltr'><strong>tuas,</strong></span> <span class='ocrx_word' id='word_1_695' title='bbox 3176 5578 3295 5631; x_wconf 66' lang='lat' dir='ltr'><strong>qua:</strong></span> <span class='ocrx_word' id='word_1_696' title='bbox 3350 5561 3587 5632; x_wconf 74' lang='lat' dir='ltr'><strong>genuisti</strong></span> 
     </span>
    </p>
   </div>
   <div class='ocr_carea' id='block_1_117' title="bbox 2014 5652 3587 5727">
    <p class='ocr_par' dir='ltr' id='par_1_117' title="bbox 2014 5652 3587 5727">
     <span class='ocr_line' id='line_1_117' title="bbox 2014 5652 3587 5727; baseline -0.004 -16"><span class='ocrx_word' id='word_1_697' title='bbox 2014 5657 2175 5712; x_wconf 85' lang='lat' dir='ltr'><strong>modo</strong></span> <span class='ocrx_word' id='word_1_698' title='bbox 2214 5655 2754 5727; x_wconf 80' lang='lat' dir='ltr'><strong>incomprehensibili</strong></span> <span class='ocrx_word' id='word_1_699' title='bbox 2787 5653 3110 5710; x_wconf 65' lang='lat' dir='ltr'><strong>laudabilem</strong></span> <span class='ocrx_word' id='word_1_700' title='bbox 3155 5652 3379 5717; x_wconf 87' lang='lat' dir='ltr'><strong>llerum,</strong></span> <span class='ocrx_word' id='word_1_701' title='bbox 3413 5660 3587 5717; x_wconf 80' lang='lat' dir='ltr'><strong>casta,</strong></span> 
     </span>
    </p>
   </div>
  </div>
