3988 6202
394 225 537 292 3843

1283 222 1355 291 8,
1383 227 1807 289 SOPHRONII
1845 224 2356 286 PATRIARCfL-E
2387 225 2790 290 HIEROSOL.

3520 236 3664 300 3814

395 346 450 394 et
480 338 792 404 hominum,
823 354 982 409 quem
1024 337 1251 392 laudant
1274 339 1638 407 archangeli?
1671 339 1825 392 illum
1876 338 1978 407 igi-

2094 335 2308 406 Κύριον,
2359 337 2527 407 ὅνπερ
2562 337 2801 391 αἰνοῦσιν
2832 304 3451 416 ἀγγέλωνκταξιαρχίαι,
3490 348 3665 400 Αὐτὸν

398 439 487 482 tur
537 428 765 498 implora
828 445 926 499 pro
980 428 1181 498 populo
1248 427 1609 497 delinquenti,
1671 426 1834 498 Virgo
1899 430 1982 481 in-

392 534 471 575 'nu
479 530 567 591 pta
579 564 590 575 .

920 610 1126 664 Floruit
1162 608 1449 664 desertum.

462 701 858 770 Crucitlgamus
908 698 1151 754 membra
1202 715 1297 769 per
1333 697 1769 769 temperantiam:
1809 697 1978 752 sobrii

393 792 565 866 simus
592 790 658 842 ad
694 789 990 850 orationes.
1032 799 1090 843 nt
1126 789 1389 858 scriptun
1420 796 1523 849 est,
1566 796 1620 840 et
1654 785 1810 855 juxta
1862 801 1980 840 ves-

393 880 523 950 tigia
576 880 824 933 vivamus
886 878 1145 949 patientis
1192 877 1285 946 qui
1334 876 1552 930 dolores
1585 872 1865 929 damnavit
1911 874 1980 928 ad

392 977 648 1025 mortem.

466 1059 812 1129 Exspuentes
871 1071 1118 1110 aliiarum
1176 1066 1477 1125 peccatum,
1524 1053 1847 1110 festinemus
1880 1068 1979 1107 vo-

393 1152 604 1205 luutate
643 1164 765 1219 qnze
816 1152 953 1202 iram
979 1158 1201 1216 experta
1240 1156 1326 1203 est.
1368 1146 1725 1216 bencplacere
1755 1145 1979 1201 Christo

392 1242 484 1312 qui
549 1256 645 1311 per
699 1255 915 1294 crucem
991 1240 1253 1294 destruxit
1333 1239 1660 1309 principium
1731 1238 1976 1294 oninium

412 1332 703 1387 malorum.

459 1424 561 1478 Cui
610 1438 870 1480 assuesco
930 1431 1214 1494 peccatum
1272 1419 1441 1475 trahit
1483 1434 1568 1474 me
1617 1420 1673 1473 in
1712 1418 1975 1494 integram

388 1516 605 1570 ruinam
636 1532 649 1566 :
695 1515 791 1571 sed
821 1525 879 1570 tu
916 1531 1000 1571 me
1031 1515 1100 1568 ab
1129 1529 1188 1568 ea
1221 1528 1486 1584 przeserva
1522 1527 1619 1583 per
1653 1521 1799 1567 tuam
1849 1527 1975 1567 cru-

400 1622 542 1671 cem,
571 1607 808 1665 clemens
840 1606 1377 1663 misericordissime.

2082 424 2175 481 οὖν
2220 428 2523 482 ἐκδυσώπει
2581 431 2719 501 ὑπὲρ
2770 431 2899 485 λαοῦ
2946 436 3367 506 ἡμαρτηκότος,
3419 440 3662 513 Παρθένε

2083 519 2442 590 ἁπειρόγαμε.
2492 524 2496 531 ’

2506 612 2885 680 Ἐξήνθησεν
2923 617 2960 684 ἡ
2999 617 3238 687 ἕρημος.

2152 702 2567 775 Σταυρώσωμεν
2610 706 2689 759 τὰ·
2714 707 2849 779 μέλη
2903 708 2972 761 δι’
2997 711 3356 780 ἐγκρατείας·
3402 712 3665 785 νήφωμεν

2080 795 2160 856 εἰς
2210 796 2541 868 προσευχὰς,
2571 796 2645 861 ὡς
2672 799 3001 867 γέγραπται,
3033 801 3124 853 καὶ
3169 804 3288 855 κατ’
3317 804 3462 875 ἴχνος
3511 808 3666 860 πολι-

2079 885 2400 952 τευσώμεθα
2436 887 2532 940 τοῦ
2575 888 2836 952 παθόντος
2873 890 2968 943 καὶ
3005 890 3152 962 πάθη
3192 892 3622 960 θανατώσαντος.

2151 1047 2484 1120 Ἐμέσαντες
2531 1052 2630 1125 τὴν
2680 1052 2952 1127 ἔμπικρον
3000 1057 3300 1129 ἁμαρτίαν,
3336 1061 3657 1132 σπεύσωμεν

2078 1141 2156 1212 τῷ
2208 1142 2309 1214 τὴν
2368 1143 2530 1216 χολὴν
2592 1144 2860 1216 θελήματι
2918 1151 3261 1222 γευσαμένῳ·
3294 1152 3661 1225 εὐαρεστῆσαι

2080 1232 2325 1304 Χριστῷ,
2363 1236 2441 1305 τῷ
2482 1235 2702 1307 σταυρῷ
2740 1237 3021 1292 καθελόντι
3054 1240 3146 1293 τὸν
3183 1242 3513 1313 ἀρχέκακον.

2147 1413 2445 1485 Συνήθειαν
2471 1376 2765 1487 λαϐοῦσαὶὴ
2788 1417 3031 1488 ἁμαρτία
3053 1419 3198 1473 ἕλκει
3221 1438 3289 1490 με
3314 1422 3395 1485 εἰς
3419 1425 3659 1495 παντελῆ

2076 1505 2353 1560 ἀπώλειαν
2369 1521 2383 1535 ⁶
2408 1505 2541 1561 ἀλλὰ
2567 1505 2629 1560 σύ
2658 1525 2726 1578 με
2746 1510 2950 1581 ταύτης
2972 1510 3316 1583 ὲκλύτρωσαι
3336 1513 3416 1584 τῷ
3437 1517 3659 1589 σταυρῷ

2080 1613 2198 1664 σου,
2226 1598 2547 1676 οἰκτίρμων,
2570 1599 2843 1655 πολυέλεε.

460 1698 666 1769 Regere
687 1716 878 1755 omnes
903 1712 1082 1760 actus,
1110 1696 1338 1767 Regina,
1369 1711 1488 1765 qua:
1512 1708 1689 1762 regem
1726 1690 1983 1759 genuisti,

2155 1687 2497 1751 Δεσπόζουσα
2516 1688 2771 1743 ἁπάντων
2785 1691 2894 1744 τῶν
2913 1693 3252 1762 ποιημάτων,
3280 1695 3564 1763 Δέσποινα,
3579 1697 3660 1760 ὡς

391 1792 659 1848 servitute
688 1792 857 1848 libera
885 1809 970 1847 me
1000 1792 1172 1846 dolosi
1202 1791 1479 1859 soliusque
1504 1789 1777 1843 bellantis.

953 1970 1205 2025 Cuminus
1236 1970 1409 2023 modo.

460 2062 727 2117 Cominus
772 2059 1059 2114 libidinum
1108 2059 1403 2112 inﬂammat
1458 2059 1693 2114 animam
1741 2072 1917 2114 meam
1960 2075 1977 2113 :

391 2169 520 2208 rore
548 2161 727 2207 autem
778 2152 1169 2206 misericordiae
1212 2160 1317 2204 tua:
1351 2153 1489 2205 hanc
1515 2152 1781 2222 refrigcra
1817 2170 1831 2205 :
1869 2166 1978 2220 quo

397 2247 616 2299 volente
653 2246 915 2299 salierunt
946 2245 1096 2313 pacis
1140 2246 1313 2303 [putes
1344 2245 1418 2296 cx'
1441 2243 1648 2298 intacto
1687 2244 1856 2298 latere
1882 2252 1977 2299 tuo

386 2334 607 2406 quando
637 2334 930 2391 crucifixus
957 2350 1037 2398 cs,
1072 2334 1337 2396 benefice,
1372 2347 1498 2386 cum
1553 2346 1748 2403 magna
1803 2332 1975 2387 humi-

388 2428 642 2481 liatidue.

457 2518 734 2572 Extollens
767 2531 867 2570 nos
911 2515 978 2569 ad
1021 2514 1281 2568 malitiam
1333 2513 1630 2569 inclinatos
1676 2528 1773 2584 per
1821 2521 1970 2567 tuam

388 2611 443 2665 iu
487 2624 653 2663 cruce
707 2608 1058 2665 ercctionem.
1095 2605 1349 2662 ChriSte:
1382 2604 1523 2659 unde
1555 2605 1847 2672 jacientem
1885 2618 1970 2656 me

389 2711 609 2769 peccata
638 2700 692 2752 in
724 2698 979 2769 abyssum
1018 2696 1184 2750 reduc
1221 2705 1275 2749 et
1303 2672 1534 2762 sustine,
1570 2706 1719 2765 petra
1753 2694 1968 2757 salutis,

390 2808 443 2844 ιιι
477 2788 774 2859 glorificent
816 2788 1113 2858 potentiam
1148 2795 1318 2840 tuam.

460 2882 558 2935 Per
607 2882 846 2932 lanceam
903 2883 1076 2941 tuam,
1126 2877 1366 2943 Christe,
1419 2876 1703 2931 libidinum
1765 2893 1961 2933 corru-

387 2977 625 3041 ptionem
668 2985 905 3039 expurga
933 2969 1000 3023 de
1028 2969 1193 3024 corde
1227 2985 1370 3034 meo,
1402 2971 1789 3041 integrumque
1815 2986 1969 3025 sanc-

2008 1840 2011 1841 ν
2084 1775 2177 1830 τὸν
2217 1777 2492 1846 Δεσπότην
2531 1778 2878 1850 τέξασα,’τῆς
2917 1780 3158 1848 δουλείας
3193 1801 3260 1855 με
3294 1785 3658 1855 ἑλευθέρωσον

2083 1868 2199 1935 τοῦ,
2216 1869 2388 1923 δολίου
2428 1873 2521 1925 καὶ
2562 1872 2724 1941 μόνου
2766 1874 3158 1946 πολεμήτορος.

2638 1964 2899 2034 Κάμινός
2937 1983 3101 2020 ποτε.
3132 1970 3139 1971 “

2152 2055 2397 2125 Κάμινος
2425 2056 2612 2109 παθῶν
2646 2056 2888 2126 φλογίζει
2919 2059 3012 2130 τὴν
3042 2060 3218 2130 ψυχήν
3251 2076 3385 2130 pou’
3418 2061 3551 2116 ἀλλὰ
3588 2065 3654 2133 τῇ

2081 2144 2256 2215 δρόσῳ
2285 2144 2377 2199 τοῦ
2411 2145 2592 2209 ἐλέους
2618 2164 2710 2200 σου
2743 2149 2943 2216 ταύτην
2966 2150 3353 2221 καταμὰρανον
3374 2168 3390 2184 ·
3415 2152 3444 2204 ό
3472 2155 3656 2222 πηγά-

2084 2252 2183 2298 σας
2228 2237 2498 2301 ἀπαθείας
2548 2240 2807 2309 κρουνοὺς
2860 2240 3098 2310 πλευρᾶς
3142 2240 3203 2305 ὲξ
3247 2241 3530 2313 ἀκηράτου
3562 2258 3656 2295 σου

2083 2327 2504 2399 σταυρούμενος,
2538 2329 2820 2401 εὐεργέτα,
2850 2331 2937 2384 διὰ
2962 2331 3160 2404 πολλὴν
3187 2332 3616 2402 συγκαταϐασιν.

2152 2507 2415 2580 ’Υψωσας
2448 2512 2595 2583 ἡμᾶς
2629 2513 2892 2578 πεσόντας
2913 2515 2993 2579 είς
3020 2516 3240 2583 κακίαν,
3259 2521 3324 2589 τῇ
3350 2520 3408 2571 ὲν
3434 2516 3656 2589 σταυρῷ

2081 2616 2173 2653 σου
2203 2600 2494 2670 ἀνυψώσει,
2519 2604 2740 2674 Χριστέ·
2764 2604 2886 2658 ὅθεν
2909 2605 3267 2677 ὀλισθήσαντα
3285 2610 3561 2680 ἁμαρτίας
3584 2625 3654 2678 με

2078 2691 2157 2754 εἰς
2193 2691 2459 2763 βάραθρα,
2489 2695 2730 2762 ἀνάγαγε
2764 2697 2857 2750 καὶ¹
2893 2698 3166 2768 στήριξον,
3196 2700 3370 2771 πέτρα
3400 2700 3500 2771 τῆς
3548 2718 3655 2754 σω·

2077 2782 2297 2852 τηρίας,
2338 2785 2486 2848 ὅπως
2522 2784 2730 2851 δοξάζω
2769 2787 2828 2840 τὸ
2866 2790 3064 2859 κράτος
3104 2807 3219 2843 σου.

2146 2875 2332 2949 Λόγχῃ
2354 2894 2469 2942 σου,
2492 2879 2713 2951 Χριστὲ,
2742 2878 2930 2933 παθῶν
2955 2879 3053 2952 τὴν
3080 2881 3344 2953 σηπεδόνα
3367 2883 3653 2940 ἀποκαθὰ-

2078 2982 2177 3034 ρας
2209 2969 2308 3035 τῆς
2336 2969 2563 3040 καρδίας
2600 2987 2704 3040 μου
2728 3010 2744 3034 ,
2775 2972 2896 3025 ὅλον
2945 2973 3302 3042 καθαγίασον,
3350 2976 3409 3031 ὃν
3453 2978 3482 3029 ὁ
3526 2978 3655 3045 ὄφις

387 3061 528 3115 tilica
565 3061 708 3130 quud
743 3075 971 3128 serpens
1016 3061 1322 3113 vulnerant
1356 3061 1615 3115 dentibus
1653 3062 1957 3117 venenatis:

2094 3059 2471 3130 ;τραυμάτισεν
2495 3061 2704 3114 ὀδοῦσιν
2736 3063 2961 3128 ίοϐόλοις
2982 3080 2997 3095 ⁶
3025 3067 3120 3119 καὶ
3144 3066 3287 3120 δίδου
3318 3084 3408 3138 μοι
3436 3069 3654 3123 ἀκωλύ-

383 3163 437 3206 et
476 3150 714 3206 cont-ede
770 3149 900 3202 mihi
952 3148 1157 3218 absque
1201 3149 1591 3220 impedimento
1639 3167 1734 3219 per
1765 3152 1975 3205 divinas

386 3242 507 3296 vias
538 3242 849 3295 ambulare.

455 3333 531 3387 'l‘e
562 3333 853 3403 fulgentem
884 3330 1186 3403 lampadem
1214 3339 1268 3385 ct
1298 3330 1715 3397 carbunculum,
1753 3333 1806 3387 in
1864 3348 1973 3404 qua

387 3423 530 3493 ignis
565 3423 869 3479 divinitatis
927 3422 1180 3479 residens
1216 3422 1541 3481 illuminavit
1573 3439 1863 3494 percussos
1894 3426 1975 3479 ui-

369 3531 483 3584 ⁸ειτι
541 3515 912 3584 corruptione,
971 3513 1314 3575 intemerata,
1384 3529 1712 3569 veneramur
1767 3530 1971 3573 omnes

388 3605 791 3672 benediceutes,
844 3605 1130 3661 benedicta
1181 3614 1404 3676 prapter
1440 3606 1696 3662 fructum
1757 3608 1968 3663 ventris

390 3698 492 3749 tui.

909 3805 1121 3862 ιΕιενιιί
1167 3811 1425 3878 parentis.

464 3900 601 3954 Cum
649 3898 945 3971 splendore
983 3904 1076 3971 qni
1107 3904 1279 3958 solem
1309 3912 1553 3973 superat.
1599 3903 1670 3959 ob
1698 3901 1970 3973 jejunium

384 3990 622 4067 fulgens,
655 3991 829 4062 gratia
862 3990 1274 4063 fulgentissima
1324 3995 1666 4066 evangelizat
1711 3980 1971 4051 omnibus

384 4083 575 4136 crucis
623 4083 824 4150 radios,
861 4093 917 4139 et
967 4098 1226 4139 auroram
1282 4087 1615 4141 venerabilis
1659 4085 1966 4157 passionis,

380 4183 436 4229 et
467 4176 889 4231 resurrectionis
915 4177 1058 4233 diem
1081 4176 1403 4231 salutarem.
1600 4173 1606 4180 ’

462 4266 787 4321 Castitatcm
845 4275 1117 4337 optemus,
1191 4252 1623 4336 impudicitiam.
1658 4268 1964 4340 fugiamus,

2075 3163 2183 3208 τως
2223 3148 2371 3211 θείας
2410 3151 2545 3222 πρὸς
2584 3151 2804 3221 τρίϐους
2842 3152 3189 3223 πορεύεσθαι.

2146 3329 2214 3381 Σὲ
2242 3329 2339 3400 τὴν
2369 3331 2593 3402 φαεινὴν
2622 3330 2878 3401 λαμπάδα
2913 3334 3006 3387 καὶ
3034 3334 3272 3405 λυχνίαν,
3303 3338 3360 3389 ἐν
3385 3331 3420 3409 ἦ
3450 3338 3513 3390 τὸ
3538 3337 3656 3408 πῦρ

2074 3418 2138 3470 τὸ
2182 3420 2281 3488 τῆς
2329 3421 2603 3491 θεότητος,
2634 3422 2861 3492 οίκῆσαν
2894 3423 3127 3493 ἐφώτισε
3183 3427 3309 3489 τοὺς
3354 3427 3659 3481 νυκτοειδεῖ

2077 3511 2437 3580 συσχεθέντας
2464 3513 2660 3586 φθορᾷ,
2711 3514 2967 3585 ἀμίαντε,
3015 3516 3362 3588 γεραίρωμεν
3410 3518 3657 3584 ἅπαντες

2075 3600 2446 3669 εὐλογοῦντες,
2487 3602 2827 3675 εὐλογημένη
2866 3603 2957 3657 τὸν
2993 3604 3152 3659 τόκον
3192 3622 3305 3659 σου.

2512 3799 2570 3855 Ἀ
2578 3800 2807 3871 νάρχου
2849 3801 3224 3872 γεννήτορος.
3566 3834 3571 3841 -

2160 3888 2341 3942 Ἡλίου
2374 3891 2750 3963 φαιδρότερον,
2778 3892 3034 3962 νηστείας
3066 3890 3451 3961 ὰναλάμψασα,
3481 3896 3515 3963 ἡ
3549 3912 3654 3947 πο-

2073 3980 2317 4052 λύφωτος
2350 3985 2532 4055 χάρις,
2561 3984 2970 4054 εὐαγγελίζεται
3000 3986 3135 4039 πᾶσι
3163 3983 3258 4038 τοῦ
3290 3986 3524 4057 σταυροῦ
3547 3987 3653 4051 τὰς

2072 4076 2321 4141 ᾁκτίνας,
2355 4076 2451 4129 καὶ
2481 4077 2580 4140 τὰς
2616 4076 2791 4145 αὐγὰς
2822 4076 2918 4131 τοῦ
2948 4077 3134 4148 τιμίου
3163 4077 3391 4145 πάθους,
3424 4079 3518 4132 καὶ
3546 4078 3650 4148 τῆς

2075 4167 2430 4231 ἀναστάσεως
2467 4168 2566 4239 τὴν
2603 4168 2816 4240 ἡμέραν
2850 4169 2952 4239 τὴν
2991 4171 3285 4241 σωτήριον.

2153 4260 2405 4329 Ἀγνείαν
2432 4260 2762 4331 ποθήσωμεν
2784 4300 2799 4327 ,
2831 4261 3089 4331 πορνείαν
3114 4261 3487 4333 ἀποφύγωμεν
3503 4301 3518 4325 ,
3544 4263 3652 4331 τὴν

381 4357 783 4427 praecinganius
815 4372 974 4412 renes
1006 4359 1389 4427 temperantia,
1428 4369 1488 4412 ut
1531 4360 1652 4429 puri
1698 4376 1991 4431 apparear

2094 4353 2240 4422 »σφὺν
2306 4353 2629 4425 σοφρωσύνῃ
2691 4352 3169 4424 περιζωσώμεθα,
3222 4354 3372 4418 ὅπως
3418 4353 3652 4424 καθαροὶ

382 4464 507 4503 mus
537 4458 663 4503 ante
689 4464 884 4518 purum
921 4457 974 4504 et
995 4450 1339 4504 solummodo
1359 4452 1724 4521 requirentem
1752 4455 1821 4509 ab
1842 4472 1964 4510 om-

381 4542 546 4596 nibus
580 4541 896 4610 puritatem,
921 4539 1259 4597 Salvatorem
1285 4544 1593 4599 animarum
1626 4556 1961 4605 nostrarum.

452 4633 693 4695 Christe,
749 4632 949 4687 timore
1009 4642 1105 4687 tuo
1142 4634 1354 4705 conlige
1395 4651 1592 4693 carnes
1626 4653 1823 4694 meas:
1868 4639 1964 4709 qui

378 4723 535 4778 cruci
582 4730 862 4794 peccatum
907 4723 1097 4779 Adami
1159 4725 1454 4793 confixisti,
1497 4728 1647 4784 solve
1693 4731 1962 4784 malorum

380 4830 624 4871 meorum
647 4814 950 4881 vinculum,
982 4815 1109 4871 mali
1148 4817 1433 4890 confringe
1480 4821 1587 4876 tela
1626 4821 1813 4877 lancea
1845 4832 1956 4889 tua,

382 4905 629 4970 Domine,
654 4913 710 4960 et
733 4905 804 4960 ab
832 4904 923 4961 illa
951 4906 1265 4964 calamitate
1299 4910 1469 4966 libera
1497 4927 1601 4967 me.

445 5080 692 5138 Jndicem
731 5083 1112 5154 aequissimum
1144 5094 1197 5142 et
1233 5087 1410 5143 solum
1449 5088 1959 5157 clementissimum,

378 5173 562 5246 Virgo,
604 5189 724 5245 quae
751 5175 989 5244 genuisti
1017 5178 1294 5234 Christum
1324 5174 1634 5246 Dominum,
1663 5180 1868 5246 l’uella,
1902 5181 1962 5234 li-

372 5268 501 5322 bera
562 5280 647 5322 me
689 5280 719 5319 a
774 5266 1128 5324 damnatione
1193 5278 1248 5325 et
1284 5272 1410 5342 igne
1467 5286 1533 5327 ac
1580 5274 1839 5337 vindicta,
1899 5280 1956 5327 tu

371 5359 532 5429 cujus
567 5357 778 5414 fructus
802 5369 1027 5430 peccata
1060 5376 1179 5417 mea
1216 5367 1480 5435 suscepit.

885 5448 1109 5520 Sapiens
1142 5454 1454 5525 ine/rabilis.

442 5539 546 5607 Qui
595 5549 651 5596 ut
681 5547 829 5597 astra
880 5542 936 5597 in
984 5559 1207 5616 apogazo
1243 5547 1545 5617 discipulos
1584 5548 1639 5602 in
1690 5549 1956 5620 pranlica-

375 5637 524 5690 tione
561 5635 873 5705 ostendisti,
908 5635 1145 5693 Verbum
1203 5638 1317 5706 Dei,
1368 5641 1532 5696 corda
1586 5651 1774 5698 nostra
1831 5642 1958 5697 illu-

2068 4446 2398 4517 ἐποφθᾶψεν
2446 4446 2526 4516 τῷ
2574 4446 2802 4518 καθαρῷ
2835 4447 2929 4502 καὶ
2963 4446 3124 4516 μόνον
3173 4448 3239 4500 ὲκ
3283 4447 3499 4500 πάντων
3544 4446 3649 4517 ζη-

2065 4539 2245 4595 τοῦντι
2281 4542 2381 4611 τὴν
2418 4539 2704 4611 κάθαρσιν,
2733 4538 2811 4611 τῷ
2831 4539 3046 4610 Σωτῆρι
3082 4539 3192 4593 τῶν
3227 4539 3415 4610 ψυχῶν
3452 4540 3640 4609 ἡμῶν.

2134 4631 2356 4702 Χριστὲ,
2404 4633 2469 4685 ἑκ
2488 4631 2582 4685 τοῦ
2615 4631 2781 4702 φόϐου
2824 4647 2917 4685 σου
2952 4629 3273 4702 καθήλωσον
3303 4630 3404 4695 τὰς
3433 4631 3650 4700 σάρκας

2066 4740 2206 4795 μου·
2260 4725 2290 4778 ὁ
2342 4722 2561 4795 σταυρῷ
2592 4722 2953 4795 προσηλώσας
2994 4723 3094 4795 τὴν
3135 4724 3412 4796 ἁμαρτίαν
3447 4725 3648 4794 Ἀδὰμ,

2063 4814 2222 4868 λῦσον
2256 4814 2367 4869 τῶν
2396 4814 2584 4869 κακῶν
2615 4832 2717 4885 μου
2752 4815 2851 4885 τὴν
2896 4813 3063 4881 δέσιν,
3095 4813 3192 4868 τοῦ
3230 4813 3477 4886 Πονηροῦ
3516 4815 3654 4868 σύν-

2061 4906 2252 4977 τριψον
2278 4906 2347 4960 τὰ
2377 4907 2502 4979 βέλη
2533 4910 2601 4978 τῇ
2630 4906 2797 4978 λόγχη
2828 4924 2944 4974 σου,
2970 4907 3236 4972 Δέσποτα,
3265 4907 3363 4961 καὶ
3384 4908 3484 4979 τῆς
3511 4910 3650 4964 τού.

2061 5013 2154 5049 του
2193 4996 2396 5067 βλάϐης
2435 4998 2596 5068 ῥῦσαί
2636 5013 2727 5067 με.

2131 5089 2341 5162 Κριτὴν
2366 5090 2705 5145 δικαιότατον
2733 5089 2828 5144 καὶ
2859 5089 3022 5161 μόνον
3054 5088 3458 5154 εὐδιάλλακτον,
3485 5089 3521 5160 η
3552 5105 3650 5143 τε·

2060 5181 2250 5245 κούσα,
2286 5181 2550 5251 Παρθένε,
2578 5182 2815 5254 Χριστὸν
2846 5183 3070 5254 Κύριον,
3100 5180 3261 5252 ῥῦσαί
3286 5197 3355 5253 με
3380 5181 3478 5253 τῆς
3521 5180 3651 5252 κρί-

2060 5289 2218 5337 σεως,
2254 5274 2429 5344 Κόρη,
2450 5275 2543 5328 καὶ
2568 5273 2662 5328 τοῦ
2688 5275 2862 5345 πυρὸς
2894 5275 2988 5328 καὶ
3011 5274 3110 5345 τῆς
3132 5274 3428 5345 τιμωρίας,
3446 5267 3517 5344 ἧς
3547 5289 3649 5344 μοι

2059 5364 2421 5437 προεξὲνησεν
2459 5367 2734 5438 ἁμαρτίας
2777 5368 2811 5437 ἡ
2848 5366 3172 5430 ἀπόλαυσις.

2465 5458 2519 5511 '9
2556 5462 2822 5529 σορίσας
2851 5460 3005 5527 ὑπὲρ
3034 5459 3245 5527 ῥητόν.

2141 5548 2199 5601 Ὀ
2223 5550 2520 5619 φωστῆρσς
2548 5550 2605 5603 ἐν
2631 5554 2741 5613 τοῖς
2768 5550 2966 5621 πέρασι
2992 5550 3116 5611 τοὺς
3145 5548 3394 5618 μαθητας
3423 5546 3646 5601 ἀναδεί-

2060 5642 2154 5707 ξας
2211 5642 2288 5714 τῷ
2338 5642 2671 5715 κηρύγματι,
2699 5642 2835 5711 Mys
2882 5641 3041 5709 θεοῦ,
3073 5640 3171 5704 τὰς
3211 5639 3437 5710 καρδίας
3475 5638 3645 5709 ἡμῶν
