3988 6202
352 228 498 294 3845

1791 217 2195 281 TRlODlUM.

3455 209 3592 271 38i6

350 338 587 406 φώτισον
629 335 772 394 φωτὶ
806 334 1035 403 ἀρετῶν,
1070 333 1165 386 κοιλ⁵
1207 331 1430 404 νηστείᾳ
1477 332 1734 402 κάθαρον,
1766 330 1936 388 διδοὺς

2079 329 2184 380 tina
2233 328 2439 398 fulgore
2483 329 2762 388 virtutum,
2806 335 2857 378 et
2883 322 3096 393 jejunio
3128 320 3599 392 purifica,conce—

353 435 640 495 μετάνοιαν
671 425 1008 493 ἐπιστροφῆς
1039 423 1152 484 τοῖς
1179 421 1390 484 δούλοις
1420 438 1538 484 σου,
1568 422 1646 483 εἰς
1680 419 1742 472 τὸ
1783 417 1936 481 δοξά-

351 518 464 578 ζειν
503 533 596 579 σε,
633 517 662 569 ό
703 515 863 584 μόνος
901 513 1186 582 ὑπάρχων,
1230 511 1568 580 ὐπεράγαθε.

744 623 1086 692 Ἐλήλυθας
1123 621 1191 674 ἐκ
1230 621 1557 690 Παρθένου.

423 715 781 788 Ἐγκρατείας
811 715 911 778 τὰς
940 714 1113 782 αὐγὰς
1144 714 1405 782 δεχομένη
1438 711 1807 784 ἀστράφθητι,
1836 712 1940 783 ψυ-

358 812 451 880 χὴ,
481 811 574 862 καὶ
605 808 856 876 ἁπόφυγε
904 807 1007 876 τῆς
1053 805 1325 874 ἁμαρτίας
1357 804 1454 874 τὴν
1501 803 1759 873 ζόφωσιν,
1791 805 1940 866 ὅπως

353 902 609 970 ἀνατείλῃ
651 916 733 951 σοι
773 899 807 969 ἡ
843 897 947 967 τῆς
985 898 1231 966 ἀφέσεως
1269 895 1434 964 αἴγλη
1472 896 1600 963 θείῳ
1640 896 1937 967 Πνεύματι.

426 991 737 1058 ’Λγκὶστρῳ
768 1003 834 1056 με
869 985 1063 1058 ἡδονῆς
1106 984 1364 1048 δελεάσας
1387 987 1416 1037 ὁ
1445 985 1616 1049 δόλιος
1655 987 1940 1056 αἰχμάλω-

355 1096 446 1131 τον
480 1077 671 1130 ἐλαϐεν
693 1092 706 1107 ·
739 1075 856 1128 ἀλλ’
889 1075 941 1127 οἱ
975 1075 1068 1128 τὸν
1091 1073 1297 1142 κόσμον
1326 1074 1613 1128 ἀπόστολοι
1657 1076 1800 1147 λόγῳ
1843 1094 1941 1128 σα-

355 1168 740 1239 γηνεύσαντες,
761 1168 826 1220 ὲκ
842 1167 941 1236 τῆς
958 1164 1122 1218 αὑτοῦ
1146 1181 1210 1234 με
1235 1164 1432 1228 κακίας
1453 1166 1891 1237 ὲκλυτρώσασθε.

425 1259 736 1328 Ἐδείχθητε
763 1256 858 1310 τοῦ
889 1257 1069 1308 Ἡλίου
1098 1257 1196 1326 τῆς
1223 1255 1380 1327 δόξης
1415 1257 1766 1327 αὑγάσματα,
1805 1257 1941 1310 ἀπό-

357 1350 534 1403 στολοι
571 1348 772 1412 ἔνδοξοι
791 1389 806 1413 ,
852 1347 1062 1417 πλάνης
1091 1348 1261 1418 ἀχλὺν
1289 1348 1685 1412 ἀπελαύνοντες
1706 1365 1720 1378 '
1757 1348 1852 1402 νῦν
1882 1349 1939 1401 δέ

360 1457 430 1513 με
468 1440 740 1509 φωτίσατε
792 1439 886 1493 τὸν
935 1439 1040 1492 ὑπὸ
1077 1440 1259 1510 πάσης
1298 1441 1499 1503 κακίας
1539 1440 1939 1511 σκοτιζόμενον.

327 1583 329 1585 ,
428 1531 788 1602 Κεκράξομαι
819 1531 879 1584 ὲν
908 1531 1069 1584 νυκτὶ
1109 1531 1204 1585 καὶ
1249 1532 1434 1603 ἡμέρᾳ
1465 1533 1778 1602 θλιϐόμενος
1808 1531 1945 1602 πρὸς

361 1621 440 1683 σὲ,
470 1621 566 1673 καὶ⁵
601 1619 974 1690 ῥυσθήσομαι,
1007 1622 1102 1674 καὶ
1152 1621 1355 1692 ἡδονῶν
1401 1623 1788 1692 ὑπερϐήσομαι
1836 1620 1946 1673 τεί-

359 1729 519 1781 χους,
557 1712 654 1765 καὶ
689 1711 1038 1784 σωθήσομαι,
1071 1714 1139 1785 τῇ
1180 1715 1269 1784 σῇ,
1291 1712 1553 1783 Πάρθενε,
1589 1713 1813 1783 δυνάμει
1832 1727 1944 1765 τει-

365 1804 673 1874 χιζόμενος.

718 1911 808 1979 Τῷ
847 1911 1095 1983 δόγματι
1132 1913 1214 1980 τῷ
1249 1911 1600 1984 τιεραγνικῷ.

432 1999 842 2073 Νηστεύσωμεν
872 2004 1054 2074 πάσης
1085 2003 1300 2073 ἡδονῆς,
1327 2004 1706 2075 πικραίνοντες
1731 2002 1828 2074 τὴν
1857 2003 1946 2057 αί-

363 2091 557 2164 σθησιν
583 2093 842 2166 νηστείᾳ,
883 2094 977 2147 καὶ
1007 2093 1356 2161 κατανύξεως
1391 2095 1542 2164 πόμα
1569 2092 1787 2165 θερμῶς
1812 2094 1948 2148 πιώ-

365 2183 507 2256 μεθα
545 2185 858 2254 ψάλλοντεςο
902 2185 1212 2254 Εὑλογεῖτε,
1249 2185 1320 2238 τὰ
1360 2185 1520 2256 ἔργα.

433 2275 551 2346 Τῆς
585 2276 829 2339 στάσεως
857 2277 953 2346 τῆς
993 2276 1060 2330 ὲκ
1088 2275 1280 2340 δεξιῶν
1309 2275 1561 2344 γενέσθαι
1595 2275 1852 2329 κοινωνόν
1881 2292 1948 2345 με

373 2365 704 2432 δυσωπείτε,
741 2367 819 2420 ὅτ’
841 2368 908 2421 ἂν
933 2365 1200 2436 καθίσητε
1224 2369 1406 2438 κρῖναι
1437 2366 1663 2438 βροτοὺς
1692 2369 1790 2421 σὺν
1817 2367 1952 2437 Χρι-

364 2459 499 2528 στῷ,
524 2459 832 2524 ἀπόστολοι,
859 2459 950 2514 τὸν
985 2459 1210 2522 πολλαῖς
1248 2459 1544 2530 ἁμαρτίαις
1579 2459 1812 2529 κρίσεως
1843 2459 1948 2511 ὐπ-

361 2549 606 2605 εύθυνον.
1612 2601 1618 2608 .

435 2641 526 2692 Ἐν
572 2641 778 2711 ἅρματι
826 2638 988 2693 θείων
1035 2640 1265 2712 ἀρετῶν,
1291 2639 1516 2712 νηστείᾳ
1561 2639 1948 2711 καθαρθέντες,

365 2728 672 2799 ἱπιϐῶμεν,
697 2730 793 2782 καὶ
817 2730 954 2801 πρὸς
988 2731 1230 2801 αἰθέριον
1259 2730 1393 2800 ὕψος
1419 2731 1510 2786 τὸν
1539 2729 1665 2784 νοῦν
1700 2730 1952 2786 πετάσθ-

372 2837 493 2891 μεν,
530 2820 824 2890 ψάλλοντες
839 2821 923 2889 τὸ,
950 2821 1258 2890 Εὐλογείτε,
1277 2820 1433 2891 ἔργα.

2036 421 2172 473 deus
2217 423 2587 488 paenitentiam
2628 429 2677 472 et
2721 421 3134 472 conversionem
3178 414 3351 468 servis
3392 411 3498 464 tuis
3534 414 3602 465 ad

2037 519 2090 562 te
2121 511 2554 580 glorilicandum,
2588 512 2737 566 solus
2771 525 3022 579 supreme
3057 518 3109 562 et
3139 507 3361 578 optime.

2516 623 2691 676 Natus
2717 640 2770 677 es
2799 638 2863 676 ea:
2895 621 3128 691 Virgine.

2107 717 2465 772 Abstinentiae
2511 725 2736 786 accepto
2773 715 3001 785 fulgore,
3031 714 3360 779 illuminare,
3402 714 3603 777 anima,

2040 813 2094 859 et
2114 805 2250 874 .fuge
2294 807 2501 874 peccati
2551 803 2965 867 obscuritatem,
2999 812 3058 855 ut
3097 802 3344 855 mittatur
3380 803 3476 857 tibi
3518 804 3604 856 in-

2049 892 2340 963 dulgentia:
2371 892 2631 962 splendor
2657 892 2840 945 divino
2871 889 3100 958 Spiritu.

2120 982 2292 1037 llamo
2343 998 2431 1037 me
2476 981 2718 1036 libidinis
2757 981 2968 1047 decepit
3001 979 3224 1035 doiosus
3259 981 3610 1053 vinctumque

2042 1070 2187 1139 cepit
2207 1087 2220 1124 :
2241 1086 2338 1125 vos
2355 1085 2506 1136 vero,
2524 1070 2790 1139 Apostoli,
2815 1073 2904 1136 qui
2922 1069 3224 1124 medicante
3245 1072 3430 1136 verbo,
3451 1088 3609 1126 num-

2043 1161 2168 1216 dum
2192 1163 2402 1218 retibus
2421 1161 2741 1227 inclusistis,
2759 1162 2907 1215 illius
2927 1162 3129 1216 malitia
3153 1178 3236 1216 me
3259 1163 3553 1218 liberastis.

2111 1252 2383 1322 Apparete
2438 1253 2571 1307 solis
2621 1253 2806 1322 gloriae
2852 1251 3033 1314 faces,
3073 1253 3316 1322 Apostoli
3376 1256 3608 1315 nobiles.

2044 1342 2391 1396 tenebrarum
2432 1343 2816 1396 obscuritatem
2851 1342 3184 1411 expellentes
3215 1361 3228 1396 :
3257 1359 3400 1396 nunc
3432 1353 3611 1398 autem

2045 1435 2312 1489 illustrate
2341 1449 2427 1488 me
2454 1449 2550 1502 per
2577 1449 2792 1488 onmem
2830 1435 3090 1488 malitiam
3121 1435 3496 1490 obscuratum.

2115 1524 2379 1578 Clamaho
2432 1541 2527 1593 per
2574 1535 2788 1578 nectent
2843 1533 2896 1579 et
2945 1525 3088 1580 diem
3139 1525 3374 1582 obtritos
3425 1527 3492 1581 ad
3539 1537 3611 1590 te,

2047 1621 2101 1669 et
2158 1613 2449 1679 liberabor,
2489 1623 2543 1669 et
2595 1615 2923 1682 voluptatum
2979 1617 3323 1684 pertransibo
3375 1633 3612 1681 murum,

2047 1713 2103 1759 et
2135 1705 2410 1770 salvabor,
2448 1715 2537 1759 tua
2576 1707 2835 1775 potentia,
2871 1704 3057 1778 Virgo,
3093 1706 3372 1763 defensus.

2581 1911 2796 1966 Decreto
2847 1912 3078 1970 Domini.

2118 2002 2531 2058 Abstinebimus
2585 2003 2652 2058 ab
2706 2005 2852 2058 omni
2908 2006 3220 2076 voluptate,
3279 2017 3620 2062 macerantes

2052 2104 2284 2148 mentem
2315 2094 2547 2163 jejunio.
2579 2103 2632 2148 et
2664 2098 3097 2165 tonipunctiunis
3125 2108 3312 2167 potum
3351 2099 3619 2155 ferventer

2050 2187 2302 2242 bibamus
2338 2187 2725 2242 citltarizantes
2745 2205 2760 2241 :
2782 2188 3115 2252 Benedicite,
3146 2206 3332 2259 Opera.

2123 2276 2326 2330 Eorum
2363 2277 2456 2346 qui
2503 2286 2650 2332 stant
2695 2292 2724 2330 a
2763 2279 2970 2333 dextris
3017 2279 3135 2333 fieri
3184 2290 3492 2335 consortem
3525 2281 3620 2335 de—

2051 2368 2369 2434 precamini,
2404 2369 2655 2437 apostoli,
2694 2381 2748 2423 ut
2779 2369 3052 2424 obtineant
3073 2412 3088 2437 ,
3119 2371 3335 2441 quando
3368 2374 3622 2427 sedet-itis

2052 2474 2174 2514 cum
2215 2461 2434 2516 Christo
2460 2461 2706 2531 judicare
2740 2463 3007 2530 homines,
3043 2465 3134 2534 qui
3169 2467 3234 2520 de
3266 2468 3452 2521 tnnltis
3490 2481 3623 2535 pec-

2051 2552 2190 2605 catis
2220 2567 2347 2606 reus
2376 2567 2625 2606 accusor.

2121 2639 2179 2694 In
2226 2657 2448 2694 currum
2497 2643 2804 2696 divinarqu
2858 2645 3145 2711 virtutum,
3179 2645 3386 2714 jejunio
3438 2648 3621 2713 purifi-

2051 2733 2158 2785 cati
2210 2734 2673 2802 conscendamus,
2719 2735 2785 2788 ad
2837 2737 3113 2791 caelestem
3168 2742 3424 2793 verticem
3472 2757 3626 2792 men-

2051 2832 2159 2878 tem
2212 2825 2597 2889 extendamus,
2635 2829 3024 2883 citliarizantes
3065 2829 3208 2883 hanc
3232 2832 3572 2885 altitudinem
3608 2845 3623 2884 :

2053 2915 2381 2984 Benedicite,
2417 2935 2603 2988 opera.

438 3003 724 3074 Διέμεινας
751 3003 1042 3072 ἄφλεκτος,
1069 3001 1131 3056 τὸ
1149 3001 1261 3074 πῦρ
1284 3001 1520 3057 τεκοῦσα
1543 3004 1644 3075 τῆς
1673 3002 1949 3073 θεότητος,

2127 3006 2482 3062 Permansisti
2527 3009 2891 3075 incomlmsta,
2942 3027 3062 3078 qua:
3104 3012 3281 3082 ignem
3325 3013 3627 3068 divinitatis

368 3094 614 3167 Παρθένε
632 3107 647 3123 ⁶
678 3095 818 3149 ἀλλά
855 3094 1196 3163 κατάφλεξον
1237 3095 1386 3164 πάθη
1413 3095 1624 3166 ψυχῶν,
1648 3095 1755 3148 τῶν
1787 3094 1952 3166 βοώνο

368 3202 478 3238 των
514 3186 766 3240 πάντοτε·
807 3187 1122 3256 Εὗλογεῖτε,
1159 3184 1230 3238 τὰ
1263 3185 1422 3258 ἔργα.

417 3277 492 3332 Ἠ
521 3281 628 3332 τὸν
664 3277 975 3347 ἁχώρητον
1013 3277 1162 3333 Θεὸν
1198 3276 1268 3332 ἐν
1303 3279 1515 3349 γαστρί
1553 3279 1903 3348 χωρήσασα.

439 3369 884 3442 ’Λπερριμμένος
906 3370 1112 3441 ἡδονῶν
1133 3372 1332 3442 ἀχανὲς
1357 3373 1438 3435 είς
1463 3371 1720 3440 πέλαγος,
1738 3371 1834 3444 τὴν
1854 3375 1953 3443 τῆς

373 3461 470 3531 σῆς
485 3461 888 3532 εὐσπλαγχνίας
919 3461 1155 3516 ᾰὸυσσον
1177 3463 1616 3535 προσκαλοῦμαι·
1643 3463 1821 3516 Σῶσόν
1862 3481 1952 3534 με,

372 3552 721 3624 Κυθερνῆτα.

440 3643 554 3715 Τῆς
572 3645 1024 3716 εὑσπλαγχνίαςή
1041 3645 1214 3716 πηγὴ,
1234 3646 1323 3710 δός
1348 3664 1440 3717 μοι
1466 3647 1807 3712 κατανύξεως
1831 3667 1956 3703 στα-

372 3734 605 3805 λαγμὸν,
633 3736 782 3798 ὅπως
830 3735 1267 3806 ἀποκλαύσωμαι
1323 3737 1431 3791 τῶν
1478 3738 1662 3791 κακῶν
1709 3757 1813 3809 μου
1858 3741 1954 3802 τὰς

373 3826 633 3898 ἀπείρους
668 3826 964 3889 θαλάσσας.
1691 3825 1693 3828 ’

444 3919 566 3972 Τῶν
582 3917 839 3988 μαθητῶν
867 3935 984 3983 σου,
1009 3919 1208 3990 Ἰησοῦ,
1225 3921 1346 3984 ταῖς
1369 3923 1596 3984 σεπταϊς
1623 3921 1837 3992 δεήσεσι
1858 3920 1956 3992 τὴν

376 4009 582 4080 σεπτὴν
610 4008 756 4062 δίδου
789 4026 881 4078 μοι
905 4010 1220 4078 ἀνάστασιν,
1239 4013 1614 4083 προσύκνῆσαι
1638 4015 1731 4086 καὶ
1751 4013 1816 4066 τὰ
1838 4013 1958 4066 θεῖα

380 4120 475 4156 σου
516 4102 688 4172 πάθη.

459 4194 526 4246 'H
557 4192 916 4266 οὐρανώσασα
938 4193 1096 4264 ἡμῶν
1125 4192 1186 4248 τὺ
1207 4193 1408 4262 γεῶδες
1436 4192 1685 4264 φύραμα,
1704 4195 1768 4264 τῇ
1792 4193 1849 4244 ὲν
1876 4192 1958 4244 σοὶ

377 4285 471 4337 τοῦ
500 4283 658 4349 Θεοῦ,
677 4287 1002 4358 πανάμωμε,
1034 4287 1326 4354 ἐνοικήσει,
1355 4285 1516 4356 ῥῦσαι
1544 4285 1750 4348 πάντας
1776 4284 1979 4338 κινδύ--

381 4392 507 4428 νων.

709 4489 775 4542 '0
818 4489 1130 4558 φωτισμὸς
1165 4487 1282 4543 τῶν
1316 4488 1386 4542 ἐν
1421 4491 1642 4544 σκότει.

453 4601 564 4672 Τὴν
599 4603 656 4656 ὲν
687 4603 812 4672 ἐμοὶ
843 4601 1090 4672 καθορῶν
1121 4601 1396 4674 ῥᾳθυμίαν
1424 4605 1452 4657 ό
1479 4603 1773 4676 δολιόφρων
1797 4603 1962 4657 σπεύ-

363 4693 460 4774 ίδει
483 4696 578 4748 καὶ
600 4697 946 4766 συμπράττει
972 4699 1041 4767 τῇ
1071 4697 1318 4767 ἁμαρτίᾳ
1336 4713 1350 4728 ·
1380 4697 1560 4768 χαίρει
1583 4699 1694 4768 γὰρ
1721 4692 1872 4762 οὗτος
1895 4700 1961 4768 τῇ

380 4785 486 4855 ἐμῇ
508 4785 768 4856 τιμωρίαι
799 4785 936 4839 ἀλλὰ
956 4786 1019 4840 σύ
1049 4803 1138 4857 μοι
1158 4786 1303 4840 δίδου
1321 4787 1630 4859 διόρθωσιν,
1654 4789 1860 4859 Σῶτερ,
1883 4789 1964 4851 είς

381 4876 592 4927 ἐκείνου
611 4877 916 4948 ἀναίρεσιν,
955 4879 1170 4949 δέομαι.

463 4967 522 5020 '0
576 4969 674 5032 τὰς
727 4970 902 5042 ἀρχὰς
961 4971 1343 5042 θριαμϐεύσας
1393 4970 1490 5025 τοῦ
1545 4973 1769 5035 σκότους
1801 4972 1964 5042 ἐντῷ

383 5058 600 5128 σταυρῷ
627 5076 742 5126 σου,
775 5061 984 5115 τούτων
1015 5061 1200 5128 ἐξελοῦ
1240 5080 1307 5134 με
1345 5063 1447 5132 τῆς
1485 5064 1842 5132 κακουργίας,
1871 5063 1963 5116 τὸν

381 5149 690 5219 ἐμπεσόντα
718 5154 799 5216 είς
830 5153 992 5224 βυθὸν
1026 5157 1304 5226 ἁμαρτίας
1324 5196 1339 5219 ,
1372 5156 1468 5210 καὶ
1502 5157 1582 5219 είς
1626 5155 1815 5226 βόθρον
1842 5157 1964 5209 ἀτό-

381 5255 500 5294 πων
538 5243 812 5312 πράξεων,
855 5245 949 5298 σοῦ
987 5247 1043 5299 δὲ
1079 5246 1157 5315 τῷ
1193 5246 1334 5300 ἐλέει
1375 5246 1615 5316 σωθῆναι
1652 5247 1960 5311 ἐλπίζοντα.

467 5332 525 5386 '0
559 5335 857 5406 νεκρωθεὶς
894 5339 951 5389 ὲν
997 5338 1217 5409 σταυρῷ
1246 5338 1592 5408 ήπλωμένος,
1627 5337 1727 5408 τὴν
1759 5355 1964 5407 νεκρω-

381 5423 569 5478 θεῖσαν
605 5425 826 5490 ζώωσον
851 5427 1034 5499 ψυχήν
1065 5445 1166 5497 μου
1210 5431 1279 5499 τῇ
1314 5428 1583 5498 ἁμαρτίᾳ,
1615 5428 1708 5481 κού⁵
1740 5427 1838 5497 τὴν
1872 5444 1962 5479 σε-

385 5517 526 5585 πτήν
544 5533 636 5569 σου
656 5515 1011 5582 ἐξανάστασιν
1034 5519 1231 5588 φθάσαι
1250 5521 1305 5572 ὲν
1322 5521 1533 5590 εἰρήνῃ,
1555 5519 1775 5586 Χριστὲ,
1801 5519 1963 5584 ἀξίω-

383 5626 473 5665 σον
517 5610 823 5681 πράττοντα
859 5611 926 5664 τὰ
968 5611 1034 5665 σὰ
1073 5611 1324 5683 ἐμμελῶς
1363 5609 1728 5682 δικαιώματα.

2060 3099 2318 3168 genuisti,
2355 3099 2512 3171 Virgo
2547 3118 2560 3154 :
2593 3102 2686 3155 sed
2716 3103 2979 3158 comburc
3011 3105 3264 3159 libidines
3295 3107 3627 3169 animarum,

2059 3189 2410 3244 clamantium
2441 3207 2654 3262 semper
2686 3210 2699 3245 :
2730 3191 3058 3258 Benedicite,
3089 3209 3274 3263 Opera.

2017 3332 2020 3335 .
2125 3277 2256 3344 Quo?
2288 3280 2599 3334 immensum
2633 3281 2796 3336 Deum
2829 3284 2882 3336 in
2920 3293 3064 3337 utero
3098 3283 3512 3339 circumdedisti.

2132 3370 2388 3442 Dejectus
2426 3373 2765 3444 voluptatum
2807 3375 2860 3428 in
2908 3391 3058 3430 mare
3099 3386 3336 3440 vastum,
3371 3379 3628 3448 abyssum

2062 3473 2167 3519 tum
2199 3463 2591 3518 misericordiae
2619 3465 2826 3518 advoco
2853 3483 2866 3519 :
2896 3463 3054 3518 Salva
3088 3481 3193 3530 me,
3223 3463 3591 3520 Gubernator.

2122 3651 2521 3717 Misericordia:
2571 3651 2718 3715 fons,
2743 3652 2813 3706 da
2861 3653 2992 3706 mihi
3034 3655 3474 3725 compunctionis
3510 3663 3633 3724 gnt-

2065 3755 2196 3813 tam,
2228 3757 2286 3802 ut
2310 3747 2521 3816 lugeam
2555 3746 2821 3800 malorum
2851 3762 3096 3801 meorum
3127 3748 3335 3802 infinita
3367 3749 3560 3804 maria.

2138 3909 2537 3979 Discipulorum
2572 3918 2815 3974 tuorum,
2843 3907 2996 3972 Iesu,
3024 3911 3127 3980 piis
3161 3911 3415 3979 precibus
3460 3925 3632 3982 augu-

2065 4012 2202 4056 stam
2237 4002 2477 4057 concede
2516 4002 2648 4055 milti
2686 4003 3162 4068 resurrectionem,
3194 4011 3358 4073 atque
3387 4006 3633 4058 venerari

2065 4096 2280 4159 divinas
2315 4104 2437 4150 tuas
2471 4096 2774 4164 passiones.

2143 4187 2276 4253 Quae
2333 4189 2385 4240 in
2432 4189 2631 4241 ccelum
2685 4187 3037 4242 introduxisti
3083 4198 3331 4243 nostrum
3370 4199 3528 4242 teme
3568 4189 3634 4241 li-

2067 4295 2246 4343 mum,
2297 4295 2393 4350 per
2421 4280 2906 4334 commorationem
2953 4280 3045 4334 Dei
3082 4282 3135 4335 in
3177 4292 3248 4348 te,
3291 4283 3506 4352 penitus
3554 4281 3636 4335 iu-

1983 4353 2038 4413 Ι)
2070 4359 2289 4433 violata,
2321 4386 2589 4442 praserva
2622 4385 2811 4426 omnes
2841 4387 2870 4426 a
2905 4374 3184 4442 periculis.

2231 4483 2556 4541 Hluminatio
2587 4485 2796 4540 illorum
2824 4485 2915 4556 qui
2942 4485 2993 4544 iu
3026 4484 3248 4540 tenebris
3272 4486 3469 4540 sedent.

2135 4602 2429 4672 Segnitiem
2476 4615 2598 4671 qua:
2650 4608 2734 4656 est
2771 4601 2824 4655 in
2879 4615 2966 4655 me
3016 4600 3370 4654 considerans
3415 4599 3639 4654 dolosus

2065 4692 2286 4748 festinat
2319 4700 2480 4760 atque
2501 4691 2725 4759 adjuvat
2753 4698 2976 4758 peccato
3004 4707 3018 4742 :
3055 4689 3140 4744 hic
3176 4689 3318 4743 enim
3362 4687 3640 4756 applaudit

2063 4800 2237 4854 parua).
2269 4799 2402 4838 mea:
2437 4792 2530 4836 :tu
2565 4791 2746 4835 autem
2775 4781 2842 4835 da
2885 4780 3018 4833 milii
3046 4780 3476 4844 conversionem,
3518 4777 3638 4832 Sal-

2064 4885 2241 4938 vator,
2273 4889 2370 4944 pro
2403 4873 2548 4926 illius
2583 4871 2762 4935 ruina,
2792 4884 3001 4938 precor.

2134 4968 2237 5033 Qui
2269 4967 2336 5020 de
2373 4963 2734 5034 potestatibus
2789 4961 3135 5015 tenebrarum
3187 4955 3536 5027 triumphasti
3582 4953 3635 5008 in

2064 5073 2227 5113 cruce
2280 5063 2393 5118 tua,
2423 5055 2612 5107 barum
2648 5052 2798 5120 eripe
2846 5065 2930 5104 me
2970 5049 3175 5102 tnalitia
3219 5048 3312 5117 qui
3362 5044 3534 5100 cecidi
3584 5042 3637 5096 in

2067 5127 2394 5220 profundum
2429 5146 2658 5216 peccati,
2688 5153 2742 5199 et
2774 5143 2826 5196 in
2859 5142 3066 5197 foveam
3103 5154 3390 5209 pravorum
3417 5146 3638 5192 actuum

2065 5241 2159 5296 sed
2194 5247 2504 5309 sperantem
2541 5251 2636 5306 per
2664 5231 3099 5304 compassionem
3137 5239 3285 5283 tuam
3313 5227 3534 5282 salvari.

2136 5331 2238 5397 Qui
2273 5339 2524 5384 mortuus
2550 5343 2610 5383 es
2639 5326 2784 5380 cruci
2823 5323 3037 5389 allixus,
3068 5330 3291 5392 peccato
3318 5320 3642 5374 morientem

2065 5425 2278 5479 vivitica
2306 5424 2541 5477 animam
2571 5435 2767 5483 meam,
2799 5429 2849 5474 et
2874 5415 3237 5471 venerabilem
3268 5424 3415 5468 tuam
3457 5426 3646 5466 resur-

2065 5517 2362 5574 rectionem
2389 5522 2709 5583 exspectare
2738 5511 2790 5564 in
2822 5526 2974 5582 pace,
3017 5508 3254 5577 Christe,
3301 5505 3527 5576 dignare
3556 5499 3640 5557 fa-

2065 5612 2296 5667 cientem
2325 5604 2450 5659 tuas
2477 5602 2774 5675 composite
2798 5601 3056 5674 justitias.
