3988 6202
394 230 535 297 3847

396 436 593 491 anima:
626 432 912 495 obsoletze,
946 429 1096 485 salva
1127 445 1214 485 me
1246 429 1539 499 perditum,
1572 431 1745 498 salva,
1781 434 1980 501 puella,

397 537 453 584 et
484 527 876 583 vestimentum
920 520 1355 576 immortalitatis
1389 521 1557 577 indue
1596 538 1682 578 me
1713 532 1838 595 post
1872 521 1984 577 for-

398 620 703 674 midolosus
733 615 917 684 lapsus
952 623 1291 684 pereuntem.

874 704 1011 760 Eum
1046 706 1099 761 in
1127 708 1334 762 camino
1362 709 1521 778 ignis.

468 799 572 866 Qui
630 797 935 853 humiliain
979 797 1239 867 teipsum,
1276 809 1496 856 erectus
1546 801 1599 855 in
1656 816 1840 865 crure,
1887 816 1984 871 per

397 890 839 946 misericordiam
899 889 1120 946 elevans
1165 890 1452 946 cadentem
1487 892 1617 946 olim
1661 892 1841 947 fructu
1890 908 1982 946 ar-

397 981 549 1036 boris
609 997 623 1035 :
670 980 795 1035 ideo
845 990 919 1043 te,
969 980 1121 1035 solus
1172 980 1657 1051 superlaudabilis,
1704 980 1979 1052 gloriﬁca-

399 1083 512 1129 tum
545 1082 835 1127 cantamus
870 1087 964 1138 per
995 1073 1218 1127 sarcula.

469 1164 591 1220 Prae
648 1165 876 1219 incuria:
935 1179 1134 1234 sopore
1198 1166 1408 1235 peccati
1466 1164 1738 1234 profundo
1787 1178 1981 1219 somno

401 1257 667 1313 succubui
706 1275 720 1310 :
759 1264 817 1310 tu
853 1264 1037 1310 autem
1069 1257 1161 1325 qui
1202 1257 1451 1311 dormisti
1485 1257 1538 1310 in
1568 1271 1735 1311 cruce
1765 1266 1984 1326 prepter

398 1361 509 1406 me,
552 1345 774 1400 Christe
817 1347 914 1409 mi,
943 1346 1124 1399 excita
1174 1362 1259 1402 me
1306 1347 1696 1416 stupefactum,
1745 1362 1851 1402 non
1896 1360 1983 1402 me

398 1434 772 1502 deprehendat
800 1450 905 1489 nox
931 1436 1220 1490 lihidinurn
1251 1452 1519 1493 meorum.

469 1522 793 1580 Obcazcatus
811 1526 1184 1594 voluptatibus
1207 1527 1522 1597 circuruago
1541 1526 1777 1581 animam
1804 1540 1979 1582 meam

398 1615 753 1670 obscuratam
787 1634 800 1670 :
832 1622 889 1671 et
933 1615 1073 1671 ridet
1103 1616 1460 1671 considerans
1495 1632 1579 1671 me
1617 1616 1842 1671 dolosus
1873 1615 1981 1669 ini-

400 1706 578 1758 micus
610 1721 624 1758 :
659 1697 782 1759 ideo
826 1719 913 1760 me
961 1704 1233 1771 illumina,
1274 1713 1331 1760 et
1372 1706 1541 1761 libera
1575 1704 1643 1759 de
1673 1702 1838 1773 hujus
1870 1717 1984 1758 ma-
2015 1702 2058 1759 Β

398 1794 537 1859 lilia,
571 1792 814 1858 Christe,
854 1810 949 1864 per
979 1796 1201 1850 szecula.

471 1886 532 1938 In
578 1885 812 1954 segnitia
860 1886 1029 1940 vitam
1067 1888 1386 1958 consumpsi
1422 1896 1583 1956 atque
1617 1900 1814 1956 sopore
1858 1900 1983 1956 pec-

398 1975 543 2042 cati;
578 1986 873 2046 aggravata
905 1985 990 2031 est
1028 1979 1210 2032 anima
1236 1993 1377 2044 mea,
1410 1979 1475 2032 ad
1524 1977 1800 2032 assiduam
1836 1986 1983 2030 tuam

399 2067 855 2122 intercessionem
894 2083 1122 2123 recurro
1165 2087 1179 2124 :
1215 2085 1282 2122 ne
1315 2070 1601 2139 permittas
1632 2084 1716 2123 me
1746 2066 1987 2122 dormire
2020 2098 2027 2106 -

398 2170 593 2212 somno
624 2157 838 2224 mortis,
867 2157 1220 2213 immaculata
1260 2157 1440 2230 Virgo.

849 2250 982 2317 Qua:
1018 2250 1157 2305 [tunc
1197 2261 1319 2306 ante
1353 2254 1539 2308 solem.

465 2340 721 2396 Animam
752 2356 927 2397 meam
975 2340 1124 2413 lepra
1167 2354 1484 2415 conpertam
1525 2358 1622 2416 per
1653 2360 1851 2417 pravas
1888 2360 1985 2401 co-

397 2430 711 2502 gitationes,
752 2433 1073 2503 aspersione
1120 2435 1407 2505 sanguinis
1464 2437 1538 2491 tui
1593 2436 1840 2506 puriﬁca,
1890 2434 1984 2492 Dei

397 2521 660 2589 Verbum,
697 2530 751 2578 et
801 2533 1112 2581 consortem
1167 2536 1273 2581 ture
1321 2528 1507 2598 gloria:
1550 2529 1699 2584 cllice
1745 2544 1850 2596 me,
1891 2531 1985 2600 qui

397 2624 585 2684 proter
606 2629 694 2666 me
718 2614 1010 2683 ignobilem
1037 2618 1307 2671 sustuliszi
1334 2619 1520 2674 volens
1550 2619 1980 2675 crttcilixionem.

466 2698 640 2755 Totus
692 2699 770 2754 fui
822 2703 1116 2759 inclinatus
1172 2719 1339 2760 onere
1390 2722 1679 2776 pravorum
1737 2714 1982 2772 actuum,

398 2787 654 2846 Salvator
687 2809 701 2847 :
735 2801 808 2855 et,
847 2793 990 2847 inter
1036 2794 1288 2850 homines
1339 2797 1550 2860 vivens,
1583 2797 1759 2852 clamo
1799 2797 1866 2852 ad
1909 2805 1981 2861 te,

399 2883 682 2938 hominum
737 2896 970 2952 amator,
1005 2890 1200 2943 anima:
1232 2906 1363 2945 mea:
1412 2890 1742 2947 incurabiles
1784 2900 1985 2946 contu-

397 2977 586 3033 siones
620 2994 755 3032 cura
803 2995 897 3049 per
938 2993 1085 3034 tuam
1129 2982 1505 3038 houorabilem
1540 2982 1978 3054 ﬂagellationern,

400 3079 459 3124 ut
487 3070 703 3125 laudem
738 3085 889 3126 tuam
922 3073 1286 3130 divinitatem.

469 3157 771 3228 Iniquitate
819 3177 1052 3218 vesceris
1100 3171 1153 3217 et
1204 3174 1398 3235 potans
1450 3166 1740 3232 incuriam,
1780 3182 1883 3238 ego
1926 3167 1983 3222 in

397 3251 662 3306 Omnibus
710 3266 944 3307 manens
984 3252 1422 3323 inemendabilis,
1468 3258 1852 3314 alimentorum
1884 3261 1983 3315 ab-

398 3342 664 3417 SIinentia
726 3342 1103 3401 indesinenter
1149 3351 1359 3419 gaudeo
1412 3368 1426 3404 :
1480 3365 1588 3403 non
1636 3351 1783 3404 enim
1840 3350 1985 3406 hanc

401 3435 542 3489 dixit
574 3437 962 3492 abstinentiam
996 3439 1233 3494 luturam
1265 3456 1386 3496 esse
1416 3441 1698 3497 Dominus.

471 3528 605 3594 Qua:
634 3530 823 3600 rigida:
847 3533 1050 3588 veteris
1099 3535 1468 3590 danmationis
1496 3537 1778 3607 abrogatio
1808 3536 1980 3604 fuisti,

398 3629 565 3691 atque
621 3625 757 3676 ariae
810 3621 1183 3683 reforrnatrix.
1223 3641 1433 3681 necnon
1488 3629 1704 3697 generis
1756 3628 1981 3683 humani

396 3726 523 3765 cum
574 3708 687 3766 Deo
734 3727 902 3767 causa
953 3716 1433 3781 reconciliationis,
1466 3734 1713 3788 punsque
1762 3721 1982 3775 unionis

396 3818 520 3857 eum
552 3800 815 3859 Creatore
846 3812 917 3869 te,
958 3803 1051 3861 Dei
1082 3805 1349 3876 Gcnilrix,
1387 3811 1818 3880 magnilicarnus.

894 3897 1193 3968 Optimaws
1225 3910 1485 3973 potentes.

467 3988 569 4057 Qui
610 3991 764 4047 solus
811 3990 992 4047 bonus
1040 4009 1122 4058 es,
1174 3995 1297 4049 l‘ons
1348 3995 1758 4059 misericordize,
1795 3995 1985 4066 Agnus

395 4079 493 4137 Dei
528 4084 621 4152 qui
662 4084 816 4138 tollis
854 4092 1111 4155 tanquam
1145 4086 1289 4141 Deus
1324 4097 1541 4157 peccata
1587 4090 1796 4155 ruundi,
1827 4090 1977 4146 salva

396 4186 486 4229 me
519 4173 846 4229 delictorum
890 4174 1149 4232 ﬂuctibus
1195 4178 1565 4247 submersum,
1601 4179 1667 4233 ad
1711 4182 1979 4251 pumilea-

394 4265 486 4319 tite
518 4275 734 4334 portum
767 4267 1011 4363 dirige/rs
1044 4283 1151 4323 me.

463 4356 813 4410 Abstinentia
840 4356 1001 4426 pura,
1024 4357 1208 4411 odium
1233 4359 1462 4427 peccati,
1495 4361 1565 4415 ali

392 4445 648 4511 dinibus,
704 4460 860 4501 arnor
911 4448 964 4500 in
1012 4446 1213 4514 Deum,
1260 4449 1555 4507 assiduitas
1598 4453 1651 4507 in
1702 4456 1971 4520 oratione,

392 4536 652 4605 lacryma:
700 4550 822 4589 cum
874 4542 1318 4608 compunctione,
1362 4557 1774 4616 pauperumquc
1802 4562 1972 4613 cura,

390 4639 452 4684 ut
479 4631 737 4687 Christus
768 4631 822 4685 in
857 4631 1184 4703 scripturis,
1215 4636 1452 4692 demissa
1486 4639 1727 4694 fuerunt.

458 4721 818 4779 V'nlnerstam
855 4725 1095 4779 animam
1132 4728 1342 4797 peccati
1389 4731 1598 4797 lancea,
1624 4742 1677 4786 et
1705 4732 1970 4799 incipien-

389 4821 500 4866 tem
526 4812 731 4869 ictibus
755 4815 945 4869 multis
965 4817 1154 4889 pungi,
1184 4819 1395 4875 medice
1420 4823 1727 4876 animarum
1754 4834 1971 4879 nostra-

389 4992 749 5069 augustorum
768 5011 1164 5071 praeceptorum
1186 5012 1426 5070 tuorum,
1441 5010 1964 5067 amatorhominum.

460 5086 852 5145 intemeratum
897 5094 1338 5160 tabernaculum,
1381 5100 1726 5155 sanctissima
1777 5100 1963 5173 Virgo,

382 5182 735 5253 inquinatum
783 5201 868 5241 me
918 5186 1250 5244 horrendum
1305 5191 1359 5243 in
1412 5192 1631 5246 modum
1679 5194 1963 5250 libidinum

2108 5182 2250 5272 εινῶς
2287 5210 2475 5267 παθῶν
2510 5182 2861 5285 ἐπαξωγαῖςΙ,
2886 5220 2950 5291 τῇ

383 5276 648 5342 motibus,
696 5275 851 5334 fonte
902 5279 1297 5337 misericordia:
1342 5285 1593 5353 puritica,
1622 5295 1677 5341 et
1720 5289 1786 5342 da
1831 5289 1962 5343 mihi
2067 5302 2329 5374 κάθαιρον,

381 5365 597 5435 pluvias
644 5371 1108 5440 compunctionis,
1155 5371 1405 5439 Domina,
1449 5378 1656 5445 peceati
1704 5378 1961 5451 abyssum
2066 5365 2345 5466 ἀμαρτίαξ

378 5455 732 5515 inundantes.

889 5555 1170 5615 Liberalor
1209 5562 1466 5617 omnium.

451 5643 759 5717 Trajiriens
784 5651 929 5708 -vita:
972 5654 1246 5722 instabile,
1279 5658 1332 5712 in
1382 5658 1563 5713 furum
1599 5659 1957 5716 cavillationi-

1294 276 1348 293 ..
1378 230 1797 293 SOPHRONII
1859 232 2365 313 PATRIAARCH/E
2424 241 2827 305 HIEROSOL.

465 340 801 401 ltluminatio
859 354 994 397 mea:
1044 339 1407 409 impotentiae,
1443 340 1597 396 salus
1645 350 1797 395 casta
1849 346 2057 403 mearA

2003 3054 2050 3118 C

2172 345 2228 398 Ὁ
2262 350 2540 418 φωτισμδς
2572 354 2671 419 τῆς
2705 355 2845 423 ἐμῆς
2874 354 3188 423 ἀσθενείας,
3224 359 3257 429 ἠ
3287 358 3530 432 σωτηρία
3574 360 3684 428 τῆς

2090 438 2545 511 ἀμαυρωθείσης,
2577 446 2741 516 ἁγνὴ,
2774 446 2953 517 ψυχῆς
2994 466 3118 517 μου,
3146 449 3322 504 σῶσόν
3372 469 3466 520 με,
3502 452 3682 506 σῶσον

2090 531 2483 602 ἀπολλύμενον,
2513 536 2695 607 Κόρη,
2730 540 2825 592 καὶ
2874 538 3077 609 χιτῶνα
3103 544 3205 612 τῆς
3245 543 3560 616 ἀφθαρσίας
3607 564 3684 611 με

2091 621 2307 677 ἐνδυσον
2347 624 2625 696 φθαρέντα
2660 627 2854 694 δεινοῖς
2890 631 3324 702 παραπτώμασι.

2450 718 2561 771 Τὸν
2595 720 2667 772 ἐν
2697 722 2927 790 καμίνῳ
2961 722 3070 776 τοῦ
3106 726 3318 793 πυρός.

2132 810 2135 813 ’
2170 806 2231 860 '0
2279 808 2624 873 ταπεινώσας
2672 812 2889 877 ἑαυτὸν,
2919 813 3212 884 ἀνυψώθης
3235 816 3295 868 ἐν
3325 818 3567 889 σταυρῷ,
3600 820 3687 875 δι’

2089 895 2455 966 εὐσπλαχνίαν
2484 898 2703 970 ἀνυψῶν
2743 901 2834 955 τὸν
2881 902 3114 975 πεσόντα
3160 904 3361 976 βρώσει
3386 909 3481 962 τοῦ
3517 908 3676 973 ξύλου

2090 987 2256 1039 ποτέ·
2308 988 2392 1041 διό
2445 1007 2528 1056 σε,
2579 992 2708 1059 μόνε
2743 992 3114 1066 ὐπερύμνητε,
3147 996 3240 1051 τὸν
3290 997 3670 1072 δεδοξασμένον

2091 1078 2259 1149 ὑμνοῦ
2268 1098 2366 1151 μεν
2402 1083 2480 1145 είς
2517 1082 2740 1148 αίῶνας.

2162 1170 2520 1243 Ἀπροσεξίας
2570 1176 2889 1247 νυσταγμῷ,
2926 1178 3204 1250 ἁμαρτίας
3230 1182 3323 1236 τὸν
3368 1181 3543 1254 βαρὺν
3569 1183 3683 1238 ὐπ-

2090 1262 2254 1333 έστην
2286 1261 2453 1319 ὕπνον
2474 1281 2489 1298 ο
2522 1266 2660 1322 ἀλλά
2693 1269 2758 1322 σὺ
2792 1270 2822 1323 6
2864 1270 3122 1335 ὑπνώσας
3170 1273 3265 1327 ἐπὶ
3312 1275 3548 1346 σταυροῦ
3596 1276 3681 1329 δι’

2087 1355 2210 1424 ἐμὲ,
2240 1357 2444 1427 Χριστέ
2480 1376 2603 1429 μου,
2628 1361 2843 1431 ἕγειρον
2870 1365 3155 1421 πτωθέντα
3188 1384 3279 1436 με,
3309 1371 3384 1439 μή
3415 1385 3484 1438 με
3505 1387 3683 1423 κατα·

2088 1449 2227 1519 λάϐῃ
2266 1452 2298 1520 ἠ
2338 1449 2437 1516 νὺξ
2472 1455 2504 1521 ἡ
2546 1453 2655 1507 τῶν
2694 1454 2887 1509 παθῶν
2927 1472 3053 1526 μου.

2160 1543 2563 1615 Έκτυφλωθεὶς
2598 1551 2719 1612 ταῖς
2757 1549 2973 1619 ἡδοναῖς
3018 1551 3301 1622 περιτρέρω
3350 1554 3452 1624 τὴν
3493 1554 3680 1628 ψυχὴν

2089 1634 2514 1707 ἑσκοτισμένηνσ
2568 1639 2664 1692 καὶ
2713 1640 2851 1713 γελᾷ
2896 1640 3147 1713 καθορῶν
3180 1661 3253 1712 με
3301 1645 3330 1697 6
3372 1644 3681 1718 δολιόφρων

2089 1723 2317 1792 ἐχθρός·
2351 1725 2433 1778 διό
2466 1743 2536 1795 με
2566 1727 2804 1797 φώτισον
2853 1731 2949 1783 καὶ⁸
3005 1730 3282 1803 λύτρωσαι
3329 1732 3520 1789 τούτου
3571 1735 3682 1807 τῆς

2087 1816 2305 1879 κακίας,
2336 1817 2564 1888 Χριστὲ,
2596 1821 2675 1884 εἰς
2704 1820 2830 1884 τοὺς
2860 1821 3084 1886 αἰῶνας.

2156 1906 2248 1958 Ἐν
2279 1907 2510 1979 ἀμελείᾳ
2558 1908 2657 1981 τὴν
2706 1909 2854 1982 ζωὴν
2898 1913 3216 1985 δαπανήσας
3245 1917 3542 1990 νυσταγμῷ
3570 1917 3680 1990 τῆς

2086 1996 2385 2067 ἁμαρτίας,
2411 2000 2510 2067 τὴν
2559 2001 2735 2074 ψδχὴν
2781 2005 3093 2078 ἐϐαρήθηψ
3132 2010 3198 2079 τῇ
3236 2011 3526 2083 ἀκοιμήτῳ
3576 2027 3676 2065 σου

2085 2088 2142 2141 δὲ
2190 2092 2462 2162 πρεσϐείᾳ
2510 2096 2871 2166 προστρέχων
2924 2099 2999 2170 μὴ
3037 2098 3181 2171 δῴης
3211 2118 3279 2172 με
3308 2105 3390 2166 είς
3439 2102 3676 2158 θάνατον

2088 2182 2359 2252 ὑπνῶσαι,
2380 2189 2723 2260 πανάχραντε
2745 2194 3012 2264 Παρθένε.

2129 2272 2132 2275 “
2582 2281 2645 2338 Ἠ
2680 2284 2787 2339 τὸν
2822 2286 2938 2355 πρὸ
2978 2287 3182 2356 ἡλίου.

2160 2368 2272 2438 Τὴν
2303 2367 2726 2447 λελεπρωμένην
2758 2377 2937 2448 ψυχήν
2969 2395 3072 2450 μου
3114 2383 3228 2446 τοῖς
3267 2381 3490 2446 ἀτόποις
3517 2384 3676 2439 ἐνθυ-

2089 2461 2306 2531 μήμασι
2331 2504 2346 2529 ,
2379 2463 2456 2534 τῷ
2498 2467 2784 2539 ραντισμῷ
2826 2470 2921 2524 τοῦ
2972 2471 3207 2541 αἵματός
3250 2490 3345 2528 σου
3390 2476 3672 2550 κάθαρον,

2086 2551 2222 2605 Θεοῦ
2243 2554 2406 2622 Λόγε,
2447 2558 2541 2610 καὶ
2565 2560 2821 2613 κοινωνὸν
2851 2563 2951 2632 τῆς
2982 2561 3139 2634 δόξης
3159 2564 3251 2618 σού
3277 2584 3344 2635 με
3369 2570 3617 2639 ποίησον,
3644 2572 3677 2623 6

2088 2641 2155 2695 δι’
2179 2644 2280 2714 ἐμὲ
2310 2644 2407 2717 τὴν
2434 2648 2621 2714 ἄδοξον
2647 2652 3058 2724 καθυπομεὶνας
3085 2655 3258 2709 θέλων
3286 2659 3621 2730 σταύρωσιν.

2162 2735 2323 2800 Ὄλος
2355 2741 2751 2812 κατεκάμφθην
2777 2744 2856 2815 τῷ
2885 2745 3167 2818 βάρειτῶν
3193 2749 3429 2814 ἀτόπων,
3459 2751 3673 2825 Σῶτερ,

2088 2826 2362 2895 πράξεωνο
2387 2830 2484 2882 καὶ
2515 2834 2928 2906 σκυθρωπάζων
2944 2840 3135 2909 κράζω
3159 2856 3263 2906 σοι,
3289 2841 3674 2914 φιλάνθρωπε,

2085 2915 2187 2986 τῆς
2220 2918 2399 2991 ψυχῆς
2431 2938 2533 2992 μου
2564 2925 2693 2988 τοὺς
2737 2926 2992 2992 ἀνιάτους
3023 2928 3300 2999 μώλωπας
3329 2933 3676 3003 θεράπευσον

2085 3007 2164 3079 τῷ
2190 3009 2269 3080 σῷ
2292 3012 2460 3084 τιμίῳ
2490 3014 2744 3085 μώλωπι,
2780 3017 2867 3072 ἵνα
2895 3019 3053 3089 ὑμνῶ
3082 3039 3177 3076 σου
3202 3024 3305 3094 τὴν
3332 3023 3585 3097 θεότητα.

2157 3192 2362 3265 Βρῶμα
2383 3196 2481 3268 τὴν
2510 3198 2711 3254 κακίαν
2741 3201 3065 3274 ποιούμενος
3099 3206 3194 3260 καὶ
3219 3207 3373 3277 πόμα
3401 3207 3501 3280 τὴν
3525 3209 3671 3281 ἀμέ-

2083 3281 2257 3349 λειαν,
2286 3286 2316 3336 ὁ
2347 3287 2491 3340 κατὰ
2524 3288 2704 3343 πάντα
2734 3290 2910 3361 μένων
2930 3292 3281 3364 ἀδιόρθωτος,
3306 3293 3417 3349 τῶν
3447 3296 3673 3367 βρωμά-

2083 3392 2193 3431 των
2219 3381 2288 3450 τῇ
2312 3379 2492 3452 ἀποχῇ
2527 3382 2771 3456 ἀκαίρως
2800 3386 3181 3457 ὲπαγάλλομαι
3199 3405 3214 3419 ·
3246 3388 3310 3441 οὐ
3338 3387 3451 3460 γὰρ
3483 3389 3673 3444 τοιαύ-

2081 3485 2184 3540 την
2214 3470 2384 3544 ἔφησε
2416 3476 2672 3544 νηστείαν
2701 3477 2922 3533 ἔσεσθαι
2948 3482 2977 3535 6
3006 3481 3229 3552 Κύριος.

2155 3561 2267 3633 Τὴν
2291 3563 2389 3635 τῆς
2418 3565 2698 3637 ἀποτόμου
2732 3570 2971 3640 ἀρχαίας
2997 3571 3279 3643 ἀναίρεσιν
3307 3575 3667 3644 ἀποφάσεως,

2083 3655 2304 3725 καὶτῆς
2338 3658 2687 3730 προμήτορος
2727 3660 2828 3733 τὴν
2861 3664 3257 3734 ἐπανόρθωσιν,
3284 3668 3384 3738 τὴν
3434 3667 3531 3723 τοῦ
3575 3669 3671 3738 γέ-

2083 3759 2204 3807 νους
2234 3744 2335 3815 τῆς
2374 3747 2506 3817 πρὸς
2535 3749 2671 3804 Θεὸν
2702 3751 2880 3805 αίτίαν
2909 3754 3260 3821 οἰκειώσεως,
3289 3757 3389 3830 τὴν
3414 3758 3555 3830 πρὸς
3572 3759 3668 3815 τὸν

2084 3835 2325 3907 Κτίστην
2357 3837 2599 3909 γέφυράν
2624 3857 2706 3907 σε,
2738 3843 2989 3911 Θεοτόκε,
3024 3846 3422 3919 μεγαλύνομεν.

2520 3930 2564 3985 Τ
2553 3932 2847 4000 ριστάτας
2884 3939 3221 4005 κραταιούς.

2167 4015 2226 4071 ’0
2279 4018 2438 4087 μόνος
2485 4021 2709 4090 ἀγαθὸς,
2746 4027 2779 4095 ἡ
2814 4028 2968 4098 πηγὴ
2998 4029 3091 4083 τοῦ
3123 4030 3340 4097 ἐλέους,
3368 4033 3398 4087 6
3434 4032 3605 4104 ἀμνὸς
3633 4035 3666 4090 ό

2080 4105 2176 4159 τοῦ
2205 4106 2338 4161 Θεοῦ
2363 4111 2390 4162 ὁ
2419 4112 2590 4181 αἴρων
2618 4112 2692 4177 ὡς
2720 4115 2851 4180 Θεὸς
2874 4116 2941 4171 τά
2961 4119 3054 4172 τοῦ
3078 4119 3285 4191 κόσμου
3314 4124 3663 4195 ἐγκλήματα,

2081 4195 2256 4252 σῶσόν
2312 4216 2381 4269 με
2438 4203 2859 4275 ἁμαρτημάτων
2902 4211 3223 4281 τρικυμίαις
3272 4215 3661 4286 ποντούμενον,

2083 4287 2372 4355 μετανοίας
2405 4292 2542 4362 πρὸς
2570 4294 2739 4364 ὅρμον
2772 4297 2964 4353 ίθύνων
2995 4317 3088 4371 με.

1570 4362 1753 4417 cnatio
1781 4379 1811 4418 a
1852 4363 1974 4418 libi-

2149 4378 2393 4449 Νηστεία
2419 4362 2650 4458 καθαράή
2668 4362 3008 4462 μακρυσμὸς
3037 4395 3332 4466 ἁμαρτίας,
3364 4398 3660 4470 ἀλλοτρίω-

2080 4487 2163 4534 σις
2195 4472 2406 4542 παθῶν,
2437 4478 2626 4549 ἀγάπη
2657 4481 2794 4551 πρὸς
2827 4484 2983 4547 Θεὸν,
3010 4488 3317 4559 προσευχῆς
3346 4491 3657 4561 ἐπιμέλεια,

2075 4562 2287 4633 δάκρυα
2317 4568 2414 4621 σὺν
2459 4570 2771 4640 κατανύξει,
2817 4577 3099 4649 προμηθία
3147 4582 3399 4653 πενήτων
3447 4600 3529 4651 τε,
3581 4585 3659 4650 ὡς

2074 4653 2311 4724 Χριστὸς
2344 4657 2400 4710 ὲν
2430 4658 2674 4729 Γραφαίς
2698 4664 3021 4721 ἐνετείλατο.

2147 4747 2430 4819 Πληγέντα
2456 4752 2555 4823 τὴν
2586 4754 2764 4827 ψυχὴν
2794 4757 3074 4829 ἁμαρτίας
3109 4762 3356 4836 ῥομφαίᾳ
3376 4804 3390 4827 ,
3422 4765 3518 4819 καὶ
3559 4784 3664 4821 κα-

2071 4839 2360 4895 τάστικτον
2390 4844 2605 4911 πολλοῖς
2641 4848 2959 4920 ὑπάρχοντα
2988 4856 3202 4919 κακοῖς,
3241 4855 3391 4927 ίατρὲ
3414 4857 3525 4911 τῶν
3552 4861 3661 4929 ψυ-

390 4920 535 4972 rum,
559 4922 689 4995 cura
723 4916 782 4961 ut
807 4909 1144 4977 benefactor,
1168 4914 1524 4983 suppeditans
1558 4918 1691 4971 mihi
1729 4918 1967 4974 remedia
2070 4932 2182 5001 χῶν
2211 4935 2391 5005 ἡμῶν,

2423 4939 2573 4992 ίασαι
2604 4939 2680 5005 ὡς
2712 4942 3033 5016 εὐεργέτης,
3059 4944 3268 5013 ἐπιθείς
3301 4968 3389 5019 μοι
3417 4952 3485 5005 τὰ
3515 4955 3661 5026 φάρ-

2072 5042 2222 5094 μακα
2248 5026 2356 5081 τῶν
2386 5031 2601 5085 σεπτῶν
2629 5034 2860 5089 ἐντολῶν
2896 5053 3013 5103 σου,
3045 5040 3414 5113 φιλάνθρωπε.

2140 5116 2433 5186 Ἀμόλυντε
2457 5122 2653 5195 σκηνὴ,
2672 5125 2913 5194 παναγία
2937 5128 3200 5200 Παρθένε,
3228 5130 3561 5201 μολυνθέντα
3586 5155 3657 5205 με

2987 5223 3137 5292 πηγῇ
3194 5222 3287 5276 τοῦ
3332 5223 3513 5290 ἐλέους
3556 5243 3654 5282 σου

2357 5307 2450 5360 καὶ
2476 5306 2563 5372 δός
2591 5327 2679 5379 μοι
2698 5311 2940 5382 ὄμϐρους
2971 5315 3336 5384 κατανύξεως,
3363 5317 3653 5389 Δέσποινα,

2375 5396 2538 5468 βυθὸν
2568 5403 3029 5471 κατακλύζοντας.

2503 5590 2781 5656 Λυτρωτὰ
2819 5594 2927 5647 τοῦ
2966 5596 3212 5662 παντός.

2135 5673 2455 5746 Παροδεὺων
2504 5679 2597 5733 τοῦ
2645 5680 2758 5750 βίου
2793 5683 2849 5737 τὸ
2878 5684 3130 5754 ἄστατον,
3160 5688 3469 5761 λῃστρικοῖς
3498 5691 3644 5763 λογι-
