3988 6202
351 175 492 253 3833

1786 166 2201 248 frumntum.

3484 173 3626 241 3854

353 300 445 352 ιιὸν
483 295 675 361 παῖδα,
715 276 792 360 ώς
840 294 1188 367 γέγραπται·
1242 296 1523 368 καὶὴμεῖς
1571 297 1946 366 νηστεύοντες,

2083 312 2209 354 uum
2236 310 2495 368 puerum,
2531 306 2590 351 ut
2617 295 2886 365 scriptum
2914 299 3000 349 est
3034 308 3049 346 :
3083 304 3187 346 nos
3218 303 3456 360 quoque
3486 293 3634 361 jeju-

353 388 596 473 σαρκικά
614 388 788 459 φρονή
798 405 944 457 ματα
957 388 1364 461 ἀπονεκρῶσαι,
1393 390 1600 457 πιστοὶ,
1641 405 1943 461 κατεπειχ-

358 481 566 553 θῶμεν,
594 482 683 535 ἵνα
707 480 855 550 ζωῆς
882 481 983 550 τῆς
1017 482 1135 535 ἐκεῖ
1157 481 1530 554 ἑπιτύχωμεν.

422 576 618 646 Οίμοιι
649 572 821 644 ψυχὴ,
844 572 1079 645 φοϐερὸν
1103 573 1166 627 τὸ
1193 575 1500 647 κριτήριον,
1527 575 1620 630 καὶ
1640 581 1738 629 τοί*
1755 576 1946 647 κριτοῦ

2052 396 2272 453 nantes,
2312 387 2568 444 carnales
2612 385 2991 457 cogitationes
3058 381 3391 438 monitlcare
3441 383 3632 438 tidclcs

2048 478 2400 545 festinemus,
2420 486 2481 533 ιιι
2510 478 2678 532 vitam
2706 491 2828 547 quae
2855 475 2928 530 ibi
2953 481 3039 529 est
3081 472 3456 528 obtineamus.

2122 556 2238 626 lleu
2288 570 2453 625 mihi!
2489 568 2695 633 anima,
2766 563 3175 620 formidandum
3223 563 3520 639 judicium,
3582 571 3637 615 et

351 669 386 741 ἡ
417 665 697 738 φρικώδης
716 664 999 735 ἀπόφασις
1017 680 1031 697 ·
1057 663 1318 733 σπεῦσον,
1339 663 1696 736 μετανόησον.
1714 665 1940 737 Χριστῷ

2083 662 2253 718 adicis
2314 660 2556 715 terriﬁca
2623 659 2899 715 sententia
2941 655 3226 718 :‘festina,
3288 665 3634 716 convertere,

350 752 675 830 διαλλάγηθι
715 756 792 827 τῷ
826 756 919 811 διὰ
957 756 1020 810 σὲ
1059 758 1117 811 ἐν
1150 754 1371 828 σταυρῷ
1417 754 1818 828 ἀναρτηθέντι,
1852 757 1950 809 καὶ

357 849 650 922 ῥυσαμένῳ
674 846 905 910 πιστοὺς
931 846 1336 918 κατακρίσεως.

422 942 537 1013 Τῆς
568 932 862 1012 μετανοίας
890 958 983 1011 μοι
1011 938 1190 1004 πύλας
1206 939 1490 1008 διάνοιξον,
1505 940 1605 1005 τὰς
1630 939 1742 995 τῶν
1763 940 1950 996 παθών

358 1050 462 1105 μου
492 1032 733 1095 εἰσόδους
763 1030 1112 1098 ἀπόκλεισον,
1142 1032 1171 1084 ὁ
1202 1031 1373 1103 λῃστῇ
1399 1031 1501 1104 τὴν
1527 1030 1735 1088 εῐσοδον
1764 1032 1951 1099 δείξας

356 1123 683 1178 εὐεπίϐατον
706 1122 801 1181 τοῦ
825 1122 1184 1194 παραδείσου,
1201 1122 1430 1194 Χριστὲ,
1450 1126 1518 1196 τῇ
1535 1127 1600 1197 σῇ
1621 1126 1950 1197 σταυρώσευ.

355 1218 446 1271 ἵνα
474 1215 685 1281 δοξάζω
707 1215 806 1286 τὴν
845 1214 946 1287 σὴν
968 1213 1306 1284 ἀγαθότητα.
1894 1278 1899 1279 ί

418 1299 555 1363 Ὅτι
605 1309 685 1371 είς
735 1306 878 1378 βάθη
910 1306 1110 1371 κακίας
1135 1306 1512 1379 ἀπέρῤιμμαι.
1542 1308 1639 1363 καὶ
1672 1307 1953 1381 λογισμοῖς

358 1399 620 1463 ἐναντίοις
654 1398 1009 1470 χειμάξομαι,
1057 1397 1277 1469 δαίμοσι
1320 1399 1643 1471 πειθόμενος
1670 1440 1687 1466 ,
1737 1400 1953 1471 ἡδοναῖς

354 1489 737 1560 δουλούμενος·
755 1489 1152 1561 βοήθησόν’μοι,
1178 1491 1319 1564 ἁγνὴ
1341 1491 1795 1565 Παρθενομῆτορ,
1817 1492 1954 1564 πρός

360 1583 635 1654 σωτηρίας
663 1582 783 1636 ὁδὸν
808 1581 1086 1653 ὁδηγοῦσά
1114 1599 1204 1651 με.

2016 785 2022 792 -
2049 755 2274 811 Christo
2305 751 2669 808 reconciliare
2689 752 2783 823 qui
2806 757 3033 822 propter
3073 754 3128 802 te
3159 748 3215 800 in
3248 758 3471 800 crucem
3506 761 3635 801 sus-

2052 861 2258 919 pensus
2282 844 2404 910 fuit,
2436 851 2493 900 et
2531 843 2787 900 liberavit
2818 842 3004 897 tideles
3042 855 3073 894 a
3106 838 3490 894 damnatione.

2122 935 2471 995 Paenitentiaa
2500 936 2638 991 mihi
2675 935 2876 1005 januas
2922 931 3096 1003 aperi,
3147 929 3440 984 libidinum
3476 943 3631 982 mea-

2052 1044 2175 1084 rum
2209 1023 2498 1084 introitum
2519 1027 2737 1090 claude,
2772 1025 2865 1096 qui
2899 1022 3098 1078 latroni
3123 1020 3409 1075 introitum
3442 1030 3634 1075 osten-

2052 1121 2197 1189 disti.
2226 1120 2444 1178 facilem
2507 1116 2778 1189 paradisi,
2814 1114 3057 1177 Christe,
3103 1127 3204 1184 per
3255 1119 3405 1166 tuam
3452 1113 3638 1165 cruci-

2053 1213 2337 1282 ﬁxiouem,
2368 1218 2429 1268 ut
2455 1209 2759 1283 gloriﬁcem
2802 1217 2952 1263 tuam
2988 1206 3312 1262 bonitatem.

2123 1301 2263 1358 Cum
2295 1303 2351 1357 in
2386 1302 2622 1374 abyssos
2652 1299 2874 1363 malitiae
2901 1297 3242 1369 praecipitor,
3270 1303 3325 1352 et
3356 1297 3638 1369 oppositis

2054 1392 2486 1464 cogitationibus
2511 1392 2698 1462 jactor
2729 1389 3076 1446 daemonibus
3118 1388 3405 1453 obediens,
3474 1390 3637 1444 volu-

2053 1485 2298 1554 ptatibus
2327 1486 2577 1540 serviens
2608 1500 2622 1536 :
2663 1482 2929 1537 auxiliare
2958 1480 3117 1544 mihi,
3140 1487 3292 1536 casta
3323 1479 3490 1552 Virgo
3523 1495 3640 1534 ma-

1988 1606 2001 1642 ;
2054 1583 2160 1642 ter,
2194 1575 2304 1631 duc
2331 1590 2417 1631 me
2445 1575 2513 1630 ad
2549 1575 2747 1631 salutis
2808 1574 2971 1628 viam.

1972 1640 2024 1701 B

358 1696 456 1765 Μὴ
484 1696 559 1751 ἐν
578 1695 869 1764 ποταμοῖς
910 1696 943 1748 ό
1019 1695 1199 1764 ωθῇς
1218 1736 1232 1759 ,
1265 1696 1461 1764 Κύριε,
1486 1698 1526 1766 ἣ
1560 1697 1632 1753 ἐν
1660 1698 1948 1771 ποταμοῖς

501 1768 535 1821 d
566 1766 753 1834 θυμός
780 1713 1105 1835 σθωᾟέν
1132 1765 1418 1835 θαλάσσῃ
1451 1770 1516 1824 τὸ
1548 1768 1802 1835 ὅρμημα.

2083 1688 2183 1745 Van
2204 1691 2259 1744 in
2286 1688 2598 1759 ﬂuminibus
2627 1689 2888 1742 irascaris
2913 1727 2927 1751 ,
2958 1687 3200 1749 Domine,
3234 1689 3345 1742 sive
3375 1689 3427 1742 in
3451 1688 3637 1757 flumi-

2231 1763 2389 1815 nibus
2419 1776 2513 1814 cor
2540 1768 2711 1824 tuum,
2737 1759 2848 1813 sive
2886 1758 2941 1811 in
2971 1758 3110 1811 mari
3146 1758 3461 1829 indignatio.

501 1768 535 1821 ό
566 1766 753 1834 θυμός
780 1780 928 1829 σου,
962 1765 1001 1835 ἦ
1034 1766 1105 1819 ἐν
1132 1765 1418 1836 θαλάσσῃ
1451 1765 1520 1824 τὸ
1548 1768 1802 1840 ὅρμημα.

429 1856 618 1928 Μέθην
649 1856 853 1927 ἡδονῶν
876 1856 1240 1929 ψυχοφθόρων
1266 1857 1565 1926 σϐέσαντες
1581 1901 1598 1928 ,
1628 1861 1691 1916 τὸ
1716 1864 1833 1934 τῆς
1849 1879 1948 1919 κα-

359 1947 636 2013 τανύξεως
661 1947 812 2018 πόμα
842 1946 931 2000 διὰ
960 1947 1217 2019 νηστείας
1243 1948 1674 2023 ἐμφορηθῶμεν.
1700 2002 1705 2003 ,

430 2121 766 2197 Νήστευσον,
816 2122 984 2196 ψυχὴ,
1019 2126 1292 2199 ἀκρασίας
1344 2126 1623 2198 βρώσεως,
1667 2127 1948 2199 τρύφησον

362 2214 546 2272 καλῶν
577 2216 857 2290 θεωρίαις,
885 2216 973 2271 ἵνα
995 2217 1095 2288 τῆς
1128 2217 1241 2273 ἄνω
1268 2217 1551 2291 τραπέζης
1576 2219 1769 2293 τύχῃς.

434 2386 742 2466 Ἀνθρακες
789 2393 960 2465 πυρὸς
1004 2388 1097 2449 τοῦ
1149 2394 1318 2449 ἀΰλου
1370 2393 1661 2459 πέλοντες,
1718 2396 1949 2465 φλέξατε

361 2487 554 2541 παθών
587 2495 688 2558 μου
718 2484 815 2557 τὴν
847 2485 1002 2559 ὓλην,
1034 2480 1168 2540 θεῖοι
1201 2486 1492 2541 ἀπόστολοι
1522 2487 1617 2542 τοῦ
1666 2489 1947 2561 Σωτῆρος.

434 2659 622 2730 Σάρκα
650 2658 728 2729 τῷ
757 2658 982 2730 Χριστῷ
1029 2660 1095 2715 ὲκ
1137 2653 1239 2732 τῆς
1270 2660 1370 2733 σῆς
1393 2661 1716 2728 δανείσασα,
1741 2663 1949 2736 νέκρω-

368 2767 460 2805 σον
486 2744 688 2824 σαρκός
717 2769 819 2823 μου
847 2752 919 2806 τὰ
944 2752 1090 2823 πάθη
1116 2791 1133 2817 ,
1162 2753 1487 2827 ζωοκυῆτορ
1517 2753 1659 2826 ἁγνὴ
1684 2755 1949 2828 Παρθένε.

511 2927 628 2986 Τὸν
662 2932 731 2985 ἐν
765 2930 945 3002 φλογί
982 2931 1108 2999 τοῖς
1135 2931 1311 2988 παισί
1348 2930 1468 2987 τῶν
1499 2932 1809 3002 Ἐϐραίων.

435 2997 784 3087 Θανατωθεὶς
801 2997 920 3087 ταῖς
953 2997 1179 3087 πολλαῖς
1208 3020 1529 3095 ἁμαρτίαις,
1550 2997 1755 3094 νεκρὰν
1783 3039 1954 3095 προσ-
1982 2997 2029 3059 c

365 3117 519 3189 φέρω
544 3116 641 3188 τὴν
668 3114 846 3187 ψυχὴν
872 3114 932 3167 ὲν
963 3113 1040 3185 τῷ
1072 3113 1173 3184 βίῳ
1196 3131 1210 3145 ·
1242 3114 1323 3168 διό
1353 3131 1423 3184 με
1451 3114 1760 3185 οἰκτείρατε
1810 3112 1957 3184 ζωη-

368 3210 556 3280 φόροις
588 3210 913 3281 πρεσϐείαις
952 3209 1071 3272 ταῖς
1100 3206 1278 3276 ὑμῶν,
1322 3206 1552 3261 θεόπται
1584 3206 1828 3278 μαθηταὶ
1864 3205 1956 3259 τοῦ

368 3299 607 3371 Κυρίου.

441 3385 793 3467 Περισχεθεὶς
844 3394 1120 3467 ἁμαρτίας
1170 3392 1370 3466 ὁμίχλῃ
1396 3432 1413 3458 ,
1450 3393 1553 3466 ᾅδῃ
1605 3394 1960 3465 πμσὴγγισα

370 3483 735 3554 ἀπογνώσεως
759 3482 927 3548 ὅντως
942 3501 954 3513 ·
989 3484 1072 3538 διό
1099 3501 1168 3556 με
1192 3484 1490 3553 φωτίσατε.
1515 3484 1613 3537 τοῦ
1650 3484 1833 3548 Ἡλίου
1853 3483 1954 3553 τῆς

371 3576 528 3648 δόξης
567 3575 792 3647 μύσται,
827 3575 922 3631 καὶ
950 3575 1170 3637 ἀκτῖνες
1195 3575 1533 3646 ὑπάρχοντες
1561 3574 1810 3630 θεόπται.

454 3757 585 3812 Ἀπὸ
610 3752 799 3812 παθῶν
819 3752 1177 3829 ὲγκρατεύου,
1199 3756 1294 3811 καὶ
1316 3755 1492 3830 σώζῃ,
1512 3757 1659 3829 ψυχὴ
1679 3757 1839 3815 ταλαί
1846 3778 1958 3815 πω-

375 3866 434 3920 ρε
453 3866 468 3881 ·
499 3849 677 3923 ἀποχὴ
706 3850 816 3921 γὰρ
846 3840 1152 3920 βρωμάτων
1176 3848 1422 3920 νηστεία,
1448 3850 1817 3920 ἀπρόσδεκτος
1846 3854 1960 3918 τοῖς

369 3941 551 4013 ὀρθῶς
593 3942 905 4013 ὲκζητοῦσι,
948 3943 998 3995 εί
1030 3941 1106 4014 μὴ
1139 3943 1235 3996 καὶ
1284 3940 1624 4013 σφαλμάτων
1669 3941 1959 4015 διόρθωσις

372 4034 616 4106 ὑπάρχῃ.

662 4124 796 4195 πυρὶ
840 4084 1385 4196 καιομένηνΔΜωσῆς
1431 4140 1491 4177 σε
1526 4112 1658 4197 πρὶν
1704 4124 1983 4198 ἐθεώρει..

373 4216 644 4289 θεομῆτορ
667 4209 943 4289 Παρθένε“
993 4217 1076 4271 διό
1126 4234 1228 4286 μου
1265 4217 1608 4272 κατάσϐεσον
1630 4218 1740 4272 τῶν
1767 4218 1981 4272 παθῶν.

370 4308 471 4368 τὰς
497 4308 782 4380 καμίνους,
811 4308 904 4361 καὶ
920 4309 1089 4381 πυρὸς
1115 4308 1340 4380 γεέννης
1365 4307 1699 4383 ἐξαρπασον,
1726 4312 1823 4366 καὶ
1844 4308 1952 4364 σῶ-

2083 4323 2313 4377 Ornaces
2348 4321 2658 4392 exstingue,
2689 4329 2746 4377 et
2774 4322 2843 4377 ah
2879 4321 3008 4391 igne
3050 4307 3316 4393 gehennae
3355 4321 3527 4377 evelle
3556 4329 3640 4374 at-

376 4413 486 4453 σον.

645 4491 751 4545 Ἕκ
787 4492 1003 4558 Σιναίῳ
1039 4489 1121 4558 τῷ
1158 4492 1279 4562 ὄρει
1318 4493 1549 4555 κατεῖδέ
1588 4509 1682 4549 σε.

442 4581 687 4651 Ποταμοὶ
715 4584 1023 4652 γεγονότες,
1052 4584 1363 4651 ἀπόστολοι,
1382 4586 1483 4656 τῆς
1516 4587 1699 4657 πηγῆς
1716 4585 1819 4656 τῆς
1842 4602 1961 4656 νοη-

298 4730 317 4743 ,
371 4671 493 4743 τῆς,
528 4674 624 4728 καὶ
668 4673 731 4727 τὸ
774 4673 920 4747 ὕδωρ
948 4676 1008 4729 τὸ
1041 4676 1149 4741 ζῶν
1195 4677 1608 4750 εὐπορήσαντες
1658 4680 1717 4731 ὲν
1762 4678 1962 4749 καρδίᾳ

371 4766 615 4838 καθαρᾷ,
665 4766 767 4838 τῆς
818 4769 960 4839 ἐμῆς
1014 4769 1290 4842 ἁμαρτίας
1342 4769 1411 4822 τὰ
1458 4768 1650 4840 ῥεῖθρα
1689 4768 1959 4841 ξηράνατε

368 4862 491 4921 ταῖς
518 4862 852 4931 προσευχαῖς
878 4861 1056 4932 ὑμῶν,
1087 4862 1181 4916 καὶ
1212 4861 1350 4933 πρὸς
1383 4862 1661 4934 σωτηρίας
1732 4862 1850 4916 ὁδὸν
1881 4861 1962 4915 ὁδ-

369 4952 639 5023 ηγήσατε.

452 5046 755 5118 Ἀμαρτίας
780 5049 1032 5119 χειμάζει
1064 5045 1359 5102 κλυδώνιον
1383 5046 1481 5117 τὴν
1508 5043 1700 5099 ἀθλίαν
1728 5061 1829 5116 μου
1857 5044 1983 5117 qn».

370 5138 472 5210 χήν
497 5155 510 5168 ·
539 5140 720 5206 δεξιάν
773 5141 849 5204 ώς
897 5140 974 5214 τῷ
1001 5141 1190 5213 Πέτρῳ
1226 5158 1314 5212 μοι
1347 5141 1613 5203 ἔκτεινον,
1651 5138 1961 5211 κυϐερνῆτα

370 5230 579 5299 ἀγαθέ·
619 5232 695 5305 μὴ
734 5232 894 5303 βυθός
943 5252 1011 5305 με
1058 5233 1279 5306 καλύψῃ
1328 5234 1357 5287 ὁ
1402 5234 1506 5303 τῆς
1558 5231 1919 5301 ἀπογνώσεως
1944 5250 1957 5264 ⁸

372 5319 571 5391 βρῶμα
604 5323 959 5405 μὴηγένωμαι
991 5326 1191 5395 κήτους
1217 5323 1592 5395 ψυχοφθόρου,
1622 5322 1826 5395 Χριστὲ
1860 5340 1961 5377 πο-

370 5411 576 5467 λυέλεε.

454 5502 797 5561 ’Ᾱποστόλων
826 5506 987 5578 χορὸς
1015 5506 1250 5561 ἱκετεύει
1280 5523 1362 5569 σε,
1380 5504 1556 5576 Ἰησοῦ
1584 5502 1959 5575 παμϐασιλεῦ·

369 5597 614 5655 δυσωπεῖ
650 5616 709 5652 σε
741 5600 993 5667 ἀγγέλων
1012 5601 1079 5654 τὰ
1100 5599 1354 5667 τάγματα
1378 5615 1391 5629 ·
1410 5597 1735 5667 διάδπλῆθος
1760 5599 1966 5667 οἰκτιρ-

2231 1758 2389 1815 nibus
2419 1776 2513 1814 cor
2540 1768 2711 1824 tuum,
2737 1759 2848 1813 sive
2886 1758 2941 1811 in
2971 1758 3110 1811 mari
3146 1758 3461 1829 indignatio.

2125 1851 2459 1907 Ebrietatem
2500 1847 2790 1905 libidinum
2822 1863 2949 1918 quae
2976 1848 3137 1903 ruina
3166 1857 3297 1905 sunt
3327 1850 3637 1904 animarum

2056 1944 2495 2014 exstinguentes,
2523 1941 2969 2013 compunctionis
3025 1949 3156 2012 potu
3220 1957 3317 2011 per
3367 1941 3638 2012 jejunium

2056 2036 2403 2105 impleamur.

2125 2125 2379 2190 Abstine,
2445 2126 2652 2191 anima,
2717 2112 3154 2196 intemperantiae
3205 2126 3352 2191 cibo,
3409 2127 3554 2182 nutri
3585 2136 3640 2183 te

2058 2219 2329 2274 bonorum
2361 2212 2919 2289 Contemplationibus
2940 2258 2955 2282 ,
2998 2222 3058 2273 ut
3093 2226 3341 2273 mensam
3376 2231 3634 2288 superam

2055 2313 2335 2369 obtineas.

2125 2403 2406 2459 Carbones
2430 2402 2501 2456 ab
2530 2400 2655 2474 igne
2685 2400 3096 2471 supernaturali
3130 2400 3460 2466 candentes,
3486 2416 3638 2456 com-

2058 2495 2239 2550 burite
2258 2492 2548 2549 libidinum
2606 2507 2854 2546 mearum
2899 2493 3115 2559 silvam,
3156 2493 3327 2548 divini
3382 2493 3635 2562 apostoli

2059 2583 2380 2640 Salvatoris.

2130 2674 2263 2742 Qua:
2290 2688 2512 2730 carnem
2539 2672 2763 2731 Christo
2793 2689 2861 2728 ex
2896 2681 2987 2729 tua
3022 2672 3410 2739 commodasti,
3442 2676 3641 2730 morti-

2062 2768 2163 2824 ﬂca
2205 2768 2390 2823 carnis
2440 2782 2575 2823 mea:
2628 2766 2885 2822 libidines
2914 2809 2930 2835 ,
2993 2775 3118 2838 quae
3155 2767 3420 2838 genuisti,
3475 2774 3633 2824 casta

2066 2856 2248 2931 Virgo.

2306 2946 2448 3002 Eunt
2477 2948 2531 3001 in
2568 2946 2791 3017 ﬂamma
2815 2948 2993 3017 pueris
3025 2945 3391 3003 Hebraeorum.

2128 3040 2358 3097 Occisus
2384 3040 2570 3095 multis
2593 3041 2853 3110 peccatis,
2888 3047 3162 3094 mortuam
3190 3040 3359 3095 all‘ero
3388 3040 3630 3095 animam

2060 3131 2115 3187 in
2147 3132 2257 3186 vita
2293 3147 2310 3183 :
2345 3131 2471 3186 ideo
2493 3131 2831 3186 miseremini
2868 3131 2999 3195 mei,
3030 3130 3102 3185 ob
3127 3131 3401 3187 salutares
3448 3146 3639 3200 preces

2059 3229 2316 3289 nostras,
2369 3220 2463 3277 Dei
2526 3220 2748 3277 visione
2821 3219 3129 3291 gaudentes
3198 3219 3457 3291 discipuli
3527 3217 3639 3274 Do-

2060 3315 2220 3370 mini.

2128 3405 2513 3463 Circumdatus
2560 3406 2770 3476 peccati
2827 3404 3048 3469 nebula,
3106 3403 3508 3474 desperationis
3550 3404 3636 3458 in-

2059 3498 2220 3555 ferno
2262 3513 2395 3553 vere
2432 3496 2869 3568 appropinquavi
2929 3514 2944 3550 :
3002 3496 3128 3550 ideo
3175 3511 3261 3552 me
3312 3496 3637 3555 illuminate,

2059 3589 2258 3645 initiati
2290 3588 2434 3645 Solis
2467 3589 2677 3660 gloriae,
2703 3596 2759 3645 et
2785 3588 2880 3659 qui
2907 3587 3264 3659 reperiuntur
3296 3587 3434 3642 radii
3465 3586 3634 3642 Deum

2059 3679 2415 3749 aspicientes.

2129 3769 2176 3825 A
2202 3768 2521 3827 libidinibus
2551 3768 2787 3835 abstine,
2815 3776 2869 3825 et
2898 3768 3046 3825 salva
3068 3776 3145 3831 te,
3172 3768 3374 3835 misera
3399 3769 3579 3824 anima
3620 3789 3633 3823 :

2058 3863 2293 3935 privatio
2331 3862 2478 3918 enim
2512 3863 2901 3918 alimentorum
2928 3861 3204 3933 jejunium
3239 3875 3347 3915 non
3379 3862 3639 3915 convenit

2058 3961 2209 4010 recte
2262 3953 2637 4022 querentibus
2666 3996 2681 4021 ,
2755 3953 2865 4010 nisi
2918 3955 3175 4024 lapsuum
3223 3951 3497 4006 correctio
3540 3965 3639 4007 su-

2059 4053 2236 4115 peret.

2128 4134 2350 4191 Rubum
2416 4136 2542 4206 igne
2573 4135 2920 4192 combustam
2974 4133 3192 4207 Moyses
3229 4144 3280 4190 te
3312 4134 3442 4189 olim
3484 4134 3637 4190 vide-

2058 4226 2171 4292 bat,
2225 4225 2320 4282 Dei
2356 4224 2606 4282 Genitrix
2640 4225 2845 4298 Virgo:
2897 4226 3021 4282 ideo
3059 4225 3353 4309 libidinum
3388 4240 3637 4281 mearum

2061 4427 2170 4483 que
2196 4412 2367 4468 salva.

2485 4504 2552 4560 In
2582 4503 2716 4571 Sina
2754 4514 2930 4560 monte
2971 4504 3099 4560 vidit
3139 4515 3209 4561 te.

2133 4595 2385 4652 Flumina
2413 4596 2565 4665 facti,
2618 4598 2878 4669 apostoli,
2917 4596 3088 4652 fontis
3124 4583 3548 4659 intellectualis,
3584 4606 3638 4649 et

2062 4702 2262 4758 aquam
2293 4688 2566 4744 viventem
2616 4687 2829 4744 fundite
2864 4689 2920 4743 in
2958 4690 3127 4743 corde
3155 4703 3313 4758 puro,
3361 4687 3468 4742 mei
3516 4703 3639 4756 pec-

2062 4779 2169 4833 cati
2204 4778 2406 4836 ﬂuctus
2444 4779 2649 4836 siccate
2681 4793 2777 4849 per
2810 4793 3000 4850 preces
3029 4788 3267 4844 vestras,
3295 4789 3349 4834 et
3375 4779 3442 4832 ad
3491 4778 3638 4833 salu-

2062 4871 2134 4925 tis
2179 4869 2319 4924 viam
2355 4870 2561 4926 ducite.

2132 5051 2346 5107 Peccati
2452 5050 2614 5115 tnme
2663 5051 2940 5122 exagitant
3044 5048 3301 5106 miseram
3398 5059 3635 5106 mentem

2064 5149 2238 5199 meam
2271 5144 2622 5209 :Idextcram,
2672 5146 2814 5199 sicut
2844 5141 3027 5205 Petro,
3077 5142 3296 5214 porrige
3340 5143 3497 5209 mihi,
3544 5159 3639 5212 gu-

2063 5235 2323 5291 bernator
2343 5236 2481 5290 bone
2512 5252 2524 5288 :
2564 5250 2670 5289 non
2692 5236 2929 5307 abyssus
2952 5234 3364 5304 desperationis
3394 5249 3477 5287 me
3510 5248 3641 5315 ope-

2064 5324 2214 5377 riat:
2261 5323 2421 5379 cibus
2469 5337 2579 5377 non
2615 5322 2736 5397 [iam
2782 5325 2889 5377 ceti
2931 5322 3025 5392 qui
3082 5321 3300 5376 animas
3344 5322 3638 5392 disperdit,

2064 5414 2286 5469 Christe
2307 5413 2852 5476 misericordissime.
3455 5458 3458 5461 .

2136 5504 2526 5575 Apostolorum
2578 5505 2784 5559 chorus
2823 5504 3056 5575 supplex
3111 5504 3331 5559 invocat
3386 5513 3458 5570 te,
3512 5503 3641 5557 Jesu

2066 5596 2310 5653 omnium
2361 5611 2505 5651 rex:
2559 5597 2882 5667 suppliciter
2930 5604 3179 5653 exorant
3224 5603 3279 5652 te
3320 5596 3646 5667 angelorum
