3960 6194
291 247 432 314 3δ55

286 364 562 414 ειεηιιιιι
606 371 623 411 ι

293 461 514 505 tuarum
547 445 748 518 popqu
785 451 883 500 tuo
927 443 1216 515 snppedita
1267 443 1646 498 liberationem
1693 457 1723 496 a
1757 455 1878 494 ma-

288 543 380 606 lis,
451 539 580 594 vita;
637 533 1087 594 emendationem
1115 574 1136 603 ,
1186 543 1243 592 et
1293 534 1451 608 regni
1509 534 1590 590 tui
1649 547 1880 588 consor-

290 631 451 685 tium.

363 718 676 790 Virginitas
709 724 763 772 et
804 726 1000 788 partus
1069 722 1440 771 occurrerunt
1478 722 1876 788 snpernatura-

291 815 415 867 liter
458 813 512 867 in
548 819 623 875 te,
673 824 801 864 area
833 809 1164 865 venerabilis
1195 807 1274 864 rei
1301 823 1496 874 sacrm,
1529 817 1706 863 mater
1747 805 1876 861 Vir-

290 920 465 976 goque
516 911 716 959 casta:
783 902 907 958 ideo
964 909 1190 972 propter
1251 900 1413 955 tidem
1455 900 1633 954 clamo
1677 898 1746 953 ad
1800 907 1873 964 te,

289 1007 463 1051 totum
497 1011 584 1050 me
616 995 919 1061 sanctiiira,
955 1003 1128 1050 totum
1176 995 1346 1050 libera
1393 995 1463 1050 ab
1493 995 1642 1050 omni
1689 992 1873 1049 disso-

291 1085 499 1138 lutione
545 1081 838 1137 libidinum
882 1083 1258 1153 torquentium
1296 1099 1403 1138 me.

772 1170 799 1226 1
806 1173 933 1242 mpii
974 1190 1079 1228 non
1108 1173 1376 1228 videbunt.

362 1263 613 1329 Domine,
660 1263 755 1333 qui
783 1265 1092 1319 voluntarie
1123 1265 1370 1319 elevatus
1412 1279 1474 1319 es
1508 1263 1563 1319 in
1596 1277 1788 1331 cruce,
1817 1269 1876 1319 et

291 1355 586 1427 prostrain
643 1354 930 1408 inimicum
974 1354 1284 1408 voluntarie
1322 1371 1336 1407 :
1379 1367 1528 1410 nunc
1563 1355 1874 1424 precipita-

291 1457 406 1500 tum
449 1462 536 1501 me
581 1446 636 1500 in
680 1447 1023 1516 voluptatum
1059 1445 1326 1517 abyssos,
1361 1445 1743 1502 misericordia
1780 1454 1872 1501 tua

296 1551 532 1606 corrige.

365 1626 673 1682 Obscuram
757 1625 1076 1682 libidinibus
1138 1629 1324 1698 pravis
1366 1629 1609 1683 animam
1663 1626 1870 1682 illumi-

1157 248 1217 307 S.
1250 243 1668 306 SOPHRONII
1709 237 2214 302 ΡΑΤΒΙΑΒεΗιΕ
2238 237 2645 299 HIEROSOL.

689 367 792 426 per
856 351 1267 409 multitudinem
1348 351 1908 412 misericordiarum,

2020 349 2090 401 ὦν
2118 347 2198 419 τῷ
2224 346 2340 420 λαῷ
2370 365 2465 402 σου
2489 347 2774 418 παράσχου
2800 345 2989 398 κακῶν
3015 343 3420 416 ἀπολύτρωσιν,
3444 345 3572 415 βίον

3423 235 3574 298 3358

1979 437 2266 509 διόρθωσιν
2283 478 2299 504 ,
2330 437 2428 492 καὶ
2451 436 2551 509 τῆς
2577 434 2860 507 βασιλείας
2888 435 2988 505 τῆς
3017 433 3116 506 σῆς
3143 433 3243 507 τὴν
3267 435 3571 489 οἰκείωσιν.

2047 726 2326 800 Παρθενία
2352 723 2447 780 καὶ
2469 723 2629 786 τόκος
2650 720 2982 792 συνέδραμεν
2995 719 3136 792 ὑπὲρ
3159 718 3324 792 φύσιν
3343 719 3436 773 ἐπὶ
3459 721 3573 786 σοὶ,

1977 820 2177 876 κιδωτὲ
2206 817 2300 872 τοῦ
2325 814 2523 871 σεπτοῦ
2550 815 2911 884 ἀγιάσματος,
2934 810 3369 884 Μητῳπάρθενε
3389 814 3566 885 ἁγνήν

1975 913 2056 968 διδ
2073 913 2254 968 πίστει
2285 910 2392 981 βοῶ
2415 927 2519 974 σοι,
2553 908 2674 962 ὅλον
2703 922 2770 978 με
2795 906 3023 976 ἁγίασον
3042 920 3057 935 ⁸
3079 907 3200 959 ὃλον
3226 903 3579 976 ἐκλύτρωσαι

1977 1003 2158 1074 πάσης
2191 998 2482 1070 ἀσελγείας
2511 995 2702 1051 παθῶν
2731 994 2842 1047 τῶν
2873 993 3171 1048 θλιϐόντων
3203 1009 3291 1064 με.

2416 1173 2672 1241 Ἀσεσεῖς
2709 1174 2821 1229 οὐκ
2861 1173 3140 1242 ὄψονται.

2065 1267 2385 1333 Ἑκουσίως,
2396 1267 2664 1329 Δέσποτα,
2682 1263 2905 1336 conon;
2926 1266 2984 1318 ἐν
2999 1281 3132 1317 σταυ
3142 1261 3240 1335 ρῷ,
3258 1262 3352 1316 καὶ
3370 1262 3505 1315 κατέ
3515 1264 3578 1334 ῥε-

1978 1358 2146 1431 ραξας
2166 1359 2258 1413 τὸν
2305 1355 2497 1429 ἐχθρὸν
2531 1355 2794 1419 ἑκουσίως
2815 1373 2830 1388 ο
2867 1355 2990 1409 ὅθεν
3016 1355 3470 1426 κατερραγμένον
3503 1370 3578 1421 pe

1975 1451 2180 1525 ἡδονῶν
2201 1453 2283 1515 είς
2310 1449 2586 1523 βάραθρα,
2611 1448 2986 1519 εὐσπλαγχνίᾳ
3019 1464 3112 1500 σου
3144 1445 3460 1517 διόρθωςον.

2046 1627 2411 1682 Σκοτισθέντα
2437 1625 2664 1680 πάθεσιν
2697 1625 2923 1687 ἀτόποις
2955 1621 3054 1693 τὴν
3076 1621 3276 1693 ψυχὴν,
3301 1620 3584 1691 φωταγιῦ-

294 1734 364 1773 na
386 1760 401 1784 ,
432 1718 585 1783 Jesn,
616 1719 710 1788 qui
741 1720 1054 1774 obscurasti
1092 1720 1286 1786 solem,
1319 1721 1374 1776 in
1400 1735 1568 1777 cruce
1593 1731 1874 1787 extensus.

2020 1737 2170 1791 ησον,
2205 1718 2402 1789 Ἰησοῦ,
2429 1720 2458 1772 ὁ
2494 1717 2755 1781 σκοτίσας
2790 1716 2967 1786 ἥλιον,
3001 1714 3221 1785 σταυρῷ
3261 1714 3586 1784 τεινόμενος

293 1819 348 1866 ct
375 1811 716 1873 illurniuasti,
761 1809 878 1874 Sol,
916 1819 1074 1865 terra:
1107 1811 1522 1878 plenitudinem.

367 1904 698 1961 Sobrietatis
753 1919 1019 1959 oceanum
1083 1907 1344 1975 navigare
1411 1906 1598 1975 quiete
1653 1904 1881 1977 dignare

298 2015 404 2065 me,
438 1999 678 2063 Christe,
709 2014 1068 2068 compescens
1090 1998 1288 2055 ﬂuctus
1320 2000 1686 2072 intelligentiae
1702 2015 1876 2058 mea:

297 2099 352 2146 et
389 2092 444 2146 in
484 2091 915 2146 resurrectionis
943 2099 1161 2161 portum
1209 2091 1487 2146 introduc.

369 2267 588 2324 Castam
641 2267 921 2322 innocenti
963 2275 1146 2323 mente
1197 2281 1568 2324 veneramur:
1631 2269 1881 2339 pulchri-

300 2359 542 2413 tudinem
577 2373 698 2428 qme
731 2373 796 2412 ex
827 2355 997 2412 Jacob
1028 2360 1378 2428 processisti,
1415 2375 1513 2429 per
1543 2369 1700 2415 artus
1739 2361 1880 2415 diri-

1981 1815 2077 1868 καὶ
2108 1814 2376 1884 φωτίσας,
2409 1812 2596 1877 ’Ἦλιε,
2633 1809 2961 1881 οίκουμένης
2993 1808 3063 1863 τὰ
3089 1808 3462 1880 πληρώματα.

2051 1905 2126 1957 Τὸ
2147 1903 2406 1976 νηστείας
2427 1902 2664 1971 πέλαγος
2693 1900 2993 1954 ἐκπλεῦσαι
3017 1898 3271 1975 γαληνῶς
3301 1897 3581 1966 καταξιω-

1982 1995 2074 2048 σόν
2110 2010 2200 2065 με,
2239 1993 2477 2064 Χριστὲ,
2525 1989 2879 2054 κατευνάζων
2925 1989 3148 2061 κύματα
3179 1989 3279 2060 τῆς
3329 1987 3584 2050 διανοίας

1985 2104 2086 2159 μου
2109 2102 2124 2118 ο
2160 2085 2256 2139 καὶ
2286 2085 2382 2156 τῆς
2415 2084 2766 2148 ἀναστάσεως
2821 2085 2903 2146 εἰς
2951 2083 3148 2154 λιμένα
3184 2098 3252 2152 με
3301 2081 3583 2152 καθόρμι-

1984 2195 2099 2234 σον.

2056 2271 2168 2343 Τὴν
2190 2271 2362 2344 ἁγνὴν
2387 2270 2672 2340 άγνεύοντι
2693 2271 3016 2342 τιμήσωμεν
3039 2269 3120 2322 νοτ
3145 2285 3160 2300 ο
3195 2267 3460 2339 καλλονὴν
3475 2267 3582 2336 τὴν

1982 2365 2078 2418 τοῦ
2124 2361 2318 2417 Ἰακὼϐ
2355 2365 2477 2426 ταῖς
2517 2362 2724 2426 ἐνθέοις
2765 2362 2999 2434 πράξεσι
3038 2361 3448 2432 καλλυνόμενοι,
3485 2362 3584 2415 εύ-

302 2453 450 2507 nitus
483 2451 780 2521 inspiratus
811 2449 1078 2514 decorati,
1127 2452 1215 2521 pie
1239 2453 1584 2508 cantabimus
1621 2461 1881 2524 tanquam

2020 2453 2158 2518 εὸὦς
2194 2453 2551 2524 ύμνήσωμεν,
2581 2452 2658 2516 ὡς
2683 2454 2912 2525 Μητέρα
2945 2452 3039 2506 τοῦ
3065 2453 3199 2507 Θεοῦ
3229 2453 3411 2523 ἡμῶν.

301 2541 632 2597 Genitricem
668 2540 758 2596 Dei
793 2542 995 2596 nostri.

644 2631 840 2686 Pueros
879 2633 1183 2686 innocentes
1217 2636 1272 2688 in
1305 2636 1538 2690 camino.

377 2725 548 2780 Crusi
595 2725 789 2780 allixus
841 2739 937 2794 per
972 2726 1430 2793 misericordiam,
1478 2730 1674 2784 latroni
1721 2746 1884 2800 para-

304 2816 488 2872 disum
556 2817 821 2887 aperuisti

306 2911 534 2976 astutia,
560 2919 614 2965 et
644 2911 696 2964 in
735 2913 918 2964 anima
945 2912 1293 2966 vulneratum
1329 2913 1554 2965 vulnere
1595 2913 1885 2977 immenso,

308 3017 446 3057 sana
473 3019 578 3068 me,
615 3007 872 3072 aperiens
927 3005 1059 3058 mihi
1122 3005 1326 3074 januas
1380 3006 1722 3075 prenitentia:
1779 3021 1890 3076 pra:

314 3102 412 3147 tuo
437 3107 565 3162 erga
608 3094 860 3148 homines
892 3109 1104 3149 amore.

378 3181 600 3252 Jejunio
639 3191 1006 3240 extenuemus
1059 3199 1307 3250 carnem,
1350 3185 1590 3239 animam
1629 3187 1888 3257 precibus

312 3273 666 3344 saginemus,
703 3289 974 3344 pauperes
1017 3275 1356 3338 nutriamus,
1413 3277 1730 3331 thesaurqu
1779 3293 1889 3332 non

307 3365 730 3419 deﬁcientemin
753 3365 910 3420 caelis
945 3374 1216 3430 ementes,
1247 3373 1302 3420 et
1331 3366 1742 3422 exclamantes:
1781 3365 1889 3423 Do-

311 3457 520 3510 minum
557 3455 798 3523 laudate,
835 3471 1025 3526 Opera,
1055 3469 1110 3510 et
1144 3458 1574 3528 superexaltate.

380 3545 645 3602 Passione
673 3555 765 3602 tua
812 3549 1030 3608 turbata
1085 3558 1172 3604 est
1224 3560 1502 3615 creatura,
1534 3551 1687 3605 cruci
1727 3561 1778 3605 te
1805 3551 1891 3607 vi-

310 3636 447 3691 dens
496 3635 740 3702 aliixum,
794 3636 1050 3692 Salvator
1102 3640 1350 3709 optime:
1393 3640 1521 3695 hinc
1572 3643 1894 3713 suppliciter

311 3744 410 3783 oro
443 3736 496 3784 te
527 3729 824 3800 impetibus
856 3732 1133 3802 serpentis
1181 3747 1401 3801 semper
1424 3734 1719 3802 jactatnm,
1756 3751 1894 3790 eou-

312 3819 453 3876 {orta
506 3831 743 3878 mentem
782 3839 986 3890 meam,
1046 3825 1388 3892 misericors,
1443 3827 1497 3882 in
1548 3829 1893 3885 voluntatum

312 3922 530 3967 tuarum
564 3914 810 3970 increata
849 3925 1030 3984 petra.

381 4001 558 4058 .lanua
592 4002 684 4059 Dei
725 4005 936 4072 clausa,
967 4022 1132 4078 quam
1173 4009 1328 4066 solus
1354 4011 1572 4081 trajecit
1607 4012 1894 4079 Dominus,

313 4096 490 4168 dirige
532 4113 618 4152 me
653 4099 708 4152 in
747 4099 974 4155 semitas
1020 4100 1262 4168 divinas,
1304 4110 1360 4158 et
1389 4104 1539 4174 aperi
1586 4105 1781 4160 salutis
1804 4106 1898 4174 ja-

315 4204 456 4244 nuas
491 4189 648 4254 mihi,
703 4191 880 4262 gratia
913 4190 1010 4248 Del
1051 4193 1260 4262 plena:
1311 4197 1516 4250 etenim
1559 4194 1626 4249 ad
1663 4203 1716 4251 te
1759 4210 1897 4250 con-

321 4283 492 4354 iugio,
533 4279 728 4352 Virgo,
768 4283 947 4338 solum
983 4285 1251 4338 auxilium
1290 4287 1507 4354 generis
1541 4285 1789 4340 humani.

319 4483 479 4553 Lapis
536 4497 642 4535 non
699 4497 863 4535 manu
911 4481 1151 4553 sculptus
1207 4481 1402 4537 montis
1455 4499 1558 4537 non
1613 4484 1892 4552 compositi

812 4567 879 4606 ex
900 4551 1168 4621 lapidibus
1195 4553 1401 4622 politis.

389 4645 612 4700 Petram
665 4645 937 4714 sculptam
972 4645 1176 4699 montis
1225 4655 1278 4701 te
1324 4646 1578 4716 praevidit
1629 4647 1896 4703 orientem

322 4721 388 4793 ei
422 4734 660 4806 Virgine,
683 4735 954 4800 Salvator,
981 4737 1317 4808 frangentem
1343 4745 1526 4808 petras
1560 4738 1614 4792 in
1647 4746 1740 4792 tua
1771 4754 1902 4792 cru-

321 4827 580 4883 eilixione
625 4845 639 4882 :
699 4825 822 4882 ideo
870 4835 1159 4898 gravatum
1220 4827 1399 4899 lapide
1457 4828 1674 4883 duritiae
1729 4828 1899 4882 libera

322 4936 428 4986 me,
465 4921 802 4976 misericors.

393 5012 628 5068 Abstine
679 5027 710 5065 a
757 5010 988 5078 malitia,
1045 5009 1231 5065 anima
1281 5025 1422 5073 mea,
1478 5009 1664 5065 divino
1716 5025 1905 5068 amore

321 5105 599 5161 luxuriata
633 5122 646 5156 :
686 5103 886 5172 ianuas
911 5103 1136 5173 adaperi
1167 5102 1425 5157 omnibus
1455 5102 1723 5157 bonorum
1748 5101 1901 5173 cogi-

321 5199 663 5259 tationibus,
741 5196 1007 5251 claudens
1067 5195 1354 5266 pravitatis
1414 5195 1745 5261 introitum,
1807 5209 1907 5266 per

323 5291 742 5360 temperantiam
771 5299 824 5344 et
855 5289 1189 5344 orationem.

391 5385 832 5440 Condemnatum
881 5385 1034 5439 salva
1092 5399 1200 5446 me,
1265 5385 1360 5454 qui
1405 5384 1680 5440 damnasti
1739 5397 1906 5440 cruce

324 5488 439 5539 tua,
497 5478 725 5532 Domine
782 5478 1056 5540 Salvator,
1123 5477 1411 5531 inimicam
1443 5493 1662 5534 meam:
1719 5485 1774 5530 et
1835 5490 1906 5531 ne

325 5569 586 5636 gehenna:
617 5571 878 5623 ostendas
927 5569 1236 5638 subjectum
1274 5570 1511 5637 aliquem
1559 5569 1904 5624 vulneratum

329 5656 672 5720 libidinibus,
728 5669 782 5714 et
827 5662 1064 5728 peccatis
1109 5661 1474 5716 debilitatum.

2298 2625 2524 2693 Παῖδας
2559 2626 2797 2697 εὐαγεῖς
2821 2627 2892 2681 ἐν
2915 2625 2990 2696 τῇ
3011 2627 3264 2696 καμίνῳ.

2058 2715 2286 2786 Σταυρῷ
2328 2720 2671 2788 προσπαγεὶς
2697 2717 2765 2770 δι’
2799 2718 3226 2788 εύσπλαγχνίαν,
3273 2717 3442 2790 λῃστῇ
3483 2718 3586 2770 τὸν

871 2835 886 2870 :
936 2834 1082 2872 nunc
1137 2833 1222 2873 me
1276 2819 1566 2889 spoliatum
1622 2820 1888 2874 dat-monis

2020 2810 2320 2880 ςαράδεισον
2382 2809 2661 2880 ἀνέῳξας
2713 2807 2808 2862 νῦν
2840 2809 2897 2863 δὲ
2931 2809 3299 2882 λῃστευθέντα
3342 2828 3432 2879 με,
3461 2809 3586 2862 δαί-

1993 2920 2150 2971 μονος
2177 2902 2446 2971 δεινότητι
2470 2905 2564 2956 καὶ
2593 2908 2663 2973 τῇ
2694 2906 2842 2974 ψυχῇ
2875 2904 3154 2975 ὁλόσωμον
3178 2905 3393 2975 πληγὴν
3421 2905 3582 2970 δεξά-

1995 3009 2177 3064 μενον,
2213 2993 2494 3062 ίάτρευσον
2524 2994 2747 3059 ἀνοίξας
2802 3011 2891 3064 μοι
2941 2995 3116 3060 πύλας
3145 2997 3244 3060 τάς
3275 2999 3376 3068 τῆς
3406 3013 3585 3067 μετα-

1993 3082 2142 3147 νοίας
2171 3085 2239 3153 τῇ
2277 3085 2344 3155 σῇ
2373 3083 2777 3156 φιλανθρωπία.
3317 3101 3322 3106 ’

2061 3173 2301 3246 Νηστείᾳ
2325 3173 2680 3244 λεπτύνωμεν
2703 3174 2802 3245 τὴν
2825 3174 3024 3246 σάρκα,
3049 3175 3228 3247 ψυχὴν
3253 3179 3590 3247 προσευχαῖς

1992 3263 2440 3333 καταπιάνωμεν,
2459 3263 2701 3336 πένητας
2731 3264 3112 3336 ὲκθρέψωμεν,
3135 3267 3361 3320 πλοῦτον
3393 3268 3470 3337 μὴ
3489 3285 3586 3319 κε-

1992 3354 2254 3426 νούμενον
2281 3359 2339 3408 ὲν
2367 3355 2619 3427 οὐρανοῖς
2659 3356 2798 3410 ὠνού
2807 3375 2981 3427 μενοι,
3031 3359 3125 3411 καὶ
3153 3358 3585 3426 ἀνακράζοντες·

1994 3445 2101 3499 Τὸν
2127 3446 2332 3518 Κύριον
2366 3448 2612 3519 ὑμνεῖτε,
2651 3451 2720 3504 τά
2757 3449 2918 3520 ἔργα,
2950 3450 3045 3502 καὶ
3075 3449 3438 3520 ύπερυψοῦῖε.

2065 3539 2159 3611 Τῷ
2189 3539 2352 3594 πάθει
2385 3557 2479 3594 σου
2519 3541 2698 3606 κτίσις
2724 3543 3015 3614 ὲκλονήθη,
3047 3542 3264 3613 σταυρῷ
3293 3559 3351 3594 σε
3385 3541 3594 3595 θεασα-

1999 3634 2137 3706 μένη
2167 3633 2580 3706 καθηλωμένον,
2614 3634 2800 3704 Σῶτερ
2826 3635 3164 3706 ὐπεράγαθεο
3195 3635 3316 3687 ὅθεν
3346 3635 3584 3688 ἱκετεύω

1998 3747 2081 3796 σε,
2109 3733 2230 3792 ταῖς
2249 3727 2581 3800 προσϐολαῖς
2603 3727 2964 3798 κλονούμενον
2991 3728 3080 3780 ἀεὶ⁹
3109 3727 3202 3780 τοῦ
3237 3713 3432 3796 ὄφεως,
3465 3726 3613 3780 ατε-⁸

2000 3820 2205 3890 ρέωσον
2223 3819 2315 3871 τὸν
2337 3817 2460 3871 νοῦν
2491 3834 2616 3888 μου,
2648 3818 2972 3888 οἰκτίρμων,
3003 3817 3100 3871 σοῦ
3130 3816 3239 3870 τῶν
3264 3816 3592 3888 θελημάτων

1999 3912 2058 3964 ἐν
2081 3911 2318 3982 ἀρραγεϊ
2347 3912 2412 3981 τῇ
2451 3911 2653 3981 πέτρᾳ.

2084 4001 2150 4056 'H
2184 4003 2330 4072 πύλη
2361 4001 2496 4056 Θεοῦ
2533 4003 2568 4073 ἡ
2596 4001 2982 4072 κεκλεισμένη,
3008 4003 3074 4073 ἣν
3113 4001 3271 4072 μόνος
3302 3999 3594 4056 διώδευσεν

1999 4097 2028 4149 ό
2059 4096 2286 4168 Κύριος,
2315 4095 2494 4150 ἴθυνον
2523 4094 2658 4167 πρὸς
2677 4095 2899 4164 τρίϐους
2937 4112 3004 4164 με
3039 4095 3211 4161 θείας,
3252 4095 3347 4148 καὶ
3383 4094 3592 4148 διάνοι-

2003 4190 2091 4257 ξον
2120 4190 2220 4261 τῆς
2252 4189 2527 4260 σωτηρίας
2566 4188 2740 4252 πύλας
2779 4205 2891 4258 μοι,
2936 4187 3336 4257 θεοχαρίτωτε·
3364 4187 3497 4258 πρὸς
3530 4189 3593 4240 σε

2002 4281 2112 4352 γάρ
2145 4280 2502 4349 καταφεύγω,
2535 4278 2803 4350 Παρθένε,
2853 4279 2988 4349 μόνη
3029 4279 3338 4350 προστασία
3367 4277 3462 4332 τοῦ
3498 4280 3593 4347 γέ-

1930 4387 1974 4441 [)
2001 4393 2125 4438 νους
2147 4375 2260 4429 τῶν
2287 4373 2614 4446 ἀνθρώπων.

2131 4485 2310 4550 Λίθος
2333 4484 2760 4556 ἀχειρότμητος
2791 4484 2971 4554 ὅρους
2996 4486 3068 4552 ἐξ
3103 4486 3466 4553 ἀΜξεύτου.

2083 4645 2246 4701 Λίθον
2295 4662 2355 4699 σε
2397 4645 2678 4716 τμηθέντα
2727 4646 2978 4717 προεῖδέν
3027 4627 3505 4718 δρουςπροφήτης
3534 4652 3603 4702 ὲκ

2015 4735 2330 4806 Παρθένου,
2359 4735 2568 4808 Σῶτερ,
2600 4735 2975 4808 διαρῤήξαντα
3009 4739 3214 4810 πέτρας
3243 4742 3308 4810 τῇ
3344 4741 3408 4810 σῇ
3440 4756 3600 4792 σταυ·
3697 4748 3712 4757 “

2018 4833 2182 4904 ρώσει
2203 4849 2216 4863 ο
2242 4830 2320 4883 διὸ
2344 4829 2679 4900 βαρούμενον
2702 4831 3062 4901 ἀναισθησίας
3086 4831 3219 4904 λίθῳ
3248 4850 3336 4904 με,
3362 4833 3436 4896 ὡς
3458 4849 3585 4886 παν-

2014 4927 2331 4996 οικτίρμων,
2365 4921 2753 4995 ὲλευθέρωσον.

2085 5016 2402 5087 Νήστευσον
2433 5017 2650 5083 κακίας,
2684 5016 2830 5086 ψυχή
2881 5034 3006 5088 μου,
3038 5016 3159 5088 θεία
3185 5017 3376 5090 ἀγάπῃ
3406 5017 3604 5087 ὲντρυιν

2017 5107 2210 5178 φῶσα·
2243 5109 2415 5180 θύρας
2475 5109 2820 5164 ἀναπέτασον
2870 5108 3075 5172 πάσαις
3138 5111 3320 5164 καλῶν
3343 5125 3360 5143 ι
3380 5110 3607 5173 είδέαις,

2019 5202 2500 5271 ἐναποιρράττουσα
2523 5201 2621 5271 τῆς
2650 5203 2916 5274 πονηρίας
2943 5204 3168 5270 εἴσοδον,
3187 5203 3254 5257 δι’
3276 5205 3606 5275 ἐγκρατείας

2019 5294 2114 5346 καὶ
2147 5293 2407 5362 δεήσεως.

2111 5381 2244 5452 Ἐμὲ
2278 5384 2367 5436 τὸν
2406 5384 2736 5452 κατάκριτον
2794 5383 2990 5449 σῶσον,
3049 5388 3076 5439 ὁ
3138 5385 3478 5456 κατακρίνας
3528 5403 3613 5455 τῳ

2020 5474 2240 5546 σταυρῷ
2269 5492 2388 5541 σου,
2418 5476 2665 5529 Δέσποτα
2721 5477 2928 5548 Σῶτερ,
2967 5479 3070 5549 μοῦ
3102 5484 3201 5548 τὴν
3243 5478 3479 5549 ἔχθραν
3512 5479 3614 5533 καὶ

2021 5565 2096 5637 μὴ
2121 5565 2318 5637 γεέννῃ
2345 5564 2525 5637 δείςῃς
2550 5566 2854 5621 ὑπεύθυνον
2875 5569 2966 5621 τὸν
2997 5569 3358 5640 πληγωθέντα
3383 5569 3611 5634 πάθεσι,

2019 5659 2115 5712 καὶ
2149 5657 2446 5727 ἁμαρτίαις
2475 5657 2912 5730 ἀμαυρούμενον.
