3988 6202
367 307 506 373 3ε57

1803 316 2214 379 TRIODIUM.

3509 317 3650 379 3858

437 417 628 473 Φεῖσαί
650 436 775 491 μου,
795 416 1026 491 Χριστὶ,
1048 422 1134 476 ὅτ’
1155 423 1222 476 ἂν
1244 423 1404 496 ἔλθῃς
1431 427 1614 497 κρῖναι
1643 426 1734 479 τὸν
1751 427 1959 497 κόσμον

2134 432 2305 486 Parce
2366 429 2522 495 mihi,
2572 429 2815 492 Christe,
2871 429 3091 498 quando
3143 427 3360 483 veneris
3397 427 3650 496 jndiiare

369 514 505 581 μετά
531 510 720 576 δόξης·
754 511 920 566 λῦσον
949 513 1051 582 τὴν
1084 513 1255 584 ἀχλὺν
1295 515 1408 568 τῶν
1454 515 1645 569 παθῶν
1681 533 1805 588 μου,
1835 523 1960 584 ταῖς

369 601 604 666 ἰλεσίαις
633 604 737 672 τῆς
769 602 1056 674 κυησάσης
1090 621 1173 672 σε,
1209 606 1304 661 καὶ
1338 607 1679 679 κληρονόμον
1732 609 1960 680 ποίησον

367 697 464 764 τῆς
495 694 750 766 οὐρανίου
786 692 1066 764 βασιλείας
1103 713 1221 751 σου.

721 784 939 852 Παῖδες
974 785 1258 855 Ἐϐραίων
1278 789 1349 843 ἐν
1373 792 1622 862 καμίνῳ.

443 876 712 946 Ὀμδροις
735 878 998 932 ὲσϐἐσατε
1024 881 1292 948 αἱμάτων,
1312 886 1682 956 παναοίδιμοι,
1709 887 1806 958 τὴν
1824 888 1954 958 φλό-

368 985 435 1034 γα
463 968 563 1033 τῆς
591 968 842 1036 ἀπάτηςο
874 969 970 1022 τοῦ
1001 971 1174 1040 πυρδς
1206 968 1301 1025 οὖν
1347 975 1495 1044 ἡμᾶς
1530 975 1624 1030 τοῦ
1671 977 1956 1047 μέλλοντος

371 1060 692 1128 πρεσϐείαις
740 1063 863 1124 ταῖς
914 1061 1057 1133 πρὸς
1090 1063 1223 1117 Θεὸν
1279 1065 1633 1137 λυτρώσασθε
1666 1068 1762 1124 τοῦ
1792 1071 1959 1126 ἀσϐέ-

369 1166 495 1202 στου
520 1151 603 1213 εἰς
632 1151 858 1214 αἰῶνας.

437 1237 695 1306 Στόματα
727 1240 1034 1309 φράξαντες
1067 1245 1324 1311 λεόντων,
1358 1248 1468 1302 τῶν
1493 1249 1742 1320 βασάνων
1769 1269 1830 1306 τε
1853 1271 1959 1307 πυ-

371 1328 470 1397 ρὰν
495 1328 911 1398 ὑπενεγκόντες.
940 1336 1256 1408 ἀθλοφόροι,
1286 1341 1502 1412 τρυφὴν
1537 1342 1636 1413 τὴν
1670 1345 1960 1414 κρείττονα

368 1417 715 1489 κληροῦσθεο
771 1419 953 1496 ἧσπερ
1012 1431 1197 1498 τυχεῖν
1243 1429 1471 1502 δεήθητε
1531 1434 1628 1486 καὶ
1689 1436 1835 1504 ἡμᾶς
1877 1438 1959 1500 εἰς

368 1510 494 1568 τοὺς
528 1509 756 1574 αἰῶνας.

438 1600 583 1664 Ὀλῳ
608 1605 743 1671 φωτί
769 1607 1240 1679 περιλαμφθέντες
1262 1615 1339 1686 τῷ
1362 1615 1456 1668 τοῦ
1477 1617 1816 1687 πνεύματος,
1839 1636 1960 1688 γεν-

364 1693 833 1766 ναίοιὰολοφόροι,
864 1702 1197 1767 μεταστάσει
1214 1709 1428 1769 πιστοῖς
1455 1708 1554 1776 τὴν
1578 1708 1761 1763 ἄνεσιν
1793 1712 1964 1764 αἰτεῖ-

2062 523 2328 578 mundum
2387 537 2514 578 eum
2568 522 2788 593 gloria:
2842 519 3049 590 dissipa
3105 519 3304 575 nubem
3358 519 3648 576 libidinum

2065 630 2336 674 mearum.
2390 614 2649 686 precibus
2705 613 3010 670 Genitricis
3063 624 3209 678 tua),
3267 613 3651 685 haeredemqne

2064 706 2151 762 fac
2191 707 2433 762 caelestis
2483 707 2633 776 regni
2675 706 2776 760 tui.

2409 796 2575 850 Pueri
2612 795 2958 852 Hebraeorum
2985 797 3038 850 in
3070 799 3304 852 camino.

2132 891 2342 947 Plnviis
2426 889 2715 959 sanguinis
2763 889 3147 959 exstingnistis
3180 931 3193 952 ,
3251 887 3602 942 celeberrimi
3632 932 3645 952 ,

2059 983 2333 1037 ﬂammam
2364 980 2623 1036 astutiae:
2681 980 2803 1050 igne
2852 979 3020 1050 igitur
3064 978 3250 1032 futuro
3283 979 3650 1050 inexstingui-

2062 1073 2158 1128 bili
2186 1087 2287 1128 nos
2314 1070 2572 1141 precibus
2601 1069 2669 1124 ad
2700 1069 2868 1124 Deum
2917 1069 3201 1124 liberastis
3233 1070 3286 1123 in
3317 1071 3542 1125 saecula.

2129 1247 2374 1302 Leonum
2402 1260 2500 1300 ora
2524 1244 2867 1310 claudentes,
2907 1252 3420 1314 tormentorumque
3458 1245 3643 1316 ignem

2060 1337 2421 1398 sustinentes,
2447 1334 2682 1388 victores
2712 1334 2952 1396 athletis,
2981 1331 3212 1386 delicias
3250 1332 3509 1387 meliores
3543 1335 3651 1386 ele-

2060 1427 2255 1497 gistis:
2283 1437 2422 1496 quas
2456 1433 2512 1478 ut
2534 1424 2887 1481 obtineamus
2919 1439 3015 1494 per
3046 1425 3246 1479 saecula
3277 1423 3434 1478 valde
3462 1434 3641 1479 orate.

2131 1595 2290 1650 Omni
2334 1595 2457 1650 luce
2504 1596 2737 1664 spiritus
2761 1594 3112 1672 circumdati,
3143 1595 3400 1677 generosi
3433 1594 3652 1647 athletae

2063 1686 2324 1744 victores,
2371 1683 2551 1736 exsilii
2583 1680 2745 1736 linem
2781 1698 2878 1751 pro
2912 1681 3160 1735 fidelibus
3210 1691 3420 1750 rogate,
3454 1691 3506 1735 et
3538 1697 3643 1752 pa-

371 1777 488 1845 σθε,
512 1783 604 1835 καὶ
639 1785 972 1856 παραδείσου
989 1789 1216 1857 εἴσοδον,
1247 1795 1340 1848 καὶ
1366 1773 1520 1866 (tunc
1530 1797 1628 1866 τὴν
1645 1800 1959 1869 μετουσίαν.

2086 1777 2230 1828 'adisi
2264 1775 2573 1840 introitum,
2607 1784 2661 1829 et
2695 1774 2820 1828 vitae
2860 1773 3366 1843 participationem.

446 1873 653 1944 Ὕμνον
682 1878 950 1948 προσάγω
1010 1898 1116 1949 σοι,
1153 1885 1436 1956 Παρθένε·
1475 1889 1549 1959 μὴ
1599 1891 1835 1961 παρίδῃς
1892 1911 1966 1962 με

369 1969 562 2030 κακοῖς
619 1970 1034 2041 κεκρατημένον
1061 2015 1076 2040 ,
1111 1973 1250 2030 ἀλλά
1276 1977 1444 2046 δίδου,
1476 1979 1640 2051 ἁγνὴ,
1671 1981 1967 2052 διόρθωσιν

323 2085 335 2116 ι
367 2057 612 2125 ταχεῖαν,
639 2056 728 2111 διὰ
767 2061 1026 2131 νηστείας
1067 2065 1252 2138 πάσης
1276 2085 1336 2122 τε
1398 2071 1627 2142 ἀγωγῆς
1660 2073 1961 2144 ἀγαθοτρό-

371 2163 514 2212 πως.
1031 2182 1035 2186 -

499 2242 758 2311 Νικηταί
783 2247 1088 2316 τυράννου
1117 2250 1216 2305 καὶ
1242 2252 1474 2323 φλογὸς
1506 2253 1584 2325 τῇ
1608 2256 1826 2327 χάριτι.

441 2331 562 2386 Τῶν
598 2332 849 2402 βασάνων
887 2340 1002 2412 εῐδη
1037 2342 1294 2415 ἀσθενείᾳ
1320 2344 1592 2415 ,σώματος
1629 2349 1961 2418 ὐπενεγκόν-

370 2440 482 2488 τες,
503 2427 681 2497 ἰατροί
697 2431 1020 2497 νοσούντων,
1046 2433 1338 2506 ἀθλοφόροι
1363 2434 1584 2508 ὦφθητε
1604 2453 1620 2470 ο
1645 2437 1767 2491 ὅθεν
1789 2456 1961 2509 κραυ-

371 2515 549 2584 γάζω,
583 2515 684 2588 τὴν
730 2521 870 2591 ἐμὴν
904 2523 1168 2577 νοσοῦσαν
1188 2525 1369 2597 ψυχὴν
1403 2526 1749 2597 ἰατρεύσατε,
1782 2531 1961 2601 χρόνῳ

371 2604 474 2676 τῆς
509 2609 764 2676 νηστείας
792 2611 879 2664 διὰ
908 2614 1004 2682 τῆς
1037 2616 1350 2685 μετανοίας.

449 2699 644 2769 Οῖμοιι
670 2703 784 2766 πῶς
810 2705 1089 2775 παρῆλθον
1116 2709 1362 2762 πᾶσαιοί
1381 2710 1584 2780 ἡμέραι
1612 2728 1714 2782 μου
1745 2715 1800 2766 ὲν
1822 2715 1961 2783 άμε-

375 2787 526 2861 λείᾳ;
550 2792 644 2844 καί
673 2792 781 2846 ἰδοὺ
810 2795 871 2847 τὸ
894 2795 1045 2861 τέλος
1071 2797 1266 2866 φθάνει
1295 2801 1616 2855 ἀτελείωτον
1645 2805 1818 2858 κακὸν
1858 2806 1955 2859 λα-

374 2877 489 2932 δεῖν
517 2898 584 2950 με
606 2897 618 2909 ·
652 2883 702 2935 οἱ
730 2884 911 2948 καλῶς
943 2886 1034 2940 τὸν
1057 2889 1256 2958 δρόμον
1295 2889 1615 2957 τελέσαντες
1653 2894 1954 2967 μάρτυρες,

372 2970 522 3037 τέλος
550 2974 752 3045 ἀγαθόν
775 2993 867 3046 μοι
897 2979 1152 3047 γενέσθαι
1185 2982 1508 3040 δυσωπείτε.

443 3155 781 3226 Σταλαγμοῖς
832 3158 1119 3229 αἰμάτων“,
1167 3163 1266 3234 τὴν
1323 3165 1504 3233 πυρὰν
1546 3165 1810 3220 ὲσδέσατε
1858 3168 1959 3238 τῆς

283 3242 302 3252 ’”
371 3247 586 3318 ὰθεῖας,
622 3246 756 3301 θεῖοι
792 3248 1105 3322 ἀθλοφόροι,
1143 3253 1236 3306 καὶ
1269 3257 1382 3318 τοῖς
1431 3255 1776 3327 ἑκδημήσασι
1805 3257 1959 3312 τοῦδε

368 3335 467 3390 τοῦ
500 3337 613 3409 βίου
647 3339 946 3405 ὲξαιτείσθε
971 3341 1144 3406 ὅντως
1193 3343 1291 3416 τὴν
1324 3345 1474 3401 θείαν
1515 3347 1823 3404 ἀνάπαυσιν
1858 3351 1956 3403 καὶ

371 3431 480 3485 τῶν
512 3433 920 3503 πεπραγμένων
948 3433 1104 3488 λύσιν
1131 3439 1284 3508 παρὰ
1317 3439 1548 3509 Κυρίου.

455 3523 718 3594 Ἰεζεκιήλ
731 3541 788 3578 σε
807 3524 984 3596 πύλην
1001 3527 1326 3595 άδιόόευτον,
1349 3529 1510 3599 ἁγνὴ,
1527 3532 1766 3601 προεῖδε·
1785 3551 1957 3603 μετα-

372 3613 520 3678 νοίας
575 3615 749 3680 πύλας
796 3619 961 3672 πᾶσιν
1028 3620 1429 3692 ύπανοίγουσαν
1480 3623 1954 3692 ἀπεγνωσμένοις·

370 3705 494 3759 ὅθεν
547 3707 786 3761 δυσωπῶ
848 3725 928 3773 σε,
968 3711 1188 3780 τρίεους
1221 3729 1314 3781 μοι
1353 3714 1633 3779 ὑπόδειξον
1680 3717 1781 3780 τὰς
1821 3717 1956 3785 πρὸς

371 3797 471 3861 τὰς
499 3800 677 3852 ἐκεῖσε
705 3801 978 3870 φερούσας
1002 3803 1399 3868 καταπαύσεις.

408 3892 627 3962 Ὅρους
651 3893 959 3962 παρῆλθες
989 3893 1100 3962 τῆς
1119 3897 1377 3965 φύσεως,
1405 3898 1514 3953 τὸν
1530 3902 1916 3971 Δημιουργόν.

447 3985 709 4055 ὀφθητε,
735 3985 868 4040 θεῖοι
905 3987 982 4050 ὡς
1005 3986 1298 4057 ἄνθρακες,
1335 3989 1469 4060 ὓλην
1492 3994 1734 4064 πονηρᾶς
1766 3995 1956 4060 ἀθεῖας
2021 3998 2026 4002 ⁷

374 4077 814 4148 συμφλεγοντεςο
851 4081 944 4133 καὶ
975 4078 1122 4148 ξίφει
1158 4081 1478 4152 καρτερίας,
1530 4085 1693 4155 στίφη
1753 4087 1956 4153 συγκό-

373 4186 600 4230 πτοντες
633 4169 925 4238 δαιμόνων,
953 4169 1268 4243 ἀθλοφόροι,
1311 4175 1641 4244 φωταγωγοί
1681 4177 1787 4231 τῶν
1813 4195 1954 4250 καρ-

373 4260 500 4312 διῶν
526 4261 559 4329 ἡ
569 4259 703 4329 μῶν.

446 4352 643 4414 Σκότος
668 4353 857 4424 νοητὸν
879 4356 1259 4432 μετοικίσθητε
1279 4398 1294 4422 ,
1335 4363 1575 4427 γενναῖοι
1618 4361 1914 4435 ἀθλοφόροι
1934 4381 1950 4397 ·

373 4441 454 4496 διὸ
486 4444 758 4510 φωτίσατε
790 4445 889 4514 τὴν
919 4448 1183 4518 ταπεινὴν
1208 4449 1389 4521 ψυχήν
1420 4467 1522 4520 μου
1558 4454 1954 4526 ὲσκοτισμένην

2086 4459 2281 4511 ιιιινθιειι
2316 4459 2552 4512 victores
2603 4473 2618 4510 :

376 4537 480 4608 πλη
491 4554 528 4605 μ
535 4536 670 4607 psic!)
679 4554 862 4608 μασιν.

448 4632 732 4703 Ἤλγησαν
803 4634 999 4697 πόνους
1075 4637 1442 4708 προφέροντες
1483 4638 1533 4691 οἰ
1599 4639 1960 4704 πανευκλεείς

372 4721 660 4794 ἀθλοφόροι
686 4723 780 4776 τοῦ
811 4725 1083 4796 σώματος,
1116 4729 1211 4782 καὶ
1241 4727 1338 4783 νῦν
1364 4731 1477 4794 τοῖς
1510 4732 1842 4802 μεταστάσει
1869 4749 1958 4786 πι-

373 4815 518 4876 στοίς
551 4816 650 4882 τὴν
679 4815 903 4882 ἄπονον,
933 4816 1188 4887 ἄχραντε,
1213 4820 1518 4876 ἀνάπαυσιν
1537 4821 1839 4889 αἰτοῦνται,
1866 4823 1961 4878 καὶ

374 4904 706 4969 παραδείσου
737 4905 834 4977 τὴν
862 4908 1187 4964 ἀπόλαυσιν.

441 4993 670 5065 Φάνηθι,
712 4997 950 5068 ἄχραντε
993 5000 1286 5068 Δέσποινα,
1325 5002 1470 5068 θεῖος
1522 5004 1784 5074 συνεργὸς
1845 5007 1961 5070 τοῖς

372 5086 612 5158 ἀχρείοις
642 5089 886 5156 οἰκέταις
949 5109 1064 5158 σου,
1123 5095 1300 5168 καιρῷ
1336 5097 1440 5169 τῆς
1481 5088 1810 5169 ἐγκρατείας
1858 5101 1960 5166 τὰς

373 5179 683 5250 προσευχὰς
721 5183 878 5252 ἡμῶν
908 5187 1266 5258 προσάγουσα
1303 5190 1494 5262 Κυρίῳ
1516 5188 1594 5262 τῷ
1613 5191 1722 5246 τῶν
1746 5190 1961 5247 αἰώνων

326 5278 338 5290 ⁹
373 5269 740 5341 βασιλεύοντι.

724 5361 930 5440 ⁷ᾼσμα
959 5371 1425 5444 ἀναπέμψωμεν,
1449 5376 1609 5431 λαοί.

445 5453 628 5525 Ἐχων
653 5455 730 5522 ὡς
761 5457 894 5522 Θεὸς
938 5460 1000 5515 τὸ
1049 5463 1355 5533 συμπαθὲς,
1403 5461 1776 5532 μετανοοῦντα
1817 5463 1964 5528 δέξαι

373 5565 442 5618 με
469 5549 562 5603 τὸν
590 5553 985 5625 δαπανήσαντα
1023 5556 1115 5612 τὸν
1147 5557 1260 5626 βίον
1298 5577 1400 5629 μου
1431 5557 1662 5620 ἀσώτως
1689 5573 1702 5587 ο
1739 5557 1847 5628 βοῶ
1882 5577 1965 5612 σοι

371 5640 452 5708 τί,
478 5643 780 5712 Ἥμαρτον,
809 5649 1132 5720 κατηγόρων
1149 5652 1210 5706 οὐ
1228 5649 1434 5723 χρῄζω,
1457 5650 1554 5722 τὴν
1577 5649 1838 5720 αἰσχύνην
1860 5653 1967 5705 τῶν

373 5737 550 5804 ἔργων
581 5737 892 5808 προφέρων.

2147 1868 2419 1940 llymnnm
2452 1868 2623 1923 atl‘ero
2664 1868 2784 1933 tibi,
2833 1865 3040 1938 Virgo:
3075 1882 3144 1922 ne
3172 1867 3392 1937 oblique
3427 1865 3650 1933 conspi-

2071 1963 2188 2020 eias
2216 1979 2302 2019 me
2331 1963 2492 2019 malis
2525 1977 2876 2034 oppressum,
2910 1962 3005 2016 sed
3037 1961 3128 2023 da,
3173 1971 3349 2018 easta.
3380 1959 3644 2014 emenda-

2068 2055 2271 2110 tionem
2303 2063 2631 2126 promptam,
2665 2053 2974 2110 rel‘ormans
3011 2069 3107 2124 per
3132 2053 3405 2124 jejunium
3431 2065 3650 2107 omnem

2065 2143 2262 2215 agendi
2307 2145 2572 2198 rationem
2603 2151 2766 2213 atque
2801 2158 3005 2199 mores.

2181 2237 2416 2291 Victores
2452 2235 2519 2290 de
2552 2247 2778 2306 tyranno
2822 2247 2870 2290 et
2908 2237 3130 2305 ﬂamma
3161 2253 3254 2305 per
3290 2237 3542 2306 gratiam.

2135 2330 2560 2386 Tormentornm
2597 2330 2810 2398 species
2857 2329 3138 2384 debilitate
3184 2329 3434 2398 corporis
3473 2329 3645 2382 susti-

2064 2433 2300 2486 nentes,
2371 2423 2565 2477 medici
2623 2421 3058 2492 a-grotautium,
3135 2421 3374 2474 victores
3435 2419 3650 2473 athletae

2061 2513 2396 2586 apparuistis
2433 2531 2447 2567 :
2491 2513 2613 2568 ideo
2645 2514 2851 2581 clamo,
2886 2528 3061 2566 meam
3120 2521 3473 2583 mgrotantem
3530 2513 3649 2567 ani-

2061 2624 2204 2664 mam
2238 2615 2452 2666 sanato.
2492 2607 2546 2661 in
2581 2613 2828 2675 tempore
2867 2606 3065 2675 jejnnii
3101 2620 3196 2677 per
3243 2606 3646 2676 paenitentiam.

2133 2700 2245 2756 lien
2312 2701 2478 2755 mihi!
2531 2698 2810 2770 quomodo
2865 2701 3203 2754 transierunt
3266 2714 3458 2753 omnes
3520 2699 3641 2753 dies

2061 2791 2165 2847 mei
2219 2792 2273 2846 in
2335 2789 2706 2861 negligentia?
2741 2800 2797 2845 et
2835 2805 2962 2846 ecce
2994 2791 3266 2847 terminus
3341 2791 3648 2860 appropin-

2057 2892 2190 2956 quat
2222 2892 2281 2938 ut
2310 2883 2584 2938 inﬁnitum
2617 2883 2816 2936 malum
2851 2883 3120 2953 accipiam
3177 2900 3192 2938 :
3251 2899 3343 2936 vos
3373 2883 3463 2952 qui
3505 2882 3643 2937 bene

2056 2993 2282 3033 cursum
2322 2974 2662 3041 absolvistis,
2698 2984 2990 3046 martyres,
3035 2973 3263 3028 concedi
3320 2974 3482 3028 finem
3544 2974 3644 3028 bo-

2062 3087 2194 3125 num
2231 3069 2364 3124 mihi
2404 3068 2730 3138 suppliciter
2757 3077 3000 3122 exorate.

2134 3161 2317 3217 Guttis
2368 3149 2657 3232 sanguinis
2707 3161 2884 3232 ignem
2937 3160 3274 3230 exstinguite
3318 3160 3645 3232 impietatis,

2061 3255 2232 3309 divini
2258 3257 2496 3309 victores
2527 3255 2764 3318 athletae,
2802 3262 2853 3308 et
2884 3253 3294 3308 exsultantibus
3328 3253 3493 3323 hujus
3518 3255 3643 3308 vita:

2061 3349 2306 3403 ohtinete
2341 3362 2527 3403 revera
2567 3348 2808 3401 divinam
2849 3349 3089 3416 quietem
3139 3354 3194 3402 et
3246 3346 3514 3402 factorum
3562 3362 3647 3404 rc-

2062 3443 2379 3496 missionem
2409 3441 2549 3512 apud
2594 3439 2908 3494 Dominum.

2132 3533 2383 3588 Ezechiel
2445 3542 2499 3588 te
2557 3533 2759 3587 ostium
2814 3531 3107 3599 clausum,
3161 3541 3337 3599 casta,
3389 3534 3643 3603 praevidit

2062 3626 2396 3696 pmnitentim
2418 3624 2622 3694 januas
2655 3623 2913 3678 omnibus
2940 3625 3244 3693 desperatis
3283 3625 3647 3696 sub;=perien-

2062 3724 2169 3768 tem
2220 3733 2233 3768 :
2286 3713 2408 3768 ideo
2463 3712 2785 3783 suppliciter
2853 3725 3023 3768 exoro
3076 3719 3163 3779 te,
3219 3715 3449 3771 semitas
3506 3716 3641 3770 mihi

2059 3808 2285 3864 ostende
2314 3808 2380 3862 ad
2410 3809 2621 3878 quietes
2659 3808 2871 3865 illasce.

2323 3897 2485 3954 Fines
2517 3902 2782 3956 transiisti
2807 3914 3035 3965 natura.
3076 3902 3399 3959 Creatorem.

2129 3996 2416 4064 Apparete,
2461 3994 2631 4048 divini
2668 3995 2960 4072 carbones,
2993 3999 3188 4054 silvam
3219 4011 3399 4067 pravae
3451 3996 3647 4066 impie-

2058 4089 2187 4142 tatis
2233 4088 2618 4143 romburentes
2639 4071 2682 4142 ε’
2709 4099 2763 4144 et
2795 4091 2977 4160 gladio
3011 4092 3285 4161 patientiae
3319 4091 3465 4144 acies
3496 4087 3647 4143 fran-

2057 4190 2248 4248 gentes
2295 4180 2624 4243 daemonum,
2666 4180 2903 4236 victores
2959 4182 3196 4248 athletae,
3246 4179 3648 4235 illutninatores

2061 4270 2310 4324 eordinm
2346 4284 2683 4327 noStrortnn.

2129 4362 2412 4420 Tenebras
2497 4364 2899 4420 intellectuales
2972 4365 3305 4430 transferte,
3388 4365 3644 4433 generosi

2683 4458 2805 4512 ideo
2861 4459 2994 4512 illun
3025 4460 3169 4511 inate
3209 4459 3470 4512 humili-tn
3531 4473 3648 4511 ant-

2064 4566 2206 4604 mam
2249 4566 2424 4604 meam
2452 4551 2806 4606 obscuratam
2847 4551 3088 4605 delictis.

2132 4642 2326 4698 Amieti
2361 4651 2488 4698 sunt
2535 4643 2752 4697 labores
2798 4643 3053 4714 corporis
3102 4643 3343 4699 ferentes
3383 4642 3645 4696 illustris-

2063 4736 2187 4790 simi
2245 4738 2486 4791 victorcs
2539 4735 2780 4800 athleta:,
2815 4743 2870 4789 et
2899 4751 3070 4800 nunc,
3109 4735 3487 4796 immaculate,
3543 4747 3644 4800 pro

2063 4815 2313 4885 ﬁdelibus
2357 4831 2632 4899 postulant
2663 4829 2732 4884 ab
2774 4829 2972 4884 exsilio
3000 4830 3243 4900 requiem
3277 4830 3398 4884 sine
3435 4827 3643 4894 labore.

2063 4916 2231 4984 atque
2255 4918 2492 4987 paradisi
2536 4919 2962 4987 possessionem.

2133 5007 2370 5077 Appare,
2431 5007 2782 5066 immaculata
2851 5005 3100 5068 Domina,
3147 5002 3368 5057 divinus
3425 5002 3648 5071 adjutor

2065 5097 2358 5152 inutilibus
2387 5097 2564 5153 servis
2589 5097 2719 5162 tuis,
2755 5098 2810 5150 in
2853 5092 3502 5164 tentporetemperantiae-
3525 5107 3648 5164 pre-

2067 5203 2157 5244 ces
2176 5195 2398 5244 nostras
2428 5186 2664 5244 οῦτοι-ρης
2700 5188 2936 5243 Domino
2972 5189 3066 5258 qui
3105 5193 3299 5255 regnat
3331 5186 3386 5240 in
3423 5185 3646 5240 sarcula.

2463 5368 2750 5425 Cantemus
2779 5374 3031 5441 hymnum
3060 5369 3263 5440 populi.

2139 5463 2355 5530 Habeas
2395 5473 2656 5534 tanquam
2703 5465 2844 5520 Dens
2873 5465 3337 5534 compassionem,
3382 5463 3651 5520 meditan-

2068 5570 2176 5614 tem
2208 5561 2399 5630 accipe
2439 5574 2526 5614 me
2560 5561 2687 5628 quia
2721 5561 3043 5630 consumpsi
3074 5561 3242 5614 vitam
3281 5575 3456 5614 meam
3487 5561 3655 5616 luxu-

2071 5653 2218 5707 riose
2252 5672 2264 5706 :
2305 5655 2485 5706 clamo
2513 5653 2576 5705 ad
2615 5661 2668 5707 te
2719 5652 2850 5721 quia
2895 5651 3143 5724 peccavi,
3199 5651 3660 5710 excusationihus

2068 5757 2176 5796 non
2213 5740 2451 5810 indigeo,
2483 5741 2874 5812 turpitudinem
2910 5751 3128 5797 actuum
3161 5735 3472 5794 declarans.
