3988 6202
387 348 417 407 3
429 346 534 408 859

1309 347 1370 407 S.
1404 346 1820 408 SOPHRONII
1858 351 2367 411 PATRIARCHAE
2398 350 2799 413 HIEROSOL.

3527 358 3677 420 3iti0

463 457 668 512 Panem
707 457 1028 527 angelorum
1063 471 1355 526 respuens,
1399 457 1601 515 similis
1636 458 1814 513 factus
1852 476 1973 513 smn

2152 459 2364 530 Βρῶσιν
2392 458 2659 522 λελοιπὼς
2689 457 3009 530 ἀγγελικὴν,
3035 458 3457 530 παρωμοιώθην
3491 466 3688 535 κτήνε-

395 550 665 619 jumentis
705 550 758 602 in
797 549 1051 604 satiando
1107 549 1376 603 malitiam
1413 558 1468 603 et
1521 551 1980 620 perversitatem;

391 650 805 704 convertentem
843 657 972 696 vero
1002 641 1196 710 accipe
1237 657 1322 696 me
1357 642 1504 698 sicut
1551 659 1718 698 unum
1769 658 1982 699 meree~

393 737 699 794 uariorum,
739 734 985 788 rmleslis
1010 734 1192 789 Pater.

461 825 686 878 Noctem
738 825 1168 894 roluptatumex
1229 825 1441 882 deliciis
1465 828 1969 898 supervenientem,

2096 568 2203 617 σιν,
2233 553 2291 604 ἐν
2319 551 2398 622 τῷ
2425 551 2727 615 σιτίζεσθαι
2747 552 2848 621 τὴν
2883 550 3161 622 μοχθηρὰν
3192 552 3394 606 κακίαν
3411 571 3424 584 ·
3451 541 3568 608 ἀλλ’
3589 554 3688 612 οὖν

2094 643 2496 716 ἐπιστρέφοντα
2515 643 2666 709 δέξαι
2695 661 2762 714 με
2793 643 2986 716 ὥσπερ
3017 643 3112 697 ἕνα
3158 644 3268 696 τῶν
3302 645 3553 716 μισθίων,
3588 650 3686 704 οὐ·

2093 735 2248 805 ράνιε
2298 736 2440 789 Πᾶτε
2451 753 2503 808 ρ.

2162 825 2355 879 Νύκτα
2419 825 2626 896 ⁴ἡδονῶν
2680 826 2779 897 τὴν
2850 826 2914 878 ἐκ
2967 825 3182 898 τρυφῆς
3238 827 3686 900 προσγινομένην

390 936 422 968 υ
450 934 582 970 x-nes
615 915 800 969 ﬁdeles
827 916 1295 986 derelinquentes,
1343 917 1408 976 ad
1446 918 1625 978 lucem
1661 927 1973 986 temperan-

2106 916 2330 978 ἱπαντες
2367 917 2546 968 πιστοὶ
2565 915 2849 985 ἀφέμενοι,
2873 916 3013 983 φωτὶ
3042 918 3142 985 τῆς
3165 915 3499 986 ἐγκρατείας
3520 933 3686 973 σπου-

393 1012 480 1060 iiae
513 1009 807 1077 diligenter
838 1009 1368 1078 appropinquemus,
1413 1019 1471 1069 ut
1524 1010 1764 1074 lucifero
1787 1011 1984 1067 convi-

391 1101 476 1154 \io
506 1100 652 1170 .ligui
681 1099 1019 1169 judicemur.

456 1195 668 1255 Gaude,
699 1193 1116 1248 sanctissimum
1149 1192 1437 1262 templum,
1472 1192 1652 1246 vellus
1688 1209 1980 1262 aspersum

387 1286 675 1349 divinitus,
707 1287 921 1354 signate
952 1285 1072 1338 fons-
1103 1283 1432 1337 immortalis
1471 1282 1819 1351 prolinentis,
1856 1300 1982 1354 gre-

385 1395 506 1444 gem
545 1386 724 1441 tuum,
758 1377 1008 1440 Domina,
1057 1375 1273 1430 custodi
1312 1375 1380 1428 ab
1429 1374 1688 1429 omnibus
1725 1375 1978 1432 hostibus

387 1467 892 1540 inexpugnabﬂenn

633 1559 922 1628 Loquetues
950 1561 1012 1614 de
1047 1560 1153 1614 Dea
1183 1561 1330 1627 pueri
1373 1560 1424 1613 in
1455 1559 1694 1628 fornace.

457 1653 800 1722 Consumpta
850 1654 1166 1708 haereditate
1215 1661 1438 1722 paterna
1481 1668 1604 1706 cum
1641 1649 1974 1721 ,peccatrici-

387 1745 510 1808 luis,
549 1746 777 1799 orbatus
806 1761 926 1799 sum
961 1744 1176 1798 deliciis
1221 1743 1450 1813 gratim:
1486 1742 1580 1796 sed
1622 1742 1812 1811 accipe
1865 1756 1971 1804 me,

390 1836 574 1898 l‘ater,
609 1851 705 1906 per
729 1836 1054 1891 immensam
1091 1833 1548 1888 misericordiam.

465 1930 520 1981 In
574 1918 1025 1997 splendidissimo
1081 1926 1296 1996 jejunio
1350 1925 1701 1979 elaritatibns
1754 1940 1976 1994 precum

388 2025 679 2089 inigentes,
729 2022 893 2076 lucidi
928 2036 1177 2092 agamus,
1233 2029 1290 2072 ut
1323 2020 1526 2089 peccati
1585 2019 1840 2073 tenebras
1893 2017 1978 2071 fu-

399 2111 638 2182 giamus.

458 2204 794 2274 Snppliciter
815 2213 1006 2258 exorat
1025 2211 1077 2258 te
1105 2201 1398 2272 spirituum
1427 2200 1629 2254 chorus
1658 2220 1670 2254 :
1699 2199 1978 2270 supplices

384 2299 586 2353 adsunt
614 2296 909 2352 Cherubim
943 2305 996 2350 et
1035 2303 1357 2350 sanctorum
1391 2295 1666 2348 exercitus
1701 2310 1713 2346 :
1755 2293 1968 2347 animas

395 2399 616 2446 nostras
649 2391 819 2454 salva,
853 2387 1074 2445 Christe
1101 2385 1638 2441 misericordissime.

465 2483 768 2536 Raeemnm
819 2481 1086 2534 incultum
1118 2495 1240 2549 qua:
1279 2478 1571 2548 collegisti,
1617 2477 1974 2554 obscuratum

386 2591 474 2628 me
509 2573 717 2643 peccati
751 2573 1017 2627 ebrietate
1059 2572 1301 2641 corrige,
1356 2568 1450 2624 Dei
1493 2567 1743 2624 Genitrix
1785 2568 1972 2640 Virgo,

385 2680 512 2734 Spes
549 2664 858 2718 animarum
895 2670 1235 2731 nostrarum,

659 2753 1067 2823 Manifcslatuut
1103 2755 1155 2806 iu
1188 2762 1361 2806 monte
1391 2750 1708 2822 legislatori,

458 2847 744 2902 Remotnm
766 2847 835 2900 ab
863 2860 1050 2899 amore
1079 2854 1196 2909 tuo,
1220 2841 1406 2906 Pater,
1429 2850 1485 2897 et
1516 2843 1830 2896 voluntarie
1862 2841 1971 2894 im-

387 2938 606 3008 p.'tilms
675 2937 1017 3005 voluptatum
1078 2935 1409 3002 subjectmn,
1461 2940 1866 2988 convertentem
1916 2941 1976 2991 ut

389 3031 660 3100 pet'ditttttt
695 3029 881 3097 accipe
929 3045 942 3080 :
976 3027 1125 3083 solus
1155 3029 1300 3083 enim
1338 3026 1596 3095 reperiris
1648 3025 1973 3083 misericor-

388 3123 676 3176 dissimus.

459 3209 622 3265 Ficus
653 3210 884 3281 apparui
911 3210 1031 3264 sine
1063 3207 1270 3266 fructu.
1323 3207 1496 3262 solam
1553 3206 1820 3258 malitiam
1868 3221 1968 3260 ex-

391 3305 582 3356 culens
640 3301 876 3366 misere,
929 3316 1052 3369 qua:
1101 3300 1280 3368 ignem
1344 3298 1475 3351 mihi
1523 3297 1868 3367 suppeditat:
1915 3305 1973 3351 tu

391 3395 586 3465 igitur,
640 3390 889 3455 Domine,
947 3389 1379 3444 fructiﬁcantem
1415 3404 1502 3444 me
1550 3387 1781 3444 ostende
1819 3397 1975 3444 actus

389 3486 566 3552 honos
607 3481 1030 3538 fructificantem
1067 3481 1188 3536 tibi.

460 3577 711 3642 Abstine,
756 3576 937 3628 anima
989 3589 1130 3637 mea,
1183 3589 1212 3625 a
1257 3571 1462 3628 malitia
1497 3579 1552 3627 et
1586 3571 1841 3642 segnitie,
1875 3571 1976 3626 im-

391 3685 520 3738 pera
553 3669 649 3722 irae
676 3676 731 3722 et
763 3666 1052 3731 voluntati,
1078 3665 1300 3720 etomni
1325 3671 1585 3734 peccato:
1625 3661 1790 3726 Iesus
1827 3664 1972 3723 enim

391 3763 551 3815 talem
583 3761 697 3814 vult
741 3760 1156 3826 abstinentiam,
1193 3756 1477 3816 maximus
1523 3766 1737 3814 amator
1787 3757 1968 3812 homi-

392 3864 522 3914 num
555 3847 810 3902 Salvator
839 3856 1052 3901 noster.

465 3941 596 4007 Qua:
619 3939 1082 4011 inexplicabiliter
1111 3937 1353 4010 genuisti
1387 3937 1480 3992 Dei
1525 3935 1783 3998 Verbum,
1823 3933 1976 4004 puri-

392 4036 562 4092 ticaus
593 4036 789 4104 spiritu
837 4045 1060 4105 peccata
1095 4031 1306 4094 mundi,
1339 4046 1438 4101 pro
1477 4029 1655 4085 servis
1690 4029 1800 4083 tuis
1834 4042 1973 4097 snp-

388 4129 605 4196 pbeiter
647 4142 850 4192 orans,
918 4141 988 4184 ne
1028 4139 1214 4182 cesses
1276 4125 1404 4188 hoc,
1448 4122 1542 4177 Dei
1589 4119 1861 4186 Genitrix,
1917 4127 1976 4172 ut

399 4237 500 4279 nos
527 4221 826 4283 salvemur.

905 4333 1044 4400 Quia
1072 4330 1211 4393 Deus
1239 4347 1334 4401 ego
1357 4346 1494 4384 sum.

464 4425 760 4494 Postquam
821 4421 1232 4499 adoptavikme
1272 4434 1370 4488 per
1418 4417 1677 4473 balneum
1714 4416 1972 4486 baptismi

2087 1004 2253 1068 δαίως
2295 1006 2702 1076 προσέλθωμεν,
2766 1006 2853 1060 ἵνα
2895 1007 3003 1076 τῆς
3057 1007 3383 1079 φωτοφόρου
3442 1009 3675 1080 εὐωχίας

2089 1097 2542 1168 καταξιωθῶμεν.

2157 1190 2410 1259 Χαίροις.
2445 1191 2473 1242 6
2506 1191 2772 1258 πανάγιος
2821 1191 2969 1256 ναὸς,
3001 1192 3029 1244 6
3083 1192 3248 1255 πόκος
3289 1194 3318 1246 6
3367 1191 3679 1264 θεόδροσος,

2085 1281 2500 1351 ἐσφραγισμένη
2538 1282 2693 1351 πηγὴ
2725 1281 2822 1334 τοῖ’)
2855 1281 3126 1336 ἀθανάτου
3160 1283 3402 1352 ῥείθρου,
3428 1283 3530 1354 τὴν
3554 1284 3680 1336 ποί-

2087 1390 2227 1442 μνην
2259 1390 2378 1438 σου,
2411 1373 2705 1439 Δέσποινα,
2733 1373 2970 1442 φύλαττε
3004 1376 3070 1428 ἐκ
3093 1374 3368 1428 παντοίων
3401 1375 3680 1446 πολεμίων

2082 1464 2520 1537 ἀπολιορκήτως.
3666 1491 3686 1534 ι

2332 1563 2397 1613 Ol
2431 1559 2791 1628 θεορήμίινες
2825 1559 3036 1625 παῖδες
3063 1560 3135 1612 ἐν
3176 1560 3427 1629 καμίνῳ.

2164 1650 2580 1722 Ἐκδαπανήσας
2614 1652 2804 1706 οὐσίαν
2828 1651 2928 1722 τὴν
2956 1651 3218 1722 πατρῴαν
3252 1652 3392 1722 μετὰ
3435 1652 3680 1724 πορνῶν,

2079 1740 2378 1814 ἐξεϐλήθην
2425 1745 2532 1800 τῶν
2560 1745 2876 1816 προαυλίων
2903 1746 3003 1814 τῆς
3051 1746 3275 1816 χάριτος
3297 1760 3311 1774 ’
3344 1743 3481 1798 ἀλλὰ
3529 1743 3681 1808 δέξαι

2009 1833 2049 1887 Β
2083 1850 2172 1901 με,
2200 1835 2408 1906 Πάτερ,
2435 1835 2504 1888 δι’
2536 1838 2775 1908 ἄμετρον
2797 1837 2967 1900 ἕλεος.

2167 1928 2255 1980 Ἐν
2291 1929 2625 2001 φαιδροτὰτη
2673 1931 2895 2002 νηστείᾳ
2924 1929 3301 1998 φωταυγείαις
3345 1928 3458 1982 τῶν
3504 1947 3682 2000 προσ·-

2081 2017 2258 2086 ευχῶν
2308 2017 2779 2088 λαμπρυνθέντες,
2845 2019 3162 2088 φωτοειδεῖς
3219 2019 3679 2090 χρηματίσωμεν,

2079 2108 2227 2169 ὅπως
2259 2109 2360 2179 τῆς
2392 2109 2669 2180 ἁμαρτίας
2700 2109 2761 2162 τὸ
2799 2111 2988 2173 σκότος
3019 2109 3376 2180 ἐκφύγωμεν.

2165 2197 2504 2253 Ἐκδυσωπεῖ
2521 2217 2580 2253 σε
2605 2201 2763 2272 χορὸς
2789 2201 2898 2254 τῶν
2923 2203 3270 2271 ἀσωμάτων·
3296 2202 3366 2256 τὰ
3391 2202 3682 2279 Χερουϐὶμ

2083 2290 2462 2357 ίκετεύει,καὶ
2511 2292 2620 2346 τῶν
2652 2294 2827 2362 ἁγίων
2882 2293 2954 2347 τὰ
3009 2293 3298 2366 τάγματα·
3351 2293 3452 2358 τὰς
3490 2294 3678 2367 ψυχὰς

2078 2383 2238 2453 ἡμῶν
2269 2383 2465 2450 σῶσον,
2496 2387 2698 2456 Χριστὲ
2730 2385 3008 2439 πολυέλεε.

2151 2477 2254 2530 Τὸν
2280 2478 2632 2549 ἀγεώργητον
2657 2479 2857 2552 βότρυν
2892 2478 3254 2543 συλλαϐοῦσα,
3289 2480 3675 2552 ἐσκοτισμένον

2082 2585 2148 2639 με
2171 2568 2310 2640 μέθῃ
2343 2571 2440 2639 τῆς
2466 2573 2744 2642 ἁμαρτίας
2769 2573 3126 2644 σωφρόνισον,
3150 2571 3382 2626 Θεοτόκε
3405 2573 3672 2644 Παρθένε,

2078 2662 2231 2726 ἐλπὶς
2255 2664 2364 2716 τῶν
2393 2664 2587 2735 ψυχῶν
2624 2666 2802 2735 ἡμῶν.

2225 2754 2336 2808 Τὸν
2361 2757 2828 2823 προδηλωθέντα
2859 2757 2930 2810 ἐν
2951 2757 3072 2826 ὄρει
3101 2757 3183 2825 τῷ
3216 2761 3530 2831 νομοθέτῃ.

2148 2847 2250 2902 Τὸν
2278 2849 2385 2902 ἀπὸ
2406 2849 2505 2918 τῆς
2528 2849 2627 2918 σῆς
2647 2849 3048 2921 μακρυνθέντα,
3075 2851 3282 2922 Πάτερ,
3306 2853 3547 2924 ἀγάπης,
3580 2854 3678 2907 καὶ

2077 2937 2396 3003 ἐθελουσίως
2421 2942 2618 3010 ὁρμαῖς
2643 2941 2850 3011 ἡδονῶν
2878 2941 3236 3006 δουλωθέντα,
3267 2946 3674 3017 ἐπιστρέφοντα

2075 3031 2149 3094 ὡς
2178 3031 2270 3084 τὸν
2305 3033 2513 3086 ἄσωτον
2582 3033 2770 3098 δέξαι·
2811 3035 2972 3106 μόνος
3022 3035 3132 3106 γὰρ
3182 3037 3446 3108 ὑπάρξεις
3493 3038 3679 3092 πολυε-

2076 3122 2246 3186 ἑλεος.
2358 3123 2362 3127 ’
3639 3136 3644 3143 ’

2153 3218 2437 3288 ’Ἃκαρπος
2466 3217 2712 3290 ἐδείχθην
2738 3219 2904 3290 συκῆ,
2941 3220 3111 3291 μόνην
3137 3221 3236 3294 τὴν
3275 3221 3476 3274 κακίαν
3496 3237 3676 3294 γεωρο

2075 3307 2188 3376 γῶν
2217 3311 2244 3363 6
2273 3310 2476 3375 ἄθλιος,
2508 3311 2568 3364 τὸ
2597 3312 2706 3382 πῦρ
2742 3329 2832 3383 μοι
2864 3313 3233 3384 προξενοῦσαν
3254 3327 3268 3342 ·
3316 3315 3380 3372 σὺ
3403 3313 3519 3379 οὖν,
3555 3313 3674 3368 Κύ-

2079 3419 2186 3472 ριε,
2226 3405 2581 3475 καρποφόρον
2615 3421 2683 3476 με
2722 3405 2920 3472 δεῖξον,
2951 3403 3180 3484 πράξεις
3209 3406 3422 3475 ἀγαθὰς
3454 3423 3677 3479 καρπο-

2033 3547 2038 3554 ,
2077 3493 2348 3562 φοροῦντα
2375 3512 2480 3550 σοι.

2147 3585 2668 3659 Νήστευσον,ψυχή
2695 3605 2821 3658 μου,
2851 3589 3058 3654 κακίας
3081 3589 3174 3644 καὶ
3205 3590 3498 3664 ῥᾳθυμίας,
3531 3594 3676 3663 κρά-

2075 3689 2243 3743 τησον
2264 3675 2436 3744 ὀργῆς
2469 3676 2565 3730 καὶ
2601 3675 2800 3747 θυμοῦ,
2834 3679 2927 3732 καὶ
2965 3680 3150 3750 πάσης
3199 3681 3512 3753 ἁμαρτίας·
3564 3683 3678 3750 ἰη-

2078 3763 2205 3827 σοῦς
2233 3767 2341 3838 γὰρ
2371 3767 2629 3838 τοιαύτην
2651 3769 2795 3822 θέλει
2821 3769 3082 3842 νηστείαν
3104 3771 3132 3824 6
3154 3771 3674 3848 φιλανθρωπότατος

2087 3855 2280 3926 Σωτὴρ
2311 3857 2492 3928 ἡμῶν.

2157 3946 2223 3998 Ἢ
2245 3945 2670 4019 ἀνερμηνεύτως
2720 3949 2959 4004 τεκοῦσα
3007 3951 3100 4004 τὸν
3145 3951 3279 4006 Θεὸν
3317 3952 3514 4021 Λόγον,
3573 3953 3674 4006 τὸν

2076 4036 2409 4108 καθαίροντα
2438 4040 2716 4110 Πνεύματι
2760 4042 2968 4112 κόσμου
3021 4045 3120 4106 τὰς
3175 4045 3471 4115 ἁμαρτίας,
3524 4046 3672 4116 ὑπὲρ

2074 4124 2276 4180 δούλων
2304 4145 2396 4182 σου
2413 4127 2739 4186 δυσωποῦσα
2757 4131 2832 4203 μὴ
2855 4132 3037 4204 παύσῃ
3060 4133 3272 4198 τοῦτον,
3290 4134 3542 4200 Θεοτόκε,
3570 4134 3670 4192 τοῦ

2079 4216 2323 4294 σωθῆναι
2357 4221 2526 4290 ἡμᾶς.
3553 4225 3560 4234 “

2572 4313 2694 4367 Ὅτι
2727 4314 2874 4381 Θεὸς
2899 4313 3014 4384 ἐγώ
3037 4318 3173 4385 εὶμι.

2146 4402 2477 4474 Υίοθετήσας
2512 4422 2580 4474 με
2612 4404 2700 4459 διὰ
2739 4406 2970 4478 λουτροῦ
3025 4407 3404 4480 βαπτίσματος
3431 4410 3458 4462 6
3491 4408 3671 4480 ὕπερ-

388 4517 630 4586 optimus
664 4516 845 4579 Pater,
895 4514 1105 4569 divitiis
1126 4493 1224 4566 ‘me
1271 4511 1559 4566 exornavit
1599 4509 1843 4563 omnium
1874 4509 1963 4563 bo-

2106 4493 2279 4562 ιγαθος
2304 4495 2518 4566 Πατὴρ,
2573 4495 2794 4568 πλούτῳ
2830 4499 3104 4552 παντοίων
3153 4501 3538 4570 κατεκόσμησε
3569 4519 3673 4555 κα-

392 4621 627 4659 norum:
667 4603 761 4658 sed
795 4602 993 4658 servivi
1024 4600 1366 4655 voluntarius
1413 4597 1778 4653 inl'ructuosis
1822 4597 1975 4668 cogi-

391 4695 712 4758 tationibus,
750 4693 895 4749 unde
928 4707 1134 4763 pauper
1163 4691 1344 4746 factus
1374 4705 1519 4745 sum.

462 4785 804 4848 Misericors,
824 4783 1162 4845 misericors,
1194 4781 1509 4837 misericors
1533 4791 1674 4846 esto,
1703 4779 1928 4838 Domine
1953 4795 1968 4832 :

385 4876 576 4945 judica
601 4875 872 4952 judicium
901 4891 1080 4940 meum
1122 4874 1277 4936 tnihi,
1317 4873 1468 4944 juste
1497 4874 1688 4942 jnder.
1745 4887 1970 4942 parvum

391 4970 689 5040 suspirium
725 4985 902 5024 meum
948 4983 1042 5037 per
1080 4967 1514 5022 misericordiam
1577 4981 1828 5034 magnam
1877 4979 1971 5016 ae-

389 5059 509 5126 cipe
537 5056 798 5120 ,Christc,
828 5065 883 5110 et
911 5071 977 5110 ne
997 5055 1218 5125 oblique
1258 5055 1494 5123 aspicias
1531 5069 1638 5106 me.

462 5143 746 5200 Exuentes
801 5142 1195 5198 intolerabilem
1245 5150 1455 5196 vestem
1497 5140 1955 5207 intemperantiae.

392 5238 688 5306 fulgentem
723 5235 1098 5304 temperantia:
1123 5233 1417 5288 induamnr
1447 5232 1665 5314 stolam,
1701 5239 1756 5285 et
1788 5233 1972 5302 splen-

388 5329 517 5395 didi
549 5329 674 5381 facti
696 5370 709 5392 ,
738 5327 970 5381 lucidam
1000 5325 1336 5386 Liberatoris
1362 5325 1760 5394 praeveniamus
1793 5326 1971 5379 susci-

391 5425 671 5475 lulianum.

461 5511 622 5564 Salia
653 5527 761 5575 me,
798 5513 948 5565 salva
984 5526 1086 5572 me,
1119 5524 1148 5563 a
1195 5508 1581 5578 desperatione
1609 5523 1735 5575 quae
1776 5504 1968 5560 Salva-

389 5613 560 5654 torem
604 5602 878 5673 genuisti:
921 5603 1065 5664 vide,
1095 5610 1270 5661 casta,
1308 5601 1733 5670 oppressionem
1770 5616 1967 5662 meam,

387 5706 552 5756 quam
597 5691 891 5745 multitudo
926 5692 1321 5744 itmnensorunt
1378 5705 1626 5742 meorum
1698 5689 1968 5745 malorum

390 5782 542 5847 aufert
569 5781 801 5845 singulis
833 5783 1027 5838 diebus
1066 5782 1364 5838 debilitata:
1397 5767 1596 5838 animae
1631 5797 1785 5837 meae.

2076 4585 2182 4639 λῶν
2205 4603 2219 4618 ο
2250 4585 2365 4639 ἀλλ’
2397 4585 2690 4643 ἐδούλευσα
2711 4588 2880 4652 θέλων
2899 4591 3008 4656 τοῖς
3049 4590 3325 4663 ἀκάρποις
3358 4590 3668 4662 λογισμοῖς,

2075 4681 2197 4740 ὅθεν
2224 4681 2572 4752 ἐπτώχευσα.

2149 4773 2358 4838 Ἴλεως,
2389 4774 2569 4840 ἵλεως,
2594 4774 2752 4839 ἵλεως
2774 4775 2888 4840 ἔσο,
2913 4774 3088 4847 Κύριε
3114 4793 3129 4810 ο
3156 4779 3340 4848 κρῖνον
3365 4775 3464 4846 τὴν
3485 4777 3674 4842 κρίσιν

2078 4883 2181 4935 μου
2215 4867 2362 4937 ἐμοὶ,
2417 4865 2786 4937 δικαιοκρίτα,
2850 4868 2943 4920 τὸν
2979 4866 3176 4938 μικρόν
3221 4884 3325 4937 μου
3359 4869 3673 4938 στεναγμὸν

2074 4957 2160 5009 διὰ
2180 4956 2330 5020 ἔλεος
2359 4957 2502 5028 μέγα
2529 4959 2989 5030 προσδεχόμενος,
3025 4961 3250 5032 Χριστὲ,
3284 4961 3378 5014 καὶ
3407 4961 3484 5032 μὴ
3522 4976 3672 5031 παρ-

2079 5049 2194 5121 ίδῃς
2229 5067 2318 5120 με.

2160 5140 2588 5212 Ἀποδυσάμενοι
2640 5140 2702 5194 τὸ
2734 5139 3003 5211 δυσαχθὲς
3056 5142 3310 5212 χιτώνιον
3357 5142 3462 5212 τῆς
3489 5145 3670 5214 ἀκρα-

2077 5233 2218 5296 σίας,
2247 5231 2344 5302 τὴν
2368 5233 2604 5304 φαιδρὰν
2647 5233 2746 5303 τῆς
2781 5233 3114 5306 ἐγκρατείας
3152 5232 3508 5305 ἐνδυσώμεθα
3537 5252 3668 5287 στο-

2075 5325 2194 5396 λὴν,
2221 5326 2315 5387 καὶ
2343 5325 2587 5398 λαμπροὶ
2609 5328 2891 5398 γεγονότες
2918 5329 3017 5400 τὴν
3032 5328 3293 5398 λαμπρὰν
3315 5327 3408 5380 τοῦ
3438 5329 3672 5396 Λυτρω-

2077 5411 2168 5463 τοῦ
2208 5411 2501 5484 φθάσωμεν
2540 5416 2633 5484 ἐγε
2645 5433 2783 5486 ρσιν.
2915 5433 2918 5439 ’

2146 5509 2326 5561 Σῶσόν
2361 5528 2452 5579 με,
2488 5511 2662 5565 σῶσόν
2697 5530 2786 5583 με,
2826 5514 2976 5582 ἡτὲν
3014 5514 3243 5602 Σωτῆρα
3283 5513 3484 5577 τέξασκ
3509 5529 3525 5543 ·
3588 5513 3669 5566 ἴδε

2074 5602 2173 5673 τὴν
2208 5599 2388 5670 θλίψιν
2424 5619 2548 5672 μου.
2584 5605 2745 5674 ἁγνὴ,
2777 5606 2842 5676 ἢν
2887 5606 2919 5674 ἡ
2959 5599 3175 5676 πληθὺς
3202 5606 3309 5657 τῶν
3337 5604 3670 5674 ἁμετρήτων

2079 5708 2179 5760 μου
2212 5693 2396 5746 κακῶν
2436 5695 2656 5763 ἐμποιεῖ
2685 5697 2805 5750 καθ’
2838 5697 3044 5768 ἡμέραν
3074 5699 3138 5767 τῇ
3179 5695 3350 5766 seu;
3379 5711 3480 5766 μου
3509 5695 3664 5768 ψυχῇ

2076 5784 2132 5845 ἐξ
2165 5784 2546 5853 ἀπογνώσεως.
