3960 6194
337 378 471 444 3961
576 432 579 435 λ
610 364 633 399 ”

731 494 833 546 ’ον
881 494 1238 564 φρίττουσιν
1264 494 1529 566 ἄγγελοι.
1608 542 1616 549 .

404 581 604 655 Θρηνῶ
658 583 753 637 καὶ
798 584 1084 658 ὀδύρομαι,
1139 588 1240 660 τὴν
1284 590 1435 663 ὥραν
1475 589 1674 647 ἐννοῶν
1711 590 1832 645 καθ’
1857 593 1923 663 ἢν

335 677 757 748 παραστήσομαι
778 677 855 748 τῷ
885 678 1061 751 θρόνῳ
1083 680 1161 751 τῷ
1192 684 1430 754 φρικτῷ,
1455 681 1687 748 εὐθύνας
1710 684 1923 754 ὑφέξων

331 769 441 822 τῶν
467 768 680 822 πολλῶν
725 785 829 840 μου
890 765 1317 847 κακῶνιῶνπερ
1364 777 1424 829 ἐν
1460 774 1655 847 ἀγνοίᾳ
1698 775 1925 830 ἐτέλεσα

334 867 428 919 καὶ
466 864 689 933 γνώσει.
1117 844 1125 857 1

408 954 670 1026 Μωῦσῆς,
700 955 1077 1028 καθαρτήριον
1129 959 1383 1028 νηστείαν
1443 960 1737 1033 εὑρηκὼς,
1788 961 1921 1016 Θεὸν

334 1046 631 1116 κατενόησε
682 1050 777 1101 τὸν
804 1048 967 1120 μόνον
999 1049 1276 1121 καθαρόν
1338 1051 1485 1122 ψυχή
1525 1071 1652 1123 μου,
1696 1054 1923 1125 νηστείᾳ

336 1138 720 1209 καθαρίσθητι,
739 1139 826 1193 ἵνα
853 1140 1161 1215 πλησιάσῃς
1180 1142 1405 1214 Χριστῷ
1425 1142 1504 1215 τῷ
1530 1144 1919 1216 φιλανθρώπῳ.

410 1230 683 1301 Νηστείαν
708 1231 1039 1302 ποθησωμεν
1066 1234 1282 1304 μητέρα
1303 1234 1515 1304 ἀρετῶν
1533 1252 1548 1268 ο
1572 1235 1784 1308 τρυφὴν
1810 1237 1924 1308 βδε-

336 1319 627 1390 λυξώμεθα
649 1321 976 1393 γεννήτριαν
1004 1323 1193 1380 παθῶν
1213 1340 1227 1354 ⁸
1268 1327 1364 1380 καὶ
1393 1326 1704 1398 κράξωμεν,
1742 1329 1921 1399 Πάτερ

337 1414 364 1464 ὁ
390 1414 447 1463 ιν
471 1413 583 1474 τοῖς
617 1411 890 1487 οὐρανοῖς,
944 1412 1120 1468 σῶσον
1159 1417 1332 1486 ἡμᾶς,
1370 1416 1542 1471 σῶσον
1572 1418 1761 1488 εὐχαῖς
1813 1419 1922 1472 τῶν

341 1504 451 1558 σῶν
476 1505 672 1574 ἁγίων.

409 1592 618 1668 κριτὴν
651 1596 710 1650 δν
743 1596 1064 1669 ἐγέννησας,
1084 1598 1331 1668 Παρθένε
1354 1600 1608 1671 Μαριάμ,
1640 1601 1916 1669 δυσώπει,

339 1689 398 1740 ὲν
417 1688 535 1760 ὥρᾳ
560 1705 627 1758 με
647 1687 750 1759 τῆς
769 1687 1028 1760 κρίσεως,
1057 1690 1215 1760 ἁγνὴ,
1236 1691 1506 1763 οἰκτεῖραι
1530 1694 1620 1746 καὶ
1645 1691 1814 1747 σῶσαι
1832 1693 1926 1746 τὸν
1966 1754 1973 1767 ἱ

340 1780 698 1847 κατάκριτον,
730 1778 867 1851 μόνη
892 1780 1202 1851 προστασία
1227 1781 1323 1835 τοῦ
1351 1782 1545 1850 γένους
1584 1782 1690 1837 τῶν
1718 1782 1926 1854 ἀνθρώ-

341 1889 481 1926 πων.

724 1961 840 2031 Τὴν
869 1963 1222 2033 φωτοςρόρον
1260 1964 1544 2034 νεφέλην.

416 2052 509 2118 Εἰς
540 2054 815 2126 ἁμαρτίας
845 2055 1082 2128 πελάγη,
1127 2058 1208 2118 εἰς
1255 2056 1617 2124 ἀπογνώσεως
1647 2056 1809 2128 βάθη.
1844 2058 1926 2121 εἰς

342 2149 640 2218 τρικυμίας
665 2148 964 2220 λογισμῶν,
986 2149 1082 2203 καὶ
1105 2148 1292 2203 παθῶν
1329 2150 1650 2215 καταιγίδας
1692 2167 1926 2222 περιπε-

345 2232 455 2287 σὼν
477 2234 713 2298 άναϐοῶ,
736 2236 921 2301 ἐλέους
943 2239 976 2307 ἡ
1008 2237 1270 2302 ἄϐυσσος,
1297 2235 1483 2308 βοήθει
1515 2256 1626 2310 μοι,
1652 2240 1746 2293 καὶ
1762 2242 1831 2312 τῇ
1847 2242 1926 2312 ,σῇ

345 2323 722 2397 εὐσπλαγχνία
747 2324 1012 2398 δμϐρισόν
1041 2345 1132 2399 μοι
1151 2328 1375 2401 ἱλασμὸν
1408 2330 1713 2403 ἁμαρτιῶν.

413 2511 512 2566 Διὰ
541 2512 798 2580 νηστείας
827 2512 888 2566 τδ
911 2513 1096 2584 σῶμα,
1133 2514 1200 2568 δι’
1226 2516 1558 2587 ἐγκρατείας
1588 2518 1649 2573 τὸ
1683 2518 1925 2590 πνεῦμα,

341 2601 430 2655 διὰ
449 2600 698 2673 δακρύων
741 2601 838 2673 τὴν
864 2600 1068 2673 ψυχὴν,
1111 2603 1536 2675 ὲκκαθάρωμεν,
1588 2606 1792 2673 πιστοὶ,
1829 2604 1925 2661 καὶ

346 2693 577 2765 καθαροὶ
602 2694 682 2765 τῷ
704 2694 930 2767 καθαρῷ
962 2696 1233 2767 λαμπρῶς
1265 2697 1688 2770 ὑπαντήσωμεν,
1722 2700 1927 2772 ὀψόμε-

345 2804 426 2840 νοι
454 2787 523 2841 τὰ
557 2787 802 2859 σωτήρια
824 2785 995 2860 πάθη,
1027 2787 1063 2843 ἃ
1091 2788 1303 2860 ὑπέστη
1334 2789 1404 2844 δι’
1438 2792 1632 2862 ήρᾶςὸ
1660 2793 1899 2863 ἀπαθής.

424 2878 513 2942 Ὠς
540 2880 570 2932 ὁ
596 2878 837 2949 τελώνης
869 2879 1137 2947 στενάξω,
1188 2881 1380 2954 ὥσπερ
1405 2885 1439 2954 ἡ
1470 2884 1646 2955 πόρνη
1677 2883 1924 2956 δακρύω,

343 2970 418 3025 ὡς
449 2973 478 3025 ὁ
509 2970 711 3043 λῃστὴς
743 2970 983 3038 άναὸοῶ,
1009 2973 1296 3046 Μνήσθητί
1319 2992 1446 3045 μου,
1486 2976 1820 3047 οἰκτίρμωνυ
1851 2977 1929 3042 ὡς

341 3059 613 3139 δτυφλὸς,
641 3058 738 3113 Υἱὲ
763 3059 947 3123 Δαὸὶδ,
967 3062 1266 3132 κραυγάζω
1331 3079 1435 3126 σοι,
1463 3061 1672 3128 ἄνοιξον
1705 3063 1803 3132 τῆς
1828 3063 1928 3132 ψυ-

284 3174 290 3180 ·
343 3152 448 3223 χῆς
482 3167 584 3222 μου
608 3149 922 3224 ὀφθαλμοὺς
950 3152 1308 3225 πηρωθέντας
1325 3154 1394 3226 τῇ
1422 3154 1592 3226 κακίᾳ
1624 3153 1716 3207 τοῦ
1752 3153 1927 3208 δολίου

345 3242 689 3314 πτερνιστοῦ.

416 3336 492 3390 Τὸ
527 3336 872 3407 ἀλατὸμητον
922 3336 1069 3409 ὅρος,
1104 3336 1204 3409 τὴν
1251 3336 1558 3392 άδιόδευτον
1595 3336 1793 3409 πύλην,
1826 3338 1927 3408 τὴν

343 3429 621 3501 άνωτέραν
652 3430 897 3501 οὐρανῶν
924 3429 1020 3482 καὶ
1052 3430 1152 3499 τῆς
1183 3428 1415 3494 κτίσεως
1443 3430 1648 3501 πάσης,
1677 3429 1777 3501 τὴν
1799 3430 1932 3517 καλ-

343 3518 505 3590 λονὴν
532 3516 627 3571 τοῦ
668 3516 883 3583 Ἰακὼϐ,
915 3517 1014 3589 τὴν
1035 3519 1274 3589 στάμνον
1315 3519 1417 3590 τὴν
1457 3519 1797 3590 πάγχρυσον,
1834 3516 1931 3575 καὶ

345 3609 593 3680 γέφυραν
643 3608 735 3662 καὶ
762 3609 991 3679 Μητέρα
1038 3608 1134 3661 τοῦ
1168 3608 1447 3674 Κτίστου,
1508 3609 1607 3682 τὴν
1653 3610 1932 3682 Παρθένον

349 3697 766 3772 μακαρίσωμεν,
792 3697 931 3753 λαοί.

516 3787 594 3842 Τὸ
619 3787 923 3858 στερέωμα
950 3787 1065 3843 τῶν
1086 3788 1187 3843 ἐπὶ
1225 3790 1326 3845 σοί
1368 3792 1762 3848 πεποιθότων.
1806 3835 1815 3843 .

415 3879 888 3951 Συσταυρούμενοι
911 3879 989 3953 τῷ
1008 3880 1076 3935 δι’
1109 3883 1261 3954 ἡμᾶς
1294 3882 1684 3955 σταυρωθέντι,
1724 3884 1935 3957 νεκρώ-

349 3991 532 4045 σωμεν
570 3972 789 4029 ἅπαντα
817 3975 1024 4046 σαρκὸς
1050 3973 1120 4030 τὰ
1154 3975 1293 4048 μέλη
1320 3976 1379 4030 έν
1408 3976 1686 4048 νηστείαις
1715 3977 1813 4032 καὶ
1839 3977 1931 4032 εὐ-

350 4068 471 4136 ιαϊς
494 4066 588 4120 καὶ
618 4066 892 4138 δεήσεσιν.

429 4158 488 4211 '0
516 4157 617 4229 τὴν
654 4157 899 4212 ἄκανθαν
924 4154 1026 4229 τῆς
1056 4159 1331 4231 ἁμαρτίας
1352 4159 1590 4225 ἑκτίλας,
1623 4161 1931 4233 σταυρώσει

354 4266 467 4314 σου,
509 4248 702 4320 Κύριε,
737 4249 865 4313 τοὺς
890 4247 1226 4315 ἀκανθώδεις
1249 4250 1542 4322 λογισμοὺς
1568 4252 1665 4320 τῆς
1693 4252 1939 4319 διανοίας,

351 4356 454 4409 μου
493 4336 724 4397 ἐκτιλον.
884 4383 888 4386 .

420 4427 860 4496 Καθοπλίσαντες
901 4430 1002 4496 τὰς
1050 4431 1291 4496 διανοίας
1314 4432 1561 4505 νηστείᾳ,
1600 4433 1933 4506 τρεψώμεθα

1764 389 2174 452 TRIODIUM.

1945 504 2001 563 Α

3462 392 3605 458 3862

2436 500 2603 568 Quem
2643 500 2951 556 horrescunt
2993 503 3185 573 angeli.

2098 587 2393 645 Lamentor
2443 600 2499 646 et
2550 589 2739 661 ploro,
2817 593 2959 646 hanc
3025 592 3341 663 recogitans
3410 594 3604 649 horam

1995 696 2133 751 ‘qua
2166 683 2474 737 constitnar
2499 693 2626 739 ante
2667 685 2927 738 thronum
2971 683 3297 750 terribilem,
3337 686 3405 740 ad
3443 686 3600 758 judi-

2027 773 2168 824 cium
2232 771 2578 826 subeundum
2631 773 2817 829 mullis
2865 772 2933 829 de
2980 773 3116 829 meis
3177 778 3419 845 peccatis
3475 792 3600 849 qmn

2025 862 2286 933 ignorans
2314 872 2409 918 aut
2437 863 2621 919 sciens
2657 863 2782 920 feci.

2095 954 2326 1025 Moyses,
2378 956 2602 1013 inventa
2642 957 2697 1013 in
2722 958 2937 1029 jejunio
2975 959 3377 1029 puriﬁcatione,
3437 961 3605 1018 lieum

2024 1045 2201 1100 solum
2232 1061 2430 1115 purum
2459 1048 2846 1105 animadvertit
2875 1069 2890 1106 :
2925 1050 3239 1121 puriﬁcare,
3257 1054 3439 1108 anima
3464 1071 3604 1120 mea,

2024 1142 2079 1190 In
2103 1136 2341 1205 jejunio,
2361 1148 2420 1194 nt
2454 1135 2693 1209 benigno
2724 1139 2948 1196 Christo
2988 1141 3420 1215 appropinques.

2012 1278 2016 1284 .
2094 1227 2683 1298 Jejuninm-amemus,
2725 1247 2789 1288 ex
2829 1248 2942 1304 quo
2984 1245 3289 1290 nascuntur
3320 1238 3601 1304 virtutes;

2024 1319 2250 1378 delicias
2279 1338 2651 1390 exsecrentur,
2677 1325 2880 1396 quibus
2909 1336 3245 1396 generantur
3273 1330 3562 1397 cupidines
3590 1348 3604 1395 ;

2025 1412 2326 1471 clatnemus
2352 1435 2365 1470 :
2395 1415 2577 1481 Pater,
2601 1419 2693 1488 qui
2719 1433 2782 1474 es
2807 1419 2863 1474 in
2903 1419 3084 1484 caelis,
3108 1420 3261 1475 salva
3291 1422 3419 1485 n‘os,
3451 1423 3604 1477 salva

2026 1521 2124 1575 per
2152 1523 2340 1574 pI'CCCS
2368 1519 2686 1565 ειιηοιοτωιι
2710 1520 2954 1585 tuorum.

2098 1594 2347 1651 Judicem
2383 1616 2543 1668 quem
2571 1602 2832 1671 genuisti,
2873 1600 3040 1673 Virgo
3089 1602 3280 1670 Maria,
3310 1604 3587 1665 obsecra:

2027 1687 2081 1742 in
2114 1689 2247 1743 hora
2275 1687 2489 1755 judicii,
2526 1691 2850 1760 purissima,
2885 1693 3149 1750 miserere
3177 1693 3306 1760 mei,
3337 1694 3605 1761 salvaque

2028 1778 2376 1844 damnatum,
2412 1780 2528 1835 sola
2557 1781 2729 1837 tutela
2760 1781 2986 1849 humani
3017 1782 3255 1854 generis.

2546 1956 2599 2011 Ν
2605 1958 2756 2013 abem
2785 1959 3086 2029 luciferam.

2100 2046 2158 2103 In
2191 2057 2544 2118 peccatorum
2578 2053 2825 2129 pelagus,
2868 2054 2920 2107 in
2950 2052 3357 2124 desperatioms
3384 2055 3615 2126 profun-

2028 2137 2182 2200 dum.
2207 2148 2262 2195 et
2298 2142 2702 2213 cogitationum
2721 2143 2921 2200 ﬂuctus
2946 2155 3000 2200 et
3036 2146 3361 2215 passionum
3407 2157 3613 2218 tempe-

2030 2238 2209 2285 states
2237 2230 2424 2301 lapsus
2446 2233 2697 2289 exclamo
2720 2253 2734 2289 :
2764 2234 3158 2292 misericordiae
3174 2237 3611 2308 abyssns,auxi-

2029 2318 2162 2374 liare
2187 2320 2339 2387 mihi,
2360 2330 2415 2377 et
2436 2331 2529 2377 tua
2551 2324 2905 2382 miseratione
2933 2325 3096 2396 irriga
3123 2341 3230 2395 me,
3250 2327 3607 2399 propitiatio-

2028 2423 2153 2463 nem
2188 2410 2433 2478 peccatis
2469 2411 2763 2469 adhibens.

2096 2497 2316 2572 Jejnnio
2349 2517 2573 2573 corpus,
2628 2506 2966 2562 abstinentia
3017 2508 3299 2579 spiritum,
3342 2509 3604 2582 lncrymis

2028 2593 2269 2652 animam
2297 2596 2684 2665 emundemus,
2705 2597 2916 2665 ﬁdeles,
2949 2611 3005 2654 et
3019 2601 3211 2656 mundi
3237 2602 3608 2659 mundissimo

2028 2686 2315 2756 splendide
2344 2702 2722 2758 occurramus,
2780 2698 2839 2745 ut
2870 2691 3146 2749 salutares
3169 2693 3459 2750 videamus
3486 2708 3615 2763 pas-

2028 2775 2233 2845 siones,
2268 2793 2409 2849 quas
2437 2795 2538 2851 pro
2572 2781 2730 2837 nobis
2757 2783 2985 2838 sustulit
3006 2784 3387 2854 impassibilis.

2101 2865 2256 2922 Sicut
2304 2870 2634 2939 publicanus
2669 2873 2994 2944 ingemisco.
3039 2874 3186 2930 sicut
3226 2877 3487 2932 meretrix
3529 2874 3611 2931 la-

2030 2969 2270 3027 crymor,
2303 2959 2449 3014 sicut
2482 2960 2622 3014 latro
2649 2961 2902 3017 exclamo
2931 2981 2945 3018 :
2973 2962 3245 3020 Memento
3282 2967 3409 3030 mei,
3449 2966 3613 3020 mise-

2030 3048 2210 3104 ricors
2238 3066 2253 3104 :
2279 3052 2423 3105 sicut
2457 3068 2636 3108 caecus
2662 3053 2745 3109 ad
2788 3062 2840 3109 te
2875 3054 3147 3112 vociferor
3187 3073 3203 3111 :
3254 3055 3365 3110 Fili
3409 3056 3611 3122 David,

2031 3141 2178 3210 aperi
2214 3142 2405 3198 oculos
2433 3143 2631 3200 anima:
2667 3160 2819 3211 meae,
2842 3156 3146 3204 excmcatos
3176 3150 3399 3209 malitia.
3434 3148 3610 3204 dolosi

2031 3229 2354 3287 adversarii.

2102 3321 2339 3380 Montem
2386 3340 2495 3380 non
2535 3323 2794 3394 incisum,
2844 3325 3074 3397 januam
3113 3324 3613 3397 impenetrabilem,

2032 3418 2535 3486 super-eminentem
2562 3418 2734 3475 caelos
2762 3427 2817 3474 et
2839 3433 3059 3477 onmem
3091 3429 3427 3486 creaturam,
3446 3418 3617 3476 Jacob

2033 3514 2521 3584 pulchritudinem,
2544 3531 2738 3570 urnam
2768 3531 3015 3579 auream.
3065 3517 3272 3575 fontem
3304 3527 3360 3571 et
3385 3516 3614 3573 Matrem

2032 3605 2316 3664 Creatoris
2346 3606 2631 3680 Virginem
2657 3608 2877 3665 beatam
2905 3608 3179 3675 dicamus,
3215 3612 3423 3681 populi.

2339 3787 2764 3845 Firmamentum
2789 3790 3123 3859 spuantium
3151 3791 3203 3845 in
3237 3798 3307 3845 te.

2105 3879 2321 3940 ϐοηθύ
2361 3882 2514 3937 cruci
2562 3896 2687 3938 cum
2729 3880 2826 3936 illo
2865 3881 2959 3952 qui
2982 3896 3084 3953 pro
3128 3882 3291 3939 nobis
3316 3880 3619 3938 cruciﬁxus

2034 3980 2141 4038 est,
2187 3972 2375 4028 omnia
2417 3973 2604 4029 carnis
2642 3971 3040 4028 mortiﬁcemus
3075 3972 3342 4039 membra,
3388 3972 3618 4044 injeju-

2034 4065 2143 4126 niis
2172 4073 2227 4120 et
2256 4063 2513 4136 precibus
2534 4071 2597 4120 et
2621 4064 3140 4135 supplicationibus.

2106 4154 2211 4223 Qui
2267 4156 2479 4227 peccati
2538 4156 2755 4226 spinam
2817 4155 3051 4212 evellisti
3099 4157 3457 4212 cruciﬁxione
3497 4166 3617 4223 tua,

2038 4248 2268 4305 Domine
2292 4287 2308 4314 ,
2348 4247 2611 4320 spinosas
2642 4252 2843 4305 mentis
2872 4249 3394 4320 meaecogitationes
3422 4251 3615 4306 evelle.

2113 4406 2351 4481 ﬂentem
2404 4425 2722 4487 muniamus
2748 4425 2982 4499 jejunio,
3017 4427 3385 4501 inimicasque
3419 4430 3624 4488 daemo-

350 4516 557 4588 ῐκφυλα
615 4518 885 4591 δαιμόνων
934 4521 1121 4594 στίφη,
1156 4525 1224 4596 τῇ
1279 4523 1508 4596 δυνάμει
1548 4524 1643 4579 τοῦ
1697 4526 1927 4600 σταυροῦ

2053 4534 2173 4574 num
2202 4518 2460 4591 rogemus
2485 4520 2702 4587 turbas,
2737 4521 2925 4579 crucis
2957 4522 3156 4577 lirmati
3187 4523 3409 4580 virtute.

344 4609 728 4682 τειχιζόμενοι.

415 4703 846 4775 Σωματούμενος
874 4708 941 4761 ὲκ
974 4706 1069 4762 σοῦ
1110 4708 1382 4779 προῆλθεν
1424 4711 1454 4763 ὁ
1483 4710 1680 4780 Λόγος,
1711 4711 1812 4783 τὴν
1838 4713 1934 4769 ἐκ·

347 4810 574 4860 πτωσιν,
609 4793 871 4865 ἄχραντε,
909 4795 1020 4850 τῶν
1041 4795 1405 4869 προπατόρων
1429 4795 1518 4850 διὰ
1538 4797 1827 4870 σπλάγχνα
1857 4802 1934 4856 oi-

344 4881 595 4953 κτιρμῶν
616 4883 847 4955 άνορθού
856 4900 1038 4955 μενος.

730 4974 1017 5044 Ἁστέκτῳ
1047 4976 1191 5046 πυρὶ
1223 4975 1565 5043 ἑνωθέντες.

414 5066 644 5137 Σταυρῷ
669 5057 969 5140 τὰς’άρχὰς
998 5067 1398 5144 θριαμριύσας,
1423 5069 1518 5124 καὶ
1549 5069 1647 5134 τὰς
1680 5067 1930 5137 ἐξουσίας

342 5157 443 5222 τὰς
478 5158 573 5214 τοῦ
602 5160 851 5227 σκότους,
882 5161 1189 5233 φωτοδότα,
1221 5160 1299 5217 ὅτ’
1347 5160 1414 5217 ἂν
1443 5160 1605 5234 ἔλθῃς
1632 5162 1749 5233 μετ’
1780 5163 1932 5229 ἐξου-

344 5250 466 5316 σίας
487 5255 901 5327 κρτναιοκόσμον
928 5256 1169 5320 ἅπαντα,
1191 5255 1267 5327 μὴ
1289 5252 1359 5310 τὰ
1382 5255 1700 5328 ἑμὰ,Λόγε.
1730 5255 1932 5330 θριαμ-

343 5342 545 5417 ϐεύσῃς
565 5345 796 5418 κρύφια,
821 5347 911 5403 ἵνα
933 5346 1032 5419 τὴν
1059 5346 1262 5420 πολλήν
1297 5364 1390 5402 σου
1412 5346 1631 5415 δοξάζω
1649 5348 1929 5417 εὐσπλαγ-

330 5434 523 5506 Ὺνίαν.
698 5506 704 5511 1

414 5529 618 5600 Κριτὸς
654 5533 683 5585 ὁ
707 5532 922 5606 κριτὴς,
950 5533 1058 5606 πρὸ
1100 5532 1363 5607 βημάτων
1391 5531 1554 5605 ἔστης
1586 5534 1930 5607 κατακρίνων

341 5619 441 5690 τὴν
473 5620 675 5693 ἔχθραν
704 5624 786 5695 τῷ
818 5623 1037 5696 σταυρῷ
1062 5642 1177 5689 σου,
1210 5623 1534 5695 μακρόθυμε
1562 5625 1925 5697 δικαιοκρίτα·

340 5711 421 5763 διὸ
452 5716 832 5786 κατακρίσεως
858 5717 1078 5772 αἰωνίου
1116 5716 1277 5788 ῥῦσαι
1329 5716 1455 5780 τοὺς
1497 5718 1647 5788 φόϐῳ
1681 5720 1929 5791 κραυγά-

342 5799 567 5871 ζοντας·
594 5810 651 5862 σὲ
682 5810 1091 5884 ύπερυψοῦμεν,
1125 5809 1345 5881 Χριττὲ,
1383 5811 1461 5874 εἰς
1486 5812 1655 5877 τέλος.

2105 4703 2460 4762 lncarnatum
2483 4719 2551 4761 ex
2584 4712 2637 4763 te
2661 4705 2869 4777 prodiit
2912 4704 3154 4764 Verbum
3184 4748 3201 4774 ,
3253 4708 3623 4776 immaculata,

2035 4793 2250 4865 lapsum
2294 4798 2786 4869 protoplastorum,
2828 4813 2927 4869 per
2982 4798 3197 4857 viscera
3227 4800 3626 4859 misericordia:

2034 4888 2280 4961 erigens.

2351 4980 2421 5036 In
2442 4982 2615 5053 ignem
2642 4980 3029 5036 intolerabilem
3049 4981 3305 5052 ptotrtui.

2107 5071 2213 5140 Qui
2241 5087 2410 5130 cruce
2429 5072 2497 5130 de
2520 5073 2926 5147 principatibus
2952 5072 3332 5146 triumphasti,
3381 5080 3437 5129 et
3469 5080 3625 5145 pote-

2034 5175 2211 5223 states
2240 5166 2594 5224 tenebrarum
2621 5166 2970 5230 illuminasti.
2991 5166 3215 5237 quando
3248 5168 3467 5224 veneris
3497 5182 3622 5222 cum

2034 5266 2310 5330 potestate
2334 5257 2588 5328 judicare
2610 5257 2879 5314 mundum
2915 5258 3262 5325 universum,
3289 5258 3400 5313 noli
3426 5260 3624 5315 trimu-

2034 5347 2226 5419 phare,
2261 5348 2520 5414 Verbum,
2555 5348 2624 5404 de
2648 5348 2787 5404 meis
2819 5348 3076 5414 occultis,
3121 5358 3181 5403 ut
3212 5351 3439 5404 multam
3471 5356 3621 5405 tuam
3666 5349 3687 5423 εδ

2034 5444 2473 5500 misericordiam
2509 5441 2832 5513 gloriﬁcem.

2107 5539 2328 5596 Electus
2367 5539 2559 5609 judes.
2614 5554 2712 5610 pro
2762 5537 3025 5593 tribunali
3071 5536 3295 5602 stelisti,
3351 5538 3621 5592 damnans

2032 5646 2199 5686 cruce
2246 5641 2336 5685 tua
2387 5630 2704 5697 inimicam,
2753 5629 3087 5702 longanimis
3127 5637 3183 5685 ct
3222 5629 3372 5700 juste
3407 5629 3617 5700 judex;

2036 5732 2326 5793 propterea
2366 5721 2432 5776 ab
2474 5732 2679 5779 aeterna
2706 5720 3072 5788 damnatione
3107 5720 3409 5791 liberaqui
3449 5720 3622 5775 territi

2034 5818 2273 5873 clamant
2299 5836 2310 5873 :
2340 5817 2876 5889 snperexallabimus
2908 5825 2981 5888 te,
3007 5814 3245 5885 Christe,
3282 5816 3338 5871 in
3363 5813 3550 5870 tinent.
