3988 6202
424 298 569 360 τιδιτ
1265 298 1323 356 S.
1360 295 1780 356 SOPIIRONII
1811 292 2320 354 PATRIARCHrE
2356 288 2763 354 HIEROSOL.
3566 289 3705 353 3363

428 408 520 470 l'el,
569 404 811 468 Christe,
859 405 1134 474 gustasti;
1179 412 1395 457 acetum
1445 404 1591 459 enim
1653 397 1872 468 bibens,
1923 403 2002 457 la-

2134 399 2272 470 [ολῆς
2302 399 2533 466 ἐγεύσω,
2569 397 2808 470 Χριστέ·
2870 396 2990 464 ὅξος
3037 398 3146 471 γὰρ
3185 397 3347 465 πιὼν,
3380 399 3709 471 ὑπάρξασαν

428 515 582 568 psum
615 499 708 568 qui
740 498 933 552 Adami
986 497 1224 566 posteris
1255 496 1559 552 exsistebat
1604 498 1807 566 erigis;
1865 497 2003 553 unde

2144 509 2388 545 κπτωσιν
2417 494 2529 554 τοῖς
2559 491 2616 558 ἐξ
2653 489 2826 561 Ἀδὰμ
2872 492 2936 544 σὺ
2965 492 3322 564 ὲπανορθοῖςο
3350 492 3471 547 ὅθεν
3504 494 3715 565 ὑμνοῦ-

425 593 644 659 bytunis
675 601 728 646 te
754 589 1120 652 celebramus,
1156 588 1268 643 tuis
1324 590 1521 645 salvati
1561 591 1936 660 passionibus.

1813 591 1936 645 bus.
2117 584 2216 654 μέν
2248 601 2307 637 σε
2338 586 2387 638 οἱ
2417 584 2682 648 σωθέντες
2709 587 2822 648 σοῖς
2857 583 3166 656 παθήμασι.

497 680 860 735 Sanctissima
927 679 1179 744 Domina,
1251 696 1380 751 spes
1450 697 1572 735 mea
1629 691 1684 734 et
1737 681 2015 752 refugium

2185 678 2436 746 Παναγία
2469 677 2756 742 Δέσποινα,
2781 679 2814 746 ὴ
2850 678 3004 741 ἐλπίς
3035 694 3134 746 μου
3165 677 3261 731 καὶ
3290 678 3608 750 καταφυγὴ,
3643 679 3714 734 τά

427 785 631 836 meum,
675 771 874 825 animae
927 787 1059 826 mea:
1104 787 1236 826 sana
1279 775 1545 840 vulnera,
1598 773 1882 844 pacilicam
1923 771 2002 828 ef-

2131 769 2404 841 τραύματα
2431 767 2528 840 τῆς
2559 768 2698 840 ἐμῆς
2727 769 2875 822 ῐασαι
2906 769 3114 839 ψυχῆς·
3145 770 3236 823 τὸν
3265 768 3390 823 νοῦν
3416 788 3520 839 μου
3551 771 3706 843 είρή-

426 864 529 916 lict:
560 876 735 916 meam
783 873 1042 927 mentem,
1095 877 1153 922 ut
1203 879 1257 923 et
1292 883 1393 939 ego
1441 866 1687 936 gaudens
1741 873 1831 918 tua
1868 864 2001 920 cele-

2118 878 2321 927 νευσον,
2359 863 2446 916 ἵνα
2494 861 2652 932 κάγὼ
2696 863 2905 935 χαίρων
2947 862 3169 934 ἀνυμνῶ
3193 862 3261 916 τὰ
3294 863 3693 933 μεγαλεῖά·σου,

425 952 576 1005 brem
619 953 930 1023 magniﬁca,
966 955 1057 1011 Dei
1091 956 1340 1012 Genitrix
1379 971 1596 1026 semper
1623 953 1808 1025 Virgo.

1148 958 1340 1012 enitrix
1379 971 1596 1026 semper
1623 953 1808 1025 Virgo.
2111 953 2340 1008 Θεοτόκε
2374 953 2723 1025 ἁειπάρθενε.

808 1048 937 1102 Veni
977 1049 1031 1102 in
1067 1049 1391 1117 profundum
1425 1048 1617 1103 maris.
2312 1041 2383 1102 Ἦ

2312 1041 2540 1102 Ἦλθον
2573 1047 2661 1112 είς
2698 1046 2769 1106 τὰ
2801 1045 2964 1114 ,βάθη
3003 1046 3114 1115 τῆς
3152 1047 3496 1117 θαλάσσης.

496 1141 681 1198 Guttis
708 1142 876 1196 vestri
925 1141 1212 1208 sanguinis
1244 1139 1458 1209 piorum
1499 1139 1779 1208 irrigastis
1814 1136 2005 1204 corda,

2181 1138 2444 1207 Δίμάτων
2467 1139 2768 1210 ὴρδεύσατε
2799 1139 3024 1208 σταγόσι
3054 1139 3162 1192 τῶν
3183 1139 3423 1192 εὐσεϐῶν
3449 1139 3706 1211 καρδίαςο

425 1234 716 1303 impiorum
763 1227 912 1286 ivero
965 1233 1266 1287 instructas
1335 1231 1484 1286 acies
1528 1232 1583 1285 in
1639 1233 1720 1286 eis
1769 1231 2000 1302 gloriose

2130 1229 2519 1284 ῑυσσεσούντων
2551 1231 2609 1284 δὲ
2634 1232 2730 1295 τὰς
2759 1231 3115 1302 παρατάξεις,
3153 1231 3469 1302 περιφανῶς
3509 1235 3564 1284 ἐν
3603 1232 3705 1284 αύ-

425 1327 760 1392 sull‘ocastis,
800 1327 1040 1380 victores
1071 1323 1442 1380 admiratione
1465 1323 1644 1394 digni.

2110 1324 2222 1385 τοῖς
2253 1321 2532 1390 ἑπνίξατε,
2564 1323 2853 1393 ἀθλοφόροι
2880 1323 3225 1390 ἀξιάγαστοι.

497 1418 744 1488 Propriis
792 1419 1052 1474 membris
1101 1418 1346 1472 universi
1397 1417 1688 1471 Dominum
1733 1416 2010 1487 glorifica-

2184 1404 2516 1476 Δοξάσαντες
2548 1410 2765 1480 μέλεσιν
2790 1411 3011 1473 οἰκείοις
3039 1411 3130 1464 τὸν
3152 1412 3244 1464 τοῦ
3273 1412 3474 1473 παντὸς
3495 1412 3711 1464 Δεσπό-

425 1514 554 1578 stis;
589 1527 736 1566 nunc
773 1526 904 1566 vero
957 1511 1336 1565 indesinenter
1392 1511 1799 1580 gloriﬁcamini,
1835 1509 2000 1564 athle-

2131 1515 2230 1569 ῖην,
2251 1500 2347 1553 νῦν
2373 1499 2662 1565 δοξάζεσθε
2691 1501 3073 1568 ἀδιαλείπτως,
3102 1503 3230 1571 δόξα
3266 1503 3495 1568 πιστῶν,
3529 1502 3706 1574 eam-

315 1661 320 1666 .
427 1616 498 1662 tte
553 1607 647 1677 qui
697 1605 936 1661 ﬁdelium
992 1606 1127 1660 estis
1174 1605 1348 1674 gloria
1401 1604 1695 1674 magnique
1737 1611 1888 1673 prote

1959 1618 2011 1658 ο,
2110 1591 2221 1657 ταὶ,
2251 1591 2609 1663 ὑπάρχοντες,
2631 1593 2724 1645 καὶ
2750 1592 2976 1669 μεγάλοι
3003 1593 3414 1666 ἀντιλήπτορες.
3513 1657 3534 1676 ⁸

429 1714 537 1752 ΓΕΒ.

499 1788 555 1840 lu
601 1787 733 1854 lacu
790 1785 1006 1855 positus
1053 1800 1116 1840 es
1189 1784 1676 1855 prol'undissimo:
1749 1786 2007 1842 omnibus
2043 1755 2074 1810 Ε

2186 1786 2278 1838 Ἐν
2303 1785 2494 1858 λάκκῳ
2525 1788 2715 1861 ὲτέθης
2741 1790 3069 1861 κατωτάτῳ·
3099 1793 3213 1855 τοῖς
3243 1787 3335 1845 οὖν
3366 1791 3575 1855 πιστῶς
3608 1793 3712 1846 θα-

429 1877 598 1946 igitur
643 1878 696 1929 in
738 1875 840 1930 [ide
889 1866 1149 1941 mortuis,
1186 1890 1219 1928 o
1273 1875 1364 1930 Dei
1425 1873 1686 1939 Verbum,
1736 1892 1833 1946 per
1879 1891 2004 1931 Sun-

2138 1877 2318 1944 νοῦσιν,
2361 1872 2406 1932 ὧ
2455 1878 2590 1932 Θεοῦ
2635 1880 2801 1949 Λόγε,
2827 1883 2964 1935 πᾶσι
3011 1880 3334 1952 παράσχου,
3389 1882 3498 1936 τῶν
3541 1882 3713 1954 ἱερῶν

430 1979 644 2022 ι·ιοι·ιιιιι
704 1967 1036 2022 athletarum
1099 1982 1315 2036 preces,
1377 1965 1744 2032 oﬂensionum
1795 1967 2005 2023 veniam

2136 1968 2367 2041 ὶθλητῶν
2393 1970 2638 2040 δεήσεσι,
2665 1974 2774 2026 τῶν
2804 1974 3163 2044 πταισμάτων
3193 1973 3290 2045 τὴν
3330 1975 3711 2047 συγχώρησιν.

429 2057 690 2112 Concede.

505 2149 573 2204 Ut
624 2149 833 2220 argutis
879 2155 932 2203 te
977 2148 1326 2204 celebremus
1377 2148 1628 2214 vocibus,
1676 2148 1866 2218 Virgo,
1912 2147 2014 2202 bas

2193 2143 2311 2198 Ἵνα
2343 2161 2403 2197 σε
2435 2147 2638 2213 φωναῖς
2665 2145 3009 2218 διαπρυσίοις
3047 2148 3478 2221 ἀνευφημῶμεν,
3510 2149 3669 2220 Κόρη
3691 2163 3709 2179 ⁸

433 2251 652 2296 nostras
697 2243 949 2312 accipere
995 2255 1159 2296 voces
1205 2248 1262 2295 et
1309 2240 1760 2311 propitiationem
1794 2255 1893 2310 pro
1919 2240 2008 2293 de-

2137 2234 2219 2298 ιάς
2246 2236 2428 2304 φωνὰς
2444 2237 2605 2308 ἡμῶν
2628 2237 2835 2301 ταύτας
2857 2238 3134 2309 δεχθῆναι,
3160 2240 3261 2293 ’καὶ
3285 2240 3512 2311 ἱλασμὸν
3531 2239 3712 2313 ὀφλη-

433 2334 563 2388 bitis
610 2334 890 2403 postulare
944 2343 1242 2402 uternento,
1308 2342 1466 2390 tuum
1524 2334 1737 2390 scilicet
1791 2332 2008 2404 suppli-

1791 2332 2015 2404 suppli-
2125 2327 2311 2398 μάτων
2340 2329 2582 2402 αῖτησαι,
2621 2330 2695 2396 ὡς
2729 2331 2860 2386 Υίόν
2892 2349 2983 2385 σου
3014 2332 3354 2388 ἱκετεύουσα.

433 2424 608 2478 cando
643 2422 862 2480 Filium.

899 2516 1025 2572 Tres
1073 2519 1220 2584 pueri
1263 2517 1556 2590 Babylone.

2505 2532 2644 2587 Νέοι
2680 2533 2839 2602 τρεῖς
2873 2533 2944 2588 ἐν
2980 2535 3315 2592 Βαϐυλῶνι.

505 2607 630 2671 Cui,
671 2609 1044 2678 complectens
1077 2610 1488 2665 irrationalium
1521 2608 1772 2675 affectus,
1809 2611 2014 2677 anima,

2194 2624 2313 2678 Τίνι
2344 2625 2647 2696 στέργουσα
2672 2626 2741 2680 τὰ
2768 2625 2906 2697 βάθη
2933 2629 3044 2682 τῶν
3069 2628 3280 2698 ἀλόγων
3308 2628 3526 2700 ἀληθῶς
3560 2629 3719 2702 ψυχὴ

436 2697 889 2756 assimilata‘es?
934 2700 1209 2768 Quidnam
1263 2703 1527 2759 invenisti
1566 2717 1692 2774 quo
1724 2716 2011 2772 superare-

2141 2717 2503 2787 ιξωμοίωσαις
2549 2718 2683 2772 Τίνα
2726 2720 3134 2792 ὑπερϐάλλοντα
3177 2697 3364 2792 ἕσχεςς
3399 2697 3493 2775 Ἔν
3522 2697 3716 2795 ἀμαρλ

438 2794 555 2848 ris?
589 2795 645 2848 in
677 2796 922 2866 peccatis
971 2796 1149 2851 clama
1171 2796 1240 2852 ad
1285 2796 1568 2853 Christum
1601 2815 1615 2852 :
1649 2795 1811 2852 Salva
1845 2811 1952 2862 me,
1985 2810 2013 2852 ο

1856 2811 1952 2862 τηε,
1985 2810 2020 2852 ο
2124 2809 2266 2874 τίαις
2297 2809 2492 2883 βόησον
2519 2810 2598 2883 τῷ
2625 2812 2866 2884 Χριστῷ,
2902 2813 3084 2868 Σῶσόν
3118 2831 3207 2886 με,
3239 2814 3431 2884 ἀγαθέ.

438 2893 601 2950 bone.
2808 2910 2812 2914 ·

509 2990 967 3059 Acquiescentem
1004 2988 1059 3042 iu
1081 2988 1295 3044 sanctis
1325 2987 1524 3042 obnixe
1548 2986 1862 3048 obsecrato,
1883 3001 2016 3042 san-

2200 2992 2404 3061 Ἀγιοι,
2449 2993 2541 3047 τὸν
2590 2994 2648 3047 ἐν
2697 2993 2874 3062 ἁγίοις
2895 2993 3195 3064 αἰτήσασθε
3241 2993 3475 3058 ἐκτενῶς
3506 2995 3724 3048 ἐπανα-

440 3080 518 3134 cti
550 3088 609 3134 ut
649 3081 702 3134 in
732 3082 942 3136 sanctis
989 3080 1076 3136 bis
1121 3079 1316 3137 diebus
1366 3079 1612 3135 omnium
1655 3080 1869 3150 piorum
1903 3078 2015 3134 aui-

2150 3086 2436 3155 ταυὸμενον
2493 3085 2719 3150 ταύταις
2767 3089 2886 3151 ταῖς
2937 3087 3121 3157 ἁγίαις
3167 3087 3406 3161 ἡμέραις
3446 3087 3725 3158 καθαγιά-

443 3188 562 3228 mus
592 3175 919 3229 sanctiﬂcet.

2130 3194 2222 3231 σαι
2257 3177 2474 3231 πάντων
2501 3177 2609 3233 τῶν
2638 3179 2880 3234 εὐσεϐῶν
2903 3181 2971 3235 τὰ
3001 3183 3347 3252 φρονήματα.
3600 3247 3605 3252 η

515 3264 820 3331 Altissime,
890 3264 943 3318 in
985 3264 1365 3321 misericordia
1420 3263 1576 3321 dives
1626 3272 1684 3320 et
1730 3263 2024 3334 benignus,

2203 3267 2456 3337 "macte,
2477 3269 2506 3322 ὁ
2536 3271 2594 3323 ὲν
2627 3270 2766 3324 ἐλέει
2795 3271 3051 3333 πλούσιος
3073 3273 3167 3327 καὶ
3198 3273 3422 3341 ἀγαθὸς,
3451 3275 3566 3336 τοῖς
3595 3273 3724 3328 δού-

446 3353 622 3408 servis
673 3353 784 3409 tuis
834 3352 949 3421 jam
1003 3354 1480 3411 obdormientibus
1527 3355 1743 3418 veniam
1818 3355 2021 3426 ιιι-ωδε,

2150 3378 2242 3424 ιοις
2263 3379 2356 3415 σου
2381 3363 2578 3432 ἄφεσιν
2603 3367 2716 3428 τοῖς
2746 3365 3165 3436 προκοιμηθεῖσι
3197 3366 3504 3436 παράσχου,
3537 3369 3725 3439 χοροῖς

445 3447 632 3500 choris
694 3447 1020 3517 angelorum
1085 3447 1210 3504 illos
1264 3445 1700 3514 connumerans,
1766 3454 2020 3517 tauquam

1909 3461 2027 3500 nam
2133 3453 2305 3522 ἁγίων
2341 3455 2566 3520 τούτους
2597 3456 2948 3528 συναριθμῶν
2979 3457 3054 3521 ὡς
3082 3457 3484 3530 φιλάνθρωπος.

447 3538 737 3608 benignus.

469 3693 473 3697 Α
518 3628 725 3685 Pt-aater
753 3629 847 3699 jus
881 3639 1231 3698 consuetum,
1262 3641 1471 3688 natura:
1503 3645 1788 3690 auctorem
1828 3636 2022 3708 genui-

2211 3626 2451 3692 Τέτοκας
2500 3629 2752 3700 νομίμων
2781 3631 2925 3702 δίχα,
2957 3632 3173 3702 φύσεως
3198 3633 3291 3688 τὸν
3321 3635 3726 3707 πλαστουργὸν,

450 3722 519 3777 sti
576 3724 851 3778 hominem
922 3724 1151 3791 factum,
1199 3726 1588 3793 immaculata;
1654 3730 1804 3784 illiilli
1861 3731 2025 3802 igitur

2152 3719 2430 3789 γενόμενον
2460 3720 2768 3790 ἄνθρωπον,
2797 3725 3066 3795 ἀχραντεο
3112 3725 3274 3778 αὐτὸν
3315 3721 3411 3780 οὖν
3458 3725 3727 3792 δυσώπει,

451 3814 683 3868 obsecra
718 3823 778 3868 ut
817 3814 1138 3899 iniquitates
1175 3828 1396 3873 nostras
1445 3818 1680 3891 benigne
1711 3821 1962 3891 aspiciat.

2138 3811 2238 3876 τὰς
2270 3813 2502 3883 ἀνομίας
2539 3815 2890 3886 παραϐλέψαι
2917 3818 3096 3888 ἡμῶν,
3123 3818 3200 3880 ὡς
3233 3818 3643 3890 φιλάνθρωπον.

947 3907 1260 3977 Redemptor
1282 3911 1534 3968 universi.

2580 3908 2861 3978 Λυτρωτὰ
2898 3910 3005 3964 τοῦ
3043 3912 3288 3978 παντός.

524 3993 834 4067 lntrepidos
882 4001 1166 4068 capientes
1200 4017 1422 4068 sensus,
1460 4003 1515 4058 in
1559 3986 1831 4060 laboriosa
1869 4022 2037 4064 arena

2213 4000 2500 4072 Ἀπτοήτῳ
2556 4000 2860 4072 χωροῦντες
2913 4005 3221 4075 φρονήματι
3287 4004 3424 4074 πρὸς
3491 4005 3735 4059 ἐπίπονα

455 4102 728 4162 martyres
772 4092 990 4149 labores
1031 4096 1216 4150 carnis
1249 4097 1597 4164 sustulustis,
1631 4109 1685 4154 et
1717 4101 1785 4156 ad
1832 4110 2030 4156 sortem

2162 4094 2474 4164 ικὰμματα,
2511 4093 2808 4162 μάρτυρες,
2840 4093 3037 4157 πόνους
3063 4096 3266 4167 σαρκὸς
3312 4097 3608 4168 ὐπέστητε,
3637 4099 3737 4151 καὶ

454 4183 662 4237 laboris
690 4194 969 4255 espertem
996 4188 1294 4254 translati,
1326 4203 1544 4244 omnem
1575 4191 1761 4248 cordis
1787 4184 2029 4249 laborem

2164 4185 2284 4254 πρὸς
2312 4185 2510 4238 ἀπονον
2535 4186 2691 4256 λῆξιν
2718 4186 3179 4256 μετοικισθέντες,
3209 4188 3386 4242 πάντα
3413 4189 3575 4242 πόνον
3597 4208 3739 4261 καρ-

456 4277 748 4333 alleviatis.

2111 4278 2119 4286 ’
2147 4269 2266 4338 δίας
2297 4275 2604 4346 κουφίζετε.

526 4369 629 4435 Qui
668 4367 1045 4440 corruptibilia
1070 4371 1388 4428 cmlestibus
1407 4375 1687 4441 mutastis,
1717 4377 2039 4435 carnalibus

2221 4370 2284 4422 Οί
2329 4370 2398 4422 τὰ
2445 4369 2558 4423 ἀνω
2604 4370 2865 4441 φθαρτοῖς
2910 4370 3276 4440 ἀλλαξάμενοι
3327 4374 3615 4440 σαρκικοῖς
3667 4391 3738 4442 με

459 4475 545 4514 me
585 4460 861 4530 perditum
913 4461 1307 4532 cupiditatibus
1363 4483 1457 4536 per
1484 4467 1759 4538 jejunium
1814 4470 2026 4526 salvate

2163 4460 2502 4531 ρθειρόμενον
2538 4461 2756 4524 πάθεσι,
2798 4462 2886 4515 διὰ
2918 4462 3171 4530 νηστείας
3199 4460 3408 4515 σώσατε
3436 4463 3530 4516 καὶ
3561 4464 3738 4533 εὐχῶν

459 4563 512 4608 ct
543 4570 765 4622 precum
801 4567 1122 4626 concentus,
1155 4559 1326 4616 divini
1351 4571 1624 4635 martyres
1655 4564 1898 4619 omnium
1929 4565 2031 4620 Do-

2166 4551 2444 4621 ,μμελείας
2464 4591 2479 4617 ,
2519 4551 2796 4623 μάρτυρες
2825 4551 2959 4605 Θεῖοι
2980 4590 2994 4617 ,
3025 4551 3116 4604 τὸν
3150 4552 3256 4604 τῶν
3289 4552 3426 4604 ὅλων
3459 4552 3592 4606 Θεὸν
3627 4552 3741 4606 luo

463 4645 670 4698 minum
696 4647 1079 4717 supplicando.

845 4648 1079 4706 Iicando.
2145 4646 2420 4712 τεύοντες.

533 4732 1038 4805 Supplicationibus
1099 4749 1720 4811 martyrumJuorum,
1797 4742 2038 4810 Christe,

2230 4740 2511 4806 ’Ῑκεσίαις,
2538 4740 2767 4808 Χριστὲ,
2786 4739 2896 4792 τῶν
2917 4741 3212 4810 μαρτύρων
3245 4756 3360 4802 σου,
3387 4738 3453 4792 τὰ
3483 4739 3608 4810 ὲλέη
3646 4757 3745 4794 σου

463 4828 878 4886 misericordias
913 4839 1038 4887 tuas
1083 4833 1342 4889 omnibus
1385 4834 1638 4898 demitte,
1687 4841 1742 4889 et
1765 4837 1832 4889 ad
1865 4843 1918 4890 te
1955 4820 2038 4892 re-

2172 4834 2281 4887 πᾶσι
2310 4831 2691 4902 κατάπεμψον,
2717 4831 2809 4884 καὶ
2834 4832 2947 4894 τοῖς
2975 4830 3112 4901 πρὸς
3139 4830 3199 4884 σὲ
3220 4831 3319 4901 τὴν
3340 4829 3747 4900 εὕσπλαγχνον,

462 4921 637 4977 versis
690 4931 814 4992 post
845 4938 1001 4978 suam
1052 4939 1117 4978 ex
1151 4923 1254 4979 hac
1286 4924 1398 4978 vita
1443 4924 1852 4996 migrationem,
1887 4926 2037 4982 beni-

2174 4923 2484 4979 ιεταστάσει
2511 4923 2605 4976 τοῦ
2633 4923 2772 4994 βίου,
2795 4921 2951 4975 λύσιν
2982 4923 3265 4994 παράσχου
3293 4921 3630 4992 ὀφλημάτων
3656 4925 3749 4977 καὶ

462 5019 625 5081 gnam
673 5015 854 5084 praebe
921 5013 1233 5072 debitorum
1288 5017 1501 5073 veniam
1550 5027 1606 5074 et
1639 5019 1884 5074 divinam
1955 5035 2037 5076 re-

1088 5031 1233 5072 )rum
1288 5017 1501 5073 veniam
1550 5027 1606 5074 et
1639 5019 1884 5074 divinam
1955 5035 2047 5076 re-
2151 5015 2303 5071 θείαν
2332 5017 2663 5084 ἀνάπαυσιν.

462 5121 670 5175 quiem.

537 5197 620 5253 Tu
669 5213 791 5268 qua:
839 5197 1010 5254 Deum
1064 5200 1478 5272 impeccabilem
1536 5183 1800 5273 genuisti,
1860 5211 2050 5260 nostra

2235 5201 2324 5264 Ὠς
2346 5200 2580 5254 τεκοῦσα
2609 5200 2742 5254 Θεὸν
2769 5199 3160 5270 ἀναμάρτητον
3179 5235 3194 5262 ,
3225 5195 3324 5259 τὰς
3372 5193 3532 5266 ἡμῶν
3568 5193 3759 5263 ἀμαρ-

472 5291 660 5347 tleleas
693 5303 916 5363 peccata
970 5305 1061 5349 tua
1107 5296 1754 5361 maternamediatione,
1794 5297 2047 5368 Deipara,

2192 5295 2277 5357 ίας
2303 5292 2587 5361 ὲξάλειψον
2619 5295 2740 5355 ταῖς
2771 5293 3066 5362 μητρικαῖς
3098 5287 3422 5360 πρεσϐείαις
3457 5303 3554 5340 σου
3576 5327 3593 5352 ,
3629 5283 3761 5336 Θεο-

470 5384 732 5457 salvaque
754 5387 1056 5444 clamantes
1090 5405 1102 5440 :
1133 5389 1469 5456 Beuedicite,
1501 5405 1690 5461 opera,
1723 5389 1974 5445 Domino.

2190 5385 2305 5446 ὀκε,
2339 5385 2432 5438 καὶ
2463 5384 2604 5449 σῶζε
2635 5383 3005 5447 ἀναϐοῶνταςο
3042 5382 3351 5450 Εὑλογεῖτε,
3381 5379 3452 5433 τά
3479 5377 3640 5451 ἔργα,
3666 5377 3765 5432 τὸν

2159 5474 2385 5543 Κύριον.

761 5565 872 5620 Eva
899 5582 992 5636 per
1036 5568 1404 5625 inobedientiw
1444 5571 1769 5640 contagium.
2333 5612 2336 5622 .

2333 5569 2462 5623 Εὔα
2492 5566 2610 5636 μὲν
2648 5565 2726 5632 τῷ
2764 5567 2874 5634 τῆς
2911 5563 3224 5634 παρακοῆς
3259 5562 3581 5632 νοσήματι.

549 5657 652 5723 Qui
689 5657 742 5712 in
798 5669 950 5728 petra
990 5663 1224 5730 spiritali
1263 5663 1506 5717 animum
1549 5662 1933 5726 stabilivistis,
1972 5665 2053 5718 vi-

2232 5660 2594 5730 Στηρίξαντες
2623 5659 2799 5729 πέτρᾳ
2835 5660 2996 5728 νοητῇ
3031 5655 3088 5710 τὸ
3119 5657 3399 5726 φρόνημα,
3442 5650 3765 5722 ἀθλοφόροι,

482 5759 682 5813 ctorcs,
709 5746 960 5804 indcﬂcxi
995 5750 1060 5804 ad
1092 5767 1282 5808 omnes
1311 5753 1516 5810 inimici
1551 5755 1781 5812 astutias
1843 5771 2056 5814 tcman-

2189 5754 2582 5825 ιπαράτρεπτοι
2605 5753 2801 5816 πάσαις
2826 5750 3048 5820 Ἐχθτνοῦ
3073 5752 3191 5812 ταῖς
3215 5744 3576 5817 πανουργίαις
3603 5744 3764 5815 ἐμεί-
