3988 6202
261 293 405 358 3869

1711 297 2122 360 TRIODIUM.

3235 323 3248 332 '
3343 311 3345 313 ’
3373 305 3517 369 3870

260 417 387 458 νατε
407 417 420 430 ·
459 401 542 456 διό
574 417 642 472 με
674 401 1009 472 τρεπόμενον
1035 401 1172 470 πρὸς
1201 401 1349 472 πάθη
1374 403 1693 475 ψυχοφθόρα
1713 421 1842 476 στη-

1967 407 2097 463 istis
2123 426 2137 473 ;
2168 415 2505 478 quapropter
2528 421 2614 463 me
2654 407 2720 461 ad
2747 408 3034 478 cupidines
3056 408 3254 465 anime
3286 412 3514 468 lethales

265 495 449 568 ρίξατε
477 495 600 556 ταῖς
626 492 766 564 πρὸς
783 493 847 546 τὸ
872 492 1029 546 Θείον
1055 493 1488 566 παρακλήσεσιν.

349 673 411 726 'll
442 673 563 726 θεία
593 672 686 726 καὶ
713 671 882 734 ὅντως
909 673 1205 741 φωταυγὴς
1253 673 1528 746 ὁμήγυρις
1559 673 1668 728 τῶν
1701 691 1844 746 μαρ-

261 767 464 835 τύρων,
492 763 811 817 καθικέτευε
843 763 936 816 τὸν
962 763 1308 832 ὑπεράγαθον
1331 766 1638 838 Δεσπότην,
1669 766 1847 837 καιρῷ

262 859 378 927 τῆς·
393 855 718 927 ἐγκρατείας
767 853 1116 925 συγχώρησιν
1144 858 1504 926 πταισμάτων
1548 859 1679 929 ἡμῖν
1712 859 1846 914 πᾶσι

263 949 636 1019 δωρήσασθαι,
668 947 762 1000 καὶ
792 947 1019 999 αἰωνίαν
1048 948 1392 1015 άγαλλίασιν.

336 1038 689 1108 Φιλάνθρωπε
719 1037 846 1106 μόνε
878 1037 1071 1106 ἀγαθὲ,
1105 1039 1231 1101 τοὺς
1277 1038 1494 1101 δούλους
1523 1057 1614 1092 σου
1641 1042 1728 1094 ἐπ’
1756 1042 1846 1094 ελ-

269 1129 380 1180 πίδι
403 1128 756 1189 ἀναστάσεως
803 1127 1260 1198 κεκοιμημένους,
1295 1125 1517 1182 αἰωνίου
1548 1133 1724 1199 φωτὸς
1752 1132 1848 1185 καὶ

268 1219 572 1287 ἁνεσπέρου
618 1218 848 1282 ἀξίωσον
897 1218 1165 1287 μετέχειν,
1203 1219 1298 1270 καὶ
1343 1221 1554 1289 τρυφῆς
1605 1221 1848 1275 ἀπολαύ-

271 1329 428 1374 σεως,
457 1312 542 1364 ἵνα
573 1327 631 1362 σε
664 1311 814 1381 πόθῳ
843 1311 1255 1380 μεγαλύνωμεν.

337 1401 516 1464 Φωτὸς
547 1403 858 1470 οἰκητήριον
887 1403 918 1470 ὴ
955 1401 1020 1469 σὴ
1046 1402 1340 1468 γεγένηται
1379 1402 1619 1470 παναγία
1653 1405 1850 1474 Μήτηρ

268 1494 562 1546 Δέσποινα·
594 1491 717 1544 ὅθεν
757 1491 966 1554 πιστῶς
1005 1493 1219 1545 ἀναϐοῶ
1257 1510 1360 1559 σοι,
1413 1497 1514 1557 τὰς
1553 1495 1722 1565 κόρας
1748 1496 1850 1563 τῆς

265 1582 445 1651 ψυχῆς
477 1598 579 1650 μου
609 1580 976 1648 καταύγασον,
1009 1582 1102 1633 καὶ
1125 1581 1310 1650 τρίϐον
1337 1583 1436 1652 τὴν
1467 1583 1684 1636 εὐθεῖαν
1715 1584 1849 1636 ὑπό-

266 1674 440 1738 δειξον
471 1672 550 1744 τῷ
579 1689 638 1725 σε
673 1673 912 1742 γνησίως
939 1672 1321 1741 μακαρίζοντι.

549 1761 997 1831 Ἀρματηλὰτην
1033 1763 1242 1830 Φαραὼ
1278 1764 1580 1830 ἐϐύθισας.

351 1855 415 1908 Ἦ
444 1855 755 1924 φωτοφόρος
781 1852 872 1905 τοῦ
905 1853 1139 1924 σταυροῦ
1170 1854 1537 1925 προσκύνησις
1563 1858 1726 1910 πᾶσιν
1747 1857 1848 1908 ἐπ-

269 1948 488 2017 έφανεν,
542 1944 773 2015 ἡλιακὴν
819 1943 1014 2014 αἴγλην
1067 1944 1342 2019 σωτηρίας
1391 1946 1707 2016 πέμπουσα,
1752 1948 1846 2000 καὶ

270 2037 477 2098 πάντας
527 2034 940 2103 καταυγάζουσα
991 2036 1118 2096 τοὺς
1160 2033 1348 2087 παθῶν
1391 2035 1712 2105 ἀμαυρώσει
1755 2027 1864 2116 κε-ξ

269 2143 444 2196 κρατη
455 2127 646 2195 μένους
667 2142 680 2158 ·
720 2125 1114 2196 συνδράμωμεν
1133 2167 1146 2191 ,
1174 2125 1362 2180 τοῦτον
1387 2126 1640 2199 καθαρῶς
1665 2129 1846 2182 ἀσπα-

269 2219 511 2289 σώμεθα.
1037 2219 1056 2233 ⁸

339 2311 418 2380 Τῇ
445 2310 544 2380 τῆς
573 2309 828 2379 νηστείας
855 2308 1222 2380 καθαρθέντες
1249 2309 1451 2382 χάριτι,
1472 2309 1847 2385 καθαρωτάτῳ

265 2399 367 2464 νοῒ,
399 2400 478 2470 τῷ
509 2399 735 2472 καθαρῷ
771 2401 916 2472 μόνῳ
959 2401 1114 2454 δεῦτε
1160 2399 1514 2471 ἐκϐοήσωμεν
1543 2401 1725 2472 φωνὴν
1754 2404 1846 2455 εύ-

265 2495 642 2564 χαριστήριον·
678 2494 748 2546 Σὺ
767 2493 829 2548 τὸ
852 2488 993 2564 αἷμά
1024 2510 1139 2558 σου,
1173 2493 1336 2561 Λόγε,
1359 2493 1516 2564 ἡμῶν
1541 2495 1620 2556 είς
1653 2493 1846 2565 λύτρον

263 2584 508 2656 ἐξέχεας,
539 2586 632 2639 καί⁸
661 2585 738 2654 τῷ
771 2584 849 2652 σῷ
880 2584 1105 2655 σταυρῷ,
1129 2584 1376 2652 ἁγιάζεις
1403 2585 1570 2654 ἡμᾶς.

337 2677 756 2748 Συμποδισθεὶςο
777 2677 897 2740 ταῖς
940 2676 1266 2747 προσϐολαῖς
1294 2675 1386 2728 τοῦ
1419 2674 1617 2743 ὄφεως,
1648 2676 1846 2746 πτῶμα

267 2770 502 2833 ἐξαίσιον
543 2769 630 2822 δια
680 2769 880 2832 παντὸς
925 2772 1148 2839 κεῖμαι·
1183 2769 1363 2840 Σῶτερ
1388 2771 1416 2824 ὁ
1442 2771 1542 2842 τὴν
1573 2770 1845 2824 ἔκπτωσιν

267 2860 377 2913 τῶν
407 2859 846 2931 πρωτοπλάστων
875 2861 1037 2914 πάθει
1081 2877 1176 2913 σου
1207 2862 1302 2914 καὶ
1338 2861 1556 2932 σταυρῷ
1599 2862 1842 2933 ἀνορθώ-

271 2966 390 3014 σας,
422 2950 729 3022 ἀνόρθωσον
756 2952 850 3004 καὶ
881 2951 1148 3022 όδήγησόν
1193 2969 1287 3005 σου
1335 2953 1472 3023 πρὸς
1525 2953 1842 3024 θελημάτων

265 3044 642 3113 ἐκπλήρωσιν.
1455 3104 1459 3108 ,

340 3135 730 3208 Παρισταμένη
765 3136 843 3206 τῷ
876 3136 1093 3210 σταυρῷ
1120 3155 1235 3203 σου,
1266 3139 1458 3212 Κύριε,
1489 3142 1521 3210 ἡ
1549 3142 1844 3212 ἀπειρόγα-

271 3242 392 3295 μος,
427 3227 521 3280 καὶ
547 3228 645 3292 τὰς
676 3229 732 3282 ὲν
765 3230 847 3282 σοὶ
873 3229 1103 3300 τρώσεις
1138 3230 1444 3301 καθορῶσα,
1476 3232 1740 3297 Δέσποτα,
1765 3248 1846 3286 τι-

266 3320 620 3390 τρωσκομένη
642 3317 842 3388 ,ἔλεγεν
869 3338 882 3351 ·
918 3321 1116 3390 Οίμοιί
1149 3324 1358 3386 τέκνον,
1395 3323 1592 3388 ὠδῖνας
1633 3327 1844 3395 ἀποφυ-

266 3408 440 3480 γοῦσα
465 3409 544 3482 τῷ
577 3411 720 3482 τόκῳ
751 3428 864 3474 σου,
900 3411 996 3465 νῦν
1019 3412 1296 3484 ὀδυνηρῶς
1326 3416 1760 3488 κατατρύχομαι.

674 3590 1130 3656 Ἐπταπλασίως
1168 3591 1444 3661 κάμινον.

339 3680 440 3735 Τὸν
465 3681 669 3736 ἰοϐόλον
699 3681 898 3735 πάθεσι
927 3681 1022 3734 καὶ
1040 3681 1220 3752 ψυχὴν
1245 3682 1339 3734 καὶ
1358 3681 1596 3734 διάνοιαν
1619 3697 1846 3750 τετραυ-

269 3773 610 3844 ματισμένην
644 3772 1010 3844 κεκτημένον,
1043 3771 1215 3842 Κύριε
1235 3810 1250 3835 ,
1282 3771 1525 3841 ἐλέησον,
1557 3771 1842 3839 οἴκτειρον,

265 3864 345 3935 τῷ
369 3865 585 3936 σταυρῷ
613 3865 970 3936 θεράπευσον,
997 3865 1092 3918 καὶ
1118 3866 1240 3928 ταῖς
1267 3865 1333 3916 ὲκ
1360 3863 1598 3934 πλευρᾶς
1631 3879 1724 3915 σου
1750 3879 1844 3915 κε-

266 3957 548 4020 νωθείσαις
573 3955 770 4027 ῥανίσι·
795 3957 1090 4028 προθύμως
1111 3956 1199 4011 ἵνα
1212 3955 1418 4026 ψάλλω·
1468 3953 1673 4026 Ἱερεῖς,
1697 3953 1847 4008 εὐλο-

266 4050 412 4116 γεῖτε
454 4048 680 4116 Κύριον.

336 4138 462 4192 Ἐπὶ
509 4129 606 4191 τοῦ
649 4137 806 4207 ὅρους
859 4136 1024 4190 πάλαι
1073 4153 1131 4190 σε
1181 4134 1422 4207 Μωῦσῆς
1463 4136 1845 4208 προετύπωσε,

266 4231 454 4300 χεῖρας
505 4227 725 4298 avet},th
768 4230 864 4281 καὶ
908 4228 1152 4300 Ἀμαλὴκ
1197 4230 1598 4300 τροπούμενος,
1644 4227 1848 4298 σταυρὲ

267 4319 664 4390 πανσεϐάσμιε,
699 4319 758 4372 ὃν
802 4319 1234 4391 προσκυνοῦντες
1284 4321 1847 4394 σήμερον,-τρέπομεν

1947 496 2274 573 conversum
2311 498 2554 554 stabilite
2601 499 2802 554 vestris
2835 498 2904 552 ad
2947 499 3127 553 divina
3157 501 3514 558 exhortatio-

1948 589 2136 644 nibus.
2449 602 2452 605 '

2018 675 2211 732 Divine
2249 684 2303 731 et
2349 693 2475 731 vere
2525 677 2740 748 fulgens
2795 685 3091 750 martyrum
3135 689 3332 746 cetus,
3382 697 3516 751 sup-

1950 766 2090 837 plica
2143 767 2597 837 benignissimum
2647 767 2931 823 Dominum
2963 779 3023 823 ut
3071 777 3315 839 tempore
3345 773 3517 826 absti-

1948 858 2146 911 nentite
2198 859 2410 912 veniam
2467 857 2834 912 offensionum
2893 859 3052 915 nobis
3100 861 3357 916 omnibus
3390 877 3514 915 cum

1947 957 2149 1010 aeterna
2181 947 2547 1001 exsultatione
2572 940 2854 1014 largiatur.

2019 1036 2063 1090 Ο
2091 1046 2169 1101 tu,
2206 1037 2641 1090 soluslmmauus
2663 1045 2715 1088 et
2738 1037 2933 1101 bonus,
2958 1051 3146 1091 servos
3177 1046 3297 1092 tuos
3334 1038 3387 1092 in
3421 1053 3516 1106 spe

1950 1127 2372 1180 resurrectionis
2445 1126 2780 1181 dormientes
2845 1131 3032 1183 aeterni
3100 1129 3320 1184 luminis
3372 1132 3513 1198 quod

1949 1219 2124 1270 nescit
2161 1231 2420 1271 occasum
2466 1218 2695 1286 dignare
2730 1218 3028 1288 participes
3072 1235 3214 1283 esse,
3245 1221 3518 1292 simulque

1950 1307 2271 1360 deliciarum
2320 1306 2624 1372 fruitionis,
2659 1317 2718 1361 ut
2752 1317 2805 1362 te
2849 1310 3134 1364 desideriis
3166 1313 3518 1368 extollamus.

2020 1397 2270 1452 Luminis
2326 1399 2659 1454 domicilium
2703 1408 2790 1453 tua
2847 1400 2988 1455 facta
3041 1411 3122 1456 est
3168 1405 3516 1458 sanctissima

1951 1488 2122 1544 Mater
2155 1489 2424 1551 Domina;
2459 1490 2600 1544 unde
2623 1491 2946 1546 liducialiter
2975 1492 3040 1546 ad
3065 1501 3116 1546 te
3141 1493 3320 1547 clamo
3354 1511 3368 1547 :
3408 1509 3508 1564 pu-

1952 1581 2111 1650 pillas
2141 1581 2340 1634 anima:
2394 1595 2529 1634 mea:
2568 1581 2838 1646 illumina,
2886 1592 3201 1651 rectamque
3256 1585 3510 1641 semitam

1955 1670 2030 1722 illi
2067 1670 2298 1724 ostende
2335 1671 2428 1740 qui
2466 1655 2517 1726 te
2547 1672 2758 1726 sincere
2785 1673 2998 1727 beatam
3031 1675 3313 1742 praedicat.

1880 1751 1921 1805 Β
1952 1759 2217 1817 Cttmmm
2255 1763 2574 1832 agitatorem
2623 1763 2957 1818 Pharaonem
2989 1766 3229 1836 dejecisti
3265 1767 3319 1819 in
3351 1783 3514 1820 mare.

2021 1853 2274 1908 Lucifera
2330 1855 2514 1910 crucis
2560 1857 2808 1909 atloratio
2853 1857 3108 1911 omnibus
3153 1859 3404 1926 apparuit
3441 1873 3521 1911 ra-

1951 1939 2190 1995 diantem
2220 1943 2415 1998 salutis
2473 1942 2734 2014 fulgorem
2797 1945 3159 2012 praemittens,
3216 1961 3519 2015 omnesque

1949 2034 2308 2103 cupiditatum
2368 2035 2603 2105 caligine
2643 2049 2936 2104 Oppressos
2981 2036 3338 2092 illuminans:
3381 2051 3516 2092 con-

1950 2140 2237 2182 curramus
2261 2134 2313 2180 et
2351 2126 2492 2181 hanc
2512 2143 2731 2182 crucem
2766 2145 2902 2198 pure
2930 2131 3265 2185 osculemur.

2018 2299 2219 2369 Jejunii
2249 2300 2520 2370 purificati
2553 2301 2724 2372 gratia
2755 2303 3046 2372 purissima
3071 2313 3270 2369 mente,
3299 2303 3386 2359 hic
3415 2305 3516 2359 soli

1921 2411 1925 2414 -
1952 2403 2090 2458 puro
2140 2389 2474 2442 extollamus
2507 2393 2804 2458 gratiarum
2839 2391 3073 2446 actionis
3113 2407 3296 2447 vocem
3326 2411 3338 2446 :
3369 2401 3426 2446 tu
3461 2393 3514 2447 in

1951 2479 2377 2547 redemptionem
2408 2488 2646 2534 nostram
2697 2481 3016 2551 sanguinem
3046 2483 3197 2536 tuu’m
3244 2481 3507 2548 elfudisti,

1952 2568 2212 2632 Verbum,
2239 2579 2288 2625 et
2318 2585 2480 2626 cruce
2511 2581 2597 2624 tua
2628 2573 2942 2626 sanctificas
2971 2587 3090 2625 nos.

2021 2661 2304 2730 Serpentis
2341 2661 2753 2731 oppugnatione
2816 2663 3228 2732 supplantatus,
3263 2664 3520 2721 indecore

1951 2753 2105 2822 lapsu
2162 2761 2309 2806 totus
2363 2752 2561 2822 jaceo:
2596 2750 2873 2814 Salvator.
2925 2757 3016 2825 qui
3059 2757 3520 2826 promplastormn

1951 2845 2165 2920 lapsum
2194 2845 2451 2916 passione
2479 2854 2566 2900 tua
2602 2854 2656 2900 et
2687 2861 2852 2901 cruce
2875 2849 3124 2914 erexisti,
3151 2850 3300 2920 erige
3338 2865 3424 2906 me
3461 2856 3517 2904 et

1948 2937 2055 2993 duc
2077 2935 2142 2991 ad
2179 2937 2519 2993 voluntatum
2553 2946 2770 2993 tuarum
2794 2939 3261 3010 adimpletiouem.

2024 3133 2188 3188 Stans
2231 3133 2387 3203 juxta
2443 3148 2664 3189 crucem
2718 3143 2889 3198 tuam,
2942 3135 3193 3201 Domine,
3229 3135 3398 3207 Virgo
3440 3141 3522 3194 iu-

1955 3235 2145 3294 nupta.
2179 3227 2234 3279 in
2269 3235 2321 3281 te
2354 3227 2578 3281 vulnera
2627 3227 2880 3291 videndo,
2917 3226 3193 3297 Magister,
3225 3229 3520 3286 vulnerata

1954 3317 2071 3387 ipsa
2095 3318 2349 3372 dicebat:
2384 3318 2560 3394 Eheu!
2609 3318 2682 3370 Illi
2717 3317 2812 3382 mi,
2857 3319 3278 3387 parturientium
3304 3321 3522 3379 dolores

1952 3410 2006 3463 in
2041 3419 2201 3478 partu
2257 3417 2348 3463 tuo
2390 3407 2710 3479 effugerant.
2761 3423 2908 3462 nunc
2947 3425 3078 3464 vero
3123 3409 3382 3466 dolorose
3423 3429 3522 3484 up-

1955 3501 2182 3570 prhnor.

2444 3586 2697 3654 Septuplo
2737 3586 3026 3655 fornacem.

2020 3676 2274 3731 Animam
2306 3691 2516 3731 veneno
2548 3675 2805 3730 infectant
2846 3687 2899 3731 et
2946 3689 3181 3734 mentem
3211 3683 3524 3752 cupiditati-

1952 3767 2056 3822 bus
2086 3767 2422 3822 vulneratam
2450 3767 2782 3838 possidentis
2802 3772 3082 3836 miserere,
3111 3773 3522 3838 Domine,com-

1952 3859 2239 3926 miserare,
2297 3875 2459 3916 cruce
2507 3872 2597 3914 tua
2633 3877 2763 3916 sana
2799 3877 2904 3924 me,
2936 3872 2989 3918 et
3039 3864 3208 3933 guttis
3245 3879 3315 3919 ex.
3355 3866 3524 3920 latere

1954 3961 2046 4005 tuo
2075 3951 2360 4006 exhaustis
2389 3960 2445 4005 ut
2475 3951 2732 4007 ardenter
2756 3954 2984 4023 psallam
3019 3973 3032 4009 :
3067 3954 3411 4022 sacerdotes,
3432 3956 3525 4011 be-

1955 4046 2194 4100 nedicite
2224 4045 2534 4099 Dominum.
3367 4117 3370 4120 _

2027 4135 2084 4190 In
2135 4143 2319 4190 monte
2361 4136 2490 4190 olim
2532 4137 2906 4207 przellguravit
2939 4143 2992 4190 te
3047 4135 3258 4207 Moyses
3305 4137 3525 4193 elevans

1955 4244 2174 4294 manus,
2217 4240 2270 4284 et
2299 4229 2352 4283 in
2385 4229 2565 4300 fugam
2591 4239 2807 4284 vertens
2847 4230 3088 4296 Amalec,
3143 4246 3274 4284 crux
3303 4230 3525 4284 omnino

1953 4319 2303 4387 venerabilis,
2349 4335 2514 4389 quam
2575 4319 2739 4374 hodie
2768 4319 3086 4375 venerando
3140 4319 3388 4389 fugamus
3420 4319 3526 4372 ini-

268 4411 536 4481 δαιμόνων
553 4413 620 4464 τά
646 4411 918 4481 ἀλλόφυλα
943 4411 1110 4482 στίφη
1128 4450 1143 4477 ,
1174 4413 1268 4465 καὶ
1297 4413 1446 4482 φόϐῳ
1477 4411 1843 4483 μελῳδοῦμεν·

1967 4411 2095 4465 mica
2154 4419 2463 4466 daemonum
2496 4412 2714 4482 agmina
2739 4426 2789 4467 et
2820 4413 2874 4466 in
2911 4412 3104 4465 timore
3143 4411 3522 4465 modulatnur:

279 4503 479 4575 Ἱερᾶς,
514 4504 807 4572 εύλογείτε.

351 4595 487 4648 ’Υπδ
520 4597 710 4650 παθῶν
748 4597 1125 4668 κλονούμενον,
1157 4598 1250 4652 ὑπ’
1279 4596 1488 4668 ἐχθρῶν
1531 4596 1849 4667 σκελιζόμε-

268 4703 376 4750 νον,
405 4686 510 4740 ὑπὸ
550 4687 839 4758 συνηθείας
873 4691 1113 4760 πονηρᾶς
1149 4690 1460 4761 ἑλκόμενον,
1484 4688 1845 4756 οίκτείρησον,

266 4774 720 4850 εὖσπλᾳγχνεηῷ
746 4778 824 4850 σῷ
843 4780 1059 4850 σταυρῷ
1086 4780 1389 4849 θωράκισον
1407 4795 1421 4810 ·
1444 4779 1592 4842 ὅπως
1623 4775 1846 4850 μελῳδῷ

264 4869 324 4920 ἐν
352 4849 634 4938 ἀκλονήτῳ
663 4849 878 4940 καρδίᾳ·
903 4849 1202 4935 Οίπαϊδες,
1233 4870 1529 4938 εὐλογεῖτε.

333 4958 603 5030 Ὀδυνηρὰ
636 4961 984 5026 στενάζουσα,
1025 4961 1307 5037 μητρικῶς
1352 4959 1717 5029 ἀλαλάζουσα,
1754 4963 1849 5016 καί⁵

260 5051 362 5124 τὴν
386 5054 450 5105 ὲκ
477 5053 582 5106 τῶν
614 5053 938 5124 σπλάγχνων
967 5053 1196 5125 συνοχὴν
1229 5055 1303 5124 μὴ
1328 5057 1568 5126 φέρουσα
1585 5095 1600 5120 ,
1627 5053 1846 5126 σταυρῷ

261 5144 565 5216 ἐνητένιζες
601 5145 680 5217 τῷ
709 5147 773 5199 ὲκ
801 5147 904 5216 τῆς
935 5147 1036 5216 σῆς
1065 5146 1313 5216 τεχθέντι
1341 5145 1599 5217 γαστρὸς,
1619 5147 1842 5212 Τέκνον,

259 5237 680 5304 ἑκϐοῶσα,τίτδ
699 5241 882 5311 ὅραμα
911 5237 1070 5292 τοῦτο
1095 5255 1110 5304 ;
1143 5239 1259 5302 πῶς
1289 5240 1518 5308 πάσχεις
1539 5239 1567 5290 ό
1595 5241 1660 5308 τῇ
1686 5238 1844 5307 φύσει

258 5331 516 5402 άπαθής;
544 5331 770 5393 Πάντως
794 5329 964 5384 θέλων
997 5331 1056 5384 τὸ
1085 5331 1239 5400 γένος
1271 5329 1379 5383 τῶν
1409 5327 1712 5400 ἀνθρώπων
1735 5345 1844 5382 πα-

259 5421 370 5477 θῶν
401 5423 794 5494 ἐλευθερῶσαι.

724 5515 973 5583 Ἕφριεε
1011 5514 1180 5570 πᾶσα
1211 5514 1384 5581 ἀκοή.

333 5605 619 5674 Ἑγγόνους
653 5608 819 5660 πάλαι
853 5607 1046 5660 Ἰακὼϐ
1070 5607 1304 5673 εὐλογῶν
1331 5604 1688 5677 προδιετύπου
1711 5621 1843 5674 τρα-

267 5698 455 5752 νόεατα
491 5699 725 5768 σταυρὸν
761 5699 851 5752 τὸν
877 5699 1054 5770 τίμιον
1080 5717 1092 5730 ·
1123 5700 1189 5752 δι’
1213 5692 1292 5763 οὗ,
1328 5697 1612 5767 οἱκτίρμον
1641 5735 1653 5762 ,
1693 5697 1840 5768 ἡμᾶς

1956 4503 2292 4568 sacerdotes,
2325 4503 2652 4560 benedicite.

2023 4594 2429 4664 Cupiditatibus
2458 4595 2856 4665 perturbatum,
2890 4594 3131 4648 inimicis
3160 4593 3525 4660 debilitatum,

1952 4690 2093 4744 mala
2143 4690 2539 4745 consuetudine
2583 4699 2817 4744 tractum
2853 4689 3135 4752 miserare,
3189 4687 3502 4741 misericors

1951 4791 2005 4836 et
2030 4789 2121 4836 tua
2165 4795 2330 4836 cruce
2364 4781 2665 4839 communi.
2715 4790 2771 4832 ut
2814 4781 2869 4832 in
2912 4779 3078 4834 corde
3121 4777 3521 4847 imperturbata

1951 4873 2240 4941 moduler;
2284 4871 2461 4942 pueri,
2497 4869 2826 4926 benedicite.

2023 4964 2286 5020 Dolorose
2318 4963 2707 5034 ingemiscens,
2752 4967 3002 5015 materno
3046 4958 3262 5027 ejulans
3297 4957 3518 5021 affectu,

1955 5063 2009 5108 et
2049 5054 2321 5110 viscerum
2374 5065 2688 5120 pressuram
2746 5047 2888 5103 ferre
2937 5048 3236 5117 impotens,
3271 5047 3324 5099 in
3359 5060 3523 5099 cruce

1947 5143 2412 5213 contemplabaris
2447 5140 2684 5195 fructum
2710 5137 2918 5192 ventris
2949 5138 3049 5201 tui,
3077 5137 3325 5190 claman‘s
3351 5149 3364 5185 :
3397 5132 3519 5198 Fili,

1947 5236 2209 5306 quidnam
2238 5235 2326 5290 hic
2365 5234 2567 5288 video?
2607 5229 2884 5302 quomodo
2933 5230 3154 5300 pateris,
3190 5239 3384 5282 natura
3411 5228 3512 5279 im-

1947 5325 2272 5402 passibilis?
2326 5325 2464 5392 Quia
2513 5323 2727 5379 scilicet
2788 5321 2869 5375 vis
2912 5321 3216 5374 humanum
3275 5332 3446 5387 genus
3491 5330 3520 5370 a

1950 5419 2346 5490 cupiditatibus
2374 5418 2630 5473 liberare.

2399 5509 2624 5565 Horruit
2655 5507 2826 5561 omnis
2855 5504 3094 5560 auditus.

2017 5604 2232 5659 Prolem
2270 5603 2396 5658 olim
2437 5600 2768 5657 benedicens
2815 5597 3006 5661 Jacob,
3055 5594 3344 5652 manifeste
3388 5608 3520 5664 pran-

1947 5698 2210 5768 ligurabat
2261 5696 2552 5768 pretiosam
2617 5710 2863 5765 crucem,
2917 5705 3010 5764 per
3056 5705 3244 5757 quam,
3301 5688 3523 5743 miscri~
