3988 6202
450 271 588 340 3871

1260 273 1320 332 S.
1354 271 1765 331 SOPHRONII
1809 272 2032 332 PATBI

2162 271 2310 332 ἪίΕ
2351 275 2752 334 HIEROSOL.
3023 335 3034 340 ,
3565 274 3714 340 38ῗ2

453 401 604 448 cors,
673 383 901 438 beuv-dic
969 382 1151 440 nobis.
1212 382 1490 436 liberalem
1563 385 2020 439 sanctificationis

2162 384 2434 454 ὒλόγησον,
2465 383 2738 453 ἀγιασμοῦ
2774 383 3111 454 παρεκτικὴν
3145 386 3304 454 χάριν
3334 387 3715 458 παρεχόμενος

453 476 700 548 praebens
763 473 992 544 gratiam
1047 474 1192 525 illam
1255 474 1644 528 venerantibus
1697 486 1748 529 et
1803 486 1852 529 te
1913 477 2023 528 lie-

452 566 762 631 demporem
792 561 1034 613 omnium
1066 561 1525 626 glorificantibus.
1781 568 1793 577 '

521 656 671 722 Aqua
707 652 899 720 jejuuii
937 653 989 705 in
1025 653 1207 705 anima
1251 664 1302 708 et
1331 663 1511 707 tuente
1545 655 1844 722 puriﬁcati,
1886 655 2022 708 lide-

454 747 550 803 lcs.
583 745 863 798 vivilicaus
905 753 958 798 et
997 745 1242 798 divinum
1291 745 1500 814 lignum
1546 747 2021 816 complectamur;

455 849 639 905 aperte
691 837 944 890 on'iuibus
1000 839 1349 904 praponitur,
1419 837 1669 892 divinam
1725 837 2024 892 infundens

455 929 836 982 remissionem
869 937 922 981 et
969 929 1152 982 lumen
1203 931 1424 984 cmleste
1451 937 1506 984 et
1537 932 1704 984 vitam
1738 940 1793 984 et
1840 945 2022 984 veram

456 1019 906 1072 exsultatimiem.

524 1107 648 1161 Scio
679 1118 730 1163 te
751 1109 990 1176 judicent
1021 1109 1418 1163 formidandum
1447 1111 1498 1162 iu
1516 1111 1689 1180 gloria
1724 1112 2028 1165 divinitatis

456 1212 739 1253 vemurum
781 1202 846 1252 ad
895 1202 1272 1270 redarguenda
1319 1211 1453 1254 tunc
1505 1203 1721 1255 occulta
1755 1204 2026 1266 Omnium,

459 1289 721 1356 Domine;
784 1307 953 1358 quare
1011 1293 1074 1344 ad
1142 1302 1193 1346 te
1248 1294 1448 1353 clamo,
1512 1294 1651 1347 boue
1705 1310 1716 1344 :
1777 1292 2027 1357 Peccavi,

460 1381 678 1448 ignosce
728 1381 882 1444 mihi,
941 1382 1053 1434 noli
1114 1383 1455 1451 triumphare
1508 1381 1577 1436 de
1635 1382 1772 1437 meis
1838 1384 2028 1449 multis

456 1471 819 1540 gravibusque
848 1471 1088 1528 delictis.
1578 1539 1588 1549 ,

523 1563 734 1631 Agnum
783 1564 909 1618 olim
953 1566 1102 1618 cruci
1133 1566 1411 1620 conﬁxum
1442 1583 1583 1636 agna
1619 1567 2026 1636 contemplans,

455 1663 508 1706 et
538 1656 882 1724 splendorem
937 1657 1072 1710 solis
1127 1659 1507 1722 obscuratum,
1563 1658 1701 1715 ﬂens
1761 1659 2029 1713 dicebat:

2124 477 2235 535 τοῖς
2271 474 2666 545 προσκυνοῦσιν
2692 476 2854 528 αὑτὸν
2876 517 2890 540 ,
2922 475 3016 527 καὶ
3050 476 3142 528 τὸν
3171 478 3386 530 πάντων
3414 478 3717 550 Δυτρωτὴι

2127 565 2186 618 σὲ
2217 564 2520 630 δοξάζουσι.

2197 656 2468 724 Νηστείας
2496 655 2645 708 ὕδατι
2676 657 2874 721 πιστοὶ,
2911 657 3277 726 καθαρθέντες
3303 658 3396 710 καὶ
3415 657 3598 729 ψυχὴν
3618 662 3720 714 καὶ

2126 748 2384 808 διάνοιαν,
2422 750 2481 800 τὸ
2505 748 2854 817 ζωοδώρητον
2879 750 2973 802 καὶ
3001 749 3143 802 θεῖον
3177 749 3334 815 ξύλον
3359 752 3717 820 περιπτυξώ-

2131 837 2273 908 μεθα
2288 853 2300 866 ·
2333 839 2617 909 πρόκειται
2637 841 2802 891 πᾶσιν
2825 839 3102 908 ἐμφανῶς,
3132 838 3294 910 βρύον
3317 839 3470 893 θείαν
3495 843 3703 910 ἄφεσιν,

2128 929 2220 982 καὶ
2255 928 2368 996 φῶς
2401 930 2673 1000 οὐράνιον,
2702 932 2796 982 καὶ
2824 930 2968 997 ζωὴν
2986 970 3000 994 ,
3033 930 3129 984 καὶ
3155 929 3331 1002 ἀληθῆ
3365 933 3700 1000 animum.

2202 1106 2411 1176 Κριτήν
2440 1123 2498 1158 σε
2531 1102 2642 1159 οἶδα
2680 1106 2908 1177 φοϐερδν
2937 1105 3290 1176 ἐλευσόμενον
3337 1109 3415 1174 ὲν⁹
3438 1107 3566 1179 δόξῃ
3595 1107 3719 1162 θεό-

2130 1214 2307 1263 τητος,
2357 1203 2573 1250 πάντων
2622 1199 2690 1250 τὰ
2737 1198 2942 1267 κρύφια
2977 1200 3219 1269 ἐλέγχειν
3253 1200 3374 1253 τότε
3426 1201 3718 1269 μέλλοντα,

2132 1291 2323 1359 Κύριε·
2348 1290 2427 1342 διό
2457 1307 2536 1342 σοι
2554 1290 2762 1360 κράζω,
2784 1289 2975 1357 ἀγαθέο
3003 1291 3312 1360 Ἷνίμαρτον,
3333 1289 3718 1361 συγχώρησον.

2135 1381 2209 1453 μὴ
2245 1382 2621 1454 θριαμϐεύσῃς
2657 1400 2757 1452 μου
2790 1382 2859 1436 τὰ
2889 1384 3058 1436 πολλά
3089 1385 3183 1438 καὶ
3209 1384 3420 1455 χαλεπά
3452 1385 3719 1455 πλημμε-

2133 1471 2196 1536 λή
2207 1488 2371 1540 ματα.

2204 1563 2309 1614 Τὸν
2337 1563 2476 1632 ἄρνα
2503 1562 2667 1615 πάλαι
2696 1565 2730 1633 ή
2761 1563 2958 1632 ἀμνὰς,
2988 1565 3311 1634 θεωρήσασα
3335 1567 3553 1637 σταυρῷ
3579 1567 3722 1619 καθο

2136 1652 2431 1723 ηλούμενον
2454 1693 2468 1712 .
2492 1653 2586 1706 καὶ
2621 1654 3003 1724 σκοτιζόμενον
3028 1655 3179 1724 ήλίου
3205 1657 3428 1724 φέγγος,
3454 1657 3647 1710 κλαίου
3659 1675 3724 1710 πα

457 1743 550 1796 Sol
595 1745 806 1814 gloriae,
862 1745 1013 1808 Jesu,
1060 1746 1291 1811 occidis,
1345 1759 1573 1803 mortem
1629 1750 1855 1806 subiens
1883 1768 1900 1814 ;
1932 1750 2026 1806 sed

2162 1717 2344 1814 λεγεν·
2372 1747 2526 1798 Ἥλιε
2553 1744 2710 1814 δόξης
2743 1717 2940 1816 Ἰησοῦ,
2973 1717 3092 1812 tsi};
3115 1717 3546 1817 θανατοόμενος·
3582 1749 3724 1803 ἀλλά

457 1838 872 1892 resurrectionis
898 1839 1079 1892 lumen
1114 1838 1197 1892 fac
1234 1841 1366 1894 oriri
1402 1849 1456 1894 te
1485 1841 1950 1899 desiderantibus.

696 1930 835 1996 Quia
865 1947 957 2000 ego
990 1948 1106 1986 sunt
1137 1931 1299 1998 Deus,
1330 1933 1422 2002 qui
1449 1933 1575 1988 olim
1598 1935 1792 1992 Israel.

529 2023 586 2074 ln
635 2023 813 2076 medio
866 2025 1162 2078 creatiouis
1203 2039 1366 2094 quam
1427 2027 1739 2082 sustinuisti
1785 2045 2026 2090 crucem.

459 2113 674 2174 Messia,
735 2113 828 2168 Dei
885 2114 1143 2178 Verbum,
1195 2115 1378 2170 medio
1429 2116 1593 2184 hujus
1640 2118 1749 2173 diei
1789 2120 2026 2190 jejunio,

457 2204 687 2256 tldoliter
719 2197 1036 2270 adoramus,
1065 2216 1353 2276 precantes
1381 2217 1440 2262 ut
1472 2217 1528 2264 et
1560 2219 1707 2264 tuam
1743 2211 2026 2266 videamus

379 2363 399 2374 _
457 2297 941 2352 resurrectionem.
1583 2291 1588 2296 ’

528 2469 688 2542 Virga
721 2475 978 2543 potentiae
1021 2476 1076 2530 in
1117 2477 1301 2549 Moyse
1350 2479 1696 2550 praeﬁgurata
1745 2495 1897 2536 mare
1925 2497 2022 2536 cu-

458 2567 744 2635 piditatum
798 2569 1126 2634 dividentes,
1179 2571 1503 2627 festinemus
1545 2573 1613 2628 ad
1662 2585 1862 2629 terram
1902 2589 2028 2643 pro-

458 2665 758 2729 missionis.
793 2676 849 2720 et
877 2683 1074 2721 manna
1119 2667 1386 2737 spirituali
1420 2669 1684 2724 satiemus
1715 2683 1818 2723 nos
1851 2667 2028 2722 abun-

454 2758 669 2812 dauter.
1533 2763 1548 2772 ’

498 2848 661 2916 Quis
713 2865 820 2905 non
876 2850 1202 2906 lamentetur
1261 2861 1339 2917 te,
1403 2856 1527 2922 quis
1580 2868 1690 2907 non
1733 2853 1912 2923 lugeat
1953 2861 2028 2916 te,

455 2943 659 3005 anima,
720 2942 1124 2997 desiderantem
1175 2944 1370 2997 vitiosa
1419 2961 1518 2998 uec
1551 2943 1842 2999 desideriis
1879 2959 2030 3013 quae-

2135 1836 2412 1892 ἀνάτειλον
2442 1837 2541 1907 τῆς
2573 1838 2847 1910 ὲγέρσεως
2873 1840 2932 1892 τὸ
2967 1839 3082 1910 φῶς
3111 1843 3222 1904 τοῖς
3255 1840 3475 1895 ποθοῦσι
3509 1859 3590 1897 σε.

2243 2020 2370 2073 Ὀτι
2408 2019 2524 2088 ἐγώ
2558 2021 2674 2088 ειμι
2714 2019 2881 2085 Θεὸς,
2914 2022 2948 2074 ὁ
2985 2019 3169 2074 πάλαι
3209 2022 3316 2074 τὸν
3347 2021 3610 2090 Ἰσραήλ.

2204 2109 2386 2164 Μέσον
2429 2110 2530 2180 τῆς
2579 2110 2846 2174 κτίσεως,
2895 2109 2954 2162 ὃν
3004 2110 3411 2181 καθυπέμεινας
3460 2112 3719 2182 σταυρὸν,

2134 2202 2515 2271 Μεσσία,Λόγε
2529 2201 2686 2262 Θεοῦ.
2700 2202 2777 2273 τῷ
2794 2203 2890 2271 τῆς
2907 2203 3160 2272 νηστείας
3177 2205 3410 2274 σήμερον
3427 2205 3720 2274 μεσασμῷ,

2135 2297 2345 2360 πιστῶς
2401 2296 2838 2366 προσκυνοῦμεν,
2881 2295 3194 2366 αἰτούμενοι
3224 2296 3464 2350 κατιδεῖν
3494 2297 3588 2350 καὶ
3618 2295 3723 2368 τὴν

2135 2390 2430 2443 ἀνάστασιν
2463 2388 2560 2457 τὴν
2592 2389 2710 2458 σήν.

2217 2479 2426 2551 Ῥάὸδῳ
2455 2479 2739 2550 δυνάμεως
2769 2480 3192 2553 προτυπωθείσῃ
3240 2479 3318 2550 τῷ
3360 2481 3569 2553 Μωῦσῇ
3615 2481 3720 2548 τὴν

2136 2571 2414 2626 θάλασσαν
2459 2571 2567 2624 τῶν
2619 2569 2809 2622 παθῶν
2851 2569 3215 2638 διατεμόντες,
3247 2569 3543 2640 φθάσωμεν
3578 2571 3718 2639 πρὸς

2133 2663 2233 2731 τὴν
2256 2661 2360 2730 γῆν
2395 2662 2490 2730 τῆς
2518 2661 2879 2729 ἐπαγγελίας·
2917 2662 3010 2714 καὶ
3051 2660 3228 2731 μάννα
3264 2660 3357 2715 τοῦ
3393 2661 3587 2733 νοητοῦ
3617 2666 3719 2734 ἑμ-

2137 2753 2462 2825 φορηθῶμεν
2491 2752 2772 2820 διαψιλῶς.

2206 2848 2299 2908 Τίς
2328 2846 2401 2916 μή
2433 2845 2791 2918 θρηνήσῃοσε,
2820 2845 2902 2907 τίς
2933 2844 3007 2916 μὴ
3033 2844 3276 2915 πενθήσῃ
3307 2862 3388 2910 σε,
3413 2843 3582 2914 ψυχὴ,
3617 2859 3722 2897 πο-

2137 2936 2333 2990 θοῦσαν
2362 2937 2429 2990 τά
2459 2934 2690 3005 πονηρὰ,
2718 2935 2815 2988 οὐκ
2843 2935 3174 3005 ὲκζητοῦσαν
3203 2935 3352 3006 πόθῳ
3401 2935 3468 2988 τὰ
3513 2935 3720 3003 ἀγαθὰ,

461 3039 664 3083 mitem
695 3033 854 3094 bona,
885 3032 978 3085 sed
1001 3031 1216 3096 justum
1249 3032 1487 3101 judicem
1512 3033 1606 3102 qui
1643 3042 1820 3087 tecum
1849 3034 2032 3104 longa-

2162 3031 2348 3083 ῑικαίου
2380 3027 2567 3099 κριτοῦ
2597 3027 2654 3080 δὲ
2689 3026 3138 3098 καταφρονοῦσαν
3159 3029 3264 3092 ἀεὶ,
3299 3025 3721 3099 μακροθυμῶν-

461 3121 623 3174 ni-nis
662 3129 744 3176 est
774 3137 990 3191 semper
1025 3123 1466 3191 despicientem?

529 3212 760 3266 Carnem
815 3211 1017 3266 factum
1097 3215 1306 3284 absque
1359 3217 1662 3270 mutatione
1727 3215 2033 3280 Christum,

465 3302 645 3372 Virgo,
674 3319 939 3374 generas;
980 3322 1140 3375 quem
1172 3308 1329 3362 euixc
1365 3307 1597 3363 obsecra
1631 3317 1688 3362 ιιι
1717 3310 2036 3363 carnalibus

460 3395 655 3450 libi-ret
712 3398 1138 3472 cupiditatibus,
1179 3399 1474 3455 adorantes
1529 3417 1694 3470 quam
1760 3401 1813 3455 in
1871 3417 2037 3457 carne

461 3483 725 3536 sustinuit
757 3498 1001 3540 crucem.

769 3572 875 3636 Qui
915 3575 1043 3645 tegis
1099 3576 1253 3644 aquis
1287 3579 1563 3646 superiora
1591 3577 1726 3644 ejus.

530 3663 632 3730 Qui
697 3673 755 3718 ut
804 3663 952 3720 Deus
1025 3668 1363 3723 concussiSti
1435 3667 1792 3722 fundamenta
1847 3668 2036 3724 onntis

463 3763 642 3813 terrae,
703 3753 952 3808 elevatus
1015 3755 1070 3808 in
1127 3755 1272 3825 ligno
1334 3756 1728 3810 inconcussum
1783 3757 2038 3810 umuibus

465 3844 847 3898 fulcimentum
886 3846 1113 3913 largitus
1152 3863 1232 3912 es,
1265 3847 1560 3901 salutarem
1612 3847 1820 3900 scilicet
1859 3848 2038 3901 crucis

462 3944 569 3989 tua:
605 3934 864 4000 loricam;
918 3952 1080 4006 quam
1127 3937 1444 4002 adorantes,
1477 3947 1528 3991 te
1564 3937 2041 4006 superexaltamus

430 4030 514 4086 .in
548 4029 726 4081 nutnia
751 4033 974 4085 saecula.
1656 4034 1659 4035 ⁷

532 4118 667 4172 Illud
705 4134 870 4189 supra
905 4121 1042 4178 solis
1089 4121 1456 4190 jaculationes
1520 4120 1803 4191 refulgens
1856 4119 2040 4176 crucis

464 4213 668 4281 lignum
715 4215 1172 4282 contemplantes,
1220 4215 1424 4278 venite,
1485 4213 1701 4283 jejunio
1763 4211 2040 4284 fulgentes

460 4318 607 4360 nunc
635 4303 942 4358 osculemur
990 4313 1044 4359 et
1086 4305 1312 4375 gratiam
1371 4307 1692 4362 liauriamus
1720 4306 2032 4361 illuminan-

2139 3139 2228 3184 τος
2253 3122 2344 3174 ἐπὶ
2374 3120 2487 3185 eoi;

2209 3212 2395 3282 Σάρκα
2425 3211 2715 3280 γενόμενον
2743 3210 3115 3272 ἀναλλοιῶτως
3148 3210 3238 3263 τὸν
3269 3210 3530 3280 Χριστὸν,
3567 3209 3726 3279 Παρ-

2140 3303 2282 3369 θένε,
2316 3303 2625 3372 κυοφορεῖς·
2645 3301 2703 3354 ὃν
2725 3300 2958 3363 ἐκτενῶς
2973 3301 3211 3362 ἱκέτευε,
3233 3299 3510 3371 σαρκικῶν
3530 3300 3727 3355 παθῶν

2139 3393 2449 3461 ἀπαλλάξαι
2476 3393 2600 3458 τοὺς
2625 3391 3061 3464 προσκυνοῦντας
3088 3393 3250 3463 σαρκὶ
3273 3392 3331 3446 ὃν
3351 3392 3721 3463 καθυπέμεινδ

2142 3486 2398 3555 σταυρόν.
3390 3550 3398 3554 _

2259 3578 2320 3631 '0
2359 3574 2656 3645 στενάζων
2691 3577 2760 3629 ἐν
2798 3575 2980 3629 ὕδασι
3019 3576 3091 3628 τὰ
3127 3572 3368 3642 ὑπερῷα
3405 3573 3617 3627 αὐτοῦ.

2223 3670 2281 3722 ’0
2327 3668 2618 3731 συσσείσας
2667 3665 2889 3737 θεμέλια
2939 3665 3118 3734 πάσης
3163 3666 3262 3734 τῆς
3313 3665 3416 3734 γῆς
3459 3666 3535 3727 ὡς
3569 3664 3723 3725 Θεὸς.

2142 3761 2377 3832 ὑψωθεὶς
2423 3763 2482 3812 ὲν
2529 3758 2690 3830 ξύλῳ.
2741 3760 2992 3813 ἄσειστον
3025 3761 3188 3811 πᾶσιν
3216 3757 3479 3827 ἐδωρήσω
3511 3759 3726 3818 πιστοῖς

2140 3855 2392 3926 ἔρεισμα,
2423 3853 2614 3922 Κύριε.
2649 3851 2707 3906 τὸ
2737 3852 2999 3922 σωτήριον
3025 3851 3188 3904 ὅπλον
3213 3850 3307 3904 τοῦ
3340 3847 3580 3918 σταυροῦ
3606 3865 3722 3902 σου·

2141 3947 2311 4016 ὅνπερ
2371 3945 2820 4015 προσκυνοῦντες,
2857 3942 2917 3994 σὲ
2943 3939 3331 4012 ὕπερυψοῦμεν
3383 3943 3462 4003 είς
3515 3940 3727 4000 πάντας

2141 4037 2268 4099 τοὺς
2302 4037 2522 4096 αἰῶνας.

2225 4125 2638 4196 Ἀπαστράπτον
2695 4124 2959 4195 θεώμενοι
3001 4125 3140 4194 ὑπὲρ
3189 4124 3337 4194 ἡλίου
3383 4123 3541 4193 βολὰς
3567 4163 3583 4184 ,
3628 4120 3727 4174 τοῦ

2144 4216 2379 4287 σταυροῦ
2414 4216 2474 4269 τὸ
2515 4215 2691 4280 ξύλον,
2725 4215 2878 4270 δεῦτε
2909 4215 3132 4286 νηστείᾳ
3158 4213 3593 4282 ἀπραπτὸμενοι
3628 4211 3728 4263 νῦν

2146 4308 2540 4378 ἀσπασώμεθα,
2591 4307 2880 4377 ἀρυόμενοι
2935 4307 3096 4377 χάριν
3143 4306 3481 4375 φωτοφόρον,
3535 4305 3728 4367 σκότος

465 4408 591 4458 ινιιι,
655 4411 762 4467 qua
817 4397 1106 4466 caliginem
1167 4397 1364 4452 minuit
1395 4398 1480 4452 bis
1509 4401 1603 4469 qui
1632 4399 2032 4469 superesaltanl

2162 4399 2473 4472 ἑκμειοῦσαν
2495 4399 2602 4452 τῶν
2631 4397 3052 4469 ὑπερυψούντων
3081 4396 3316 4469 Χριστὸν
3340 4397 3418 4460 εἰς
3444 4395 3569 4458 τοὺς
3593 4395 3729 4448 αἰῶο

461 4487 742 4542 Clu-istum
780 4490 834 4542 in
867 4490 1088 4544 saecula.

535 4581 614 4634 Tu
650 4581 748 4650 qui
780 4597 839 4636 es
875 4581 1000 4638 fans
1047 4598 1204 4653 aquas
1269 4585 1404 4640 vivae
1453 4585 1705 4642 salientis
1753 4586 1807 4640 in
1869 4586 2037 4640 vitam

2117 4505 2262 4556 ⁸νας.

2217 4585 2400 4657 ’Ὑδωρ
2426 4584 2534 4650 ζῶν
2557 4563 2638 4640 ’τὸ
2671 4585 2960 4655 ἁλλόμενον
2991 4585 3069 4647 είς
3097 4582 3324 4638 αἰωνίαν
3349 4580 3492 4652 ζωήν
3526 4581 3590 4632 σὺ
3619 4579 3726 4632 ὑπο

461 4685 749 4737 a-ternam,
789 4674 1052 4739 Verbum,
1085 4677 1409 4746 sanguinem
1439 4690 1493 4733 et
1525 4694 1723 4748 aquam
1750 4693 1816 4733 ex
1872 4678 2032 4732 latere

2162 4675 2348 4744 ἱρχων,
2380 4675 2540 4742 Λόγε,
2571 4669 2709 4744 αἷμα
2741 4676 2834 4728 καὶ
2881 4673 3025 4742 ὕδωρ
3053 4676 3116 4726 ὲκ
3145 4672 3386 4742 πλευρᾶς
3417 4673 3476 4722 ἐν
3507 4674 3729 4740 σταυρῷ

466 4767 520 4821 in
549 4783 713 4821 crure
743 4766 1008 4833 cﬂ‘udisti,
1052 4767 1331 4840 Magister,
1357 4780 1704 4838 peccatorum
1767 4780 2041 4826 torrentes

463 4860 726 4914 i-nbibens
764 4879 778 4916 :
822 4861 966 4915 unde
1005 4862 1234 4917 obsecro
1257 4872 1330 4928 te,
1358 4863 1539 4919 arefac
1579 4877 1864 4934 perversas
1889 4863 2044 4934 cupi-

461 4951 650 5005 dinum
685 4967 926 5006 ulearum
951 4953 1337 5023 scaturigines.

536 5038 602 5093 L‘t
642 5039 943 5109 spiritalem
981 5041 1476 5096 sanctilicationem
1509 5040 1680 5094 Deum
1733 5041 1786 5094 in
1829 5039 2038 5096 sanctis

466 5135 901 5204 rt‘qlliCSCCIllcul
935 5134 1106 5203 paris,
1143 5143 1332 5190 sancta
1373 5132 1465 5188 Dei
1523 5132 1770 5188 Genitrix
1805 5133 2042 5203 purissi-

466 5243 550 5280 ma
577 5245 590 5280 :
621 5226 810 5287 Delum,
841 5227 1086 5295 inquam,
1132 5229 1223 5296 qui
1261 5235 1493 5281 cunctos
1534 5226 1825 5288 terminos.
1855 5226 2042 5281 divina

467 5317 650 5369 erucis
699 5319 751 5370 in
792 5333 899 5384 qua
945 5317 1082 5373 ﬁxus
1129 5327 1213 5372 est
1257 5317 1678 5388 gubernatione,
1735 5317 2044 5374 sanctificat

471 5407 651 5469 lmdie,
693 5423 725 5461 ο
762 5407 949 5476 Virgo.

757 5499 1070 5553 Benedictus
1107 5499 1361 5554 Dominus
1393 5499 1531 5555 Deus
1561 5498 1759 5554 Israel.

543 5589 863 5645 Benedictus
890 5607 970 5654 es,
993 5590 1237 5654 Domine,
1271 5591 1408 5646 Heus
1435 5591 1621 5656 Israel,
1641 5589 1732 5660 qui
1761 5603 1924 5644 cruce
1955 5598 2043 5642 tua

476 5685 712 5734 veterem
780 5682 990 5736 solvisti
1042 5682 1501 5743 maledictimiem,
1559 5681 1814 5750 illamque
1884 5679 2044 5735 nobis

2144 4764 2395 4829 ἔϐλυσας,
2421 4765 2684 4828 Δέσποτα,
2703 4765 2976 4835 ἁμαρτίας
3006 4762 3339 4834 χειμάρρους
3367 4759 3728 4814 ἀναστέλλωνο

2146 4857 2269 4912 ὅθεν
2316 4857 2551 4910 δυσωπῶ
2588 4873 2667 4922 σε,
2703 4857 2928 4929 ξήρανον
2961 4855 3148 4910 παθῶν
3181 4873 3282 4924 μου
3333 4856 3431 4916 τὰς
3484 4853 3732 4922 πονηρὰς

2151 4948 2459 5010 ἐκϐλύσεις.

2219 5039 2428 5111 Νοητδν
2451 5039 2526 5104 ὡς
2551 5039 2819 5110 ἀγίασμα,
2849 5038 2940 5094 τὸν
2983 5041 3040 5093 ὲν
3086 5038 3260 5106 ἀγίοις
3292 5036 3424 5090 Θεὸν
3454 5035 3740 5089 ἀναπαυό-

2153 5150 2314 5203 μενον
2339 5133 2562 5194 τίκτεις,
2588 5132 2720 5199 ἁγία
2737 5130 3020 5200 Θεομῆτορ
3046 5131 3204 5197 ἁγνὴ,
3226 5123 3400 5182 πάντα
3422 5127 3488 5181 τὰ
3519 5126 3740 5198 πέρατα

2154 5223 2446 5293 άγιάζοντα
2479 5221 2600 5294 θεία
2625 5221 2954 5292 κυϐερνήσει
2985 5222 3243 5293 σήμερον,
3275 5218 3541 5290 Παρθένε,
3574 5216 3740 5284 ξύλου

2152 5315 2420 5386 παναγίου
2451 5317 2508 5370 ὲν
2538 5311 2582 5385 ᾧ
2613 5315 2779 5388 σαρκῖ⁵
2804 5314 3007 5382 ἐπάγη.

2323 5495 2668 5561 Εὐλογητὸς
2701 5495 2914 5561 Κύριος
2945 5495 2978 5547 ό
3011 5492 3155 5559 Θεὸς
3179 5490 3286 5547 τοῦ
3303 5489 3568 5560 Ἰσραήλ.

2229 5583 2532 5656 Εὐλογητὸς
2555 5580 2847 5665 εῐ,1Κύριε,
2870 5586 2898 5638 ὁ
2925 5584 3056 5650 Θεὸς
3087 5583 3178 5638 τοῦ
3209 5583 3445 5654 Ἰσραὴλ,
3469 5583 3497 5635 ὁ
3520 5578 3750 5652 σταυρῷ

2147 5697 2240 5734 σου
2273 5679 2440 5744 λύσις
2469 5679 2565 5750 τὴν
2593 5678 2822 5750 ἀρχαίαν
2853 5677 3019 5747 ἀράν·
3056 5677 3149 5730 καὶ
3181 5675 3369 5730 τοῦτον
3393 5676 3528 5746 ἡμῖν
3556 5673 3744 5744 δωρηο
