3988 6202
221 221 362 288 3873

1670 224 1768 284 TR
1781 221 2080 285 IODiUM.

3354 227 3500 295 3874

224 340 459 408 σάμενος
509 335 846 410 κραταίωμα
900 335 996 389 καὶ
1051 335 1414 408 καταφυγὴν.
1468 338 1562 390 καὶ
1608 338 1822 409 ἀσφαλῆ

1942 338 2169 409 largitus
2192 353 2252 393 es
2277 347 2334 393 ut
2359 338 2760 392 ﬁrmamentum
2801 348 2854 392 et
2890 339 3163 412 refugium
3213 353 3267 398 et
3324 354 3500 399 tutum

221 427 500 501 κρηπῖδα·
555 426 621 480 δι’
651 417 713 480 οὗ
759 426 888 490 τοὺς
937 424 1166 497 ἐχθροὺς
1216 425 1373 497 ημῶν
1398 425 1493 480 νῦν
1525 425 1814 498 κερατιοῦ-

224 537 342 592 μεν.

291 613 416 665 Ὅτι
466 613 678 682 σειραῖς
723 609 1101 683 συσφίγγομαι
1141 609 1250 664 τῶν
1284 610 1538 681 ἀμέτρων
1575 627 1678 680 μου
1717 626 1814 662 και

221 706 352 770 κῶν,
384 707 478 760 καὶ
526 705 625 770 τὰς
671 704 891 776 τρίϐους
927 722 1020 760 σου
1073 705 1172 769 τὰς
1223 705 1546 777 σωτηρίους,
1589 703 1812 774 Χριστὲ,

221 799 361 853 ἑκὼν
397 799 694 868 ἐπιγνῶναι
719 799 780 851 ού
815 797 1111 870 βούλομαν
1163 797 1242 869 τῷ
1275 797 1353 870 σῴ
1393 815 1459 868 με
1487 796 1818 867 ἐπίστρεψον

223 891 466 961 σταυρῷ,
497 891 595 962 τὴν
623 890 880 962 πώρωσίν
905 907 1008 961 μου
1033 889 1196 956 λύων,
1227 890 1293 944 δι’
1316 891 1522 960 ἄφατον
1544 889 1690 952 ἕλεος
1718 889 1817 959 τῆς

227 983 326 1054 σῆς
354 982 782 1052 εὐσπλαγχνίας.

295 1076 406 1146 Τὴν
438 1075 737 1146 Φαρισαίου
763 1074 996 1145 ἔπαρσιν
1026 1073 1411 1145 μιμησάμενος
1439 1071 1647 1136 κακῶς,
1680 1089 1815 1126 κατ-

227 1165 460 1236 ηνέχθην
481 1165 681 1235 πτῶμα
697 1167 938 1236 χαλεπὸν
958 1166 1054 1219 καὶ
1070 1165 1264 1229 δεινδν,
1282 1164 1378 1217 καὶ
1399 1165 1587 1233 κεῖμαι
1607 1161 1816 1233 ἐχθρῶν

226 1258 632 1329 καταπάτημα·
685 1257 802 1311 ἀλλ’
835 1257 1130 1328 οίκτσιρον.
1167 1255 1342 1308 σῶσόν
1389 1272 1480 1324 με,
1517 1254 1752 1325 Χριστὲ,
1788 1254 1816 1306 ό

224 1349 422 1403 ἑαυτὸν
437 1349 505 1403 δι’
525 1346 706 1403 οἶκτον
728 1349 1098 1415 ταπεινώσας,
1133 1346 1325 1418 ὕψιστε
1356 1345 1585 1401 Βασιλεῦ
1606 1344 1705 1416 τῆς
1733 1343 1818 1398 66-

228 1441 347 1512 ξηςο

298 1536 365 1588 Αἰ
392 1534 575 1603 γενεαί
601 1551 660 1588 σε
695 1535 904 1590 ἅπασαι
938 1533 1358 1605 μακαρίζουσιν,
1390 1517 1528 1601 ἀγνή
1549 1547 1563 1561 ·
1607 1527 1817 1600 Ἰησοῦς

227 1626 337 1696 γὰρ
388 1613 546 1695 μόνος
588 1626 616 1678 ό
660 1623 875 1694 τεχθεὶς
919 1627 983 1678 ὲκ
1030 1624 1131 1693 τῆς
1173 1622 1273 1691 σῆς
1303 1620 1518 1692 νηδύος,
1553 1619 1715 1681 αὐτὸς
1741 1619 1818 1683 ὼς

229 1713 529 1790 ιπίστασαι
555 1713 803 1784 ἐποίησε,
828 1712 1004 1783 Κόρη,
1040 1711 1178 1783 μετά
1225 1709 1341 1774 σοῦ,
1365 1708 1606 1780 Παρθένε
1644 1723 1816 1778 μεγαο
1848 1700 1890 1754 Β

231 1802 377 1858 λεῖα·
409 1802 468 1856 δν
501 1801 741 1856 δυσὼπει
770 1801 1039 1868 σώζεσθαι
1093 1801 1246 1856 πόλιν
1293 1801 1386 1854 καὶ
1411 1799 1540 1854 λαόν
1570 1815 1686 1854 σου.

481 1980 699 2049 Κύριος
732 1976 820 2033 ὢν
856 1977 1100 2032 πάντων
1137 1977 1236 2032 καί
1273 1977 1554 2042 Κτίστης.
1817 2045 1820 2048 _

302 2071 507 2143 Κύριος
539 2072 615 2126 ὢν
645 2072 861 2125 πάντων
895 2072 989 2124 καὶ
1045 2071 1287 2142 Κτίστης
1318 2068 1470 2133 Θεὸς,
1515 2067 1679 2137 μέσον
1713 2066 1817 2136 γῆς

235 2167 326 2219 ἐπὶ
362 2164 596 2236 σταυροῦ
636 2163 857 2236 ύψώθης
877 2179 892 2194 ο
925 2163 1064 2234 πρὸς
1107 2163 1295 2215 ἑαυτὸν
1330 2149 1550 2230 ἀνυψῶν
1579 2159 1689 2212 τῶν
1718 2159 1815 2210 ἀν-

237 2257 768 2329 θρώπωνπεσοῦσαν
796 2255 983 2309 οὐσίαν
1013 2255 1247 2325 κακίστη
1277 2253 1372 2307 τοῦ
1411 2250 1642 2322 Ἐχθροῦ
1675 2268 1816 2321 συμ-

238 2349 456 2420 ϐουλίαο
482 2349 604 2402 ὅθεν
637 2366 696 2401 σε
726 2347 934 2411 πιστῶς
958 2347 1272 2417 δοξάζομεν,
1301 2343 1378 2415 τῷ
1405 2344 1482 2413 σῷ
1507 2343 1669 2396 πάθει
1698 2359 1818 2396 στε-

237 2440 358 2512 ρεού
366 2457 537 2511 μενοι.
1149 2445 1153 2448 ’
1801 2506 1804 2508 η

302 2533 658 2603 Καθάραντες
683 2532 963 2603 αἰσθήσεις
993 2529 1247 2602 νηστείας
1277 2533 1434 2600 φωτὶ,
1457 2529 1552 2584 τοῦ
1583 2512 1816 2600 σταυροῦ

232 2627 351 2688 ταῖς
382 2627 600 2694 νοηταῖς
628 2625 808 2677 ἀκτῖσι
837 2623 1144 2676 πλουσιωτά
1156 2639 1274 2687 τως,
1304 2623 1508 2685 πιστοὶ,
1533 2620 1820 2690 αὐγασθῶ-

205 2738 212 2746 ο
239 2733 335 2787 μεν
355 2731 370 2746 ο
397 2719 489 2770 καὶ
507 2716 698 2769 τοῦτον
719 2715 978 2785 ἐμφανῶς
1003 2716 1363 2784 προκείμενον
1388 2714 1629 2786 σήμερον
1651 2714 1820 2786 ὁρῶν-

237 2826 348 2872 τες,
376 2808 610 2879 χείλεσιν
659 2809 845 2875 ἁγνοῖς
890 2807 982 2861 καὶ
1031 2807 1386 2878 στόματικαὶ
1417 2807 1616 2878 καρδία
1647 2823 1821 2878 προσ-

240 2901 580 2973 κυνήσωμεν.

1920 428 2334 485 fuudamentum
2363 448 2379 497 ;
2419 446 2515 502 per
2549 446 2716 501 quam
2752 432 2939 488 hostes
2968 445 3189 492 nostros
3225 453 3372 492 nunc
3402 454 3499 510 np-

1917 537 2096 593 pugna
2108 523 2310 577 bimus.

1989 611 2128 678 Quia
2167 613 2378 666 catenis
2433 613 2770 670 constrictus
2837 629 2960 668 sum
3017 617 3499 672 innumerabilium

1918 709 2272 772 peccatorum
2329 718 2602 770 meorum,
2656 717 2707 760 et
2766 709 2994 764 semitas
3044 717 3166 762 luas
3207 710 3500 772 salutares,

1917 792 2157 857 Christe,
2195 794 2336 848 ultro
2360 808 2659 865 agnoscere
2717 798 2867 863 nolo,
2897 809 2986 852 tua
3025 814 3108 852 me
3154 815 3318 854 cruce
3368 815 3504 853 con-

1919 896 2090 953 verte,
2125 885 2542 942 ohduratioeem
2579 903 2754 943 meam
2784 890 3006 945 solvens
3034 905 3131 962 per
3167 891 3496 946 ineliabilem

1919 986 2026 1032 tua:
2055 976 2413 1048 benignitatis
2455 979 2926 1036 misericordiam.

1990 1066 2253 1122 Pharisaei
2282 1070 2600 1140 superbiam
2632 1087 2889 1141 perverse
2919 1071 3184 1136 imitatus,
3217 1072 3502 1128 demersus

1919 1177 2039 1216 sum
2087 1162 2237 1232 gravi
2314 1164 2662 1233 terribilique
2716 1180 2872 1229 casu,
2923 1165 3195 1235 jaceoque
3251 1166 3501 1221 hostibus

1918 1256 2348 1323 conculcandus,
2369 1258 2462 1314 sed
2483 1259 2742 1315 miserere
2762 1261 2865 1316 mei
2889 1270 2943 1316 et
2960 1261 3107 1314 salva
3131 1275 3238 1324 me,
3263 1260 3498 1321 Christe,

1917 1348 2006 1414 qui
2027 1349 2257 1418 teipsmn
2283 1366 2376 1415 per
2399 1352 2839 1422 eompassionem
2871 1353 3195 1418 hmniliasti,
3227 1354 3504 1408 altissime

1928 1435 2040 1492 Rex
2069 1440 2281 1510 gloriae.

1989 1528 2191 1586 Omnes
2219 1532 2602 1601 generationes
2637 1542 2690 1588 te
2721 1533 2939 1590 beatam
2971 1535 3287 1605 prmdieant,
3315 1535 3501 1604 puris-

1920 1621 2098 1688 sima;
2134 1619 2296 1676 Jesus
2349 1622 2496 1677 enim
2543 1622 2694 1678 solus
2727 1639 2793 1678 ex
2858 1634 3045 1679 ventre
3106 1633 3200 1679 tuo
3264 1626 3502 1693 prodiit;

1918 1716 2056 1784 ipse,
2085 1714 2232 1768 sicut
2281 1715 2447 1775 nosti,
2480 1729 2674 1783 magna
2727 1714 2822 1768 tibi
2867 1714 3014 1779 fecit,
3065 1716 3246 1784 put-lla
3300 1714 3502 1784 Virgo;

1918 1808 2100 1877 ipsum
2169 1819 2337 1859 exora
2396 1812 2457 1858 ut
2534 1805 2706 1860 salvet
2775 1805 3055 1860 civitatem
3123 1820 3188 1860 ac
3225 1806 3499 1880 populant

1916 1913 2100 1954 suum.
2663 1965 2672 1974 ν

2161 1987 2266 2056 Qui
2294 1987 2553 2042 Dominus
2575 2004 2628 2042 es
2662 1987 2896 2042 omnium
2928 1998 2976 2041 et
3009 1985 3255 2040 Creator.

1987 2079 2092 2148 Qui
2130 2080 2390 2136 Dominus
2443 2097 2504 2138 es
2555 2081 2801 2136 omnium
2842 2088 2896 2135 et
2935 2079 3162 2134 Creator
3213 2078 3385 2143 Deus,
3446 2078 3500 2150 in

1918 2173 2099 2229 medio
2132 2183 2291 2228 terrae
2325 2188 2492 2228 cruce
2521 2175 2766 2227 elevatus
2811 2188 2912 2239 es;
2976 2172 3043 2226 ad
3107 2179 3158 2226 te
3220 2170 3503 2225 attrahens

1919 2267 2202 2322 hominum
2235 2282 2409 2338 genus
2456 2267 2698 2336 pessimo
2742 2264 2950 2319 inimici
2985 2264 3196 2333 lapsum
3227 2263 3506 2328 consilio;

1920 2363 2066 2438 unde
2093 2372 2142 2418 te
2177 2361 2412 2416 lideliter
2458 2361 2853 2431 glorificamus,
2892 2366 2984 2412 tua
3035 2358 3292 2428 passione
3314 2372 3502 2412 corro-

1919 2455 2116 2511 borati.

1990 2545 2350 2602 Purillcantes
2403 2557 2599 2600 sensus
2625 2541 2820 2613 jejunii
2858 2543 3085 2606 lumine,
3113 2539 3502 2612 spiritualibus

1921 2639 2105 2695 crucis
2158 2640 2351 2702 radiis,
2420 2637 2631 2698 ﬁdeles.
2687 2637 3070 2706 copiosissime
3126 2635 3512 2696 illustremur;

1925 2732 2208 2802 ipsamque
2242 2738 2429 2802 aperte
2463 2731 2804 2802 propositam
2842 2729 3005 2784 hodie
3061 2729 3310 2784 videntes
3348 2726 3504 2797 puris

1924 2823 2085 2880 labiis
2123 2833 2177 2877 et
2207 2838 2302 2878 ore
2328 2832 2383 2876 ct
2406 2822 2573 2896 corde
2600 2821 2918 2877 adoremus.

309 2993 483 3046 Τόπον
514 2987 574 3046 οὗ
603 2991 840 3060 ἔστησαν
865 2991 916 3043 οἰ
943 2991 1104 3055 πόδες
1139 2990 1397 3061 Χριστοῦ,
1434 2993 1820 3064 προσκυνήσω-

1995 3020 2207 3076 Locum
2232 3019 2323 3076 ubi
2348 3027 2616 3076 steterunt
2644 3017 2810 3088 pedes
2843 3015 3068 3082 Christi,
3099 3015 3340 3072 divinam
3371 3014 3506 3070 ado-

240 3103 340 3156 μεν
371 3084 606 3154 σταυρὸν
630 3085 720 3136 τὸν
756 3083 920 3149 θεῖον,
952 3083 1128 3154 πέτρᾳ
1158 3083 1396 3154 Χριστοῦ
1427 3084 1658 3138 ἐντολῶν
1686 3102 1819 3156 στη-

246 3177 494 3247 ριχθῆναι
511 3177 635 3240 τοὺς
661 3175 827 3237 πόδας
855 3175 1134 3240 αἰτοῦντες
1161 3177 1338 3246 ψυχῆς
1369 3177 1547 3249 ἡμῶν,
1577 3178 1670 3230 καὶ
1700 3194 1824 3231 κατ⁹

236 3269 561 3338 ευθυνθῆναι
588 3268 793 3340 ταύτης
821 3268 1137 3341 διαδήματα
1184 3269 1300 3322 ὁδὸν
1329 3269 1409 3332 εἰς
1436 3273 1660 3341 εἰρήνην
1701 3269 1823 3344 θείᾳ

237 3363 441 3434 χάριτι.

311 3455 494 3528 Κόρης
545 3455 604 3521 ἐξ
648 3455 910 3526 ἀνάνδρου
942 3454 1231 3526 προῆλθες,
1261 3454 1486 3526 Χριστὲ,
1516 3452 1822 3524 προσλαϐό-

246 3567 402 3620 μενος
449 3552 512 3604 ὲκ
556 3549 758 3620 ταύτης
820 3549 1001 3621 σάρκα
1048 3548 1230 3601 ἔννουν
1279 3546 1376 3602 καὶ
1419 3546 1682 3618 ἔμψυχον,
1727 3547 1823 3599 καὶ

248 3641 458 3711 σταυρῷ
484 3659 575 3694 σου
593 3640 819 3712 Ἐχθρὸν
846 3638 1135 3709 ἀφανίσας,
1157 3639 1454 3709 φθαρεῖσαν
1481 3638 1586 3691 τῶν
1616 3636 1823 3708 βροτῶν

241 3735 340 3804 τὴν
378 3735 564 3787 οὐσίαν
595 3734 757 3786 πάλιν
790 3731 865 3796 ὡς
898 3730 1030 3794 Θεὸς
1063 3731 1368 3793 ἐκαίνισας·
1413 3727 1494 3782 διὸ
1534 3727 1690 3795 δόξαν
1738 3745 1822 3781 σοι

239 3827 645 3898 προσφέρομεν.

505 3919 720 3988 Νόμων
756 3915 1045 3987 πατρῴων
1081 3919 1136 3972 οἱ
1167 3913 1548 3986 μακαριστοί.

308 4008 498 4078 Μέσης
525 4009 739 4079 ἡμέρας
773 4007 1180 4079 σταυρουμὲνου
1212 4023 1328 4073 σου,
1361 4005 1528 4077 μέσον
1575 4005 1672 4076 τῆς
1719 4006 1823 4076 γῆς

242 4101 495 4172 βουλήσει
543 4101 751 4171 κόσμου
800 4101 870 4154 τὰ
922 4101 1155 4172 πέρατα,
1192 4100 1357 4171 μέσου
1401 4099 1680 4170 φάρυγγος
1727 4099 1822 4150 τοῦ

242 4193 534 4262 δράκοντος
568 4191 905 4262 ὲξήρπασας,
943 4190 1253 4263 οίκτίρμον’
1283 4189 1364 4243 διὸ
1396 4191 1455 4243 ὲν
1490 4189 1630 4260 μέσῃ
1663 4187 1826 4241 θείων

243 4284 497 4353 ἐσδομάδι
541 4283 807 4355 νηστειῶν
853 4285 1287 4353 προσκυνοῦντες
1321 4281 1705 4354 κραυγάζομεν
1735 4279 1826 4333 τὸν

1930 3128 2115 3167 remus
2139 3127 2385 3174 crucem.
2413 3122 2636 3166 orantes
2666 3110 2730 3164 ut.
2764 3118 2916 3180 petra
2951 3109 3157 3164 Christi
3211 3107 3504 3162 mandato-

1930 3218 2049 3257 rum
2087 3202 2370 3256 lirmentur
2409 3201 2574 3271 pedes
2613 3201 2811 3256 animae
2847 3208 3053 3255 nostra:
3080 3207 3136 3254 et
3191 3198 3508 3268 dirigantur

1929 3293 2050 3362 ejus
2077 3307 2300 3362 gressus
2334 3293 2386 3346 in
2416 3293 2504 3347 via
2529 3291 2683 3362 pacis
2712 3291 2898 3346 divina
2926 3291 3123 3362 gratia.

2001 3464 2077 3520 Ex
2105 3463 2328 3536 Virgine
2350 3462 2559 3533 absque
2599 3461 2717 3517 viro
2771 3459 3046 3531 prodiisti,
3095 3456 3334 3519 Christe,
3385 3471 3508 3510 car-

1931 3571 2058 3611 nem
2085 3571 2149 3610 ex
2181 3570 2244 3610 ea
2277 3554 2595 3623 suscipiens
2650 3559 2838 3608 mente
2865 3550 3158 3618 animaque
3197 3546 3506 3616 praeditam,

1929 3657 1984 3703 et
2011 3663 2176 3703 cruce
2216 3655 2305 3701 tua
2343 3647 2626 3704 inimicum
2655 3660 2686 3700 e
2715 3648 3016 3716 conspectu
3051 3639 3274 3701 tollens,
3319 3639 3505 3708 perdi-

1928 3747 2038 3795 tam
2066 3737 2375 3794 mortalium
2409 3737 2775 3792 substantiam
2812 3743 2873 3790 ut
2929 3734 3076 3789 Deus
3127 3731 3450 3788 restaurasti
3486 3745 3504 3786 δ

1933 3847 2101 3906 quare
2134 3829 2230 3886 tibi
2255 3829 2486 3901 gloriam
2511 3825 2819 3883 oﬂerimus.

2343 3919 2545 3993 Legum
2577 3928 2924 3988 paternarum
2953 3916 3113 3971 beati.

2005 4015 2180 4070 Media
2209 4021 2266 4070 tu
2298 4012 2601 4068 cruciﬁxus
2638 4009 2750 4074 die,
2784 4009 2838 4064 in
2869 4008 3048 4064 medio
3077 4014 3258 4066 terra,
3307 4001 3500 4058 mundi

1932 4105 2216 4167 terminos'
2235 4105 2522 4178 proposito
2554 4103 2843 4160 extraxisti
2881 4101 3151 4156 miserans
3188 4097 3257 4152 de
3311 4095 3507 4152 mediis

1934 4199 2191 4255 draconis
2224 4197 2479 4252 faucibus
2511 4211 2528 4250 :
2563 4209 2734 4266 quare
2775 4193 2829 4248 in
2867 4191 3042 4245 media
3077 4187 3389 4244 divinorum
3417 4185 3508 4253 jeu

1932 4291 2216 4363 iuniorum
2243 4287 2588 4345 hebdomade
2632 4284 3006 4338 exclamamus
3037 4277 3332 4332 adorantes
3386 4290 3511 4342 prc-

241 4379 424 4445 τίμιον
455 4375 684 4447 σταυρόν
716 4391 808 4428 σου
829 4393 842 4405 ·
879 4376 983 4430 Τὸν
1015 4375 1218 4446 Κύριον
1252 4372 1427 4446 ὑμῶν,
1452 4373 1521 4427 τὰ
1543 4373 1700 4444 ἔργα,
1745 4371 1822 4425 εὑ-

1942 4386 2135 4438 liosam
2181 4395 2402 4436 crucem
2459 4387 2608 4432 luam
2652 4392 2666 4431 :
2709 4373 2993 4427 Dominum
3023 4376 3296 4432 nostrum,
3323 4381 3510 4435 opera,

244 4467 451 4536 λογεῖτε
462 4505 477 4521 .

314 4559 507 4630 Χαρᾶς
555 4562 782 4630 σημεῖον
828 4559 1011 4625 ὅπλον,
1045 4540 1322 4632 ἄρρηκτον
1365 4559 1464 4631 τῆς
1505 4557 1828 4628 Ἐκκλησίας

244 4654 445 4722 τεῖχος,
505 4652 801 4724 μαρτύρων
848 4652 1137 4722 καύχημα,
1186 4652 1504 4704 ἀποστόλων
1553 4648 1830 4716 ὲγκαλλώ-

245 4759 425 4810 πισμα
445 4782 461 4807 ,
491 4743 790 4812 ἀρχιερέων
823 4742 1010 4806 σθένος
1045 4741 1428 4812 ὲνδυναμώσας
1468 4741 1567 4810 τὴν
1609 4739 1831 4805 ἐξασθε-

243 4833 443 4887 νοῦσάν
483 4851 582 4904 μου
631 4833 808 4906 ψυχὴν
842 4838 1171 4906 προσκυνεῖν
1219 4850 1278 4887 σε
1324 4833 1583 4897 ἀξίωσον,
1634 4829 1831 4892 ἔνθέως

247 4926 591 4998 μελῳδοῦντα
614 4928 706 4980 τὸν
733 4928 953 4999 Κύριον.

313 5018 512 5091 Θρηνῶ
542 5021 636 5073 καὶ
667 5018 834 5074 κλαίω
865 5024 960 5076 καὶ
991 5019 1274 5092 ὀδύρομαι,
1301 5021 1376 5073 ὅτ’
1395 5018 1457 5072 ἃν
1479 5019 1557 5080 εἰς
1584 5016 1706 5070 νοῦν
1729 5033 1831 5086 μου

242 5109 395 5164 λάϐω
424 5108 485 5162 τὸ
515 5108 863 5182 δικαστήριον
891 5111 1296 5177 τὸ··ἀδέκαστον,
1339 5108 1662 5180 μακρόθυμε
1683 5148 1698 5174 ,
1731 5125 1835 5162 κα-

241 5205 507 5275 τάκριτος
541 5203 804 5276 ὑπάρχων
829 5222 843 5236 ·
892 5206 973 5260 διό
1025 5223 1127 5276 μου
1158 5207 1361 5273 φεῖσαι,
1393 5204 1486 5257 καὶ
1511 5205 1601 5255 τὸν
1626 5202 1833 5256 ὲπικεί·

245 5313 410 5368 μενον
437 5297 616 5350 κλοιὸν
663 5303 764 5370 τῆς
792 5299 969 5370 ψυχῆς
999 5316 1100 5370 μου
1134 5299 1456 5370 ελάφρυνον,
1494 5297 1580 5349 ἵνα
1627 5297 1834 5368 χαίρων

243 5391 585 5461 κραυγάζωο
618 5391 721 5444 Τὸν
766 5392 975 5462 Κύριον
1005 5391 1179 5464 ὑμῶν,
1225 5390 1293 5443 τά
1335 5389 1492 5461 ἔργα,
1535 5389 1830 5457 εὐλογεῖτε.

319 5576 442 5630 Ἐτύ
454 5595 552 5630 που
581 5576 744 5646 βάτος
778 5577 840 5631 τὸ
867 5577 1166 5648 μυστήριον
1195 5571 1290 5627 τοῦ
1318 5559 1459 5643 ὑπὲρ
1486 5569 1608 5623 νοῦν
1631 5585 1725 5620 σου
1749 5566 1834 5620 τό-

246 5683 388 5735 κου,
422 5671 578 5741 Κόρη
629 5670 976 5740 πανάμωμε·
1024 5667 1099 5731 ὡς
1147 5664 1330 5734 ἐκείνη
1382 5664 1491 5731 γὰρ
1535 5659 1832 5728 διέμειναῆ

1931 4475 2260 4535 benedicite.

2010 4565 2208 4622 Gaudii
2228 4563 2512 4625 vexillum,
2535 4559 2804 4615 infractus
2835 4554 3096 4611 Ecclesiae
3124 4566 3337 4616 murus,
3370 4563 3515 4602 mar-

1932 4669 2114 4732 tyrum
2151 4655 2429 4728 gloriatio,
2464 4652 2838 4723 apostolorum
2865 4647 3168 4708 decoratio,
3186 4644 3510 4714 pontificum

1935 4750 2223 4812 fortitudo,
2257 4746 2556 4803 corrobora
2589 4743 2824 4797 animam
2853 4755 3029 4793 meam
3059 4738 3423 4798 deiicientem,
3460 4743 3513 4783 et

1933 4831 2158 4911 dignare
2175 4851 2262 4892 me
2284 4835 2515 4890 adorare
2541 4841 2592 4886 te
2623 4829 2808 4884 divino
2821 4826 3005 4880 amatu
3027 4822 3308 4896 psallendo
3333 4821 3511 4874 Domi-

1934 4943 2087 4984 num.

2008 5017 2306 5071 Lamentor
2331 5018 2386 5068 et
2418 5010 2573 5081 ploro
2627 5022 2693 5063 ac
2752 5006 2931 5077 lugeo,
2990 5018 3114 5058 cum
3151 5000 3217 5055 ad
3279 5009 3513 5072 mentem

1934 5121 2111 5164 meam
2136 5104 2285 5160 venit
2329 5100 2602 5171 judicium
2639 5099 3040 5165 incorruptum,
3075 5109 3108 5146 ο
3145 5089 3513 5160 longanimis;

1933 5200 2061 5271 quia
2107 5197 2402 5250 damnatus
2437 5206 2598 5259 sum;
2631 5196 2962 5260 quapmpter
3024 5187 3247 5256 ignosce
3277 5181 3406 5235 mihi
3462 5188 3516 5234 et

1937 5289 2216 5344 vinculum
2259 5285 2458 5338 animm
2510 5297 2643 5336 meae
2674 5281 2992 5350 itnpnsitutn
3022 5279 3206 5331 alleva
3271 5280 3328 5327 ut
3378 5287 3513 5341 gae.

1936 5383 2070 5437 deus
2098 5381 2330 5433 clamem
2377 5394 2391 5430 :
2432 5375 2718 5430 Dominum
2765 5377 3039 5435 nostrum,
3063 5381 3253 5437 Opera,
3289 5363 3514 5419 benedi-

1936 5475 2066 5530 cite.
2402 5539 2404 5541 _

2007 5563 2304 5636 Figurabat
2341 5561 2512 5616 rubus
2550 5554 2872 5629 mysterium
2915 5553 2989 5609 tui
3052 5559 3288 5607 mentem
3352 5563 3514 5604 exce-

1941 5658 2120 5714 dentis
2152 5663 2366 5727 partus,
2411 5653 2574 5724 Virgo
2615 5646 3164 5720 irreprehcnsibilis;
3220 5659 3342 5699 nam
3376 5642 3519 5699 sicut
