3960 6194
223 224 367 292 3877

1677 228 2091 295 TRIODIUM.

3370 240 3511 305 3878

229 337 567 410 στηλιτεύων
602 334 702 408 τὴν
748 335 1108 407 ἀναισθησίαν
1163 339 1298 410 μουι
1335 337 1471 395 ἀλλὰ
1518 342 1701 410 φεῖσαι
1751 342 1818 394 ὢν

1938 345 2498 414 nifestahis.Christe,
2524 346 2751 402 infamia
2785 361 2960 402 meam
2995 347 3250 406 duritiem
3277 357 3502 418 notans,

224 431 542 502 συμπαθὴς,
562 418 761 498 ’φεῖσαί
795 435 898 500 μου
930 431 1074 485 τότε.

297 615 529 669 Κόλπων
559 615 660 666 ούκ
693 616 894 677 ἐκστὰς
919 615 1028 668 τῶν
1057 616 1347 692 πατρῴων,
1381 620 1438 672 ἐν
1473 620 1697 685 κόλποις
1726 621 1819 676 ἀν-

221 709 446 779 εκλίθης
481 709 784 780 Παρθένου,
819 707 906 760 ἐπ’
932 708 1230 780 ἀνακλήσει
1256 711 1352 765 τοῦ
1379 713 1568 780 γένους
1598 707 1659 766 οὗ
1687 714 1815 784 ἑφό-

223 820 389 874 ρεσας
435 803 526 856 διὰ
575 801 896 872 σπλάγχνα,
929 802 1154 873 Χριστὲ,
1187 802 1250 858 τὸ
1278 804 1532 875 ὁμοίωμα
1556 821 1569 834 ·
1599 806 1720 860 ὅθεν
1757 824 1816 860 σε

223 896 396 968 ὑμνοῦ
404 913 527 966 μεν.

725 987 1004 1053 Φωτίζου,
1041 985 1316 1058 φωτίζον.

293 1078 616 1152 Φαιδρύνου,
638 1079 901 1150 φωτίζον,
924 1082 958 1151 ἠ
987 1080 1288 1152 Ἐκκλησία
1313 1079 1406 1136 τοῦ
1431 1081 1691 1154 Χριστοῦ,
1719 1083 1814 1137 τοῦ

223 1172 460 1244 σταυροῦ
495 1174 617 1236 ταῖς
663 1173 901 1237 ἀκτῖσιν,
936 1172 997 1226 ὃν
1042 1173 1236 1244 φέρεις
1284 1173 1650 1244 προκείμενον
1675 1175 1818 1229 πάνυ

223 1282 334 1319 των
374 1267 456 1328 είς
492 1265 870 1336 προσκύνησιν
891 1281 905 1296 ο
953 1266 1018 1319 σὺ
1051 1265 1107 1319 δὲ
1142 1265 1353 1336 πληθὺς
1385 1268 1535 1320 πᾶσα
1561 1267 1674 1320 τῶν
1700 1269 1814 1322 δαίμ

227 1357 428 1427 μόνων,
462 1356 686 1419 σκότους
713 1355 1016 1426 πλησθεῖσα
1044 1357 1338 1428 άπόδραθι.

295 1449 514 1519 Κράτος
541 1449 871 1520 ἐγκρατείας
914 1450 943 1502 ὁ
980 1449 1124 1514 θεῖος
1159 1451 1372 1520 πέφυκε
1405 1453 1661 1524 σταυρὸς,
1691 1469 1814 1507 συν-

224 1542 386 1612 εργὸς
420 1542 1192 1612 άγρυπνούντων,νηστευτῶν
1213 1544 1508 1614 ἐνίσχυσις,
1541 1545 1814 1615 πολεμου-

227 1633 404 1702 μένων
437 1633 1014 1706 ύπέρμαχοςοτοῦτον,
1043 1635 1248 1703 πιστοὶ,
1267 1635 1416 1707 πόθῳ
1447 1637 1812 1702 συνελθόντες,

225 1726 543 1798 περιχαρῶς
574 1728 1069 1799 προσκυνήσωμεν.
1580 1795 1590 1804 ν

295 1817 550 1888 Θεμέλιοι
575 1817 710 1872 θεῖοι
733 1819 833 1889 τῆς
867 1818 1199 1891 Ἐκκλησίας
1226 1819 1318 1875 τοῦ
1349 1819 1588 1893 Χριστοῦ
1609 1862 1625 1885 ,
1655 1821 1816 1892 ἑδρα-

225 1914 350 1985 σμῷ
375 1913 680 1978 εὐσεϐείας,
707 1916 915 1979 πάντας
936 1916 1334 1984 συντηρήσατε,
1356 1915 1450 1967 καὶ
1476 1914 1570 1967 ἐπὶ
1606 1913 1816 1984 πέτραν

225 2003 516 2075 στηρίξατε
555 2004 656 2073 τὴν
689 2005 906 2077 ἀρραγῆ
939 2003 1034 2058 τοῦ
1064 2003 1429 2075 ἐκλεξαμένου
1462 2002 1607 2073 ὑμᾶς
1627 2042 1642 2068 ,
1676 2003 1814 2057 ἁπό-

223 2101 403 2154 στολοι
430 2099 653 2165 ἔνδοξοι.

296 2195 492 2264 Χαρὰν
528 2193 868 2247 συλλαϐοῦσα
896 2188 989 2246 τοῦ
1031 2191 1376 2263 ἀρχαγγέλου
1405 2192 1474 2262 τῇ
1509 2193 1686 2262 φωνῇ,
1716 2191 1817 2262 τῆς

228 2286 370 2357 ἐμῆς
400 2285 496 2340 νῦν
527 2285 756 2356 καρδίας
781 2285 881 2357 τὴν
909 2284 1090 2355 λύπην
1123 2285 1388 2353 ἀφάνισον
1419 2282 1517 2354 τὴν
1545 2282 1818 2354 ψυχοφθό-

229 2391 344 2446 ρον,
361 2373 634 2440 καὶδίδου,
648 2375 811 2443 ἁγνὴ,
824 2373 1117 2444 χαροποιὸν
1137 2372 1351 2437 πένθος,
1367 2372 1516 2435 ὅπως
1532 2371 1680 2444 εῦρω
1701 2372 1820 2424 ἐκεῖ

226 2467 324 2539 τὴν
355 2466 506 2521 θείαν
532 2467 905 2538 παράκλησιν.

523 2558 742 2625 Παῖδες
775 2557 1014 2628 εὐαγεῖς
1050 2558 1121 2612 ἐν
1157 2557 1234 2627 τῇ
1269 2557 1518 2627 καμίνῳ.

299 2647 484 2711 Πάθος
504 2665 601 2702 σου
626 2646 724 2700 τοῦ
750 2646 998 2710 ἀπαθοῦς
1020 2646 1206 2718 δρῶσα
1231 2649 1264 2717 ἡ
1290 2646 1468 2710 κτίσις
1489 2647 1816 2716 συνέπασχε,

233 2738 588 2810 μακρόθυμε·
624 2737 778 2809 ἥλιος
819 2737 1146 2800 ἐσϐέννυτο,
1181 2738 1379 2809 πέτραι
1407 2738 1816 2810 διερρήγνυντο,

231 2831 385 2884 πᾶσα
435 2831 507 2900 γῆ
557 2829 768 2883 ἐσείετο
817 2829 968 2902 φόϐῳ
1007 2830 1421 2902 κραυγάζουσα·
1463 2829 1567 2882 Τὸν
1614 2828 1819 2900 Κύριον

235 2921 475 2992 ὑμνεῖτε,
508 2921 577 2976 τὰ
611 2920 770 2993 ἔργα.

302 3103 525 3174 Θηρίοις
554 3101 748 3165 δεινοῖς
779 3102 893 3165 τοῖς
921 3099 1017 3154 τοῦ
1047 3098 1321 3171 καλάμου,
1349 3098 1580 3153 Θεοτὸκε
1611 3115 1713 3167 μου
1739 3100 1819 3152 οῖ-

233 3193 506 3265 κτίρμων,
537 3193 887 3264 ἐπιτίμησον,
909 3190 1058 3245 ἔνδον
1088 3208 1156 3260 με
1180 3188 1544 3254 συνθλίϐουσι,
1570 3189 1774 3259 Σῶτερ,
1793 3189 1821 3241 ὁ

231 3285 333 3355 τὴν
388 3285 582 3355 ἄτιμον
626 3283 945 3352 ύπενεγκὼν
987 3282 1324 3354 τυπτόμενος
1363 3280 1520 3353 ὓϐριν
1563 3280 1818 3352 καλάμῳ,

233 3378 459 3449 Χριστὲ,
491 3378 722 3450 τιμῆσαι
774 3377 1139 3449 προελόμενος
1183 3365 1394 3439 πάντας
1447 3376 1576 3439 τοὺς
1617 3376 1821 3445 ἀτιμα-

237 3472 466 3536 σθέντας
495 3474 560 3542 τῇ
603 3471 772 3524 πάλαι
805 3469 1138 3541 παραϐάσει.

305 3565 399 3629 Ei;
427 3564 555 3619 νοῦν
571 3563 632 3616 τὸ
664 3562 891 3632 φρικτόν
917 3562 1120 3614 σου-ὅτ’
1143 3560 1210 3614 ἂν
1233 3561 1405 3625 λάϐω,
1429 3558 1598 3631 κριτὰ
1618 3559 1822 3612 δικαιό-

233 3674 386 3720 τατε,
422 3656 726 3725 κριτήριον,
756 3655 944 3722 τρέμω
986 3649 1083 3704 καὶ
1118 3651 1430 3720 ἐξίσταμαι,
1483 3651 1691 3722 φρίττω
1725 3649 1820 3702 καὶ

234 3747 536 3819 ὀδύροματ,
568 3744 850 3799 κατανοῶν
883 3745 950 3799 τὰ
980 3743 1118 3816 ἔργα
1153 3760 1254 3814 μου
1283 3743 1440 3813 δίκης
1470 3741 1666 3808 ἐπάξια
1691 3758 1705 3772 ο
1741 3741 1821 3795 διό

235 3861 331 3898 σου
357 3844 458 3914 τὴν
474 3841 687 3914 ,πολλὴν
715 3841 1141 3912 εύσπλαγχνίαν,
1176 3839 1383 3912 Σῶτερ,
1422 3838 1498 3910 μὴ
1527 3838 1730 3910 νικήσῃ
1760 3836 1820 3890 τὸ

237 3934 441 4005 πλῆθος
470 3933 581 3988 τῶν
607 3931 795 3987 κακῶν
833 3949 958 4004 μου.

306 4024 556 4080 Τεκοῦσά
585 4041 645 4078 σε
670 4022 899 4079 ἄνευθεν
920 4021 1148 4086 ὠδίνων,
1166 4019 1360 4085 ὀδύνας
1385 4022 1453 4092 τῇ
1485 4022 1552 4092 σῇ
1575 4021 1821 4091 σταυρώ-

238 4135 322 4173 σει
338 4116 774 4188 καθυφίσταμαι,
791 4114 1090 4185 φλέγοντας
1106 4112 1174 4167 τὰ
1193 4113 1490 4182 σπλάγχνα
1514 4130 1615 4182 μου
1630 4128 1645 4143 θ
1667 4111 1821 4182 ἥλοις

237 4209 348 4280 γὰρ
375 4208 724 4278 προσήλωσαι
767 4206 866 4278 τὴν
913 4205 1012 4278 σὴν
1056 4205 1318 4276 πλευρὰν,
1355 4203 1699 4276 μακρόθυμε,
1733 4202 1821 4271 ἐξ·

237 4300 619 4372 ορυττόμενος,
668 4301 704 4369 ἠ
755 4299 1031 4366 πάναγνος
1073 4296 1204 4349 ἐϐόα
1257 4296 1569 4368 Παρθένος·
1619 4296 1688 4367 ἢν
1743 4295 1820 4362 ὡς

238 4389 522 4454 Θεοτόκον,
553 4388 858 4460 συμφώνως
886 4385 1252 4458 ἁνυμνοῦμεν.

384 4567 570 4632 Ἅπαξ
603 4567 864 4638 γηγενὴς
906 4564 1201 4635 σκιρτάτω
1239 4565 1320 4630 τῷ
1356 4563 1678 4634 Πνεύματι.

308 4661 462 4734 Ξύλῳ
485 4661 580 4716 τοῦ
609 4663 843 4733 σταυροῦ
871 4662 971 4732 τὴν
1004 4659 1180 4730 φλόγα
1208 4644 1489 4731 ὲμάρανας
1516 4659 1612 4728 τῆς
1641 4658 1822 4728 ἅμαρ-

237 4754 381 4820 τίας,
414 4755 651 4827 Χριστέο
685 4757 874 4826 χεῖρας
918 4752 1269 4824 πεπαρμένος
1301 4751 1360 4805 δὲ
1392 4750 1572 4821 χειρὸς
1605 4749 1822 4821 ἐρρύσω

236 4845 332 4902 τοῦ
359 4846 488 4900 πολε
495 4847 732 4917 μήτορος
752 4845 842 4900 τὸν
857 4843 1113 4915 ἀκρατῶς
1136 4841 1456 4896 ἐκτείναντα
1472 4841 1662 4910 χεῖρας
1683 4839 1822 4910 πρὸς

237 4939 446 5011 βρῶσιν
472 4937 713 5010 καρποῦ⁶
752 4929 924 5008 οὗπερ
956 4935 1120 5007 μόνον
1147 4932 1372 5004 φεύγειν
1397 4931 1495 5002 τὴν
1521 4929 1822 5003 μετάληψιν

233 5033 526 5106 άπεφήνω,
551 5029 756 5103 Χριστὲ
782 5028 1058 5083 πολυέλεε.

307 5211 490 5276 meo;
517 5228 636 5276 σου,
661 5210 888 5283 Χριστὲ,
917 5209 978 5263 τὸ
1001 5209 1168 5263 πᾶσιν
1189 5205 1459 5262 ἀπάθειαν
1484 5204 1694 5277 βροτοῖς
1716 5221 1821 5276 πη-

237 5305 416 5376 γάσαν
445 5305 689 5377 φαιδρῶς
718 5305 912 5376 βλέψαι
941 5302 1278 5368 καταξίωσον
1315 5302 1375 5354 ὲν
1412 5297 1649 5369 ἀπαθείᾳ
1693 5300 1820 5362 τοὺς

239 5398 688 5473 προσκυνοῦντας
734 5397 942 5461 πιστῶς
979 5398 1072 5450 τὸν
1115 5395 1207 5451 σὺν
1239 5395 1471 5465 σταυρὸν
1500 5395 1590 5450 τὸν
1616 5395 1817 5464 τίμιον,

239 5493 340 5556 τὰς
380 5491 655 5565 ἁμαρτίας
682 5491 839 5563 ἡμῶν
873 5489 1262 5562 παραϐλέπων,
1295 5489 1392 5543 καὶ
1435 5489 1536 5559 τῆς
1581 5485 1817 5543 ἀναστά-

243 5601 380 5649 σεως
405 5586 627 5657 ἀληθεῖς
655 5602 748 5639 σου
776 5585 923 5648 υἱοὺς
949 5583 1336 5654 ἐργαςόμενος.

1920 438 2013 490 sed
2062 437 2284 508 ignosce
2350 450 2611 510 tanquam
2663 441 3029 510 compatiens,
3085 443 3308 512 ignosce
3371 447 3506 499 mihi

1922 535 2072 580 tunc.

1990 615 2227 673 Paterno
2265 635 2372 675 non
2405 622 2594 677 exiens
2638 623 2787 682 sinu,
2826 621 3070 691 Virginis
3101 623 3154 676 in
3186 624 3309 678 sinu
3343 641 3507 680 recn-

1918 705 2108 769 buisti,
2141 716 2200 762 ιιι
2237 725 2523 775 revocares
2556 726 2729 782 genus
2760 710 2924 779 cujus
2961 711 3381 767 similitudinem
3437 716 3510 769 ob

1919 798 2380 866 misericordiam,
2412 801 2652 864 Christe,
2690 804 3002 872 sumpsisti,
3043 803 3188 857 unde
3221 813 3273 859 te
3340 807 3504 876 hym-

1918 890 2006 946 nis
2039 891 2404 948 celebramus.
2693 889 2698 893 ’

2371 982 2710 1051 Illuminnre,
2753 987 3081 1041 illuminare.
3568 1052 3571 1055 ι

1988 1067 2318 1140 Resplende,
2361 1071 2698 1140 illuminare,
2758 1074 3002 1128 Ecclesia
3052 1072 3280 1136 Christi,
3321 1075 3509 1132 crucis

1918 1162 2090 1216 radiis
2119 1179 2283 1232 quam
2313 1164 2623 1234 expositam
2676 1164 2788 1220 fers
2848 1165 3093 1219 omnium
3147 1165 3503 1236 adorationi;

1920 1263 1973 1308 tu
2006 1270 2160 1320 vero,
2196 1256 2379 1312 omnis
2428 1257 2723 1313 multitudo
2777 1258 3088 1313 dzemonum
3150 1259 3391 1317 tenebris
3422 1275 3508 1315 re-

1917 1346 2082 1416 pleta,
2119 1348 2373 1419 confuge.

1987 1438 2358 1496 Continentize
2394 1443 2581 1504 robur,
2638 1442 2982 1512 vigilantium
3037 1441 3299 1512 adjutrix,
3363 1444 3508 1512 jeju-

1916 1526 2166 1580 nantium
2195 1528 2549 1592 eonfortatio,
2580 1529 2972 1584 debellantium
3003 1531 3399 1599 propngnatrix
3423 1523 3508 1586 est

1915 1617 2100 1672 divina
2137 1634 2271 1674 crux
2310 1641 2323 1674 :
2365 1637 2508 1689 eam,
2537 1621 2746 1686 fideles,
2776 1621 3067 1675 desideriis
3117 1623 3507 1680 convenientes

1845 1704 1886 1759 Β
1916 1727 2038 1768 cum
2064 1714 2428 1769 exsultatione
2455 1717 2763 1769 adoremus.

1995 1802 2189 1857 Divina
2254 1803 2516 1859 Ecclesiae
2575 1804 2777 1859 Christi
2845 1803 3226 1870 fundamenta,
3287 1803 3507 1876 pietatis

1916 1893 2292 1962 stabilimenlo
2322 1908 2424 1949 nos
2450 1910 2642 1948 omnes
2673 1904 3020 1960 conservate,
3049 1903 3104 1950 et
3147 1912 3314 1966 super
3343 1898 3511 1952 infra-

1914 1993 2056 2040 ctam
2090 1985 2432 2040 c0nsolidate
2474 1993 2682 2056 petram
2716 1987 2865 2041 illius
2901 1986 2992 2056 qui
3044 2003 3142 2042 vos
3181 1989 3361 2061 elegit,
3394 1991 3511 2062 glo-

1913 2076 2050 2131 riosi
2080 2076 2337 2145 apostoli.

1986 2161 2070 2217 Tu
2111 2177 2234 2233 qua:
2266 2163 2548 2234 gaudium,
2591 2163 2907 2234 archangeli
2968 2180 3122 2230 voce,
3174 2168 3508 2237 concepisti,

1916 2253 2075 2310 aufer
2104 2271 2253 2310 nunc
2282 2271 2573 2312 maerorem
2598 2255 2782 2311 cordis
2812 2255 2919 2311 mei
2959 2257 3154 2310 anima:
3180 2273 3313 2312 mea:
3348 2259 3490 2312 letha

1921 2344 2053 2411 lem,
2088 2353 2144 2399 et
2175 2344 2268 2406 da,
2304 2343 2622 2413 purissima,
2659 2344 2865 2397 luctum
2899 2343 3288 2410 laetiﬁcantem,
3319 2355 3380 2399 ut
3437 2344 3509 2400 ibi

1917 2435 2191 2492 inveniam
2226 2435 2466 2488 divinam
2503 2420 2966 2489 consolationem.

2344 2525 2531 2580 Sancti
2588 2526 2738 2594 pueri
2775 2526 2829 2580 in
2855 2527 3090 2595 fornace.

1989 2617 2186 2684 Tuam,
2239 2619 2330 2689 qui
2388 2619 2748 2689 impassibilis
2809 2635 2892 2687 es,
2944 2621 3256 2690 passionem
3318 2620 3508 2676 videns

1918 2713 2098 2768 omnis
2124 2720 2376 2768 creatura
2409 2720 2839 2780 compassaest,
2892 2711 3225 2782 longanimis
3253 2728 3271 2780 ;
3302 2713 3510 2767 exstin-

1919 2816 2043 2858 cuus
2071 2809 2156 2858 est
2183 2803 2287 2866 sol,
2318 2811 2485 2872 petrae
2515 2802 2704 2856 scissae
2737 2809 2886 2864 sunt,
2937 2803 3118 2856 omnis
3179 2811 3325 2856 terra
3385 2811 3502 2856 tre-

1887 2934 1891 2936 -
1922 2909 2073 2948 more
2103 2893 2437 2948 conturbata
2472 2902 2555 2948 est
2596 2893 2843 2948 clamans
2879 2910 2894 2948 :
2930 2892 3219 2946 Dominum
3275 2892 3502 2948 benedi-

1923 2986 2052 3051 cite,
2085 2999 2272 3055 opera.
2470 3050 2475 3055 ,

1993 3078 2152 3132 Diras
2192 3078 2412 3148 increpa
2465 3075 2611 3133 feras
2657 3078 2966 3142 arundinis,
3001 3077 3094 3134 Dei
3134 3076 3240 3146 mei
3287 3076 3510 3133 miseri-

1923 3186 2048 3228 cors
2077 3171 2282 3236 Mater;
2325 3172 2475 3227 intus
2506 3185 2594 3224 me
2635 3179 2941 3232 coarctant,
2986 3170 3238 3224 SaIVator
3265 3169 3508 3238 Christe,

1922 3266 2015 3336 qui
2083 3264 2506 3335 ignominiosam
2574 3263 2716 3318 ietus
2767 3263 3056 3318 arundinei
3123 3261 3510 3317 contumeliam

1923 3357 2221 3428 sustulisti,
2255 3355 2381 3424 quia
2425 3355 2792 3410 constitueras
2835 3369 3026 3409 omnes
3073 3353 3512 3423 honeStarede-

1926 3451 2244 3504 honestatos
2279 3446 2504 3516 antiqua
2547 3445 3010 3514 transgressione.

1993 3538 2227 3609 Quando
2272 3537 2326 3590 in
2379 3543 2560 3591 mente
2610 3534 2946 3589 horrendum
3000 3543 3179 3599 tuum,
3205 3533 3512 3602 iustissime

1920 3611 2110 3702 index,
2145 3630 2393 3699 concipis
2423 3627 2717 3696 judicium,
2747 3634 2926 3680 tremo
2963 3633 3018 3681 et
3051 3625 3344 3693 obstupeo,
3380 3625 3513 3678 hor-

1923 3737 2080 3778 resco
2139 3729 2196 3776 et
2249 3721 2541 3783 lamentor,
2591 3732 2756 3788 opera
2815 3733 2933 3771 mea
2986 3716 3295 3786 recogitans
3345 3716 3508 3785 digna

1922 3815 2194 3878 vindicta;
2214 3826 2385 3882 quare
2411 3810 2636 3864 multam
2663 3817 2810 3863 tuam
2839 3807 3301 3871 misericordiam,
3321 3805 3510 3862 Salva-

1925 3915 2031 3971 tor,
2074 3921 2140 3960 ne
2179 3904 2362 3958 vincat
2401 3902 2694 3956 multitudo
2727 3900 3058 3956 delictorum
3093 3914 3365 3954 meorum.

1994 4001 2106 4071 Ego
2133 4015 2256 4070 quae
2296 4007 2349 4054 te
2383 3998 2595 4067 absque
2629 3997 2916 4051 dolonibus
2951 3996 3136 4065 genui,
3170 3993 3388 4048 dolores
3420 4003 3511 4048 tua

1923 4092 2286 4149 crucifixione
2326 4091 2579 4148 sustineo
2625 4089 2837 4144 viscera
2884 4103 3001 4140 mea
3045 4093 3298 4150 urentes;
3339 4084 3512 4140 clavis

1863 4203 1866 4206 ‘
1922 4187 2066 4242 enim
2115 4185 2286 4240 latere
2338 4191 2432 4237 tuo
2476 4182 2780 4236 transfixus
2832 4187 2888 4234 et
2943 4176 3260 4247 perfossus,
3318 4179 3511 4246 longa-

1925 4281 2111 4345 minis,
2146 4277 2490 4334 exclamabat
2543 4274 2857 4331 castissima
2908 4269 3099 4342 Virgo,
3140 4284 3305 4340 quam
3357 4269 3512 4323 voci-

1847 4373 2032 4436 Dbus
2085 4370 2345 4428 consonis
2409 4378 2671 4440 tanquam
2729 4364 2825 4421 Dei
2882 4363 3110 4418 Matrem
3169 4362 3512 4417 celebramus
3570 4376 3573 4377 ν

1925 4463 2166 4535 hymnis.

2211 4551 2398 4610 Omnis
2435 4552 2699 4623 terrigena
2740 4550 2973 4606 exsultet
3003 4550 3219 4619 spiritu.
3555 4585 3565 4640 ᾖ

1998 4643 2174 4716 Ligno
2206 4645 2391 4700 crucis
2436 4643 2646 4715 peccati
2693 4642 2969 4697 ﬂammam
3017 4641 3279 4711 languere
3309 4640 3509 4704 fecisti,

1923 4737 2180 4804 Christe;
2233 4737 2490 4793 manibus
2528 4752 2660 4793 vero
2692 4723 3056 4798 transtssns,
3093 4735 3160 4791 de
3203 4749 3367 4788 manu
3403 4735 3510 4792 ini-.

1924 4831 2050 4887 mici
2096 4846 2222 4886 eum
2277 4829 2524 4885 liberasti
2555 4827 3092 4899 quiincontinenter
3128 4841 3350 4881 manum
3411 4841 3508 4880 ex-

1925 4926 2180 4979 tenderat
2215 4922 2279 4976 ad
2320 4921 2563 4976 fructum
2600 4920 3080 4983 manducandum;
3132 4917 3292 4988 cujus
3337 4917 3510 4973 solius

1923 5014 2404 5086 participationem
2453 5011 2632 5068 vitare
2677 5011 2832 5069 visus
2879 5026 2964 5075 es,
2999 5007 3222 5064 Christe
3277 5007 3507 5062 multum

1923 5108 2262 5165 misericors.

1993 5202 2318 5258 Passionem
2358 5206 2532 5265 tuam,
2564 5198 2803 5262 Christe,
2837 5212 2900 5251 ex
2949 5209 3055 5265 qua
3087 5192 3347 5250 omnibus
3385 5205 3507 5246 sca-

1921 5293 2056 5350 turit
2102 5291 2516 5362 impassibilitas
2564 5289 2910 5348 mortalibus,
2961 5287 3189 5356 dignare
3239 5299 3337 5340 nos
3389 5282 3506 5336 ala-

1921 5389 2092 5444 criter
2147 5396 2200 5442 et
2261 5385 2537 5457 passionis
2583 5393 2839 5455 expertes
2890 5383 3097 5446 videre,
3138 5380 3231 5450 qui
3277 5377 3510 5433 ﬁdeliter

1922 5489 2072 5534 tuam
2107 5477 2402 5548 pretiosam
2440 5475 2734 5530 a‘doramns
2769 5488 2990 5529 crucem
3025 5491 3038 5526 :
3067 5481 3286 5542 peccata
3319 5475 3508 5522 nostra

1922 5570 2132 5627 scilicet
2169 5570 2282 5624 noli
2319 5569 2670 5624 considerare
2708 5577 2764 5625 et
2806 5581 2966 5622 veros
3005 5573 3110 5620 tum
3150 5559 3509 5620 resurrectio-

1924 5665 2008 5720 nis
2043 5663 2188 5717 filios
2223 5678 2322 5719 nos
2353 5661 2520 5716 ciiice.
2834 5654 2839 5659 ’
