3988 6202
443 314 589 381 3885

1855 315 2263 379 TRIODIUM.

3569 325 3708 391 3886

443 413 880 507 φωταγῶγιισον,
912 431 1076 506 ἁγνὴ,
1124 434 1159 508 ἡ
1210 433 1327 505 φῶς
1347 432 1600 501 τεκοῦσα,
1637 433 1721 487 ἶνα
1751 432 1901 505 πόθῳ
1941 435 2028 489 καΊ

2143 431 2358 489 bratam
2388 434 2661 505 illumiua,
2704 436 3022 508 purissima,
3059 453 3180 509 qua:
3231 438 3414 495 lumen
3445 443 3698 512 genuisti,

445 529 629 582 πίστει
655 525 745 580 ἀεὶ
773 523 1060 596 μεγαλύνω
1087 542 1168 582 σε.

946 618 1245 688 οὐρανίης
1294 617 1534 687 ἁψῖδος.

518 707 876 778 κατακρίνας
915 709 1014 776 τὴν
1066 707 1267 781 ἔχθραν
1314 710 1372 763 ἐν
1419 710 1496 781 τῷ
1546 709 1766 783 σταυρῷ
1797 709 2030 778 ἔτεινας,

446 803 827 874 Δικαιοκρίτα,
859 799 1152 872 παλάμας·
1183 801 1278 855 νῦν
1322 800 1379 854 δὲ
1431 801 1761 873 κατάκριτον
1799 802 1928 856 ὂντα
1964 818 2031 874 με

446 893 751 966 πταίσμασι
786 891 961 946 σῶσον
1006 893 1100 946 τὸν
1143 893 1372 960 ἄσωτον,
1407 893 1612 965 Σῶτερ,
1647 893 1738 947 τὸν
1789 910 2035 968 παραπι-

447 987 726 1060 κράναντά
761 1004 822 1040 σε
855 986 948 1040 τὸν
976 985 1377 1058 φιλάνθρωπον.

515 1079 628 1151 Τὴν
661 1077 908 1151 κτηνώδη
938 1078 1185 1150 ποθήσας
1218 1077 1515 1133 παθοποιὸν
1547 1077 1768 1149 βίωσιν,
1805 1079 1900 1133 σοῦ
1923 1079 2032 1134 τῶν

448 1168 679 1225 ἐντολῶν
725 1169 1096 1242 ὲμακρύνθην,
1125 1169 1308 1241 Σῶτερ
1337 1170 1616 1240 πανάγαθε
1641 1211 1656 1237 ,
1689 1169 1862 1236 ξένοις
1909 1171 2031 1226 δου-

438 1257 709 1336 λούμενος
743 1263 834 1317 καὶ
870 1263 1205 1334 ἀκαθάρτοις
1233 1262 1512 1328 πολίταις·
1545 1261 1639 1318 νῦν
1677 1263 1733 1317 δὲ
1774 1262 2032 1336 ἐπιστρέ-

448 1369 621 1426 φοντα
647 1353 795 1421 δέξαι
825 1371 914 1425 με,
946 1352 1308 1426 εὖσπλαγχνει

517 1446 830 1516 Μογιλάλου
858 1445 936 1510 ὡς
978 1445 1146 1500 πάλαι
1188 1447 1289 1513 τὰς
1333 1447 1505 1513 ἀκοὰς
1559 1443 1795 1520 ἦνοιξας,
1823 1445 2033 1514 ἄνοιξον

447 1533 630 1606 ψυχῆς
663 1538 766 1606 μου
795 1534 864 1589 τὰ
891 1529 1009 1590 ὦτα
1041 1535 1236 1609 γνώμῃ
1264 1535 1601 1610 κωφεύοντα,
1632 1536 1729 1592 καὶ
1776 1535 2030 1604 ὲνωτίζε-

451 1626 577 1680 σθαί
613 1645 708 1682 σου
729 1628 821 1682 τὸν
847 1627 1115 1701 σωτήριον
1139 1627 1317 1698 λόγον,
1356 1624 1556 1701 Ἰησοῦ,
1597 1625 1850 1699 ἀξίωσον,
1899 1631 2030 1701 μόνε

448 1718 821 1792 φιλάνθρωπε.

2137 530 2196 578 υι
2225 524 2499 582 desiderio
2536 532 2593 582 et
2622 526 2727 582 iide
2768 543 2986 599 semper
3017 530 3360 601 magnilicem
3397 543 3467 590 te.

2700 616 2941 673 Caelestis
2976 636 3156 675 arcus.

2207 704 2560 762 inimicitiam
2603 707 2872 766 damnans
2912 711 2965 766 in
2996 723 3163 768 cruce
3203 713 3412 784 palmas
3457 717 3705 774 extendi-

2133 797 2224 865 sti,
2249 795 2402 867 juste
2437 796 2609 854 iudex
2635 817 2650 866 ;
2689 816 2836 858 nunc
2861 818 2992 860 vero
3023 804 3271 876 lapsibus
3296 808 3613 864 damnatum
3648 817 3706 866 ct

2131 884 2406 957 perditum
2439 887 2590 944 salva
2616 904 2725 956 me,
2752 889 3024 957 Salvator,
3053 896 3151 966 qui
3193 906 3244 953 te
3266 908 3373 952 tam
3405 898 3700 971 benignum

2131 979 2474 1035 exacerbavi.

2211 1069 2516 1125 Belluinam
2573 1073 2935 1142 cupiditatum
2975 1077 3139 1131 vitam
3175 1076 3505 1148 desideravi,
3559 1091 3615 1139 et
3672 1101 3703 1140 a

2133 1159 2406 1217 mandatis
2435 1161 2548 1218 tuis
2585 1161 2857 1234 elongavi,
2895 1164 3145 1223 Salvator
3167 1171 3390 1240 optime,
3427 1175 3705 1232 extraneis

2131 1258 2186 1305 et
2227 1250 2458 1324 impuris
2502 1254 2750 1311 serviens
2784 1257 3034 1326 civibus;
3087 1276 3235 1318 nunc
3264 1277 3396 1320 vero
3426 1274 3702 1323 reverten-

2132 1345 2241 1394 tem
2280 1355 2368 1397 me
2393 1342 2634 1414 suscipe.
2665 1343 3000 1404 misericors.

2206 1427 2362 1486 Sicut
2392 1431 2522 1487 olim
2565 1433 2851 1490 diiilculter
2878 1438 3151 1511 loquentis
3193 1453 3356 1498 aures
3399 1444 3702 1516 aperuisti,

2129 1509 2296 1574 aures
2333 1520 2530 1577 animae
2561 1537 2698 1579 meae
2734 1509 3019 1597 proposito
3041 1509 3502 1592 obsurdescentes
3526 1537 3698 1608 aperi,

2131 1616 2186 1666 et
2215 1609 2441 1683 dignare
2472 1629 2578 1680 me,
2619 1613 2774 1682 Jesu,
2823 1619 2975 1676 solus
3021 1620 3313 1694 benignus,
3363 1637 3517 1682 tuum
3551 1627 3702 1683 salu-

2131 1709 2250 1758 tare
2291 1703 2516 1759 verbum
2555 1707 2768 1766 audire.

527 1805 599 1863 Ἦ
625 1789 896 1884 σωτήριος
913 1810 1076 1883 πύλη,
1095 1812 1130 1886 ἡ
1157 1811 1292 1885 πρὸς
1315 1812 1449 1867 Θεδν
1471 1813 1705 1886 γέφυρα,
1719 1813 1829 1869 τῶν
1851 1816 2028 1890 ἁμαρ-

2200 1791 2376 1849 Janua
2411 1795 2624 1865 salutis,
2681 1796 2803 1855 fons
2851 1800 2919 1857 ad
2959 1801 3152 1872 Deum,
3197 1815 3549 1876 peccatorum
3601 1825 3704 1884 pa-

451 1897 687 1972 τωλῶνή
704 1897 1279 1971 προστᾶτις,’πάναγνε
1297 1901 1587 1970 Δέσποινα,
1601 1920 1668 1956 πε
1676 1901 1928 1975 ριστατού
1937 1895 2028 1977 με·

450 2006 545 2044 νον
568 1992 689 2054 ταῖς
711 1993 1018 2064 συμφοραῖς
1044 2009 1112 2064 με
1138 1993 1234 2047 τοῦ
1261 1993 1403 2065 βίου,
1432 1996 1525 2049 καὶ
1547 1993 2027 2070 κλυδωνιζόμενον,

447 2073 627 2155 Κόρη,
662 2081 1017 2155 κυδέρνησον.

855 2171 1319 2243 Ἐπταπλασίως
1355 2175 1633 2246 κάμινον.
2005 2251 2008 2255 Δ

519 2263 612 2333 Τῷ
636 2263 918 2336 ἀκοιμήτῳ
942 2264 1152 2336 ὄμματι
1196 2265 1500 2337 ἐπιϐλέψας
1531 2285 1600 2339 με
1627 2267 1920 2342 οἷκτειρον,
1953 2267 2032 2342 τῷ

446 2356 549 2426 τῆς
578 2355 848 2428 ῥᾳθυμίας
866 2354 1164 2428 νυσταγμῷ
1193 2356 1568 2430 κρατούμενον
1597 2362 1694 2415 καὶ
1729 2362 1883 2434 ὕπνῳ
1907 2362 2030 2418 δου-

447 2447 672 2504 λεύοντα
706 2449 813 2502 τῶν
843 2449 1046 2520 ἡδονῶν
1075 2450 1132 2504 έν
1158 2449 1316 2522 κλίνῃ
1350 2451 1543 2506 παθῶν
1565 2494 1580 2518 ,
1611 2455 1639 2508 ὁ
1668 2454 1760 2508 ἐπὶ
1792 2455 2029 2526 σταυροῦ

446 2539 546 2611 τὴν
575 2540 814 2612 κεφαλήν
844 2556 939 2594 σου
975 2540 1338 2614 προσκλίνας,
1369 2543 1463 2598 καὶ
1495 2541 1665 2598 θέλων
1697 2545 2031 2614 ἀφυπνὼσας

446 2632 540 2685 καὶ
567 2631 662 2703 τὴν
700 2631 870 2686 νύκτα
901 2630 1140 2706 μειώσας
1162 2672 1177 2698 ,
1206 2633 1431 2706 Χριστὲ,
1462 2634 1566 2706 τῆς
1599 2635 1876 2711 ἁμαρτίας
1914 2635 2031 2712 φῶς

432 2719 520 2777 ¹ὣν
557 2724 922 2798 δικαιοσύνης.

519 2809 900 2880 Πλουτοποιοῗς
930 2815 1234 2888 χαρίσμασι
1279 2815 1601 2891 κοσμισθεὶς
1629 2818 1695 2878 ὲκ
1725 2813 2032 2897 βαπτίσμα-

445 2921 557 2970 τος,
595 2906 794 2976 μᾶλλον
838 2907 938 2981 τὴν
985 2910 1178 2965 πενίαν
1221 2909 1328 2966 τῶν
1379 2909 1562 2968 καλῶν
1601 2914 1900 2987 ἠγάπησα·
1935 2916 2030 2972 καὶ

449 2992 594 3061 ξένος
636 2997 946 3072 γεγένημαι
989 3001 1099 3056 τῶν
1129 3002 1340 3075 ἀρετῶν
1374 3003 1414 3058 δ’
1430 3005 1597 3072 τάλας
1643 3003 1794 3076 ὲγὼο
1844 3008 2029 3084 χώραν

447 3088 526 3153 είς
555 3092 774 3163 μακρὰν
803 3092 1165 3166 ἀποδημήσας
1195 3097 1430 3164 κακίας·
1466 3099 1547 3154 διό
1591 3117 1659 3172 με
1695 3101 2028 3189 ἐπιστρέψας
2057 3141 2100 3204 c

449 3183 822 3264 ἔναγκάλισαι,
860 3186 1081 3259 Σῶτερ,
1135 3187 1214 3260 τῷ
1258 3188 1336 3262 σῷ
1386 3193 1606 3266 σταυρῷ
1655 3193 1900 3266 τειχίσας
1949 3185 2030 3262 είς

450 3271 656 3341 πάντας
682 3277 808 3342 τοῦς
843 3277 1067 3344 αἰῶνας.

517 3362 705 3437 Μέθην
731 3367 918 3422 παθῶν
957 3368 1290 3442 ἀπόρριψον,
1321 3371 1417 3425 καὶ
1444 3373 1696 3446 δακρύων
1728 3374 2031 3448 ὲκςήτησον

447 3457 540 3512 τὸν
589 3458 937 3532 καθαρτικὸν,
968 3462 1056 3517 διὰ
1107 3463 1360 3535 νηστείας
1405 3459 1568 3533 οἶνον,
1599 3468 1768 3542 ψυχὴ,
1801 3470 2030 3541 καρδίαν

450 3550 832 3628 εὐφραίνοντα,
862 3552 959 3608 καὶ
1003 3547 1210 3625 ἡδονὰς
1247 3557 1607 3630 μαραίνοντα,
1640 3559 1734 3613 καὶ
1786 3559 1884 3625 τὰς
1930 3564 2030 3633 τῆς

451 3642 654 3714 σαρκὸς
705 3644 1120 3722 ἀποτεφρόῢντα
1170 3650 1467 3722 καμίνους·
1521 3651 1618 3706 καὶ
1667 3651 1904 3707 σπεῦσον
1950 3652 2029 3724 τῷ

445 3731 680 3802 παγέντι
703 3735 790 3790 διὰ
814 3736 874 3789 σὲ
907 3738 1003 3792 ἐπὶ
1035 3737 1190 3804 ξύλου
1215 3739 1434 3812 Χριστῷ
1461 3742 1912 3814 συσταυρωθῆναι
1934 3741 2028 3796 καὶ

450 3821 614 3894 ζῆσαι
649 3827 728 3889 είς
757 3826 980 3892 αίῶνας.
1167 3850 1172 3855 ·

521 3917 891 3992 Θεογεννῆτορ
911 3920 1172 3989 πάναγνε,
1185 3921 1284 3992 τῆς
1305 3921 1482 3994 ψυχῆς
1502 3941 1602 3994 μου
1622 3922 1692 3977 τὰ
1706 3923 2023 3997 τραύματα,

447 4009 675 4080 καὶ-τῆς
707 4012 981 4084 ἁμαρτίας
1026 4015 1123 4077 τὰς
1155 4015 1314 4079 οὐλὰς
1346 4016 1627 4088 ἐξάλειψον
1657 4020 1860 4089 πηγαῖς
1887 4018 2025 4073 ἀπο-

451 4101 738 4170 σμήχουσα
774 4104 896 4165 ταῖς
943 4105 1007 4156 ὲκ
1052 4105 1292 4178 πλευρᾶς
1323 4107 1415 4161 τοῦ
1444 4109 1606 4165 τόκου
1637 4127 1753 4175 σου,
1787 4110 1882 4164 καὶ
1912 4111 2026 4174 τοῖς

448 4187 511 4254 te
529 4189 704 4259 αὐτῆς
735 4192 1183 4267 ἀποκαθαίρουσα
1209 4196 1445 4270 ῥείθροις
1465 4215 1478 4229 ·
1509 4199 1648 4272 πρὸς
1681 4201 1739 4254 σὲ
1758 4199 1867 4272 γὰρ
1892 4201 2025 4255 ἀνα-

447 4280 661 4350 κνράζω,
691 4282 786 4336 καὶ
820 4283 956 4352 πρὸς
986 4287 1045 4338 σὲ
1075 4283 1422 4360 καταφεύγω,
1445 4291 1542 4346 καὶ
1568 4292 1627 4346 σὲ
1655 4293 2024 4366 δπικαλοῢμαι

448 4375 550 4445 τὴν
577 4377 1040 4449 κεχαριτωμένην.

755 4465 999 4538 Ὲξέστη
1036 4471 1134 4526 ἐπί
1173 4473 1350 4530 τοῦτο
1387 4477 1421 4530 ό
1457 4471 1732 4547 οὐρανός.

530 4556 704 4628 ὐρῶν
729 4576 786 4611 σε
815 4560 1135 4632 ἠπλωμένον
1155 4559 1245 4618 ἐπὶ
1268 4566 1500 4638 σταυροῦ
1522 4569 1618 4634 τὰς
1643 4569 1870 4634 ἀκτῖνας
1895 4587 2014 4627 συν-

447 4647 688 4703 έστειλεν
714 4649 886 4719 ἥλιος,
917 4653 1068 4707 πᾶσα
1094 4654 1151 4707 δὲ
1167 4655 1240 4728 γῆ
1255 4656 1443 4730 τρόμῳ
1475 4653 1762 4730 ἐκλονήθη,
1792 4661 2024 4731 παμϐα-

448 4740 619 4806 σιλεῦ,
651 4742 972 4809 ἐθελουσίως
1003 4743 1276 4816 βλέπουσα
1327 4749 1604 4820 πάσχοντα
1647 4751 1736 4805 τὸν
1777 4750 1938 4819 φύσει
1961 4769 2023 4804 σε

446 4829 628 4902 ἀπαθῆ
653 4851 666 4864 ο
700 4833 780 4888 διό
831 4853 890 4888 σε
936 4833 1164 4892 ἱκετεύω
1190 4824 1436 4913 τὰπάθη
1471 4841 1568 4912 τῆς
1598 4835 1776 4913 ψυχῆς
1812 4859 1914 4911 μου
1947 4841 2023 4907 ὡς

447 4921 651 4998 ἱατρὸς,
676 4919 897 5000 Χρίστέ,
930 4923 1288 5003 θεράπευσον.

479 5017 488 5020 ’
531 5014 714 5082 Ὁδοὺς
745 5015 1108 5092 σωτὴριῶδεις
1141 5023 1478 5091 καταλιπὼν,
1515 5018 1610 5090 τὰς
1654 5027 1734 5092 εἰς
1763 5015 1895 5098 ᾅδην
1923 5043 2023 5096 φε-

445 5107 646 5180 ρούσας
673 5108 933 5168 διώδευσα
979 5118 1169 5182 σκότος
1204 5118 1376 5173 δεινὸν
1404 5119 1542 5190 ἔχων
1579 5119 1894 5191 περικύκλῳ
1922 5121 2020 5184 τὰς

443 5200 658 5269 ἡδονὰς,
678 5203 900 5260 καὶτῶν
920 5207 1110 5263 παθῶν
1122 5209 1216 5263 τὸν
1233 5209 1468 5276 δλισθον,
1487 5213 1579 5267 καὶ
1601 5214 1703 5284 τὴν
1723 5213 2016 5280 καταιγίδα

441 5290 549 5346 τῶν
593 5291 872 5365 λογισμῶν
891 5311 904 5327 ⁸
935 5297 1018 5351 διό
1046 5313 1105 5353 σε
1134 5299 1383 5370 ἱκετεύω,
1424 5301 1505 5375 τῷ
1550 5302 1628 5376 σῷ
1680 5300 1899 5377 σταυρῷ
1947 5319 2015 5375 με

442 5381 638 5450 σῶσον,
669 5383 896 5456 Χριστδ,
929 5386 1005 5452 ὡς
1039 5391 1202 5461 μόνος
1239 5391 1547 5458 πολυέλιος.

509 5558 757 5630 Χειμῶνι
789 5557 1146 5635 συνεχόμενος
1174 5566 1450 5639 λογισμῶν
1483 5569 1576 5624 καὶ
1607 5569 1800 5626 παθῶν
1823 5587 2016 5640 τρικυ-

443 5665 592 5718 μιαις
622 5653 1022 5726 Minimas,
1067 5660 1164 5713 καὶ
1197 5662 1402 5732 ἡδονῶν
1435 5663 1582 5734 σάλῳ
1626 5661 2020 5735 χειμαζόμενος

441 5743 717 5813 Χαλεπῶς,
749 5747 819 5802 es
841 5749 941 5821 τῆς
967 5753 1221 5823 νηστείας
1254 5756 1491 5827 πέλαγος
1521 5758 1728 5826 ἔφθασα
1757 5755 1819 5810 τὺ
1845 5757 2019 5828 πρᾶον

2133 1891 2316 1951 nona,
2358 1885 2670 1942 castissima
2705 1887 2965 1958 'Domina,
3001 1907 3090 1952 me
3127 1896 3535 1960 calamitatibus
3581 1903 3706 1959 vitae

2131 1973 2566 2039 circumventum
2637 1988 2693 2036 et
2765 1980 3022 2044 ﬂuctibus
3093 1989 3358 2061 agitatum
3426 1996 3702 2064 guberna,

2133 2062 2322 2136 Virgo.

2622 2164 2870 2236 Septimio
2926 2168 3218 2238 for-auem.

2219 2251 2476 2325 Vigilanti
2509 2258 2671 2314 oculo
2701 2275 2788 2316 me
2818 2261 3138 2333 inspiciens,
3186 2266 3450 2326 miserare
3477 2285 3565 2328 me
3604 2271 3705 2329 de-

2131 2341 2321 2399 siderii
2373 2359 2571 2432 sapore
2619 2351 2824 2405 victum
2881 2360 2936 2408 et
2984 2369 3181 2412 somno
3232 2360 3566 2432 voluptatum
3615 2379 3708 2421 ce-

2129 2431 2350 2490 dentem
2391 2425 2446 2492 in
2478 2439 2840 2510 cupiditatum
2867 2443 3060 2510 cubili,
3103 2440 3199 2518 qui
3253 2449 3307 2504 in
3338 2425 3502 2509 c‘ruce
3539 2466 3705 2526 caput

2133 2533 2286 2581 tuum
2319 2528 2600 2586 reciinasti
2630 2540 2684 2588 et
2729 2543 2924 2603 sponte
2959 2535 3322 2598 obdormuisti
3377 2555 3706 2621 noctemque

2131 2621 2341 2690 peccati
2380 2622 2652 2692 minuisti,
2681 2624 2918 2698 Christe,
2950 2629 3133 2688 iumen
3168 2633 3418 2704 justitiae.

2203 2792 2476 2852 Divitibus
2500 2797 2689 2870 gratiis
2726 2811 3024 2860 exornatus
3054 2819 3120 2861 ex
3149 2805 3499 2878 baptismate,
3535 2814 3705 2884 magis

2133 2896 2507 2957 paupertatem
2539 2905 2704 2961 quam
2729 2891 2868 2949 bona
2895 2894 3082 2963 dilexi,
3111 2897 3486 2973 virtutumque
3518 2911 3704 2958 extra-

2128 2991 2272 3035 neus
2297 2977 2477 3038 iactus
2510 2991 2632 3038 sum
2665 2983 2851 3040 infelix
2884 3001 3006 3058 ego,
3044 2989 3098 3043 in
3149 2988 3502 3064 longinquam
3551 2997 3708 3050 mali-

2131 3071 2225 3126 tiae
2277 3073 2551 3144 regionem
2585 3076 2813 3144 abiens;
2886 3087 3176 3152 propterea
3233 3093 3492 3141 converte
3530 3101 3616 3144 me
3648 3096 3706 3144 et

2133 3165 2280 3222 ulnis
2323 3167 2683 3238 amplectere,
2729 3169 3000 3240 Salvator,
3056 3187 3224 3232 cruce
3275 3185 3367 3232 tua
3425 3192 3514 3235 me
3579 3196 3700 3236 mu-

2127 3254 2289 3312 niens
2319 3255 2376 3311 in
2409 3260 2593 3314 omnia
2631 3260 2854 3316 saecula.

2213 3344 2590 3418 Cupiditatum
2633 3352 2955 3409 ebrietatem
3015 3353 3213 3425 abiice,
3263 3365 3318 3412 et
3368 3357 3578 3430 jejunio
3609 3379 3705 3420 ex-

2131 3439 2306 3509 quire,
2338 3443 2539 3508 anima,
2563 3441 2928 3516 lacrymarum
2975 3446 3505 3517 puriﬁcansvinum
3555 3452 3705 3525 quod

2132 3530 2371 3586 lmliﬁcat
2405 3527 2855 3606 cor,volupta‘tes
2883 3538 3236 3610 languescere
3269 3541 3400 3597 facit
3440 3555 3495 3598 et
3519 3548 3705 3604 carnis

2129 3621 2384 3679 fornaces
2401 3625 2455 3679 'rn
2482 3625 2722 3681 cinerem
2748 3629 2934 3696 vertit,
2970 3629 3165 3686 festina
3193 3632 3422 3703 insuper
3446 3635 3552 3690 lixo
3577 3651 3706 3708 pro-

2129 3721 2254 3784 pter
2277 3721 2332 3770 te
2359 3729 2524 3786 super
2549 3717 2775 3788 lignum
2806 3719 3025 3777 Christo
3059 3725 3305 3796 cruciﬂgi
3363 3735 3418 3783 et
3450 3727 3505 3783 in
3540 3739 3703 3784 aeter-

2131 3821 2260 3860 num
2285 3806 2487 3864 vivere.

2202 3901 2299 3958 Dei
2333 3901 2581 3958 Genitrix
2627 3902 2949 3972 purissima,
2991 3904 3188 3961 animae
3220 3925 3350 3964 mea:
3384 3908 3608 3990 vulnera
3644 3925 3703 3971 et

2129 3995 2341 4069 peccati
2375 3997 2662 4052 cicatrices
2714 3999 2969 4064 oblitera,
3015 3997 3259 4057 fontibus
3290 4003 3605 4076 abstergens
3634 4022 3701 4062 ex

2128 4090 2299 4146 latere
2332 4089 2542 4144 fruetus
2578 4090 2655 4144 tui
2705 4091 3058 4146 manantibus
3099 4099 3154 4148 et
3201 4095 3506 4152 emundans
3549 4097 3703 4168 ejus-

2127 4180 2248 4236 dem
2280 4180 2536 4248 tluentis;
2578 4181 2642 4236 ad
2680 4191 2733 4237 te
2755 4181 2899 4236 enim
2929 4183 3198 4252 exclamo,
3249 4186 3316 4241 ad
3365 4193 3416 4243 te
3452 4189 3702 4266 perfugio

2127 4277 2292 4341 teque
2321 4271 2516 4326 invoco
2549 4267 2721 4341 gratia
2759 4271 2997 4341 plenam.

2529 4465 2815 4536 Obstupuit
2833 4467 3017 4523 caelum
3050 4479 3204 4540 super
3233 4469 3350 4528 hoc.

2199 4553 2407 4616 Videns
2435 4553 2492 4615 te
2541 4560 2595 4614 in
2623 4575 2792 4616 cruce
2847 4571 3159 4630 extensum,
3195 4562 3382 4620 radios
3429 4564 3706 4624 subtraxit

2128 4653 2239 4720 sol,
2293 4652 2480 4708 omnis
2528 4665 2663 4707 vero
2710 4659 2862 4706 terra
2935 4660 3176 4712 tremore
3225 4657 3558 4711 conturbata
3590 4666 3699 4723 est,

2127 4745 2240 4800 Rex
2300 4745 2570 4810 omnium,
2613 4759 2848 4799 cernens
2912 4745 2962 4799 te
3007 4738 3204 4816 sponte
3247 4748 3568 4816 patientem,
3606 4749 3701 4817 qui

2129 4839 2331 4892 natura
2365 4833 2728 4905 impassibilis
2758 4849 2818 4889 es
2857 4852 2872 4900 ;
2922 4850 3092 4905 quare
3153 4851 3320 4890 exoro
3355 4845 3428 4902 te,
3476 4837 3700 4896 morbos

2127 4921 2327 4983 animas
2362 4942 2495 4981 meae
2533 4940 2667 4980 sana
2695 4925 2957 4996 tanquam
2993 4915 3261 4992 medicis,
3290 4925 3532 4982 Christe.

2200 5016 2332 5072 Vias
2381 5014 2700 5072 salutiferas
2771 5015 3178 5085 derelinquens,
3223 5033 3426 5086 easque
3479 5025 3704 5073 secutus

2127 5123 2252 5180 quae
2284 5109 2338 5163 in
2396 5107 2675 5162 infernum
2708 5108 2946 5174 ducunt,
2972 5108 3248 5163 terribiles
3275 5107 3505 5165 transivi
3545 5119 3704 5166 tene-

2128 5203 2278 5267 bras,
2315 5198 2741 5255 eireumh‘abens
2779 5198 3086 5268 voluptates
3109 5207 3165 5256 et
3220 5199 3586 5272 cupiditatum
3619 5202 3702 5257 ia-

2129 5303 2264 5364 psus
2290 5298 2347 5348 et
2401 5289 2804 5361 cogitationum
2853 5289 3164 5360 procellas;
3210 5305 3384 5363 quare
3415 5305 3587 5348 exoro
3626 5301 3700 5362 te,

2129 5398 2300 5440 cruce
2323 5391 2414 5438 tua
2440 5381 2590 5438 salva
2621 5393 2730 5447 me,
2763 5378 3006 5450 Christe,
3033 5381 3127 5453 qui
3165 5383 3338 5438 solus
3388 5397 3448 5440 es
3491 5382 3704 5442 inﬁnite

2129 5476 2472 5533 misericors.

2197 5563 2550 5637 Tempestate
2572 5563 2975 5637 cogitationum
3021 5563 3358 5622 constrictus
3392 5571 3448 5621 et
3487 5555 3704 5638 cupidi-

2128 5666 2298 5714 tatum
2322 5655 2578 5712 ﬂuctibus
2607 5668 2825 5714 mersus
2853 5657 3020 5729 atque
3042 5657 3386 5729 voluptatum
3415 5658 3712 5718 turbinosa
3738 5697 3741 5700 -

2131 5751 2428 5822 agitatione
2485 5746 2722 5822 graviter
2771 5748 3044 5821 iactatus,
3097 5747 3161 5803 ad
3227 5741 3422 5838 iejnni'i'
3455 5752 3710 5827 pelagus,
