3988 6202
452 314 599 378 388ῦ

1751 309 1756 314 ’
1813 351 1818 354 -
1907 313 2319 375 TRIODIUM.

3601 294 3758 374 ’3890

537 420 766 492 Ὁρῶσά
802 439 862 475 σε
900 425 1216 496 ἠρτημένον
1256 428 1476 499 σταυρῷ
1504 429 1538 498 ἡ
1572 427 1906 496 πανάμωμος
1936 423 2028 493 illi

2247 419 2450 475 Videns
2518 427 2572 474 te
2623 430 2956 489 suspensum
3018 415 3166 473 cruci
3249 416 3755 485 irreprehensibilis

444 511 586 576 λαζε
604 513 935 584 τετρωμένη
958 515 1027 567 τὰ
1049 516 1352 586 σπλάγχνα,
1371 520 1464 571 καὶ
1481 516 1629 585 ἔλεγε
1649 516 1734 570 διὰ
1755 515 2057 583 σπλάγχναο

2164 512 2334 581 Virgo
2355 510 2616 581 ejulabat.
2645 510 2954 574 visceribus
2979 509 3244 575 sauciata,
3277 518 3329 564 et
3351 510 3571 565 dicebat
3604 527 3618 563 :
3647 511 3751 567 Per

437 592 653 675 Κύριε,
677 605 792 660 σῶν
824 606 1136 677 οἰκτιρμῶν
1163 609 1355 662 παθεῖν
1379 609 1630 680 ἠνέσχου,
1648 609 1781 662 πᾶσι
1806 605 2028 677 παρέχω

2161 603 2373 656 viscera
2432 601 2828 657 misericordiae
2867 609 2996 667 tua,
3034 601 3281 668 Domine,
3307 599 3374 657 ad
3423 601 3749 672 patiendum

449 694 763 753 ἀπάθειαν.

652 869 974 939 Θαύματος
1013 873 1362 941 ὑπερφυοῦς
1399 875 1438 941 ἠ
1477 873 1862 942 δροσοϐόλος.

526 960 866 1030 Ἥμσλυνας
895 960 994 1014 τοῦ
1027 963 1290 1034 πονηροῦ,
1323 963 1528 1033 Σῶτερ,
1559 963 1626 1016 τὰ
1660 963 1886 1034 κέντρα,
1925 964 2056 1017 καθ-

445 1051 762 1122 ηλούμενος
792 1053 963 1122 ἥλοις,
991 1054 1049 1107 ὲν
1083 1053 1226 1122 ξύλῳ
1262 1053 1517 1107 ἀκανθῶν
1546 1053 1781 1125 διάδημα
1809 1055 2056 1125 ἀνεδὴσω

445 1142 858 1213 χλευαστικῶς,
879 1142 1117 1214 ἐκριζῶν
1136 1143 1233 1212 τῆς
1258 1144 1624 1214 παραϐάσεως
1652 1145 1751 1213 τὴν
1773 1145 2016 1198 ἄκανθαν
2033 1162 2049 1178 ο

445 1233 533 1286 διὸ
569 1225 950 1302 ἁνύμνοῢντες
985 1232 1375 1303 ἀναμέλπομεν
1396 1251 1410 1266 ·
1443 1233 1745 1303 Εὑλογείτω
1794 1235 1827 1306 ἡ
1877 1235 2052 1300 κτίσις

448 1323 611 1376 πᾶσα
648 1322 744 1376 τὸν
773 1323 1010 1394 Κύριον.

522 1415 837 1477 Ἥπλωσας
865 1414 960 1468 ἐπὶ
995 1416 1253 1487 σταυροῦ,
1284 1415 1506 1488 Χριστὲ,
1543 1418 1833 1488 παλάμας,
1869 1421 1930 1472 τδ
1955 1419 2049 1472 ἀν-

447 1506 731 1578 θρώπινον
762 1505 1113 1576 ὲπισυνάγων
1145 1507 1282 1577 πρὸς
1322 1507 1420 1578 τὴν
1455 1509 1554 1579 σὴν
1583 1510 1880 1578 ἐπίγνωσιν
1902 1527 1916 1541 ·
1955 1511 2048 1564 καὶ

443 1597 624 1667 λόγχῃ
654 1597 760 1666 τὴν
792 1595 893 1666 σὴν
931 1595 1176 1664 πλευρὰν
1208 1595 1538 1667 κεντηθῆναι
1569 1597 1860 1662 κατεδέξω,
1909 1599 2046 1654 ἀνα-

443 1683 658 1750 σλύσας
711 1687 850 1756 ἡμῖν
902 1687 1090 1755 πηγὴν
1143 1687 1424 1758 φωτισμοῦ
1457 1692 1566 1751 τοῖς
1594 1689 2040 1760 ἀναμέλπουσινο

441 1776 764 1846 Εὐλογείτω
790 1778 824 1846 ή
862 1777 1040 1840 κτίσις
1069 1779 1240 1830 πᾶσα.

525 1869 802 1940 Ῥείθροις
825 1868 1234 1940 εὐσπλαγχνίας
1266 1888 1382 1937 σου,
1416 1875 1719 1945 οἰκτίρμον,
1753 1876 2036 1932 ἀποκάθα-

443 1962 542 2031 ρὸν
575 1978 679 2031 μου
702 1960 804 2029 τὴν
827 1959 1059 2030 καρδίαν
1089 1960 1364 2034 ἁμαρτίας
1386 1965 1625 2036 δήγματι
1652 1967 2032 2022 σπιλωθεῖσαν·

442 2052 542 2106 καὶ
593 2050 884 2120 ποταμοὺς
933 2051 1280 2118 κατανύξεως
1337 2056 1602 2124 πηγάςειν
1661 2075 1728 2128 με
1780 2059 2035 2127 ἀξίωσον,

441 2141 653 2213 Χριστὲ
670 2140 868 2213 Ἰησοῦ,
890 2140 980 2196 τνα
1002 2142 1299 2212 κρανγάζω
1327 2160 1409 2198 σοι
1430 2159 1444 2173 '
1474 2145 1778 2217 Εὑλογείτω
1799 2150 1834 2221 ἡ
1858 2149 2036 2215 κτίσις

438 2237 618 2289 πᾶσα.

510 2329 766 2397 Στάμνον
803 2342 863 2379 σε
911 2325 972 2379 τὸ
1023 2325 1199 2396 μάννα
1244 2327 1591 2400 κεκτημένην
1638 2331 1736 2402 τῆς
1785 2332 2038 2404 θεότητος

434 2419 714 2491 ἔγνωμεν,
749 2418 926 2489 Κόρη,
962 2417 1195 2472 κιϐωτὸν
1238 2419 1333 2472 καὶ
1361 2420 1641 2490 τράπεζαν
1670 2422 1765 2476 καὶ
1790 2423 2031 2496 λυχνίαν,

435 2509 634 2581 θρόνον
662 2505 801 2562 Θεοῦ
849 2507 946 2561 καὶ
987 2506 1250 2562 παλάτιον
1295 2509 1388 2562 καὶ
1420 2509 1664 2580 γέφυραν
1694 2514 2035 2584 μετάγουσαν

435 2601 582 2672 πρὸς
611 2599 766 2654 θείαν
799 2599 947 2668 ζωὴν
977 2597 1395 2670 ἀναμέλποντας
1416 2616 1432 2632 ο
1459 2601 1766 2671 Εὐλογείτω
1791 2605 1824 2676 ἡ
1855 2605 2035 2672 κτίσις

431 2693 616 2747 πᾶσα.

445 2792 448 2795 ·
719 2782 918 2846 τύπος
955 2779 1068 2850 τῆς
1105 2779 1299 2850 ἁγνῆς
1335 2781 1581 2849 λοχείας
1616 2798 1756 2838 σου.

453 2897 456 2900 «
506 2868 670 2926 Εἷδεν
705 2871 892 2924 Ἠλίου
923 2871 1017 2924 τὸν
1044 2871 1252 2941 Κύριον
1297 2873 1354 2925 ὲν
1404 2873 1702 2952 λεπτοτάτῃ
1754 2876 1898 2950 αὔρᾳ
1939 2879 2030 2933 λε..

432 2964 649 3028 πτύνας
699 2963 969 3033 πρότερον
1019 2963 1196 3033 σάρκα
1256 2964 1519 3034 νηστειῶν
1568 2967 1661 3020 καὶ
1711 2973 2031 3044 προσευχῶν

2161 690 2460 747 obstrictus
2541 692 2716 759 fuisti,
2781 694 3041 750 omnibus
3099 693 3338 763 largiens
3387 693 3748 765 impassibili-

2091 789 2109 809 ‘
2161 790 2348 836 tatem.

2518 872 2790 928 Μετοίκια
2815 876 3038 948 insignis
3081 892 3202 931 rore
3225 876 3461 947 perfusa.

2227 961 2526 1030 Obtudisti,
2561 963 2837 1029 Salvator,
2873 967 3098 1037 maligni
3133 969 3388 1024 stimulos
3433 967 3606 1024 clavis
3640 972 3756 1023 de-

2156 1052 2298 1108 ﬁxus
2330 1053 2386 1108 in
2417 1054 2586 1122 ligno,
2618 1055 2904 1124 spinarum
2931 1056 3240 1114 diademate
3270 1059 3560 1115 redimitus
3577 1075 3636 1115 es
3669 1060 3744 1114 ir-

2155 1145 2370 1211 risorie,
2398 1147 2861 1214 transgressionis
2915 1148 3204 1206 eradicans
3260 1152 3520 1219 spinam;
3576 1167 3747 1223 quare

2154 1231 2372 1303 hymnis
2401 1235 2744 1292 celebrantes
2792 1239 3152 1294 decanta‘mus
3182 1253 3202 1293 :
3242 1239 3536 1296 Benedicat
3566 1244 3747 1298 omnis

2154 1335 2409 1380 creatura
2438 1326 2751 1386 Dominum.

2221 1416 2537 1486 Expandisti
2566 1420 2620 1473 in
2663 1436 2826 1477 cruce
2862 1424 3092 1493 palmas,
3128 1426 3375 1496 Christe,
3440 1429 3742 1484 humanum

2152 1519 2330 1576 genus
2363 1507 2430 1561 ad
2491 1516 2640 1564 tuam
2693 1514 3068 1582 cognitionem
3108 1517 3414 1583 adducens,
3450 1529 3504 1574 et
3555 1520 3742 1574 lancea

2151 1594 2292 1649 latus
2319 1602 2471 1648 tuum
2506 1599 2674 1668 pungi
2727 1615 2926 1669 passus
2949 1617 3029 1666 es,
3071 1603 3359 1662 eﬂ‘undens
3410 1608 3572 1664 nobis
3621 1608 3742 1662 fun-

2149 1691 2258 1739 tem
2336 1686 2832 1746 illuminationibus
2899 1691 3381 1751 decantantibus:
3446 1698 3739 1754 Bcnedirat

2070 1752 2114 1810 Β
2142 1772 2322 1829 omnis
2354 1783 2636 1832 creatura.

2210 1863 2456 1923 Fluentis
2476 1868 2850 1925 miserationis
2881 1878 2988 1926 tit-.e
3008 1872 3597 1940 miscricors,cmunda
3641 1892 3736 1931 cur

2139 1969 2317 2013 meum
2354 1959 2560 2030 peccati
2594 1975 2778 2016 morsu
2809 1965 3143 2018 maculatum
3171 1981 3185 2030 ;
3209 1976 3271 2021 et
3308 1966 3531 2023 ﬂumina
3584 1985 3738 2024 com-

2139 2049 2457 2116 punctionis
2487 2051 2770 2110 effundere
2821 2067 2908 2109 me
2957 2053 3209 2128 dignare,
3239 2055 3458 2116 Christe
3481 2058 3633 2129 Jesu,
3676 2069 3735 2115 ut

2137 2140 2368 2197 clamem
2400 2143 2469 2198 ad
2499 2151 2593 2201 te:
2633 2144 2933 2204 Benedicat
2969 2149 3152 2207 omnis
3191 2161 3470 2209 creatura.

2210 2327 2288 2386 Te
2318 2347 2512 2386 urnam
2548 2333 2771 2391 deitatis
2837 2352 3037 2393 manna
3089 2341 3462 2410 possidentem
3501 2351 3726 2416 agnati.

2136 2436 2283 2486 mus,
2338 2419 2529 2493 Virgo,
2586 2439 2770 2480 arcam
2819 2435 2876 2483 et
2930 2445 3174 2485 mensam
3213 2435 3718 2501 etcandclabrnm,

2138 2511 2394 2567 thronum
2422 2513 2516 2570 Dei
2546 2522 2600 2570 et
2631 2518 2891 2587 palatium
2921 2528 2977 2575 et
3008 2519 3213 2577 fontem
3233 2523 3592 2581 deducentem
3645 2527 3712 2583 ad

2136 2602 2300 2658 vitam
2364 2605 2604 2663 divinam
2683 2609 3042 2671 decantantes
3101 2632 3116 2670 ι
3171 2615 3467 2673 Benedicat
3528 2621 3713 2676 omnis

2137 2705 2408 2752 creatura.

2597 2792 2771 2864 Typus
2803 2796 2938 2849 casti
2979 2805 3166 2866 partus
3198 2799 3293 2854 tui.

2211 2875 2359 2934 Vidit
2388 2879 2521 2938 Elite
2558 2883 2869 2956 discipulus
2943 2885 3234 2944 Dominum
3287 2892 3338 2945 in
3398 2895 3720 2949 tenuissima

2133 2982 2292 3034 aura,
2333 2981 2624 3044 postquam
2684 2978 2990 3031 attenuavit
3028 2993 3250 3034 carnem
3278 2980 3616 3052 jejuniornm
3667 2992 3722 3039 et

433 3054 746 3110 ἐπιδόσισιν
769 3067 784 3083 ’
819 3054 879 3107 ὃν
915 3053 1173 3124 ζηλοῦσα,
1223 3055 1367 3126 ψυχή
1395 3073 1520 3124 μου,
1568 3058 1876 3132 ἀπόρριψον
1919 3065 2028 3120 τῶν

2150 3061 2443 3117 nationum
2528 3064 2882 3122 incrementis
2929 3085 2943 3132 ;
2997 3084 3160 3138 quem
3214 3073 3458 3140 imitans,
3529 3077 3716 3134 anima

431 3147 644 3218 ἡδονῶν
667 3145 730 3200 τὺ
755 3145 947 3217 πάχος,
978 3147 1126 3210 ὅπως
1155 3146 1328 3219 Θεάσῃ
1353 3151 1444 3202 τὸν
1473 3151 1828 3224 ποθούμενον.

505 3328 665 3398 Ξύλῳ
689 3325 982 3397 ἀνυψὼσας
1012 3326 1277 3399 πρότερον
1306 3329 1334 3381 δ
1361 3331 1594 3403 Μωῦαῆς
1627 3334 1719 3387 τὸν
1742 3335 1886 3406 ὅφιν,
1916 3339 2030 3393 Σῶ-

431 3438 564 3492 τερ,
591 3419 792 3473 ὲτύπου
817 3435 912 3472 σου
943 3418 1040 3488 τὴν
1066 3419 1340 3489 ἁνύψωσιν
1366 3422 1464 3494 τὴν
1491 3426 1548 3478 ἐν
1581 3429 1820 3501 σταυρῷ,
1857 3432 2027 3504 ὑπερ-

433 3510 609 3580 άγαθε
629 3550 645 3573 ,
680 3507 888 3593 ίοϐόλου
917 3510 1112 3573 κακίας
1141 3509 1233 3563 τοῦ
1265 3512 1440 3582 δφεως
1470 3515 1535 3568 δι’
1565 3510 1626 3570 οὗ
1654 3517 2029 3593 ἀπελυτρὼσω

432 3597 710 3656 πάντατὰ
738 3598 867 3668 ἔθνη
900 3599 1314 3670 προσκυνοῦντά
1343 3623 1423 3659 σε.

505 3693 680 3763 Td.ch
726 3689 1006 3762 ῥᾳθυμίας
1048 3693 1297 3762 κείμενος
1322 3697 1691 3771 ἐπιϐαροῦντα
1728 3702 1836 3774 ἔχω
1876 3696 2022 3760 λίθον

434 3783 783 3856 πωρώσεως,
808 3783 901 3838 τὸν
949 3784 1177 3849 ἀείζωον
1222 3787 1297 3860 μὴ
1348 3791 1564 3858 συνιὼν,
1609 3793 1816 3864 Σῶτερ,
1861 3783 2020 3867 λόγον

434 3891 552 3940 σου,
584 3876 682 3929 καὶ
715 3873 812 3928 τοῦ
859 3875 1026 3944 φόϐου
1057 3891 1150 3930 σου
1185 3877 1262 3949 μὴ
1289 3880 1711 3954 αισθανόμενος·
1741 3887 2018 3962 οίκτείρη-

432 3967 526 4020 σόν
554 3983 655 4038 με,
689 3967 866 4021 σῶσον
891 3965 970 4036 τῷ
1002 3966 1080 4038 σῷ
1107 3967 1268 4036 ἐλέει,
1301 3972 1578 4031 πολυέλεε.

502 4143 733 4196 Πάντων
748 4141 1043 4212 ὕπερτὲρα,
1058 4146 1342 4214 Δέσποινα,
1361 4149 1458 4220 τῆς
1475 4151 1584 4204 τῶν
1603 4153 1792 4207 παθῶν
1812 4154 2014 4222 κακίας

426 4231 604 4295 δείξον
637 4229 969 4299 ὑπέρτερον,
997 4233 1086 4286 τὸν
1126 4236 1413 4303 δοξάζοντα
1443 4243 1722 4314 παναληθῆ
1753 4245 2014 4303 Θεοτόκον

430 4339 492 4376 σε
524 4321 621 4374 καὶ
650 4321 924 4391 ὑμνοῦντα
949 4323 1039 4374 τὸν
1067 4327 1225 4381 τόκον
1252 4347 1368 4397 σου,
1401 4333 1656 4405 ἄχραντε,
1687 4335 1777 4390 τὸν
1802 4339 2010 4393 ἀκατα-

427 4412 624 4486 ληψίᾳ,
657 4412 1041 4485 θεοχαρίτωτε,
1075 4421 1383 4491 νοούμενον.

541 4595 928 4664 Δροσοϐόλον
961 4597 1079 4666 μὲν
1114 4601 1228 4670 τὴν
1259 4605 1512 4674 κάμινον
1548 4608 1884 4679 εἰργάσατο.

510 4689 576 4740 Ἥ
608 4687 930 4758 ὕπέρφωτος
956 4689 1226 4761 ὁμήγυρις
1249 4694 1357 4748 τῶν
1388 4696 1546 4752 Οείων
1577 4717 1668 4752 σου
1693 4701 2007 4770 μαρτύρων,

427 4778 719 4841 πολυέλεε,
752 4781 811 4830 ὲν
842 4778 922 4849 τῷ
951 4780 1090 4847 φωτί
1123 4799 1218 4835 σου
1250 4784 1326 4855 τῷ
1358 4786 1536 4857 ἀδύτῳ
1563 4788 1656 4840 νῦν
1684 4791 1968 4860 περιπολεί
1994 4809 2006 4821 ο

423 4867 608 4922 αὐτῶν
632 4866 862 4930 ἱκεσίαις
895 4872 1175 4943 φωτισμὸν
1198 4876 1292 4929 καὶ
1315 4875 1542 4948 ἱλασμὸν
1565 4879 1854 4950 ἁμαρτιῶν
1875 4883 2010 4938 πᾶσι

425 4960 718 5031 παράσχου
744 4960 896 5030 ἡμῖν.

510 5053 600 5114 Ὠς
628 5050 832 5122 ὡραῖος
861 5053 888 5104 ὁ
917 5053 1108 5140 καιρὸς
1149 5055 1208 5109 ὃν
1247 5059 1379 5128 ἡμῖν
1411 5059 1647 5126 δέδωκας
1680 5067 1777 5135 τῆς
1806 5066 2009 5140 ἐγκρα-

423 5145 600 5209 τείας,
637 5142 830 5216 Κύριε,
857 5146 916 5198 ὲν
961 5139 1006 5214 ᾧ
1056 5148 1324 5222 οἷκτειρον
1377 5153 1477 5217 τὰς
1521 5153 1702 5225 ψυχὰς
1749 5139 2010 5230 ἠμῶνῶς

422 5235 652 5305 ἀγαθὸς,
672 5235 862 5305 εὐχαῖς
889 5237 999 5289 τῶν
1025 5238 1193 5307 ἁγίων
1219 5243 1470 5314 ἀθλητῶν
1497 5240 1607 5300 τῶν
1628 5248 1698 5302 τὰ
1719 5250 1895 5321 ὡραῖα
1918 5255 2012 5308 καὶ

425 5326 606 5381 σεπτὰ
634 5324 976 5398 περξάντων
999 5330 1146 5402 πάθη
1181 5349 1297 5388 σου.

497 5503 821 5570 Διελθόντας
871 5507 1208 5567 Μλυὼδυνον
1244 5515 1534 5573 κλυδώνιον
1581 5521 1675 5575 τοῦ
1724 5524 1837 5594 βίου
1883 5527 2008 5592 τοὺς

419 5595 642 5660 οἰκέτας
666 5614 762 5650 σου
786 5598 1184 5674 ἑγκαθόρμισον
1204 5608 1284 5672 είς
1319 5609 1536 5681 λιμένα,
1555 5613 1819 5682 Δέσποτα,
1841 5617 2006 5689 ζωῆς,

429 5686 568 5758 βοᾷν
604 5688 745 5759 μετὰ
773 5689 991 5748 πάντων
1016 5695 1286 5755 ἐκλεκτῶν
1307 5719 1320 5734 ο
1369 5704 1670 5779 Εὐλογητὸς
1695 5703 1765 5779 εἴ,
1798 5712 1826 5764 ὁ
1853 5686 2006 5776 Betis.

2134 3167 2276 3220 mea,
2310 3154 2491 3225 abjice
2523 3158 2864 3234 voluptatum
2896 3160 3208 3218 crassitiem
3247 3171 3305 3218 ut
3353 3165 3540 3224 videas
3571 3168 3718 3225 desi-
3781 3168 3784 3170 ’

2131 3240 2406 3298 deratnm.

2198 3332 2432 3398 Quando
2463 3335 2617 3406 prius
2646 3337 2793 3409 ligno
2824 3341 3104 3397 exaltabat
3132 3354 3444 3416 serpentem
3475 3351 3715 3423 Moyses,

2129 3431 2305 3489 tuam,
2337 3425 2588 3482 Salvator
2639 3431 2866 3500 Optime,
2913 3433 3302 3493 exaltationem
3353 3440 3408 3494 in
3448 3456 3613 3498 crure
3655 3447 3716 3498 li-

2125 3514 2376 3585 gurahat,
2401 3530 2498 3586 per
2523 3532 2686 3587 quam
2740 3534 2770 3571 a
2824 3520 3034 3576 malitia
3091 3529 3362 3582 venenum
3417 3529 3715 3599 iaculantis

2124 3607 2401 3675 serpentis
2423 3606 2674 3664 liberasti
2703 3625 2897 3668 omnes
2913 3621 3104 3683 gentes
3139 3615 3436 3676 adorantes
3461 3629 3533 3676 te.

2194 3691 2252 3747 In
2283 3693 2505 3752 desidiae
2557 3699 2815 3770 sepulcro
2843 3702 3039 3770 jacuus
3103 3718 3488 3777 aggravantem
3539 3714 3712 3770 habeo

2123 3785 2357 3856 lapidem
2383 3789 2786 3855 obduration'is,
2818 3801 2972 3849 tuum
3009 3811 3225 3868 semper
3247 3799 3438 3857 vivens
3458 3805 3709 3870 verbum,

2123 3877 2402 3947 Salvator,
2439 3897 2548 3937 non
2581 3883 2918 3957 intelligens,
2952 3903 3054 3944 nec
3085 3889 3338 3948 timorem
3381 3903 3534 3948 tu-utn
3556 3931 3564 3953 ε
3585 3912 3711 3952 sen-

2118 3969 2306 4028 tiens:
2345 3973 2615 4031 miserere
2672 3977 2802 4045 mei,
2844 3980 2998 4034 salva
3057 3997 3143 4037 me
3175 3991 3268 4038 tua
3300 3986 3708 4056 misericordia,

2116 4062 2277 4118 valde
2307 4063 2648 4123 misericors.

2185 4150 2456 4210 Omnibus
2490 4157 2768 4226 superior,
2805 4159 3062 4231 Domina,
3093 4165 3420 4237 cupidinum
3486 4171 3707 4228 malitia:

2114 4249 2454 4314 superiorem
2486 4250 2664 4305 ellice'
2688 4253 2782 4320 qui
2829 4255 3104 4324 gloriﬁeat
3141 4267 3195 4314 te
3227 4262 3575 4318 verissimam
3608 4263 3706 4320 Dei

2112 4335 2444 4394 Genitrieem
2484 4351 2538 4395 et
2594 4340 2813 4413 hymnis
2842 4347 3087 4403 celebrat
3127 4357 3348 4421 partum
3403 4360 3583 4420 tuum,
3617 4355 3706 4412 in-

2034 4433 2088 4494 ι)
2114 4432 2399 4495 corrupta,
2431 4426 2499 4483 de
2532 4442 2644 4498 quo
2689 4431 2810 4489 sine
2855 4436 3356 4508 comprehensione
3403 4445 3702 4516 cogitatur,

2115 4526 2150 4570 ο
2181 4513 2272 4572 Dei
2313 4520 2507 4590 gratiis
2539 4534 2760 4579 ornata.

2416 4611 2560 4669 Rore
2591 4617 2862 4686 perfusam
2895 4621 3069 4690 e/fecit
3097 4623 3392 4694 fumarent.

2187 4695 2484 4768 Splendida
2537 4703 2852 4762 divinorum
2885 4721 3192 4783 martyrum
3255 4727 3474 4774 tuorum
3511 4722 3698 4777 multi-

2115 4788 2271 4856 tudo,
2301 4793 2844 4866 miserieordissime,
2879 4803 2934 4855 in
2976 4811 3071 4857 tuo
3093 4805 3466 4865 inaccessibili
3494 4811 3699 4867 lumine

2113 4895 2264 4938 nunc
2307 4893 2602 4958 versatur;
2654 4890 2877 4946 illorum
2938 4895 3196 4962 precibus
3239 4898 3695 4958 illuminationem

2115 4977 2680 5052 propitiationemque
2714 4985 2959 5052 peccatis
2981 4971 3240 5044 omnibus
3262 4992 3423 5048 nobis
3444 4991 3666 5062 largire.

2188 5067 2362 5132 Quam
2409 5073 2723 5141 speciosum
2793 5083 3014 5148 tempus
3079 5081 3227 5151 quod
3278 5084 3440 5140 nobis
3496 5085 3693 5141 dedisti

2114 5163 2490 5230 continentisr,
2538 5163 2788 5233 Domine,
2821 5167 2878 5222 in
2933 5185 3042 5240 quo
3073 5172 3334 5228 miserare
3355 5175 3568 5229 animas
3599 5193 3694 5229 no-

2114 5263 2279 5318 stras,
2308 5266 2567 5326 tanquam
2602 5259 2799 5327 bonus,
2835 5263 3093 5330 precibus
3121 5273 3436 5320 sanctorum
3457 5266 3692 5321 athleta-

2113 5362 2234 5402 rum
2293 5359 2534 5415 tuorunt,
2568 5338 2658 5422 qui
2715 5353 2963 5422 speciosa
3004 5363 3060 5410 et
3105 5357 3436 5412 venerabilia
3469 5357 3692 5413 vulnere

2115 5450 2206 5496 tua
2246 5441 2580 5497 dilexerunt.

2185 5531 2586 5604 Transgressos
2624 5537 2940 5592 dolurosam
2978 5538 3101 5592 vitae
3131 5536 3542 5592 ﬂuctuationem
3575 5554 3692 5594 scr-

2115 5641 2210 5680 vos
2237 5635 2359 5681 tuos
2393 5625 2586 5696 dirige,
2622 5627 2892 5698 Magister,
2919 5629 2985 5684 ad
3040 5635 3259 5698 portum
3309 5627 3456 5693 vitae,
3484 5638 3543 5682 ut
3573 5632 3695 5688 cla-

2115 5728 2260 5774 ment
2293 5733 2418 5774 cum
2450 5719 2703 5775 omnilms
2741 5720 2931 5778 electis
2956 5739 2968 5776 :
2998 5718 3332 5775 Benedictus
3369 5734 3450 5783 es,
3485 5715 3690 5780 Deus.
