3988 6202
393 209 537 320 390a
1225 255 1284 314 s.
1325 252 1745 316 SOPHRONII
1786 248 2292 314 PATRIARCHE
2322 243 2730 310 HIEROSOL.
3515 229 3662 294 suos

388 365 582 423 ﬁnies
632 361 945 434 lampades;
994 351 1232 433 sponsus
1268 363 1413 418 enim
1463 363 1649 419 subito
1703 375 1968 434 superve-

2099 358 2304 430 ιυχικάς
2343 355 2637 428 λαμπάδας
2651 369 2669 388 '
2701 353 2734 407 ό
2750 347 2986 423 νυμφίος
3007 347 3130 420 γάρ’
3147 344 3412 414 ἐξαίφνης
3435 341 3664 412 ἅφίσταο

389 459 506 525 nit;
568 472 638 513 ne
687 455 942 526 imparati
999 456 1340 525 reperiamur
1413 455 1622 512 frustra
1679 457 1966 528 pulsantes

2099 473 2161 508 at
2181 470 2196 486 ·
2239 454 2314 524 μὴ
2349 452 2627 521 ἀνέτοιμοι
2665 445 3018 518 εὑρεθῶμιν,
3079 440 3317 508 ἀνόνητα
3371 435 3666 507 κρούοντες

385 549 636 618 ianuam,
667 559 777 601 non
807 543 958 614 digni
989 544 1161 600 habiti
1195 546 1605 617 compassionc.

308 638 313 646 '
411 635 786 692 -~Pra:cedunt
825 635 1084 706 discipuli
1111 636 1214 699 tui,
1265 636 1332 690 ad
1363 637 1676 706 passionem
1707 635 1964 692 volunt-

390 729 528 784 riam
558 736 611 783 te
637 726 986 787 festinantem
1033 721 1304 792 videntes,
1341 727 1579 784 Verbum
1625 727 1761 794 Dei;
1793 727 1970 783 ludas

391 817 632 888 perﬁdus
664 828 822 888 parat
872 819 1078 888 iniquis
1123 819 1352 888 prodere
1373 830 1425 875 te
1469 833 1498 873 a
1537 819 1698 890 cujus
1724 817 1964 874 amentia

389 919 444 965 et
470 910 834 966 obduratione
865 927 1056 968 omnes
1087 927 1301 968 amove.
1737 933 1740 936 ·

461 998 661 1055 Filium
694 1010 749 1056 et
780 999 1016 1056 Verbum
1049 1001 1226 1057 Patris
1273 1015 1435 1071 quem
1471 1015 1701 1071 corpore
1736 999 1957 1055 donasti

393 1107 458 1147 ex
497 1101 591 1146 tuo
623 1107 761 1161 puro
793 1094 1080 1163 sanguine,
1137 1093 1300 1162 Virgo
1348 1091 1600 1156 Domina,
1634 1091 1700 1146 ad
1750 1091 1966 1162 passio-

392 1195 520 1236 nem
567 1180 918 1236 festinantem
968 1197 1128 1250 quam
1175 1181 1404 1237 sulferre
1451 1182 1694 1236 decrevit
1745 1180 1962 1236 iniseri-

393 1270 639 1324 corditer
688 1270 929 1337 intuens,
958 1272 1284 1338 vulneraris,
1320 1272 1465 1327 illius
1497 1271 1964 1342 longanimitatem

395 1363 739 1434 gloriﬁcans.

797 1456 975 1512 Venite
993 1501 1006 1524 ,
1039 1457 1218 1527 pepuli
1241 1499 1254 1524 ,
1289 1467 1578 1512 cantemus.

479 1546 805 1605 Perversum
837 1549 999 1604 modo
1022 1558 1411 1620 congregatum
1441 1558 1530 1604 est
1552 1548 1874 1611 concilium,
1915 1553 1969 1600 ct

395 1653 653 1709 perversa
686 1641 978 1696 meditatur
1009 1641 1075 1695 ad
1107 1640 1474 1695 occidendum
1523 1649 1600 1704 te,
1635 1641 1804 1693 vitam
1854 1651 1972 1692 om-

396 1732 548 1787 nium
581 1730 776 1786 Judam
808 1743 1242 1802 cooperatorem,
1275 1733 1520 1793 Christe.
1557 1732 1859 1801 accipiens.

483 1821 711 1895 Leprosi
771 1825 898 1880 olim
949 1841 1102 1881 creua
1169 1827 1607 1895 propitiatoriur‘n
1680 1826 1823 1879 facta
1887 1829 1974 1879 est

395 1913 654 1968 omnibus
689 1914 928 1985 largiens
958 1915 1426 1984 propitiationem,
1470 1927 1634 1983 quam
1683 1912 1970 1967 inveniens

397 2005 655 2058 meretrix
708 2013 1093 2061 sescentorum
1173 2006 1499 2061 delictorum
1568 2003 1968 2060 absolutionem

393 2095 722 2164 consequitu
733 2111 779 2151 r.

462 2185 568 2252 Qui
602 2187 748 2256 leges
786 2192 909 2240 tuas
949 2200 1057 2241 non
1086 2187 1323 2242 servavit
1373 2185 1561 2250 miser,
1601 2183 1828 2237 avaritia
1875 2197 1972 2254 pe-

392 2276 504 2340 riit,
543 2284 600 2332 et
645 2277 878 2346 prodere
926 2285 980 2333 te
1033 2278 1324 2333 homicidis
1387 2277 1594 2348 cogitat
1643 2274 1842 2341 ludas,
1890 2275 1970 2328 la-

391 2376 595 2433 queum
653 2365 896 2420 vicissim
921 2367 1178 2421 sci-tiens.

464 2453 752 2520 Quomodo
795 2464 1016 2526 propter
1049 2471 1151 2512 nos
1181 2455 1249 2511 ad
1286 2454 1608 2526 patiendum
1642 2455 1821 2520 venis,
1867 2468 1970 2524 op-

394 2545 568 2601 time?
617 2545 906 2613 Quomodo
936 2548 1005 2602 ad
1051 2549 1294 2603 tribunal
1329 2549 1486 2604 Pilati
1529 2549 1677 2602 velut
1716 2547 1971 2618 judican-

390 2636 498 2692 qius
551 2639 799 2695 accidere
840 2641 1114 2695 sustines?
1179 2641 1446 2697 immensa
1503 2640 1696 2695 divitia
1748 2639 1970 2694 miseri-

391 2729 596 2784 cordia
629 2737 756 2786 tua.

464 2820 542 2877 De
578 2829 630 2878 te
675 2823 830 2887 olim,
866 2822 1034 2896 Virgo
1059 2824 1368 2895 impolluta,
1400 2833 1619 2881 cantata
1673 2827 1970 2898 propheta-

392 2925 516 2966 rum
544 2913 709 2968 verba
754 2914 974 2983 impleta
1011 2925 1175 2982 sunt;
1215 2917 1415 2970 etenim
1447 2918 1684 2987 genuisti
1729 2916 1968 2973 Verbum

393 3000 450 3056 in
483 3018 648 3058 carne
675 3005 984 3060 voluntarie
1030 3007 1316 3075 passiones
1347 3009 1650 3063 sustinens.

678 3091 744 3146 In
775 3094 1043 3161 profunda
1076 3093 1340 3163 quondam
1369 3098 1682 3164 prostrauit.

469 3183 527 3238 In
589 3184 857 3255 cymbalis
914 3183 1187 3240 Davidicis
1249 3201 1397 3240 nunc
1453 3186 1714 3258 hymnum
1777 3189 1973 3244 trium-

396 3274 609 3345 phalem
647 3273 993 3344 Redemptori
1031 3276 1234 3346 gratias
1278 3278 1491 3346 agendo
1517 3293 1815 3346 canamus;
1843 3281 1972 3336 abs-

395 3365 521 3419 tulit
561 3365 710 3420 enim
757 3371 1011 3433 mortem,
1058 3366 1489 3436 redemptionem
1538 3380 1593 3424 et
1632 3370 1796 3424 vitam
1833 3384 1970 3427 con-

395 3456 597 3513 cedens
625 3457 894 3513 devinctis
927 3473 957 3512 a
979 3458 1201 3523 saeculo,
1234 3467 1495 3530 tanquam
1531 3461 1828 3517 humanus.

468 3547 525 3601 ln
555 3551 790 3604 mortuis
813 3549 970 3606 visus
1017 3564 1141 3603 cum
1173 3550 1377 3616 anima,
1413 3553 1694 3608 occisione
1722 3554 1976 3608 volunta-

395 3639 480 3695 ria
512 3641 567 3696 in
600 3656 768 3697 carne
814 3651 1056 3712 recepta,
1092 3642 1335 3709 Christe,
1369 3643 1582 3700 animas
1632 3646 1876 3703 liberasti
1921 3656 1974 3704 et

396 3735 739 3804 congregasti
771 3741 825 3789 et
851 3734 972 3790 luce
994 3735 1304 3801 illustrasti,
1334 3738 1486 3791 solus
1508 3736 1674 3792 vitam
1702 3740 1973 3808 praebens.

398 3823 611 3879 Pascha
643 3825 952 3881 venerabile
980 3836 1034 3882 et
1061 3827 1428 3898 espiatorium
1445 3865 1461 3883 .

469 3916 788 3973 lmmolatus
817 3933 991 3990 agnus
1023 3927 1244 3990 propter
1289 3935 1413 3986 nos,
1467 3918 1678 3974 Pascha
1730 3922 1976 3980 salutare

396 4025 466 4066 ex
510 4011 740 4066 mortuis
792 4026 1086 4083 resurgens
1135 4011 1317 4079 hodie,
1373 4011 1647 4068 infernum
1696 4014 1974 4083 captivum

397 4103 580 4169 duxit,
616 4104 874 4160 auferens
905 4121 1044 4175 quos
1076 4105 1293 4160 vinctos
1341 4105 1703 4161 absorbuerat
1731 4108 1976 4161 claman-

399 4205 522 4250 tes:
565 4194 756 4265 Magna
793 4205 886 4250 tua
932 4196 1195 4265 potentia,
1227 4196 1378 4251 solus
1411 4197 1720 4252 Liberator.

471 4283 576 4350 Qui
606 4285 872 4354 virginem
919 4283 1194 4339 ostendite
1225 4301 1441 4356 puram,
1474 4287 1638 4342 etiam
1682 4294 1806 4356 post
1847 4285 1976 4357 par-

2069 544 2167 614 τὴν
2191 543 2382 615 θύραν,
2421 540 2518 596 καὶ
2559 539 2635 610 μὴ
2665 535 3009 609 συμπαθείας
3037 532 3372 602 ἀξιούμενοι.

2143 632 2584 708 ιῐροπορεὺονταί
2611 649 2706 686 σου
2726 630 2986 702 μαθηται,
3021 627 3192 689 πάθος
3217 625 3356 696 πρὸς
3385 623 3659 688 ἑκούσιον,

2071 732 2214 802 Δόγε
2241 728 2400 796 Θεοῦ,
2429 729 2488 782 σὲ
2508 725 2853 797 καθορῶντες
2881 719 3212 775 σπεύδονταο
3247 715 3458 779 Ἰούδας
3571 715 3662 768 δό-

2071 799 2184 888 λιος
2218 821 2603 895 εὐτρεπίζεται
2625 821 2740 881 τοῖς
2757 817 2992 886 ἀνόμοις
3024 808 3317 882 προδοῦναί
3342 825 3435 861 σε·
3469 799 3534 860 οὗ
3557 805 3661 876 τῆς

2073 914 2333 977 ἀπονοίας
2366 913 2574 975 πάντας
2603 910 2700 964 καὶ
2724 906 3038 977 πωρώσεως
3070 899 3404 973 ὲξάρπασον.

2145 1007 2248 1059 Τὸν
2274 1005 2403 1059 Υίδν
2430 1004 2526 1059 καὶ
2554 1002 2728 1070 Λόγον
2756 998 2849 1052 τοῦ
2885 996 3128 1068 "acpbe,
3154 994 3326 1063 ὅνπερ
3359 991 3666 1061 ὲσωμάτωφ

2075 1119 2174 1164 σας
2198 1098 2307 1152 σῶν
2339 1097 2398 1164 ἐξ
2431 1094 2611 1165 ἁγνῶν
2637 1094 2908 1164 αἱμάτων,
2935 1090 3088 1160 Κόρη
3114 1087 3402 1151 Δέσποινα,
3432 1086 3571 1154 πρὸς
3597 1083 3662 1136 τὸ

2073 1191 2246 1254 πάθος
2296 1187 2592 1242 σπεύδοντα
2639 1185 2668 1238 δ
2718 1183 3008 1252 εὐδόκησεν
3053 1180 3386 1246 ὑπομεῖναι,
3437 1174 3516 1236 ὡς
3564 1172 3660 1226 εὖ-

2076 1282 2352 1351 σπλαγχος
2408 1278 2681 1349 βλέπουσα
2725 1273 3022 1346 τιτρώσκῃ,
3072 1268 3265 1323 τούτου
3303 1265 3662 1338 μακρόθυμον

2073 1373 2388 1451 δοξάζουσα.

2517 1461 2714 1524 Δεῦτε,
2754 1457 2909 1522 λαοὶ,
2951 1455 3210 1525 ᾅσωμεν.

2146 1555 2218 1610 Τδ
2249 1554 2483 1626 πονηρὸν
2513 1553 2636 1622 ἄρτι
2669 1550 2908 1621 συνήχθη
2958 1548 3235 1618 συνέδριον
3255 1587 3269 1607 ,
3296 1545 3390 1596 καὶ
3443 1541 3662 1612 πονηρά

2079 1647 2387 1721 βουλεύεται
2410 1646 2504 1701 τοῦ
2529 1644 2838 1699 θανατῶσαι
2863 1659 2919 1694 σε
2946 1644 3046 1712 τὴν
3075 1639 3218 1709 ζωὴν
3243 1638 3352 1691 τῶν
3375 1637 3659 1698 ἀπάντων,

2004 1718 2046 1774 Β
2079 1718 2287 1795 ⁷Ἰούδαν
2318 1737 2678 1810 συνεργάτην,
2711 1735 2939 1806 Χριστὲ,
2968 1733 3292 1802 λαϐόμενον.

2152 1833 2218 1886 Ἢ
2255 1829 2348 1885 τοῦ
2395 1827 2599 1901 λεπροῦ
2644 1828 2810 1882 πάλαι
2859 1825 3035 1896 σκηνὴ
3067 1825 3380 1892 ἱλαστήριον
3408 1823 3500 1873 τὸν
3539 1819 3664 1870 ἶλαι

2075 1924 2212 1995 σμδν
2250 1923 2544 1995 χωρήσασα
2592 1921 2807 1975 πάντων
2852 1917 3180 1988 γεγένηται·
3228 1916 3288 1967 ὃν
3337 1912 3578 1984 εὑροῦσα
3624 1911 3660 1979 ἡ

2073 2015 2245 2086 πόρνη
2279 2014 2484 2085 μυρίων
2511 2010 2843 2082 ὀφλημάτων
2868 2008 3021 2062 λύσιν
3047 2005 3353 2076 κομίζεται.

2142 2189 2358 2262 Νόμους
2385 2191 2512 2254 τοὺς
2542 2191 2668 2254 σοὺς
2697 2188 2771 2261 μὴ
2803 2189 3146 2259 συντηρήσας
3171 2187 3200 2240 ό
3225 2185 3461 2244 δείλαιος
3479 2225 3494 2249 ,
3527 2183 3658 2251 φιλ-

2071 2285 2395 2354 αργυρήσας
2437 2281 2626 2347 ὤλετο,
2657 2281 2753 2334 καὶ
2783 2278 3123 2351 παραδοῦναί
3155 2294 3216 2330 σε
3243 2277 3534 2348 φονευταῑς
3566 2275 3662 2326 ὲν-

2073 2374 2326 2446 θυμεῖται
2365 2373 2568 2436 Ἰούδας
2589 2372 2690 2443 τὴν
2717 2371 2958 2441 ἀγχόνην
2986 2369 3212 2438 ἀντικλη
3223 2365 3314 2438 ρού
3325 2383 3510 2437 μενος.

2144 2465 2268 2530 Πῶς
2310 2465 2378 2518 δι’
2397 2465 2544 2535 ἡμᾶς
2587 2461 2722 2534 ἔρχῃ
2754 2461 2968 2525 παθεῖν,
2999 2457 3356 2528 ὑπεράγαθε’;
3392 2453 3519 2516 Πῶς
3549 2471 3658 2506 πα·-

2075 2558 2336 2629 ραστῆναι
2367 2555 2573 2628 βήματι
2605 2555 2680 2617 ὡς
2711 2552 3107 2623 κριθησόμενος
3150 2547 3246 2602 τοῦ
3277 2547 3514 2601 Πιλάτου
3561 2547 3658 2598 ἀν-

2072 2651 2205 2721 ἐχῃς
2248 2649 2584 2720 Ἀμέτρητος
2611 2648 2640 2700 ό
2669 2645 2897 2709 πλοῦτος
2919 2645 3020 2715 τῆς
3045 2640 3447 2711 εὐσπλαγχνίας
3477 2656 3598 2692 σου.

2097 2848 2104 2852 ’
2140 2829 2204 2880 Αἱ
2226 2827 2366 2897 περὶ
2394 2826 2489 2878 σοῦ
2526 2823 2711 2888 πάλαι,
2745 2821 3008 2892 Παρθένε,
3036 2819 3294 2890 ᾁδόμεναι
3325 2816 3432 2870 τῶν
3455 2815 3660 2886 θεηγό-

2073 2936 2183 2991 ρων
2210 2920 2443 2990 ἄχραντε
2480 2917 2667 2989 ῥήσεις
2695 2913 3118 2983 πεπλήρωνταν
3173 2909 3269 2963 καὶ
3311 2907 3423 2978 γάρ
3468 2905 3660 2969 ἔτεκες

2072 3011 2244 3080 Λόγον
2276 3010 2441 3082 σαρκὶ
2471 3007 2761 3069 θελουσίως
2796 3005 2944 3074 πάθη
2977 3003 3290 3072 δεξάμενον.

2402 3102 2506 3155 Ἐν
2535 3097 2708 3164 βυθῷ
2745 3092 3130 3163 κατέστρωσέ
3168 3108 3334 3146 ποτε.

2142 3190 2234 3244 Ἐν
2279 3188 2580 3260 κυμϐάλοις
2610 3185 2705 3240 νῦν
2733 3185 3037 3246 Δαυῖτικοῖς
3069 3181 3240 3251 ὕμνον
3268 3179 3536 3232 ἐπινίκιον
3578 3177 3664 3248 τῷ

2071 3285 2337 3354 Λυτρωτῇ
2369 3277 2819 3352 εὐχαριστοῦντες
2848 3277 3069 3348 ᾄσωμεν
3090 3290 3106 3307 ⁸
3141 3267 3255 3327 εἷλε
3295 3273 3404 3343 γάρ
3432 3272 3529 3326 τὸν
3559 3270 3662 3324 θά-

2074 3367 2255 3439 νατον,
2289 3371 2670 3441 ἀπολύτρωσιν
2700 3369 2796 3422 καὶ
2837 3366 2984 3439 ζωὴν
3013 3366 3380 3438 χαρισάμενος
3405 3364 3523 3425 τοῖς
3554 3378 3659 3414 πει

2074 3463 2401 3534 πεδημένοις
2427 3463 2534 3516 ἀπὸ
2562 3460 2656 3515 τοῦ
2687 3460 2905 3524 αἰῶνος,
2933 3459 3008 3523 ὡς
3041 3455 3443 3527 φιλάνθρωπος.

2145 3557 2236 3610 Ἐν
2265 3558 2478 3626 νεκροῖς
2503 3553 2692 3623 ὀφθεὶς
2726 3551 2864 3622 μετά
2891 3551 3090 3621 ψυχῆς,
3115 3551 3381 3619 νέκρωσιν
3411 3545 3661 3598 ἑκούσιον

2075 3649 2104 3702 ὁ
2229 3647 2416 3718 σαρκὶ,
2464 3644 2690 3716 Χριστὲ,
2737 3641 3194 3712 καταδεξάμενος,
3222 3637 3403 3709 ψυχὰς
3433 3636 3662 3706 ἠλευοέ-

2079 3737 2280 3810 ρωσας,
2323 3737 2422 3790 καὶ
2469 3738 2814 3807 συνήγειρας,
2841 3733 2939 3787 καὶ
2982 3733 3120 3803 φωτὶ
3170 3732 3660 3800 κατελάμπρυνας.

2079 3829 2209 3900 μόνε
2235 3827 2489 3893 ζωοδότα,
2519 3827 2710 3896 Πάσχα
2743 3825 2804 3877 τὸ
2835 3823 3030 3877 σεπτὸν
3064 3823 3160 3876 καὶ
3193 3821 3586 3892 καθαρτήριον.

2092 3935 2095 3937 ’
2158 3923 2216 3975 '0
2241 3920 2423 3984 τυθεὶς
2473 3918 2644 3990 ἀμνὸς
2672 3919 2813 3987 ὑπὲρ
2841 3917 2999 3988 ἡμῶν
3024 3957 3039 3980 ,
3073 3915 3264 3984 Πάσχα
3292 3913 3353 3966 τὸ
3386 3913 3658 3981 σωτήριον

2078 4016 2144 4068 ὲκ
2171 4014 2278 4067 τῶν
2310 4011 2517 4082 νεκρῶν
2539 4008 2846 4072 ἁναδιὼσας
2871 4009 3132 4080 σήμερον,
3155 4006 3287 4077 ᾣην
3307 4002 3664 4074 ᾐχμαλώτευ-

2079 4101 2194 4171 σεν,
2224 4104 2557 4174 ἀφελόμενος
2603 4101 2697 4166 οὓς
2741 4100 3026 4170 δεσμώτας
3053 4097 3284 4152 κατέπιε
3317 4093 3624 4166 κράζοντας
3643 4108 3658 4124 ·

2077 4198 2324 4268 Μεγάλη,
2355 4196 2485 4266 μόνε
2511 4193 2795 4264 Λυτρωτά,
2827 4195 2860 4263 ἡ
2895 4190 3184 4246 δυναστεία
3216 4207 3334 4242 σου.

2093 4312 2096 4316 ’
2159 4287 2218 4342 Ὁ
2246 4286 2516 4357 παρθένον
2538 4284 2718 4350 δείξας
2741 4300 2800 4336 σε
2828 4282 3001 4352 ἁγνὴν
3026 4281 3119 4335 καὶ
3146 4279 3286 4348 μετὰ
3313 4277 3411 4348 τὴν
3435 4276 3656 4345 κύησιν,

398 4384 538 4441 tum,
569 4391 633 4430 ex
666 4376 898 4431 mortuis
943 4391 1237 4446 resurgens
1285 4385 1425 4445 post
1451 4377 1697 4432 triduum
1729 4379 1968 4432 creatio-

2099 4395 2142 4431 at
2169 4379 2278 4432 τῶν
2301 4378 2512 4447 νεκρῶν
2542 4373 2839 4442 ἐξαναστάς
2863 4374 3159 4445 τριήμερος
3179 4371 3280 4441 τὴν
3304 4369 3478 4424 κτίσιν
3501 4365 3662 4434 ἐφαί-

400 4483 523 4524 nem
574 4468 892 4534 laitilicavit,
927 4469 1153 4537 innupta
1186 4469 1536 4523 sanctissima
1598 4470 1691 4523 Dei
1743 4485 1970 4539 sponsa,

400 4557 492 4627 qui
525 4568 584 4612 ut
613 4557 758 4613 Deus
789 4559 1122 4628 gloriﬁcatus
1165 4567 1284 4626 est;
1317 4560 1553 4628 gloriose
1588 4560 1734 4616 enim
1765 4562 1973 4630 gloriﬁ-

400 4660 558 4706 cuttts
591 4659 696 4706 est.

409 4751 412 4754 '
576 4740 818 4813 Emeruit
856 4757 1061 4798 eramus
1112 4743 1247 4797 sicut
1293 4744 1505 4811 lilium,
1548 4743 1790 4800 Domine.

471 4832 728 4890 Educens
758 4835 972 4889 vinctos
1024 4834 1079 4888 in
1135 4836 1361 4901 virtute,
1420 4835 1667 4902 Domine,
1731 4845 1825 4892 tuo
1869 4837 1972 4893 sub

401 4933 604 4981 terram
659 4927 877 4993 itinere,
926 4927 1249 4997 iactatorem
1301 4930 1662 4986 excubantem
1719 4931 1970 4987 occidisti

397 5026 726 5088 Serpentem,
759 5029 933 5074 morte
971 5027 1084 5073 tua.

486 5110 611 5166 Haec
636 5120 721 5167 est
754 5112 868 5166 dies
907 5127 1071 5182 quam
1114 5111 1243 5166 fecit
1296 5111 1560 5168 Dominus
1611 5114 1967 5183 misericors;

395 5204 593 5274 spiritu
621 5215 676 5261 et
699 5203 866 5260 corde
893 5205 949 5260 in
969 5220 1032 5260 ca
1061 5205 1419 5271 exsultantes,
1442 5205 1687 5260 laetemur
1713 5215 1766 5260 et
1788 5207 1966 5277 tripu-

392 5295 630 5353 diemus.

479 5385 860 5444 Persecutoris
892 5402 921 5442 a
950 5388 1240 5459 tyrannide
1275 5387 1486 5443 liberati
1518 5389 1784 5459 sanguine
1817 5406 1966 5460 pura:

401 5481 460 5533 'ct
489 5476 854 5533 immaculata:
881 5478 1134 5543 victimae,
1150 5493 1293 5532 nunc
1316 5475 1513 5533 festum
1543 5477 1962 5547 constituamus,

397 5573 451 5627 iu
493 5567 806 5625 laudatione
830 5570 1215 5626 vociferantes.

467 5659 628 5717 Salve
657 5661 886 5726 tibi,dat
911 5664 942 5717 ε
974 5662 1186 5717 tumulo
1210 5661 1504 5732 splendens
1533 5661 1794 5722 Dominus
1820 5682 1832 5717 :
1866 5663 1965 5718 tibi

2077 4473 2294 4540 δρυνεν,
2322 4470 2666 4540 άπειρόγαμε
2690 4466 2930 4534 παναγὶα
2959 4465 3263 4534 Θεόνυμφε,
3279 4464 3308 4515 ὀ
3331 4457 3650 4528 δεδοξασμόο

2077 4578 2167 4625 νος
2199 4561 2404 4630 Κύριος
2425 4575 2440 4590 ο
2474 4560 2702 4626 ἐνδόξως
2723 4557 2830 4628 γὰρ
2862 4556 3194 4623 δεδόξασται.

2091 4773 2094 4776 -
2173 4745 2548 4814 Ἐ’ξήνθησεν
2586 4745 2624 4812 ἠ
2663 4742 2882 4811 ἔρημος
2914 4738 3056 4792 ὡσεὶ
3093 4737 3324 4805 κρίνον,
3363 4733 3563 4800 Κύριε.

2145 4837 2370 4904 Ἐξάξας
2404 4838 2462 4891 ὲν
2493 4835 2720 4906 ἀνδρείᾳ
2763 4829 3192 4912 πεπεδημένους,
3227 4827 3422 4896 Κύριε,
3451 4825 3518 4894 τῇ
3547 4821 3657 4874 ὑπὸ

2072 4930 2178 4999 γῆν
2202 4929 2414 4999 καθόδῳ
2433 4945 2526 4982 σου
2554 4927 2794 4990 ἀλαζόνα
2829 4915 3357 4996 παραπικραίνοντα,
3377 4915 3656 4970 ἐθανάτω-

2074 5038 2171 5084 σας
2199 5021 2321 5092 δφιν
2347 5020 2426 5092 τῷ
2451 5020 2666 5089 θανάτῳ
2697 5036 2814 5074 σου.

2153 5114 2364 5185 Ἡμέρα
2410 5113 2476 5184 ἣν
2529 5113 2780 5183 ἐποίησεν
2826 5112 2855 5163 ό
2903 5109 3202 5179 οἰκτίρμων
3246 5103 3479 5175 Κύριος,
3507 5100 3650 5170 αὕτη

2073 5208 2307 5277 ὑπάρχει
2326 5223 2338 5235 ·
2360 5203 2630 5273 πνεύματι
2666 5203 2760 5255 καὶ
2789 5200 2989 5272 καρδίᾳ
3017 5195 3436 5268 ἀγαλλιώμενοι,
3463 5194 3520 5244 ὲν
3553 5192 3649 5244 αὖ·
3759 5245 3768 5254 ,

2070 5298 2134 5366 τῇ
2166 5294 2554 5366 εὐφρανθῶμεν
2585 5292 2679 5346 καὶ
2706 5289 3056 5362 χορεύσωμεν
3079 5325 3094 5341 .

2141 5384 2378 5440 Διώκτου
2405 5382 2719 5456 τυραννίδος
2749 5377 3146 5450 λελυτρωμένοι
3192 5376 3384 5445 αἵματι
3411 5370 3506 5424 τοῦ
3544 5387 3650 5424 κα-

2070 5476 2238 5550 θαροῦ
2259 5475 2501 5548 ἀμώμου
2527 5493 2586 5530 τε
2620 5473 2820 5547 ἱερείου
2842 5517 2855 5540 ,
2894 5471 2990 5528 νῦν
3024 5465 3422 5540 συστησώμεθα
3451 5461 3652 5533 ἑορτὴν

2069 5573 2127 5625 ἐν
2159 5570 2360 5623 αἰνέσει
2393 5567 2771 5630 ἀλαλάζοντες.

2139 5661 2212 5714 Τὸ
2239 5662 2431 5731 Χαῖρε,
2465 5661 2548 5714 σοὶ
2573 5660 2872 5730 προσνέμει
2893 5659 2958 5712 ὲκ
2983 5655 3155 5724 τάφου
3175 5653 3362 5724 λάμψα
3375 5671 3388 5714 _:
3415 5649 3645 5718 Κύριος·
