3988 6202
503 289 652 364 3915.

1331 299 1391 356 S.
1427 298 1845 359 SOPHRONII
1885 300 2392 360 PATRIARCIIE
2419 301 2829 362 HlEBOSOL.

3649 304 3790 365 3955

499 404 750 457 divinum
798 404 1081 475 gaudium,
1113 419 1210 474 per
1250 411 1305 460 te
1331 405 1538 478 angelis
1571 423 1671 463 nos
1721 411 1933 465 torrem
1959 410 2083 465 facti

2212 411 2658 482 ιεοςεῦφροσύνη,
2711 411 2799 464 διά
2833 408 2926 462 σοῦ
2957 411 3067 475 τοῖς
3095 409 3346 479 ἀγγέλοις
3375 408 3422 464 οἱ
3451 411 3634 482 γήῖνυι
3663 430 3777 466 συν-

499 514 692 555 sumus
717 499 1033 569 propinqui.

570 591 885 661 Concepisti
914 590 1197 646 Christum
1229 590 1586 662 hahuistique
1619 592 1672 647 in
1703 601 1881 658 utero,
1911 610 1943 647 o
1969 611 2088 648 om-

499 682 632 736 nino
665 681 1036 747 immaculata,
1067 681 1149 736 vis
1191 683 1479 738 infernalis
1508 683 1912 742 destructorem
1963 687 2086 741 Sal-

498 778 860 840 ratoremque
925 769 1190 826 hominis.
1284 840 1293 847 _

877 860 998 917 Tibi
1019 862 1338 933 sacriﬁcabo
1377 880 1496 917 cum
1523 873 1705 920 cantu.

564 951 771 1007 Fructu
829 952 961 1024 ligni
1003 952 1291 1026 deceptum
1347 971 1432 1012 me
1483 963 1538 1010 et
1591 955 1867 1027 perditum
1911 959 2088 1015 hostis

497 1044 735 1099 consilio
773 1044 976 1100 elatum
1003 1060 1088 1100 me
1123 1061 1222 1116 per
1259 1062 1482 1102 crucem
1516 1047 1581 1101 ad
1615 1047 1783 1101 vitam
1815 1050 2086 1104 revocasti

495 1144 548 1189 et
568 1137 824 1193 sordibus
872 1137 1138 1194 infectum
1176 1139 1700 1210 incorruptibilitate
1758 1139 1938 1196 fecisti
1987 1141 2088 1196 ho-

501 1230 834 1308 norabilem.

571 1327 923 1384 Linteamine
990 1327 1438 1384 circumvolutus-
1506 1327 1740 1384 traditus
1809 1327 2083 1399 sepulcro,

497 1419 724 1473 vincula
751 1418 950 1475 inferni
980 1421 1165 1476 divina
1197 1421 1455 1493 dirupisti
1489 1421 1754 1492 potentia,
1793 1421 2085 1478 surrexisti

499 1517 688 1579 utpote
727 1508 868 1566 Deus
898 1511 1022 1566 vita:
1047 1511 1295 1582 largitor.

569 1600 723 1666 Quod
751 1617 909 1656 nemo
935 1609 1114 1656 tecum
1142 1616 1340 1656 nomen
1372 1599 1581 1655 habens
1607 1599 1888 1671 peperisti,
1913 1599 2082 1671 virgo,

503 1691 794 1744 DOnIintltn
828 1693 1096 1756 omnium,
1129 1692 1221 1762 qui
1273 1692 1481 1746 irritam
1520 1691 1648 1747 fecit
1700 1692 1892 1747 mortis
1930 1703 2084 1762 pote-

2196 501 2472 571 ήφοημεν·

2264 591 2560 654 Συνέλσϐες
2611 591 2844 662 Χριστὸν
2877 594 2972 644 καὶ
3010 592 3261 665 ἀφθόρως
3309 595 3582 666 ὲκύησας,
3647 613 3781 650 παν·

2189 683 2412 753 άμωμε,
2442 684 2534 736 τὸν
2570 684 2661 736 τοῦ
2687 685 2814 755 ᾅδου
2845 684 2944 754 τὴν
2982 686 3134 754 ἰσχὺν
3179 685 3478 742 καθελόντα
3504 727 3518 752 ,
3547 688 3645 742 καὶ
3679 691 3782 742 σὼ-

2193 791 2361 828 σαντα
2394 775 2484 828 τ’,ν
2515 775 2822 847 ἄνθρωπον.

2623 869 2798 921 Θύσω
2829 885 2925 923 σοι
2957 868 3101 936 μετὰ
3125 868 3354 938 φωνῆς.

2263 958 2470 1029 Βρώσει
2509 977 2575 1029 με
2608 963 2672 1030 τῇ
2717 959 2810 1012 τοῦ
2861 960 3022 1026 ξύλου
3053 960 3329 1015 κλαπέντα
3355 960 3451 1016 καὶ
3480 963 3776 1036 θνήξαντα,

2189 1052 2254 1121 τῇ
2311 1059 2402 1102 τοῦ
2434 1049 2662 1121 Ἐχθροῦ
2711 1050 3014 1122 συμεουλέᾳ
3065 1051 3302 1121 ὑψωθεὶς
3363 1055 3420 1106 ἐν
3479 1054 3626 1124 ξύλῳ
3684 1056 3778 1109 ἀνο

2191 1141 2474 1207 εκαλέσω,
2519 1141 2613 1195 καὶ
2657 1142 2892 1194 πεσόντα
2943 1143 3023 1206 εις
3078 1142 3285 1216 φθορὰν
3336 1144 3619 1215 ἀφθαρσίᾳ
3668 1147 3778 1198 tua

2193 1250 2267 1306 μη
2277 1251 2395 1297 σας.
2683 1292 2688 1302 ,

2260 1327 2463 1380 Σινδόνι
2481 1327 2778 1397 ἐνειληθεὶς
2798 1330 2940 1399 ταφῇ
2957 1329 3345 1400 παραδέδοσαιο
3360 1329 3454 1383 καὶ
3476 1329 3776 1401 διαρρήξας

2187 1411 2282 1465 τού
2323 1414 2451 1485 ᾆδου
2497 1414 2616 1486 θείᾳ
2664 1416 2953 1488 δυναστεία
3004 1417 3072 1471 τά
3119 1418 3433 1487 σπάργανα,
3481 1416 3776 1488 ἐξανέστης

2189 1505 2264 1569 ὡς
2291 1505 2448 1572 Θεὸς,
2475 1505 2736 1572 ξωοδότα,
2772 1508 2867 1562 τοῦ
2903 1510 3210 1580 μνήματος.

2258 1597 2463 1670 Κύριον
2489 1599 2584 1654 τοῦ
2614 1601 2839 1666 παντὸς,
2865 1603 3207 1672 κυριὼνυμε,
3242 1603 3491 1667 τέτοκας,
3516 1602 3611 1656 τδν
3642 1604 3778 1656 καθ-

2188 1692 2374 1746 ελόντα
2402 1693 2462 1746 τὸ
2504 1694 2670 1765 κῦρος
2701 1693 2796 1747 τοῦ
2843 1694 3099 1759 Θανάτου,
3132 1694 3266 1748 πᾶσί
3297 1711 3356 1746 τε
3398 1696 3509 1757 τοῖς
3557 1693 3774 1766 ἀνθρώ-

501 1791 696 1838 statein
733 1783 1038 1854 Iargitaque
1068 1800 1126 1839 es
1179 1784 1394 1840 cunctis
1426 1783 1742 1839 hominibus
1772 1784 2082 1839 Lbet-tatem

2212 1803 2316 1852 τοις
2351 1786 2705 1857 παρασχόντα
2738 1785 3038 1841 ἀθανασίαν
3069 1785 3166 1839 καὶ
3192 1785 3592 1858 ἀπολύτρωσιν.

501 1886 552 1929 et
578 1875 1067 1932 immortalitatem.

817 1969 1158 2024 "obruerunt
1187 1967 1336 2038 pueri
1357 1969 1410 2020 in
1436 1966 1672 2036 fornace.

581 2059 800 2114 Petram
836 2061 960 2115 vita:
991 2060 1162 2115 clavis
1189 2059 1403 2114 allixam
1447 2059 1594 2130 ligno
1626 2058 1810 2112 erucis
1841 2057 1970 2112 olim
2005 2057 2085 2111 vi-

505 2152 703 2206 derunt
733 2167 892 2217 saxa,
927 2161 980 2205 et
1011 2153 1127 2220 ipsa
1154 2165 1264 2221 prae
1287 2160 1510 2220 stupore
1536 2147 1711 2203 scissa
1740 2155 1887 2211 sunt,
1921 2155 1971 2201 ct
1996 2147 2086 2202 ob-

499 2253 757 2300 seuratus
790 2252 873 2299 est
897 2243 1002 2308 sol,
1036 2253 1089 2298 et
1121 2254 1268 2299 terra
1310 2240 1562 2296 funditus
1595 2247 1869 2295 commota
1893 2248 1998 2294 est.

568 2427 935 2483 Revocatione
984 2425 1049 2480 ad
1100 2425 1266 2480 vitam
1289 2428 1534 2482 omnium
1568 2427 1662 2497 qui
1710 2429 2084 2484 occubuerant

496 2527 674 2574 morte
706 2519 1046 2574 acclamatus
1073 2534 1134 2573 es
1163 2527 1222 2571 ut
1255 2534 1368 2580 res,
1391 2519 1725 2575 militibuste
1750 2520 1804 2574 iu
1835 2523 2084 2591 sepulcro

495 2609 936 2666 custodientibus
969 2629 981 2664 :
1021 2609 1347 2665 Benedictus
1395 2626 1477 2675 es,
1513 2609 1759 2677 Domine,
1797 2609 1850 2665 in
1883 2614 2083 2683 templo

495 2702 683 2774 gloriae
710 2710 864 2762 tuan.

570 2795 863 2852 Devinctos
889 2794 1164 2866 eripuisti,
1197 2792 1462 2859 Verbum,
1491 2812 1553 2849 ex
1589 2795 1714 2852 imis
1749 2796 1974 2862 inferni,
2003 2798 2079 2852 tui

495 2887 677 2944 Patris
705 2886 1102 2958 omnipotentia
1135 2895 1200 2941 et
1223 2902 1446 2958 surgere
1473 2885 1650 2942 iecisti
1675 2887 1796 2944 illos
1837 2889 2081 2943 claman-
2117 2965 2120 2968 χ

495 2989 578 3036 tes
613 2999 626 3034 :
659 2978 1006 3035 Benedictus.

567 3071 1011 3142 Expergelactmn
1040 3087 1108 3126 ex
1140 3072 1372 3125 mortuis
1404 3071 1691 3126 Dominum
1723 3073 1841 3128 vitae
1865 3074 2078 3142 videns,

498 3161 686 3236 Virgo,
723 3178 847 3218 cum
875 3162 1165 3233 discipulis
1210 3163 1546 3234 eongaudes,
1577 3166 1898 3237 clamaSque
1920 3169 2079 3225 indc-

499 3254 780 3310 siuenter:
812 3252 1144 3310 Benedictus
1168 3269 1249 3322 es,
1281 3252 1528 3310 Domine.

968 3343 1165 3399 Daniel
1195 3346 1427 3400 extemis
1459 3347 1727 3402 manibus.

564 3434 814 3492 Extulisti
845 3451 1042 3492 manus
1073 3437 1126 3491 in
1147 3451 1311 3492 cruce
1338 3445 1391 3492 et
1421 3445 1621 3494 terram
1650 3439 1902 3495 funditus
1932 3455 2080 3496 com-

499 3529 717 3584 movisti
755 3547 772 3596 ;
807 3529 901 3600 qui
930 3528 1136 3584 dudum
1172 3529 1584 3599 exspectabatis
1619 3531 1793 3586 donec
1826 3531 2082 3603 Magister

500 3634 598 3689 per
627 3634 846 3675 crucem
867 3621 1136 3675 eximeret
1161 3635 1278 3684 vos,
1316 3635 1462 3676 nunc
1501 3621 1653 3677 lzctos
1679 3622 1842 3677 editis
1874 3623 2080 3676 clamo-

503 3727 591 3767 res
625 3720 685 3766 ut
716 3711 784 3766 ad
818 3728 878 3768 se
911 3728 1016 3769 vos
1043 3715 1228 3768 trahat
1264 3732 1277 3768 :
1308 3713 1623 3770 Benedicite
1663 3730 1874 3770 omnes.

573 3801 847 3858 Mortuum
885 3804 936 3858 in
965 3820 1129 3876 specu
1171 3805 1543 3876 deposuerunt
1575 3814 1644 3872 te,
1672 3805 1950 3875 unigenite
1986 3805 2085 3860 Dei-

506 3891 768 3958 Verbum,
811 3903 1042 3949 mortem
1077 3894 1250 3965 ipsam
1281 3895 1638 3961 mortillcans,
1664 3894 1947 3950 viviﬁcans
1982 3911 2082 3948 au-

501 3995 610 4039 tem
642 4001 780 4056 quos
849 4002 1122 4042 venenoso
1186 4004 1377 4045 morsu
1448 3987 1794 4045 interfecerat
1842 3988 2078 4056 damon,

502 4078 623 4134 ideo
648 4079 950 4135 clamantes
981 4098 996 4135 :
1037 4079 1421 4137 Benedicimus
1450 4090 1522 4136 te.
1846 4139 1869 4158 ,

573 4170 782 4228 Pascha
813 4171 930 4228 dies
957 4172 1160 4249 laetitia:
1194 4173 1376 4228 illuxit
1419 4173 1610 4240 nobis,
1636 4174 1690 4228 in
1721 4189 1850 4244 ,qua
1899 4175 2081 4245 adepti

502 4279 698 4319 sumus
728 4265 1038 4320 libertatem
1066 4281 1166 4321 nos
1194 4267 1284 4336 qui
1313 4267 1368 4320 in
1393 4267 1657 4321 servitute
1712 4265 1954 4321 bellicosi
1984 4267 2082 4320 bo-

505 4355 606 4410 stis
627 4355 831 4410 detenti
862 4370 1086 4411 eramus
1119 4371 1144 4408 :.
1172 4356 1533 4425 quamobrem
1589 4356 1694 4410 laeti
1729 4357 2035 4413 clamamus
2063 4374 2076 4411 :

505 4445 823 4501 Benedicite
846 4445 1054 4501 omnia.

576 4535 680 4602 Qui
705 4535 799 4590 dat
827 4551 952 4592 esse
981 4537 1262 4602 omnibus,
1307 4552 1526 4594 carnem
1562 4547 1806 4593 nostram
1835 4539 2010 4594 induit
2035 4551 2090 4598 et

509 4640 681 4695 purus
707 4642 1036 4698 progressus
1067 4639 1152 4683 est
1181 4627 1249 4682 de
1285 4636 1439 4684 utero
1488 4630 1682 4685 matris
1704 4630 2084 4699 immaculata,

2431 1967 2528 2020 Ἐν
2561 1967 2637 2036 τῇ
2661 1968 2888 2038 καμίνῳ
2921 1965 3265 2037 Ἄϐραμίαῖοι
3293 1965 3524 2032 παῖδες.

2261 2059 2414 2128 Ζωῆς
2455 2061 2553 2130 τὴν
2608 2060 2821 2129 Πέτραν
2866 2057 3308 2130 προσηλωθεὴαν
3352 2057 3494 2128 ξύλῳ
3545 2058 3621 2128 τῷ
3677 2067 3774 2112 τοῧ

2191 2151 2445 2223 σταυροῦ,
2480 2153 2676 2223 πέτραι
2701 2150 3013 2222 καθορῶσαι
3045 2150 3210 2204 πάλαι
3233 2149 3382 2219 φόϐῳ
3414 2149 3594 2219 πολλῷ
3625 2151 3775 2220 διερ-

2190 2242 2460 2312 ράγησαν,
2484 2241 2578 2293 καὶ
2597 2240 2747 2310 ἥλιος
2772 2240 2831 2293 τὸ
2853 2238 2968 2307 φῶς
2991 2237 3271 2308 ἀπέκρυψε
3295 2274 3310 2301 ,
3336 2236 3433 2290 καὶ
3455 2236 3523 2289 τά
3549 2236 3647 2306 τῆς
3669 2241 3772 2307 γῆς

2188 2335 2409 2404 ἐσείσθη
2442 2335 2686 2404 θεμέλια.

2257 2424 2662 2495 Ἐπανακλήσει
2708 2423 2817 2476 τῶν
2856 2422 3224 2476 πεπτωκότων
3277 2420 3652 2491 ἀνακέκλησαι
3685 2415 3768 2474 οἷα

2189 2514 2465 2585 βασιλεὺς,
2483 2516 2541 2567 ἐν
2553 2514 2707 2584 τάφῳ
2721 2513 3068 2584 στρατιωτῶν
3086 2511 3463 2583 φυλαττόντων
3483 2529 3566 2577 σε,
3585 2513 3774 2581 φιλάν-

2189 2607 2399 2678 θρωπε.
2458 2607 2836 2678 Εὐλογημένος
2893 2607 2951 2658 ὲν
2998 2604 3076 2675 τῷ
3123 2603 3236 2674 ναῷ
3290 2604 3386 2674 τῆς
3434 2603 3594 2675 δόξης
3653 2622 3772 2669 σου,

2188 2699 2379 2770 Κύριε.

2263 2793 2420 2865 ᾍδου
2451 2792 2716 2863 ταμιείων
2758 2791 3168 2864 πεπεδημένους
3217 2790 3554 2863 ἐξήρπασας.
3585 2792 3724 2858 Δότε
3752 2834 3766 2848 .

2186 2882 2278 2937 τοῦ
2310 2885 2524 2955 [ἰατρὸς
2550 2885 2776 2956 δυνάμει
2807 2887 3201 2956 παντουργικῇ,
3231 2886 3323 2938 καὶ
3346 2883 3590 2955 βοῶντας
3618 2882 3774 2948 seu.

2188 2973 2317 3046 έστη
2325 2991 2421 3039 σας
2431 2991 2450 3005 ο
2464 2975 2838 3046 Εὐλογημένος
2852 2970 2922 3030 εἴ.

2272 3063 2670 3138 Ἐγηγερμένον
2714 3068 2779 3120 ὲκ
2804 3065 2915 3121 τῶν
2959 3066 3169 3140 νεκρῶν
3210 3066 3300 3121 τδν
3346 3065 3490 3138 ζωῆς
3537 3066 3772 3138 Κύριον,

2184 3157 2357 3229 Κόρη,
2382 3158 2676 3214 κατιδοῦσα
2709 3159 2920 3230 χαίρεις
2946 3159 3335 3231 συμμαθηταῖς
3371 3159 3469 3212 σὺν
3496 3159 3681 3222 αὐτοῖς
3710 3174 3770 3214 τε

2183 3248 2408 3321 μέλπεις
2430 3253 2680 3306 πάντοτε’
2706 3251 3082 3322 Εὐλογημένος
3111 3245 3185 3317 εἷ,
3218 3250 3408 3322 Κύριε.

2202 3375 2208 3380 -
2533 3341 2747 3411 Χεῖρας
2782 3342 3124 3407 ἐκπετάσας
3162 3342 3406 3408 Aurum.

2258 3432 2519 3502 ’Υψωσας
2554 3433 2814 3504 παλάμας
2843 3434 2899 3486 ὲν
2922 3431 3160 3502 σταυρῷ,
3199 3432 3293 3484 καὶ
3317 3431 3385 3484 τά
3408 3430 3636 3501 θεμέλια
3664 3431 3774 3500 τῆς

2178 3523 2281 3594 γῆς
2319 3523 2600 3594 ἐδόνησαςο
2627 3525 2750 3588 τοὺς
2772 3525 2830 3578 δὲ
2860 3525 2956 3596 τὴν
2986 3523 3281 3585 ἔκπτωσιν,
3336 3523 3608 3586 Δέσποτα,
3679 3523 3766 3576 διά

2181 3614 2338 3678 ξύλου
2365 3615 2766 3685 ὑπομείναντας
2790 3616 2926 3688 πρὸς
2954 3616 3143 3670 ἑαυτὸν
3159 3634 3222 3686 χο
3234 3615 3504 3686 ρμονικῶς
3525 3615 3772 3686 βοῶντας

2179 3703 2446 3758 εἵλκυσαν
2482 3705 2790 3774 Εὐλογεῖτε,
2834 3707 3034 3762 πάντα.

2251 3795 2457 3866 Δάκκῳ
2491 3813 2550 3848 σε
2605 3796 2892 3850 κατέθεντο
2937 3797 3130 3867 νεκρὸν
3170 3797 3464 3868 νεκροῦντα
3510 3798 3784 3862 θάνατον,-

2180 3886 2548 3948 ζωοποιοῦντα
2597 3889 2655 3943 δὲ
2701 3889 2793 3953 οὓς
2834 3891 3183 3962 ἀπενέκρωσε
3221 3890 3457 3962 δήγματι
3507 3890 3699 3962 ἰοὸὀλῳ
3740 3895 3776 3944 ό

2179 3979 2510 4050 ἀρχέκακος,
2547 3981 2685 4051 Λόγε
2734 3981 2871 4036 Θεοῦ
2905 3983 3200 4054 μονογενής
3227 3998 3240 4011 ·
3277 3983 3358 4038 διὸ
3406 3983 3620 4054 βοῶμέν
3655 4001 3764 4046 σοι,

2180 4069 2492 4142 Εύλογεῖτε.
3726 4131 3734 4136 ,

2251 4169 2444 4240 Πάσχα
2502 4171 2535 4241 ἡ
2574 4172 2914 4241 χαρμόσυνος
2947 4173 3076 4242 ἡμῖν
3108 4173 3290 4243 ἡμέρα
3339 4171 3601 4241 ἔλαμψεν,
3636 4173 3702 4224 ἐν

2180 4261 2490 4331 ἐσχήκαμεν
2513 4263 2610 4332 τὴν
2641 4263 3017 4333 ἀπολύτρωσιν
3045 4264 3285 4328 ἅπαντες
3313 4265 3364 4315 οἱ
3400 4263 3612 4334 δουλείᾳ
3637 4280 3773 4315 συν-

2180 4352 2426 4422 εχόμενοι
2441 4351 2534 4406 τοῦ
2557 4354 2680 4406 πολε
2690 4358 2922 4424 μήτορος
2944 4355 3070 4426 Ἐχθ
3081 4353 3193 4425 ροῦ·
3214 4354 3336 4409 ὅθεν
3355 4353 3752 4426 κραυγάζομεν

2109 4469 2153 4524 D
2183 4442 2463 4510 Εύλογεῖτε
2475 4484 2489 4510 ,
2523 4447 2720 4501 πάντα.

2274 4533 2332 4588 Ὀ
2362 4537 2494 4588 πᾶσι
2523 4537 2582 4589 τὸ
2609 4532 2746 4590 εἶναι
2785 4537 3080 4608 παρασχὼν
3115 4538 3294 4591 αίτῗαν
3327 4537 3525 4608 ἔσχηκέ
3563 4556 3621 4592 σε
3660 4544 3766 4611 τῆς

2190 4625 2538 4696 σαρκώσεως,
2563 4629 2650 4682 καὶ
2676 4630 3040 4700 προελήλυθεν
3061 4629 3294 4702 ἆσθορος
3316 4629 3376 4696 ἐξ
3392 4631 3628 4700 άφθόρου
3667 4634 3770 4702 τῆς

507 4718 795 4775 insulilans
818 4720 1289 4777 immortalitatem
1320 4723 1554 4777 mortuis
1588 4723 1974 4779 cantantibus:
1997 4724 2096 4780 Bc-

2212 4717 2376 4789 νηδύος
2407 4735 2496 4770 σου
2549 4721 2576 4772 ὁ
2609 4719 2917 4790 ἀφθαρσίαν
2943 4723 3056 4785 τοίς
3101 4723 3315 4796 νεκροῖς
3353 4723 3604 4794 ἐμπνέων
3634 4724 3769 4792 μέ).-

507 4809 746 4865 nedicite
779 4811 983 4866 omnia.

645 4901 805 4972 Lapis
845 4905 1038 4960 montis
1066 4922 1171 4960 non
1204 4905 1433 4962 hominis
1470 4924 1633 4961 manu
1668 4907 1955 4966 abscissus.

575 4991 780 5048 Fructu
828 4995 959 5066 ligni
991 5004 1046 5050 et
1093 4996 1327 5052 consilio
1386 4997 1552 5053 Belial
1590 5014 1676 5053 me
1717 4999 2083 5066 vulneratum,

505 5085 858 5138 vulneratum
907 5095 985 5150 tu,
1027 5085 1289 5152 Verbum,
1323 5087 1572 5143 liberasti
1608 5103 1637 5142 a
1679 5088 2081 5158 maledictione,

505 5174 710 5231 factum
735 5177 1049 5233 maledictio
1072 5187 1298 5249 propter
1332 5193 1456 5234 nos.

565 5360 854 5428 Quomodo
882 5369 1130 5417 mortuos
1154 5361 1297 5416 inter
1327 5359 1512 5415 omnia
1541 5358 1910 5418 viviﬁcantem
1935 5375 2082 5430 qua:-

503 5451 677 5509 ritis?
715 5451 1005 5508 Debilitala
1066 5468 1162 5524 per
1213 5453 1367 5509 illum
1422 5461 1618 5519 morte,
1650 5451 1950 5507 resurrexit
1975 5451 2083 5507 sic-

440 5532 450 5540 ’
509 5553 570 5600 ut
637 5544 934 5617 praedixit;
980 5545 1233 5602 radiosus
1293 5545 1390 5601 Dei
1420 5546 1646 5616 angelus
1697 5543 1750 5599 id
1785 5545 2080 5605 annuntia-

509 5635 588 5690 vit
618 5636 924 5693 ferentibus
951 5645 1197 5694 aromata
1226 5637 1574 5693 mulieribus.

575 5728 1026 5786 Ofclicissimum
1072 5729 1282 5786 Pascha
1342 5744 1440 5800 per
1484 5729 1627 5800 quod
1668 5728 1849 5784 omnis
1899 5728 2077 5786 homi-

2188 4825 2402 4862 πουσιν·
2437 4809 2749 4879 Εύλογείτε,
2777 4812 2975 4865 πάντα.

2542 4903 2720 4969 Λίθος
2744 4904 2895 4971 ἁχειί
2915 4905 3170 4972 ότμητος
3201 4904 3400 4972 ὄρους.

2255 4989 2422 5044 Ξύλου
2453 5009 2519 5062 με
2556 4993 2788 5064 καρπῷ,
2821 4994 3120 5064 συμϐουλίᾳ
3156 4995 3628 5066 τραυματισθέντα
3671 4997 3768 5050 τοῦ

2188 5080 2405 5153 Βελίαρ,
2441 5084 2506 5136 σὺ
2539 5086 2963 5156 τραυματισθεὶς
2990 5087 3082 5139 ἐπὶ
3115 5086 3298 5151 ξύλου,
3331 5089 3555 5159 Χριστὲ,
3591 5088 3765 5142 ἰάσω·

2185 5177 2402 5248 καὶτῆς
2454 5180 2692 5248 κατάρας
2726 5195 2791 5249 με
2836 5180 3056 5249 κατάρα
3086 5181 3226 5252 ὑπὲρ
3260 5181 3417 5252 ⁴ήμῶν
3449 5183 3771 5252 γενόμενος,

2183 5268 2345 5336 Λόγε,
2395 5268 2802 5338 ἡλευθέρωσας.

2255 5359 2358 5413 Τὸν
2395 5359 2760 5424 ζωοποιοῦντα
2798 5363 2867 5415 τὰ
2917 5363 3094 5416 πάντα
3141 5366 3198 5417 έν
3243 5367 3354 5429 τοῖς
3389 5369 3603 5436 νεκροῖς
3650 5368 3776 5431 πιῖις

2182 5448 2510 5520 ἐκζητεῐτε;
2567 5451 2735 5516 λύσας
2769 5452 2862 5506 τοῦ
2919 5453 3148 5508 θανάτου
3194 5455 3253 5508 τὺ
3303 5457 3526 5527 κράτος,
3576 5456 3778 5520 καθὼς

2184 5547 2468 5616 προεῖπεν,
2493 5544 2586 5599 νῦν
2605 5546 2964 5618 ἐξεγήγερται
2981 5586 2995 5612 ,
3022 5551 3146 5613 ταῖς
3171 5551 3498 5622 μυροφόροις
3523 5551 3718 5619 ἔλεγεν
3744 5555 3778 5605 ὁ

2183 5635 2572 5707 ἐξαστράπτων
2601 5637 2740 5702 θεῖος
2769 5639 3018 5707 ἄγγελος.

2251 5727 2321 5781 Ὠ
2342 5726 2759 5800 μακαριώτατον
2784 5731 2995 5802 Πάσχα,
3019 5732 3083 5788 δι’
3100 5729 3160 5791 οὗ
3186 5737 3248 5789 ὲκ
3268 5735 3369 5807 γῆς
3401 5737 3789 5809 μετεειῦάσθη
