3988 6202
370 320 379 329 ’
446 313 584 377 3919

1264 314 1323 372 S.
1362 311 1773 373 SOPIIRONII
1806 315 2312 378 PATRIARClle
2347 322 2753 384 IIIEROSOL.

3556 325 3707 388 392C)

449 429 791 492 reassumpta
865 417 1096 481 laetitia,
1163 420 1283 488 ejus
1346 423 1659 492 congauch
1712 422 2031 493 discipulis,

2191 426 2250 489 ὗς
2278 467 2291 491 ,
2320 427 2496 497 χαράν
2541 427 2885 482 ἀναλαϐοῦσα
2951 429 3059 491 τοῖς
3089 429 3355 499 μαθηταῖς
3392 429 3717 502 συνέχαιρες

450 517 638 571 dicens
665 531 678 568 :
707 513 957 569 Surrexit
990 511 1278 568 Dominus.

633 609 797 662 Tuam
828 602 1165 659 adumbrasti
1193 604 1428 658 divinam
1455 606 1884 661 exinanitionem.

522 700 627 755 Per
650 699 856 768 lignum
881 696 1066 751 crucis
1094 697 1255 767 quasi
1287 697 1578 753 interfecto
1605 709 1878 770 serpente,
1901 715 2026 755 cum
2050 669 2064 686 .

452 791 684 846 mortuis
718 795 999 850 reputatus
1033 802 1114 851 es,
1148 804 1270 843 cum
1299 789 1537 844 sisinter
1568 799 1813 847 mortuos
1848 791 2009 858 liber,

452 887 504 932 et
539 878 741 932 liberos
772 873 1001 930 effecisti
1032 876 1291 947 degentes
1322 878 1410 932 hic
1440 893 1629 936 omnes
1656 879 1958 937 devinctos.

523 971 813 1027 Manifeste
840 969 1085 1038 regnavit
1110 969 1398 1033 Dominus,
1426 972 1639 1026 laetetur
1659 974 1838 1028 omnis
1864 985 2025 1039 terra,

450 1063 561 1130 jam
605 1078 783 1133 neque
826 1074 977 1115 mors
1008 1076 1186 1131 neque
1219 1062 1415 1117 inferni
1450 1061 1822 1129 dominantur,
1855 1064 2029 1135 siqni-

454 1154 576 1207 dem
612 1162 971 1209 evemuerunt
1003 1167 1143 1220 quos
1175 1154 1430 1208 tenebant
1463 1155 1733 1223 captivos.

526 1241 636 1297 Pite
664 1257 791 1313 erga
820 1242 990 1296 Deum
1022 1243 1300 1307 mulieres,
1324 1241 1453 1312 quid
1478 1240 1725 1310 quan-itis
1750 1238 2027 1295 Christum

457 1345 519 1391 ut
579 1345 855 1392 mortuum
910 1336 965 1390 in
1027 1336 1317 1405 sepulcro?
1371 1333 1618 1390 Surrexit
1672 1334 1884 1404 sepulto
1942 1333 2030 1387 hic

458 1444 621 1501 quam
665 1429 897 1485 habebat
936 1443 1086 1486 mors
1128 1428 1319 1494 fetore,
1358 1429 1635 1497 bonasque
1673 1426 1887 1496 paravit
1946 1440 2032 1499 se-

463 1522 625 1577 mitas
652 1521 1002 1577 credentibus
1036 1521 1088 1574 in
1123 1536 1202 1576 se.

530 1611 970 1679 Oimmacnlata,
1000 1627 1131 1682 roga
1180 1611 1454 1665 Christum
1499 1624 1773 1679 egressum
1824 1624 1855 1662 e
1907 1607 2031 1662 sinu

463 1712 581 1769 tuo,
625 1712 677 1758 et
714 1706 916 1759 intacta
953 1712 1164 1758 servata
1215 1702 1520 1771 virginitate
1553 1701 1606 1753 in
1645 1700 1813 1770 gloria
1851 1715 2034 1755 resur—

464 1801 704 1865 gentem,
744 1802 800 1847 nt
834 1793 1015 1848 omnia
1050 1791 1318 1861 paciﬁcet.

688 1976 792 2040 Qui
820 1974 1036 2029 indutus
1065 1975 1261 2028 lumine
1283 1973 1433 2043 quasi
1464 1972 1784 2026 uestimento.

541 2067 643 2133 Qui
689 2074 742 2122 te
793 2066 999 2121 invidia
1031 2067 1182 2119 cruci
1215 2065 1523 2127 alliserunt,
1568 2062 1820 2117 foderunt
1854 2061 1973 2126 tibi,
2011 2075 2045 2116 0

468 2160 626 2214 valde
668 2159 881 2228 patiens
913 2156 1191 2220 Salvator,
1237 2170 1433 2209 manus
1471 2163 1524 2209 et
1565 2153 1728 2224 pedes
1759 2154 2046 2208 carnilices

471 2249 849 2318 dederuntque
879 2248 1068 2303 bibere
1101 2247 1170 2303 fel
1206 2258 1259 2302 et
1290 2254 1524 2301 acetum.

542 2340 832 2406 Quomodo
864 2340 957 2410 qui
989 2339 1099 2393 vita
1121 2349 1202 2394 est
1224 2339 1432 2409 positus
1464 2345 1547 2393 est
1576 2338 1629 2393 in
1662 2336 2047 2392 monumento?

478 2430 755 2499 quomodo
789 2429 997 2499 absque
1023 2428 1194 2483 halitu
1225 2428 1272 2483 is
1304 2443 1402 2498 per
1428 2442 1587 2497 quem
1619 2427 1830 2497 spirant
1860 2436 2049 2481 omnes

482 2523 748 2585 homines,
779 2522 867 2590 qui
903 2519 1141 2577 insuﬂlat
1171 2522 1333 2575 vitam
1366 2519 1595 2575 mortuis
1624 2528 1679 2575 et
1717 2518 2046 2588 redemptio-

481 2628 598 2667 nem
617 2612 640 2665 ?

550 2703 701 2758 Felix
757 2701 965 2757 Pascha
1023 2716 1131 2772 quo
1186 2700 1357 2770 erepti
1409 2698 1474 2753 de
1530 2700 1646 2754 orci
1703 2694 1946 2752 latibulis
1998 2703 2053 2750 et

480 2796 710 2865 exempti
767 2809 796 2846 a
848 2794 963 2846 dira
1022 2793 1283 2847 servitute
1331 2792 1385 2845 in
1438 2805 1619 2845 veram
1671 2786 2050 2860 promissionis

481 2899 681 2945 terrain
720 2886 969 2942 translati
1009 2886 1235 2939 sumus!

556 2981 738 3043 Salve,
776 2980 977 3033 intacta
1014 2976 1201 3047 Virgo,
1243 2976 1311 3029 ab
1350 2974 1604 3029 omnibus
1648 2970 1931 3026 benedicta
1965 2975 2051 3021 ut-

476 3079 618 3141 pote
654 3072 892 3125 liberans
927 3083 1027 3123 nos
1069 3083 1102 3120 a
1141 3066 1541 3128 maledictione,
1570 3079 1666 3135 per
1698 3077 1858 3133 quam
1893 3076 2052 3115 mun-

2137 516 2368 585 λέγουσα
2388 523 2401 537 ⁸
2421 520 2644 591 Ἀνέστη
2679 522 2707 572 6
2735 520 2959 591 Κύριος.

2382 612 2501 678 Τὴν
2522 613 2690 667 θείαν
2716 612 3023 679 ἐννοήσας
3045 626 3162 665 σου
3188 611 3466 666 κένωσιν.

2207 703 2311 755 Τὸν
2348 703 2472 770 ὅφιν
2514 702 2608 754 ἐπὶ
2641 701 2803 769 ξύλου
2851 701 3160 771 ἐνὲκρωσας
3188 742 3202 766 ,
3223 703 3317 755 καὶ
3344 702 3617 770 λογισθεὶς
3652 708 3713 759 ἐν

2134 793 2245 854 τοῖς
2274 795 2513 860 νεκροῖς,
2552 794 2579 846 6
2609 794 2665 844 ἐν
2695 792 2908 862 νεκροῖς
2945 789 3019 843 ὢν
3047 790 3351 863 ἐλεύθερος,
3396 791 3715 865 ἐλευθερίαν

2137 884 2406 954 παρέσχες
2428 883 2738 954 δεσμώταις
2771 884 2882 945 τοῖς
2917 883 3096 934 ἐκεῖσε
3124 882 3484 953 ὑπάρχουσιν.

2217 977 2275 1031 Ὀ
2311 976 2511 1048 Κύριος
2542 976 2726 1044 σαφῶς
2772 973 3137 1040 ἐϐασίλευσεν,
3179 973 3528 1041 ἀγαλλιάσθω
3563 976 3716 1028 πᾶσα

2136 1066 2232 1137 γῆ,
2259 1068 2319 1120 οὐ
2342 1067 2586 1137 κυριεύει
2608 1069 2636 1121 6
2662 1066 2913 1128 θάνατος,
2943 1065 3003 1117 οὐ
3036 1063 3310 1135 βασιλεύει
3343 1066 3371 1118 6
3399 1064 3534 1136 ᾷδης
3566 1082 3581 1095 ”
3615 1064 3716 1129 οὓς

2137 1152 2249 1228 εἶχε
2279 1158 2389 1227 γὰρ
2421 1157 2679 1228 δεσμίους
2715 1155 3004 1228 ἐξήμεσεν.

2206 1250 2465 1312 Γυναῖκες
2488 1248 2624 1319 μετὰ
2654 1246 2841 1319 μύρων
2862 1246 3149 1317 θεόφρονες
3171 1245 3223 1299 τί
3247 1248 3303 1301 ὲν
3334 1247 3413 1318 τῷ
3426 1247 3607 1318 τάφῳ,
3634 1249 3718 1311 ὡς

2139 1340 2347 1411 θνητὸν,
2371 1340 2603 1410 Χριστὸν
2627 1339 2841 1411 ζητεῖτε
2864 1357 2878 1407 ;
2913 1337 3231 1408 ἐγήγερται,
3255 1337 3315 1390 τὸ
3343 1338 3442 1393 τοῦ
3475 1332 3715 1393 θανάτου

2141 1432 2376 1495 δυσῶδες
2406 1431 2663 1501 ἐνθάψας,
2695 1430 2790 1485 καὶ
2818 1428 3341 1499 πιστοῦςηεὺωδίασε.

2210 1616 2444 1689 Χριστὸν
2469 1617 2559 1670 τὸν
2592 1615 2923 1689 προελθόντα
2959 1619 3021 1670 ἐκ
3052 1616 3263 1686 μήτρας
3291 1602 3406 1678 σου,
3441 1616 3535 1667 καλ⁸
3570 1633 3719 1686 παρ·

2143 1707 2323 1771 θενίας
2369 1708 2634 1780 μηδαμῶς
2674 1709 2971 1780 σφραγῖδας
3015 1707 3274 1771 λύσαντα,
3314 1705 3570 1775 ἄχραντε,
3615 1707 3721 1759 καὶ

2071 1787 2111 1841 Β
2145 1797 2454 1852 ἀναστάντα
2522 1799 2579 1851 ἐν
2623 1798 2747 1870 δόξῃ
2805 1798 3039 1852 δυσώπει
3086 1796 3398 1874 εξρηνεῦσαι
3449 1797 3516 1850 τὰ
3571 1795 3719 1867 σύμ-

2146 1908 2345 1945 παντα.

2369 1979 2953 2057 Ὀθάναὸαλλόμενος
2985 1981 3109 2050 φῶς
3136 1981 3217 2047 ὡς
3249 1981 3501 2051 ἱμάτιον.

2219 2071 2458 2143 Ὤρυξαν
2485 2072 2581 2134 τὰς
2606 2070 2793 2142 χεῖράς
2827 2087 2918 2122 σου
2943 2111 2958 2136 ,
2988 2070 3191 2141 Σῶτερ,
3224 2072 3319 2124 καὶ
3354 2071 3517 2134 πόδας
3551 2087 3647 2125 σου
3669 2072 3722 2123 οἱ

2147 2162 2445 2228 θεοκτόνοι,
2480 2163 2573 2215 ἐπὶ
2602 2159 2835 2229 σταυροῦ
2873 2177 2931 2214 σε
2959 2161 3137 2231 φθόνῳ
3166 2162 3591 2233 ἀναρτήσαντες,
3624 2162 3723 2215 καὶ

2146 2253 2306 2323 χολὴν
2331 2254 2424 2307 καὶ
2443 2252 2563 2317 δξος
2590 2252 2928 2316 ποτίσαντες,
2970 2251 3308 2324 μακρόθυμε.

2230 2341 2293 2394 Ἦ
2340 2341 2453 2413 ζωὴ
2498 2343 2555 2395 ἐν
2614 2343 2856 2411 μνήματι
2910 2340 3027 2403 πῶς
3077 2341 3458 2407 κατατίθεταις
3500 2339 3724 2411 πνοὴνδ

2149 2433 2282 2486 πᾶσι
2315 2432 2526 2505 βροτοῖς
2551 2434 2805 2503 παρέχων
2836 2431 3037 2494 ἄπνους
3060 2432 3178 2495 πῶς
3210 2432 3572 2500 γνωρίζεται;
3609 2435 3723 2493 τοῖς

2150 2524 2360 2592 νεκροῖς
2387 2521 2635 2592 ἐμπνέων
2669 2521 2816 2592 ζωὴν
2854 2520 2947 2573 καὶ
2967 2520 3377 2592 ἀπολύτρωσιν;

2227 2705 2417 2774 Πάσχα
2446 2703 2506 2756 τὸ
2561 2704 2828 2775 μακάριον
2861 2702 2926 2755 δι’
2947 2693 3007 2754 οὗ
3052 2701 3354 2773 ἀνήλθομεν
3382 2703 3443 2755 ἐκ
3465 2703 3571 2772 γῆς
3598 2695 3728 2757 κευ-

2154 2798 2387 2870 θμόνων,
2436 2797 2629 2868 Πάσχα
2681 2796 2925 2858 δουλείας
2975 2794 3040 2847 δι’
3074 2788 3136 2848 οὗ
3181 2794 3582 2866 ἐλυτρώθημεν,
3631 2795 3729 2848 καὶ

2153 2888 2484 2957 ἐπαγγελίας
2509 2887 2643 2959 πρὸς
2674 2889 2777 2959 γῆν
2805 2885 3251 2956 διεὸισάσθημεν.

2224 2978 2470 3046 Χαίροις,
2502 2978 2841 3048 ἀπειρόγαμε
2884 2977 2977 3031 καὶ
3018 2975 3442 3047 παντευλόγητε,
3482 2975 3731 3047 κατάρας

2155 3069 2327 3135 λύσις,
2359 3068 2426 3122 δι’
2451 3064 2520 3139 ἦς
2552 3070 2579 3120 6
2608 3067 2810 3138 κόσμος
2838 3067 3033 3137 ἀνέστη
3056 3067 3148 3121 τοῦ
3174 3066 3480 3137 πτώματος,
3511 3068 3602 3120 καὶ
3633 3067 3730 3121 τοῦ

489 3164 632 3217 dusa
651 3159 806 3232 lapsu
829 3160 1085 3221 surrexit,
1107 3168 1160 3213 et
1184 3153 1440 3214 laudibus
1461 3134 1673 3213 extollit
1694 3152 2054 3211 resurrectio-

2192 3161 2419 3216 ωοδότου
2450 3160 2662 3229 δοξάζει
2681 3167 2780 3237 τὴν
2805 3165 3125 3219 ἀνάστασιν.

490 3271 613 3312 nem
645 3255 828 3311 omnia
862 3254 1210 3309 viviticantis.

808 3346 1033 3401 Furiosa
1065 3345 1261 3400 elatam
1296 3343 1540 3412 ﬂuctibus
1574 3340 1760 3393 maris.

561 3437 894 3503 Crucifutts,
920 3451 1083 3507 quem
1111 3435 1384 3488 clauserat
1408 3429 1775 3485 inohedientia
1799 3422 2058 3496 aperuisti

493 3529 648 3594 mihi,
687 3527 816 3585 Jesu
846 3528 1086 3593 Christe,
1117 3523 1453 3596 paradisum,
1501 3531 1556 3575 et
1604 3531 1831 3586 surgens
1883 3524 2059 3570 tecum

495 3634 718 3690 surgere
744 3618 918 3673 fecisti
948 3624 1180 3672 cunctos
1202 3608 1417 3670 ﬁdeles.

564 3709 870 3766 Posucrunt
918 3718 972 3764 te
1012 3708 1066 3763 in
1100 3707 1220 3762 lacu
1256 3702 1502 3760 inferiori
1544 3706 1817 3755 mortuum
1858 3696 2064 3764 absque

497 3816 665 3867 voce,
716 3804 841 3856 vitae
891 3800 1157 3865 datorem,
1212 3797 1306 3867 qui
1368 3793 1598 3849 mortuis
1659 3786 1943 3844 insufﬂasti
1977 3798 2067 3839 re-

500 3894 920 3955 surrectionem,
951 3891 1154 3962 quique
1214 3888 1267 3943 in
1320 3887 1536 3942 inferno
1593 3884 1849 3954 degentes
1896 3880 2067 3934 viviti-

499 3988 657 4043 ttusti.

572 4080 920 4149 Ejulautibus
963 4078 1092 4133 olim
1134 4074 1387 4132 clamavit
1428 4073 1651 4143 angelus
1698 4069 2018 4124 mulieribus
2053 4085 2066 4120 :

500 4168 754 4226 Christus
797 4170 1121 4233 resurrexit,
1155 4168 1249 4229 ite,
1288 4160 1606 4219 annuntiate
1651 4161 1771 4231 ejus
1823 4172 2071 4214 resurre-

501 4272 734 4313 ct'onetn
776 4260 1061 4328 apostolis.

574 4346 784 4401 Salutat
826 4354 900 4408 te,
945 4343 1130 4413 Virgo,
1169 4342 1424 4411 Magister
1475 4354 1774 4410 assurgens
1802 4353 1833 4393 e
1865 4336 2075 4392 tumqu

2592 3343 2973 3415 Μαινομένην
3014 3342 3291 3397 κλύδωνι.

2232 3436 2572 3509 Σταυρωθεὶς
2624 3434 2865 3507 ἀνέῳξας
2910 3435 3292 3505 κεκλεισμένον
3334 3436 3401 3503 τῇ
3442 3436 3731 3504 παρακοῇ,

2175 3527 2349 3599 Ἰησοῦ
2388 3527 2588 3595 Χριστέ
2642 3543 2768 3597 μου,
2794 3524 2887 3578 τὸν
2940 3525 3268 3595 παράδεισον
3292 3563 3307 3589 ,
3362 3523 3456 3576 καὶ
3496 3524 3735 3586 ἀναστὰς

2165 3618 2374 3679 πάντας
2402 3617 2628 3679 πιστοὺς
2663 3615 3088 3687 συνανέστησας.

2238 3706 2459 3761 Ἔθεντο
2493 3708 2551 3760 ἐν
2589 3708 2777 3778 λάκκῳ
2812 3723 2871 3760 σε
2919 3707 3217 3775 κατωτάτῳ
3258 3705 3469 3773 ἄφωνον
3500 3704 3735 3775 νεκρὸν,

2165 3798 2258 3851 τὸν
2290 3799 2503 3866 νεκροῖς
2536 3798 2840 3865 ἐμπνέοντα
2865 3798 3176 3862 ἀνάστασιν,
3197 3793 3460 3858 Ζωοδότα,
3487 3794 3582 3847 καὶ
3610 3796 3738 3858 τοὺς

2168 3892 2224 3943 ἐν
2248 3890 2347 3961 ᾅδῃ
2378 3888 2696 3953 ζωὼσαντα.

2205 4064 2491 4130 .ῐ“υναιξὶν
2543 4064 2732 4135 ἐϐόησε
2785 4062 3182 4133 θρηνῳδούσαις
3216 4060 3445 4128 ἄγγελός
3481 4077 3631 4113 ποτε
3684 4062 3747 4117 '0

2174 4158 2402 4228 Χριστὸς
2427 4157 2755 4227 ἐγήγερται·
2808 4152 3111 4224 πορεύθητε
3135 4194 3148 4220 ,
3188 4153 3507 4216 ἀποστόλοις
3548 4152 3748 4206 τούτου

2174 4249 2272 4319 τὴν
2301 4251 2518 4321 ἔγερσιν
2543 4250 2756 4304 εἴπατε.

2248 4341 2443 4408 Χαῖρε,
2486 4343 2568 4393 σοὶ
2625 4340 3072 4412 προσφθέγγεται
3119 4333 3193 4395 ὡς
3249 4332 3401 4404 αἰτίᾳ
3454 4330 3589 4402 οὔσῃ
3643 4331 3753 4401 τῆς

505 4445 563 4487 ut
594 4450 815 4492 causam
847 4443 1048 4487 nostra:
1082 4432 1319 4485 laetitiae:
1356 4430 1498 4499 apud
1522 4445 1645 4484 eum
1684 4428 1849 4482 funde
1888 4442 2054 4497 prece:

2191 4432 2373 4500 χαρᾶς,
2393 4432 2652 4497 ἀναστὰς,
2686 4430 2951 4499 Παρθένε,
2973 4429 3038 4479 ἐκ
3065 4424 3158 4477 τοῦ
3183 4425 3463 4495 μνήματος
3489 4428 3515 4478 6
3542 4424 3755 4476 Δεσπὸ-

506 4538 604 4594 pro
634 4523 893 4577 omnibus
921 4520 1100 4575 nobis.

644 4613 721 4667 Tu
755 4595 1179 4680 sttperexaltatus
1214 4610 1352 4665 Deus
1385 4620 1597 4679 patrum
1630 4621 1951 4663 nostrorum.

556 4702 1183 4773 .lneomprehcnsibilis,
1217 4715 1385 4756 carne
1420 4708 1704 4770 assumpta
1735 4697 2084 4754 mortalitatis

438 4827 478 4866 ‘.
509 4805 732 4856 nostrae,
765 4792 1015 4863 cruciﬂgi
1048 4791 1250 4859 voluit;
1282 4792 1519 4847 moriens
1555 4799 1782 4845 mortem
1816 4786 2086 4843 destruxit

508 4889 698 4943 volens
726 4899 831 4939 nos
862 4883 1023 4939 morti
1055 4883 1326 4938 obnoxios
1355 4882 1539 4954 facere
1568 4880 1925 4936 immortales.

576 4976 782 5033 Omnes
814 4972 1026 5030 festivis
1054 4974 1310 5030 cantibus
1343 4973 1686 5029 celebremus
1710 4970 1940 5037 Pascha,
1971 4976 2090 5041 post

432 5112 439 5117 -
514 5085 625 5128 tres
656 5070 776 5125 dies
816 5068 1059 5124 surrexit
1100 5066 1356 5123 Christus
1399 5082 1429 5122 e
1455 5076 1827 5132 monumento,
1861 5072 2092 5120 cunctos

514 5171 833 5225 illuminans
868 5165 1279 5220 cunelamantcs
1316 5180 1330 5216 :
1366 5159 1692 5214 Benedictus
1732 5173 1813 5224 es,
1843 5158 2088 5212 Domine.

588 5264 698 5317 Cur
730 5275 874 5313 nune
907 5256 1142 5312 ell'uudis
1187 5253 1344 5309 ﬂetus
1395 5265 1631 5316 amaros,
1664 5265 1697 5305 ο
1728 5251 1941 5318 mulier,
1977 5253 2092 5305 aie-

522 5358 611 5412 bat
669 5355 926 5413 Christus
992 5351 1199 5421 Virgini
1264 5348 1421 5419 juxta
1503 5356 1916 5400 monumentum
1981 5346 2093 5399 hare

523 5449 825 5504 modulanti
863 5468 876 5503 :
917 5444 1245 5503 Benedictus
1277 5456 1359 5504 es,
1397 5438 1644 5494 Domine.

448 5576 451 5579 ‹
544 5538 547 5541 ’
597 5537 723 5592 Sola
778 5547 907 5592 ante
962 5536 1099 5591 alias
1158 5530 1414 5586 mulieres
1473 5528 1835 5599 contemplata
1889 5519 2094 5591 est'te,

524 5632 758 5693 Christe,
818 5629 1100 5701 splendide
1152 5631 1526 5696 assurgentem
1583 5621 1651 5676 de
1703 5622 1932 5683 tumulo,
1971 5636 2098 5675 san-

528 5721 770 5777 ctissima
799 5721 985 5794 Virgo,
1017 5718 1368 5790 suscepitque
1394 5714 1461 5770 ab
1486 5728 1582 5769 ore
1615 5721 1707 5767 tuo
1739 5712 1990 5767 salutem.

2184 4539 2303 4591 της,
2332 4523 2389 4577 ὃν
2420 4524 2561 4591 ὑπὲρ
2593 4524 2811 4576 πάντων
2841 4522 3071 4575 ἱκέτευε.

2337 4613 2389 4667 '0
2413 4616 2910 4683 ὑπερυψούμενος
2940 4617 3061 4669 τῶν
3085 4617 3352 4683 πατέρων
3377 4613 3606 4679 Κύριος.

2266 4704 2326 4758 ’0
2361 4704 2716 4776 ἀπερινόητος
2748 4706 2927 4776 σάρκα
2947 4707 3305 4777 ἐνδυσάμενος
3335 4702 3567 4771 σταυρὸν
3615 4717 3753 4755 κατ-

2188 4795 2403 4887 εδέξατο
2425 4835 2439 4860 ,
2475 4795 2568 4847 καὶ
2613 4792 2841 4857 θάνατον
2878 4794 3045 4851 ὤλεσε
3089 4795 3304 4865 θανάτῳ
3339 4793 3466 4855 τοὺς
3501 4788 3759 4852 θανόντας

2191 4885 2472 4957 βουληθεὶς
2499 4886 2843 4940 ἀθανατίσαι.

2262 4976 2457 5046 Πάσχα
2484 4978 2517 5047 ὴ
2548 4977 2857 5049 πανήγυρις
2882 4980 3081 5035 πάντες
3112 4969 3481 5044 ἐορτάσωμεν,
3522 4966 3761 5033 Χριστος

2195 5068 2258 5120 ἐκ
2290 5066 2383 5120 τοῦ
2421 5069 2702 5138 μνήματος
2726 5070 2938 5141 ἠγέρθη
2968 5070 3264 5140 τριήμερος
3286 5101 3301 5126 ,
3343 5057 3593 5130 φωτίζων
3635 5059 3763 5118 τοὺς

2197 5157 2455 5228 βοῶντας*
2494 5159 2551 5212 '0
2572 5159 2724 5226 Θεὸς,
2757 5159 3045 5229 εὐλογητὸς
3078 5153 3149 5210 εἴ.

2266 5248 2451 5314 Γύναι,
2478 5250 2531 5302 τί
2558 5253 2669 5312 τοῖς
2707 5250 2940 5317 δάκρυσι
2979 5244 3193 5316 πικρῶς
3241 5241 3336 5295 νῦν
3384 5239 3770 5308 συγκέχυσαις

2195 5310 2829 5414 Χριπὸςῇάπεφθέγγεοτο
2848 5310 3193 5411 πλησίον-τοῦ
3216 5334 3498 5405 μνήματος
3515 5334 3581 5403 τῇ
3610 5329 3771 5402 Κόρῃ

2201 5432 2532 5507 μελῳδούσῃ·
2571 5427 2628 5487 ⁸0
2657 5433 2808 5497 Θεὸς,
2836 5429 3128 5499 εὐλογητὸς
3153 5421 3225 5482 εἴ.

2266 5527 2418 5595 Μόνη
2435 5526 2540 5596 πρδ
2559 5526 2666 5579 τῶν
2683 5526 2857 5580 ἄλλων
2874 5540 2931 5577 σε
2957 5524 3232 5591 γυναικῶν
3254 5518 3524 5583 τεθέαται,
3544 5522 3779 5592 Χριστὲ,

2200 5618 2263 5669 ἐκ
2290 5615 2382 5668 τοῦ
2420 5617 2699 5687 μνήματος
2728 5616 2946 5685 ὼραίως
2980 5618 3335 5690 ἀστράψαντα
3354 5660 3367 5685 ,
3397 5618 3430 5689 ή
3462 5616 3602 5688 μόνη
3632 5632 3776 5669 παν-

2201 5706 2332 5776 αγία
2354 5707 2701 5762 ὲπακούσασα
2731 5709 2810 5773 τὸ,
2842 5700 3033 5783 Χαῖρε.
