  <div class='ocr_page' id='page_1' title='image "/cluster/home/n/w/nwhite01/storage/ocr_20150623/87:3/hvd.32044069650125/574.png"; bbox 0 0 3960 6194; ppageno 0'>
   <div class='ocr_carea' id='block_1_1' title="bbox 760 377 1919 450">
    <p class='ocr_par' dir='ltr' id='par_1_1' title="bbox 760 377 1919 450">
     <span class='ocr_line' id='line_1_1' title="bbox 760 377 1919 450; baseline -0.003 -15"><span class='ocrx_word' id='word_1_1' title='bbox 760 380 859 435; x_wconf 71' lang='grc' dir='ltr'><strong>Σο)</strong></span> <span class='ocrx_word' id='word_1_2' title='bbox 891 377 971 443; x_wconf 77' lang='grc' dir='ltr'>τῷ</span> <span class='ocrx_word' id='word_1_3' title='bbox 1001 377 1375 450; x_wconf 75' lang='grc' dir='ltr'>παντουργῷ.</span> <span class='ocrx_word' id='word_1_4' title='bbox 1873 378 1919 432; x_wconf 78' lang='grc' dir='ltr'><strong>Δ</strong></span> 
     </span>
    </p>
   </div>
   <div class='ocr_carea' id='block_1_2' title="bbox 346 464 1843 543">
    <p class='ocr_par' dir='ltr' id='par_1_2' title="bbox 346 464 1843 543">
     <span class='ocr_line' id='line_1_2' title="bbox 346 464 1843 543; baseline -0.006 -18"><span class='ocrx_word' id='word_1_5' title='bbox 346 474 414 525; x_wconf 68' lang='grc' dir='ltr'>Σὲ</span> <span class='ocrx_word' id='word_1_6' title='bbox 466 474 559 527; x_wconf 73' lang='grc' dir='ltr'>τὸν</span> <span class='ocrx_word' id='word_1_7' title='bbox 610 472 949 542; x_wconf 82' lang='grc' dir='ltr'>παντουργδν</span> <span class='ocrx_word' id='word_1_8' title='bbox 984 470 1357 543; x_wconf 78' lang='grc' dir='ltr'>ἀναρτηθέντα</span> <span class='ocrx_word' id='word_1_9' title='bbox 1412 466 1553 538; x_wconf 82' lang='grc' dir='ltr'>ξύλῳ</span> <span class='ocrx_word' id='word_1_10' title='bbox 1589 464 1749 537; x_wconf 78' lang='grc' dir='ltr'>χολὴν</span> <span class='ocrx_word' id='word_1_11' title='bbox 1792 465 1843 517; x_wconf 85' lang='lat' dir='ltr'><strong>oi.</strong></span> 
     </span>
    </p>
   </div>
   <div class='ocr_carea' id='block_1_3' title="bbox 277 544 1845 637">
    <p class='ocr_par' dir='ltr' id='par_1_3' title="bbox 277 544 1845 637">
     <span class='ocr_line' id='line_1_3' title="bbox 277 544 1845 637; baseline -0.008 -17"><span class='ocrx_word' id='word_1_12' title='bbox 277 566 588 637; x_wconf 68' lang='grc' dir='ltr'>παράνομοι</span> <span class='ocrx_word' id='word_1_13' title='bbox 616 565 803 637; x_wconf 73' lang='grc' dir='ltr'>ἐχθροὶ</span> <span class='ocrx_word' id='word_1_14' title='bbox 818 563 1087 630; x_wconf 78' lang='grc' dir='ltr'>ἑπότιζον,</span> <span class='ocrx_word' id='word_1_15' title='bbox 1107 544 1230 634; x_wconf 82' lang='grc' dir='ltr'>μέλι</span> <span class='ocrx_word' id='word_1_16' title='bbox 1262 563 1325 614; x_wconf 78' lang='grc' dir='ltr'>ὲκ</span> <span class='ocrx_word' id='word_1_17' title='bbox 1343 559 1547 628; x_wconf 81' lang='grc' dir='ltr'><strong>πέτρας</strong></span> <span class='ocrx_word' id='word_1_18' title='bbox 1576 556 1845 630; x_wconf 83' lang='grc' dir='ltr'>θηλάσαν-</span> 
     </span>
    </p>
   </div>
   <div class='ocr_carea' id='block_1_4' title="bbox 283 648 1846 727">
    <p class='ocr_par' dir='ltr' id='par_1_4' title="bbox 283 648 1846 727">
     <span class='ocr_line' id='line_1_4' title="bbox 283 648 1846 727; baseline -0.007 -18"><span class='ocrx_word' id='word_1_19' title='bbox 283 675 399 721; x_wconf 82' lang='grc' dir='ltr'>τες,</span> <span class='ocrx_word' id='word_1_20' title='bbox 430 656 696 727; x_wconf 73' lang='grc' dir='ltr'><strong>διψῶντες</strong></span> <span class='ocrx_word' id='word_1_21' title='bbox 724 656 893 711; x_wconf 83' lang='grc' dir='ltr'>πάλαι</span> <span class='ocrx_word' id='word_1_22' title='bbox 925 657 983 709; x_wconf 80' lang='grc' dir='ltr'>ὲν</span> <span class='ocrx_word' id='word_1_23' title='bbox 1008 656 1198 726; x_wconf 77' lang='grc' dir='ltr'>ἐρήμῳ</span> <span class='ocrx_word' id='word_1_24' title='bbox 1224 655 1291 724; x_wconf 71' lang='grc' dir='ltr'>τῇ</span> <span class='ocrx_word' id='word_1_25' title='bbox 1324 654 1413 723; x_wconf 83' lang='grc' dir='ltr'><strong>σῇ,</strong></span> <span class='ocrx_word' id='word_1_26' title='bbox 1442 648 1846 721; x_wconf 79' lang='grc' dir='ltr'>Χριστὲ,προσ-</span> 
     </span>
    </p>
   </div>
   <div class='ocr_carea' id='block_1_5' title="bbox 274 753 447 818">
    <p class='ocr_par' dir='ltr' id='par_1_5' title="bbox 274 753 447 818">
     <span class='ocr_line' id='line_1_5' title="bbox 274 753 447 818; baseline 0.023 -13"><span class='ocrx_word' id='word_1_27' title='bbox 274 753 447 818; x_wconf 79' lang='grc' dir='ltr'>τάξει.</span> 
     </span>
    </p>
   </div>
   <div class='ocr_carea' id='block_1_6' title="bbox 345 828 1844 914">
    <p class='ocr_par' dir='ltr' id='par_1_6' title="bbox 345 828 1844 914">
     <span class='ocr_line' id='line_1_6' title="bbox 345 828 1844 914; baseline -0.011 -18"><span class='ocrx_word' id='word_1_28' title='bbox 345 840 650 914; x_wconf 85' lang='grc' dir='ltr'>Νέκρωσιν,</span> <span class='ocrx_word' id='word_1_29' title='bbox 688 838 911 911; x_wconf 72' lang='grc' dir='ltr'>Χριστὶ,</span> <span class='ocrx_word' id='word_1_30' title='bbox 941 834 1035 890; x_wconf 67' lang='grc' dir='ltr'><strong>ἐπὶ</strong></span> <span class='ocrx_word' id='word_1_31' title='bbox 1081 831 1314 905; x_wconf 83' lang='grc' dir='ltr'>σταυροῦ</span> <span class='ocrx_word' id='word_1_32' title='bbox 1347 831 1618 901; x_wconf 80' lang='grc' dir='ltr'>ὑπέστης,</span> <span class='ocrx_word' id='word_1_33' title='bbox 1667 828 1844 892; x_wconf 74' lang='grc' dir='ltr'>τεθεὶς</span> 
     </span>
    </p>
   </div>
   <div class='ocr_carea' id='block_1_7' title="bbox 276 917 1845 1000">
    <p class='ocr_par' dir='ltr' id='par_1_7' title="bbox 276 917 1845 1000">
     <span class='ocr_line' id='line_1_7' title="bbox 276 917 1845 1000; baseline -0.009 -17"><span class='ocrx_word' id='word_1_34' title='bbox 276 932 334 985; x_wconf 74' lang='grc' dir='ltr'>δὲ</span> <span class='ocrx_word' id='word_1_35' title='bbox 375 932 434 984; x_wconf 70' lang='grc' dir='ltr'>ιν</span> <span class='ocrx_word' id='word_1_36' title='bbox 467 932 709 1000; x_wconf 82' lang='grc' dir='ltr'><strong>μνήματι</strong></span> <span class='ocrx_word' id='word_1_37' title='bbox 762 926 955 998; x_wconf 79' lang='grc' dir='ltr'>νεκρὸς</span> <span class='ocrx_word' id='word_1_38' title='bbox 1004 924 1302 995; x_wconf 87' lang='grc' dir='ltr'>τριήμερος</span> <span class='ocrx_word' id='word_1_39' title='bbox 1354 920 1563 982; x_wconf 82' lang='grc' dir='ltr'><strong>πάντας</strong></span> <span class='ocrx_word' id='word_1_40' title='bbox 1610 917 1845 987; x_wconf 73' lang='grc' dir='ltr'>ἐγείρεις</span> 
     </span>
    </p>
   </div>
   <div class='ocr_carea' id='block_1_8' title="bbox 278 1008 1847 1089">
    <p class='ocr_par' dir='ltr' id='par_1_8' title="bbox 278 1008 1847 1089">
     <span class='ocr_line' id='line_1_8' title="bbox 278 1008 1847 1089; baseline -0.003 -20"><span class='ocrx_word' id='word_1_41' title='bbox 278 1019 507 1089; x_wconf 82' lang='grc' dir='ltr'>νεκροὺς</span> <span class='ocrx_word' id='word_1_42' title='bbox 527 1014 625 1072; x_wconf 83' lang='grc' dir='ltr'><strong>’ἀπ’</strong></span> <span class='ocrx_word' id='word_1_43' title='bbox 654 1017 870 1082; x_wconf 71' lang='grc' dir='ltr'>αἰῶνος,</span> <span class='ocrx_word' id='word_1_44' title='bbox 886 1011 1384 1086; x_wconf 82' lang='grc' dir='ltr'>ἀνυμνολογοῦντας</span> <span class='ocrx_word' id='word_1_45' title='bbox 1410 1010 1512 1082; x_wconf 78' lang='grc' dir='ltr'><strong>τήν</strong></span> <span class='ocrx_word' id='word_1_46' title='bbox 1544 1010 1642 1081; x_wconf 80' lang='grc' dir='ltr'>σὴν</span> <span class='ocrx_word' id='word_1_47' title='bbox 1659 1008 1847 1080; x_wconf 85' lang='grc' dir='ltr'>φιλαν-</span> 
     </span>
    </p>
   </div>
   <div class='ocr_carea' id='block_1_9' title="bbox 282 1107 1197 1177">
    <p class='ocr_par' dir='ltr' id='par_1_9' title="bbox 282 1107 1197 1177">
     <span class='ocr_line' id='line_1_9' title="bbox 282 1107 1197 1177; baseline -0.009 -18"><span class='ocrx_word' id='word_1_48' title='bbox 282 1107 308 1159; x_wconf 83' lang='grc' dir='ltr'><strong>θ</strong></span> <span class='ocrx_word' id='word_1_49' title='bbox 317 1108 549 1177; x_wconf 78' lang='grc' dir='ltr'><strong>ρωπίαν.</strong></span> <span class='ocrx_word' id='word_1_50' title='bbox 816 1129 824 1133; x_wconf 91' lang='grc'><strong><em>-</em></strong></span> <span class='ocrx_word' id='word_1_51' title='bbox 1194 1150 1197 1151; x_wconf 65' lang='lat'>,</span> 
     </span>
    </p>
   </div>
   <div class='ocr_carea' id='block_1_10' title="bbox 352 1189 1845 1266">
    <p class='ocr_par' dir='ltr' id='par_1_10' title="bbox 352 1189 1845 1266">
     <span class='ocr_line' id='line_1_10' title="bbox 352 1189 1845 1266; baseline -0.003 -17"><span class='ocrx_word' id='word_1_52' title='bbox 352 1194 536 1261; x_wconf 83' lang='grc' dir='ltr'>Δεῦτε,</span> <span class='ocrx_word' id='word_1_53' title='bbox 572 1195 850 1266; x_wconf 79' lang='grc' dir='ltr'><strong>μυστικῶς</strong></span> <span class='ocrx_word' id='word_1_54' title='bbox 901 1191 1198 1262; x_wconf 79' lang='grc' dir='ltr'><strong>ἀλαλαγμῷ</strong></span> <span class='ocrx_word' id='word_1_55' title='bbox 1232 1191 1294 1244; x_wconf 81' lang='grc' dir='ltr'>ὲν</span> <span class='ocrx_word' id='word_1_56' title='bbox 1355 1189 1473 1260; x_wconf 82' lang='grc' dir='ltr'>Θεῷ</span> <span class='ocrx_word' id='word_1_57' title='bbox 1524 1190 1622 1252; x_wconf 84' lang='grc' dir='ltr'><strong>τὰς</strong></span> <span class='ocrx_word' id='word_1_58' title='bbox 1657 1191 1845 1260; x_wconf 81' lang='grc' dir='ltr'>χεῖρας</span> 
     </span>
    </p>
   </div>
   <div class='ocr_carea' id='block_1_11' title="bbox 281 1281 1846 1359">
    <p class='ocr_par' dir='ltr' id='par_1_11' title="bbox 281 1281 1846 1359">
     <span class='ocr_line' id='line_1_11' title="bbox 281 1281 1846 1359; baseline -0.005 -16"><span class='ocrx_word' id='word_1_59' title='bbox 281 1290 655 1359; x_wconf 75' lang='grc' dir='ltr'>κρατήσωμεν,</span> <span class='ocrx_word' id='word_1_60' title='bbox 684 1291 779 1341; x_wconf 85' lang='grc' dir='ltr'>καὶ</span> <span class='ocrx_word' id='word_1_61' title='bbox 811 1284 1228 1357; x_wconf 82' lang='grc' dir='ltr'>μελῳδήσωμεν,</span> <span class='ocrx_word' id='word_1_62' title='bbox 1258 1281 1443 1336; x_wconf 84' lang='grc' dir='ltr'>Πάντα</span> <span class='ocrx_word' id='word_1_63' title='bbox 1470 1282 1538 1337; x_wconf 84' lang='grc' dir='ltr'><strong>τὰ</strong></span> <span class='ocrx_word' id='word_1_64' title='bbox 1564 1282 1721 1357; x_wconf 75' lang='grc' dir='ltr'>ἔργα,</span> <span class='ocrx_word' id='word_1_65' title='bbox 1755 1283 1846 1335; x_wconf 74' lang='grc' dir='ltr'><strong>τὸν</strong></span> 
     </span>
    </p>
   </div>
   <div class='ocr_carea' id='block_1_12' title="bbox 281 1377 757 1449">
    <p class='ocr_par' dir='ltr' id='par_1_12' title="bbox 281 1377 757 1449">
     <span class='ocr_line' id='line_1_12' title="bbox 281 1377 757 1449; baseline -0.002 -18"><span class='ocrx_word' id='word_1_66' title='bbox 281 1378 486 1449; x_wconf 82' lang='grc' dir='ltr'>Κύριον</span> <span class='ocrx_word' id='word_1_67' title='bbox 515 1377 757 1446; x_wconf 76' lang='grc' dir='ltr'>ὑμνεῖτε.</span> 
     </span>
    </p>
   </div>
   <div class='ocr_carea' id='block_1_13' title="bbox 350 1463 1844 1535">
    <p class='ocr_par' dir='ltr' id='par_1_13' title="bbox 350 1463 1844 1535">
     <span class='ocr_line' id='line_1_13' title="bbox 350 1463 1844 1535; baseline -0.003 -15"><span class='ocrx_word' id='word_1_68' title='bbox 350 1467 577 1535; x_wconf 85' lang='grc' dir='ltr'>Χαίρεις</span> <span class='ocrx_word' id='word_1_69' title='bbox 603 1468 668 1525; x_wconf 79' lang='grc' dir='ltr'><strong>έκ</strong></span> <span class='ocrx_word' id='word_1_70' title='bbox 691 1466 901 1535; x_wconf 80' lang='grc' dir='ltr'>νεκρῶν</span> <span class='ocrx_word' id='word_1_71' title='bbox 930 1464 1020 1518; x_wconf 77' lang='grc' dir='ltr'>τὸν</span> <span class='ocrx_word' id='word_1_72' title='bbox 1051 1463 1291 1535; x_wconf 85' lang='grc' dir='ltr'>Κτίστην</span> <span class='ocrx_word' id='word_1_73' title='bbox 1314 1464 1625 1529; x_wconf 71' lang='grc' dir='ltr'>κατιδοῦσα,</span> <span class='ocrx_word' id='word_1_74' title='bbox 1654 1463 1844 1533; x_wconf 80' lang='grc' dir='ltr'>Ἀγνὴ,</span> 
     </span>
    </p>
   </div>
   <div class='ocr_carea' id='block_1_14' title="bbox 281 1553 1848 1626">
    <p class='ocr_par' dir='ltr' id='par_1_14' title="bbox 281 1553 1848 1626">
     <span class='ocr_line' id='line_1_14' title="bbox 281 1553 1848 1626; baseline -0.001 -18"><span class='ocrx_word' id='word_1_75' title='bbox 281 1556 647 1626; x_wconf 70' lang='grc' dir='ltr'>ἐγειρόμενον,</span> <span class='ocrx_word' id='word_1_76' title='bbox 685 1557 779 1609; x_wconf 73' lang='grc' dir='ltr'>καὶ</span> <span class='ocrx_word' id='word_1_77' title='bbox 812 1557 947 1609; x_wconf 82' lang='grc' dir='ltr'>πᾶσι</span> <span class='ocrx_word' id='word_1_78' title='bbox 976 1554 1205 1624; x_wconf 79' lang='grc' dir='ltr'>νέμοντα</span> <span class='ocrx_word' id='word_1_79' title='bbox 1236 1553 1395 1626; x_wconf 82' lang='grc' dir='ltr'>χάριν</span> <span class='ocrx_word' id='word_1_80' title='bbox 1431 1555 1580 1625; x_wconf 75' lang='grc' dir='ltr'>ζωήν</span> <span class='ocrx_word' id='word_1_81' title='bbox 1608 1571 1668 1606; x_wconf 91' lang='grc' dir='ltr'><strong>τε</strong></span> <span class='ocrx_word' id='word_1_82' title='bbox 1690 1594 1704 1616; x_wconf 88' lang='grc'><strong>,</strong></span> <span class='ocrx_word' id='word_1_83' title='bbox 1754 1555 1848 1615; x_wconf 64' lang='grc' dir='ltr'>καὶ</span> 
     </span>
    </p>
   </div>
   <div class='ocr_carea' id='block_1_15' title="bbox 280 1644 1848 1720">
    <p class='ocr_par' dir='ltr' id='par_1_15' title="bbox 280 1644 1848 1720">
     <span class='ocr_line' id='line_1_15' title="bbox 280 1644 1848 1720; baseline 0 -22"><span class='ocrx_word' id='word_1_84' title='bbox 280 1646 375 1716; x_wconf 78' lang='grc' dir='ltr'>τὴν</span> <span class='ocrx_word' id='word_1_85' title='bbox 412 1646 727 1720; x_wconf 77' lang='grc' dir='ltr'>ἐλευθερίαν</span> <span class='ocrx_word' id='word_1_86' title='bbox 769 1649 882 1711; x_wconf 86' lang='grc' dir='ltr'>τοῖς</span> <span class='ocrx_word' id='word_1_87' title='bbox 934 1644 1288 1716; x_wconf 78' lang='grc' dir='ltr'><strong>ὁμολογοῦσιν</strong></span> <span class='ocrx_word' id='word_1_88' title='bbox 1341 1646 1503 1700; x_wconf 72' lang='grc' dir='ltr'>αὑτὸν</span> <span class='ocrx_word' id='word_1_89' title='bbox 1553 1647 1687 1700; x_wconf 80' lang='grc' dir='ltr'>Θεὸν</span> <span class='ocrx_word' id='word_1_90' title='bbox 1741 1646 1848 1699; x_wconf 89' lang='grc' dir='ltr'><strong>τῶν</strong></span> 
     </span>
    </p>
   </div>
   <div class='ocr_carea' id='block_1_16' title="bbox 280 1736 438 1792">
    <p class='ocr_par' dir='ltr' id='par_1_16' title="bbox 280 1736 438 1792">
     <span class='ocr_line' id='line_1_16' title="bbox 280 1736 438 1792; baseline 0.013 -2"><span class='ocrx_word' id='word_1_91' title='bbox 280 1736 438 1792; x_wconf 79' lang='grc' dir='ltr'>ὅλων.</span> 
     </span>
    </p>
   </div>
   <div class='ocr_carea' id='block_1_17' title="bbox 825 1827 1315 1901">
    <p class='ocr_par' dir='ltr' id='par_1_17' title="bbox 825 1827 1315 1901">
     <span class='ocr_line' id='line_1_17' title="bbox 825 1827 1315 1901; baseline -0.004 -18"><span class='ocrx_word' id='word_1_92' title='bbox 825 1827 1055 1896; x_wconf 80' lang='grc' dir='ltr'>Ἡσαΐα,</span> <span class='ocrx_word' id='word_1_93' title='bbox 1088 1831 1315 1901; x_wconf 83' lang='grc' dir='ltr'>χόρευε.</span> 
     </span>
    </p>
   </div>
   <div class='ocr_carea' id='block_1_18' title="bbox 366 1914 1881 1991">
    <p class='ocr_par' dir='ltr' id='par_1_18' title="bbox 366 1914 1881 1991">
     <span class='ocr_line' id='line_1_18' title="bbox 366 1914 1881 1991; baseline 0 -21"><span class='ocrx_word' id='word_1_94' title='bbox 366 1916 427 1971; x_wconf 88' lang='grc' dir='ltr'><strong>Ὀ</strong></span> <span class='ocrx_word' id='word_1_95' title='bbox 478 1918 709 1989; x_wconf 79' lang='grc' dir='ltr'>Χριστὸς</span> <span class='ocrx_word' id='word_1_96' title='bbox 770 1919 1068 1991; x_wconf 75' lang='grc' dir='ltr'>ἐγήγερται</span> <span class='ocrx_word' id='word_1_97' title='bbox 1114 1921 1430 1984; x_wconf 80' lang='grc' dir='ltr'>καταλύσας</span> <span class='ocrx_word' id='word_1_98' title='bbox 1506 1920 1710 1991; x_wconf 83' lang='grc' dir='ltr'>κράτος</span> <span class='ocrx_word' id='word_1_99' title='bbox 1759 1914 1881 1973; x_wconf 80' lang='grc' dir='ltr'><strong>τοῦ¹</strong></span> 
     </span>
    </p>
   </div>
   <div class='ocr_carea' id='block_1_19' title="bbox 290 2006 1858 2082">
    <p class='ocr_par' dir='ltr' id='par_1_19' title="bbox 290 2006 1858 2082">
     <span class='ocr_line' id='line_1_19' title="bbox 290 2006 1858 2082; baseline 0.001 -24"><span class='ocrx_word' id='word_1_100' title='bbox 290 2007 547 2077; x_wconf 70' lang='grc' dir='ltr'>Ἐχθροῦο</span> <span class='ocrx_word' id='word_1_101' title='bbox 573 2008 952 2079; x_wconf 80' lang='grc' dir='ltr'>εὐφραίνεσθε,</span> <span class='ocrx_word' id='word_1_102' title='bbox 981 2010 1224 2081; x_wconf 75' lang='grc' dir='ltr'>οὐρανοὶ,</span> <span class='ocrx_word' id='word_1_103' title='bbox 1249 2011 1461 2082; x_wconf 80' lang='grc' dir='ltr'>χόρευε,</span> <span class='ocrx_word' id='word_1_104' title='bbox 1485 2011 1518 2080; x_wconf 80' lang='grc' dir='ltr'><strong>ἡ</strong></span> <span class='ocrx_word' id='word_1_105' title='bbox 1547 2009 1642 2077; x_wconf 83' lang='grc' dir='ltr'><strong>γῆ.</strong></span> <span class='ocrx_word' id='word_1_106' title='bbox 1673 2006 1858 2061; x_wconf 80' lang='grc' dir='ltr'>οὐκέτι</span> 
     </span>
    </p>
   </div>
   <div class='ocr_carea' id='block_1_20' title="bbox 286 2097 1858 2172">
    <p class='ocr_par' dir='ltr' id='par_1_20' title="bbox 286 2097 1858 2172">
     <span class='ocr_line' id='line_1_20' title="bbox 286 2097 1858 2172; baseline -0.001 -22"><span class='ocrx_word' id='word_1_107' title='bbox 286 2100 313 2150; x_wconf 75' lang='grc' dir='ltr'>ὁ</span> <span class='ocrx_word' id='word_1_108' title='bbox 346 2098 572 2163; x_wconf 80' lang='grc' dir='ltr'>θάνατος</span> <span class='ocrx_word' id='word_1_109' title='bbox 603 2099 905 2169; x_wconf 73' lang='grc' dir='ltr'><strong>βασιλεύειο¹</strong></span> <span class='ocrx_word' id='word_1_110' title='bbox 942 2100 1037 2164; x_wconf 77' lang='grc' dir='ltr'>οὓς</span> <span class='ocrx_word' id='word_1_111' title='bbox 1099 2100 1208 2172; x_wconf 80' lang='grc' dir='ltr'><strong>γὰρ</strong></span> <span class='ocrx_word' id='word_1_112' title='bbox 1255 2098 1476 2171; x_wconf 73' lang='grc' dir='ltr'>πονηρῷ</span> <span class='ocrx_word' id='word_1_113' title='bbox 1516 2098 1707 2169; x_wconf 86' lang='grc' dir='ltr'>κράτει</span> <span class='ocrx_word' id='word_1_114' title='bbox 1742 2097 1858 2150; x_wconf 74' lang='grc' dir='ltr'>ἑδέ-</span> 
     </span>
    </p>
   </div>
   <div class='ocr_carea' id='block_1_21' title="bbox 292 2191 1258 2263">
    <p class='ocr_par' dir='ltr' id='par_1_21' title="bbox 292 2191 1258 2263">
     <span class='ocr_line' id='line_1_21' title="bbox 292 2191 1258 2263; baseline 0.006 -22"><span class='ocrx_word' id='word_1_115' title='bbox 292 2206 546 2259; x_wconf 84' lang='grc' dir='ltr'>σμευσεν,</span> <span class='ocrx_word' id='word_1_116' title='bbox 571 2191 816 2262; x_wconf 81' lang='grc' dir='ltr'>ἀφῃρέθη</span> <span class='ocrx_word' id='word_1_117' title='bbox 849 2191 978 2262; x_wconf 85' lang='grc' dir='ltr'>θείῳ</span> <span class='ocrx_word' id='word_1_118' title='bbox 1008 2192 1258 2263; x_wconf 83' lang='grc' dir='ltr'>νεύματι.</span> 
     </span>
    </p>
   </div>
   <div class='ocr_carea' id='block_1_22' title="bbox 361 2278 1861 2355">
    <p class='ocr_par' dir='ltr' id='par_1_22' title="bbox 361 2278 1861 2355">
     <span class='ocr_line' id='line_1_22' title="bbox 361 2278 1861 2355; baseline 0 -22"><span class='ocrx_word' id='word_1_119' title='bbox 361 2280 642 2335; x_wconf 82' lang='grc' dir='ltr'>Γυναικῶν</span> <span class='ocrx_word' id='word_1_120' title='bbox 673 2282 970 2352; x_wconf 80' lang='grc' dir='ltr'>κατάλογος</span> <span class='ocrx_word' id='word_1_121' title='bbox 1005 2283 1332 2355; x_wconf 77' lang='grc' dir='ltr'>μυροφόρων</span> <span class='ocrx_word' id='word_1_122' title='bbox 1377 2281 1547 2351; x_wconf 83' lang='grc' dir='ltr'>τάφον</span> <span class='ocrx_word' id='word_1_123' title='bbox 1576 2282 1676 2350; x_wconf 78' lang='grc' dir='ltr'>τῆς</span> <span class='ocrx_word' id='word_1_124' title='bbox 1714 2278 1861 2348; x_wconf 73' lang='grc' dir='ltr'><strong>ζωῆς</strong></span> 
     </span>
    </p>
   </div>
   <div class='ocr_carea' id='block_1_23' title="bbox 289 2369 1860 2444">
    <p class='ocr_par' dir='ltr' id='par_1_23' title="bbox 289 2369 1860 2444">
     <span class='ocr_line' id='line_1_23' title="bbox 289 2369 1860 2444; baseline 0 -21"><span class='ocrx_word' id='word_1_125' title='bbox 289 2369 632 2441; x_wconf 73' lang='grc' dir='ltr'>προέφθασεν</span> <span class='ocrx_word' id='word_1_126' title='bbox 685 2373 743 2425; x_wconf 81' lang='grc' dir='ltr'><strong>έν</strong></span> <span class='ocrx_word' id='word_1_127' title='bbox 813 2373 1015 2444; x_wconf 83' lang='grc' dir='ltr'>σπουδῇ</span> <span class='ocrx_word' id='word_1_128' title='bbox 1072 2372 1218 2443; x_wconf 84' lang='grc' dir='ltr'>μύρα</span> <span class='ocrx_word' id='word_1_129' title='bbox 1279 2371 1537 2443; x_wconf 76' lang='grc' dir='ltr'>ἐμφανῶς</span> <span class='ocrx_word' id='word_1_130' title='bbox 1615 2370 1860 2440; x_wconf 82' lang='grc' dir='ltr'>κομίζων</span> 
     </span>
    </p>
   </div>
   <div class='ocr_carea' id='block_1_24' title="bbox 297 2460 1861 2534">
    <p class='ocr_par' dir='ltr' id='par_1_24' title="bbox 297 2460 1861 2534">
     <span class='ocr_line' id='line_1_24' title="bbox 297 2460 1861 2534; baseline 0.001 -22"><span class='ocrx_word' id='word_1_131' title='bbox 297 2460 525 2533; x_wconf 78' lang='grc' dir='ltr'>μυρίσαι</span> <span class='ocrx_word' id='word_1_132' title='bbox 560 2478 618 2515; x_wconf 90' lang='grc' dir='ltr'><strong>σε</strong></span> <span class='ocrx_word' id='word_1_133' title='bbox 662 2462 754 2516; x_wconf 77' lang='grc' dir='ltr'>τὸν</span> <span class='ocrx_word' id='word_1_134' title='bbox 779 2462 1113 2534; x_wconf 90' lang='grc' dir='ltr'>τῶν,μύρων</span> <span class='ocrx_word' id='word_1_135' title='bbox 1148 2463 1290 2517; x_wconf 81' lang='grc' dir='ltr'>θεῖον</span> <span class='ocrx_word' id='word_1_136' title='bbox 1319 2461 1610 2534; x_wconf 79' lang='grc' dir='ltr'>μυρισμόνο</span> <span class='ocrx_word' id='word_1_137' title='bbox 1635 2461 1861 2529; x_wconf 77' lang='grc' dir='ltr'>ἐξανασ-</span> 
     </span>
    </p>
   </div>
   <div class='ocr_carea' id='block_1_25' title="bbox 294 2551 1260 2626">
    <p class='ocr_par' dir='ltr' id='par_1_25' title="bbox 294 2551 1260 2626">
     <span class='ocr_line' id='line_1_25' title="bbox 294 2551 1260 2626; baseline 0.003 -21"><span class='ocrx_word' id='word_1_138' title='bbox 294 2553 461 2606; x_wconf 85' lang='grc' dir='ltr'>τάντα</span> <span class='ocrx_word' id='word_1_139' title='bbox 490 2551 548 2606; x_wconf 82' lang='grc' dir='ltr'>δὲ</span> <span class='ocrx_word' id='word_1_140' title='bbox 587 2553 820 2607; x_wconf 85' lang='grc' dir='ltr'>κατιδών</span> <span class='ocrx_word' id='word_1_141' title='bbox 852 2571 910 2608; x_wconf 90' lang='grc' dir='ltr'><strong>σε</strong></span> <span class='ocrx_word' id='word_1_142' title='bbox 943 2555 1260 2626; x_wconf 84' lang='grc' dir='ltr'>ὲμεγάλυνε.</span> 
     </span>
    </p>
   </div>
   <div class='ocr_carea' id='block_1_26' title="bbox 363 2642 1861 2719">
    <p class='ocr_par' dir='ltr' id='par_1_26' title="bbox 363 2642 1861 2719">
     <span class='ocr_line' id='line_1_26' title="bbox 363 2642 1861 2719; baseline 0.001 -23"><span class='ocrx_word' id='word_1_143' title='bbox 363 2644 535 2713; x_wconf 81' lang='grc' dir='ltr'>Δεκτὴ</span> <span class='ocrx_word' id='word_1_144' title='bbox 561 2646 626 2716; x_wconf 74' lang='grc' dir='ltr'>ἢν</span> <span class='ocrx_word' id='word_1_145' title='bbox 643 2646 898 2716; x_wconf 76' lang='grc' dir='ltr'>ἐποίησεν</span> <span class='ocrx_word' id='word_1_146' title='bbox 915 2649 941 2700; x_wconf 88' lang='grc' dir='ltr'>ὁ</span> <span class='ocrx_word' id='word_1_147' title='bbox 960 2647 1235 2717; x_wconf 73' lang='grc' dir='ltr'>Δεσπότης</span> <span class='ocrx_word' id='word_1_148' title='bbox 1261 2645 1466 2719; x_wconf 83' lang='grc' dir='ltr'>Κύριος</span> <span class='ocrx_word' id='word_1_149' title='bbox 1490 2644 1639 2698; x_wconf 75' lang='grc' dir='ltr'>ἐστὶν</span> <span class='ocrx_word' id='word_1_150' title='bbox 1679 2642 1861 2715; x_wconf 79' lang='grc' dir='ltr'>ἡμέρα</span> 
     </span>
    </p>
   </div>
   <div class='ocr_carea' id='block_1_27' title="bbox 296 2732 1861 2806">
    <p class='ocr_par' dir='ltr' id='par_1_27' title="bbox 296 2732 1861 2806">
     <span class='ocr_line' id='line_1_27' title="bbox 296 2732 1861 2806; baseline -0.003 -19"><span class='ocrx_word' id='word_1_151' title='bbox 296 2733 597 2804; x_wconf 76' lang='grc' dir='ltr'>περιφανὴς</span> <span class='ocrx_word' id='word_1_152' title='bbox 644 2733 739 2791; x_wconf 65' lang='grc' dir='ltr'>καὶ</span> <span class='ocrx_word' id='word_1_153' title='bbox 773 2734 1126 2805; x_wconf 86' lang='grc' dir='ltr'>περικαλλής·</span> <span class='ocrx_word' id='word_1_154' title='bbox 1165 2736 1223 2789; x_wconf 84' lang='grc' dir='ltr'>ὲν</span> <span class='ocrx_word' id='word_1_155' title='bbox 1257 2735 1431 2806; x_wconf 83' lang='grc' dir='ltr'>ταύτῃ</span> <span class='ocrx_word' id='word_1_156' title='bbox 1488 2732 1861 2804; x_wconf 87' lang='grc' dir='ltr'>χορεύσωμεν,</span> 
     </span>
    </p>
   </div>
   <div class='ocr_carea' id='block_1_28' title="bbox 296 2822 1863 2898">
    <p class='ocr_par' dir='ltr' id='par_1_28' title="bbox 296 2822 1863 2898">
     <span class='ocr_line' id='line_1_28' title="bbox 296 2822 1863 2898; baseline -0.001 -23"><span class='ocrx_word' id='word_1_157' title='bbox 296 2823 627 2889; x_wconf 70' lang='grc' dir='ltr'>ἐκϐοῶντες,</span> <span class='ocrx_word' id='word_1_158' title='bbox 684 2825 931 2878; x_wconf 81' lang='grc' dir='ltr'>Δέσποτα</span> <span class='ocrx_word' id='word_1_159' title='bbox 976 2826 1179 2898; x_wconf 83' lang='grc' dir='ltr'>Χριστὲ</span> <span class='ocrx_word' id='word_1_160' title='bbox 1206 2867 1221 2893; x_wconf 86' lang='grc'><strong>,</strong></span> <span class='ocrx_word' id='word_1_161' title='bbox 1260 2826 1434 2878; x_wconf 89' lang='grc' dir='ltr'>σῶσον</span> <span class='ocrx_word' id='word_1_162' title='bbox 1475 2823 1601 2887; x_wconf 78' lang='grc' dir='ltr'>τοὺς</span> <span class='ocrx_word' id='word_1_163' title='bbox 1626 2822 1863 2886; x_wconf 83' lang='grc' dir='ltr'>δούλους</span> 
     </span>
    </p>
   </div>
   <div class='ocr_carea' id='block_1_29' title="bbox 300 2916 1443 2987">
    <p class='ocr_par' dir='ltr' id='par_1_29' title="bbox 300 2916 1443 2987">
     <span class='ocr_line' id='line_1_29' title="bbox 300 2916 1443 2987; baseline 0.003 -19"><span class='ocrx_word' id='word_1_164' title='bbox 300 2934 411 2978; x_wconf 83' lang='grc' dir='ltr'>σου,</span> <span class='ocrx_word' id='word_1_165' title='bbox 436 2918 560 2980; x_wconf 76' lang='grc' dir='ltr'>τοὺς</span> <span class='ocrx_word' id='word_1_166' title='bbox 591 2917 648 2969; x_wconf 78' lang='grc' dir='ltr'>ὲν</span> <span class='ocrx_word' id='word_1_167' title='bbox 685 2917 862 2970; x_wconf 84' lang='grc' dir='ltr'>πίστει</span> <span class='ocrx_word' id='word_1_168' title='bbox 888 2916 1328 2987; x_wconf 77' lang='grc' dir='ltr'>προσκυνοῦντας</span> <span class='ocrx_word' id='word_1_169' title='bbox 1362 2933 1443 2971; x_wconf 90' lang='grc' dir='ltr'>σε.</span> 
     </span>
    </p>
   </div>
   <div class='ocr_carea' id='block_1_30' title="bbox 367 3007 1860 3082">
    <p class='ocr_par' dir='ltr' id='par_1_30' title="bbox 367 3007 1860 3082">
     <span class='ocr_line' id='line_1_30' title="bbox 367 3007 1860 3082; baseline -0.003 -17"><span class='ocrx_word' id='word_1_170' title='bbox 367 3007 671 3082; x_wconf 80' lang='grc' dir='ltr'>Παρθενίας</span> <span class='ocrx_word' id='word_1_171' title='bbox 731 3012 984 3066; x_wconf 75' lang='grc' dir='ltr'>κάλλεσιν</span> <span class='ocrx_word' id='word_1_172' title='bbox 1032 3010 1339 3082; x_wconf 83' lang='grc' dir='ltr'>ὠραιώθης,</span> <span class='ocrx_word' id='word_1_173' title='bbox 1370 3011 1607 3080; x_wconf 66' lang='grc' dir='ltr'>ἆχραντε</span> <span class='ocrx_word' id='word_1_174' title='bbox 1676 3008 1812 3078; x_wconf 81' lang='grc' dir='ltr'>ἁγνὴ</span> <span class='ocrx_word' id='word_1_175' title='bbox 1843 3046 1860 3072; x_wconf 93' lang='grc'><strong>,</strong></span> 
     </span>
    </p>
   </div>
   <div class='ocr_carea' id='block_1_31' title="bbox 298 3098 1862 3172">
    <p class='ocr_par' dir='ltr' id='par_1_31' title="bbox 298 3098 1862 3172">
     <span class='ocr_line' id='line_1_31' title="bbox 298 3098 1862 3172; baseline 0 -20"><span class='ocrx_word' id='word_1_176' title='bbox 298 3102 529 3156; x_wconf 80' lang='grc' dir='ltr'>ἐκοῦσα</span> <span class='ocrx_word' id='word_1_177' title='bbox 562 3101 649 3155; x_wconf 85' lang='grc' dir='ltr'><strong>τδν</strong></span> <span class='ocrx_word' id='word_1_178' title='bbox 694 3103 923 3172; x_wconf 75' lang='grc' dir='ltr'>ποιητὴν</span> <span class='ocrx_word' id='word_1_179' title='bbox 972 3102 1190 3157; x_wconf 88' lang='grc' dir='ltr'>πάντων</span> <span class='ocrx_word' id='word_1_180' title='bbox 1242 3102 1338 3155; x_wconf 79' lang='grc' dir='ltr'>καὶ</span> <span class='ocrx_word' id='word_1_181' title='bbox 1384 3101 1538 3164; x_wconf 84' lang='grc' dir='ltr'>Θεὸν,</span> <span class='ocrx_word' id='word_1_182' title='bbox 1589 3099 1681 3153; x_wconf 78' lang='grc' dir='ltr'>τὸν</span> <span class='ocrx_word' id='word_1_183' title='bbox 1729 3098 1862 3170; x_wconf 76' lang='grc' dir='ltr'>ᾅδην</span> 
     </span>
    </p>
   </div>
   <div class='ocr_carea' id='block_1_32' title="bbox 306 3183 1862 3265">
    <p class='ocr_par' dir='ltr' id='par_1_32' title="bbox 306 3183 1862 3265">
     <span class='ocr_line' id='line_1_32' title="bbox 306 3183 1862 3265; baseline 0.002 -25"><span class='ocrx_word' id='word_1_184' title='bbox 306 3190 667 3245; x_wconf 67' lang='grc' dir='ltr'>σκυλεύσαντα</span> <span class='ocrx_word' id='word_1_185' title='bbox 699 3194 792 3246; x_wconf 74' lang='grc' dir='ltr'>καὶ</span> <span class='ocrx_word' id='word_1_186' title='bbox 820 3196 930 3256; x_wconf 85' lang='grc' dir='ltr'>τοῖς</span> <span class='ocrx_word' id='word_1_187' title='bbox 963 3196 1177 3265; x_wconf 84' lang='grc' dir='ltr'>νεκροῖς</span> <span class='ocrx_word' id='word_1_188' title='bbox 1214 3193 1448 3264; x_wconf 86' lang='grc' dir='ltr'>νέμοντα</span> <span class='ocrx_word' id='word_1_189' title='bbox 1476 3190 1649 3263; x_wconf 80' lang='grc' dir='ltr'>ζωὴν,</span> <span class='ocrx_word' id='word_1_190' title='bbox 1680 3183 1742 3245; x_wconf 76' lang='grc' dir='ltr'><strong>οὗ</strong></span> <span class='ocrx_word' id='word_1_191' title='bbox 1763 3190 1862 3262; x_wconf 84' lang='grc' dir='ltr'>τὴν</span> 
     </span>
    </p>
   </div>
   <div class='ocr_carea' id='block_1_33' title="bbox 302 3282 1298 3357">
    <p class='ocr_par' dir='ltr' id='par_1_33' title="bbox 302 3282 1298 3357">
     <span class='ocr_line' id='line_1_33' title="bbox 302 3282 1298 3357; baseline 0.005 -20"><span class='ocrx_word' id='word_1_192' title='bbox 302 3282 595 3339; x_wconf 75' lang='grc' dir='ltr'>ἀνάστασιν</span> <span class='ocrx_word' id='word_1_193' title='bbox 619 3285 922 3355; x_wconf 79' lang='grc' dir='ltr'>θεοφρόνως</span> <span class='ocrx_word' id='word_1_194' title='bbox 949 3286 1298 3357; x_wconf 73' lang='grc' dir='ltr'>ἑορτάζομεν.</span> 
     </span>
    </p>
   </div>
   <div class='ocr_carea' id='block_1_34' title="bbox 814 3377 1361 3447">
    <p class='ocr_par' dir='ltr' id='par_1_34' title="bbox 814 3377 1361 3447">
     <span class='ocr_line' id='line_1_34' title="bbox 814 3377 1361 3447; baseline -0.002 -16"><span class='ocrx_word' id='word_1_195' title='bbox 814 3377 1108 3446; x_wconf 54' lang='lat' dir='ltr'><strong>Tit-11067072</strong></span> <span class='ocrx_word' id='word_1_196' title='bbox 1128 3377 1361 3447; x_wconf 72' lang='grc' dir='ltr'>σμᾶται.</span> 
     </span>
    </p>
   </div>
   <div class='ocr_carea' id='block_1_35' title="bbox 370 3466 1867 3538">
    <p class='ocr_par' dir='ltr' id='par_1_35' title="bbox 370 3466 1867 3538">
     <span class='ocr_line' id='line_1_35' title="bbox 370 3466 1867 3538; baseline -0.005 -15"><span class='ocrx_word' id='word_1_197' title='bbox 370 3467 610 3537; x_wconf 79' lang='grc' dir='ltr'>Μωῦσῆς</span> <span class='ocrx_word' id='word_1_198' title='bbox 649 3468 849 3520; x_wconf 82' lang='grc' dir='ltr'>ὲτύπου</span> <span class='ocrx_word' id='word_1_199' title='bbox 896 3468 1058 3521; x_wconf 90' lang='grc' dir='ltr'>πάλαι</span> <span class='ocrx_word' id='word_1_200' title='bbox 1103 3486 1195 3521; x_wconf 83' lang='grc' dir='ltr'><strong>σου</strong></span> <span class='ocrx_word' id='word_1_201' title='bbox 1222 3508 1237 3531; x_wconf 94' lang='grc'><strong>,</strong></span> <span class='ocrx_word' id='word_1_202' title='bbox 1284 3469 1526 3538; x_wconf 82' lang='grc' dir='ltr'>Χριστὲ,</span> <span class='ocrx_word' id='word_1_203' title='bbox 1580 3466 1676 3536; x_wconf 74' lang='grc' dir='ltr'>τὴν</span> <span class='ocrx_word' id='word_1_204' title='bbox 1716 3466 1867 3520; x_wconf 88' lang='grc' dir='ltr'>θείαν</span> 
     </span>
    </p>
   </div>
   <div class='ocr_carea' id='block_1_36' title="bbox 248 3556 1868 3630">
    <p class='ocr_par' dir='ltr' id='par_1_36' title="bbox 248 3556 1868 3630">
     <span class='ocr_line' id='line_1_36' title="bbox 248 3556 1868 3630; baseline -0.002 -20"><span class='ocrx_word' id='word_1_205' title='bbox 248 3620 251 3621; x_wconf 19' lang='grc' dir='ltr'><em>ν</em></span> <span class='ocrx_word' id='word_1_206' title='bbox 306 3560 631 3630; x_wconf 77' lang='grc' dir='ltr'>σταύρωσιν,</span> <span class='ocrx_word' id='word_1_207' title='bbox 678 3560 768 3611; x_wconf 69' lang='grc' dir='ltr'>τὸν</span> <span class='ocrx_word' id='word_1_208' title='bbox 802 3558 923 3627; x_wconf 77' lang='grc' dir='ltr'>ὅφιν</span> <span class='ocrx_word' id='word_1_209' title='bbox 964 3558 1201 3627; x_wconf 76' lang='grc' dir='ltr'>άνυψῶν·</span> <span class='ocrx_word' id='word_1_210' title='bbox 1242 3559 1337 3611; x_wconf 68' lang='grc' dir='ltr'><strong>κα)⁸</strong></span> <span class='ocrx_word' id='word_1_211' title='bbox 1378 3558 1487 3626; x_wconf 75' lang='grc' dir='ltr'><strong>γὰρ</strong></span> <span class='ocrx_word' id='word_1_212' title='bbox 1534 3556 1868 3627; x_wconf 69' lang='grc' dir='ltr'>σταυρωθές</span> 
     </span>
    </p>
   </div>
   <div class='ocr_carea' id='block_1_37' title="bbox 305 3646 1867 3719">
    <p class='ocr_par' dir='ltr' id='par_1_37' title="bbox 305 3646 1867 3719">
     <span class='ocr_line' id='line_1_37' title="bbox 305 3646 1867 3719; baseline -0.001 -20"><span class='ocrx_word' id='word_1_213' title='bbox 305 3650 555 3719; x_wconf 74' lang='grc' dir='ltr'>ένέῳξας</span> <span class='ocrx_word' id='word_1_214' title='bbox 588 3650 716 3719; x_wconf 82' lang='grc' dir='ltr'>ἡμῖν</span> <span class='ocrx_word' id='word_1_215' title='bbox 794 3647 887 3701; x_wconf 79' lang='grc' dir='ltr'><strong>τοῦ</strong></span> <span class='ocrx_word' id='word_1_216' title='bbox 940 3648 1269 3718; x_wconf 81' lang='grc' dir='ltr'>παραδείσου</span> <span class='ocrx_word' id='word_1_217' title='bbox 1328 3647 1521 3710; x_wconf 85' lang='grc' dir='ltr'>πύλας·</span> <span class='ocrx_word' id='word_1_218' title='bbox 1581 3647 1758 3709; x_wconf 79' lang='grc' dir='ltr'>τεθεὶς</span> <span class='ocrx_word' id='word_1_219' title='bbox 1811 3646 1867 3698; x_wconf 79' lang='grc' dir='ltr'>δὲ</span> 
     </span>
    </p>
   </div>
   <div class='ocr_carea' id='block_1_38' title="bbox 306 3737 1877 3810">
    <p class='ocr_par' dir='ltr' id='par_1_38' title="bbox 306 3737 1877 3810">
     <span class='ocr_line' id='line_1_38' title="bbox 306 3737 1877 3810; baseline -0.002 -19"><span class='ocrx_word' id='word_1_220' title='bbox 306 3740 492 3808; x_wconf 65' lang='grc' dir='ltr'>ἇσπερ</span> <span class='ocrx_word' id='word_1_221' title='bbox 523 3739 714 3810; x_wconf 78' lang='grc' dir='ltr'>νεκρὸς</span> <span class='ocrx_word' id='word_1_222' title='bbox 742 3740 799 3791; x_wconf 83' lang='grc' dir='ltr'><strong>έν</strong></span> <span class='ocrx_word' id='word_1_223' title='bbox 828 3738 905 3807; x_wconf 86' lang='grc' dir='ltr'>τῷ</span> <span class='ocrx_word' id='word_1_224' title='bbox 924 3739 1164 3810; x_wconf 81' lang='grc' dir='ltr'>μνήματι</span> <span class='ocrx_word' id='word_1_225' title='bbox 1191 3738 1419 3809; x_wconf 79' lang='grc' dir='ltr'>νεκροὺς</span> <span class='ocrx_word' id='word_1_226' title='bbox 1442 3737 1877 3806; x_wconf 79' lang='grc' dir='ltr'>συνανέστησας,</span> 
     </span>
    </p>
   </div>
   <div class='ocr_carea' id='block_1_39' title="bbox 308 3829 1147 3902">
    <p class='ocr_par' dir='ltr' id='par_1_39' title="bbox 308 3829 1147 3902">
     <span class='ocr_line' id='line_1_39' title="bbox 308 3829 1147 3902; baseline 0 -19"><span class='ocrx_word' id='word_1_227' title='bbox 308 3830 398 3883; x_wconf 75' lang='grc' dir='ltr'>καὶ</span> <span class='ocrx_word' id='word_1_228' title='bbox 431 3830 562 3902; x_wconf 76' lang='grc' dir='ltr'>ᾅδην</span> <span class='ocrx_word' id='word_1_229' title='bbox 596 3829 815 3898; x_wconf 74' lang='grc' dir='ltr'>ἐγύμνω</span> <span class='ocrx_word' id='word_1_230' title='bbox 829 3845 942 3890; x_wconf 73' lang='grc' dir='ltr'>τας.</span> <span class='ocrx_word' id='word_1_231' title='bbox 1142 3886 1147 3891; x_wconf 69' lang='grc'><strong>,</strong></span> 
     </span>
    </p>
   </div>
   <div class='ocr_carea' id='block_1_40' title="bbox 376 3919 1871 3994">
    <p class='ocr_par' dir='ltr' id='par_1_40' title="bbox 376 3919 1871 3994">
     <span class='ocr_line' id='line_1_40' title="bbox 376 3919 1871 3994; baseline -0.001 -18"><span class='ocrx_word' id='word_1_232' title='bbox 376 3923 611 3994; x_wconf 82' lang='grc' dir='ltr'>Χριστὸς</span> <span class='ocrx_word' id='word_1_233' title='bbox 634 3922 854 3993; x_wconf 78' lang='grc' dir='ltr'>ἀνέστη·</span> <span class='ocrx_word' id='word_1_234' title='bbox 901 3920 1143 3992; x_wconf 81' lang='grc' dir='ltr'>ᾅσωμεν,</span> <span class='ocrx_word' id='word_1_235' title='bbox 1171 3919 1312 3987; x_wconf 75' lang='grc' dir='ltr'>λαοὶ,</span> <span class='ocrx_word' id='word_1_236' title='bbox 1350 3921 1445 3975; x_wconf 71' lang='grc' dir='ltr'>καὶ</span> <span class='ocrx_word' id='word_1_237' title='bbox 1477 3921 1871 3992; x_wconf 85' lang='grc' dir='ltr'>μεγαλύνωμεν</span> 
     </span>
    </p>
   </div>
   <div class='ocr_carea' id='block_1_41' title="bbox 304 4012 1872 4085">
    <p class='ocr_par' dir='ltr' id='par_1_41' title="bbox 304 4012 1872 4085">
     <span class='ocr_line' id='line_1_41' title="bbox 304 4012 1872 4085; baseline -0.001 -17"><span class='ocrx_word' id='word_1_238' title='bbox 304 4016 364 4068; x_wconf 78' lang='grc' dir='ltr'>τὸ</span> <span class='ocrx_word' id='word_1_239' title='bbox 393 4014 563 4085; x_wconf 78' lang='grc' dir='ltr'>ὄνομα</span> <span class='ocrx_word' id='word_1_240' title='bbox 594 4013 783 4077; x_wconf 77' lang='grc' dir='ltr'>αὑτοῦ,</span> <span class='ocrx_word' id='word_1_241' title='bbox 812 4013 905 4067; x_wconf 71' lang='grc' dir='ltr'>καὶ</span> <span class='ocrx_word' id='word_1_242' title='bbox 931 4014 1299 4083; x_wconf 76' lang='grc' dir='ltr'>χορεύσωμεν,</span> <span class='ocrx_word' id='word_1_243' title='bbox 1324 4012 1417 4067; x_wconf 79' lang='grc' dir='ltr'>καὶ</span> <span class='ocrx_word' id='word_1_244' title='bbox 1442 4014 1702 4083; x_wconf 67' lang='grc' dir='ltr'>ψάλωμεν</span> <span class='ocrx_word' id='word_1_245' title='bbox 1724 4014 1872 4084; x_wconf 79' lang='grc' dir='ltr'>αύτῷ</span> 
     </span>
    </p>
   </div>
   <div class='ocr_carea' id='block_1_42' title="bbox 310 4092 1870 4177">
    <p class='ocr_par' dir='ltr' id='par_1_42' title="bbox 310 4092 1870 4177">
     <span class='ocr_line' id='line_1_42' title="bbox 310 4092 1870 4177; baseline -0.001 -18"><span class='ocrx_word' id='word_1_246' title='bbox 310 4106 511 4168; x_wconf 81' lang='grc' dir='ltr'>πιστῶς</span> <span class='ocrx_word' id='word_1_247' title='bbox 533 4105 606 4169; x_wconf 83' lang='grc' dir='ltr'><strong>ὡς</strong></span> <span class='ocrx_word' id='word_1_248' title='bbox 632 4108 823 4175; x_wconf 83' lang='grc' dir='ltr'>νικητῇ</span> <span class='ocrx_word' id='word_1_249' title='bbox 853 4105 944 4158; x_wconf 80' lang='grc' dir='ltr'><strong>τοῦ</strong></span> <span class='ocrx_word' id='word_1_250' title='bbox 976 4105 1122 4175; x_wconf 78' lang='grc' dir='ltr'>ᾂδου·</span> <span class='ocrx_word' id='word_1_251' title='bbox 1150 4108 1242 4158; x_wconf 68' lang='grc' dir='ltr'><strong>καὶ</strong></span> <span class='ocrx_word' id='word_1_252' title='bbox 1267 4105 1550 4175; x_wconf 75' lang='grc' dir='ltr'>βοήσωμεν</span> <span class='ocrx_word' id='word_1_253' title='bbox 1578 4092 1870 4177; x_wconf 82' lang='grc' dir='ltr'>λαμπρῶς,</span> 
     </span>
    </p>
   </div>
   <div class='ocr_carea' id='block_1_43' title="bbox 308 4195 1873 4269">
    <p class='ocr_par' dir='ltr' id='par_1_43' title="bbox 308 4195 1873 4269">
     <span class='ocr_line' id='line_1_43' title="bbox 308 4195 1873 4269; baseline -0.001 -17"><span class='ocrx_word' id='word_1_254' title='bbox 308 4198 691 4269; x_wconf 77' lang='grc' dir='ltr'>Ἐξεγήγερται</span> <span class='ocrx_word' id='word_1_255' title='bbox 711 4198 738 4249; x_wconf 85' lang='grc' dir='ltr'>ὁ</span> <span class='ocrx_word' id='word_1_256' title='bbox 754 4196 976 4267; x_wconf 81' lang='grc' dir='ltr'>Κύριος,</span> <span class='ocrx_word' id='word_1_257' title='bbox 992 4195 1228 4259; x_wconf 73' lang='grc' dir='ltr'>ἅπαντες</span> <span class='ocrx_word' id='word_1_258' title='bbox 1242 4197 1479 4267; x_wconf 80' lang='grc' dir='ltr'>φαιδρῶς</span> <span class='ocrx_word' id='word_1_259' title='bbox 1501 4197 1873 4267; x_wconf 78' lang='grc' dir='ltr'>έορτὰσωμεν.</span> 
     </span>
    </p>
   </div>
   <div class='ocr_carea' id='block_1_44' title="bbox 391 4287 1874 4359">
    <p class='ocr_par' dir='ltr' id='par_1_44' title="bbox 391 4287 1874 4359">
     <span class='ocr_line' id='line_1_44' title="bbox 391 4287 1874 4359; baseline -0.001 -17"><span class='ocrx_word' id='word_1_260' title='bbox 391 4288 761 4359; x_wconf 73' lang='grc' dir='ltr'>Ἀγαὶλιάσθω</span> <span class='ocrx_word' id='word_1_261' title='bbox 814 4288 1001 4342; x_wconf 77' lang='grc' dir='ltr'>ἅπασα</span> <span class='ocrx_word' id='word_1_262' title='bbox 1049 4288 1083 4357; x_wconf 83' lang='grc' dir='ltr'><strong>ἡ</strong></span> <span class='ocrx_word' id='word_1_263' title='bbox 1126 4290 1228 4357; x_wconf 81' lang='grc' dir='ltr'>γῆ,</span> <span class='ocrx_word' id='word_1_264' title='bbox 1285 4287 1520 4358; x_wconf 80' lang='grc' dir='ltr'>Χριστὸς</span> <span class='ocrx_word' id='word_1_265' title='bbox 1578 4288 1874 4359; x_wconf 78' lang='grc' dir='ltr'>ἐγήγερται</span> 
     </span>
    </p>
   </div>
   <div class='ocr_carea' id='block_1_45' title="bbox 1678 223 3165 325">
    <p class='ocr_par' dir='ltr' id='par_1_45' title="bbox 1678 223 3165 325">
     <span class='ocr_line' id='line_1_45' title="bbox 1678 223 3165 325; baseline -0.001 0"><span class='ocrx_word' id='word_1_266' title='bbox 1678 261 2085 325; x_wconf 80' lang='lat' dir='ltr'><strong>TRlODIUM.</strong></span> <span class='ocrx_word' id='word_1_267' title='bbox 2633 223 2642 233; x_wconf 69' lang='grc'><em>’</em></span> <span class='ocrx_word' id='word_1_268' title='bbox 3135 304 3165 324; x_wconf 91' lang='grc'><strong>.</strong></span> 
     </span>
    </p>
   </div>
   <div class='ocr_carea' id='block_1_46' title="bbox 3385 259 3522 321">
    <p class='ocr_par' dir='ltr' id='par_1_46' title="bbox 3385 259 3522 321">
     <span class='ocr_line' id='line_1_46' title="bbox 3385 259 3522 321; baseline 0.015 -3"><span class='ocrx_word' id='word_1_269' title='bbox 3385 259 3522 321; x_wconf 63' lang='lat'>3932</span> 
     </span>
    </p>
   </div>
   <div class='ocr_carea' id='block_1_47' title="bbox 2210 369 3212 446">
    <p class='ocr_par' dir='ltr' id='par_1_47' title="bbox 2210 369 3212 446">
     <span class='ocr_line' id='line_1_47' title="bbox 2210 369 3212 446; baseline -0.005 -17"><span class='ocrx_word' id='word_1_270' title='bbox 2210 370 2348 446; x_wconf 24' lang='lat' dir='ltr'><strong>.Tibi</strong></span> <span class='ocrx_word' id='word_1_271' title='bbox 2375 386 2465 439; x_wconf 80' lang='lat' dir='ltr'><strong>per</strong></span> <span class='ocrx_word' id='word_1_272' title='bbox 2499 386 2648 442; x_wconf 81' lang='lat' dir='ltr'><strong>quem</strong></span> <span class='ocrx_word' id='word_1_273' title='bbox 2681 369 2864 425; x_wconf 79' lang='lat' dir='ltr'><strong>omnia</strong></span> <span class='ocrx_word' id='word_1_274' title='bbox 2892 370 3039 439; x_wconf 79' lang='lat' dir='ltr'><strong>facta</strong></span> <span class='ocrx_word' id='word_1_275' title='bbox 3069 378 3212 424; x_wconf 81' lang='lat' dir='ltr'><strong>sunt.</strong></span> 
     </span>
    </p>
   </div>
   <div class='ocr_carea' id='block_1_48' title="bbox 2025 460 3525 533">
    <p class='ocr_par' dir='ltr' id='par_1_48' title="bbox 2025 460 3525 533">
     <span class='ocr_line' id='line_1_48' title="bbox 2025 460 3525 533; baseline -0.003 -17"><span class='ocrx_word' id='word_1_276' title='bbox 2025 464 2218 519; x_wconf 83' lang='lat' dir='ltr'><strong>Hostes</strong></span> <span class='ocrx_word' id='word_1_277' title='bbox 2266 464 2499 533; x_wconf 83' lang='lat' dir='ltr'><strong>improbi</strong></span> <span class='ocrx_word' id='word_1_278' title='bbox 2556 462 2649 533; x_wconf 86' lang='lat' dir='ltr'><strong>qui</strong></span> <span class='ocrx_word' id='word_1_279' title='bbox 2704 461 2835 515; x_wconf 90' lang='lat' dir='ltr'><strong>olim</strong></span> <span class='ocrx_word' id='word_1_280' title='bbox 2891 460 2945 514; x_wconf 90' lang='lat' dir='ltr'><strong>in</strong></span> <span class='ocrx_word' id='word_1_281' title='bbox 3000 460 3219 517; x_wconf 86' lang='lat' dir='ltr'><strong>deserto</strong></span> <span class='ocrx_word' id='word_1_282' title='bbox 3279 462 3525 516; x_wconf 72' lang='lat' dir='ltr'><strong>sitientes</strong></span> 
     </span>
    </p>
   </div>
   <div class='ocr_carea' id='block_1_49' title="bbox 1950 551 3525 623">
    <p class='ocr_par' dir='ltr' id='par_1_49' title="bbox 1950 551 3525 623">
     <span class='ocr_line' id='line_1_49' title="bbox 1950 551 3525 623; baseline 0 -13"><span class='ocrx_word' id='word_1_283' title='bbox 1950 562 2211 610; x_wconf 77' lang='lat' dir='ltr'><strong>suxcrunt</strong></span> <span class='ocrx_word' id='word_1_284' title='bbox 2245 554 2348 609; x_wconf 88' lang='lat' dir='ltr'><strong>mel</strong></span> <span class='ocrx_word' id='word_1_285' title='bbox 2379 554 2445 608; x_wconf 92' lang='lat' dir='ltr'><strong>de</strong></span> <span class='ocrx_word' id='word_1_286' title='bbox 2481 561 2631 623; x_wconf 88' lang='lat' dir='ltr'><strong>petra</strong></span> <span class='ocrx_word' id='word_1_287' title='bbox 2683 551 2941 608; x_wconf 82' lang='lat' dir='ltr'><strong>mandato</strong></span> <span class='ocrx_word' id='word_1_288' title='bbox 2964 561 3081 616; x_wconf 87' lang='lat' dir='ltr'><strong>tuo,</strong></span> <span class='ocrx_word' id='word_1_289' title='bbox 3120 552 3241 618; x_wconf 89' lang='lat' dir='ltr'><strong>tibi,</strong></span> <span class='ocrx_word' id='word_1_290' title='bbox 3278 552 3525 619; x_wconf 85' lang='lat' dir='ltr'><strong>Christe,</strong></span> 
     </span>
    </p>
   </div>
   <div class='ocr_carea' id='block_1_50' title="bbox 1950 643 3528 716">
    <p class='ocr_par' dir='ltr' id='par_1_50' title="bbox 1950 643 3528 716">
     <span class='ocr_line' id='line_1_50' title="bbox 1950 643 3528 716; baseline 0.001 -17"><span class='ocrx_word' id='word_1_291' title='bbox 1950 661 2047 716; x_wconf 86' lang='lat' dir='ltr'><strong>per</strong></span> <span class='ocrx_word' id='word_1_292' title='bbox 2098 660 2258 715; x_wconf 82' lang='lat' dir='ltr'><strong>quem</strong></span> <span class='ocrx_word' id='word_1_293' title='bbox 2311 643 2493 697; x_wconf 81' lang='lat' dir='ltr'><strong>omnia</strong></span> <span class='ocrx_word' id='word_1_294' title='bbox 2540 652 2752 713; x_wconf 83' lang='lat' dir='ltr'><strong>patrata</strong></span> <span class='ocrx_word' id='word_1_295' title='bbox 2788 650 2937 708; x_wconf 81' lang='lat' dir='ltr'><strong>sunt,</strong></span> <span class='ocrx_word' id='word_1_296' title='bbox 2976 658 3101 698; x_wconf 91' lang='lat' dir='ltr'><strong>cum</strong></span> <span class='ocrx_word' id='word_1_297' title='bbox 3135 644 3412 715; x_wconf 85' lang='lat' dir='ltr'><strong>pendebas</strong></span> <span class='ocrx_word' id='word_1_298' title='bbox 3459 647 3528 701; x_wconf 89' lang='lat' dir='ltr'><strong>de</strong></span> 
     </span>
    </p>
   </div>
   <div class='ocr_carea' id='block_1_51' title="bbox 1952 732 3191 805">
    <p class='ocr_par' dir='ltr' id='par_1_51' title="bbox 1952 732 3191 805">
     <span class='ocr_line' id='line_1_51' title="bbox 1952 732 3191 805; baseline 0.002 -14"><span class='ocrx_word' id='word_1_299' title='bbox 1952 751 2118 791; x_wconf 87' lang='lat' dir='ltr'><strong>cruce</strong></span> <span class='ocrx_word' id='word_1_300' title='bbox 2146 740 2512 805; x_wconf 78' lang='lat' dir='ltr'><strong>porrexerunt</strong></span> <span class='ocrx_word' id='word_1_301' title='bbox 2555 732 2624 786; x_wconf 78' lang='lat' dir='ltr'><strong>fel</strong></span> <span class='ocrx_word' id='word_1_302' title='bbox 2656 733 2867 792; x_wconf 86' lang='lat' dir='ltr'><strong>bibere.</strong></span> <span class='ocrx_word' id='word_1_303' title='bbox 3188 748 3191 753; x_wconf 79' lang='lat'><strong>‘</strong></span> 
     </span>
    </p>
   </div>
   <div class='ocr_carea' id='block_1_52' title="bbox 2023 819 3527 897">
    <p class='ocr_par' dir='ltr' id='par_1_52' title="bbox 2023 819 3527 897">
     <span class='ocr_line' id='line_1_52' title="bbox 2023 819 3527 897; baseline 0.004 -19"><span class='ocrx_word' id='word_1_304' title='bbox 2023 824 2228 881; x_wconf 82' lang='lat' dir='ltr'><strong>Passus</strong></span> <span class='ocrx_word' id='word_1_305' title='bbox 2262 838 2344 890; x_wconf 86' lang='lat' dir='ltr'><strong>es,</strong></span> <span class='ocrx_word' id='word_1_306' title='bbox 2379 838 2413 876; x_wconf 90' lang='grc' dir='ltr'><strong>ο</strong></span> <span class='ocrx_word' id='word_1_307' title='bbox 2455 819 2693 887; x_wconf 79' lang='lat' dir='ltr'><strong>Christe,</strong></span> <span class='ocrx_word' id='word_1_308' title='bbox 2736 832 2965 881; x_wconf 89' lang='lat' dir='ltr'><strong>mortem</strong></span> <span class='ocrx_word' id='word_1_309' title='bbox 3004 825 3207 892; x_wconf 91' lang='lat' dir='ltr'><strong>crucis,</strong></span> <span class='ocrx_word' id='word_1_310' title='bbox 3247 825 3527 897; x_wconf 85' lang='lat' dir='ltr'><strong>depositus</strong></span> 
     </span>
    </p>
   </div>
   <div class='ocr_carea' id='block_1_53' title="bbox 1955 917 3530 987">
    <p class='ocr_par' dir='ltr' id='par_1_53' title="bbox 1955 917 3530 987">
     <span class='ocr_line' id='line_1_53' title="bbox 1955 917 3530 987; baseline 0.003 -16"><span class='ocrx_word' id='word_1_311' title='bbox 1955 925 2135 971; x_wconf 89' lang='lat' dir='ltr'><strong>autem</strong></span> <span class='ocrx_word' id='word_1_312' title='bbox 2173 918 2227 971; x_wconf 93' lang='lat' dir='ltr'><strong>in</strong></span> <span class='ocrx_word' id='word_1_313' title='bbox 2261 920 2512 987; x_wconf 89' lang='lat' dir='ltr'><strong>sepulcro</strong></span> <span class='ocrx_word' id='word_1_314' title='bbox 2545 917 2835 983; x_wconf 78' lang='lat' dir='ltr'><strong>exanimis,</strong></span> <span class='ocrx_word' id='word_1_315' title='bbox 2881 932 3074 972; x_wconf 89' lang='lat' dir='ltr'><strong>omnes</strong></span> <span class='ocrx_word' id='word_1_316' title='bbox 3122 933 3152 972; x_wconf 87' lang='lat' dir='ltr'><strong>a</strong></span> <span class='ocrx_word' id='word_1_317' title='bbox 3198 918 3398 973; x_wconf 66' lang='lat' dir='ltr'><strong>saeculo</strong></span> <span class='ocrx_word' id='word_1_318' title='bbox 3435 919 3530 975; x_wconf 91' lang='lat' dir='ltr'><strong>de-</strong></span> 
     </span>
    </p>
   </div>
   <div class='ocr_carea' id='block_1_54' title="bbox 1954 1005 3530 1079">
    <p class='ocr_par' dir='ltr' id='par_1_54' title="bbox 1954 1005 3530 1079">
     <span class='ocr_line' id='line_1_54' title="bbox 1954 1005 3530 1079; baseline 0.004 -19"><span class='ocrx_word' id='word_1_319' title='bbox 1954 1005 2169 1063; x_wconf 80' lang='lat' dir='ltr'><strong>functos</strong></span> <span class='ocrx_word' id='word_1_320' title='bbox 2198 1016 2321 1078; x_wconf 86' lang='lat' dir='ltr'><strong>post</strong></span> <span class='ocrx_word' id='word_1_321' title='bbox 2358 1015 2467 1063; x_wconf 92' lang='lat' dir='ltr'><strong>tres</strong></span> <span class='ocrx_word' id='word_1_322' title='bbox 2501 1008 2617 1066; x_wconf 90' lang='lat' dir='ltr'><strong>dies</strong></span> <span class='ocrx_word' id='word_1_323' title='bbox 2650 1007 2908 1071; x_wconf 79' lang='lat' dir='ltr'><strong>suscitas,</strong></span> <span class='ocrx_word' id='word_1_324' title='bbox 2950 1014 3101 1062; x_wconf 86' lang='lat' dir='ltr'><strong>tuam</strong></span> <span class='ocrx_word' id='word_1_325' title='bbox 3138 1006 3357 1079; x_wconf 87' lang='lat' dir='ltr'><strong>hymnis</strong></span> <span class='ocrx_word' id='word_1_326' title='bbox 3388 1010 3530 1066; x_wconf 87' lang='lat' dir='ltr'><strong>cele-</strong></span> 
     </span>
    </p>
   </div>
   <div class='ocr_carea' id='block_1_55' title="bbox 1952 1097 2663 1155">
    <p class='ocr_par' dir='ltr' id='par_1_55' title="bbox 1952 1097 2663 1155">
     <span class='ocr_line' id='line_1_55' title="bbox 1952 1097 2663 1155; baseline 0.001 -3"><span class='ocrx_word' id='word_1_327' title='bbox 1952 1097 2178 1154; x_wconf 87' lang='lat' dir='ltr'><strong>brantes</strong></span> <span class='ocrx_word' id='word_1_328' title='bbox 2212 1100 2663 1155; x_wconf 88' lang='lat' dir='ltr'><strong>misericordiam.</strong></span> 
     </span>
    </p>
   </div>
   <div class='ocr_carea' id='block_1_56' title="bbox 2026 1188 3529 1260">
    <p class='ocr_par' dir='ltr' id='par_1_56' title="bbox 2026 1188 3529 1260">
     <span class='ocr_line' id='line_1_56' title="bbox 2026 1188 3529 1260; baseline 0.003 -17"><span class='ocrx_word' id='word_1_329' title='bbox 2026 1188 2238 1255; x_wconf 86' lang='lat' dir='ltr'><strong>Venite,</strong></span> <span class='ocrx_word' id='word_1_330' title='bbox 2271 1190 2596 1260; x_wconf 84' lang='lat' dir='ltr'><strong>plaudamus</strong></span> <span class='ocrx_word' id='word_1_331' title='bbox 2642 1190 2920 1258; x_wconf 86' lang='lat' dir='ltr'><strong>manibus,</strong></span> <span class='ocrx_word' id='word_1_332' title='bbox 2958 1204 3119 1248; x_wconf 87' lang='lat' dir='ltr'><strong>sacro</strong></span> <span class='ocrx_word' id='word_1_333' title='bbox 3156 1200 3215 1245; x_wconf 88' lang='lat' dir='ltr'><strong>et</strong></span> <span class='ocrx_word' id='word_1_334' title='bbox 3254 1191 3529 1247; x_wconf 85' lang='lat' dir='ltr'><strong>modulato</strong></span> 
     </span>
    </p>
   </div>
   <div class='ocr_carea' id='block_1_57' title="bbox 1955 1280 3527 1352">
    <p class='ocr_par' dir='ltr' id='par_1_57' title="bbox 1955 1280 3527 1352">
     <span class='ocr_line' id='line_1_57' title="bbox 1955 1280 3527 1352; baseline 0.003 -18"><span class='ocrx_word' id='word_1_335' title='bbox 1955 1280 2514 1349; x_wconf 85' lang='lat' dir='ltr'><strong>carminejubilantes</strong></span> <span class='ocrx_word' id='word_1_336' title='bbox 2547 1284 2793 1341; x_wconf 86' lang='lat' dir='ltr'><strong>dicamus</strong></span> <span class='ocrx_word' id='word_1_337' title='bbox 2828 1301 2842 1338; x_wconf 87' lang='lat'><strong>:</strong></span> <span class='ocrx_word' id='word_1_338' title='bbox 2873 1282 3068 1338; x_wconf 82' lang='lat' dir='ltr'><strong>Omnia</strong></span> <span class='ocrx_word' id='word_1_339' title='bbox 3098 1296 3262 1352; x_wconf 83' lang='lat' dir='ltr'><strong>opera</strong></span> <span class='ocrx_word' id='word_1_340' title='bbox 3287 1282 3527 1348; x_wconf 88' lang='lat' dir='ltr'><strong>Domini,</strong></span> 
     </span>
    </p>
   </div>
   <div class='ocr_carea' id='block_1_58' title="bbox 1956 1369 2517 1430">
    <p class='ocr_par' dir='ltr' id='par_1_58' title="bbox 1956 1369 2517 1430">
     <span class='ocr_line' id='line_1_58' title="bbox 1956 1369 2517 1430; baseline 0.012 -7"><span class='ocrx_word' id='word_1_341' title='bbox 1956 1369 2174 1426; x_wconf 87' lang='lat' dir='ltr'><strong>laudate</strong></span> <span class='ocrx_word' id='word_1_342' title='bbox 2207 1370 2517 1430; x_wconf 84' lang='lat' dir='ltr'><strong>Dominum.</strong></span> 
     </span>
    </p>
   </div>
   <div class='ocr_carea' id='block_1_59' title="bbox 2022 1457 3525 1531">
    <p class='ocr_par' dir='ltr' id='par_1_59' title="bbox 2022 1457 3525 1531">
     <span class='ocr_line' id='line_1_59' title="bbox 2022 1457 3525 1531; baseline 0.003 -17"><span class='ocrx_word' id='word_1_343' title='bbox 2022 1457 2260 1526; x_wconf 88' lang='lat' dir='ltr'><strong>Gaudes,</strong></span> <span class='ocrx_word' id='word_1_344' title='bbox 2315 1476 2350 1516; x_wconf 95' lang='lat' dir='ltr'><strong>o</strong></span> <span class='ocrx_word' id='word_1_345' title='bbox 2403 1463 2775 1531; x_wconf 87' lang='lat' dir='ltr'><strong>immaculata,</strong></span> <span class='ocrx_word' id='word_1_346' title='bbox 2830 1482 3061 1524; x_wconf 84' lang='lat' dir='ltr'><strong>cernens</strong></span> <span class='ocrx_word' id='word_1_347' title='bbox 3120 1468 3433 1525; x_wconf 81' lang='lat' dir='ltr'><strong>Creatorem</strong></span> <span class='ocrx_word' id='word_1_348' title='bbox 3497 1483 3525 1519; x_wconf 89' lang='lat' dir='ltr'><strong>a</strong></span> 
     </span>
    </p>
   </div>
   <div class='ocr_carea' id='block_1_60' title="bbox 1954 1552 3563 1627">
    <p class='ocr_par' dir='ltr' id='par_1_60' title="bbox 1954 1552 3563 1627">
     <span class='ocr_line' id='line_1_60' title="bbox 1954 1552 3563 1627; baseline 0.005 -23"><span class='ocrx_word' id='word_1_349' title='bbox 1954 1552 2188 1609; x_wconf 83' lang='lat' dir='ltr'><strong>mortuis</strong></span> <span class='ocrx_word' id='word_1_350' title='bbox 2213 1555 2538 1611; x_wconf 90' lang='lat' dir='ltr'><strong>suscitatum</strong></span> <span class='ocrx_word' id='word_1_351' title='bbox 2573 1559 2803 1627; x_wconf 77' lang='lat' dir='ltr'><strong>gratiam</strong></span> <span class='ocrx_word' id='word_1_352' title='bbox 2843 1570 2897 1615; x_wconf 89' lang='lat' dir='ltr'><strong>et</strong></span> <span class='ocrx_word' id='word_1_353' title='bbox 2934 1560 3102 1615; x_wconf 86' lang='lat' dir='ltr'><strong>vitam</strong></span> <span class='ocrx_word' id='word_1_354' title='bbox 3138 1573 3190 1614; x_wconf 86' lang='lat' dir='ltr'><strong>et</strong></span> <span class='ocrx_word' id='word_1_355' title='bbox 3222 1561 3526 1616; x_wconf 84' lang='lat' dir='ltr'><strong>libertatem</strong></span> <span class='ocrx_word' id='word_1_356' title='bbox 3560 1626 3563 1627; x_wconf 17' lang='grc' dir='ltr'><em>ν</em></span> 
     </span>
    </p>
   </div>
   <div class='ocr_carea' id='block_1_61' title="bbox 1956 1642 3529 1721">
    <p class='ocr_par' dir='ltr' id='par_1_61' title="bbox 1956 1642 3529 1721">
     <span class='ocr_line' id='line_1_61' title="bbox 1956 1642 3529 1721; baseline 0.004 -25"><span class='ocrx_word' id='word_1_357' title='bbox 1956 1642 2378 1700; x_wconf 86' lang='lat' dir='ltr'><strong>distribuentem</strong></span> <span class='ocrx_word' id='word_1_358' title='bbox 2422 1650 2675 1706; x_wconf 90' lang='lat' dir='ltr'><strong>omnibus</strong></span> <span class='ocrx_word' id='word_1_359' title='bbox 2715 1650 2806 1721; x_wconf 86' lang='lat' dir='ltr'><strong>qui</strong></span> <span class='ocrx_word' id='word_1_360' title='bbox 2851 1652 3191 1721; x_wconf 85' lang='lat' dir='ltr'><strong>proclamant</strong></span> <span class='ocrx_word' id='word_1_361' title='bbox 3228 1645 3379 1706; x_wconf 85' lang='lat' dir='ltr'><strong>illum</strong></span> <span class='ocrx_word' id='word_1_362' title='bbox 3415 1666 3529 1705; x_wconf 88' lang='lat' dir='ltr'><strong>om-</strong></span> 
     </span>
    </p>
   </div>
   <div class='ocr_carea' id='block_1_62' title="bbox 1881 1729 2634 1803">
    <p class='ocr_par' dir='ltr' id='par_1_62' title="bbox 1881 1729 2634 1803">
     <span class='ocr_line' id='line_1_62' title="bbox 1881 1729 2634 1803; baseline 0.011 -20"><span class='ocrx_word' id='word_1_363' title='bbox 1881 1729 2105 1799; x_wconf 37' lang='lat' dir='ltr'><strong>B‘nium</strong></span> <span class='ocrx_word' id='word_1_364' title='bbox 2132 1747 2255 1803; x_wconf 84' lang='lat' dir='ltr'><strong>quae</strong></span> <span class='ocrx_word' id='word_1_365' title='bbox 2287 1742 2414 1788; x_wconf 92' lang='lat' dir='ltr'><strong>sunt</strong></span> <span class='ocrx_word' id='word_1_366' title='bbox 2443 1735 2634 1792; x_wconf 89' lang='lat' dir='ltr'><strong>Deum.</strong></span> 
     </span>
    </p>
   </div>
   <div class='ocr_carea' id='block_1_63' title="bbox 2493 1825 3053 1898">
    <p class='ocr_par' dir='ltr' id='par_1_63' title="bbox 2493 1825 3053 1898">
     <span class='ocr_line' id='line_1_63' title="bbox 2493 1825 3053 1898; baseline 0.005 -19"><span class='ocrx_word' id='word_1_367' title='bbox 2493 1825 2693 1893; x_wconf 79' lang='lat' dir='ltr'><strong>Isaias,</strong></span> <span class='ocrx_word' id='word_1_368' title='bbox 2723 1827 2909 1883; x_wconf 81' lang='lat' dir='ltr'><strong>choros</strong></span> <span class='ocrx_word' id='word_1_369' title='bbox 2939 1846 3053 1898; x_wconf 73' lang='lat' dir='ltr'><strong>age.</strong></span> 
     </span>
    </p>
   </div>
   <div class='ocr_carea' id='block_1_64' title="bbox 2029 1910 3573 1987">
    <p class='ocr_par' dir='ltr' id='par_1_64' title="bbox 2029 1910 3573 1987">
     <span class='ocr_line' id='line_1_64' title="bbox 2029 1910 3573 1987; baseline 0.003 -18"><span class='ocrx_word' id='word_1_370' title='bbox 2029 1910 2285 1973; x_wconf 76' lang='lat' dir='ltr'><strong>Christus</strong></span> <span class='ocrx_word' id='word_1_371' title='bbox 2331 1920 2656 1985; x_wconf 84' lang='lat' dir='ltr'><strong>resurrexit,</strong></span> <span class='ocrx_word' id='word_1_372' title='bbox 2688 1920 2973 1975; x_wconf 83' lang='lat' dir='ltr'><strong>destructo</strong></span> <span class='ocrx_word' id='word_1_373' title='bbox 3029 1920 3206 1975; x_wconf 89' lang='lat' dir='ltr'><strong>hostis</strong></span> <span class='ocrx_word' id='word_1_374' title='bbox 3265 1919 3573 1987; x_wconf 78' lang='lat' dir='ltr'><strong>imperio;-</strong></span> 
     </span>
    </p>
   </div>
   <div class='ocr_carea' id='block_1_65' title="bbox 1959 2004 3535 2082">
    <p class='ocr_par' dir='ltr' id='par_1_65' title="bbox 1959 2004 3535 2082">
     <span class='ocr_line' id='line_1_65' title="bbox 1959 2004 3535 2082; baseline 0.003 -23"><span class='ocrx_word' id='word_1_375' title='bbox 1959 2004 2409 2073; x_wconf 69' lang='lat' dir='ltr'><strong>laetamini,cteli,</strong></span> <span class='ocrx_word' id='word_1_376' title='bbox 2449 2011 2685 2076; x_wconf 75' lang='lat' dir='ltr'><strong>exsulta,</strong></span> <span class='ocrx_word' id='word_1_377' title='bbox 2725 2011 3035 2082; x_wconf 84' lang='lat' dir='ltr'><strong>terra;jam</strong></span> <span class='ocrx_word' id='word_1_378' title='bbox 3071 2027 3177 2068; x_wconf 88' lang='lat' dir='ltr'><strong>non</strong></span> <span class='ocrx_word' id='word_1_379' title='bbox 3219 2012 3535 2067; x_wconf 86' lang='lat' dir='ltr'><strong>dominatur</strong></span> 
     </span>
    </p>
   </div>
   <div class='ocr_carea' id='block_1_66' title="bbox 1961 2096 3571 2174">
    <p class='ocr_par' dir='ltr' id='par_1_66' title="bbox 1961 2096 3571 2174">
     <span class='ocr_line' id='line_1_66' title="bbox 1961 2096 3571 2174; baseline 0.003 -23"><span class='ocrx_word' id='word_1_380' title='bbox 1961 2112 2141 2166; x_wconf 88' lang='lat' dir='ltr'><strong>mors;</strong></span> <span class='ocrx_word' id='word_1_381' title='bbox 2178 2101 2254 2155; x_wconf 89' lang='lat' dir='ltr'><strong>illi</strong></span> <span class='ocrx_word' id='word_1_382' title='bbox 2282 2102 2447 2168; x_wconf 89' lang='lat' dir='ltr'><strong>enim,</strong></span> <span class='ocrx_word' id='word_1_383' title='bbox 2474 2111 2746 2157; x_wconf 77' lang='lat' dir='ltr'><strong>annuente</strong></span> <span class='ocrx_word' id='word_1_384' title='bbox 2775 2101 3029 2169; x_wconf 88' lang='lat' dir='ltr'><strong>Domino,</strong></span> <span class='ocrx_word' id='word_1_385' title='bbox 3053 2096 3222 2173; x_wconf 81' lang='lat' dir='ltr'><strong>erepti</strong></span> <span class='ocrx_word' id='word_1_386' title='bbox 3248 2110 3372 2160; x_wconf 88' lang='lat' dir='ltr'><strong>sunt</strong></span> <span class='ocrx_word' id='word_1_387' title='bbox 3396 2117 3536 2174; x_wconf 84' lang='lat' dir='ltr'><strong>quos</strong></span> <span class='ocrx_word' id='word_1_388' title='bbox 3566 2140 3571 2149; x_wconf 71' lang='grc' dir='ltr'><strong><em>ς</em></strong></span> 
     </span>
    </p>
   </div>
   <div class='ocr_carea' id='block_1_67' title="bbox 1960 2190 3035 2260">
    <p class='ocr_par' dir='ltr' id='par_1_67' title="bbox 1960 2190 3035 2260">
     <span class='ocr_line' id='line_1_67' title="bbox 1960 2190 3035 2260; baseline 0.003 -16"><span class='ocrx_word' id='word_1_389' title='bbox 1960 2190 2202 2260; x_wconf 87' lang='lat' dir='ltr'><strong>potentia</strong></span> <span class='ocrx_word' id='word_1_390' title='bbox 2237 2191 2443 2246; x_wconf 85' lang='lat' dir='ltr'><strong>crudeli</strong></span> <span class='ocrx_word' id='word_1_391' title='bbox 2477 2194 2697 2248; x_wconf 86' lang='lat' dir='ltr'><strong>tenebat</strong></span> <span class='ocrx_word' id='word_1_392' title='bbox 2733 2194 3035 2249; x_wconf 85' lang='lat' dir='ltr'><strong>devinctos.</strong></span> 
     </span>
    </p>
   </div>
   <div class='ocr_carea' id='block_1_68' title="bbox 2028 2279 3536 2354">
    <p class='ocr_par' dir='ltr' id='par_1_68' title="bbox 2028 2279 3536 2354">
     <span class='ocr_line' id='line_1_68' title="bbox 2028 2279 3536 2354; baseline 0.001 -20"><span class='ocrx_word' id='word_1_393' title='bbox 2028 2279 2319 2336; x_wconf 83' lang='lat' dir='ltr'><strong>Tumulutn</strong></span> <span class='ocrx_word' id='word_1_394' title='bbox 2366 2282 2487 2351; x_wconf 87' lang='lat' dir='ltr'><strong>ejus</strong></span> <span class='ocrx_word' id='word_1_395' title='bbox 2546 2284 2636 2353; x_wconf 89' lang='lat' dir='ltr'><strong>qui</strong></span> <span class='ocrx_word' id='word_1_396' title='bbox 2698 2285 2821 2339; x_wconf 68' lang='lat' dir='ltr'><strong>vitae</strong></span> <span class='ocrx_word' id='word_1_397' title='bbox 2874 2294 2958 2340; x_wconf 92' lang='lat' dir='ltr'><strong>est</strong></span> <span class='ocrx_word' id='word_1_398' title='bbox 3015 2284 3229 2354; x_wconf 64' lang='lat' dir='ltr'><strong>prtevia‘.</strong></span> <span class='ocrx_word' id='word_1_399' title='bbox 3295 2284 3536 2339; x_wconf 80' lang='lat' dir='ltr'><strong>tulerunt</strong></span> 
     </span>
    </p>
   </div>
   <div class='ocr_carea' id='block_1_69' title="bbox 1949 2365 3535 2447">
    <p class='ocr_par' dir='ltr' id='par_1_69' title="bbox 1949 2365 3535 2447">
     <span class='ocr_line' id='line_1_69' title="bbox 1949 2365 3535 2447; baseline 0.003 -25"><span class='ocrx_word' id='word_1_400' title='bbox 1949 2365 2220 2424; x_wconf 63' lang='lat' dir='ltr'><strong>&#39;muliercs</strong></span> <span class='ocrx_word' id='word_1_401' title='bbox 2271 2380 2515 2425; x_wconf 89' lang='lat' dir='ltr'><strong>aromata</strong></span> <span class='ocrx_word' id='word_1_402' title='bbox 2564 2373 2630 2426; x_wconf 85' lang='lat' dir='ltr'><strong>ad</strong></span> <span class='ocrx_word' id='word_1_403' title='bbox 2683 2373 2991 2442; x_wconf 82' lang='lat' dir='ltr'><strong>ungendum</strong></span> <span class='ocrx_word' id='word_1_404' title='bbox 3036 2382 3089 2429; x_wconf 89' lang='lat' dir='ltr'><strong>te</strong></span> <span class='ocrx_word' id='word_1_405' title='bbox 3134 2374 3371 2447; x_wconf 72' lang='lat' dir='ltr'><strong>divinam</strong></span> <span class='ocrx_word' id='word_1_406' title='bbox 3408 2387 3535 2427; x_wconf 87' lang='lat' dir='ltr'><strong>aro-</strong></span> 
     </span>
    </p>
   </div>
   <div class='ocr_carea' id='block_1_70' title="bbox 1962 2461 3549 2534">
    <p class='ocr_par' dir='ltr' id='par_1_70' title="bbox 1962 2461 3549 2534">
     <span class='ocr_line' id='line_1_70' title="bbox 1962 2461 3549 2534; baseline 0.001 -21"><span class='ocrx_word' id='word_1_407' title='bbox 1962 2469 2166 2517; x_wconf 89' lang='lat' dir='ltr'><strong>matum</strong></span> <span class='ocrx_word' id='word_1_408' title='bbox 2221 2461 2603 2533; x_wconf 63' lang='lat' dir='ltr'><strong>ﬂagrantiam,</strong></span> <span class='ocrx_word' id='word_1_409' title='bbox 2655 2474 2814 2534; x_wconf 84' lang='lat' dir='ltr'><strong>teque</strong></span> <span class='ocrx_word' id='word_1_410' title='bbox 2866 2466 3237 2522; x_wconf 81' lang='lat' dir='ltr'><strong>resurrexisse</strong></span> <span class='ocrx_word' id='word_1_411' title='bbox 3283 2464 3549 2520; x_wconf 83' lang='lat' dir='ltr'><strong>videntes.</strong></span> 
     </span>
    </p>
   </div>
   <div class='ocr_carea' id='block_1_71' title="bbox 1960 2553 2437 2609">
    <p class='ocr_par' dir='ltr' id='par_1_71' title="bbox 1960 2553 2437 2609">
     <span class='ocr_line' id='line_1_71' title="bbox 1960 2553 2437 2609; baseline 0.004 -2"><span class='ocrx_word' id='word_1_412' title='bbox 1960 2553 2437 2609; x_wconf 88' lang='lat' dir='ltr'><strong>concelebraruut.</strong></span> 
     </span>
    </p>
   </div>
   <div class='ocr_carea' id='block_1_72' title="bbox 2028 2642 3537 2717">
    <p class='ocr_par' dir='ltr' id='par_1_72' title="bbox 2028 2642 3537 2717">
     <span class='ocr_line' id='line_1_72' title="bbox 2028 2642 3537 2717; baseline 0.003 -23"><span class='ocrx_word' id='word_1_413' title='bbox 2028 2642 2154 2697; x_wconf 88' lang='lat' dir='ltr'><strong>Dies</strong></span> <span class='ocrx_word' id='word_1_414' title='bbox 2183 2650 2267 2699; x_wconf 89' lang='lat' dir='ltr'><strong>est</strong></span> <span class='ocrx_word' id='word_1_415' title='bbox 2316 2645 2666 2715; x_wconf 87' lang='lat' dir='ltr'><strong>acceptabilis</strong></span> <span class='ocrx_word' id='word_1_416' title='bbox 2709 2661 2871 2717; x_wconf 89' lang='lat' dir='ltr'><strong>quam</strong></span> <span class='ocrx_word' id='word_1_417' title='bbox 2919 2646 3050 2702; x_wconf 82' lang='lat' dir='ltr'><strong>fecit</strong></span> <span class='ocrx_word' id='word_1_418' title='bbox 3095 2645 3380 2705; x_wconf 83' lang='lat' dir='ltr'><strong>Dominus.</strong></span> <span class='ocrx_word' id='word_1_419' title='bbox 3419 2646 3537 2701; x_wconf 86' lang='lat' dir='ltr'><strong>dies</strong></span> 
     </span>
    </p>
   </div>
   <div class='ocr_carea' id='block_1_73' title="bbox 1963 2734 3539 2806">
    <p class='ocr_par' dir='ltr' id='par_1_73' title="bbox 1963 2734 3539 2806">
     <span class='ocr_line' id='line_1_73' title="bbox 1963 2734 3539 2806; baseline 0.004 -21"><span class='ocrx_word' id='word_1_420' title='bbox 1963 2734 2292 2803; x_wconf 87' lang='lat' dir='ltr'><strong>perillustris</strong></span> <span class='ocrx_word' id='word_1_421' title='bbox 2335 2742 2389 2789; x_wconf 90' lang='lat' dir='ltr'><strong>et</strong></span> <span class='ocrx_word' id='word_1_422' title='bbox 2437 2736 2828 2806; x_wconf 83' lang='lat' dir='ltr'><strong>celeberrima;</strong></span> <span class='ocrx_word' id='word_1_423' title='bbox 2870 2738 3225 2794; x_wconf 80' lang='lat' dir='ltr'><strong>exsultemus</strong></span> <span class='ocrx_word' id='word_1_424' title='bbox 3257 2738 3315 2792; x_wconf 90' lang='lat' dir='ltr'><strong>in</strong></span> <span class='ocrx_word' id='word_1_425' title='bbox 3359 2752 3443 2803; x_wconf 87' lang='lat' dir='ltr'><strong>ea,</strong></span> <span class='ocrx_word' id='word_1_426' title='bbox 3485 2748 3539 2792; x_wconf 92' lang='lat' dir='ltr'><strong>et</strong></span> 
     </span>
    </p>
   </div>
   <div class='ocr_carea' id='block_1_74' title="bbox 1962 2824 3537 2895">
    <p class='ocr_par' dir='ltr' id='par_1_74' title="bbox 1962 2824 3537 2895">
     <span class='ocr_line' id='line_1_74' title="bbox 1962 2824 3537 2895; baseline 0.002 -17"><span class='ocrx_word' id='word_1_427' title='bbox 1962 2824 2427 2880; x_wconf 86' lang='lat' dir='ltr'><strong>conelamemus.:</strong></span> <span class='ocrx_word' id='word_1_428' title='bbox 2472 2825 2695 2883; x_wconf 87' lang='lat' dir='ltr'><strong>Domine</strong></span> <span class='ocrx_word' id='word_1_429' title='bbox 2730 2827 2962 2895; x_wconf 85' lang='lat' dir='ltr'><strong>Christe,</strong></span> <span class='ocrx_word' id='word_1_430' title='bbox 3008 2829 3189 2886; x_wconf 83' lang='lat' dir='ltr'><strong>salvos</strong></span> <span class='ocrx_word' id='word_1_431' title='bbox 3228 2829 3315 2883; x_wconf 77' lang='lat' dir='ltr'><strong>fac</strong></span> <span class='ocrx_word' id='word_1_432' title='bbox 3347 2843 3537 2884; x_wconf 75' lang='lat' dir='ltr'><strong>servos</strong></span> 
     </span>
    </p>
   </div>
   <div class='ocr_carea' id='block_1_75' title="bbox 1966 2913 2738 2973">
    <p class='ocr_par' dir='ltr' id='par_1_75' title="bbox 1966 2913 2738 2973">
     <span class='ocr_line' id='line_1_75' title="bbox 1966 2913 2738 2973; baseline 0.008 -6"><span class='ocrx_word' id='word_1_433' title='bbox 1966 2923 2090 2968; x_wconf 92' lang='lat' dir='ltr'><strong>tuos</strong></span> <span class='ocrx_word' id='word_1_434' title='bbox 2121 2913 2414 2969; x_wconf 83' lang='lat' dir='ltr'><strong>adorantes</strong></span> <span class='ocrx_word' id='word_1_435' title='bbox 2443 2915 2578 2970; x_wconf 72' lang='lat' dir='ltr'><strong>te~in</strong></span> <span class='ocrx_word' id='word_1_436' title='bbox 2613 2916 2738 2973; x_wconf 71' lang='lat' dir='ltr'><strong>ﬁde.</strong></span> 
     </span>
    </p>
   </div>
   <div class='ocr_carea' id='block_1_76' title="bbox 2036 3005 3536 3082">
    <p class='ocr_par' dir='ltr' id='par_1_76' title="bbox 2036 3005 3536 3082">
     <span class='ocr_line' id='line_1_76' title="bbox 2036 3005 3536 3082; baseline 0.005 -24"><span class='ocrx_word' id='word_1_437' title='bbox 2036 3005 2337 3063; x_wconf 85' lang='lat' dir='ltr'><strong>Pnrissima</strong></span> <span class='ocrx_word' id='word_1_438' title='bbox 2358 3007 2544 3077; x_wconf 78' lang='lat' dir='ltr'><strong>Virgo,</strong></span> <span class='ocrx_word' id='word_1_439' title='bbox 2570 3009 2700 3066; x_wconf 79' lang='lat' dir='ltr'><strong>[lore</strong></span> <span class='ocrx_word' id='word_1_440' title='bbox 2722 3011 3055 3082; x_wconf 76' lang='lat' dir='ltr'><strong>virginitatis</strong></span> <span class='ocrx_word' id='word_1_441' title='bbox 3075 3012 3353 3079; x_wconf 75' lang='lat' dir='ltr'><strong>decorata,</strong></span> <span class='ocrx_word' id='word_1_442' title='bbox 3371 3012 3536 3068; x_wconf 82' lang='lat' dir='ltr'><strong>Deum</strong></span> 
     </span>
    </p>
   </div>
   <div class='ocr_carea' id='block_1_77' title="bbox 1965 3102 3539 3177">
    <p class='ocr_par' dir='ltr' id='par_1_77' title="bbox 1965 3102 3539 3177">
     <span class='ocr_line' id='line_1_77' title="bbox 1965 3102 3539 3177; baseline 0.004 -23"><span class='ocrx_word' id='word_1_443' title='bbox 1965 3102 2227 3170; x_wconf 88' lang='lat' dir='ltr'><strong>peperisti</strong></span> <span class='ocrx_word' id='word_1_444' title='bbox 2278 3107 2525 3160; x_wconf 88' lang='lat' dir='ltr'><strong>omnium</strong></span> <span class='ocrx_word' id='word_1_445' title='bbox 2573 3113 2898 3169; x_wconf 84' lang='lat' dir='ltr'><strong>creatorem,</strong></span> <span class='ocrx_word' id='word_1_446' title='bbox 2937 3106 3137 3160; x_wconf 81' lang='lat' dir='ltr'><strong>devicti</strong></span> <span class='ocrx_word' id='word_1_447' title='bbox 3186 3106 3539 3177; x_wconf 88' lang='lat' dir='ltr'><strong>spoliatorem</strong></span> 
     </span>
    </p>
   </div>
   <div class='ocr_carea' id='block_1_78' title="bbox 1966 3187 3538 3267">
    <p class='ocr_par' dir='ltr' id='par_1_78' title="bbox 1966 3187 3538 3267">
     <span class='ocr_line' id='line_1_78' title="bbox 1966 3187 3538 3267; baseline 0.005 -23"><span class='ocrx_word' id='word_1_448' title='bbox 1966 3191 2166 3247; x_wconf 81' lang='lat' dir='ltr'><strong>inferni</strong></span> <span class='ocrx_word' id='word_1_449' title='bbox 2223 3196 2700 3267; x_wconf 76' lang='lat' dir='ltr'><strong>viviﬁcantemque</strong></span> <span class='ocrx_word' id='word_1_450' title='bbox 2742 3187 2997 3253; x_wconf 55' lang='lat' dir='ltr'><strong>&#39;mortuos</strong></span> <span class='ocrx_word' id='word_1_451' title='bbox 3044 3205 3194 3251; x_wconf 89' lang='lat' dir='ltr'><strong>tuam</strong></span> <span class='ocrx_word' id='word_1_452' title='bbox 3252 3198 3339 3267; x_wconf 87' lang='lat' dir='ltr'><strong>pie</strong></span> <span class='ocrx_word' id='word_1_453' title='bbox 3393 3197 3538 3253; x_wconf 82' lang='lat' dir='ltr'><strong>cele-</strong></span> 
     </span>
    </p>
   </div>
   <div class='ocr_carea' id='block_1_79' title="bbox 1967 3280 2704 3343">
    <p class='ocr_par' dir='ltr' id='par_1_79' title="bbox 1967 3280 2704 3343">
     <span class='ocr_line' id='line_1_79' title="bbox 1967 3280 2704 3343; baseline 0.008 -8"><span class='ocrx_word' id='word_1_454' title='bbox 1967 3280 2189 3340; x_wconf 87' lang='lat' dir='ltr'><strong>bramus</strong></span> <span class='ocrx_word' id='word_1_455' title='bbox 2224 3290 2704 3343; x_wconf 77' lang='lat' dir='ltr'><strong>resurrectionem.</strong></span> 
     </span>
    </p>
   </div>
   <div class='ocr_carea' id='block_1_80' title="bbox 2495 3379 2991 3442">
    <p class='ocr_par' dir='ltr' id='par_1_80' title="bbox 2495 3379 2991 3442">
     <span class='ocr_line' id='line_1_80' title="bbox 2495 3379 2991 3442; baseline 0.002 -11"><span class='ocrx_word' id='word_1_456' title='bbox 2495 3379 2676 3434; x_wconf 79' lang='lat' dir='ltr'><strong>Divisa</strong></span> <span class='ocrx_word' id='word_1_457' title='bbox 2710 3379 2991 3442; x_wconf 73' lang='lat' dir='ltr'><strong>dividitur.</strong></span> 
     </span>
    </p>
   </div>
   <div class='ocr_carea' id='block_1_81' title="bbox 2039 3461 3539 3537">
    <p class='ocr_par' dir='ltr' id='par_1_81' title="bbox 2039 3461 3539 3537">
     <span class='ocr_line' id='line_1_81' title="bbox 2039 3461 3539 3537; baseline 0.003 -23"><span class='ocrx_word' id='word_1_458' title='bbox 2039 3461 2252 3534; x_wconf 83' lang='lat' dir='ltr'><strong>Moyses</strong></span> <span class='ocrx_word' id='word_1_459' title='bbox 2309 3472 2617 3532; x_wconf 87' lang='lat' dir='ltr'><strong>serpentem</strong></span> <span class='ocrx_word' id='word_1_460' title='bbox 2679 3468 2899 3536; x_wconf 82' lang='lat' dir='ltr'><strong>erigens</strong></span> <span class='ocrx_word' id='word_1_461' title='bbox 2957 3466 3207 3537; x_wconf 71' lang='lat' dir='ltr'><strong>figuravit</strong></span> <span class='ocrx_word' id='word_1_462' title='bbox 3265 3464 3394 3520; x_wconf 91' lang='lat' dir='ltr'><strong>olim</strong></span> <span class='ocrx_word' id='word_1_463' title='bbox 3449 3474 3539 3527; x_wconf 89' lang='lat' dir='ltr'><strong>te,</strong></span> 
     </span>
    </p>
   </div>
   <div class='ocr_carea' id='block_1_82' title="bbox 1968 3552 3543 3625">
    <p class='ocr_par' dir='ltr' id='par_1_82' title="bbox 1968 3552 3543 3625">
     <span class='ocr_line' id='line_1_82' title="bbox 1968 3552 3543 3625; baseline 0.002 -19"><span class='ocrx_word' id='word_1_464' title='bbox 1968 3552 2203 3619; x_wconf 76' lang='lat' dir='ltr'><strong>Christe,</strong></span> <span class='ocrx_word' id='word_1_465' title='bbox 2235 3556 2556 3608; x_wconf 78' lang='lat' dir='ltr'><strong>crucitixum</strong></span> <span class='ocrx_word' id='word_1_466' title='bbox 2598 3557 2792 3611; x_wconf 88' lang='lat' dir='ltr'><strong>:eruci</strong></span> <span class='ocrx_word' id='word_1_467' title='bbox 2841 3557 2983 3611; x_wconf 89' lang='lat' dir='ltr'><strong>enim</strong></span> <span class='ocrx_word' id='word_1_468' title='bbox 3038 3556 3230 3611; x_wconf 81' lang='lat' dir='ltr'><strong>aﬂixus</strong></span> <span class='ocrx_word' id='word_1_469' title='bbox 3280 3557 3543 3625; x_wconf 85' lang='lat' dir='ltr'><strong>aperuisti</strong></span> 
     </span>
    </p>
   </div>
   <div class='ocr_carea' id='block_1_83' title="bbox 1970 3643 3545 3717">
    <p class='ocr_par' dir='ltr' id='par_1_83' title="bbox 1970 3643 3545 3717">
     <span class='ocr_line' id='line_1_83' title="bbox 1970 3643 3545 3717; baseline 0.003 -20"><span class='ocrx_word' id='word_1_470' title='bbox 1970 3643 2150 3706; x_wconf 85' lang='lat' dir='ltr'><strong>nobis,</strong></span> <span class='ocrx_word' id='word_1_471' title='bbox 2183 3643 2453 3713; x_wconf 83' lang='lat' dir='ltr'><strong>Salvator,</strong></span> <span class='ocrx_word' id='word_1_472' title='bbox 2481 3645 2720 3717; x_wconf 84' lang='lat' dir='ltr'><strong>paradisi</strong></span> <span class='ocrx_word' id='word_1_473' title='bbox 2766 3653 2975 3716; x_wconf 84' lang='lat' dir='ltr'><strong>portas,</strong></span> <span class='ocrx_word' id='word_1_474' title='bbox 3010 3655 3062 3698; x_wconf 92' lang='lat' dir='ltr'><strong>ct</strong></span> <span class='ocrx_word' id='word_1_475' title='bbox 3103 3648 3319 3715; x_wconf 84' lang='lat' dir='ltr'><strong>positus</strong></span> <span class='ocrx_word' id='word_1_476' title='bbox 3358 3647 3411 3699; x_wconf 87' lang='lat' dir='ltr'><strong>in</strong></span> <span class='ocrx_word' id='word_1_477' title='bbox 3458 3663 3545 3701; x_wconf 86' lang='lat' dir='ltr'><strong>se-</strong></span> 
     </span>
    </p>
   </div>
   <div class='ocr_carea' id='block_1_84' title="bbox 1970 3736 3542 3807">
    <p class='ocr_par' dir='ltr' id='par_1_84' title="bbox 1970 3736 3542 3807">
     <span class='ocr_line' id='line_1_84' title="bbox 1970 3736 3542 3807; baseline 0 -16"><span class='ocrx_word' id='word_1_478' title='bbox 1970 3736 2161 3807; x_wconf 84' lang='lat' dir='ltr'><strong>pulcro</strong></span> <span class='ocrx_word' id='word_1_479' title='bbox 2194 3744 2253 3790; x_wconf 90' lang='lat' dir='ltr'><strong>ut</strong></span> <span class='ocrx_word' id='word_1_480' title='bbox 2290 3746 2543 3792; x_wconf 89' lang='lat' dir='ltr'><strong>mortuus</strong></span> <span class='ocrx_word' id='word_1_481' title='bbox 2577 3747 2823 3793; x_wconf 77' lang='lat' dir='ltr'><strong>mortuos</strong></span> <span class='ocrx_word' id='word_1_482' title='bbox 2854 3745 3033 3792; x_wconf 86' lang='lat' dir='ltr'><strong>tecum</strong></span> <span class='ocrx_word' id='word_1_483' title='bbox 3079 3752 3308 3807; x_wconf 76' lang='lat' dir='ltr'><strong>surgere</strong></span> <span class='ocrx_word' id='word_1_484' title='bbox 3343 3738 3542 3803; x_wconf 82' lang='lat' dir='ltr'><strong>fecisti,</strong></span> 
     </span>
    </p>
   </div>
   <div class='ocr_carea' id='block_1_85' title="bbox 1972 3829 2788 3899">
    <p class='ocr_par' dir='ltr' id='par_1_85' title="bbox 1972 3829 2788 3899">
     <span class='ocr_line' id='line_1_85' title="bbox 1972 3829 2788 3899; baseline -0.001 -15"><span class='ocrx_word' id='word_1_485' title='bbox 1972 3829 2443 3899; x_wconf 82' lang='lat' dir='ltr'><strong>depopulatusque</strong></span> <span class='ocrx_word' id='word_1_486' title='bbox 2474 3845 2535 3886; x_wconf 86' lang='lat' dir='ltr'><strong>es</strong></span> <span class='ocrx_word' id='word_1_487' title='bbox 2564 3829 2788 3885; x_wconf 82' lang='lat' dir='ltr'><strong>inferos.</strong></span> 
     </span>
    </p>
   </div>
   <div class='ocr_carea' id='block_1_86' title="bbox 2043 3920 3545 3991">
    <p class='ocr_par' dir='ltr' id='par_1_86' title="bbox 2043 3920 3545 3991">
     <span class='ocr_line' id='line_1_86' title="bbox 2043 3920 3545 3991; baseline 0 -16"><span class='ocrx_word' id='word_1_488' title='bbox 2043 3921 2295 3976; x_wconf 80' lang='lat' dir='ltr'><strong>Christus</strong></span> <span class='ocrx_word' id='word_1_489' title='bbox 2332 3920 2656 3987; x_wconf 72' lang='lat' dir='ltr'><strong>resurrexit,</strong></span> <span class='ocrx_word' id='word_1_490' title='bbox 2686 3920 2893 3991; x_wconf 87' lang='lat' dir='ltr'><strong>populi,</strong></span> <span class='ocrx_word' id='word_1_491' title='bbox 2935 3929 3131 3977; x_wconf 82' lang='lat' dir='ltr'><strong>cautus</strong></span> <span class='ocrx_word' id='word_1_492' title='bbox 3176 3921 3403 3976; x_wconf 83' lang='lat' dir='ltr'><strong>edamus</strong></span> <span class='ocrx_word' id='word_1_493' title='bbox 3450 3921 3545 3975; x_wconf 72' lang='lat' dir='ltr'><strong>lte-</strong></span> 
     </span>
    </p>
   </div>
   <div class='ocr_carea' id='block_1_87' title="bbox 1976 4012 3562 4081">
    <p class='ocr_par' dir='ltr' id='par_1_87' title="bbox 1976 4012 3562 4081">
     <span class='ocr_line' id='line_1_87' title="bbox 1976 4012 3562 4081; baseline 0.001 -18"><span class='ocrx_word' id='word_1_494' title='bbox 1976 4012 2106 4066; x_wconf 79' lang='lat' dir='ltr'><strong>titi:e</strong></span> <span class='ocrx_word' id='word_1_495' title='bbox 2138 4020 2192 4066; x_wconf 86' lang='lat' dir='ltr'><strong>et</strong></span> <span class='ocrx_word' id='word_1_496' title='bbox 2227 4014 2563 4072; x_wconf 75' lang='lat' dir='ltr'><strong>exsultemus</strong></span> <span class='ocrx_word' id='word_1_497' title='bbox 2593 4023 2647 4069; x_wconf 88' lang='lat' dir='ltr'><strong>et</strong></span> <span class='ocrx_word' id='word_1_498' title='bbox 2680 4013 2982 4081; x_wconf 83' lang='lat' dir='ltr'><strong>psallamus</strong></span> <span class='ocrx_word' id='word_1_499' title='bbox 3023 4012 3097 4065; x_wconf 93' lang='lat' dir='ltr'><strong>illi</strong></span> <span class='ocrx_word' id='word_1_500' title='bbox 3144 4023 3203 4066; x_wconf 92' lang='lat' dir='ltr'><strong>ut</strong></span> <span class='ocrx_word' id='word_1_501' title='bbox 3243 4012 3562 4066; x_wconf 62' lang='lat' dir='ltr'><strong>inferorunr</strong></span> 
     </span>
    </p>
   </div>
   <div class='ocr_carea' id='block_1_88' title="bbox 1975 4085 3546 4170">
    <p class='ocr_par' dir='ltr' id='par_1_88' title="bbox 1975 4085 3546 4170">
     <span class='ocr_line' id='line_1_88' title="bbox 1975 4085 3546 4170; baseline 0.003 -19"><span class='ocrx_word' id='word_1_502' title='bbox 1975 4098 2191 4160; x_wconf 82' lang='lat' dir='ltr'><strong>victori,</strong></span> <span class='ocrx_word' id='word_1_503' title='bbox 2233 4098 2642 4170; x_wconf 82' lang='lat' dir='ltr'><strong>clamemusque</strong></span> <span class='ocrx_word' id='word_1_504' title='bbox 2690 4109 2875 4170; x_wconf 86' lang='lat' dir='ltr'><strong>aperte</strong></span> <span class='ocrx_word' id='word_1_505' title='bbox 2909 4118 2923 4153; x_wconf 89' lang='lat'><strong>:</strong></span> <span class='ocrx_word' id='word_1_506' title='bbox 2961 4085 3211 4154; x_wconf 71' lang='lat' dir='ltr'><strong>Surrexit</strong></span> <span class='ocrx_word' id='word_1_507' title='bbox 3263 4098 3546 4163; x_wconf 87' lang='lat' dir='ltr'><strong>Dominus,</strong></span> 
     </span>
    </p>
   </div>
   <div class='ocr_carea' id='block_1_89' title="bbox 1975 4189 3079 4247">
    <p class='ocr_par' dir='ltr' id='par_1_89' title="bbox 1975 4189 3079 4247">
     <span class='ocr_line' id='line_1_89' title="bbox 1975 4189 3079 4247; baseline 0.001 -2"><span class='ocrx_word' id='word_1_508' title='bbox 1975 4189 2115 4245; x_wconf 88' lang='lat' dir='ltr'><strong>diem</strong></span> <span class='ocrx_word' id='word_1_509' title='bbox 2149 4191 2290 4245; x_wconf 88' lang='lat' dir='ltr'><strong>hanc</strong></span> <span class='ocrx_word' id='word_1_510' title='bbox 2320 4192 2480 4247; x_wconf 87' lang='lat' dir='ltr'><strong>hilari</strong></span> <span class='ocrx_word' id='word_1_511' title='bbox 2507 4194 2691 4247; x_wconf 86' lang='lat' dir='ltr'><strong>animo</strong></span> <span class='ocrx_word' id='word_1_512' title='bbox 2720 4192 3079 4247; x_wconf 82' lang='lat' dir='ltr'><strong>celebremus.</strong></span> 
     </span>
    </p>
   </div>
   <div class='ocr_carea' id='block_1_90' title="bbox 2047 4282 3548 4347">
    <p class='ocr_par' dir='ltr' id='par_1_90' title="bbox 2047 4282 3548 4347">
     <span class='ocr_line' id='line_1_90' title="bbox 2047 4282 3548 4347; baseline -0.003 -8"><span class='ocrx_word' id='word_1_513' title='bbox 2047 4282 2283 4339; x_wconf 64' lang='lat' dir='ltr'><strong>Laetetur</strong></span> <span class='ocrx_word' id='word_1_514' title='bbox 2321 4286 2501 4341; x_wconf 89' lang='lat' dir='ltr'><strong>omnis</strong></span> <span class='ocrx_word' id='word_1_515' title='bbox 2536 4295 2705 4347; x_wconf 78' lang='lat' dir='ltr'><strong>terra,</strong></span> <span class='ocrx_word' id='word_1_516' title='bbox 2734 4283 2988 4338; x_wconf 77' lang='lat' dir='ltr'><strong>Christus</strong></span> <span class='ocrx_word' id='word_1_517' title='bbox 3031 4283 3329 4338; x_wconf 76' lang='lat' dir='ltr'><strong>resurrexit</strong></span> <span class='ocrx_word' id='word_1_518' title='bbox 3360 4297 3548 4338; x_wconf 90' lang='lat' dir='ltr'><strong>secum</strong></span> 
     </span>
    </p>
   </div>
   <div class='ocr_carea' id='block_1_91' title="bbox 311 4373 1863 4458">
    <p class='ocr_par' dir='ltr' id='par_1_91' title="bbox 311 4376 1863 4449">
     <span class='ocr_line' id='line_1_91' title="bbox 311 4376 1863 4449; baseline -0.001 -17"><span class='ocrx_word' id='word_1_519' title='bbox 311 4378 534 4445; x_wconf 78' lang='grc' dir='ltr'>ζωώσας</span> <span class='ocrx_word' id='word_1_520' title='bbox 550 4379 675 4443; x_wconf 67' lang='grc' dir='ltr'>τοὺς</span> <span class='ocrx_word' id='word_1_521' title='bbox 700 4376 946 4448; x_wconf 72' lang='grc' dir='ltr'>νεκρούς*</span> <span class='ocrx_word' id='word_1_522' title='bbox 972 4380 1298 4448; x_wconf 64' lang='grc' dir='ltr'>μυροφόροις</span> <span class='ocrx_word' id='word_1_523' title='bbox 1311 4396 1369 4430; x_wconf 89' lang='grc' dir='ltr'><strong>τε</strong></span> <span class='ocrx_word' id='word_1_524' title='bbox 1396 4378 1477 4431; x_wconf 79' lang='grc' dir='ltr'><strong>τό’</strong></span> <span class='ocrx_word' id='word_1_525' title='bbox 1497 4376 1751 4448; x_wconf 81' lang='grc' dir='ltr'>Χαίρετε,</span> <span class='ocrx_word' id='word_1_526' title='bbox 1778 4378 1863 4449; x_wconf 65' lang='grc' dir='ltr'><strong>βοᾷ</strong></span> 
     </span>
    </p>
   </div>
   <div class='ocr_carea' id='block_1_92' title="bbox 1981 4373 3555 4458">
    <p class='ocr_par' dir='ltr' id='par_1_92' title="bbox 1981 4373 3555 4444">
     <span class='ocr_line' id='line_1_92' title="bbox 1981 4373 3555 4444; baseline -0.002 -14"><span class='ocrx_word' id='word_1_527' title='bbox 1981 4378 2320 4432; x_wconf 83' lang='lat' dir='ltr'><strong>resuscitans</strong></span> <span class='ocrx_word' id='word_1_528' title='bbox 2373 4380 2620 4429; x_wconf 81' lang='lat' dir='ltr'><strong>mortuos</strong></span> <span class='ocrx_word' id='word_1_529' title='bbox 2660 4392 2672 4428; x_wconf 91' lang='lat'><strong>:</strong></span> <span class='ocrx_word' id='word_1_530' title='bbox 2707 4380 2978 4444; x_wconf 67' lang='lat' dir='ltr'><strong>apparens</strong></span> <span class='ocrx_word' id='word_1_531' title='bbox 3024 4374 3258 4443; x_wconf 88' lang='lat' dir='ltr'><strong>primum</strong></span> <span class='ocrx_word' id='word_1_532' title='bbox 3306 4373 3555 4427; x_wconf 85' lang='lat' dir='ltr'><strong>mulieri-</strong></span> 
     </span>
    </p>
   </div>
   <div class='ocr_carea' id='block_1_93' title="bbox 311 4468 1876 4540">
    <p class='ocr_par' dir='ltr' id='par_1_93' title="bbox 311 4468 1876 4540">
     <span class='ocr_line' id='line_1_93' title="bbox 311 4468 1876 4540; baseline -0.001 -16"><span class='ocrx_word' id='word_1_533' title='bbox 311 4471 501 4533; x_wconf 78' lang='grc' dir='ltr'>αὐταῖς</span> <span class='ocrx_word' id='word_1_534' title='bbox 538 4468 893 4540; x_wconf 73' lang='grc' dir='ltr'>ἐμφανισθεὶς</span> <span class='ocrx_word' id='word_1_535' title='bbox 921 4471 982 4521; x_wconf 74' lang='grc' dir='ltr'><strong>τὸ</strong></span> <span class='ocrx_word' id='word_1_536' title='bbox 1005 4486 1071 4538; x_wconf 75' lang='grc' dir='ltr'>πί</span> <span class='ocrx_word' id='word_1_537' title='bbox 1085 4468 1243 4534; x_wconf 87' lang='grc' dir='ltr'>ῶτον,</span> <span class='ocrx_word' id='word_1_538' title='bbox 1277 4469 1495 4533; x_wconf 77' lang='grc' dir='ltr'>Ἀπιτε,</span> <span class='ocrx_word' id='word_1_539' title='bbox 1542 4470 1876 4538; x_wconf 86' lang='grc' dir='ltr'>παρεγγυῶν</span> 
     </span>
    </p>
   </div>
   <div class='ocr_carea' id='block_1_94' title="bbox 313 4558 1878 4630">
    <p class='ocr_par' dir='ltr' id='par_1_94' title="bbox 313 4558 1878 4630">
     <span class='ocr_line' id='line_1_94' title="bbox 313 4558 1878 4630; baseline -0.001 -17"><span class='ocrx_word' id='word_1_540' title='bbox 313 4560 407 4615; x_wconf 72' lang='grc' dir='ltr'><strong>νῦν</strong></span> <span class='ocrx_word' id='word_1_541' title='bbox 434 4564 544 4622; x_wconf 84' lang='grc' dir='ltr'>τοῖς</span> <span class='ocrx_word' id='word_1_542' title='bbox 573 4560 750 4628; x_wconf 84' lang='grc' dir='ltr'>φίλοις</span> <span class='ocrx_word' id='word_1_543' title='bbox 780 4575 887 4628; x_wconf 35' lang='grc' dir='ltr'>μου,</span> <span class='ocrx_word' id='word_1_544' title='bbox 907 4558 1003 4630; x_wconf 85' lang='grc' dir='ltr'>τὴν</span> <span class='ocrx_word' id='word_1_545' title='bbox 1029 4558 1180 4612; x_wconf 83' lang='grc' dir='ltr'>θείαν</span> <span class='ocrx_word' id='word_1_546' title='bbox 1205 4571 1305 4629; x_wconf 83' lang='grc' dir='ltr'><strong>μου</strong></span> <span class='ocrx_word' id='word_1_547' title='bbox 1322 4558 1540 4630; x_wconf 83' lang='grc' dir='ltr'>έγερσιν</span> <span class='ocrx_word' id='word_1_548' title='bbox 1571 4559 1878 4625; x_wconf 81' lang='grc' dir='ltr'>σπουδαίως</span> 
     </span>
    </p>
   </div>
   <div class='ocr_carea' id='block_1_95' title="bbox 315 4653 609 4721">
    <p class='ocr_par' dir='ltr' id='par_1_95' title="bbox 315 4653 609 4721">
     <span class='ocr_line' id='line_1_95' title="bbox 315 4653 609 4721; baseline 0 -15"><span class='ocrx_word' id='word_1_549' title='bbox 315 4653 609 4721; x_wconf 80' lang='grc' dir='ltr'>κηρύξατε.</span> 
     </span>
    </p>
   </div>
   <div class='ocr_carea' id='block_1_96' title="bbox 382 4740 1878 4816">
    <p class='ocr_par' dir='ltr' id='par_1_96' title="bbox 382 4740 1878 4816">
     <span class='ocr_line' id='line_1_96' title="bbox 382 4740 1878 4816; baseline -0.003 -19"><span class='ocrx_word' id='word_1_550' title='bbox 382 4747 573 4814; x_wconf 80' lang='grc' dir='ltr'>Χαῖρε,</span> <span class='ocrx_word' id='word_1_551' title='bbox 601 4744 799 4816; x_wconf 85' lang='grc' dir='ltr'>χωρίον</span> <span class='ocrx_word' id='word_1_552' title='bbox 827 4741 918 4795; x_wconf 81' lang='grc' dir='ltr'>τοῦ</span> <span class='ocrx_word' id='word_1_553' title='bbox 953 4740 1325 4810; x_wconf 76' lang='grc' dir='ltr'>Δημιουργοῦ,</span> <span class='ocrx_word' id='word_1_554' title='bbox 1367 4743 1547 4810; x_wconf 84' lang='grc' dir='ltr'>χαῖρε,</span> <span class='ocrx_word' id='word_1_555' title='bbox 1578 4740 1878 4809; x_wconf 82' lang='grc' dir='ltr'>παράδεισε</span> 
     </span>
    </p>
   </div>
   <div class='ocr_carea' id='block_1_97' title="bbox 316 4830 1879 4906">
    <p class='ocr_par' dir='ltr' id='par_1_97' title="bbox 316 4830 1879 4906">
     <span class='ocr_line' id='line_1_97' title="bbox 316 4830 1879 4906; baseline -0.004 -18"><span class='ocrx_word' id='word_1_556' title='bbox 316 4836 517 4906; x_wconf 74' lang='grc' dir='ltr'>Κυρίου</span> <span class='ocrx_word' id='word_1_557' title='bbox 545 4836 725 4903; x_wconf 76' lang='grc' dir='ltr'>λογικὲ</span> <span class='ocrx_word' id='word_1_558' title='bbox 750 4876 764 4899; x_wconf 91' lang='grc'><strong>,</strong></span> <span class='ocrx_word' id='word_1_559' title='bbox 797 4838 973 4906; x_wconf 85' lang='grc' dir='ltr'>χαῖρε,</span> <span class='ocrx_word' id='word_1_560' title='bbox 1007 4834 1204 4905; x_wconf 74' lang='grc' dir='ltr'>ούρανὲ</span> <span class='ocrx_word' id='word_1_561' title='bbox 1239 4834 1334 4887; x_wconf 68' lang='grc' dir='ltr'>καὶ</span> <span class='ocrx_word' id='word_1_562' title='bbox 1373 4830 1528 4902; x_wconf 75' lang='grc' dir='ltr'>θρόνε</span> <span class='ocrx_word' id='word_1_563' title='bbox 1577 4832 1670 4883; x_wconf 73' lang='grc' dir='ltr'>καὶ</span> <span class='ocrx_word' id='word_1_564' title='bbox 1707 4832 1879 4902; x_wconf 81' lang='grc' dir='ltr'>σκηνὴ</span> 
     </span>
    </p>
   </div>
   <div class='ocr_carea' id='block_1_98' title="bbox 315 4921 1880 5001">
    <p class='ocr_par' dir='ltr' id='par_1_98' title="bbox 315 4921 1880 5001">
     <span class='ocr_line' id='line_1_98' title="bbox 315 4921 1880 5001; baseline -0.005 -22"><span class='ocrx_word' id='word_1_565' title='bbox 315 4932 370 4979; x_wconf 77' lang='grc' dir='ltr'>ἐν</span> <span class='ocrx_word' id='word_1_566' title='bbox 469 4930 704 5001; x_wconf 75' lang='grc' dir='ltr'>Ποιητὴς</span> <span class='ocrx_word' id='word_1_567' title='bbox 737 4930 1044 4999; x_wconf 74' lang='grc' dir='ltr'>σκηνώσεις,</span> <span class='ocrx_word' id='word_1_568' title='bbox 1079 4925 1140 4977; x_wconf 71' lang='grc' dir='ltr'>τὸ</span> <span class='ocrx_word' id='word_1_569' title='bbox 1171 4923 1262 4977; x_wconf 77' lang='grc' dir='ltr'><strong>τοῦ</strong></span> <span class='ocrx_word' id='word_1_570' title='bbox 1293 4922 1419 4994; x_wconf 70' lang='grc' dir='ltr'>ᾅδου</span> <span class='ocrx_word' id='word_1_571' title='bbox 1452 4921 1691 4992; x_wconf 79' lang='grc' dir='ltr'>ἁμειδὲς,</span> <span class='ocrx_word' id='word_1_572' title='bbox 1720 4922 1880 4991; x_wconf 69' lang='grc' dir='ltr'>ἁγνὴ,</span> 
     </span>
    </p>
   </div>
   <div class='ocr_carea' id='block_1_99' title="bbox 320 5013 1881 5092">
    <p class='ocr_par' dir='ltr' id='par_1_99' title="bbox 320 5013 1881 5092">
     <span class='ocr_line' id='line_1_99' title="bbox 320 5013 1881 5092; baseline -0.004 -19"><span class='ocrx_word' id='word_1_573' title='bbox 320 5023 606 5092; x_wconf 76' lang='grc' dir='ltr'>σκήνωμα,</span> <span class='ocrx_word' id='word_1_574' title='bbox 653 5022 955 5085; x_wconf 84' lang='grc' dir='ltr'>σκυλεύσας</span> <span class='ocrx_word' id='word_1_575' title='bbox 1013 5023 1310 5088; x_wconf 77' lang='grc' dir='ltr'>ἀνέστησεν</span> <span class='ocrx_word' id='word_1_576' title='bbox 1346 5016 1462 5067; x_wconf 78' lang='grc' dir='ltr'>ἐκεῖ</span> <span class='ocrx_word' id='word_1_577' title='bbox 1503 5014 1626 5076; x_wconf 70' lang='grc' dir='ltr'>τοὺς</span> <span class='ocrx_word' id='word_1_578' title='bbox 1681 5013 1881 5066; x_wconf 79' lang='grc' dir='ltr'>καθεύο</span> 
     </span>
    </p>
   </div>
   <div class='ocr_carea' id='block_1_100' title="bbox 313 5111 522 5174">
    <p class='ocr_par' dir='ltr' id='par_1_100' title="bbox 313 5111 522 5174">
     <span class='ocr_line' id='line_1_100' title="bbox 313 5111 522 5174; baseline 0 -12"><span class='ocrx_word' id='word_1_579' title='bbox 313 5111 522 5174; x_wconf 84' lang='grc' dir='ltr'>δοντας.</span> 
     </span>
    </p>
   </div>
   <div class='ocr_carea' id='block_1_101' title="bbox 507 5199 1697 5271">
    <p class='ocr_par' dir='ltr' id='par_1_101' title="bbox 507 5199 1697 5271">
     <span class='ocr_line' id='line_1_101' title="bbox 507 5199 1697 5271; baseline -0.006 -14"><span class='ocrx_word' id='word_1_580' title='bbox 507 5204 719 5271; x_wconf 80' lang='grc' dir='ltr'>Κύριος</span> <span class='ocrx_word' id='word_1_581' title='bbox 746 5201 830 5257; x_wconf 81' lang='grc' dir='ltr'><strong>ὢν</strong></span> <span class='ocrx_word' id='word_1_582' title='bbox 851 5202 1092 5256; x_wconf 73' lang='grc' dir='ltr'>πάντων</span> <span class='ocrx_word' id='word_1_583' title='bbox 1119 5200 1215 5253; x_wconf 77' lang='grc' dir='ltr'>καὶ</span> <span class='ocrx_word' id='word_1_584' title='bbox 1251 5200 1500 5267; x_wconf 77' lang='grc' dir='ltr'>κτίστης</span> <span class='ocrx_word' id='word_1_585' title='bbox 1535 5199 1697 5263; x_wconf 67' lang='grc' dir='ltr'>Θειςς.</span> 
     </span>
    </p>
   </div>
   <div class='ocr_carea' id='block_1_102' title="bbox 384 5289 1879 5366">
    <p class='ocr_par' dir='ltr' id='par_1_102' title="bbox 384 5289 1879 5366">
     <span class='ocr_line' id='line_1_102' title="bbox 384 5289 1879 5366; baseline -0.005 -18"><span class='ocrx_word' id='word_1_586' title='bbox 384 5295 699 5366; x_wconf 86' lang='grc' dir='ltr'>Σταύρωσιν</span> <span class='ocrx_word' id='word_1_587' title='bbox 753 5296 988 5363; x_wconf 78' lang='grc' dir='ltr'>ὑπέστης</span> <span class='ocrx_word' id='word_1_588' title='bbox 1020 5292 1256 5361; x_wconf 80' lang='grc' dir='ltr'>θελήσει,</span> <span class='ocrx_word' id='word_1_589' title='bbox 1289 5293 1510 5362; x_wconf 77' lang='grc' dir='ltr'>Χριστὲ,</span> <span class='ocrx_word' id='word_1_590' title='bbox 1553 5292 1647 5343; x_wconf 69' lang='grc' dir='ltr'>καὶ</span> <span class='ocrx_word' id='word_1_591' title='bbox 1677 5289 1879 5358; x_wconf 76' lang='grc' dir='ltr'>ὀνείδη,</span> 
     </span>
    </p>
   </div>
   <div class='ocr_carea' id='block_1_103' title="bbox 312 5382 1884 5459">
    <p class='ocr_par' dir='ltr' id='par_1_103' title="bbox 312 5382 1884 5459">
     <span class='ocr_line' id='line_1_103' title="bbox 312 5382 1884 5459; baseline -0.006 -18"><span class='ocrx_word' id='word_1_592' title='bbox 312 5389 459 5451; x_wconf 78' lang='grc' dir='ltr'>ὅπως</span> <span class='ocrx_word' id='word_1_593' title='bbox 488 5387 645 5459; x_wconf 77' lang='grc' dir='ltr'>ἡμῶν</span> <span class='ocrx_word' id='word_1_594' title='bbox 677 5389 892 5441; x_wconf 81' lang='grc' dir='ltr'>πάντων</span> <span class='ocrx_word' id='word_1_595' title='bbox 921 5385 1058 5459; x_wconf 79' lang='grc' dir='ltr'>ἄρῃς</span> <span class='ocrx_word' id='word_1_596' title='bbox 1086 5384 1144 5435; x_wconf 78' lang='grc' dir='ltr'>τὸ</span> <span class='ocrx_word' id='word_1_597' title='bbox 1176 5383 1375 5448; x_wconf 74' lang='grc' dir='ltr'>ὄνειδος</span> <span class='ocrx_word' id='word_1_598' title='bbox 1413 5384 1507 5437; x_wconf 72' lang='grc' dir='ltr'>καὶ</span> <span class='ocrx_word' id='word_1_599' title='bbox 1532 5382 1795 5451; x_wconf 79' lang='grc' dir='ltr'>κατῆλθες</span> <span class='ocrx_word' id='word_1_600' title='bbox 1827 5382 1884 5432; x_wconf 82' lang='grc' dir='ltr'>ἐν</span> 
     </span>
    </p>
   </div>
   <div class='ocr_carea' id='block_1_104' title="bbox 312 5470 1881 5547">
    <p class='ocr_par' dir='ltr' id='par_1_104' title="bbox 312 5470 1881 5547">
     <span class='ocr_line' id='line_1_104' title="bbox 312 5470 1881 5547; baseline -0.004 -18"><span class='ocrx_word' id='word_1_601' title='bbox 312 5478 468 5546; x_wconf 72' lang='grc' dir='ltr'>τάφῳ</span> <span class='ocrx_word' id='word_1_602' title='bbox 499 5476 573 5539; x_wconf 83' lang='grc' dir='ltr'>ὡς</span> <span class='ocrx_word' id='word_1_603' title='bbox 607 5477 834 5547; x_wconf 72' lang='grc' dir='ltr'>θνητοὺς</span> <span class='ocrx_word' id='word_1_604' title='bbox 883 5472 1119 5529; x_wconf 86' lang='grc' dir='ltr'>ἀνιστῶν</span> <span class='ocrx_word' id='word_1_605' title='bbox 1150 5473 1598 5545; x_wconf 79' lang='grc' dir='ltr'>κατάφθσρέντας</span> <span class='ocrx_word' id='word_1_606' title='bbox 1623 5490 1635 5502; x_wconf 85' lang='grc'><strong>·</strong></span> <span class='ocrx_word' id='word_1_607' title='bbox 1656 5470 1780 5536; x_wconf 76' lang='grc' dir='ltr'>δόξα</span> <span class='ocrx_word' id='word_1_608' title='bbox 1818 5475 1881 5543; x_wconf 82' lang='grc' dir='ltr'>τῇ</span> 
     </span>
    </p>
   </div>
   <div class='ocr_carea' id='block_1_105' title="bbox 316 5566 1391 5641">
    <p class='ocr_par' dir='ltr' id='par_1_105' title="bbox 316 5566 1391 5641">
     <span class='ocr_line' id='line_1_105' title="bbox 316 5566 1391 5641; baseline -0.002 -19"><span class='ocrx_word' id='word_1_609' title='bbox 316 5568 610 5622; x_wconf 70' lang='grc' dir='ltr'>παντοδυνὰ</span> <span class='ocrx_word' id='word_1_610' title='bbox 621 5586 705 5639; x_wconf 59' lang='grc' dir='ltr'>μιν</span> <span class='ocrx_word' id='word_1_611' title='bbox 727 5586 819 5623; x_wconf 86' lang='grc' dir='ltr'><strong>σου</strong></span> <span class='ocrx_word' id='word_1_612' title='bbox 849 5568 1085 5641; x_wconf 74' lang='grc' dir='ltr'>ἐξουσίᾳ,</span> <span class='ocrx_word' id='word_1_613' title='bbox 1119 5566 1391 5625; x_wconf 80' lang='grc' dir='ltr'>πολυέλεε.</span> 
     </span>
    </p>
   </div>
   <div class='ocr_carea' id='block_1_106' title="bbox 1981 4464 3568 4537">
    <p class='ocr_par' dir='ltr' id='par_1_106' title="bbox 1981 4464 3568 4537">
     <span class='ocr_line' id='line_1_106' title="bbox 1981 4464 3568 4537; baseline -0.002 -16"><span class='ocrx_word' id='word_1_614' title='bbox 1981 4468 2081 4521; x_wconf 82' lang='lat' dir='ltr'><strong>bus</strong></span> <span class='ocrx_word' id='word_1_615' title='bbox 2110 4484 2229 4537; x_wconf 74' lang='lat' dir='ltr'><strong>qua:</strong></span> <span class='ocrx_word' id='word_1_616' title='bbox 2257 4468 2499 4522; x_wconf 81' lang='lat' dir='ltr'><strong>ferebant</strong></span> <span class='ocrx_word' id='word_1_617' title='bbox 2522 4475 2784 4530; x_wconf 84' lang='lat' dir='ltr'><strong>aromata,</strong></span> <span class='ocrx_word' id='word_1_618' title='bbox 2813 4465 2889 4518; x_wconf 84' lang='lat' dir='ltr'><strong>ait</strong></span> <span class='ocrx_word' id='word_1_619' title='bbox 2921 4466 3029 4519; x_wconf 87' lang='lat' dir='ltr'><strong>illis</strong></span> <span class='ocrx_word' id='word_1_620' title='bbox 3062 4483 3075 4519; x_wconf 89' lang='lat'><strong>:</strong></span> <span class='ocrx_word' id='word_1_621' title='bbox 3108 4464 3373 4528; x_wconf 86' lang='lat' dir='ltr'><strong>Gaudete,</strong></span> <span class='ocrx_word' id='word_1_622' title='bbox 3408 4464 3568 4520; x_wconf 65' lang='lat' dir='ltr'><strong>festi~</strong></span> 
     </span>
    </p>
   </div>
   <div class='ocr_carea' id='block_1_107' title="bbox 1979 4554 3553 4625">
    <p class='ocr_par' dir='ltr' id='par_1_107' title="bbox 1979 4554 3553 4625">
     <span class='ocr_line' id='line_1_107' title="bbox 1979 4554 3553 4625; baseline -0.003 -16"><span class='ocrx_word' id='word_1_623' title='bbox 1979 4564 2174 4610; x_wconf 83' lang='lat' dir='ltr'><strong>nanter</strong></span> <span class='ocrx_word' id='word_1_624' title='bbox 2206 4556 2469 4625; x_wconf 80' lang='lat' dir='ltr'><strong>abeuntes</strong></span> <span class='ocrx_word' id='word_1_625' title='bbox 2512 4570 2687 4610; x_wconf 84' lang='lat' dir='ltr'><strong>meam</strong></span> <span class='ocrx_word' id='word_1_626' title='bbox 2731 4554 3054 4609; x_wconf 84' lang='lat' dir='ltr'><strong>annuntiate</strong></span> <span class='ocrx_word' id='word_1_627' title='bbox 3089 4555 3553 4610; x_wconf 82' lang='lat' dir='ltr'><strong>resurrectionem</strong></span> 
     </span>
    </p>
   </div>
   <div class='ocr_carea' id='block_1_108' title="bbox 1981 4647 2363 4702">
    <p class='ocr_par' dir='ltr' id='par_1_108' title="bbox 1981 4647 2363 4702">
     <span class='ocr_line' id='line_1_108' title="bbox 1981 4647 2363 4702; baseline 0.005 -2"><span class='ocrx_word' id='word_1_628' title='bbox 1981 4647 2174 4702; x_wconf 77' lang='lat' dir='ltr'><strong>amicis</strong></span> <span class='ocrx_word' id='word_1_629' title='bbox 2206 4648 2363 4702; x_wconf 90' lang='lat' dir='ltr'><strong>meis.</strong></span> 
     </span>
    </p>
   </div>
   <div class='ocr_carea' id='block_1_109' title="bbox 2054 4735 3552 4807">
    <p class='ocr_par' dir='ltr' id='par_1_109' title="bbox 2054 4735 3552 4807">
     <span class='ocr_line' id='line_1_109' title="bbox 2054 4735 3552 4807; baseline 0.001 -18"><span class='ocrx_word' id='word_1_630' title='bbox 2054 4736 2249 4804; x_wconf 80' lang='lat' dir='ltr'><strong>Salve,</strong></span> <span class='ocrx_word' id='word_1_631' title='bbox 2301 4738 2610 4793; x_wconf 87' lang='lat' dir='ltr'><strong>castissima</strong></span> <span class='ocrx_word' id='word_1_632' title='bbox 2671 4737 2865 4807; x_wconf 79' lang='lat' dir='ltr'><strong>Virgo,</strong></span> <span class='ocrx_word' id='word_1_633' title='bbox 2926 4737 3184 4807; x_wconf 68' lang='lat' dir='ltr'><strong>pra-dium</strong></span> <span class='ocrx_word' id='word_1_634' title='bbox 3239 4735 3552 4798; x_wconf 84' lang='lat' dir='ltr'><strong>Creatoris,</strong></span> 
     </span>
    </p>
   </div>
   <div class='ocr_carea' id='block_1_110' title="bbox 1982 4828 3559 4898">
    <p class='ocr_par' dir='ltr' id='par_1_110' title="bbox 1982 4828 3559 4898">
     <span class='ocr_line' id='line_1_110' title="bbox 1982 4828 3559 4898; baseline -0.001 -16"><span class='ocrx_word' id='word_1_635' title='bbox 1982 4828 2153 4891; x_wconf 81' lang='lat' dir='ltr'><strong>salve,</strong></span> <span class='ocrx_word' id='word_1_636' title='bbox 2180 4830 2432 4897; x_wconf 83' lang='lat' dir='ltr'><strong>paradiso</strong></span> <span class='ocrx_word' id='word_1_637' title='bbox 2466 4830 2770 4898; x_wconf 79' lang='lat' dir='ltr'><strong>spiritualis</strong></span> <span class='ocrx_word' id='word_1_638' title='bbox 2800 4828 3035 4886; x_wconf 83' lang='lat' dir='ltr'><strong>Dmniui.</strong></span> <span class='ocrx_word' id='word_1_639' title='bbox 3061 4830 3285 4891; x_wconf 86' lang='lat' dir='ltr'><strong>coetum,</strong></span> <span class='ocrx_word' id='word_1_640' title='bbox 3322 4828 3559 4881; x_wconf 82' lang='lat' dir='ltr'><strong>thronus</strong></span> 
     </span>
    </p>
   </div>
   <div class='ocr_carea' id='block_1_111' title="bbox 1982 4917 3554 4985">
    <p class='ocr_par' dir='ltr' id='par_1_111' title="bbox 1982 4917 3554 4985">
     <span class='ocr_line' id='line_1_111' title="bbox 1982 4917 3554 4985; baseline -0.001 -13"><span class='ocrx_word' id='word_1_641' title='bbox 1982 4927 2036 4972; x_wconf 87' lang='lat' dir='ltr'><strong>et</strong></span> <span class='ocrx_word' id='word_1_642' title='bbox 2079 4919 2233 4973; x_wconf 86' lang='lat' dir='ltr'><strong>locus</strong></span> <span class='ocrx_word' id='word_1_643' title='bbox 2271 4919 2357 4971; x_wconf 85' lang='lat' dir='ltr'><strong>ubi</strong></span> <span class='ocrx_word' id='word_1_644' title='bbox 2392 4918 2620 4971; x_wconf 85' lang='lat' dir='ltr'><strong>Creator</strong></span> <span class='ocrx_word' id='word_1_645' title='bbox 2656 4918 2767 4969; x_wconf 79' lang='lat' dir='ltr'><strong>tixit</strong></span> <span class='ocrx_word' id='word_1_646' title='bbox 2814 4917 3250 4982; x_wconf 85' lang='lat' dir='ltr'><strong>tabernaculum,</strong></span> <span class='ocrx_word' id='word_1_647' title='bbox 3281 4917 3554 4985; x_wconf 84' lang='lat' dir='ltr'><strong>spolians-</strong></span> 
     </span>
    </p>
   </div>
   <div class='ocr_carea' id='block_1_112' title="bbox 1982 5006 3559 5078">
    <p class='ocr_par' dir='ltr' id='par_1_112' title="bbox 1982 5006 3559 5078">
     <span class='ocr_line' id='line_1_112' title="bbox 1982 5006 3559 5078; baseline 0 -17"><span class='ocrx_word' id='word_1_648' title='bbox 1982 5025 2089 5078; x_wconf 81' lang='lat' dir='ltr'><strong>que</strong></span> <span class='ocrx_word' id='word_1_649' title='bbox 2135 5009 2321 5062; x_wconf 83' lang='lat' dir='ltr'><strong>tristes</strong></span> <span class='ocrx_word' id='word_1_650' title='bbox 2366 5007 2582 5078; x_wconf 81' lang='lat' dir='ltr'><strong>inferos</strong></span> <span class='ocrx_word' id='word_1_651' title='bbox 2631 5006 2995 5075; x_wconf 76' lang='lat' dir='ltr'><strong>expergefecit</strong></span> <span class='ocrx_word' id='word_1_652' title='bbox 3037 5023 3230 5063; x_wconf 85' lang='lat' dir='ltr'><strong>omnes</strong></span> <span class='ocrx_word' id='word_1_653' title='bbox 3275 5009 3362 5063; x_wconf 86' lang='lat' dir='ltr'><strong>hic</strong></span> <span class='ocrx_word' id='word_1_654' title='bbox 3431 5009 3559 5063; x_wconf 82' lang='lat' dir='ltr'><strong>dor-</strong></span> 
     </span>
    </p>
   </div>
   <div class='ocr_carea' id='block_1_113' title="bbox 1983 5099 2236 5152">
    <p class='ocr_par' dir='ltr' id='par_1_113' title="bbox 1983 5099 2236 5152">
     <span class='ocr_line' id='line_1_113' title="bbox 1983 5099 2236 5152; baseline -0.008 0"><span class='ocrx_word' id='word_1_655' title='bbox 1983 5099 2236 5152; x_wconf 85' lang='lat' dir='ltr'><strong>mientes.</strong></span> 
     </span>
    </p>
   </div>
   <div class='ocr_carea' id='block_1_114' title="bbox 2195 5187 3342 5244">
    <p class='ocr_par' dir='ltr' id='par_1_114' title="bbox 2195 5187 3342 5244">
     <span class='ocr_line' id='line_1_114' title="bbox 2195 5187 3342 5244; baseline -0.001 0"><span class='ocrx_word' id='word_1_656' title='bbox 2195 5188 2326 5244; x_wconf 83' lang='lat' dir='ltr'><strong>Cum</strong></span> <span class='ocrx_word' id='word_1_657' title='bbox 2356 5191 2428 5241; x_wconf 82' lang='lat' dir='ltr'><strong>sis</strong></span> <span class='ocrx_word' id='word_1_658' title='bbox 2467 5187 2722 5242; x_wconf 79' lang='lat' dir='ltr'><strong>Dominus</strong></span> <span class='ocrx_word' id='word_1_659' title='bbox 2753 5197 2802 5242; x_wconf 84' lang='lat' dir='ltr'><strong>et</strong></span> <span class='ocrx_word' id='word_1_660' title='bbox 2836 5188 3059 5242; x_wconf 80' lang='lat' dir='ltr'><strong>Creator</strong></span> <span class='ocrx_word' id='word_1_661' title='bbox 3088 5191 3342 5243; x_wconf 83' lang='lat' dir='ltr'><strong>omnium.</strong></span> 
     </span>
    </p>
   </div>
   <div class='ocr_carea' id='block_1_115' title="bbox 2055 5274 3555 5347">
    <p class='ocr_par' dir='ltr' id='par_1_115' title="bbox 2055 5274 3555 5347">
     <span class='ocr_line' id='line_1_115' title="bbox 2055 5274 3555 5347; baseline -0.004 -14"><span class='ocrx_word' id='word_1_662' title='bbox 2055 5280 2283 5333; x_wconf 85' lang='lat' dir='ltr'><strong>Crucem</strong></span> <span class='ocrx_word' id='word_1_663' title='bbox 2315 5278 2620 5332; x_wconf 82' lang='lat' dir='ltr'><strong>voluntarie</strong></span> <span class='ocrx_word' id='word_1_664' title='bbox 2640 5285 2694 5331; x_wconf 81' lang='lat' dir='ltr'><strong>et</strong></span> <span class='ocrx_word' id='word_1_665' title='bbox 2717 5278 2961 5331; x_wconf 82' lang='lat' dir='ltr'><strong>convicia</strong></span> <span class='ocrx_word' id='word_1_666' title='bbox 2986 5293 3181 5347; x_wconf 72' lang='lat' dir='ltr'><strong>passus</strong></span> <span class='ocrx_word' id='word_1_667' title='bbox 3214 5293 3295 5339; x_wconf 89' lang='lat' dir='ltr'><strong>es,</strong></span> <span class='ocrx_word' id='word_1_668' title='bbox 3320 5274 3555 5335; x_wconf 74' lang='lat' dir='ltr'><strong>Christo.</strong></span> 
     </span>
    </p>
   </div>
   <div class='ocr_carea' id='block_1_116' title="bbox 1987 5368 3559 5436">
    <p class='ocr_par' dir='ltr' id='par_1_116' title="bbox 1987 5368 3559 5436">
     <span class='ocr_line' id='line_1_116' title="bbox 1987 5368 3559 5436; baseline -0.004 -12"><span class='ocrx_word' id='word_1_669' title='bbox 1987 5382 2044 5425; x_wconf 90' lang='lat' dir='ltr'><strong>ut</strong></span> <span class='ocrx_word' id='word_1_670' title='bbox 2090 5388 2188 5424; x_wconf 87' lang='lat' dir='ltr'><strong>nos</strong></span> <span class='ocrx_word' id='word_1_671' title='bbox 2238 5384 2429 5423; x_wconf 88' lang='lat' dir='ltr'><strong>omnes</strong></span> <span class='ocrx_word' id='word_1_672' title='bbox 2469 5368 2536 5420; x_wconf 85' lang='lat' dir='ltr'><strong>ab</strong></span> <span class='ocrx_word' id='word_1_673' title='bbox 2587 5369 3009 5436; x_wconf 66' lang='lat' dir='ltr'><strong>exprobratione</strong></span> <span class='ocrx_word' id='word_1_674' title='bbox 3034 5369 3338 5433; x_wconf 76' lang='lat' dir='ltr'><strong>eximercs;</strong></span> <span class='ocrx_word' id='word_1_675' title='bbox 3398 5375 3449 5419; x_wconf 79' lang='grc' dir='ltr'><strong>ιιι</strong></span> <span class='ocrx_word' id='word_1_676' title='bbox 3505 5369 3559 5421; x_wconf 85' lang='lat' dir='ltr'><strong>iu</strong></span> 
     </span>
    </p>
   </div>
   <div class='ocr_carea' id='block_1_117' title="bbox 1987 5459 3559 5534">
    <p class='ocr_par' dir='ltr' id='par_1_117' title="bbox 1987 5459 3559 5534">
     <span class='ocr_line' id='line_1_117' title="bbox 1987 5459 3559 5534; baseline -0.006 -15"><span class='ocrx_word' id='word_1_677' title='bbox 1987 5463 2297 5534; x_wconf 66' lang='lat' dir='ltr'><strong>sepulcrum</strong></span> <span class='ocrx_word' id='word_1_678' title='bbox 2330 5459 2669 5518; x_wconf 65' lang='lat' dir='ltr'><strong>descendisti</strong></span> <span class='ocrx_word' id='word_1_679' title='bbox 2702 5460 2767 5513; x_wconf 85' lang='lat' dir='ltr'><strong>ad</strong></span> <span class='ocrx_word' id='word_1_680' title='bbox 2802 5461 3259 5515; x_wconf 72' lang='lat' dir='ltr'><strong>resurrectionem</strong></span> <span class='ocrx_word' id='word_1_681' title='bbox 3311 5467 3559 5513; x_wconf 77' lang='lat' dir='ltr'><strong>mortuo-</strong></span> 
     </span>
    </p>
   </div>
   <div class='ocr_carea' id='block_1_118' title="bbox 1989 5546 3566 5627">
    <p class='ocr_par' dir='ltr' id='par_1_118' title="bbox 1989 5546 3566 5627">
     <span class='ocr_line' id='line_1_118' title="bbox 1989 5546 3566 5627; baseline -0.005 -16"><span class='ocrx_word' id='word_1_682' title='bbox 1989 5575 2107 5611; x_wconf 86' lang='lat' dir='ltr'><strong>rum</strong></span> <span class='ocrx_word' id='word_1_683' title='bbox 2148 5559 2217 5611; x_wconf 87' lang='lat' dir='ltr'><strong>ibi</strong></span> <span class='ocrx_word' id='word_1_684' title='bbox 2249 5558 2609 5627; x_wconf 62' lang='lat' dir='ltr'><strong>perditorum,</strong></span> <span class='ocrx_word' id='word_1_685' title='bbox 2643 5566 2810 5619; x_wconf 84' lang='lat' dir='ltr'><strong>tuam,</strong></span> <span class='ocrx_word' id='word_1_686' title='bbox 2837 5570 2869 5607; x_wconf 91' lang='lat'><strong>0</strong></span> <span class='ocrx_word' id='word_1_687' title='bbox 2892 5552 3047 5607; x_wconf 80' lang='lat' dir='ltr'><strong>valde</strong></span> <span class='ocrx_word' id='word_1_688' title='bbox 3084 5546 3421 5617; x_wconf 71' lang='lat' dir='ltr'><strong>tttisericors,</strong></span> <span class='ocrx_word' id='word_1_689' title='bbox 3446 5550 3566 5615; x_wconf 65' lang='lat' dir='ltr'><strong>tau»</strong></span> 
     </span>
    </p>
   </div>
   <div class='ocr_carea' id='block_1_119' title="bbox 1989 5649 2699 5714">
    <p class='ocr_par' dir='ltr' id='par_1_119' title="bbox 1989 5649 2699 5714">
     <span class='ocr_line' id='line_1_119' title="bbox 1989 5649 2699 5714; baseline -0.007 -14"><span class='ocrx_word' id='word_1_690' title='bbox 1989 5649 2113 5702; x_wconf 77' lang='lat' dir='ltr'><strong>deut</strong></span> <span class='ocrx_word' id='word_1_691' title='bbox 2158 5660 2345 5702; x_wconf 85' lang='lat' dir='ltr'><strong>omnes</strong></span> <span class='ocrx_word' id='word_1_692' title='bbox 2379 5649 2699 5714; x_wconf 75' lang='lat' dir='ltr'><strong>potentiam.</strong></span> 
     </span>
    </p>
   </div>
  </div>
