3988 6202
418 289 559 352 3923

484 401 640 454 Nunc
673 398 923 470 regnavit
956 396 1222 452 Dominus
1252 396 1468 453 fortiter
1499 399 1604 453 vim
1635 403 1992 467 conlrmgcns
2020 405 2071 462 Α

412 488 651 546 crudelis
683 489 897 559 tyranni
931 489 1087 555 cujus
1120 501 1369 542 eversum
1411 487 1610 557 spoliat
1670 488 1983 556 imperium,

411 577 616 647 quique
644 574 927 649 devinctos
968 573 1039 628 ibi
1072 588 1101 626 a
1144 575 1345 629 sa-enlo
1382 574 1633 628 liberavit
1682 574 1987 631 clamantes

409 683 581 735 nunc,
601 665 804 731 Gloria,
840 663 1090 730 Domine,
1121 665 1310 721 virtuti
1345 674 1468 721 tua.

480 847 605 904 [lace
632 857 716 904 est
744 862 869 904 vere
893 848 1012 904 dies
1043 847 1328 920 splendida
1352 848 1635 904 Paschalis
1661 865 1823 919 quam
1859 848 1986 905 fecit

406 941 704 1004 Dominus,
764 949 821 995 ut
870 940 1073 994 clamat
1120 939 1288 995 David
1345 923 1398 994 in
1460 940 1710 1007 Psalmis,
1763 949 1985 997 nostros

405 1034 514 1088 laeti
543 1040 742 1087 cantus
781 1032 1036 1087 cantibus
1070 1031 1376 1087 caelestium
1419 1033 1762 1088 exercituum
1786 1031 1983 1103 junga-

404 1140 549 1191 mus,
579 1131 631 1178 ct
659 1123 1138 1195 conglorillcemus
1178 1122 1493 1179 Dominum.

475 1298 640 1367 Virgo
687 1300 794 1355 Deo
837 1299 1185 1364 charissima,
1224 1299 1527 1355 dominaris
1570 1297 1811 1353 omnium
1855 1313 1979 1353 cum

403 1388 481 1445 sis
507 1389 675 1444 Mater
706 1391 950 1445 omnium
973 1391 1268 1456 Creatoris,
1296 1391 1476 1446 statim
1512 1403 1575 1443 ac
1615 1384 1801 1443 vidisti
1827 1388 1978 1442 illum

401 1489 711 1552 surgentem
770 1498 801 1538 e
850 1483 1084 1549 tumulo,
1127 1483 1311 1537 divino
1360 1482 1583 1552 impleta
1634 1496 1694 1537 es
1753 1479 1976 1550 gaudio,

399 1572 635 1629 laudans
670 1572 792 1629 Filii
832 1575 907 1629 tui
941 1573 1393 1643 magnitudinem.

796 1684 927 1739 Cum
960 1686 1285 1752 prazvidisset
1315 1688 1587 1755 propheta.

825 273 858 300 ’
1232 291 1292 350 s.
1339 292 1756 351 somnum
1793 294 2294 353 l’A'l'RIARCII.E
2331 293 2734 353 IIIEROSOL.

2216 173 2283 186 ‘4.-

3528 295 3673 360 3924

2164 398 2278 454 Νῦν
2308 400 2665 454 ἐϐασίλευσεν
2690 400 2719 452 ὁ
2745 400 2970 470 Κύριος,
3005 400 3064 453 τδ
3093 400 3290 472 πικρὸν
3323 399 3417 454 τοῦ
3464 419 3670 473 τυραν-

2095 488 2310 553 νοῦντος
2338 488 2540 560 κράτος
2569 487 2893 547 καταϐαλὼν
2920 489 3220 560 κραταιῶς,
3264 489 3360 544 καὶ
3394 490 3513 550 τοῦ,
3534 491 3667 563 ᾅδου

2095 581 2340 653 βασίλεια
2371 581 2558 652 σαφῶς
2589 580 2917 645 σκυλεύσας,
2939 582 3035 635 καὶ
3062 581 3314 652 δεσμίους
3344 579 3541 649 ὲξάξας
3559 583 3674 639 ἀπὸ

2090 671 2187 726 τοῦ
2252 672 2446 737 αἰῶνος
2501 672 2825 745 κράζοντας,
2854 670 3011 739 Δόξα,
3046 672 3312 739 Δέσποτα,
3340 671 3419 744 τῷ
3476 673 3672 745 κράτει

2095 783 2212 819 σου.
3252 816 3257 821 ,

2160 853 2333 925 Αὕτη,
2359 852 2542 917 καθὼς
2592 853 2689 925 βοᾷ
2718 851 2883 908 Δασιδ
2932 854 2991 907 ὲν
3026 853 3297 923 Ψαλμοῖς,
3350 854 3567 925 άληθῶς
3631 857 3667 927 ἡ

2091 945 2385 1016 φωταυγὴς
2418 943 2598 1016 ἡμέρα
2624 943 2719 997 τοῦ
2746 942 2939 1015 Ιιάσχα
2967 943 3235 1015 πέφυκεν,
3264 945 3334 1016 ἢν
3365 946 3394 998 ὁ
3441 946 3668 1000 πάντων

2089 1036 2311 1106 ἐποίησε
2383 1033 2554 1098 Θεόςο
2619 1033 2975 1105 χορεύσωμεν
3038 1036 3096 1090 ἐν
3174 1035 3493 1103 ἀγαλλιάσει
3567 1035 3671 1089 σὺν

2087 1126 2208 1189 ταῖς
2275 1123 2551 1195 οὐρανίαις
2592 1123 2803 1192 τάξεσι,
2864 1124 2959 1181 καὶ
3006 1125 3238 1199 Χριστὸν
3296 1125 3668 1197 δοξολογήσω-

2089 1232 2211 1287 μεν.

2156 1304 2421 1360 Δέσποινα
2440 1305 2557 1375 Δτῶν
2590 1304 2808 1362 πάντων
2836 1305 3181 1379 ὑπάρχουσα,
3215 1305 3541 1372 ὥςτεκοῦσα
3567 1304 3666 1361 τοῦ

2086 1396 2288 1463 παντὸς
2314 1396 2406 1449 τὸν
2430 1395 2691 1466 Κτίστην,
2715 1396 3104 1467 θεοχαρίτωτε,
3146 1397 3382 1468 ὁπηνίκα
3410 1397 3668 1470 ἑώρακας

2085 1485 2247 1540 αὐτὸν
2277 1486 2342 1538 ὲκ
2363 1486 2533 1555 τάφου
2551 1485 2845 1557 ἐγερθέντα
2893 1484 3168 1558 ὲπλήσθης
3200 1484 3350 1553 θείας
3380 1485 3666 1561 χαρμονῆς

2083 1575 2377 1647 δοξάζουσα
2397 1577 2496 1648 τὴν
2523 1574 2689 1630 αὐτοῦ
2729 1575 3149 1648 μεγαλειότητα.

2450 1685 2833 1761 Προκατιδὼν
2871 1688 2903 1740 ὀ
2928 1686 3263 1756 προφήτης.

468 1797 591 1851 Alta
617 1811 751 1852 voce
773 1798 971 1853 clamet
990 1808 1135 1853 terra
1166 1816 1179 1853 :
1202 1797 1455 1876 Surrexit
1488 1798 1753 1854 Dominus
1776 1813 1805 1852 a
1830 1806 1975 1852 mor-

2156 1799 2629 1870 Λαμπροφορείτω
2679 1798 2714 1870 ἠ
2766 1797 2977 1862 κτίσις·
3038 1797 3243 1869 Κύριος
3315 1800 3381 1851 ἐκ
3447 1796 3664 1868 νεκρῶν

398 1888 532 1953 tuis,
564 1895 619 1943 et
660 1902 877 1943 onmem
905 1895 1213 1943 creaturam
1259 1904 1447 1944 secum
1496 1886 1629 1943 fecit
1660 1902 1974 1957 assurgere,

396 1979 759 2048 depopulatus
807 1979 858 2032 vi
911 1993 1010 2033 sua
1058 1978 1243 2033 divina
1286 1993 1514 2049 regnum
1575 1976 1873 2035 inferorum
1922 1986 1978 2035 et

395 2070 617 2137 mortis,
644 2085 767 2125 eum
800 2070 855 2124 in
889 2069 1071 2125 laetitia
1103 2077 1158 2126 et
1180 2070 1284 2131 [ide
1312 2069 1708 2127 collaudomus.

464 2262 510 2318 0
539 2265 949 2320 sanctissimum
980 2266 1191 2323 Pascha
1222 2283 1441 2323 omnem
1476 2268 1776 2337 puriﬁcans
1816 2283 1975 2322 mun-

392 2356 544 2419 dum,
562 2370 595 2410 ο
626 2354 860 2411 Verbum
888 2367 943 2412 et
974 2366 1214 2427 potestas
1234 2358 1328 2415 Del
1354 2358 1439 2414 fac
1460 2374 1559 2414 nos
1582 2360 1660 2413 tui
1683 2359 1977 2430 participes

392 2446 448 2499 in
476 2446 564 2500 die
588 2444 784 2515 judicil
818 2447 871 2501 in
909 2455 1177 2505 aeternum
1210 2450 1586 2506 eelebraturos
1622 2458 1677 2506 te
1706 2458 1827 2521 post
1858 2458 1973 2506 tres

391 2538 509 2593 dies
535 2549 903 2594 resurrectum
933 2554 1002 2595 ex
1027 2543 1284 2599 mortuis.

463 2705 597 2774 Qum
641 2723 768 2765 cum
822 2709 1080 2784 lacrymis
1126 2714 1373 2771 tulerunt
1418 2716 1548 2771 olim
1584 2726 1832 2789 aromata
1871 2719 1976 2789 piae

390 2798 652 2856 mulieres
705 2800 859 2858 clare
896 2803 1150 2860 viderunt
1200 2806 1456 2876 angelum
1496 2806 1776 2863 sedentem
1815 2807 1971 2879 juxta

391 2891 701 2960 sepulcrum
732 2893 909 2963 iisque
939 2895 1267 2954 clamantem
1291 2914 1307 2952 :
1328 2896 1510 2955 Nolite
1531 2899 1767 2970 amplius
1789 2910 1974 2957 amare

392 2984 540 3047 ﬂere,
570 2981 824 3042 Christus
852 2986 1002 3042 enim
1037 2987 1183 3045 Deus
1219 2991 1546 3047 resurrexit.

467 3152 513 3211 0
545 3151 715 3226 Virgo
741 3169 884 3226 qum,
919 3171 1027 3214 non
1066 3160 1181 3216 ullo
1221 3161 1497 3217 mediante
1522 3160 1664 3226 viro,
1683 3161 1971 3218 Dominum

396 3248 680 3316 peperisti,
702 3257 758 3305 et
777 3251 1090 3307 remansisti
1111 3252 1260 3323 virgo
1281 3261 1366 3309 stu
1375 3252 1551 3323 pendo
1568 3253 1831 3309 miraculo
1852 3259 1975 3324 post

393 3350 609 3406 partum
647 3357 664 3396 :
703 3339 826 3396 ideo
870 3357 976 3397 una
1013 3357 1148 3399 voce
1180 3359 1372 3401 omnes
1402 3345 1617 3401 sincere
1649 3354 1704 3400 et
1745 3343 1973 3399 ﬁrmiter

389 3428 761 3495 gloriﬁcamus
821 3437 875 3486 te
921 3446 1024 3487 nos
1074 3431 1280 3501 ﬁdeles,
1351 3431 1576 3490 Matrem
1632 3431 1728 3489 Dei
1773 3432 1971 3509 impol-

390 3523 581 3576 lutum.
976 3535 980 3539 “

903 3611 1125 3668 Vincula
1157 3613 1459 3668 charitatis.

459 3704 636 3760 Crnce
665 3714 756 3759 tua
787 3719 974 3775 pacem
1030 3704 1286 3759 omnibus
1344 3704 1625 3775 praebuisti
1658 3744 1674 3771 ,
1711 3705 1965 3762 Domine:

2085 1892 2467 1962 ὲξεγήγερται,
2525 1892 2623 1945 καὶΙ
2684 1891 2866 1944 πᾶσαν
2903 1889 3255 1960 συνεξήγειρε
3313 1889 3493 1942 κτίσιν
3528 1891 3665 1942 ὲαυ-
3708 1890 3715 1895 ’

2083 1983 2184 2055 τῷ,
2230 1982 2475 2046 κενώσας
2529 1981 2777 2053 γαστέρα
2819 1981 2914 2036 καὶ
2968 1983 3197 2061 ταμιεῖα
3254 1978 3380 2051 ᾇδου
3430 1981 3527 2034 καὶ
3560 1980 3665 2034 θα-

2083 2074 2245 2127 νάτου
2301 2072 2478 2127 σθένει
2531 2071 2721 2142 θεῖκῷ,
2777 2070 2839 2128 ὃν
2890 2073 2946 2125 ὲν
2999 2072 3184 2125 πίστει
3236 2072 3332 2126 καὶ
3385 2071 3538 2141 πόθῳ
3571 2071 3663 2124 6o-

2086 2162 2358 2233 ξάσωμεν.
3390 2164 3391 2169 “

2152 2247 2224 2305 Ὦ
2283 2252 2573 2325 ίερὼτατον
2659 2254 2852 2325 Πάσχα
2903 2254 3102 2318 παντὸς
3149 2255 3242 2311 τοῦ
3296 2240 3498 2327 κόσμου
3563 2273 3661 2308 καο

2083 2340 2334 2412 θάρσιον,
2417 2342 2557 2411 Δόγε
2604 2341 2740 2396 Θεοῦ
2800 2342 2895 2398 καὶ
2946 2342 3200 2414 δύναμις,
3259 2343 3400 2397 δίδου
3476 2345 3657 2397 καθα-

2084 2430 2192 2502 ρῶς
2221 2431 2469 2503 μετέχειν
2525 2449 2620 2489 σου
2673 2435 2823 2503 ἡμᾶς
2863 2435 2989 2499 τοὺς
3047 2434 3332 2506 εἰλικρινεῖ
3395 2453 3456 2489 σε
3514 2430 3664 2504 γνώ-

2084 2539 2162 2597 μῃ
2194 2522 2437 2588 εὐσεϐῶς
2477 2522 2799 2590 δοξάζοντας
2857 2526 2945 2579 ἀεὶ
2967 2527 3035 2581 ὲκ
3062 2510 3293 2599 ’νεκρῶν
3344 2525 3661 2588 ἀναστάντα

2079 2616 2203 2687 τριή
2213 2632 2398 2686 μερον.
2835 2662 2844 2666 -

2149 2704 2317 2777 Μύρα
2374 2706 2472 2761 σὺν
2525 2705 2758 2776 δάκρυσι
2823 2706 2992 2762 πάλαι
3036 2710 3300 2778 γυναῖκες
3365 2707 3509 2763 θεῖαι
3560 2725 3658 2763 κου

2083 2794 2357 2866 μίζουσαι,
2414 2794 2725 2867 καθήμενον
2793 2796 2871 2869 τῷ
2924 2799 3171 2870 μνήματι
3226 2795 3367 2869 εἶδον
3441 2816 3661 2870 προφα-

2078 2884 2186 2948 νῶς
2234 2884 2528 2956 ἀσώματον
2561 2887 2769 2958 βοῶντα
2799 2869 3317 2957 ἄγγελοννταύταις·
3360 2869 3657 2943 ῄαύσασθε

2078 2973 2293 3045 πικρῶς
2327 2973 2693 3053 δακρύουσαν
2760 2975 2856 3029 καὶ
2900 2975 3009 3048 γὰρ
3063 2977 3093 3031 ὁ
3139 2977 3376 3049 Χριστὸς
3409 2976 3659 3045 niese;

2077 3064 2456 3136 siaﬁyeprat.

2146 3158 2391 3228 Πείραν,
2419 3157 2685 3230 Παρθένε,
2720 3159 2797 3231 μὴ
2856 3158 3061 3229 γνοῦσα
3118 3160 3334 3232 ἀνδρὸς,
3389 3158 3484 3217 τδν
3537 3158 3659 3213 xu-

2077 3266 2191 3320 ριον
2269 3247 2498 3314 τίτοκας
2526 3289 2542 3317 ,
2628 3251 2919 3322 παρθένος’
2971 3253 3109 3323 μετὰ
3153 3252 3354 3325 κύησιν
3425 3251 3659 3322 μείνασα

2076 3335 2344 3406 φρικτῶς’
2403 3337 2484 3391 διό
2538 3355 2599 3391 σε
2662 3338 2883 3410 ἀληθῶς
2938 3340 3140 3406 πάντες
3175 3342 3435 3395 Θεοτόκον
3465 3340 3651 3411 ἄφθο-

2075 3444 2169 3499 ρον
2199 3429 2285 3485 ἀεὶ
2322 3429 2371 3483 οἰ
2421 3429 2607 3485 πιστοὶ
2628 3431 2942 3511 ὁμοφρόνως
2990 3433 3307 3506 δοξάζομεν.

2443 3605 2527 3674 Τῷ
2558 3609 2884 3680 συνδέσμῳ
2916 3611 3029 3680 τῆς
3049 3610 3307 3682 ἀγάπης.

2143 3696 2233 3767 Τῷ
2273 3697 2496 3769 σταυρῷ
2529 3714 2624 3751 σου
2654 3699 2753 3769 τὴν
2777 3700 2999 3771 εἰρήνην
3023 3700 3440 3772 παρασχόμενος
3492 3701 3652 3763 πᾶσι,

386 3793 727 3848 descendens
776 3794 831 3847 in
862 3792 1157 3859 infernum,
1187 3792 1308 3849 luce
1361 3802 1454 3848 tua
1498 3794 1821 3850 illuminasti
1850 3812 1971 3849 om-

2103 3786 2268 3857 ἱύριε,
2322 3785 2714 3858 καταϐέϐηκας
2748 3790 2827 3851 εἰς
2851 3787 3003 3860 ᾅδου,
3028 3789 3123 3843 καὶ
3152 3789 3213 3842 τὸ
3238 3790 3351 3859 φῶς
3371 3792 3482 3855 τοῖς
3513 3793 3654 3843 ὲκεῖο

387 3882 589 3940 nesibi
621 3883 928 3949 devinctos,
989 3891 1043 3940 et
1101 3894 1223 3955 post
1257 3896 1366 3941 tres
1392 3884 1511 3942 dies
1530 3902 1845 3959 resurgens,
1874 3904 1970 3945 eos

2103 3895 2132 3931 ἐ
2190 3876 2561 3948 καταπέμψας
2625 3879 3048 3950 πεπεδημένοις,
3109 3882 3204 3934 καὶ
3261 3880 3652 3954 συνεξήγειρας

386 3982 566 4031 tecum
602 3990 825 4046 surgere
866 3976 1064 4032 fecisti.

2103 3967 2291 4033 ούτους
2313 3971 2377 4040 τῇ
2398 3968 2615 4039 ἑγέρσει
2641 3986 2732 4022 σου
2760 3972 2826 4041 τῇ
2860 3971 3170 4042 τριημέρῳ,

461 4066 709 4131 Domine,
728 4076 783 4120 tu
800 4067 1038 4143 qui'olim
1055 4082 1119 4124 es
1133 4069 1356 4138 pulvere
1371 4069 1644 4128 hominem
1663 4072 1963 4143 plasmasti,

2150 4055 2246 4108 Ἐκ
2336 4056 2460 4126 χοὸς
2515 4057 2544 4109 ὁ
2629 4057 2929 4122 διαπλάσας
2987 4059 3078 4111 τὸν
3160 4058 3444 4130 ἄνθρωπον
3538 4060 3648 4115 πά-

386 4164 555 4210 temet
583 4172 756 4227 usque
777 4157 842 4212 ad
872 4157 1147 4227 pulverem
1171 4158 1364 4215 mortis
1391 4160 1681 4217 detrudisti
1705 4170 1759 4217 et
1792 4162 1965 4231 ruptis

2103 4165 2176 4213 αι,
2229 4147 2475 4208 Δέσποτα
2509 4186 2525 4213 ,
2570 4148 2649 4212 εἰς
2698 4147 2932 4202 θανάτου
2997 4149 3126 4221 χοῦν
3175 4150 3444 4222 κατῆλθες
3476 4190 3491 4217 ,
3553 4154 3649 4217 καὶ

382 4246 624 4302 vinculis
655 4247 723 4301 ab
754 4247 856 4301 hoc
882 4249 1108 4317 pulvere
1140 4249 1423 4305 extraxisti
1450 4249 1740 4319 defunctos
1788 4265 1818 4305 a
1862 4266 1965 4305 saa-

2103 4238 2279 4309 εσμῶν
2337 4237 2551 4293 ἁλύτων
2598 4238 2918 4311 ὲξήρπασας
2974 4242 3103 4315 τοὺς
3155 4242 3249 4296 ἀπ’
3314 4243 3510 4308 αἰῶνος
3561 4260 3650 4297 νε-

383 4337 509 4392 culo
535 4336 628 4407 qui
664 4336 965 4403 celebrant,
992 4339 1292 4405 Altissime,
1314 4347 1369 4394 et
1404 4343 1703 4411 potentiam
1737 4353 1882 4402 tuam
1909 4351 1964 4398 et

2104 4330 2232 4400 ροὺς
2259 4329 2580 4397 δοξάζοντάς
2634 4347 2731 4393 σου
2762 4331 2825 4392 τὸ
2876 4331 3098 4403 κράτος,
3128 4331 3389 4406 ’Υψιστε,
3414 4337 3508 4399 καὶ
3556 4334 3648 4390 δυ-

380 4425 571 4482 rohnr.
1989 4447 2037 4507 υ
2062 4421 2332 4481 ναστείαν.

456 4517 568 4574 Nos
592 4518 754 4574 hodie
781 4520 986 4590 ereptis
1023 4520 1380 4578 mendacibus
1409 4521 1628 4595 Egypti
1666 4523 1792 4588 viis,
1817 4523 1966 4578 celo.

2151 4514 2245 4580 Ἐξ
2326 4513 2604 4585 Αἰγύπτου
2680 4515 2731 4571 οἰ
2805 4516 2907 4588 τῆς
2979 4516 3188 4589 πλάνης
3275 4518 3648 4591 λυτρωθέντες

382 4612 604 4666 hremus
633 4610 688 4668 in
708 4611 810 4668 tlde
824 4612 1243 4669 celeberrimum
1278 4612 1511 4680 Pascha,
1539 4624 1593 4671 et
1619 4615 1847 4686 gloriam
1872 4615 1968 4671 de-

2103 4607 2125 4659 b
2207 4607 2400 4678 Πάσχα
2475 4607 2715 4679 σήμερον
2796 4605 2856 4662 τὸ
2946 4609 3303 4680 φαιδρότατον
3388 4611 3448 4664 ἐν
3548 4610 3649 4663 πί-

385 4719 506 4759 mus
557 4703 781 4760 Christo
820 4704 909 4760 die
952 4705 1118 4763 tertia
1169 4706 1477 4776 resurgenti
1533 4716 1590 4763 et
1631 4708 1963 4763 illuminanti

2103 4715 2181 4752 τει
2240 4697 2662 4769 ἐπιτελέσωμεν,
2738 4699 2835 4754 καὶ
2916 4698 3248 4769 δοξάσωμεν,
3333 4700 3424 4754 τὸν
3512 4700 3651 4754 ἀνα-

383 4811 602 4852 omnem
638 4805 866 4857 terram.

2103 4792 2268 4845 τάντα
2293 4790 2529 4862 Χριστὸν
2558 4792 2682 4863 τριή
2695 4808 2879 4862 μερον,
2906 4791 2999 4844 καὶ
3027 4794 3511 4864 φωταγωγήσαντα
3544 4792 3650 4863 τὴν

2063 4881 2411 4952 οἰκουμένην.

453 4975 531 5033 Te
550 4976 886 5034 Genitricem
908 4977 1001 5034 Dei
1034 4979 1323 5037 laudamus
1368 4988 1559 5052 utpote
1580 4988 1818 5036 montem
1849 4993 1961 5034 non

2135 4969 2211 5028 Τὸ
2249 4969 2594 5041 άλατόμητον
2623 4970 2769 5043 ὅρος,
2796 4974 2895 5045 τὴν
2923 4972 3146 5044 λυχνίαν
3177 4973 3273 5026 καὶ
3334 4971 3485 5025 θείαν
3512 4972 3621 5042 τρά

381 5066 659 5136 lapidibus
724 5066 953 5133 factum,
1016 5068 1411 5125 candelabrum
1443 5077 1499 5124 et
1547 5083 1793 5124 mensam
1834 5066 1955 5131 Dei,

2103 5060 2257 5126 ἐζαν,
2287 5059 2385 5133 τὴν
2418 5062 2648 5116 κιϐωτὸν
2674 5064 2772 5134 τὴν
2799 5065 2983 5133 ἁγίαν,
3041 5065 3138 5136 τὴν
3170 5063 3263 5118 τοῦ
3303 5064 3477 5131 μάννα
3518 5064 3647 5116 στάο

382 5157 794 5214 sanctissimam
818 5172 1026 5218 arcam.
1047 5173 1149 5214 vas
1168 5167 1424 5215 auratum
1450 5172 1649 5217 manna
1669 5157 1961 5215 continens

2103 5171 2196 5208 ,νον
2220 5154 2318 5223 τὴν
2355 5152 2695 5224 πάγχρυσον,
2728 5156 2823 5213 τοῦ
2858 5156 3122 5227 βασιλέως
3147 5157 3239 5209 τὸν
3298 5155 3644 5226 ὑψηλότατον

382 5261 437 5303 et
465 5249 799 5306 altissimum
830 5249 995 5320 Regis
1023 5250 1309 5306 thronum.

2103 5246 2250 5317 ρόνον
2279 5244 2625 5316 άνυμνοῦμέν
2652 5263 2735 5309 σε,
2759 5247 3088 5318 Θεοκυῆτορ.

518 5425 523 5430 ,
792 5365 913 5417 Ima
943 5374 1276 5432 peccatorum
1306 5364 1549 5435 abyssus.

2345 5361 2640 5426 Ἅϐυσσος
2660 5360 2887 5430 ἐσχάτη
2914 5361 3364 5431 ἁμαρτημάτων.

456 5448 631 5506 Tuam
670 5452 800 5507 olim
849 5451 997 5509 Isaac
1024 5455 1174 5510 clare
1211 5454 1572 5525 prtetignravit
1605 5451 1955 5522 passionem“:

2133 5450 2303 5505 Πάλαι
2332 5466 2422 5503 σου
2451 5450 2512 5503 τδ
2540 5451 2714 5515 πάθος
2740 5452 3101 5523 προδιετύπου
3141 5451 3328 5521 σαφῶς
3389 5451 3576 5504 Ἰσαάκ
3619 5469 3636 5483 ο

384 5543 600 5600 θυρίδας
644 5559 704 5600 es
750 5545 897 5600 enim
947 5547 1136 5601 volens
1180 5555 1238 5601 tu
1287 5547 1380 5616 qui
1411 5562 1472 5601 es
1505 5547 1750 5609 omnium
1812 5545 1956 5599 Deus

2106 5560 2134 5605 ;
2158 5541 2342 5612 ἀρνίον
2379 5540 2487 5613 γάρ
2520 5541 2859 5606 ἐθελουσίως,
2918 5543 3019 5597 Θεὲ
3052 5543 3158 5596 τῶν
3205 5542 3366 5608 ὅλων,
3412 5538 3638 5610 ὲτύθης,

379 5639 641 5701 tamquam
670 5650 863 5706 agnus.
894 5648 953 5690 ut
985 5654 1201 5694 omnem
1233 5637 1531 5693 redimeres
1559 5635 1841 5691 mundum.

2103 5635 2139 5695 ἰς
2172 5631 2379 5700 κόσμου
2413 5631 2650 5700 παντελῆ
2684 5631 3078 5702 ἀπολύτρωσιν.

454 5723 740 5803 Τιέιιιείῑᾉιο
809 5734 902 5807 tuo
953 5730 1121 5784 latere
1172 5729 1418 5786 infernus
1472 5728 1789 5785 vulneratus
1847 5733 1951 5794 est,

2129 5725 2407 5796 Τέτρωται
2436 5725 2462 5774 ὁ
2491 5722 2622 5794 ᾅδης
2642 5722 2879 5790 πλευρὰν
2896 5723 3194 5794 τρωθέντος
3219 5739 3331 5783 σου,
3361 5722 3629 5787 Δέσποτα,
