3960 6194
381 205 519 271 3929
1797 204 1945 264 TR“

2076 202 2208 263 ΗΜ.
3409 224 3421 233 '
3495 204 3636 267 3930

560 324 761 393 Κύριε,
802 327 833 377 ὀ
868 325 1008 389 Θεός
1034 342 1175 393 μου,
1208 324 1275 378 ἐκ
1304 324 1523 391 νυκτδς
1551 324 1780 393 ὄρθρος.
1977 326 2018 379 Α

1977 326 2018 379 Α
2191 319 2435 384 Domine,
2469 336 2497 372 ο
2529 319 2664 374 Deus
2696 336 2862 386 mens,
2893 323 3188 377 matutinus
3216 337 3281 377 ae
3320 334 3487 379 nocte.

443 412 639 483 Κύριε,
659 413 686 465 6
703 411 989 481 Θεόςμου,
1019 414 1047 465 6
1071 414 1290 484 σταυρῷ
1315 413 1448 484 ᾅδην
1475 410 1947 482 αἰχμαλωτεύσας,

2127 408 2373 475 Domine,
2404 425 2436 462 ο
2461 408 2602 464 Deus
2636 426 2807 475 meus,
2844 414 2935 480 qui
2976 428 3074 481 per
3116 428 3337 468 crucem
3384 415 3630 483 captivos

377 502 532 573 ὑμνῶ
563 520 656 561 σου
691 502 788 572 τὴν
824 503 1146 573 σταύρωσιν,
1187 505 1331 574 τιμῶ
1377 505 1475 575 τὴν
1504 506 1801 558 ἀνάστασιν
1826 546 1839 569 ,
1880 502 1941 555 δι’

2104 501 2254 555 ηιιὶειί
2304 499 2531 566 inferos,
2579 510 2725 555 tuam
2769 502 2930 555 laudo
2970 518 3215 567 crucem,
3248 516 3396 558 luam
3446 518 3668 559 resur-.

374 587 444 664 ἦς
502 592 601 660 τῆς
642 591 850 661 φθορᾶς
911 590 1262 661 ὲλυτρὼθην,
1327 593 1419 645 καὶ
1467 592 1565 663 τήν
1640 589 1938 663 ἀφθαρσίαν.

2066 592 2345 645 rectionem
2386 592 2528 656 colo,
2561 608 2680 660 qum
2714 608 2798 647 me
2840 601 3147 662 exemptum
3197 608 3226 647 a
3277 575 3630 662 corruptione

376 684 611 754 ὲπλούτη
620 699 707 737 σα.
1766 680 1769 683 ’

2050 681 2259 749 peccati
2289 690 2341 735 et
2365 683 2737 750 redemptione
2770 695 2825 738 et
2866 685 3277 739 immortalitate
3301 686 3517 740 ditavit.

451 772 644 844 Κύριε,
662 774 692 826 6
711 771 845 835 Θεός
865 788 988 842 μου,
1009 771 1036 821 6
1057 770 1249 839 νεκρὸς
1269 767 1947 842 τριήμεροςχρημαιῖσας,

2132 768 2178 822 0
2209 770 2456 834 Domine,
2503 772 2647 826 Deus
2705 789 2880 835 meus,
2931 783 3178 829 mortuus
3215 791 3508 845 resurgens
3539 776 3628 829 die

375 865 564 928 παθῶν
594 882 660 935 με
688 863 1030 935 νεκρὼσεως,
1064 864 1288 935 Χριστὲ,
1320 862 1707 932 ὲλευθέρωσον,
1736 867 1830 913 καί
1855 859 1939 930 τὴν

2061 860 2210 913 tertia
2275 864 2582 930 negotiatus
2652 877 2713 917 es
2771 863 2904 918 mihi
2962 866 3219 931 salutem,
3280 866 3455 927 libera
3515 882 3625 933 tne,

372 954 741 1033 νεκρωθεῖσαν
788 953 967 1027 ψυχήν
1003 970 1105 1026 μου
1151 955 1218 1027 τῇ
1256 954 1323 1027 σῇ
1370 950 1670 1022 ἀγαθότητι
1704 948 1936 1017 ςὼωσον.

2063 950 2288 1014 Christe,
2328 967 2355 1003 a
2394 952 2748 1009 mortalitatis
2775 954 3200 1023 cupiditatibus,
3225 964 3280 1010 et
3312 957 3627 1013 miscricor-

2050 1042 2137 1095 dia
2170 1050 2259 1093 tua
2303 1040 2516 1094 viviﬁca
2545 1042 2784 1095 animam
2820 1058 2996 1096 meam
3032 1051 3327 1098 mortuam.

442 1135 635 1205 Κύριεν
668 1137 695 1190 δ
750 1135 884 1200 θεάς
950 1152 1075 1206 μουν
1126 1136 1155 1188 δ
1213 1134 1313 1198 τὰς
1377 1134 1721 1207 eumdem;
1772 1134 1948 1204 χαρᾶς

2123 1134 2371 1197 Domine,
2424 1134 2568 1191 Deus
2621 1151 2798 1200 meus,
2844 1152 3117 1207 apparens
3158 1150 3407 1194 aromata
3450 1140 3626 1194 feren-

370 1224 660 1295 ἐμπλήσας
677 1224 885 1294 φανεὶς,
908 1226 1000 1277 καὶ
1017 1224 1097 1290 τὸ,
1117 1223 1371 1293 Χαίρετε,
1392 1223 1616 1286 ταύταις
1632 1222 1934 1293 προσφθεγσ

2058 1226 2196 1280 tibus
2240 1226 2541 1296 dirensque
2586 1227 2949 1294 illiszAvete,
3002 1232 3221 1300 replesti
3269 1248 3361 1286 eas
3390 1233 3622 1302 gaudio;

371 1314 623 1383 ξέεμενος,
648 1315 916 1386 θυμηδίας
941 1314 1222 1392 ἔμπλησον
1254 1313 1404 1377 θείας
1427 1314 1525 1383 τὴν
1551 1313 1935 1383 κεκακωμένηκ

2056 1315 2259 1383 replere
2307 1314 2551 1386 digneris
2602 1333 2809 1374 nocens
2860 1334 2955 1374 cor
3006 1336 3180 1377 meuzu
3213 1322 3405 1377 eadem
3437 1322 3620 1376 divina

371 1407 598 1476 καρδίαν
628 1424 752 1476 μου.

2052 1405 2262 1459 lzctitia.
3443 1456 3449 1463 .

432 1496 624 1574 Κύριε,
656 1498 685 1549 6
716 1496 848 1561 Θεός
902 1514 1002 1567 μου
1038 1537 1052 1561 ,
1102 1499 1129 1551 6
1160 1496 1259 1560 τὰς
1303 1497 1449 1559 κλεῖς
1508 1495 1583 1567 μή
1626 1495 1797 1570 λύσας
1845 1494 1943 1562 τῆς

2117 1494 2162 1549 0
2191 1496 2437 1562 Domine,
2460 1497 2600 1554 Deus
2621 1515 2777 1555 meus
2796 1507 2924 1555 nate
2955 1501 3022 1554 de
3054 1500 3278 1572 Virgine
3300 1486 3432 1572 qum
3451 1501 3617 1556 illmsa

367 1585 669 1655 παρθενίας
701 1585 797 1654 τῆς
825 1585 1218 1656 ἀπειρογάμως
1253 1602 1311 1638 σε
1335 1584 1599 1653 τεκούσης
1623 1581 1931 1642 Θεόπαιδος,

2082 1601 2143 1639 ua
2193 1587 2506 1656 virginitate
2558 1600 2610 1644 et
2655 1592 2862 1661 absque
2910 1592 3027 1646 viro
3057 1602 3111 1649 te
3158 1594 3343 1662 genuit
3392 1593 3484 1649 Dei
3535 1593 3646 1646 Fi--

364 1679 484 1731 ut;
516 1677 686 1746 αὐτῆς
729 1676 912 1744 ἁγίαις
957 1676 1280 1749 πρεσϐείαις
1312 1675 1474 1729 λῦσον
1503 1676 1571 1730 τὰ
1615 1673 1788 1744 δεσμά
1832 1670 1928 1725 τῶι

2057 1676 2202 1744 lium,
2236 1688 2427 1734 sancta
2467 1681 2615 1736 illius
2662 1682 3065 1737 intercessione
3095 1685 3274 1738 exime
3314 1699 3400 1739 me
3432 1700 3463 1738 a
3498 1684 3621 1738 vin-

364 1765 729 1837 πταισμάτων
765 1784 889 1835 μου.

2044 1773 2187 1828 culis
2219 1782 2592 1843 peccatorum.

580 1884 581 1887 η
636 1855 979 1910 Ναυτιῶντα
1006 1856 1175 1921 σάλῳ
1207 1854 1328 1909 τῶν
1351 1855 1673 1920 βιωτικῶν.

2304 1864 2663 1935 Navig'mtem
2694 1882 2854 1932 super
2882 1885 3026 1922 mare
3052 1868 3352 1923 viventium.

438 1948 755 2016 Προετύπου
784 1948 974 2011 πάλαι,
1000 1948 1208 2017 Σῶτερ,
1250 1949 1437 2012 Ἰωνᾶς
1467 1948 1565 2018 τὴν
1613 1947 1792 2018 ταφήν
1818 1964 1935 2011 σου,

2112 1954 2386 2020 Salvator,
2427 1967 2574 2011 luam
2620 1959 2750 2012 olim
2787 1959 3043 2029 ﬁguravit
3087 1961 3423 2028 sepulturam
3451 1958 3619 2014 Jonas

322 2037 461 2101 ’τοῦ
525 2039 745 2120 κήτους,
780 2039 1079 2109 τμήμερος
1128 2037 1226 2108 τὴν
1291 2038 1535 2107 γαστέρα
1589 2037 1886 2107 ἀδιαφθόρο

2052 2047 2136 2115 qui
2173 2054 2418 2101 ventrem
2474 2049 2578 2103 ceti
2614 2064 2710 2117 per
2763 2056 2875 2103 tres
2922 2048 3040 2104 dies
3071 2049 3338 2104 habitavit
3394 2050 3616 2111 illmsus,

363 2129 616 2199 οἰκήσας,
648 2128 885 2193 δοξάζων
925 2145 983 2180 σε
1025 2127 1216 2198 λάκκῳ
1266 2128 1566 2198 κατωτάτῳ
1593 2144 1607 2159 ο
1645 2126 1927 2197 προσκλει·

2052 2137 2359 2207 glorilicans
2412 2145 2466 2192 te
2520 2139 2573 2191 in
2612 2137 2887 2207 profundo
2937 2139 3148 2203 maris;
3184 2139 3431 2193 inclusus
3471 2139 3616 2191 enim

363 2222 512 2286 σθεὶς
538 2222 665 2292 γὰρ,
694 2223 854 2291 Δὸγε,
880 2222 1170 2292 ἐξανέστης
1197 2223 1260 2276 ἐκ
1284 2222 1493 2291 νεκρῶν
1518 2222 1832 2291 τριήμερος.

2052 2227 2096 2279 in
2131 2227 2361 2291 tumulo,
2405 2237 2531 2296 post
2582 2238 2693 2281 tres
2726 2229 2865 2291 dies,
2922 2227 3183 2291 Verbum,
3242 2228 3616 2281 resurrexisti.

434 2312 722 2383 Χορευέτω
750 2316 897 2368 πᾶσα
940 2313 1116 2377 κτίσις
1147 2315 1213 2384 τῇ
1258 2313 1353 2366 τού
1385 2313 1579 2383 Πάσχα
1604 2312 1793 2383 ἡμέρᾳ
1825 2328 1839 2342 ο
1881 2312 1938 2365 ἐν

2111 2314 2170 2368 In
2207 2316 2310 2368 hac
2365 2318 2450 2369 die
2503 2317 2745 2386 paschali
2796 2317 2997 2372 choros
3031 2326 3157 2387 agat
3205 2317 3408 2371 lzetitia:
3437 2317 3617 2369 omnis

356 2403 532 2476 ταύτῃ
575 2404 806 2476 ἀνέστης
839 2406 947 2477 γὰρ
979 2407 1043 2458 ἐκ
1082 2403 1174 2457 τοῦ
1227 2405 1423 2473 τάφου,
1469 2405 1498 2457 6
1534 2402 1920 2471 παντοδύναμος

2050 2413 2313 2470 creatura,
2373 2423 2497 2460 nam
2543 2409 2596 2461 in
2640 2408 2732 2460 illa
2774 2408 3124 2474 omnipotens
3174 2407 3321 2461 Deus
3350 2415 3403 2462 te
3437 2408 3614 2475 ipsum

351 2497 527 2561 λύσας
552 2497 641 2551 τὸν
671 2497 920 2562 θάνατον,
954 2497 1048 2550 καὶ
1083 2499 1193 2560 τοῖς
1225 2497 1319 2550 ἀπ’
1365 2494 1561 2559 αἰῶνος
1595 2492 1915 2565 κοιμηθεῖσα

2052 2498 2393 2555 exsuscitasti
2447 2499 2646 2555 solutis
2685 2499 2882 2554 mortis
2911 2499 3147 2553 vinculis
3178 2506 3234 2554 et
3272 2498 3489 2552 donasti
3527 2513 3616 2551 re—

355 2587 519 2639 θείαν
544 2586 945 2657 ἀπολύτρωσιν,
969 2585 1194 2657 Χριστὲ,
1219 2584 1538 2656 δεδώρησαι.
1622 2644 1630 2651 η

2040 2586 2403 2657 demptiouem
2437 2588 2677 2642 divinam
2706 2588 3110 2646 dormientibus
3142 2604 3171 2640 a
3202 2588 3425 2644 smculo.

431 2679 751 2750 Μυροςρόροι
778 2678 1152 2749 κόραιῦρθρου
1183 2678 1319 2749 πρὸς
1335 2678 1393 2731 τὸ
1417 2678 1520 2747 μνῆ
1531 2695 1604 2747 μα
1629 2677 1938 2742 σπουδαίως

2111 2677 2373 2734 Fercntes
2402 2687 2650 2733 aromata
2682 2679 2863 2748 primo
2890 2694 3050 2732 mane
3078 2679 3291 2733 iverunt
3320 2678 3387 2731 ad
3422 2691 3616 2730 monu-

351 2773 639 2840 dt-gixov'ro,
673 2771 865 2842 βλέψαι
887 2769 1245 2840 ὲπιζητοῦσαι
1274 2770 1362 2823 τὸν
1384 2770 1671 2840 ξωοδότηνο
1689 2769 1915 2822 κατεῖδοτ

2049 2778 2280 2823 mentum
2336 2771 2682 2834 festinanter,
2735 2770 2882 2824 hunc
2929 2769 3116 2824 videre
3165 2776 3473 2838 quaerentes
3519 2765 3613 2837 qui

348 2865 406 2917 δὲ
435 2863 667 2932 ἄγγελον
686 2862 913 2927 ταύταις
938 2862 1234 2916 ὲκϐοῶντα·
1270 2860 1563 2931 Ἑξανέστη
1598 2861 1626 2913 6
1663 2862 1912 2932 quaoup

2050 2861 2204 2913 vitam
2255 2861 2382 2926 dat;
2437 2861 2689 2915 viderunt
2732 2860 2981 2931 angelum
3031 2861 3381 2922 clamantem,
3426 2872 3614 2913 resur-

351 2958 478 3026 γδς,
510 2955 701 3009 λοιπὸν
740 2954 816 3026 μὴ
844 2953 1084 3008 κλαίετε.
1111 2945 1117 2951 ’
1554 2965 1559 2969 ·

1963 2997 2006 3054 c
2041 2951 2180 3005 rexit
2216 2950 2442 3006 Creator
2470 2952 2739 3017 omnium,
2775 2951 2945 3005 nolite
2978 2952 3215 3021 amplius
3262 2950 3412 3004 l'lerc.

439 3047 502 3099 'tl
521 3047 732 3119 τεχθεὶς
751 3046 1026 3117 ἁσπόρως,
1041 3044 1301 3118 Κόρη,“ὲξ
1317 3044 1558 3116 ἀφθόρου
1586 3062 1680 3098 σου
1700 3045 1933 3115 μήτρας,
1966 3040 2003 3054 ’⁸

2112 3041 2156 3095 0
2214 3040 2403 3112 Virgo,
2456 3059 2616 3113 quem
2662 3045 2887 3113 gestasti
2925 3052 3080 3097 utero
3125 3051 3220 3095 tuo
3263 3040 3614 3095 immaculato

349 3139 539 3201 τεθεὶς
598 3140 655 3191 ἐν
701 3138 780 3207 τῷ
854 3138 1102 3208 μνήματι
1164 3136 1451 3199 ἑκουσίως*
1503 3135 1802 3208 διαφθορὰν
1873 3138 1913 3188 οὲ

2049 3133 2303 3203 peperisti
2349 3134 2558 3203 absque
2638 3134 2888 3199 macula;
2939 3133 3151 3202 positus
3200 3131 3505 3185 voluntarie
3560 3128 3613 3183 in

350 3228 637 3291 τεθέαται,
664 3228 893 3298 ἄκραντε
914 3245 927 3258 ·
958 3228 1085 3291 τοὺς
1124 3227 1580 3298 καταφθαρέντας
1605 3226 1661 3280 δὲ
1686 3224 1913 3288 ζωὼσας

2052 3226 2295 3295 sepulcro
2344 3240 2452 3279 non
2524 3225 2661 3279 vidit
2711 3224 3147 3295 corruptionem,
3199 3221 3489 3276 vivilicatis
3519 3232 3616 3274 au-

352 3319 484 3391 θεία
515 3320 803 3389 δυναστεία
832 3318 1011 3389 ἑαυτῷ
1040 3320 1383 3390 συνήγειρεν.

2047 3323 2144 3371 tem
2201 3316 2541 3386 consepultis
2596 3331 2802 3380 secum,
2866 3315 2966 3369 hos
2998 3311 3220 3383 propria
3250 3311 3448 3365 virtute
3481 3309 3611 3365 fecit

2039 3420 2349 3475 resurgere.

669 3493 936 3561 Κάμινον
962 3494 1171 3560 παῖδες
1194 3496 1627 3564 πυρίφλεκτον.

2250 3500 2412 3557 Pueri
2446 3500 2498 3551 in
2530 3498 2800 3566 fornacem
2828 3495 3099 3549 ardentem
3133 3494 3379 3557 ronjeclt'.

423 3585 492 3637 Σὲ
546 3583 875 3653 παρανόμων
914 3583 1184 3653 Ἐϐραίων
1207 3588 1236 3639 6
1274 3586 1446 3657 δῆμος
1478 3586 1571 3637 τὸν
1636 3584 1934 3654 νομοδότην

2106 3592 2267 3648 Plebs
2304 3591 2468 3659 impia
2515 3589 2886 3649 Hebraeorum,
2921 3594 3137 3639 tuorum
3172 3585 3337 3637 oblita
3370 3583 3609 3635 miracu-

354 3674 747 3744 ἒσταύρωσεν,
811 3675 1203 3747 ἀμνημονήσας
1252 3676 1358 3729 τῶν
1409 3676 1518 3729 σῶν
1571 3674 1918 3745 θακμασίωντ

2045 3685 2238 3745 lorum,
2284 3681 2556 3737 cruciﬁxit
2607 3688 2680 3744 te,
2740 3677 2978 3743 Christe,
3030 3673 3609 3746 lcgislatorem,Dt-mu

356 3763 638 3835 Χριστὲ,.ὁ
672 3762 1117 3835 ύπερυψούμενος
1147 3765 1257 3819 τῶν
1280 3765 1530 3834 πατέρων
1555 3764 1711 3829 Θεός.

2036 3773 2366 3829 altissimum
2398 3770 2618 3824 Patrum
2650 3776 2991 3823 nostrorum.
3592 3818 3595 3823 ς

440 3856 807 3929 ’Δγαλλομένῃ
837 3856 981 3930 ψυχῇ
1003 3861 1071 3930 τῇ
1104 3862 1200 3912 τοῦ
1229 3859 1423 3930 Πάσχα
1449 3859 1933 3931 περιχορεύσωμεν

2104 3867 2243 3921 Cum
2274 3865 2433 3919 hilari
2474 3863 2642 3918 corde
2686 3861 2889 3915 choros
2921 3874 3147 3930 agamus
3180 3858 3234 3912 in
3271 3858 3375 3911 hac
3417 3854 3612 3909 [estita

360 3953 604 4023 σήμερον
635 3950 945 4022 ὲορτασίμῳ
968 3952 1172 4024 ἡμέρα,
1197 3955 1291 4007 καὶ
1320 3952 1631 4023 κράξωμεν·
1663 3953 1722 4006 '0
1750 3953 1924 4024 ὑπερ-

1694 3957 1722 4006 3
1750 3953 1933 4024 ὕπερ-
2034 3958 2124 4015 die
2155 3955 2433 4027 paschatis
2449 3963 2506 4011 et
2532 3954 2832 4009 clamemus
2864 3968 2878 4003 :
2909 3953 2952 4005 0
2972 3950 3258 4005 altiséime.

357 4041 496 4111 υψού
506 4057 690 4111 μενος.

430 4130 650 4194 Ὄλϐιος
674 4130 844 4200 τάφος
867 4131 895 4184 6
921 4131 1000 4198 σὲ,
1031 4131 1379 4203 πλουτοδότα,
1407 4132 1738 4204 σωματικῶς
1759 4134 1933 4188 εἰσδε-

2106 4136 2150 4192 0
2182 4137 2335 4191 dives
2394 4133 2607 4188 tumule
2640 4130 2733 4201 qui
2765 4140 2817 4185 te
2864 4129 3086 4183 divitem
3133 4121 3493 4194 corporaliter
3524 4132 3610 4172 rev

356 4223 614 4291 ξάμενος,
646 4223 737 4276 τὸν
775 4222 1060 4293 τριημέρῳ
1094 4223 1311 4293 ὲγέρσει
1374 4223 1758 4295 πλουτήσαντα
1785 4226 1920 4296 ἡμᾶς

2044 4229 2181 4298 repit
2230 4227 2496 4280 ditantem
2551 4237 2652 4277 nos
2716 4228 2986 4291 pauperes
3039 4214 3442 4273 resurrectione
3493 4219 3608 4275 tua,

359 4312 801 4384 πτωχεύσαντας,
830 4314 925 4368 καὶ
952 4313 1171 4378 ἀθλίως,
1194 4314 1753 4385 Λόγε,τεθνήξαντας.
1915 4341 1920 4346 ·

1483 4316 1753 4385 νήξαντας·
1915 4341 1920 4346 ·
1958 4338 2012 4397 ι)
2040 4322 2129 4390 qui
2158 4317 2356 4372 misera
2396 4313 2555 4368 morti
2592 4310 3047 4367 occubueramus.

429 4402 500 4457 Σὲ
535 4401 826 4473 μακαρίζει
849 4405 877 4456 6
906 4404 1128 4471 κόσμος,
1156 4403 1419 4473 Παρθένε.
1449 4404 1621 4472 Λόγον
1657 4406 1931 4476 μακάριον
1960 4392 1993 4397 _

2104 4412 2323 4465 Beatam
2377 4414 2430 4460 te
2470 4406 2660 4459 dicunt
2700 4401 2975 4466 homines,
3008 4398 3196 4467 Virgo,
3226 4409 3348 4465 quae
3392 4392 3610 4447 beatum

360 4492 614 4558 τέξασαν,
650 4496 743 4546 τον
788 4493 1092 4564 μακαρίους
1126 4493 1351 4565 βροτοὺς
1376 4495 1753 4567 ἐργασάμενον
1783 4496 1924 4567 αύτῷ

2048 4498 2293 4572 peperisti
2327 4495 2565 4551 Verbum
2595 4492 2851 4548 mortales
2878 4488 3198 4546 beatiﬁcans
3228 4488 3282 4541 in
3316 4484 3452 4539 Filio
3477 4498 3612 4567 cen-

362 4582 858 4653 πειθαρχήσαντας,
889 4584 1172 4655 Θεομῆτορ
1208 4586 1346 4655 κόρη
1372 4586 1703 4656 πανάμωμε.

1639 4604 1703 4638 ιε·
2037 4594 2287 4656 ﬁdetues,
2320 4588 2482 4659 Virgo
2519 4586 2688 4640 Mater
2713 4583 2806 4638 Dei
2834 4582 3203 4637 immaculata.

542 4677 859 4744 Ἀφλεκτος
882 4677 1022 4743 πυρί
1055 4676 1125 4728 ἐν
1168 4676 1315 4746 Σινᾷ
1345 4678 1745 4746 προσομιλῶν.
1931 4720 1944 4731 .

1931 4720 1944 4731 .
2284 4681 2437 4736 Inter
2459 4681 2601 4750 ignes
2630 4678 2876 4733 habitans
2908 4678 2961 4729 in
2986 4674 3117 4729 Sina
3138 4674 3364 4727 inustus.

436 4765 637 4836 Πέτραι
667 4767 764 4836 τὴν
795 4768 1001 4836 πέτραν
1034 4769 1131 4838 τῆς
1157 4766 1303 4838 ζωῆς
1336 4769 1425 4821 ὅτε
1458 4770 1702 4823 κατεῖδον
1729 4769 1933 4840 πέτρας

2112 4774 2287 4829 Petra:
2317 4789 2440 4827 cum
2468 4783 2518 4826 te
2547 4770 2801 4824 viderunt
2834 4775 3044 4837 petram
3072 4767 3193 4819 vita:
3224 4778 3390 4832 super
3422 4775 3610 4830 rupem

363 4853 622 4923 ἀρθεῖσαν
663 4855 898 4928 ὕπερθεν
932 4858 998 4911 ἐν
1022 4858 1101 4929 τῷ
1132 4859 1354 4929 Κρανίῳ
1393 4858 1784 4939 διερῤάγησαν,
1839 4863 1927 4914 καὶ

2056 4884 2089 4922 u
2118 4865 2372 4923 Calvario
2422 4871 2606 4917 monte
2634 4869 2868 4921 erutam,
2906 4859 3097 4913 scissae
3124 4864 3275 4915 sunt.
3311 4863 3363 4908 et
3410 4852 3493 4906 sol
3527 4863 3612 4905 τοι

362 4944 508 5015 ἣλιος
564 4946 660 5010 τὰς
714 4948 888 5017 αὐγὰς
955 4950 1339 5020 ὲναττοκρύψας
1410 4952 1719 5021 σκοτασμὺν
1791 4953 1926 5019 βοῶν

2045 4959 2155 5012 dios
2196 4954 2548 5011 abscondens
2594 4951 2774 5006 factus
2802 4960 2886 5005 est
2930 4949 3274 5007 tenebrosus,
3315 4944 3609 5000 clamans:

363 5036 653 5099 ἐνδέδυταυ
702 5039 887 5093 Πάντα
947 5039 1016 5099 τὰ
1067 5040 1203 5111 ἔργα
1256 5042 1503 5114 Κυρίου,
1568 5042 1660 5107 τὸν
1726 5043 1927 5113 Κύριον

1754 5043 1932 5113 ἱύριον
2034 5048 2226 5103 Omnia
2252 5061 2417 5117 opera
2443 5044 2685 5111 Domini,
2726 5042 3037 5098 benedicite
3067 5040 3318 5095 Domino.

363 5130 598 5198 ὑμνεῖτε.

437 5222 653 5293 Ὥσπερ
695 5214 930 5293 νυμφίον
975 5225 1039 5278 ἐκ
1088 5225 1298 5281 παστοῦ
1344 5244 1403 5280 σε
1447 5229 1775 5301 προελθόντα
1804 5271 1818 5293 ,
1868 5232 1932 5285 ἐκ

2112 5231 2504 5302 Apostolorum
2537 5236 2716 5284 cretus
2751 5226 2885 5282 vidit
2917 5235 2971 5279 te
3001 5230 3377 5293 assurgentem
3412 5220 3454 5272 ὀ
3516 5223 3608 5269 tu-

363 5307 531 5377 τάφου
564 5311 901 5383 ὡραιότατον
947 5314 1056 5368 τῶν
1117 5316 1430 5371 ἀποστόλων
1472 5319 1640 5387 δῆμος
1688 5319 1880 5390 ἔϐλεψε
1914 5361 1927 5385 ,

2034 5326 2184 5381 mulo
2267 5323 2576 5394 speciosum
2662 5320 2809 5375 sicut
2878 5330 3115 5388 sponsus
3179 5309 3467 5383 egrediens
3529 5304 3596 5357 de

365 5397 458 5451 καὶ
502 5401 695 5473 Πάσχα
744 5396 875 5469 ταῖς
907 5411 1165 5478 πατριαῖς
1215 5410 1586 5479 συνεορτάζων
1623 5410 1728 5463 τῶν
1763 5411 1929 5465 ἐθνῶν

2104 5416 2304 5480 alamo,
2357 5422 2410 5469 et
2452 5412 2662 5468 Pasdta
2735 5410 3076 5466 celebrantes
3138 5402 3602 5460 annuntiaverunt
3660 5428 3664 5432 -

369 5483 503 5541 ϐοῶν
531 5492 836 5565 διήγγελλε·
867 5499 1048 5551 Πάντα
1085 5500 1146 5552 τὰ
1176 5498 1305 5571 ἔρτκ
1340 5501 1566 5573 Κυρίου,
1608 5503 1699 5556 τὶν
1724 5502 1929 5574 Κύριον

2041 5506 2290 5561 tribubus
2322 5507 2646 5576 populorum
2688 5507 2989 5560 clamantes
3026 5501 3261 5559 :Omnia
3302 5512 3464 5567 opera
3498 5495 3605 5549 Do—

372 5580 604 5648 ὑεινεῖτε.
1817 5582 1820 5587 ’

1817 5582 1820 5587 ’
2037 5598 2192 5661 mini,
2229 5598 2536 5651 benedicite
2571 5596 2817 5653 Domino.
