3960 6194
317 228 457 291 3333

1711 223 2129 287 TRIODIUM.
2174 231 2183 236 “

3425 230 3565 293 393i.

314 330 645 403 'c’wdto'maov
671 334 988 388 κατωτὰτου
1042 351 1107 404 με
1149 333 1373 401 λάκκου,
1424 332 1724 403 κραυγάξω
1780 346 1885 396 σοι,

2012 348 2077 387 ne
2106 335 2344 388 solutum
2398 348 2620 405 surgere
2651 348 2680 388 a
2711 333 2985 404 profundo
3032 335 3155 390 lacu
3212 349 3562 406 peccatorum

313 424 501 478 παθῶν
530 424 923 494 θανατηφὸρων
962 425 1056 478 καὶ
1087 426 1361 495 ἁμαρτίας
1390 421 1849 493 ὲκλυτρούμενος.

379 513 587 568 Ἷῐλθον
615 514 913 586 μυροφύροι
945 516 1229 570 κλαίουσαι
1249 516 1342 568 ἐπὶ
1364 515 1425 568 τδ
1449 517 1640 584 μνῆμα
1662 511 1885 584 ὄρθρου,

309 608 404 662 καὶ
430 606 505 678 μὴ
534 604 791 676 εὑροῦσαί
815 622 894 670 σε,
924 606 1034 660 ίδσν
1065 607 1124 659 ὲν
1145 606 1358 669 λευκοῖς
1378 601 1887 677 προσκαθεζόμενον

309 697 557 767 ἄγγελον,
608 697 702 749 καὶ
733 693 964 765 βοῶνταο
1012 695 1250 767 Ἠγέρθη
1291 704 1320 749 ο
1350 695 1574 766 Κύριος,
1612 692 1887 747 σπεύσατε

311 784 647 854 ἀπαγγεῖλαι
665 786 780 848 τοῖς
814 784 1085 856 μαθηταῖς
1105 785 1272 839 αὐτοῦ
1296 785 1398 856 τὴν
1425 785 1667 861 εγερσιν.

377 955 594 1027 Φρίττει
637 957 790 1010 πᾶσα
850 955 1050 1024 κτίσις,
1097 957 1364 1012 Δέσποινα
1399 1000 1415 1026 ,
1447 960 1510 1013 τὸ
1567 960 1709 1031 ὑπὲρ
1762 959 1888 1013 νοῦν

314 1048 615 1119 μυστήριον
637 1047 737 1117 τῆς
761 1046 977 1118 λοχείας
1007 1064 1121 1105 σου⁶
1154 1049 1359 1114 τίκτεις
1380 1051 1489 1120 γὰρ
1522 1051 1656 1104 Θεὸν
1675 1051 1733 1104 Ἐ
1742 1069 1886 1122 μμα·

310 1139 491 1209 νουὴλ,
526 1140 945 1209 χρηματίσαντα
987 1140 1239 1210 δι’ἠμᾶς,
1261 1141 1887 1214 παναμὼμητε,ἄνθρω-

310 1246 431 1289 πον.
455 1228 546 1282 τὸν
573 1228 809 1284 λύσαντα
835 1228 1065 1286 θανάτου
1090 1230 1188 1303 τὴν
1215 1233 1534 1287 δυναστείαν
1560 1232 1636 1304 τῷ
1664 1232 1884 1304 σταυρῷ

309 1319 496 1377 αὑτοῦ.
853 1369 857 1372 .

698 1412 808 1465 ⁸ον
834 1411 1191 1480 φρίττουσιν
1227 1412 1493 1485 ἄγγελοι.

376 1502 577 1572 opma:
599 1503 747 1556 πᾶσα
781 1503 959 1567 κτίσις
1001 1521 1097 1557 σου
1118 1503 1180 1557 τὸ
1210 1505 1402 1570 πάθος,
1433 1505 1628 1576 ἀγαθέ·
1660 1507 1689 1559 ὁ
1732 1505 1882 1576 ἥλιος
1916 1568 1931 1587 φ

310 1594 591 1646 σϐέννυται
624 1592 718 1646 σοῦ
747 1592 1000 1657 δύναντος
1032 1593 1271 1665 σταυρῷ,
1297 1596 1390 1649 καὶ
1417 1597 1465 1649 oi
1505 1598 1565 1649 ὲν
1588 1596 1669 1667 τῷ
1694 1596 1882 1650 σκότει

1995 439 2262 478 meorum.

2063 514 2199 568 Cum
2250 512 2377 568 Πευιιι
2417 523 2688 569 venerunt
2726 529 2888 570 mane
2931 522 3180 569 aromata
3216 515 3456 571 ferentes
3496 519 3563 572 ad

1961 613 2408 658 ‘mouumcntum
2449 616 2498 658 et
2532 620 2640 659 non
2684 605 3028 660 invenientes
3066 613 3139 667 te,
3190 606 3451 661 viderunt
3487 607 3563 661 ἰιρί

1995 694 2269 750 sedentem
2314 695 2567 765 angelum
2619 696 2761 750 albis
2805 696 3055 749 indutum
3088 704 3143 749 et
3182 695 3507 750 clamantem
3543 713 3563 750 :

1995 785 2245 839 Surrexit
2294 783 2596 851 Dominus;
2644 783 2972 842 festinantes
3017 786 3340 840 annuntiate
3389 785 3562 842 disci-

1992 877 2137 946 pulis
2158 876 2278 946 ejus
2306 877 2784 931 resurrectionem.

2065 968 2277 1037 Stupet,
2305 982 2337 1021 ο
2372 966 2624 1033 Domina,
2674 968 3138 1044 omnis‘creatura
3172 982 3337 1037 super
3364 976 3566 1039 myste-

1992 1058 2132 1113 rium
2165 1058 2243 1112 tui
2285 1067 2475 1129 partus
2513 1058 2790 1114 mentibus
2829 1058 3035 1114 nostris
3079 1058 3434 1127 impervium,
3468 1073 3565 1126 pa-

1991 1146 2068 1201 ris
2100 1146 2244 1198 enim
2273 1144 2437 1199 Deum
2470 1143 2792 1200 Emmanuel
2823 1145 3185 1214 negotiantem
3220 1153 3440 1215 propter
3463 1159 3565 1199 nos

1990 1236 2057 1293 de
2095 1236 2269 1291 salute
2301 1236 2580 1291 hominum
2611 1243 2666 1292 et
2693 1243 3023 1291 evertentem
3055 1249 3224 1290 cruce
3267 1250 3366 1290 sua
3414 1250 3563 1291 mor-

1991 1329 2062 1384 tis
2084 1329 2395 1398 imperium.

2415 1419 2494 1472 Ad
2522 1432 2681 1490 quem‘
2703 1427 2912 1488 stupent
2941 1418 3135 1488 angeli.

2058 1509 2227 1565 Deﬂet
2253 1510 2435 1565 omnis
2463 1518 2718 1565 creatura
2748 1511 3060 1580 passionem
3088 1518 3259 1575 tuam,
3282 1524 3316 1564 ο
3345 1521 3561 1564 summe

1990 1598 2165 1665 bone;
2190 1599 2272 1654 sol
2293 1599 2622 1654 obscuratur
2641 1599 2927 1655 occidente
2956 1608 3012 1653 te
3045 1613 3213 1668 super
3241 1612 3483 1661 crucem,
3505 1602 3562 1648 et

306 1684 694 1755 κπθειργμένοι
735 1685 868 1740 ποτὲ
904 1686 1045 1758 μέγα
1088 1687 1205 1758 φῶς
1225 1688 1427 1758 ὁρῶσιν
1467 1687 1767 1759 ὑμνοῦντες
1798 1705 1881 1755 σε,

2012 1690 2079 1760 lui
2116 1689 2504 1745 detinebantur
2533 1689 2590 1744 in
2619 1689 2860 1744 tenebris
2886 1703 3139 1755 magnam
3180 1688 3440 1743 viderunt
3468 1687 3556 1737 lu-

305 1775 449 1827 οἰκτί
455 1793 486 1843 ρ
495 1792 616 1843 μον.

387 1793 447 1827 ςτι
495 1793 616 1843 μον.

387 1793 717 1937 Ἐξρόμαξεν
739 1866 871 1937 ᾅδης
897 1885 956 1920 σε
984 1866 1108 1921 ίδὼν
1141 1866 1281 1939 μετά
1303 1866 1480 1938 ψυχῆς
1507 1834 1646 1939 πρὸς
1673 1867 1887 1935 τοῦτον,

305 1957 599 2029 γενόμενον
633 1958 833 2029 Χριστὲ
868 1956 1236 2029 «ausaausa,
1270 1957 1521 2021 καὶτοὺς
1562 1958 1659 2012 ἀπ’
1692 1952 1889 2021 αἰῶνος

306 2049 561 2105 ἀπεδίδου
606 2050 834 2121 νεκροὺς
892 2048 1387 2119 ἀνυμνολογοῦντας
1428 2048 1530 2120 τὴν
1565 2047 1664 2121 σὴν
1694 2048 1884 2118 φιλαν-

307 2140 578 2213 θρωπίαν.

347 2230 581 2304 Ὠράθης
592 2231 686 2284 τοῦ
710 2231 1012 2301 μνήματος,
1031 2231 1255 2302 Χριστὲ,
1280 2228 1576 2295 ἐξαναστὰς
1595 2213 1890 2302 φερούσαις
1950 2276 1953 2285 η

311 2321 581 2393 ἀρώματα
607 2325 724 2387 ταῖς
750 2322 920 2386 θείαις
950 2321 1184 2390 γυναιξί·
1206 2321 1301 2374 καὶ
1329 2319 1537 2373 τούτων
1569 2319 1662 2374 τὸν
1692 2319 1890 2388 θρῆνον

311 2413 1043 2486 μετεποίησας,παράκλησις
1068 2411 1552 2482 πάντωνύπάρχων
1570 2410 1885 2473 εἱςαίῶνας.

373 2595 576 2650 ’ἰδοῦσα
590 2595 660 2677 ιδν
680 2595 867 2660 ἔτεκες
886 2593 1019 2649 Θεὸν
1050 2594 1115 2649 ἐκ
1138 2592 1247 2649 τῶν
1265 2592 1478 2665 νεκρῶν
1496 2592 1674 2664 χαρᾶς
1697 2591 1891 2664 ὤφθης

316 2685 569 2763 ἐμπλεος,
589 2686 834 2757 Παρθένε
853 2687 1106 2756 Μαριάμο
1131 2683 1293 2738 αὐτὸν
1306 2679 1400 2738 οὗν
1422 2682 1682 2748 δυσώπει,
1707 2684 1891 2737 πᾶσαν

314 2776 514 2848 λύπην,
542 2775 706 2849 ἁγνὴ,
736 2777 834 2848 τῆς
864 2775 1021 2849 ήμῶν
1061 2773 1286 2848 καρδίας
1306 2773 1532 2838 τελείως
1556 2771 1882 2843 ἀπαλεῖψαι.

842 2954 968 3024 Τὴν
992 2955 1362 3025 φωτοερόρον.

395 3067 483 3131 Ὠς
537 3064 781 3120 κατεῖδεν
838 3067 897 3120 ὲν
963 3064 1107 3137 ξύλῳ
1156 3063 1479 3127 ἐθελουσίως
1533 3060 1760 3117 τεθέντα
1789 3101 1805 3127 ,
1858 3062 1889 3115 ὁ

316 3158 724 3229 εὖγνωμότατος
766 3157 988 3233 λῃστὴς,
1023 3155 1307 3228 Μνησθητί
1340 3172 1471 3226 μου,
1524 3154 1676 3217 ἐϐόα,
1723 3151 1891 3225 ἡνίκα

317 3250 744 3326 ἐλθῃςηίησοῦ,
774 3251 832 3303 ἔν
869 3253 937 3322 τῇ
971 3248 1220 3321 βασιλείᾳ
1241 3264 1358 3314 σου,
1382 3247 1475 3300 καὶ
1492 3246 1684 3315 γέγονε
1714 3260 1892 3316 παρα-

316 3339 491 3395 δείσου
514 3342 753 3415 οἰκήτωρ
783 3341 964 3394 πίστει
995 3339 1133 3413 μόνῃ
1161 3336 1353 3409 ἀληθεῖ
1373 3334 1700 3398 δικαιωθείς.

384 3433 452 3490 Σὲ
479 3433 711 3486 κατιδὼν
744 3430 1024 3503 ὲνεκρώθη
1044 3431 1102 3482 ὲν
1120 3431 1232 3492 τοῖς
1259 3424 1709 3499 νεκροῖς,Σῶτερ,
1733 3424 1883 3495 ᾅδης·

318 3531 411 3581 καὶ
464 3523 712 3578 ἀπεδίδου
773 3522 900 3584 τοὺς
954 3520 1182 3590 νεκροὺς
1236 3517 1329 3580 οὓς
1393 3516 1621 3570 κατέπιε
1674 3514 1842 3567 πάλαι
1872 3551 1887 3574 ,

316 3613 729 3683 δοξολογοῢντάς
764 3630 882 3677 σου,
916 3611 1141 3681 Χριστὲ,
1178 3608 1274 3677 τὴν
1299 3607 1535 3679 ἄρρητον
1559 3602 1808 3673 δύναμιν,
1831 3601 1893 3655 es
1934 3644 1941 3650 .

317 3707 485 3772 ἕλεος,
510 3705 609 3776 τὴν
650 3703 850 3775 πολλὴν
896 3699 1297 3771 εὐσπλαγχνίαν
1332 3713 1346 3728 ⁸
1377 3698 1444 3751 δι’
1472 3692 1541 3767 ἦς
1594 3695 1769 3749 σῶσον
1798 3694 1893 3747 καὶ

317 3798 489 3870 ἡμᾶς,
520 3793 896 3866 παμϐασιλεῦ.

384 3883 589 3940 Ἦλθον
616 3884 939 3955 κομίζουσαι
971 3881 1120 3954 μύρα
1163 3880 1257 3935 ἐπὶ
1296 3879 1357 3934 τὸ
1392 3877 1577 3949 μνῆμα
1609 3876 1889 3945 γυναίκες,

316 3976 414 4037 καὶ
449 3976 760 4030 κατιδοῦσαί
816 3992 897 4041 σε,
927 3973 1153 4046 Χριστὲ,
1185 3973 1249 4026 ὲκ
1302 3968 1517 4041 νεκρῶν
1576 3965 1891 4037 ἐγερθέντα,

317 4070 491 4140 χαρᾶς
559 4065 912 4139 ἐπλήσθησαν
976 4064 1186 4134 πολλῆς
1216 4101 1234 4127 ,
1287 4063 1384 4116 καὶ
1434 4058 1752 4121 ἀποστόλοις
1798 4073 1891 4109 σου

318 4158 657 4231 ἀπήγγειλαν
684 4158 760 4222 ὡς
780 4155 1023 4228 ἡγέρθης
1046 4157 1109 4209 ἐκ
1125 4154 1319 4225 τάφου,
1344 4149 1660 4220 συνεγείρας
1686 4148 1892 4220 κόσμον

317 4254 438 4308 ὅλον
466 4251 667 4323 ἑαυτῷ.

532 4346 842 4415 Θαύματος
866 4339 1186 4410 ὑπερφυῶς
1214 4339 1253 4407 ἠ
1284 4338 1671 4407 δροσοϐόλος.

392 4452 631 4505 Θάνατον
658 4447 979 4512 ἐθελουσίως
1011 4444 1283 4512 κατεδέξω
1324 4443 1700 4515 ἀνυψούμενος
1726 4438 1895 4510 σαρκὶ

321 4546 378 4607 ἐν
406 4543 568 4615 ξύλῳ,
614 4543 711 4596 καὶ
760 4540 906 4612 ὁρῶν
960 4556 1020 4592 σε
1075 4538 1226 4609 ἣλιος
1277 4535 1615 4604 ἀπεσϐέσθη,
1652 4530 1748 4585 καὶ
1796 4527 1893 4582 τοῦ

321 4632 452 4691 ναοῦ
497 4634 530 4701 ἡ
596 4631 887 4701 φαιδρότης
932 4628 1228 4699 διερράγη,
1284 4624 1683 4692 παντοδύναμε·
1713 4618 1794 4672 διό
1836 4635 1896 4671 σε

324 4722 621 4794 ὑμνοῢμεν,
652 4721 1055 4796 ἀναμέλποντες
1082 4738 1093 4751 ·
1122 4717 1481 4789 Εύλογείτωὴ
1516 4714 1711 4777 κτίσις.

398 4896 668 4967 Ἐϐλεψαν
697 4899 747 4952 oi
782 4899 840 4952 ὲν
872 4898 1003 4968 σκιᾷ
1048 4894 1216 4948 πάλαι
1257 4891 1490 4946 θανάτου
1539 4887 1895 4958 καθεζόμενοι

324 4988 514 5045 ἄδυτον
541 4991 762 5058 φέγγος,
784 4990 840 5043 ὲν
856 4989 1037 5050 αὐτοῖς
1054 5002 1170 5052 σου,
1193 4980 1734 5055 Κύριε,κατα6άντος
1759 4978 1898 5050 μετά

320 5081 520 5152 ψυχῆς·
552 5085 649 5135 καὶ
680 5063 905 5151 δεσμῶν
924 5078 1033 5131 τῶν
1062 5076 1296 5130 αἰωνίων
1328 5072 1699 5143 ἀπελύθησαν,
1720 5071 1897 5142 μεγά-

321 5174 428 5237 λως
445 5171 761 5246 ,ὑμνοῦντες
789 5189 869 5238 σε,
891 5171 985 5224 καὶ
1006 5169 1279 5237 λέγοντες·
1310 5165 1667 5236 Εὑλογείτωη
1696 5166 1894 5230 κτίσις.

396 5348 653 5420 ὀρθριαι
681 5347 816 5419 πρὸς
838 5345 900 5400 τὸ
934 5346 1196 5416 μνημεῖον
1246 5340 1578 5398 ἀπελθοῦσαι
1627 5340 1897 5409 ἐξαστρὰ-

325 5451 527 5494 πτοντα
555 5436 784 5506 ἄγγελον
805 5430 943 5488 εἶδον
970 5433 1028 5487 al.
1050 5431 1590 5501 γυναῖκες,λέγοντα’
1606 5429 1896 5499 Ἐξανέστῃ

322 5529 353 5584 ὀ
375 5527 690 5598 Λυτρωτὴς,
724 5526 778 5579 τί
812 5526 905 5605 τὸν
939 5525 1119 5589 ζῶντα
1148 5526 1206 5578 ὲν
1234 5526 1447 5592 νεκροῖς
1475 5521 1554 5577 ἔτι
1580 5520 1894 5590 λογίζεσθε;

323 5616 392 5685 ἐμ.
407 5616 723 5688 πλησθεῖσαι
747 5617 916 5689 χαρᾶς
939 5614 1139 5684 ἁναδσή
1151 5630 1295 5667 σατε·
1318 5612 1620 5682 Εὐλογείτω
1644 5613 1676 5683 ἡ
1700 5610 1893 5677 κτίσις.

1815 3000 1965 3073 ’.c

1989 1796 2133 1847 cem,
2162 1789 2310 1836 tuam
2343 1781 2688 1837 celebrantes
2719 1778 3175 1834 misericordiam.

2058 1872 2435 1929 Tremefactus
2462 1883 2548 1928 est
2583 1860 2836 1926 infernus
2866 1885 2989 1924 cum
3024 1869 3160 1923 vidit
3197 1877 3249 1922 te
3275 1867 3328 1920 iu
3372 1863 3559 1918 anima

1991 1967 2324 2031 venientem,
2370 1963 2590 2020 Christe
2634 1978 2725 2019 rex
2784 1961 3155 2031 omnipotens,
3209 1956 3561 2022 restituitque

1989 2073 2178 2115 onmes
2211 2072 2241 2112 a
2264 2057 2466 2115 saeculo
2502 2053 2796 2112 defunctos
2833 2061 2981 2108 tuam
3012 2053 3301 2107 laudantes
3332 2047 3556 2117 philau-

1994 2149 2294 2220 thropiam.

2066 2239 2382 2297 Suscitatus
2417 2253 2448 2294 e
2498 2237 2711 2293 tumqu
2750 2236 2905 2291 visus
2949 2248 3009 2289 es
3043 2248 3071 2286 a
3101 2230 3426 2285 mulieribus
3453 2228 3559 2297 piis

1989 2339 2235 2388 aromata
2280 2328 2604 2393 ferentibus,
2644 2337 2697 2382 et
2728 2327 2781 2381 in
2822 2325 3082 2398 gaudium
3127 2320 3340 2376 vertisti
3375 2320 3558 2372 luctus

1988 2436 2201 2488 earum,
2230 2436 2354 2478 cum
2390 2421 2469 2478 sis
2496 2421 2742 2475 omnium
2775 2416 3080 2473 consolatio
3115 2427 3210 2484 per
3246 2411 3429 2467 omnia
3459 2423 3591 2489 επιξ-⁹

1989 2515 2137 2572 cula.

2059 2601 2265 2658 Videris
2312 2616 2474 2673 quem
2519 2601 2756 2672 genuisti
2806 2613 2837 2653 a
2888 2596 3121 2653 mortuis
3177 2601 3555 2665 resurgentem

1987 2694 2193 2765 repleta
2224 2709 2285 2750 es
2317 2693 2535 2765 gaudio,
2564 2691 2733 2763 Virgo
2762 2690 2950 2749 Maria.
2984 2688 3132 2757 Roga
3180 2685 3346 2755 igitur
3378 2682 3560 2747 illum,

1990 2784 2366 2852 immaculata,
2401 2792 2461 2838 ut
2485 2799 2703 2839 omnem
2742 2782 2955 2837 auferat
2983 2780 3225 2834 dolorem
3245 2791 3273 2829 a
3297 2772 3557 2829 cordibus

1992 2863 2220 2933 nostris.
2774 2928 2777 2931 .

2398 2965 2530 3031 Qua'
2564 2963 2712 3018 nobis
2746 2962 2928 3016 attuli:
2960 2963 3147 3015 lucent.

2061 3080 2199 3137 Cum
2244 3077 2377 3133 vidit
2417 3077 2601 3133 Jesum
2635 3075 2941 3129 voluntarie
2988 3071 3204 3123 aﬂirum
3256 3065 3430 3128 cruci,
3460 3065 3560 3119 ho-

1991 3189 2097 3229 nus
2126 3172 2264 3226 latro
2293 3167 2618 3225 exclamavit
2645 3163 2831 3225 :Jesu,
2867 3169 3141 3215 memento
3168 3158 3294 3223 mei,
3319 3171 3441 3210 cum
3476 3170 3562 3208 rc-

1990 3263 2140 3320 neris
2171 3261 2224 3315 in
2251 3274 2475 3330 regnum
2502 3267 2680 3322 tuum,
2709 3263 2763 3308 et
2787 3255 2963 3308 factus
2987 3260 3072 3306 est
3093 3248 3267 3303 incola
3297 3244 3560 3317 paradisi.

1991 3353 2107 3408 sola
2139 3350 2244 3405 ﬁde
2279 3362 2379 3404 sua
2415 3363 2539 3402 vere
2564 3346 2926 3415 justitlcatus.
3318 3402 3331 3416 l

2060 3442 2138 3496 Te
2176 3440 2365 3495 videns
2404 3440 2547 3493 inter
2597 3444 2869 3498 mortuos,
2904 3433 2971 3487 al
3020 3431 3250 3484 nihilum
3309 3427 3567 3481 redactus

1991 3538 2076 3586 est
2108 3529 2373 3585 infernus.
2427 3524 2776 3597 restituitque
2827 3537 2965 3591 quos
3016 3519 3372 3573 ahsorhurrat
3418 3529 3564 3566 rnor-

1994 3628 2145 3684 tuos,
2165 3624 2314 3670 tuam
2333 3614 2675 3668 celebrantes
2700 3616 3019 3680 potestatem
3049 3614 3103 3660 et
3128 3599 3562 3656 niiseriCordiam

1994 3720 2243 3777 magnam
2278 3718 2375 3774 per
2403 3717 2565 3773 quam
2605 3701 2820 3756 salvare
2845 3712 2947 3751 nos
2972 3695 3218 3766 digneris
3246 3691 3560 3745 dominator
3622 3714 3625 3715 ν

1993 3795 2259 3854 omnium.
3322 3835 3327 3841 ,

2064 3888 2319 3942 Mulieres
2369 3890 2639 3939 venerunt
2706 3879 2772 3935 ad
2850 3883 3265 3933 monumentum
3329 3870 3565 3925 ferentes

1993 3985 2276 4043 aromata;
2304 3973 2640 4039 videnteste,
2663 3970 2904 4034 Christe,
2933 3983 2964 4021 a
2991 3966 3226 4021 mortuis
3254 3962 3566 4020 surrexisse

1994 4066 2190 4139 magno
2251 4066 2537 4136 completa:
2592 4074 2721 4119 sunt
2779 4062 3004 4132 gaudio,
3062 4058 3565 4122 nuntiaveruutque

1994 4161 2256 4230 apostolis
2286 4159 2410 4229 quia
2455 4173 2551 4228 per
2589 4154 3048 4212 resurrectionem
3083 4159 3233 4205 tuam
3262 4156 3438 4202 totum
3465 4160 3567 4202 ex-

1997 4254 2276 4311 suscitasti
2313 4250 2603 4306 mundum.

2343 4339 2450 4394 Ras
2482 4349 2679 4392 natura
2713 4351 2811 4391 sua
2850 4332 3208 4388 admirabilis.

2067 4435 2124 4489 In
2169 4447 2336 4487 carne
2381 4438 2599 4486 erectus
2628 4442 2796 4498 super
2838 4439 3057 4481 crucem
3098 4430 3329 4477 mortem
3379 4418 3569 4473 subire

1997 4522 2218 4578 voluisti
2251 4518 2397 4589 quod
2428 4518 2620 4573 ridens
2652 4516 2734 4571 sol
2764 4515 3095 4569 obscurato:
3125 4518 3210 4565 est
3239 4516 3293 4563 et
3323 4508 3565 4562 scissum

1995 4623 2080 4671 est
2113 4613 2291 4668 velum
2316 4607 2528 4680 templi;
2567 4607 2922 4678 quamobrem
2949 4604 3234 4658 laudamus
3267 4608 3342 4664 te,
3378 4595 3566 4652 omni-

1996 4713 2214 4774 potens,
2245 4700 2483 4755 canticis
2511 4696 2741 4761 nostris,
2783 4693 2964 4750 omnis
2984 4700 3243 4748 creatura
3269 4685 3566 4743 heuedicat

1997 4794 2117 4847 tibi.

2067 4884 2173 4950 Qui
2225 4882 2356 4936 olim
2407 4878 2672 4935 sedebant
2725 4876 2780 4929 in
2816 4873 3009 4927 umbra
3040 4870 3233 4925 mortis
3265 4863 3570 4921 inaccessi-

1997 4973 2107 5029 bile
2151 4971 2410 5026 viderunt
2461 4966 2667 5021 lumen.
2719 4964 2852 5020 Cum
2913 4959 3272 5025 descendisti,
3326 4956 3567 5021 Christe,
3621 4989 3624 4992 .

1997 5079 2122 5121 cum
2158 5061 2340 5117 anima
2377 5061 2516 5114 inter
2546 5057 2690 5119 illos,
2714 5071 2782 5112 ex
2806 5054 3041 5109 vinculis
3069 5050 3243 5122 erepti
3267 5056 3567 5107 suntmter-

1998 5155 2106 5220 nis,
2136 5153 2243 5206 alte
2275 5150 2633 5206 decantantes
2671 5147 2769 5202 tibi
2801 5144 3073 5216 Hymuum
3110 5142 3359 5198 dicentes
3386 5158 3401 5195 :
3429 5138 3565 5195 0m-

1999 5247 2084 5301 nis
2118 5242 2406 5299 benedicat
2440 5249 2720 5297 creatura.

2068 5334 2226 5389 Mane
2247 5348 2374 5387 cum
2410 5341 2682 5387 venerunt
2719 5329 2787 5382 ad
2829 5335 3264 5390 monumentum,
3314 5320 3578 5399 viderunt!

1999 5427 2252 5497 angelum
2284 5424 2375 5495 qui
2401 5423 2674 5479 dixiteis:
2702 5419 3021 5476 Resurrcxit
3039 5417 3328 5473 Liberator
3361 5421 3569 5479 uoster;

1998 5517 2127 5587 quid
2160 5526 2244 5572 est
2277 5516 2423 5587 quod
2455 5515 2637 5569 adhuc
2664 5515 2817 5567 illum
2841 5512 3086 5581 quaeritis
3109 5511 3253 5564 inter
3287 5503 3575 5563 mortuos?

2000 5608 2210 5665 Gaudio
2239 5609 2452 5681 repletae
2479 5608 2744 5671 (,‘lillllalc:
2774 5604 3065 5662 Bcnedicat
3091 5608 3271 5663 omnis
3298 5607 3559 5659 creatur;-
