3988 6202
378 254 520 317 3935

1246 250 1303 310 S.
1346 244 1763 308 SOPHRONII
1802 243 2309 303 ΡΑΤΗΙΑΒΕΗΑΞ
2337 241 2740 302 HIEROSOL.

3491 239 3634 304 3936

458 363 630 418 Filius
661 370 812 447 tuus,
861 376 894 417 ο
929 361 1298 423 immaculata,
1329 356 1629 412 destructis
1672 353 1884 418 inferis,
1931 369 1960 407 a

2135 352 2443 424 Νέκρωσιν,
2485 352 2672 422 Ἀγνὴ,
2729 354 2755 405 ό
2798 350 2887 414 σὸς
2942 351 3029 404 τοῦ
3077 350 3206 422 ᾅδου
3259 351 3634 421 ἐργασάμενος

389 454 619 510 mortuis
674 453 958 509 surrexit:
1006 466 1103 506 ora
1136 451 1310 512 illam,
1361 448 1546 517 Virga,
1588 453 1646 501 ut
1697 446 1890 500 liberet
1930 459 1960 498 a

391 543 620 599 maculis
669 542 872 612 peccati
912 550 965 595 et
988 539 1163 609 poenis
1206 555 1306 593 nos
1355 546 1645 593 cantantes
1696 538 1750 591 in
1803 535 1958 590 (ide:

393 634 684 691 Denedicat
720 633 898 687 omnis
928 638 1199 686 creatura.

432 804 931 861 Exlraordinarium
959 804 1370 874 stupendumquc
1397 813 1693 874 portentum
1745 806 1912 860 video.

467 898 719 952 Libenter
738 896 978 966 pendens
1006 896 1073 950 de
1096 911 1281 959 cruce,
1308 898 1513 951 sanasti
1544 910 1664 960 nos,
1690 893 1961 960 Salvator,

394 1006 423 1042 a
452 987 680 1041 vulnere
702 986 846 1056 quod
879 986 1128 1039 inﬁxerat
1152 984 1361 1056 primus
1388 1000 1618 1055 parens;
1647 985 1966 1055 positusque

394 1081 448 1133 in
484 1076 738 1146 sepulcro
791 1075 1207 1145 expergefacisti
1246 1084 1421 1130 tecum
1477 1076 1550 1130 ibi
1604 1077 1962 1144 dormientes,

393 1163 735 1219 celebrantes
778 1179 922 1215 nunc
952 1178 1102 1217 tuam
1138 1163 1591 1217 misericordiam.

465 1252 602 1307 Cum
646 1252 1021 1321 apostolorum
1073 1252 1277 1308 chorus
1311 1252 1445 1305 vidit
1490 1262 1543 1305 te
1571 1251 1701 1306 olim
1730 1253 1966 1307 suscita-
1996 1288 1999 1293 -

396 1348 532 1406 tum,
565 1340 812 1408 Domine,
841 1357 965 1395 cum
1023 1350 1261 1396 tremore
1290 1350 1345 1396 et
1385 1342 1712 1411 jubilatione
1749 1352 1801 1398 te
1832 1343 1968 1398 ado-

396 1438 655 1485 raverunt
685 1431 980 1501 prostrati;
1019 1429 1296 1484 clamabas
1328 1430 1469 1483 illis:
1503 1427 1640 1483 Ecce
1677 1429 1969 1497 implentur

396 1535 518 1590 quae
545 1521 788 1576 dixeram
835 1522 990 1576 vobls
1016 1537 1030 1576 :
1061 1521 1228 1575 nolite
1259 1520 1422 1590 igitur
1449 1535 1572 1576 esse
1620 1522 1829 1586 tristes,
1870 1521 1964 1577 Sed

397 1615 719 1669 annuntiatc
754 1615 1026 1684 gentibus.

2068 443 2215 505 Υίδς,
2250 441 2515 513 Παρθένε.
2545 445 2609 495 ἐκ
2666 441 2877 511 νεκρῶν
2935 441 3252 512 ἐγήγερται’
3299 440 3359 493 ὃν
3394 439 3635 494 δυσώπει

2064 532 2395 605 φθοροποιοῦ
2452 533 2728 602 ἁμαρτίας
2796 530 3136 601 λυτρωθῆναι
3202 528 3299 584 καὶ
3359 529 3638 592 κολάσεως

2066 625 2271 688 πάντας
2309 625 2437 687 τοὺς
2486 625 2544 677 ὲν
2587 625 2768 677 πίστει
2807 622 3244 693 ἀναμέλπονταςσ
3271 622 3572 692 Εὐλοτείτω
3602 623 3637 691 ἡ

2066 716 2264 780 κτίσις.

2237 805 2590 874 Μυστήριον
2620 805 2802 871 ξένον
2826 804 2943 873 δρῶ
2972 805 3070 857 καὶ
3094 804 3459 873 παράδοξον.

2150 898 2400 966 ’ἰώμενος
2436 897 2532 951 τοῦ
2565 897 2992 968 πρωτοπλάστου
3035 895 3098 948 τδ
3135 896 3360 965 ἄλγημα
3394 895 3642 966 ήλγησας

2067 992 2436 1062 κρεμάμενος,
2477 989 2660 1059 Σῶτερ
2692 1028 2707 1053 ,
2760 986 3084 1049 ἐθελουσίως
3125 986 3184 1039 ὲν
3215 984 3357 1055 ξύλῳ
3383 1025 3399 1050 ,
3461 984 3644 1047 τεθεὶς

2066 1079 2123 1133 δὲ
2172 1081 2228 1133 ἐν
2276 1080 2433 1149 τάφῳ
2489 1078 2667 1144 ἑκὼν,
2709 1079 2836 1141 τοὺς
2881 1077 3183 1141 ὑπνοῦντας
3234 1075 3642 1145 συνανέστησας

2070 1169 2274 1239 σαυτῷ,
2306 1168 2678 1238 ἀνυμνοῦντας
2699 1168 2801 1239 τὴν
2831 1167 3064 1237 φρικτὴν
3082 1166 3396 1237 ⁸οἰκονομίαν
3417 1181 3531 1218 σου.

2149 1253 2235 1316 Ὠς
2260 1253 2450 1323 ἔϐλεψε
2484 1253 2651 1307 πάλαι
2687 1253 2847 1326 χορὸς
2878 1253 3190 1307 ἀποστόλων
3221 1269 3279 1306 σε
3309 1252 3642 1315 ἀναστάντα,

2069 1344 2262 1414 Κύριε,
2326 1345 2476 1415 φόϐῳ
2520 1363 2580 1399 τε
2634 1346 2728 1399 καὶ
2778 1346 2925 1415 χαρᾷ
2964 1343 3311 1414 προσεκύνει·
3354 1345 3491 1409 πρὸς
3547 1342 3644 1404 οὖς

2069 1433 2319 1498 ἀνεϐόας,
2345 1434 2479 1487 Ἰδιὺ
2503 1435 2555 1487 αἱ
2591 1433 2844 1496 ἐκϐάσεις
2873 1434 2980 1487 τῶν
3004 1433 3266 1504 ῥημάτων
3293 1448 3416 1504 μου
3450 1432 3525 1504 μὴ
3545 1427 3640 1486 οὖν

2073 1524 2497 1594 σκυθρωπάζετε
2530 1525 2707 1594 ὑμεῖς,
2739 1523 2855 1579 ἀλλ’
2892 1522 3287 1593 ὲπαγάλλεσθε.

467 1704 667 1773 Joseph
692 1704 877 1773 justus
903 1719 957 1759 te
998 1705 1304 1758 involutum
1344 1704 1575 1759 sindone
1624 1704 1831 1759 mundo
1870 1705 1965 1759 dc-

2138 1703 2341 1757 Σινδόνι
2360 1720 2417 1757 σε
2428 1745 2441 1768 ,
2458 1704 2658 1776 Σῶτερ,
2675 1702 2896 1775 εἱλήσας
2907 1701 3164 1756 κατέθετο
3177 1700 3377 1769 Ἰωσὴφ
3395 1701 3423 1752 ὁ
3438 1698 3649 1761 δίκαιος

329 1801 335 1805 ’
398 1795 580 1864 posuit
608 1809 799 1850 amans
826 1796 879 1849 in
916 1795 1168 1864 sepulcro
1198 1810 1371 1860 novo;
1398 1806 1453 1849 tu
1485 1812 1615 1851 vero
1650 1797 1969 1868 confregisti

401 1892 583 1955 portas
607 1891 660 1938 et
709 1893 894 1939 vectes
921 1885 1139 1949 inferni,
1166 1884 1398 1956 indeque
1419 1886 1702 1941 cxtraxisti
1729 1898 1973 1945 mortuos

399 1987 538 2042 quos
565 1980 725 2027 antea
750 1969 845 2042 per
879 1973 986 2026 vim
1022 1973 1382 2028 absorbuerat
1413 1990 1578 2029 mors.

475 2061 692 2117 Laetatze
725 2070 853 2117 sunt
892 2073 1135 2118 aromata
1174 2063 1410 2120 ferentes
1451 2080 1573 2119 cum
1602 2077 1749 2121 tuam
1784 2066 1970 2123 audie-

398 2162 527 2207 runt
570 2154 1067 2222 resurrectionem;
1108 2156 1250 2211 unde
1282 2157 1598 2211 clamabant
1661 2160 1924 2228 apostolis
1955 2176 1969 2214 :

399 2246 616 2299 Currite
639 2244 983 2311 festinantes,
1010 2246 1176 2302 nolite
1198 2248 1567 2314 constristari,
1589 2248 1684 2303 sed
1710 2250 1969 2320 gaudete;

400 2350 432 2387 a
465 2333 702 2388 mortuis
733 2332 877 2388 enim
909 2334 1149 2389 surrexit
1182 2334 1444 2392 Dominus
1473 2337 1741 2393 omnium.

475 2424 643 2495 Virgo
678 2442 802 2481 cum
841 2426 1075 2482 vidisses
1100 2425 1298 2483 Filium
1339 2428 1750 2501 incomparabili
1779 2431 1976 2488 decore

403 2525 715 2585 surgentem
772 2516 839 2572 de
879 2518 1131 2589 sepulcro
1190 2520 1334 2574 sicut
1395 2536 1633 2591 sponsus
1672 2523 1974 2593 procedens

402 2607 470 2661 de.
496 2608 751 2673 thalamo,
788 2608 1082 2678 repletaes
1117 2609 1446 2678 jubilatione
1482 2629 1495 2665 :
1541 2627 1765 2682 precare
1796 2623 1854 2669 ut
1876 2631 1976 2672 nos

405 2697 691 2753 laudantes
726 2706 777 2752 te
810 2708 966 2754 eruat
1000 2714 1029 2754 a
1061 2700 1412 2769 corruptione
1446 2704 1656 2773 peccati
1694 2712 1750 2760 ct
1792 2719 1820 2759 a
1861 2720 1978 2776 pm-

406 2804 511 2843 IIIS.

665 2882 789 2942 Ηαέ
828 2897 905 2943 est
941 2888 1051 2943 dies
1096 2905 1215 2958 qum
1268 2898 1483 2943 vocatur
1534 2896 1737 2943 sancta.

491 2977 673 3033 Gloria
698 2978 917 3036 Christo
949 2981 1040 3050 qui
1068 2979 1340 3035 interfecit
1364 2979 1648 3038 inimicum
1683 2986 1977 3057 sedemque

407 3068 770 3136 descendens,
805 3071 1002 3125 evertit
1049 3072 1197 3127 illius
1231 3074 1445 3141 imperii
1485 3082 1538 3128 et
1576 3076 1643 3130 ad
1687 3077 1849 3131 vitam
1895 3094 1979 3133 re-

408 3163 626 3216 vocavit
649 3162 909 3217 mortales
935 3178 1074 3230 quos
1101 3178 1196 3232 per
1225 3164 1331 3217 vim
1357 3166 1742 3235 absorbuerat,
1778 3170 1983 3241 quique

413 3268 557 3307 llllnc
588 3252 900 3307 eollaudant
948 3252 1098 3305 illum
1134 3268 1229 3321 per
1255 3267 1418 3309 onme
1451 3263 1734 3316 szeculnm.

499 3339 660 3403 Ecce,
710 3338 981 3393 clamabat
1020 3340 1323 3400 ferentibus
1369 3358 1616 3402 aromata
1668 3350 1983 3407 mulieribus

413 3433 643 3513 angelus
682 3430 980 3515 splendore
1016 3432 1292 3500 relucens,
1350 3436 1505 3494 locus
1538 3440 1590 3493 in
1633 3455 1741 3510 quo
1775 3444 1985 3512 positus

415 3523 591 3578 fuerat
636 3523 730 3592 qui
791 3528 1062 3591 potestate
1113 3539 1212 3578 sua
1271 3530 1468 3584 evertit
1528 3531 1736 3587 inferos
1770 3549 1786 3588 :
1817 3536 1986 3590 nolite

411 3632 542 3686 ergo
565 3628 808 3684 qumere
847 3611 1022 3678 hunc,
1053 3616 1146 3682 qui
1190 3619 1296 3672 vita
1327 3629 1431 3685 est,
1471 3623 1614 3677 inter
1644 3633 1912 3681 mortuos.

486 3704 649 3760 Inferi
701 3714 891 3761 contra
934 3714 1005 3769 te,
1060 3704 1341 3775 Verbum,
1400 3710 1736 3769 debellantcs
1784 3714 1983 3769 devicti

412 3805 536 3850 sunt
571 3804 752 3864 utpote
779 3794 1113 3851 imbelliores
1140 3812 1301 3866 quam
1339 3806 1398 3851 ut
1430 3800 1524 3854 tibi
1556 3804 1904 3873 resisterent;
1933 3814 1988 3861 et

414 3889 589 3954 brevi,
600 3890 824 3957 jubente
844 3899 919 3957 te,
938 3908 1102 3964 quam
1128 3902 1449 3945 voravcrant
1473 3893 1708 3963 pandam
1732 3912 1989 3953 evomuc-

417 3990 584 4046 runt;
619 3981 824 4038 idcirco
858 3984 1093 4044 liberati,
1140 3981 1478 4037 unanimiter
1533 3994 1680 4039 tuam
1733 3990 1987 4044 concele-

417 4070 573 4126 lrant
608 4073 930 4140 potentiam.

488 4159 710 4226 Videas,
736 4179 769 4218 o
798 4162 984 4234 Virgo,
1024 4163 1409 4221 resuscitatnm
1434 4182 1464 4221 a
1495 4169 1726 4224 mortuis
1748 4167 1984 4226 Verbum

412 4252 558 4321 quoii
605 4254 954 4311 ineﬂ‘abiliter
992 4258 1045 4310 in
1080 4273 1243 4313 cruce
1302 4275 1611 4330 pepereras,
1660 4266 1839 4317 anima
1892 4273 1983 4319 tua

2076 1792 2225 1859 πόθῳ
2256 1794 2315 1844 ὲν
2352 1795 2681 1872 καινοτάτῳ
2734 1793 3005 1864 μνημείῳ·
3065 1791 3240 1853 πύλας
3290 1790 3346 1842 δὲ
3375 1788 3470 1842 τοῦ
3510 1787 3647 1860 ᾅδου

2076 1882 2262 1951 σαφῶς
2294 1882 2384 1935 καὶ
2413 1883 2642 1953 μοχλοὺς
2680 1883 2977 1955 συντρίψας
3005 1882 3233 1953 ἤγειρας
3275 1878 3525 1950 νεκροὺς,
3550 1875 3650 1942 οὓς

2076 1974 2105 2025 ό
2132 1973 2357 2037 θάνατος
2395 1973 2620 2044 ἰσχύσας
2648 1974 2778 2045 πρὶν
2808 1973 3088 2027 κατέπιεν.

2161 2064 2487 2133 Ἤγάλλοντο
2519 2065 2576 2118 αἱ
2609 2065 2906 2136 μυροφόροι
2947 2063 3250 2117 ἀκούσασαι
3273 2063 3367 2118 τοῦ
3405 2064 3646 2135 Χριστοῦ

2075 2155 2175 2224 τὴν
2201 2154 2451 2225 ἔγερσιν,
2483 2154 2605 2208 ὅθεν
2648 2158 2756 2218 τοῖς
2798 2155 3120 2219 ἀποττόλοις
3161 2155 3351 2209 ὲΰόων·
3398 2154 3649 2226 Δράμετε

2077 2246 2416 2310 σπουδαίως,
2455 2246 2565 2301 ἰδοὺ
2591 2247 2684 2318 ,μὴ
2732 2248 3009 2311 λυπεῖσθε,
3051 2247 3188 2301 ἀλλὰ
3213 2247 3434 2319 χαίρετε
3464 2249 3648 2319 ὑμεῖς·

2077 2341 2347 2413 ἐξηγέρθη
2374 2344 2436 2397 ὲκ
2464 2342 2675 2413 νεκρῶν
2696 2344 2725 2396 ό
2757 2341 2974 2396 πάντων
3000 2338 3223 2410 Κύριος.

2140 2433 2504 2505 Φαιδρότατον
2514 2434 2634 2488 ὅλον
2656 2435 2713 2487 ὲν
2728 2432 2915 2488 κάλλει
2944 2430 3297 2503 ἀσύγκριτον,
3319 2431 3393 2494 ὡς
3414 2432 3655 2502 νυμφίον

2079 2522 2341 2594 βλέψασα,
2368 2523 2541 2595 Κόρη,
2567 2526 2631 2577 ἐκ
2661 2524 2759 2593 τῆς
2789 2523 2882 2577 τοῦ
2917 2523 3086 2593 τάφου
3114 2522 3385 2586 παστάδος
3406 2521 3652 2592 Χριστὸν

2076 2616 2402 2683 ἀναστάντα,
2433 2618 2608 2686 χαρᾶς
2641 2614 2986 2687 ὲπληρὼθηςο
3017 2615 3075 2669 ὃν
3098 2614 3307 2669 ἱκέτευε
3327 2613 3533 2685 φθορᾶς
3558 2613 3658 2668 καῖ

2081 2706 2356 2771 κολάσεως
2383 2706 2648 2778 ρυσθῆναι
2675 2707 2801 2771 τοὺς
2835 2705 3136 2777 ὕμνοῦντάς
3164 2720 3245 2759 σε.

2358 2885 2519 2954 Αὕτη
2547 2885 2585 2952 δή
2619 2883 2812 2952 κλητὴ
2843 2884 2939 2937 καὶ
2980 2883 3117 2953 ἁγία
3157 2881 3366 2954 ἡμέρα.

2152 2976 2286 3041 Δόξα
2314 2976 2393 3047 τῷ
2420 2975 2640 3049 Χριστῷ
2672 2976 2763 3030 τὸν
2785 2975 3011 3045 Ἑχθρδν
3041 2973 3347 3035 καθελόντι,
3393 2974 3489 3027 καὶ
3521 2991 3662 3029 σκυ-

2081 3071 2332 3124 λεύσαντι
2351 3069 2484 3140 ᾅδην
2506 3071 2573 3138 τῇ
2592 3067 2723 3139 πρὸς
2744 3066 2905 3120 αὐτὸν
2927 3064 3245 3131 καταϐάσεις
3263 3064 3354 3116 καὶ
3375 3064 3661 3128 ζωώσαντι

2079 3161 2205 3223 τοὺς
2268 3160 2490 3230 βροτοὺς
2525 3157 2732 3229 οὕσπερ
2781 3155 3005 3225 ἰσχύσας
3061 3155 3317 3208 κατέπιεν
3359 3154 3659 3225 άνυμνολο-

2080 3251 2312 3321 γοῦντας
2337 3252 2497 3327 αὐτὸν
2524 3252 2601 3315 εἰς
2623 3252 2747 3315 τοὺς
2776 3251 2996 3313 αἰῶνας.

2154 3342 2280 3406 Ἴδε,
2303 3340 2519 3409 γυναιξὶ
2538 3340 3045 3413 μυροιρόροιςὲεόαὸ
3066 3341 3254 3409 φανεὶς
3268 3339 3665 3412 ἐξαστράπτων

2084 3435 2265 3497 τόπος,
2294 3437 2352 3488 ἐν
2379 3429 2424 3502 ᾦ
2471 3434 2739 3505 κατετέθη
2766 3436 2794 3488 ό
2831 3433 2922 3489 τὸν
2963 3435 3214 3502 θάνατον,
3250 3438 3345 3491 καὶ
3401 3437 3493 3490 τὸν
3521 3436 3664 3508 ᾅδην

2086 3526 2330 3580 καθελὼν
2359 3530 2425 3597 τῇ
2461 3527 2688 3596 δυνάμει
2717 3526 2901 3580 αὐτοῦ·
2949 3528 3022 3598 μὴ
3076 3525 3169 3583 οὖν
3214 3531 3271 3582 ὲν
3305 3529 3520 3598 νεκροῖς
3556 3529 3667 3599 τὴν

2086 3615 2233 3685 ζωὴν
2264 3616 2594 3685 ἐπιζητεῖτε.

2157 3709 2325 3779 ’ᾼδης
2342 3711 2677 3779 συναντήσας
2702 3727 2782 3763 σοι
2808 3710 3071 3776 κάτωθεν,
3086 3710 3246 3778 Λόγε,
3264 3709 3568 3782 ἐπικράνθη
3587 3710 3664 3780 μὴ

2050 3874 2053 3875 ν
2089 3800 2293 3853 σθένων
2336 3817 2419 3859 σοι
2459 3800 2857 3871 προσεγγίσαι,’
2888 3801 2979 3854 καὶ
3034 3802 3197 3871 τάχος
3249 3799 3343 3865 οὓς
3396 3801 3664 3855 κατέπιεν

2088 3891 2338 3946 ἀπεδίδου
2370 3893 2595 3963 νεκροὺς
2626 3895 2693 3963 τῇ
2725 3893 2972 3946 κελεύσει
3005 3911 3119 3961 σου,
3161 3891 3664 3966 ἁνυμνολογοῦντας

2086 3981 2147 4034 τὸ
2170 3981 2260 4035 σὺν
2294 3982 2598 4053 συμφώνως
2632 3983 2850 4052 κράτος.

2160 4161 2295 4225 Ἰδες
2348 4164 2412 4215 ἐκ
2473 4162 2682 4232 νεκρῶν
2717 4163 3044 4227 ἀναστάντα,
3082 4160 3347 4233 Παρθένε,
3402 4161 3460 4214 ὃν
3498 4161 3666 4231 σαρκὶ

2090 4252 2419 4324 ἀπορῤἠτως
2479 4255 2854 4325 ἐκυοφόρησας
2893 4254 3064 4321 Λόγον
3096 4294 3112 4318 ,
3177 4252 3272 4306 καὶ
3340 4252 3512 4321 χαρᾶς
3566 4254 3667 4323 τὴν

414 4343 518 4396 fuit
589 4344 789 4412 gaudio
851 4346 1075 4414 repleta,
1147 4347 1504 4421 celebrasque
1571 4355 1831 4408 sarculum
1891 4371 1976 4425 per

2095 4341 2265 4412 ψυχὴν
2293 4342 2641 4414 ἐπληρώθης,
2674 4345 2772 4413 τὴν
2802 4343 2963 4397 αὑτοῦ
3001 4342 3409 4411 συγκατάϐασιν
3429 4343 3664 4411 ἀνυμνο-

410 4446 572 4485 omne
602 4431 747 4487 illius
781 4433 1231 4489 misericordiam.

832 4525 1146 4583 [luminare
1167 4566 1183 4592 ,
1225 4530 1555 4587 illuminare.

480 4614 583 4680 Qui
630 4615 894 4673 Dominus
945 4637 1005 4678 es
1057 4624 1315 4678 horarum
1369 4627 1716 4697 dierumque,
1766 4637 1821 4683 tu
1874 4629 1981 4685 lle-

413 4706 666 4776 demptor
705 4708 759 4762 in
796 4708 886 4766 die
927 4724 980 4767 et
1013 4715 1147 4770 hora
1196 4729 1350 4774 sexta
1398 4722 1666 4776 conviciis
1713 4730 1981 4784 onustus.

415 4796 728 4855 misericors
755 4815 974 4855 crucem
1004 4809 1188 4866 subire
1224 4811 1443 4866 voluisti
1478 4822 1531 4866 ut
1581 4812 1845 4867 liberares
1885 4826 1986 4866 nos

414 4908 626 4963 omnes,
650 4895 911 4969 Patrique
940 4902 1101 4961 dares
1141 4903 1599 4961 satisfactionem.

485 4985 874 5051 Gemebundus
911 4996 1120 5052 resistit
1153 4998 1252 5051 tibi
1301 4995 1575 5060 infernus,
1624 5010 1655 5050 ο
1707 4994 1981 5058 Salvator,

348 5139 363 5147 ,
415 5082 511 5139 sed
541 5085 691 5141 brevi
736 5103 876 5157 quos
921 5087 1136 5142 tenebat
1169 5090 1415 5156 captivos
1446 5086 1667 5151 emittit,
1722 5092 1900 5149 tuam,
1952 5101 1985 5140 ο

417 5171 677 5242 Verbum,
708 5178 1319 5249 incomprehensibilem
1351 5177 1651 5247 potentiam
1677 5185 1731 5233 et
1770 5176 1987 5232 bonita-

412 5270 523 5319 tem
567 5267 925 5322 celebrantes.

487 5354 840 5413 chtinantes
875 5357 933 5416 ln
982 5358 1156 5427 primo
1207 5372 1365 5412 mane
1413 5366 1681 5413 venerunt
1733 5358 1991 5413 mulieras

417 5447 484 5501 ad
525 5451 837 5520 ungendum
886 5465 1088 5521 corpus
1121 5460 1274 5505 tuum
1316 5461 1618 5511 sacratum.
1649 5465 1701 5505 et
1763 5451 1990 5520 angi-lus

422 5539 555 5591 dixit
589 5543 668 5594 eis
701 5541 960 5612 :Magnns
992 5545 1111 5597 vita:
1143 5543 1395 5615 Magister
1425 5543 1746 5607 resurrexit,
1778 5544 1991 5612 repleta:

420 5640 598 5686 estote
640 5632 827 5686 lmtitia
864 5632 1094 5686 cmleti.

2085 4432 2324 4501 λογοῦσα
2360 4435 2439 4496 εἰς
2469 4434 2677 4497 πάντας
2710 4436 2834 4498 τοὺς
2858 4434 3083 4496 αἰῶνας.

2598 4522 2875 4593 Φωτίζοίυ,
2896 4523 3168 4594 φωτίζον.

2145 4612 2314 4684 Ὡρῶν
2335 4614 2555 4684 ἡμερῶν
2571 4631 2626 4667 τε
2646 4614 2983 4685 Δημιουργὸς
2997 4613 3092 4678 ὢν,
3111 4611 3395 4681 Λυτρωτὰ,
3415 4615 3472 4666 ἐν
3487 4613 3672 4682 ἡμέρᾳ

2086 4705 2178 4759 καὶ
2198 4705 2316 4776 ὥρᾳ
2341 4704 2474 4776 ἕκτῃ
2496 4705 2854 4759 ἐπονείδιστον
2878 4705 3046 4759 θέλων
3074 4703 3335 4772 ὑπέστης,
3358 4703 3675 4773 οἰκτίρμων,

2089 4794 2346 4864 σταυρὸν,
2374 4795 2463 4846 ἵνα
2495 4796 2642 4864 ἡμᾶς
2670 4795 2879 4858 πάντας
2908 4790 3279 4863 ἐκλυτρώσῃς,
3333 4793 3430 4845 καὶ
3454 4793 3668 4846 καταλο

2087 4883 2273 4955 λάξῃς,
2306 4884 2531 4953 Χριστὲ,
2560 4884 2637 4955 τῷ
2659 4885 2851 4955 Πατρί.

2159 4974 2436 5039 Στενάζων
2461 4977 2488 5027 ό
2511 4975 2643 5046 ᾅδης
2675 4976 2995 5049 καθυπαντᾷ
3024 4995 3127 5043 σοι,
3149 4978 3431 5048 Δυτρωτὰ,
3457 4976 3549 5030 καὶ
3575 4977 3682 5029 σὺν

2088 5064 2244 5133 τάχει
2268 5063 2552 5134 δεσμώτας
2582 5065 2676 5125 οὓς
2705 5061 2851 5136 εἶχεν
2881 5069 3221 5134 ἀπέστειλεν,
3266 5070 3440 5132 θείαις
3463 5072 3682 5137 φωναῖς

2090 5154 2459 5224 ἀνυμνοῦντάς
2484 5174 2574 5209 σου
2592 5157 2689 5226 τὴν
2712 5158 2849 5229 ὑπὲρ
2871 5160 3015 5228 νοῦν,
3046 5161 3209 5230 Λόγε,
3229 5161 3547 5215 δυναστείαν
3580 5162 3675 5213 καὶ

2093 5249 2333 5320 φοϐεράν
2374 5251 2692 5317 συγκατάὸα
2701 5269 2802 5306 σιν.
3524 5258 3537 5265 “

2159 5339 2365 5396 Ἶιλθον
2400 5343 2539 5412 μετὰ
2569 5344 2759 5413 μύρων
2786 5343 2985 5416 ὄρθρου
3023 5346 3215 5416 βαθέος
3248 5348 3306 5401 ἐν
3336 5348 3539 5418 σπουδῇ
3570 5349 3673 5400 ταῦ

2097 5439 2322 5511 μυρίσαι
2352 5454 2444 5490 σου
2472 5435 2630 5504 σῶμα
2662 5438 2916 5500 γυναῖκες
2944 5436 3005 5490 τὸ
3048 5439 3320 5510 ἄχραντον
3342 5480 3359 5502 ,
3404 5439 3497 5492 καὶ
3531 5441 3675 5511 πρὶς

2096 5529 2264 5591 αὑτὰς
2296 5527 2398 5596 ἔφη
2440 5525 2687 5593 άγγελος’
2722 5523 2780 5576 Ὀ
2821 5525 3085 5600 ’Δρχηγὸς
3113 5529 3210 5599 τῆς
3246 5529 3392 5601 ζωῆς
3436 5529 3678 5600 ἠγέρθη,

2099 5624 2269 5693 χαρᾶς
2305 5618 2485 5673 ἐνθέου
2512 5622 2856 5693 π>.ηριῖ)’)ητε.
