3988 6202
368 311 504 376 3θῖ7

1724 316 2159 379 'TRIODIUM.
2206 311 2213 314 ⁴

3482 332 3621 397 τηις

436 415 554 478 Φῶς
588 414 650 468 τὸ
680 413 996 484 ἐπιλάμψαν
1047 416 1158 478 τοῖς
1208 416 1536 486 καθημένοις
1574 420 1632 473 ὲν
1682 423 1808 490 σκιᾷ
1859 439 1925 473 το·

2121 427 2257 480 (ium
2303 427 2511 494 vidisti,
2561 427 2747 500 Virgo,
2802 427 3005 495 lumen,
3043 433 3294 491 sedentes
3324 434 3380 491 in
3432 444 3616 497 ttlttbt‘n

368 507 627 569 θανάτου,
661 504 931 576 Παρθένε,
966 505 1029 556 ἐκ
1060 504 1267 574 νεκρῶν
1294 506 1370 570 ὡς
1411 508 1642 578 ἐδλεψας
1673 511 1946 575 agam-ca.

364 599 462 652 λαν
485 599 561 661 ὡς
590 598 743 669 ἧλιον
777 596 875 650 σὺν
900 593 1119 662 γυναιξὶ
1168 595 1370 661 πάσαις
1404 600 1732 670 μυροφόροις
1773 602 1945 666 ὲδςξο.

365 691 545 759 λόγεις
570 687 892 761 χορεύουσα.

604 770 607 771 ⁷
648 773 718 827 Τὸ
759 773 1010 842 φαεινὸν
1046 772 1192 843 ἡμῖν
1225 774 1630 839 ἐξανάτειλον.

435 865 614 935 Δῆμος
655 863 922 933 Ἐὕραίων
942 880 1002 916 σε
1028 865 1122 918 τὸν
1147 866 1518 936 μακρόθυμον,
1550 869 1713 938 Λόγε,
1745 871 1944 924 ὲσταύ·

366 972 528 1025 ρωσε,
560 955 730 1025 δῆμον
759 954 986 1025 ἄπειρον
1026 955 1122 1007 καὶ
1164 954 1292 1024 ἔθνη
1327 957 1542 1011 ἅπαντα
1573 963 1640 1030 τῇ
1683 964 1749 1031 σῇ
1783 978 1944 1015 σταυ-

369 1047 527 1109 ρώσει
564 1045 802 1111 τὸζοντα
826 1086 841 1112 ,
879 1046 1226 1118 φιλάνθρωπε
1252 1049 1473 1119 Χριστὲ,
1504 1053 1532 1104 ὁ
1560 1050 1690 1116 Θεὸς
1725 1052 1900 1124 ἡμῶν.

435 1224 508 1276 Οὐ
567 1222 985 1293 παρεσάλευσας
1035 1222 1183 1278 λίθου
1236 1224 1524 1295 σήμαντρα
1552 1228 1617 1297 τῇ
1648 1227 1940 1282 ἀναστάσει

365 1333 480 1380 σου,
511 1315 586 1378 ὡς
614 1316 711 1366 οὐκ
749 1312 964 1384 ἤνοιξας
993 1315 1051 1366 ὲν
1095 1318 1160 1386 τῇ
1198 1318 1446 1385 γεννήσει
1477 1334 1571 1370 σου
1599 1319 1697 1389 τῆς
1733 1319 1938 1391 παρθε-

364 1407 482 1470 νίας
509 1403 732 1475 κλεῖθρα
765 1406 862 1474 τῆς
894 1403 1161 1478 τεκούσης
1187 1423 1268 1473 σε,
1297 1408 1520 1477 Χριστὲ,
1548 1409 1576 1461 ὁ
1604 1408 1734 1472 Θεὸς
1756 1410 1935 1480 ήμῶν.

429 1585 574 1653 Ξένῳ
603 1582 680 1654 τῷ
711 1584 949 1654 σχήματι
978 1583 1305 1652 θεασάμεναι
1353 1583 1513 1647 θείως
1559 1582 1938 1655 ἀστράπτοντα

363 1673 452 1726 τὸν
468 1674 761 1743 ἀσώματον
781 1675 1035 1741 γυναῖκες
1052 1672 1319 1743 ἔκθαμϐοι
1335 1674 1699 1743 γεγενημέναι
1715 1675 1933 1746 ἢκουον⁹

362 1762 453 1832 Μὴ
479 1761 718 1830 κλαίετε,
753 1762 951 1833 ἀνέστη
975 1764 1004 1816 ὁ
1036 1763 1261 1834 Κύριος.

431 1942 622 2008 Ἂγιον
634 1942 835 2012 Κύριον
848 1942 956 1996 τῶν
979 1942 1282 2013 δυνάμεων,
1305 1944 1822 2017 ἄχραντε,τέτοκας,
1847 1950 1937 2003 τὸν

354 2031 667 2087 κενώσαντα
721 2032 850 2104 ᾅδου
902 2034 1147 2105 βασίλεια
1178 2034 1567 2109 Θεογεννῆτορ,
1601 2040 1695 2092 καὶ
1739 2057 1934 2096 συναν-

326 2124 672 2196 ·αστήσαντα
705 2124 993 2195 ἀνθρώπου
1026 2125 1088 2178 τὸ
1120 2125 1369 2197 φύραμα.

597 2214 706 2271 nr
745 2216 884 2283 τοὺς
923 2219 1301 2287 ὑμνολόγους
1336 2218 1407 2272 ἐν
1442 2221 1689 2289 καμίνῳ.

428 2310 531 2362 Τὸν
556 2308 872 2371 ἐθελουσίως
895 2309 1276 2381 σταυρωθέντα
1306 2310 1399 2362 καὶ
1422 2311 1643 2365 τεθέντα
1674 2314 1730 2365 ἐν
1752 2312 1929 2381 τάφῳ,

355 2403 452 2456 καὶ
501 2401 926 2471 καταργήσαντα
971 2400 1063 2454 τοῦ
1113 2400 1345 2455 θανάτου
1375 2404 1438 2456 τὸ
1465 2403 1666 2472 κράτος
1697 2404 1931 2480 Χριστόν

354 2496 447 2547 τὸν
475 2494 628 2547 Θεόν.

428 2582 636 2652 Ὠφθης
680 2578 923 2649 γυναιξὶν
965 2582 1334 2654 ἐγηγερμένος
1380 2584 1443 2637 ἐκ
1489 2583 1581 2637 τοῦ
1628 2585 1927 2656 μνήματος,

356 2674 562 2742 Σῶτερ,
596 2672 1040 2743 εὑαγγελιστρίας
1063 2675 1389 2737 ἀποστείλας
1414 2675 1584 2737 αὐτὰς
1611 2676 1931 2740 ἀποστόλοις

360 2780 480 2816 σου’
526 2762 608 2816 διό
641 2779 701 2815 σε
736 2763 1212 2834 ἁνυμνολογοῦμεν
1260 2765 1341 2828 είς
1387 2765 1597 2829 πάντας
1637 2767 1762 2830 τοὺς
1795 2767 1927 2819 αἰῶ-

356 2874 471 2919 νας.

424 2948 687 3009 Θάνατον,
716 2949 936 3019 Χριστὲ,
982 2949 1059 3018 τῷ
1101 2948 1178 3021 σῷ
1225 2949 1440 3020 θανάτῳ
1485 2948 1801 3015 θανατώσας
1828 2954 1922 3005 άν-
1968 3019 1974 3024 .

352 3038 534 3108 έστης,
569 3040 663 3092 καὶ
692 3040 960 3095 ἀθανάτου
1005 3057 1101 3095 σου
1136 3043 1263 3104 τοὺς
1309 3041 1566 3105 θανόντας
1613 3041 1757 3114 ζωῆς
1787 3061 1923 3098 κατ-

300 3182 303 3184 ,
353 3129 627 3200 ηξίωσαςο
675 3132 753 3186 διό
801 3149 860 3185 σε
901 3132 1375 3204 ἀνυμνολογοῠμεν
1420 3135 1499 3197 είς
1541 3134 1751 3199 πάντας
1798 3139 1924 3201 τοὺς

357 3221 572 3285 αἰῶνας.

425 3313 597 3383 "Egon;
634 3313 897 3384 μαθηταῖς
925 3315 1318 3387 ἐγηγερμένος·
1360 3318 1453 3381 Είς
1495 3317 1589 3372 τὸν
1634 3318 1921 3389 σύμπαντα

348 3405 554 3473 κόσμον
582 3405 817 3475 κηρῦξαι
845 3406 1116 3460 σπεύσατε
1155 3407 1257 3478 τὴν
1291 3412 1430 3482 ἐμὴν
1456 3412 1795 3480 δυναστείαν,
1830 3413 1919 3479 ἐξι-

347 3494 621 3564 αίροντες⁰
641 3495 702 3548 τὸ
752 3496 942 3559 σκότος
983 3496 1084 3565 τῆς
1132 3497 1418 3565 πολυθεϊας
1445 3505 1585 3571 φωτὶ
1637 3504 1738 3573 τῆς
1789 3504 1921 3575 ἀλη-

346 3585 516 3649 θείας.

431 3683 515 3741 Ὠς
542 3677 653 3731 τῶν
676 3678 921 3750 οὐρανῶν
952 3678 1256 3753 ὑψηλοτέρα
1275 3722 1289 3747 ,
1317 3685 1409 3738 καὶ
1438 3685 1719 3756 Χερουϐὶμ
1750 3686 1920 3757 ὑπερ-

300 3789 305 3793 -
344 3767 475 3837 τέρα
501 3770 801 3841 τιμιωτέρα
833 3787 892 3823 τε
914 3811 928 3835 ,
965 3773 1209 3840 παναγία
1242 3774 1509 3843 Παρθένε,
1536 3776 1636 3845 τῆς
1666 3777 1914 3843 κτίσεως»

344 3858 582 3916 δνσώπει
614 3861 753 3932 ὑπὲρ
782 3862 889 3915 τῶν
915 3865 972 3917 ὲν
1007 3863 1190 3917 πίστει
1215 3864 1301 3917 ἀεί
1328 3881 1386 3918 σε
1417 3866 1770 3933 δοξαζόντων.
1874 3940 1880 3945 _

573 4032 690 4100 Τὴν
725 4031 1016 4103 ζωοδόχον
1052 4035 1259 4106 πηγὴν
1297 4037 1409 4105 τὴν
1447 4038 1688 4097 ἀέναον.

412 4120 789 4188 Ἀγαλλιάσθω
818 4124 849 4193 ἠ
880 4125 952 4194 γῆ
986 4127 1135 4180 πᾶσα
1166 4129 1429 4199 σήμερον,
1456 4132 1550 4186 καὶ
1576 4133 1915 4208 εὐφροσύνην

342 4217 563 4283 νεφέλαι
598 4216 917 4284 ρανάτωσαν
937 4235 950 4248 ·
981 4221 1009 4272 ὁ
1039 4223 1137 4291 τῆς
1159 4221 1317 4291 δόξης
1349 4226 1552 4298 Κύριος
1583 4230 1915 4300 σταυρωθεὶς

342 4307 663 4376 ἐγήγερται,
699 4307 902 4378 φθορᾶς
946 4309 1174 4366 θανάτου
1220 4315 1367 4383 ἡμᾶς
1396 4318 1786 4392 ἐλευθερώσας,
1819 4322 1912 4375 καὶ

259 4436 267 4444 .
341 4398 617 4471 ἀφθαρσίᾳ
644 4398 963 4470 λαμπρύνας
991 4401 1064 4467 ὠς
1097 4403 1488 4482 εὔσπλαγχνος.

407 4489 571 4560 Μύρα
619 4490 751 4544 ποτὲ
800 4494 1152 4561 κομιζούσαις
1188 4500 1286 4555 σὺν
1326 4502 1556 4574 δάκρυσι
1585 4505 1703 4568 ταῖς
1741 4506 1922 4576 ἱεραῖς

339 4580 583 4648 γυναιξὶν
627 4582 1008 4652 άπεφθέγγετο
1059 4589 1087 4641 ὁ
1139 4590 1470 4663 ἀστράπτων
1515 4594 1744 4664 ἄγγελος
1796 4613 1912 4665 φαι-

338 4671 497 4741 δρῶς·
523 4671 612 4725 Ἐν
639 4672 717 4743 τῷ
753 4673 997 4747 μνήματι
1031 4679 1169 4749 μετὰ
1200 4683 1408 4753 νεκρῶν
1439 4686 1536 4754 τήν
1566 4686 1711 4756 ζωὴν
1736 4686 1789 4739 τί
1816 4686 1911 4740 ὲκ-

340 4760 585 4832 ζητεῖτε;
631 4765 762 4819 Ἰδοὺ
796 4768 1001 4840 ἀνέστη
1035 4773 1278 4840 φωτίσας
1300 4776 1368 4829 τὰ
1399 4778 1707 4846 σύμπαντα.

424 4854 488 4906 Ἦ
527 4857 820 4928 φωταυγὴς
857 4860 952 4912 τοῦ
984 4860 1119 4915 Θεοῦ
1151 4864 1307 4934 ἡμῶν
1335 4864 1551 4937 ἔγερσις
1583 4868 1723 4940 ὑπὲρ
1757 4869 1908 4940 ἡλίου
1984 4866 1993 4875 ’

340 4940 513 5010 αὐγὰς
540 4945 993 5025 καταλάμπουσα,
1030 4952 1155 5014 τοὺς
1181 4953 1404 5017 πιστοὺς
1433 4955 1492 5009 ἐν
1521 4956 1799 5028 Πνεύματι
1830 4962 1907 5025 είς

340 5033 540 5098 αἰῶνας
566 5035 813 5102 ἅπαντας
846 5045 1202 5110 φωταγωγεί,
1233 5043 1420 5112 ὁδηγεῖ
1447 5045 1582 5116 πρὸς
1609 5050 1904 5119 σωτηρίαν,

335 5123 402 5194 ἢν
429 5126 655 5200 καθαρῷ
683 5125 929 5201 λογισμῷ
959 5131 1326 5203 ἑορτάσωμεν.

400 5217 860 5289 Νενεκρωμένους
884 5223 1031 5293 ἡμᾶς
1063 5225 1499 5295 παραπτώμασιν
1541 5229 1574 5298 ἡ
1621 5228 1716 5300 τὴν
1760 5228 1905 5301 ζωὴν

328 5304 426 5376 τὴν
454 5306 673 5361 αἰώνιον
697 5309 927 5375 .τέξασα,
954 5312 1204 5375 Θεοτόκε,
1232 5313 1467 5382 ζώωσον,
1496 5318 1589 5371 καλ⁸
1616 5324 1789 5374 ποιεῖν
1818 5324 1906 5374 εὑ-

323 5395 525 5451 όδωσον
572 5398 642 5451 τά
688 5401 826 5469 πρὸς
869 5400 1016 5474 ζωὴν
1043 5403 1259 5474 ἀληθῶς
1301 5407 1727 5479 καθοδηγοῧντα,
1758 5413 1904 5476 ὅπως

331 5488 536 5552 πιστῶς
571 5491 749 5566 σεε*άεὶ
782 5494 1196 5566 μεγαλύνωμεν.

630 5560 646 5595 ⁷
684 5560 796 5634 Τὸνλ
936 5560 1163 5654 scapi-mp
1198 5591 1304 5645 τοῦ
1342 5594 1550 5660 πυρός.

368 5663 502 5720 ντον
552 5669 833 5738 ὑφανθέντα
884 5676 940 5727 ἐν
996 5678 1211 5749 σταυρῷ
1241 5683 1333 5734 καὶ
1364 5685 1601 5751 ταφέντα
1640 5686 1698 5738 ὲν
1741 5687 1902 5757 σαρκὶ

2050 516 2241 570 mortis
2300 517 2646 583 illuminans,
2685 533 2916 588 surgens
2963 536 3031 578 ex
3094 526 3323 583 mortuis
3380 540 3438 583 ut
3498 534 3618 597 sol,

2047 604 2286 660 miscens
2314 612 2366 661 te
2401 608 2723 664 mulieribus
2765 627 2886 680 qua:
2923 612 3170 667 ferebant
3200 627 3464 687 aromata,
3496 637 3619 677 cum

2046 695 2152 751 illis
2187 696 2642 768 conglorilicabas
2676 701 2988 758 Dominum.

2480 785 2678 843 Lumen
2705 792 2981 859 producito
3016 796 3184 851 nobis.

2115 872 2358 943 Populus
2394 875 2699 935 llebraicus
2746 882 2914 939 allixit
2948 893 3003 941 te
3036 888 3185 941 cruci
3217 887 3602 958 longanimiter

2043 968 2356 1038 patientem,
2381 977 2436 1025 et
2477 979 2571 1026 tuo
2604 971 2705 1027 hoc
2736 976 3008 1045 supplicio
3043 980 3304 1034 mundum
3338 981 3612 1037 inlinitqu

2044 1072 2343 1127 omnesque
2402 1070 2594 1132 gentes
2664 1063 3006 1136 salvantem,
3067 1069 3226 1125 valde
3299 1071 3615 1130 misericors

2043 1148 2189 1204 Deus
2219 1158 2427 1207 noster.

2112 1237 2232 1293 Non
2300 1241 2620 1312 confregisti
2686 1243 2928 1316 sigillum
2982 1247 3181 1319 lapidis
3253 1250 3307 1304 in
3362 1264 3613 1308 resurrc«

2040 1331 2219 1388 ctione
2238 1332 2509 1395 tua,sicut
2542 1333 2595 1387 in
2618 1339 2892 1393 nascendo
2917 1341 3111 1394 matris
3141 1340 3501 1410 parturientis
3533 1353 3611 1408 te.

2040 1421 2183 1477 Deus
2214 1437 2422 1491 noster,
2454 1424 2668 1479 vulvam
2714 1443 2824 1485 non
2879 1430 3201 1502 apérueras,
3250 1431 3448 1487 intacta
3491 1437 3612 1506 ejus

2037 1511 2371 1581 virginitate.
3149 1568 3152 1572 Α

2109 1601 2363 1658 Mulieres
2397 1619 2518 1659 cum
2546 1606 2815 1661 vidissent
2858 1614 3109 1680 angelum
3159 1620 3358 1681 praeter
3402 1630 3609 1670 morem

2041 1691 2299 1746 vestitum
2349 1694 2582 1764 luceque
2629 1696 2988 1767 refulgentem
3038 1701 3272 1763 caelesti,
3310 1703 3610 1773 obstupue-

1963 1756 2010 1816 Β
2039 1793 2167 1837 runt
2224 1783 2339 1839 hare
2386 1785 2672 1842 audientes
2714 1789 2877 1842 verba
2916 1806 2929 1842 :
2963 1787 3143 1846 Nolite
3181 1789 3332 1859 flere,
3364 1808 3613 1849 resurre-

2040 1875 2120 1927 xit
2152 1873 2439 1931 Dominus.

2106 1964 2398 2035 Peperisti,
2437 1956 2805 2039 immaculata,
2836 1970 2929 2027 Dei
2970 1973 3167 2043 parens
3212 1983 3460 2032 sanctum
3503 1978 3608 2033 Do-

2035 2055 2245 2111 minum
2300 2057 2762 2130 Dominatiouum,
2810 2063 3112 2119 inferorum
3172 2082 3482 2124 eversorem
3538 2077 3594 2125 et

2035 2162 2222 2203 sccmn
2257 2165 2448 2205 omnes
2473 2152 2722 2209 homines
2753 2167 3045 2225 assurgere
3076 2154 3387 2213 facientem.

2345 2239 2618 2310 Hymnum
2660 2243 2712 2296 in
2750 2242 2968 2309 fornace
2993 2255 3290 2301 cantantes.

2106 2326 2425 2385 Voluntaria
2463 2332 2782 2387 crucifixum
2841 2342 2895 2389 et
2948 2335 3183 2403 positum
3242 2336 3296 2389 in
3356 2337 3608 2406 sepulcro

2032 2419 2313 2475 Christum
2374 2423 2588 2489 Deum,
2653 2424 2868 2481 irritam
2932 2424 3220 2481 facientem
3283 2434 3605 2496 potestatem

2033 2510 2229 2565 mortis
2247 2511 2612 2572 celebremus.

2109 2598 2273 2656 Visus
2325 2616 2403 2668 es,
2460 2603 2732 2670 Salvator,
2790 2605 3115 2662 mulieribus
3168 2620 3199 2660 a
3248 2616 3600 2663 monumento

2031 2688 2340 2760 evigilatus,
2371 2709 2509 2763 quas
2538 2697 2711 2753 mittis
2740 2697 2807 2751 ad
2845 2697 3124 2767 aposwlos
3172 2701 3275 2758 hoc
3314 2706 3599 2759 nuntiatu-

2031 2789 2122 2830 ras
2151 2791 2487 2851 quapropter
2517 2783 2804 2840 laudamus
2847 2792 2900 2840 te
2933 2801 3029 2856 per
3057 2804 3219 2845 omne
3250 2796 3479 2848 factum.

2100 2937 2337 3014 Christe,
2364 2959 2537 3006 morte
2563 2960 2655 3007 tua
2691 2964 2919 3010 mortem
2951 2972 3246 3027 resurgens
3280 2959 3599 3014 destruxiin

2026 3046 2082 3093 et
2133 3038 2329 3110 dignos
2381 3041 2612 3098 effecisti
2666 3054 2912 3103 mortuos
2949 3049 3042 3117 qui
3105 3049 3270 3104 vitam
3328 3050 3595 3106 haberent

2027 3136 2331 3197 aeternam;
2366 3133 2721 3199 quamobrem
2771 3136 3145 3194 benedicimus
3192 3140 3288 3195 tibi
3340 3142 3599 3196 sacculum

2025 3234 2125 3289 per
2149 3234 2332 3276 etnne.
3318 3252 3321 3255 ·

2097 3311 2480 3370 Exsuscitatus
2531 3315 2716 3373 dixisti
2764 3318 3092 3390 discipulis:
3140 3325 3488 3387 Festinantes
3527 3333 3598 3389 ite

2024 3418 2120 3473 per
2142 3410 2315 3459 totum
2375 3408 2641 3460 mundum
2706 3410 3025 3468 nuntiantes
3072 3430 3246 3471 meam
3298 3423 3595 3488 potentiam

2023 3492 2275 3564 fugantes
2309 3497 2633 3565 gentilitatis
2666 3500 2921 3556 tenebras
2971 3512 3030 3557 ut
3070 3504 3226 3560 locus
3283 3507 3444 3563 detur
3483 3512 3595 3568 luci
3628 3540 3633 3544 -

2021 3587 2288 3642 veritatis.

2029 3744 2037 3751 .
2094 3675 2231 3731 Cum
2272 3691 2438 3746 super
2478 3678 2650 3734 caelos
2682 3679 2759 3734 sis
2782 3683 3019 3739 cxaltata
3052 3693 3107 3739 et
3134 3687 3424 3753 praemiues
3451 3691 3593 3747 Che-

2019 3771 2219 3834 ruhim,
2258 3772 2380 3841 plus
2407 3771 2730 3828 honoranda
2760 3778 2973 3834 caeteris
3002 3779 3260 3835 omnibus
3299 3785 3609 3858 creaturis.

2018 3862 2181 3934 Virgo
2205 3849 2430 3919 omnino
2460 3875 2676 3934 sancta,
2712 3868 2881 3925 funde
2915 3886 3107 3941 preces
3137 3886 3234 3940 pro
3277 3874 3592 3944 glorificane

2017 3956 2163 4012 tibus
2190 3964 2242 4012 te
2270 3956 2627 4016 confidenter.

2196 4046 2418 4104 Famem
2449 4051 2572 4106 vitae
2604 4052 2657 4104 in
2708 4060 2962 4107 aeternum
3011 4061 3405 4116 scaturientem.

2090 4137 2294 4195 Lmtare
2323 4140 2509 4203 hodie,
2538 4140 2720 4198 omnis
2771 4149 2936 4210 terra,
2971 4147 3264 4221 plnantque
3302 4154 3475 4209 nubes
3500 4156 3590 4227 ju-

2014 4228 2296 4287 hilationis
2338 4245 2515 4284 rorem
2550 4248 2563 4285 :
2613 4230 2755 4288 Deus
2786 4234 2975 4303 gloriae
3005 4242 3301 4299 cruciﬁxus
3331 4260 3581 4303 resurre-

2014 4318 2089 4372 xit
2122 4320 2360 4376 liberans
2390 4334 2491 4375 nos
2513 4333 2542 4372 a
2573 4325 2926 4393 corruptione
2959 4330 3177 4394 mortis,
3203 4333 3585 4408 decoranSque

1946 4438 1987 4492 ι)
2019 4418 2207 4480 utpote
2237 4413 2392 4467 valde
2428 4411 2744 4469 misericors
2771 4415 3199 4477 immortalitate.

2083 4501 2324 4573 Angelus
2354 4504 2645 4575 splendore
2674 4504 2953 4577 refulgens
2997 4510 3103 4580 piis
3140 4512 3357 4571 dicebat
3388 4518 3583 4576 nnihe-

2014 4594 2165 4649 ribus
2222 4594 2351 4650 olim
2405 4606 2655 4653 aromata
2718 4596 3021 4657 ferentibus
3091 4618 3216 4659 cum
3289 4589 3582 4680 lacrvmis:

2013 4683 2153 4750 Quid
2183 4694 2269 4741 est
2298 4688 2444 4758 quod
2478 4689 2728 4759 quaeritis
2777 4704 3057 4750 auctorem
3092 4698 3217 4751 vita:
3268 4699 3411 4753 inter
3436 4716 3583 4755 mor-

2014 4775 2182 4830 tuos?
2213 4791 2340 4833 ecce
2380 4780 2686 4835 resurrexit
2721 4786 2922 4837 cuncta
2959 4785 3303 4841 illuminans.

2084 4864 2234 4921 lianc
2285 4869 2389 4938 piis
2441 4871 2781 4926 celebremus
2832 4873 3089 4929 cantibus
3122 4879 3579 4932 resurrectionem

2009 4958 2184 5012 ποδιτί
2230 4958 2343 5023 Dei,
2396 4975 2519 5029 quae
2566 4962 2858 5030 splendore
2911 4976 3130 5031 superat
3176 4968 3356 5023 radios
3403 4972 3575 5032 setis.

2011 5050 2319 5105 illuminare
2346 5065 2444 5121 per
2471 5068 2630 5109 omne
2660 5055 2917 5110 saeculum
2945 5069 3136 5113 omnes
3165 5057 3219 5112 in
3251 5058 3456 5129 Spiritu
3516 5067 3580 5116 li~

2007 5139 2181 5201 deles,
2217 5139 2477 5211 ducitque
2506 5156 2603 5212 per
2636 5144 2776 5198 viam
2804 5145 3016 5200 salutis.

2080 5229 2249 5285 Mater
2280 5230 2373 5285 Dei
2400 5247 2522 5301 quze
2564 5233 2705 5299 hunc
2733 5237 2972 5304 genuiszi
3017 5237 3107 5306 qui
3137 5238 3245 5293 vita
3289 5247 3395 5305 est,
3429 5241 3576 5295 salta

2007 5336 2111 5377 nos
2138 5326 2381 5392 peccatis
2412 5325 2618 5381 nostris
2652 5334 2915 5388 mortuos.
2966 5337 3020 5381 et
3060 5328 3127 5384 ila
3158 5330 3319 5387 nobis
3362 5333 3575 5401 Operat'i

2006 5429 2127 5483 quae
2154 5412 2220 5466 ad
2252 5414 2416 5468 vitam
2450 5413 2654 5469 ducant
2683 5425 2941 5472 aeternam
2973 5427 3030 5473 ut
3072 5429 3122 5473 te
3154 5435 3369 5491 semper
3399 5434 3573 5478 exta.-

2008 5504 2206 5557 lamus.

2536 5593 2602 5649 In
2637 5595 2853 5663 fornace
2886 5600 3045 5670 ignis.

2079 5686 2357 5744 Christum
2393 5688 2698 5746 voluntarie
2732 5703 2974 5748 erectqu
3004 5693 3056 5746 in
3097 5710 3279 5759 cruce,
3313 5704 3366 5753 ct
3390 5706 3570 5754 tuum.
3674 5730 3691 5739 ι
