3988 6202
328 298 428 360 334
443 297 461 359 ί

1735 291 2148 354 TRIODIUM.

3464 285 3604 351 3312

328 410 453 470 τώς
479 401 892 474 πεπεδημένους
924 401 1140 471 ἐξάγεις
1167 403 1227 454 ἐν
1254 402 1551 474 magum
1576 402 1796 456 πάντων
1821 420 1914 456 σω-

2037 409 2252 466 mortts,
2279 410 2333 456 et
2367 402 2434 456 de
2460 401 2582 470 ejus
2622 402 2854 471 imperio
2878 403 3159 459 devinctos
3187 403 3260 458 ilii
3294 404 3347 458 in
3378 402 3592 459 fortitu.

329 495 515 565 τηρὲα.

365 511 616 652 "filiam;
645 583 757 644 τοῖς
789 583 901 644 σοῖς
946 579 1214 651 μαθηταῖς
1245 581 1301 633 ἐν
1335 579 1546 644 πολλοῖς
1574 581 1915 652 τεκμηρίοις,

329 679 416 748 ἐφ’
442 677 676 748 ἡμέρας,
704 673 1012 744 οἰκτίρμον,
1043 675 1670 746 τεσσαράκοντα,αὑτοῖς
1693 674 1911 729 πιστού-

332 787 516 841 μενος,
541 765 780 837 κηρύξαι
813 767 892 829 είς
928 766 1146 820 ἅπαντα
1175 767 1267 819 τὸν
1291 767 1494 836 κόσμον
1522 766 1652 820 Θεδν
1681 768 1916 837 ἐγηγερ-

335 864 514 934 μένον.

401 957 473 1008 Σὺ
509 951 559 1008 εἴ
590 956 622 1024 ἡ
659 952 878 1006 πάντων
914 949 1027 1020 ζωὴ
1047 991 1061 1014 ,
1097 950 1160 1004 σὺ
1193 949 1403 1021 νεκρῶν
1432 949 1529 1004 καὶ
1555 949 1663 1003 τῶν
1697 949 1914 1014 ζώντων

331 1050 363 1118 ή
400 1045 768 1116 παράκλησις,
798 1043 960 1110 Λόγε,
993 1041 1084 1094 καὶ
1113 1041 1258 1112 χαρά
1295 1042 1387 1094 καὶ
1417 1041 1696 1112 φωτισμδς
1727 1044 1755 1094 ὁ
1783 1041 1914 1112 λάμ-

328 1141 436 1210 ψας
463 1141 526 1192 ἐκ
557 1135 857 1206 Παρθένου,
885 1133 978 1187 καὶ
1016 1133 1254 1196 ἀναστὰς
1285 1134 1349 1185 ἐκ
1381 1132 1553 1201 τάφου
1585 1134 1666 1196 είς
1696 1133 1914 1187 πάντων

333 1249 479 1302 σωτη
489 1231 626 1301 ρίαν.

549 1318 672 1375 Τῶν
708 1315 980 1388 γηγενῶν
1017 1318 1107 1382 τίς
1132 1315 1361 1385 ἤκουσε
1388 1317 1656 1370 τοιοῦτον
1667 1334 1689 1382 ;

397 1415 456 1470 '0
474 1411 806 1484 σταυρωθεὶς
827 1412 1120 1480 τριήμερος
1144 1411 1400 1480 ἀνέστης,
1417 1408 1600 1472 καθὼς
1625 1410 1911 1478 προεῖπες,

330 1511 395 1562 ἐκ
425 1505 659 1576 νεκρῶν,
693 1502 1101 1571 συναναστήσας
1145 1500 1234 1552 τὸν
1283 1502 1487 1571 κόσμον
1521 1504 1586 1568 τῇ
1617 1501 1910 1554 ἀναστάσει

332 1613 456 1650 σου·
497 1597 591 1648 καὶ
621 1591 836 1662 γυναιξὶ
869 1589 1198 1662 μυροφύροις
1230 1590 1472 1658 πρώταις
1509 1590 1712 1658 ἐφάνης
1743 1590 1912 1658 φοεγ-

330 1689 562 1759 ξάμενος
591 1685 673 1749 τὸ,
691 1683 882 1753 Χαῖρε,
907 1681 1123 1732 πάντων
1147 1681 1290 1750 χαρὰ
1312 1680 1420 1732 τῶν
1442 1682 1504 1732 ἐκ
1526 1680 1702 1749 ψυχῆς
1727 1697 1784 1732 σε
1814 1697 1908 1732 πο.

328 1780 586 1843 θούντων,
620 1775 890 1828 πολυὲλεε.

399 1869 516 1922 Νῦν
542 1871 573 1938 ὴ
614 1866 787 1937 φθορά
815 1865 1105 1936 ἠφάνισται
1125 1878 1138 1892 ·
1171 1861 1404 1931 Χριστὸς
1428 1859 1536 1929 γὰρ
1565 1861 1597 1928 ἡ
1631 1856 1908 1928 ἀφθαρσία

332 1959 425 2013 καὶ
456 1957 568 2026 ζωὴ
603 1958 664 2008 ἐκ
697 1955 801 2007 τῶν
832 1953 1041 2024 νεκρῶν
1091 1951 1385 2022 ἐξηγέρθη,
1429 1953 1520 2002 καὶ
1570 1947 1907 2012 συναλὶζεται

329 2052 444 2110 τοῖς
476 2047 669 2102 ἑαυτοῦ
699 2045 1040 2110 ἀποστόλοις,
1071 2033 1338 2097 διδάσκων
1369 2041 1594 2102 τούτους
1628 2041 1695 2094 τά
1728 2039 1908 2109 κρείτ-

331 2158 456 2193 τονα
488 2140 580 2193 καὶ
613 2138 749 2202 θεῖα,
775 2137 868 2191 καὶ
888 2133 1241 2207 προσφωνῶν·
1262 2132 1400 2185 Ἀπὸ
1421 2131 1684 2202 Ἱεροσολύ
1695 2147 1810 2200 μων
1835 2128 1907 2199 μὴ

333 2225 654 2299 χωρίζεσθε.

403 2319 568 2388 Μύρα
617 2319 742 2370 ποτε
789 2317 886 2369 σὺν
935 2315 1166 2388 δάκρυσι
1211 2312 1502 2384 φερούσαις
1544 2310 1773 2378 ἄγγελος
1806 2308 1907 2379 ἔφη

333 2384 564 2480 γυναιξὶ,
607 2408 758 2462 Μετὰ
791 2384 1002 2477 νεκρῶιῖ
1044 2384 1095 2458 τί
1129 2404 1342 2476 ζητεῖτε
1376 2402 1467 2455 τὸν
1497 2401 1704 2465 ζῶντας
1735 2402 1911 2470 Σήμεο

336 2521 428 2574 ρον
461 2501 641 2564 καθὼς
675 2502 936 2571 προεῖπεν
959 2497 1189 2568 ἠγέρθη,
1210 2496 1309 2549 ούκ
1338 2494 1489 2547 ἔστιν
1513 2487 1634 2555 ὦδε,
1668 2490 1912 2553 κενώσας

331 2595 402 2647 τὶι
432 2595 706 2664 μνημεῖα,
745 2593 839 2645 καὶ
866 2593 976 2654 τοῖς
1009 2591 1222 2660 νεκροῖς
1253 2584 1553 2642 ἀθανασίαν
1596 2582 1912 2653 ἐμπνεύσας

334 2687 408 2750 ὡς
438 2685 840 2754 φιλάνθρωπος.

404 2780 500 2831 Ἐκ
521 2777 630 2831 τῶν
646 2775 854 2845 νεκρῶν
878 2771 1083 2837 ἰδοῦσα,
1101 2769 1352 2834 Θεοτόκε,
1367 2767 1458 2822 τὸν
1477 2768 1566 2820 σὺν
1582 2767 1709 2820 Υἱόν
1732 2783 1792 2819 τε
1817 2764 1914 2820 κοιλ⁸

334 2871 503 2933 Θεὸν,
551 2865 958 2936 ἐγηγερμένον,
1001 2861 1277 2932 ἐπλήσθης
1328 2860 1502 2930 χαρᾶς
1529 2898 1545 2925 ,
1593 2859 1913 2929 ὑπάρχουσα

337 2964 554 3016 πάντων
590 2959 737 3012 αἰτία
767 2957 940 3028 χαρᾶς
973 2971 1032 3008 τε
1060 2955 1154 3007 καὶ
1182 2953 1520 3022 εὐφροσύνης
1541 2967 1556 2982 ο
1589 2949 1668 3004 διό
1693 2967 1751 3002 σε
1781 2966 1914 3020 χαρε-

339 3050 586 3121 μοσύνως
622 3048 771 3100 πᾶσα
791 3045 946 3116 ψυχὴν
975 3042 1264 3114 ύμνολογεῖ
1292 3039 1389 3094 καὶ
1413 3037 1647 3104 δοξάζει,
1668 3039 1915 3110 ’Δειπάρ-

337 3145 477 3196 θενε.

457 3231 826 3298 Ἑξήνθησεν
853 3229 890 3298 ἠ
918 3227 1136 3298 ἔρημος
1172 3224 1314 3280 ὡσεί
1355 3223 1582 3293 κρῖνον,
1611 3224 1810 3292 Κύριε.

421 3324 484 3377 Ἢ
527 3323 702 3386 κτίσις
748 3318 1028 3390 θεωροῦσά
1070 3333 1128 3370 σε
1163 3317 1258 3370 ἐπὶ
1292 3315 1449 3380 ξύλου
1481 3315 1755 3385 πάσχοντα
1799 3313 1916 3366 ἐθεσ-

338 3415 588 3480 λουσίως,
619 3415 883 3474 Δέσποτα,
910 3408 1178 3480 ἠλλοιώθη
1202 3409 1296 3461 κα)⁸
1324 3405 1668 3478 ἐκυμαίνετο,
1703 3405 1795 3458 καὶ
1825 3421 1915 3458 νε-

339 3509 460 3581 κροὶ
490 3508 553 3558 ἐκ
583 3504 688 3558 τῶν
721 3504 908 3570 τάφων
938 3499 1304 3563 ἐξανίσταντο.

410 3598 702 3667 Γενόμενον
737 3596 793 3646 ἐν
826 3591 923 3664 ᾄδῃ
960 3607 1040 3656 σε,
1087 3588 1320 3652 ζωοδότα
1342 3588 1536 3660 Κύριε,
1572 3588 1709 3659 μετά
1739 3585 1915 3658 ψυχῆς

339 3687 412 3750 ὡς
446 3685 672 3753 ἔϐλεψεν
718 3678 1078 3750 ὁηταμφάγος
1129 3675 1356 3739 θάνατος
1385 3676 1635 3747 ἔπτηξεν,
1666 3676 1914 3729 ἀπολύων

335 3776 620 3849 δεσμώτας
649 3774 742 3837 οὓς
771 3773 1050 3827 κατέπιεν.

409 3869 684 3940 Ἐπλήσθη
722 3867 874 3919 πᾶσα
899 3865 1076 3927 κτίσις
1105 3865 1302 3934 χαρᾶς,
1331 3862 1614 3933 οἰκτίρμον
1639 3860 1831 3930 Κύριε,
1857 3860 1914 3913 ἐν

340 3962 546 4034 νεκρῶν
579 3961 794 4030 ἐγέραει
831 3975 924 4011 σου
951 3970 963 3985 ’
995 3957 1052 4009 ὲν
1079 3957 1186 4027 γὰρ
1215 3957 1387 4026 ταύτῃ
1429 3955 1632 4024 κόσμον
1664 3954 1914 4022 συνήγει-

348 4074 460 4116 αας.
489 4053 733 4108 καθελὼν
763 4051 857 4104 τοῦ
886 4049 1116 4104 θανάτου
1143 4050 1210 4103 τὰ
1244 4049 1511 4119 βασίλεια.

418 4142 688 4210 Ῥομφαία
710 4139 806 4210 τὴν
826 4137 1005 4207 ψυχήν
1038 4154 1153 4198 σου,
1181 4137 1365 4208 Ἀγνὴ,
1396 4136 1631 4206 διῆλθεν,
1656 4135 1911 4204 ἄχραντε,

337 4235 425 4288 ὅτε
457 4233 691 4301 Χριστὸν
720 4229 1121 4300 σταυρούμενον
1150 4229 1383 4282 ἐθεάσω·
1421 4229 1594 4298 χαρᾶς
1639 4225 1912 4297 ὲπλήσθης

338 4325 394 4378 δέ
425 4321 716 4394 ἐγερθέντα
743 4322 806 4374 ἐκ
835 4321 1006 4388 τάφου
1041 4319 1228 4374 τοῦτον
1259 4319 1524 4390 βλέψασα.

557 4410 817 4482 Κάμινός
854 4427 996 4465 ποτε
1032 4411 1222 4479 πυρὸς
1260 4413 1330 4464 ἐν
1369 4410 1699 4466 Βαϐυλῶνι.

407 4504 674 4575 Θνήσκεις
711 4504 768 4556 ἐν
803 4503 1019 4572 σταυρῴ
1065 4502 1180 4573 ζωὴ
1235 4504 1494 4574 ὑπάρχων
1525 4504 1776 4566 πάντων,
1814 4501 1911 4556 καὶ
1990 4527 1993 4529 ·

335 4597 410 4658 ὡς
445 4593 636 4664 νεκρὸς
667 4593 869 4655 ἄπνους
898 4593 955 4644 ἐν
1001 4592 1245 4660 μνήματι
1290 4593 1503 4662 ἐτέθης,
1553 4592 1869 4663 μακρόθυμε
1892 4607 1907 4622 ·

338 4687 434 4741 καὶ¹
478 4685 778 4756 τριήμερος
827 4683 1127 4752 ἐγήγερσαι
1166 4684 1245 4746 εἰς
1279 4683 1483 4753 κόσμου
1517 4683 1868 4746 ἐξανάστασιν
1892 4698 1907 4714 ο

339 4777 459 4831 ὅθεν
482 4777 540 4828 ἐν
575 4773 884 4845 εὐφροσύνῃ
911 4772 1295 4843 δοξολογούμεν
1318 4775 1378 4826 τὸ
1409 4774 1607 4845 κράτος
1637 4790 1751 4825 σου.

415 4863 652 4915 Ἤκουσε
687 4861 825 4914 Σιὼν
870 4861 968 4931 τὴν
1005 4861 1223 4934 ἔγερσιν
1258 4862 1486 4933 Κυρίου,
1516 4861 1611 4913 καὶ
1644 4858 1914 4930 εὐφροσύο

340 4967 437 5024 νης
465 4950 560 5004 νῦν
594 4949 946 5022 πεπλήρωται
967 4965 982 4980 ⁸
1022 4949 1317 5020 θυγατέρες
1349 4949 1550 5019 ταύτης
1594 4949 1650 5002 δέ
1698 4965 1914 5020 προφα-

341 5043 447 5105 νῶς
467 5041 886 5111 ἠγαλλιάσαντο,
908 5041 1004 5094 καὶ
1029 5041 1296 5110 μαθηταῖς
1320 5043 1614 5110 ἐκήρυττον
1636 5039 1909 5107 λέγουσαιο

338 5134 430 5206 Μὴ
461 5133 734 5198 λυπεῖσθε,
761 5135 789 5186 ὁ
816 5132 1080 5203 ζωοδότης
1112 5133 1426 5203 ἐγήγερται.

280 5243 290 5248 ‘
411 5225 666 5298 Ὄρθριαι
690 5225 895 5296 σπουδῇ
917 5225 1205 5294 γενόμεναι
1233 5226 1487 5291 γυναῖκες
1514 5223 1604 5276 ἐπὶ
1635 5222 1725 5274 τὸν
1745 5222 1914 5290 τάφον

340 5318 726 5390 παρεγένοντο,
758 5318 852 5369 καὶ
878 5317 1026 5370 ἔνδον
1054 5316 1423 5388 προκύψασαι,
1451 5317 1508 5368 ἐν
1529 5315 1739 5378 λευκοῖς
1765 5315 1915 5368 ἔϐλε-

338 5412 445 5484 ψαν
478 5409 711 5479 ἄγγελον
731 5424 746 5440 ο
780 5410 875 5462 καὶ
907 5409 1057 5479 φὲύῳ
1081 5408 1666 5478 συνεχόμεναιηκουον·
1694 5408 1785 5477 Μὴ
1820 5423 1916 5475 φο·

339 5501 543 5568 δεῖσθε,
573 5500 743 5564 δντως
771 5500 972 5570 ἀνέστη
1001 5501 1030 5552 ὁ
1069 5501 1292 5570 Κύριος.

411 5673 480 5728 Σὲ
535 5675 632 5748 τὴν
683 5678 952 5749 φωτεινὴν
979 5678 1208 5747 νεφέλην
1230 5677 1323 5731 τοῦ
1359 5676 1510 5747 ἧλιου
1560 5676 1652 5731 τοῦ
1700 5675 1913 5748 νοητοῦ,

2019 494 2146 548 dine
2169 500 2262 546 tua
2296 493 2559 556 eduxisti,
2585 509 2618 547 ο
2654 496 2806 549 salus
2835 496 3101 548 omnium.

2089 583 2253 640 Visus
2282 600 2339 639 es
2370 585 2658 654 discipulis
2705 587 2814 639 tuis
2847 587 3278 641 misericorditer
3322 605 3597 659 apparens

2016 675 2098 731 eis
2157 677 2208 729 iu
2265 675 2454 729 multis
2508 677 2816 744 augmentis
2866 691 2962 744 per
3009 677 3126 731 dies
3183 678 3594 750 quadraginta,

2017 766 2305 820 hortantes
2343 780 2440 819 eos
2479 764 2545 818 ad
2591 766 3029 822 aunnntiandum
3064 782 3159 837 per
3189 783 3406 824 onmem
3438 786 3597 826 mun-

2017 856 2144 909 dum
2174 855 2634 910 resurrectionem
2668 863 2840 908 luam.

2087 944 2168 999 Tu
2213 961 2296 1006 es,
2337 944 2599 1010 Verbum,
2635 946 2878 999 omnium
2908 947 3042 1010 vita,
3091 950 3396 1003 consolatio
3438 951 3594 1006 vivo~

2017 1051 2133 1090 rum
2165 1045 2220 1089 et
2259 1044 2603 1090 mortuorum
2641 1046 2693 1090 et
2719 1036 2980 1105 jubilatio
3010 1047 3064 1091 et
3093 1038 3181 1092 lux
3211 1042 3370 1094 nobis
3407 1054 3596 1098 exorta

2014 1141 2072 1180 cs
2102 1127 2168 1180 de
2199 1127 2420 1197 Virgine
2468 1135 2521 1182 ct
2571 1143 2669 1196 pro
2705 1129 2951 1182 omnium
3007 1132 3182 1185 salute
3230 1137 3517 1188 surrexisti
3567 1153 3599 1190 e

2016 1218 2248 1269 tumulo.
2345 1254 2360 1259 -

2225 1306 2354 1372 Quis
2392 1308 2696 1360 mortalium
2729 1327 2958 1379 unquam
2986 1311 3189 1364 audivit
3237 1315 3360 1368 tale.

2083 1393 2391 1450 Cruciiiws
2415 1411 2444 1447 a
2488 1399 2720 1450 mortuis
2743 1400 3098 1454 resurrexisti
3129 1401 3285 1455 tertia
3319 1403 3426 1467 die,
3453 1406 3596 1460 sicut

2015 1487 2368 1554 praedixeras,
2398 1488 2478 1539 sic
2541 1489 2804 1540 mundum
2871 1491 3206 1544 resnscitans
3225 1515 3236 1526 ν
3260 1489 3333 1544 ae'
3358 1495 3591 1562 primum

2013 1577 2310 1646 apparuisti
2341 1579 2666 1632 mulieribus
2717 1593 2964 1634 aromata
2998 1582 3322 1645 ferentibus,
3360 1587 3591 1640 salutem

2012 1669 2150 1721 dans
2187 1669 2317 1730 illis,
2350 1677 2406 1721 tu
2439 1669 2531 1738 qui
2572 1686 2631 1724 es
2656 1671 2809 1725 valde
2843 1673 3187 1736 misericors,
3212 1677 3468 1744 gaudium
3500 1692 3594 1732 eo-

1943 1763 1984 1818 B
2015 1774 2132 1811 rum
2157 1758 2250 1827 qui
2301 1765 2352 1811 te
2391 1767 2505 1812 toto
2537 1759 2770 1829 diligunt
2804 1763 2991 1817 corde.

2082 1849 2236 1904 Nunc
2261 1849 2473 1901 shlilata
2506 1851 2909 1919 rstrorrnptio;
2933 1851 3343 1907 Christusenim
3372 1853 3595 1908 immor-

2011 1939 2193 1991 talitas
2214 1947 2266 1991 et
2291 1941 2396 1990 vita
2425 1940 2663 1993 surrexit
2691 1954 2719 1991 a
2752 1941 3008 2002 mortuis,
3041 1949 3095 1995 et
3119 1957 3260 2010 quos
3293 1956 3594 2010 congrega-

2008 2031 2083 2080 vit
2114 2030 2415 2098 discipulos
2436 2032 2663 2084 meliora
2698 2037 2752 2084 et
2781 2033 3029 2087 cwlestia
3059 2033 3216 2088 docet
3249 2033 3599 2103 i—njuugitque-

2007 2120 2086 2174 eis
2121 2135 2188 2173 ne
2220 2122 2288 2174 ab
2325 2119 2722 2192 Hierosolymis
2751 2122 3127 2178 discederent.

2077 2315 2216 2370 Olim
2239 2317 2626 2386 Angelnsdixit
2646 2318 2947 2372 ferentibus
2971 2328 3211 2372 aromata
3238 2321 3588 2376 mulieribus:

2011 2407 2089 2460 Ad
2119 2409 2246 2477 quid
2285 2411 2424 2463 inter
2459 2420 2701 2464 mortuos
2722 2409 2965 2480 quaeritis
3002 2413 3308 2467 viventem?
3336 2413 3591 2469 Christus

2013 2517 2116 2555 non
2137 2511 2219 2557 cst
2248 2503 2376 2567 hic;
2415 2503 2598 2567 hodie,
2627 2505 2764 2558 sicut
2791 2504 3138 2572 pra-dixerat,
3171 2505 3432 2569 surrexit,
3462 2520 3591 2559 eva-

2011 2607 2180 2646 cuans
2211 2594 2549 2661 sepulcrum,
2597 2594 2828 2648 mortuis
2881 2593 3164 2650 insulnans
3195 2603 3378 2664 utpote
3406 2604 3592 2650 noster

2013 2697 2224 2748 amans,
2263 2685 2757 2738 immortalitatem.

2084 2771 2285 2828 Videas
2304 2774 2394 2828 Dci
2415 2774 2606 2840 Mater,
2633 2773 2826 2829 Filium
2853 2783 3004 2830 tuum
3025 2784 3079 2832 ct
3101 2775 3266 2832 Deum
3285 2778 3593 2833 surrexisse

2013 2877 2042 2916 a
2073 2865 2325 2927 mortuis,
2357 2866 2564 2934 repleta
2609 2883 2670 2920 es
2698 2867 2925 2936 gaudio,
2952 2882 3075 2920 cum
3103 2868 3181 2921 sis
3213 2867 3413 2922 laetitia:
3439 2870 3594 2921 volu-

2017 2955 2285 3026 ptatisque
2313 2965 2514 3012 nostrae
2541 2972 2729 3023 causa,
2755 2959 2978 3022 idcirco,
2997 2973 3030 3011 ο
3056 2974 3272 3028 seraper
3305 2958 3492 3030 Virgo,
3525 2959 3594 3015 ab

2017 3041 2165 3102 omni
2215 3049 2431 3104 vivente
2466 3050 2700 3121 hymnos
2757 3050 2811 3104 in
2847 3051 2926 3104 tui
2964 3054 3230 3106 honorem
3277 3051 3596 3108 decantanti

2019 3141 2366 3218 glorilicaris.

2364 3233 2604 3304 Eﬂlonu't
2627 3236 2759 3288 sicut
2797 3235 2967 3287 lilium
2997 3235 3050 3287 in
3080 3234 3309 3289 deserto.

2087 3323 2351 3378 Creatura
2373 3341 2603 3379 cernens
2640 3336 2710 3388 te,
2745 3326 2993 3391 Domine,
3045 3329 3354 3382 voluntarie
3385 3329 3596 3397 patien-

2019 3423 2124 3468 tem
2158 3416 2210 3469 in
2244 3431 2406 3470 cruce
2439 3455 2454 3478 ,
2483 3416 2767 3469 immutata
2809 3417 2910 3470 fuit
2948 3426 3001 3471 et
3052 3418 3276 3486 agitata,
3311 3428 3364 3472 et
3391 3421 3593 3474 mortui

2016 3506 2222 3574 egreSsi
2278 3515 2404 3560 sunt
2435 3521 2464 3560 e
2492 3507 2783 3574 sepulcris.

2090 3594 2284 3650 Omnia
2335 3598 2639 3652 absorbens
2690 3612 2840 3651 mors
2875 3600 3168 3653 conterrita
3199 3610 3282 3654 cst
3321 3600 3503 3654 statim
3533 3607 3594 3652 ut

2016 3688 2230 3757 aspexit
2275 3697 2326 3742 te
2359 3687 2482 3741 vita:
2534 3685 2778 3741 datorem
2804 3702 2926 3741 cum
2975 3689 3156 3742 anima
3197 3692 3501 3743 venientem
3536 3690 3592 3744 in

2016 3772 2314 3838 infernum,
2341 3774 2633 3844 emisitque
2663 3790 2802 3843 quos
2835 3784 3120 3831 voraverat
3153 3780 3424 3847 captivos.

2088 3863 2442 3919 Ro-surrcctio
2471 3874 2559 3919 tua
2576 3881 2642 3920 ex
2659 3869 2913 3934 mortuis,
2945 3869 3261 3925 misericors
3280 3871 3441 3936 Deus,
3470 3886 3592 3924 om-

2015 3973 2140 4012 nem
2189 3957 2432 4026 implevit
2476 3965 2785 4012 creaturam
2840 3960 3047 4026 laetitia,
3089 3961 3143 4016 in
3179 3963 3280 4018 hac
3321 3965 3464 4017 enim
3502 3965 3598 4018 die

2015 4048 2356 4104 resuscitain
2389 4049 2651 4104 mundum
2681 4051 2875 4107 mortis
2915 4054 3206 4109 destruens
3241 4055 3548 4124 imperium.

2081 4138 2308 4193 Gladius
2332 4138 2728 4193 oimmaculata
2759 4147 2910 4194 tuum
2942 4143 3295 4211 pertransivit
3318 4144 3594 4209 animam,

2014 4241 2137 4281 cum
2199 4225 2382 4280 vidisti
2432 4226 2710 4281 Christum
2758 4230 2908 4284 cruci
2962 4229 3210 4296 anisum;
3246 4232 3339 4286 sed
3387 4230 3596 4302 gaudio

2014 4319 2236 4389 impleta
2265 4334 2347 4381 es,
2381 4319 2498 4373 viso
2525 4319 2619 4374 illo
2649 4335 2678 4374 e
2714 4321 2924 4376 tumulo
2950 4331 3232 4392 surgente.

2229 4406 2480 4463 Caminus
2511 4408 2646 4479 ignis
2679 4408 2805 4462 aliut
2840 4409 2891 4462 in
2921 4410 3207 4480 Babylone.

2083 4499 2206 4554 Vita
2234 4499 2478 4553 omnium
2539 4500 2772 4555 moreris
2808 4501 2864 4553 in
2920 4515 3110 4566 cruce,
3161 4510 3213 4556 et
3261 4502 3474 4572 positus
3525 4520 3593 4559 es

2013 4599 2070 4644 ut
2097 4597 2345 4644 mortuus
2377 4589 2586 4659 absque
2643 4588 2814 4642 halitu
2866 4589 2922 4642 in
2982 4590 3257 4659 sepulcro,
3297 4589 3435 4646 Deus
3466 4589 3591 4644 lon-

2012 4681 2268 4750 ganimis,
2309 4687 2364 4733 et
2402 4679 2560 4733 tertia
2604 4679 2715 4744 die,
2752 4686 2810 4731 ut
2843 4686 3158 4748 resurgeret
3200 4681 3456 4740 mundus,
3491 4696 3578 4733 re-

2013 4774 2309 4828 surrexisti
2349 4791 2361 4826 :
2407 4773 2525 4827 ideo
2561 4782 2709 4826 tuam
2743 4772 2849 4826 laeti
2885 4773 3226 4826 celebramus
3268 4771 3590 4840 potentiam.

2083 4863 2305 4918 Audivit
2327 4861 2460 4916 Sion
2492 4862 2619 4931 quia
2640 4861 2938 4914 resurrexit
2962 4861 3248 4925 Dominus,
3279 4868 3330 4912 et
3359 4874 3583 4930 supera-

2014 4954 2218 5009 bundat
2249 4966 2395 5006 nunc
2425 4952 2622 5022 gaudio
2654 4969 2668 5016 ;
2708 4951 2829 5004 illia:
2860 4951 2980 5018 ejus
3013 4959 3198 5018 aperte
3241 4951 3431 5005 lanatae
3459 4955 3591 5004 sunt

2017 5043 2514 5112 nuntiaveruntque
2553 5042 2864 5113 discipulis,
2897 5042 3148 5096 dicentes
3189 5059 3202 5096 :
3233 5039 3412 5096 Nolite
3445 5053 3593 5096 cono

2016 5132 2248 5197 tristari,
2283 5133 2548 5186 Dominus
2579 5133 2698 5186 vita:
2729 5133 3060 5188 resurrexit.
3593 5123 3597 5129 ’

2087 5222 2432 5277 Festinantes
2484 5231 2751 5276 venerunt
2803 5238 2963 5277 mane
2999 5221 3254 5276 mulieres
3288 5221 3357 5276 ad
3387 5215 3600 5278 monui"

2016 5321 2258 5366 mentum
2281 5319 2336 5365 et
2367 5310 2702 5365 inclinantes
2734 5327 2792 5365 se
2833 5320 2888 5363 ut
2931 5309 3181 5364 viderent
3212 5311 3379 5376 intus,
3401 5303 3598 5384 Δῆμέ

2017 5405 2126 5459 lum
2158 5412 2567 5473 conspexerunt
2611 5403 2750 5457 albis
2788 5404 3043 5457 vestitum
3075 5419 3236 5472 quem
3269 5402 3596 5474 stupefacta!

2017 5495 2305 5550 audierunt
2335 5495 2608 5550 dicentem
2645 5494 2860 5549 :Nolite
2926 5495 3136 5559 timere,
3180 5510 3306 5550 vere
3349 5495 3593 5550 surrexit

2021 5584 2308 5640 Detninus.

2082 5673 2296 5731 Nostris
2328 5673 2704 5745 glorificamus
2744 5681 2796 5732 te
2828 5673 3068 5746 hymnis,
3108 5672 3271 5745 Virgo
3315 5672 3423 5728 Deo
3457 5671 3587 5734 cha-
