3988 6202
434 288 576 366 3Έ43

1253 287 1310 351 s.
1348 292 1767 352 SOPIlRONIl
1807 277 2318 351 mmmam
2352 260 2757 351 IttEtto'SOL.

3540 284 3683 357 33:4

431 408 670 469 rissima,
699 404 1094 476 Splendidaque
1131 400 1304 455 nubes
1351 400 1483 455 solis
1543 406 1753 453 mentes
1808 396 2013 451 illumi-

2122 396 2527 466 Θεοχαρίτωτε,
2601 396 2896 467 ὑμνοῦντες
2949 395 3280 465 δοξάζομεν·
3332 396 3430 457 τὰς
3456 397 3686 468 καρδίας

428 502 636 560 nantis,
665 496 914 550 illumina
948 493 1115 549 corda
1152 498 1363 555 nostra,
1388 505 1590 559 sponsa
1621 488 1734 554 Dei,
1770 487 1999 558 ignaviae

428 602 635 645 nostra:
661 586 1063 653 libidimuuque
1098 582 1354 638 tenebras
1385 583 1681 650 dissipans.

956 674 1163 728 /Eterni
1202 674 1407 727 Patris.

494 770 689 824 Statim
729 778 790 824 ut
819 768 901 823 sul
925 768 1056 822 vidit
1082 776 1136 822 te
1190 766 1371 821 Solem
1415 765 1644 835 juStitite
1696 778 2000 834 expansum

427 862 481 916 in
510 876 705 927 cruce,
740 861 982 915 contexit
1014 859 1213 924 lucem,
1249 868 1416 927 petrae
1449 858 1634 912 scissae
1653 866 1781 912 sunt
1813 864 2000 925 stupe-

426 952 606 1016 factae,
663 951 914 1007 infernus
976 952 1186 1020 absque
1250 964 1403 1004 mora
1446 964 1584 1019 quos
1641 948 2002 1004 absorbuerat

425 1042 684 1107 reddidit,
720 1052 866 1100 tuam
897 1040 1237 1095 celebrantes
1278 1037 1684 1103 fortitudinem,
1716 1053 1810 1107 per
1838 1051 2000 1108 quam

423 1132 613 1186 vivunt
639 1145 850 1195 omnes,
880 1131 1252 1199 omnipotens.

492 1221 786 1277 Evacuatis
844 1220 1244 1290 onmipotcntia
1300 1232 1401 1273 sua
1434 1215 1759 1271 insatiabilis
1800 1213 1999 1270 inferni

426 1311 760 1383 gurgitibus,
792 1309 1099 1364 resurrexit
1122 1309 1176 1362 iu
1221 1308 1392 1379 gloria
1424 1308 1519 1377 qui
1575 1316 1659 1362 est
1689 1321 1853 1376 super
1881 1320 2000 1358 om-

423 1421 517 1457 nes
544 1403 698 1469 deos,
738 1411 792 1457 et
822 1402 976 1455 visus
1025 1409 1108 1454 est
1138 1399 1467 1472 discipulis;
1504 1400 1647 1453 hunc
1680 1414 1805 1452 cum
1842 1395 2002 1451 Patre

422 1480 716 1561 divinaque
753 1491 957 1560 Spiritu
984 1489 1296 1545 adoremus.

487 1582 738 1637 Surrexit
792 1581 1054 1635 Dominus
1116 1594 1495 1649 appar-easque
1539 1579 1593 1633 in
1626 1578 1836 1633 tumulo
1869 1592 2001 1631 san-

410 1686 541 1736 ctus
569 1672 811 1741 Angelus
843 1679 1087 1724 aromata
1122 1669 1419 1724 ferentibus
1452 1668 1623 1722 dixit:
1654 1667 1815 1722 Abite
1832 1675 1885 1721 et
1914 1667 1998 1721 di-

2107 487 2265 556 ἡμῶν
2307 485 2541 555 φώτισον
2561 528 2575 552 ,
2604 475 2694 539 τδν
2726 486 3032 556 σκοτασμδν
3063 487 3334 540 διώκουσα
3366 487 3539 541 πάντα
3584 489 3684 557 τῆς

2109 573 2377 647 ῥᾳθυμίας
2406 575 2496 628 καὶ
2519 574 2627 628 τῶν
2654 574 2863 638 παθῶν,
2885 575 3286 647 Θεονύμφευτε.

2214 730 2218 736 _
2539 665 2829 735 Ἀνάρχου
2866 654 3061 733 Γεννή
3070 684 3260 735 τορος.

2161 754 2245 819 Ὠς
2261 752 2364 809 εἴδέ
2383 773 2441 810 σε
2459 756 2579 826 ἥλιο
2593 775 2629 822 ῖ,
2642 756 2987 825 δικαιοσύνης
3005 756 3187 822 "inte,
3205 758 3263 810 ὲν
3280 757 3500 828 σταυρῷ
3510 756 3685 829 ὴπλωο

2111 846 2292 916 μένον,
2319 846 2378 900 τὸ
2407 846 2522 916 φῶς
2558 845 2861 899 συνέστειλε
2882 886 2897 912 ,
2930 847 3124 918 πέτραι
3146 846 3203 900 δὲ
3236 848 3572 919 ἐρρήγνυντο
3599 848 3691 916 ei}

2109 937 2207 1007 ϐῳ,
2238 937 2372 1009 ᾅδης
2408 939 2634 1008 νεκροὺς
2653 938 2819 1011 τάχος
2849 938 3101 992 ἀπεδίδου
3135 939 3439 1011 ὑμνοῦντας
3466 939 3527 993 τὸ
3548 941 3689 1010 κρὰ-·

2106 1045 2196 1092 τος
2230 1045 2345 1093 σου,
2371 1029 2618 1083 Ζωοδότα
2646 1020 3044 1101 παντοδῦναμε.

2180 1196 2282 1262 Τοῦ
2313 1208 2440 1281 ᾅδου
2468 1209 2566 1279 τὴν
2592 1210 2865 1280 ἄπληστον
2896 1208 3138 1280 γαστέρα
3178 1210 3207 1263 ό
3241 1209 3536 1281 ’Υπέρθεος
3575 1215 3684 1265 πα-

2109 1300 2344 1370 ραδόξως
2372 1299 2615 1365 κενώσας
2643 1300 2719 1364 ώς
2747 1298 3175 1370 παντοδύναμος,
3204 1300 3302 1371 ἤδη
3334 1300 3595 1372 ἐξανέστη
3624 1303 3687 1355 ἐν

2105 1390 2251 1462 δόξῃ,
2285 1392 2380 1445 καὶ
2406 1391 2674 1463 μαθηταῖς
2702 1390 2865 1455 θείοις
2904 1390 3227 1462 κοιθωράθη⁸
3254 1390 3415 1445 αὐτὸν
3446 1408 3687 1462 προσκυ-

2106 1484 2359 1554 νήσωμεν
2390 1484 2488 1538 σὺν
2522 1483 2699 1553 Πατρὶ
2728 1484 2821 1536 καὶ
2851 1481 2979 1554 θείῳ
3006 1482 3285 1553 Πνεῦματι

2174 1574 2417 1646 Ἠγέρθη
2447 1575 2475 1628 ὁ
2507 1562 2731 1644 Κύριος,
2754 1575 2874 1637 ταῖς
2912 1575 3239 1645 μυροφόροις
3269 1574 3470 1645 ἔφησεν
3507 1577 3535 1627 ό
3582 1582 3687 1643 φα-

2107 1669 2217 1731 νεὶς
2254 1670 2309 1720 ἐν
2336 1666 2412 1736 τῷ
2437 1666 2593 1736 τάφῳ
2625 1666 2778 1733 ἀγιος
2813 1664 3063 1733 ἄγγελοςο
3104 1665 3321 1727 Ἀπιτε,
3371 1665 3468 1719 καὶ
3500 1667 3685 1719 εἴκετε

421 1764 651 1832 sripulis
692 1762 945 1817 tristibus
971 1759 1336 1827 dentibusque
1379 1775 1528 1815 nunc
1554 1760 1606 1814 in
1656 1759 1878 1814 Galilaa
1909 1758 1993 1812 di-

2122 1758 2257 1811 τοῦτο
2302 1758 2415 1820 τοῖς
2464 1756 2735 1827 μαθηταῖς
2781 1757 2839 1832 ὲν
2869 1757 2935 1826 τῇ
2980 1754 3238 1827 Γαλιλαίᾳ
3284 1755 3541 1811 πενθοῦσι
3586 1758 3687 1810 καὶ

420 1853 674 1923 citequia
705 1852 777 1907 ibi
818 1859 945 1906 sunt
986 1851 1141 1905 illum
1174 1851 1551 1920 conspecturi.

485 1944 531 1998 0
581 1943 959 2008 Immaculata,
992 1942 1162 1997 libera
1203 1955 1306 1996 nos
1332 1956 1360 1993 a
1397 1942 1784 2007 tentationum,
1822 1941 1996 1995 tribu-

423 2035 689 2088 lationum
718 2033 1116 2101 libidinumque
1148 2032 1404 2102 procellis
1433 2048 1448 2095 ;
1490 2032 1657 2086 libera
1689 2045 1718 2084 a
1747 2030 1993 2086 tenebris

419 2142 449 2178 a
515 2125 912 2195 multiplicibus
974 2124 1178 2178 diaboli
1240 2121 1559 2190 tendiculis,
1609 2134 1664 2178 et
1713 2122 1994 2176 Christum

419 2217 587 2270 Deum
619 2224 867 2271 nostrum
904 2214 1279 2271 indesinenter
1337 2216 1634 2286 deprecare
1695 2230 1794 2285 pro
1839 2214 1996 2269 nobis

326 2322 336 2329 '
417 2310 509 2378 qui
546 2316 598 2362 te
622 2322 840 2377 semper
868 2317 920 2361 ut
955 2308 1170 2361 beatam
1214 2307 1580 2361 celebramus.

568 2394 816 2457 Gloriﬁco
849 2405 915 2459 te,
946 2392 1186 2457 Domine,
1220 2395 1347 2463 quia
1386 2393 1702 2447 exaudivisti
1735 2408 1834 2447 me.

411 2524 415 2529 .
485 2480 623 2536 Cmn
648 2482 700 2535 in
740 2496 959 2536 crucem
984 2479 1706 2543 ascendisti,Domiuc,non
1731 2478 1996 2533 amiseras

417 2581 763 2643 potestatem,
797 2580 853 2625 et
886 2570 1234 2627 descendens
1293 2587 1416 2626 cum
1458 2571 1639 2625 anima
1677 2572 1733 2624 in
1788 2569 1996 2625 inferos

416 2665 667 2717 exeruisti
701 2664 916 2718 animas
946 2677 975 2715 a
1005 2662 1244 2718 vinculis
1276 2665 1499 2729 Neruis
1526 2677 1662 2734 quas
1687 2672 1865 2718 tecum
1896 2664 1997 2717 mi-

416 2754 655 2808 sericors
681 2753 1059 2810 easuscitasti.
1374 2826 1387 2831 ι

480 2844 671 2900 \‘ectes
688 2858 739 2901 ct
768 2855 953 2916 portas
975 2846 1174 2902 inferni
1197 2847 1522 2902 mirabiliter
1544 2845 1591 2900 vi
1616 2846 1835 2916 propria
1860 2861 1997 2901 con-

417 2935 658 3006 fregisti,
692 2935 945 3003 Domine,
982 2938 1037 2992 in
1071 2937 1349 2994 desertqu
1391 2939 1710 2992 convertisti
1767 2936 1994 3000 inferos,

417 3028 602 3096 itaque
628 3028 1062 3085 misericordiam
1092 3037 1244 3084 tuam
1266 3028 1844 3098 resurrectionemque
1870 3029 1989 3099 glo-

416 3121 619 3172 riosam
651 3120 1154 3189 eonglorilicamus.

478 3208 735 3263 Mulieres
795 3217 1064 3262 venerunt
1117 3209 1183 3263 ad
1235 3208 1545 3279 ungendum
1579 3224 1783 3280 corpus
1839 3219 1992 3266 tuum

415 3301 712 3370 gloriosum
744 3300 799 3353 in
841 3307 1216 3365 tnOItumenlo,
1250 3300 1340 3354 ubi
1393 3302 1616 3354 invento
1648 3303 1842 3372 angelo
1893 3319 1995 3359 sc-

414 3394 581 3445 dcnte
610 3391 825 3444 timore
859 3391 1267 3458 obstupuerunt
1296 3409 1311 3459 ;
1347 3406 1453 3445 una
1477 3406 1601 3444 cum
1644 3392 1712 3447 iis
1747 3395 1995 3448 celebra-

416 3498 537 3544 utus
569 3490 619 3534 te
653 3499 680 3534 a
713 3481 965 3550 sepulcro
988 3482 1341 3535 suscitalum.

493 3574 752 3628 Sanctum
789 3575 881 3643 qui
926 3583 1154 3629 sanctos
1196 3584 1421 3645 supcrat
1480 3576 1620 3629 ultra
1656 3577 1800 3647 quod
1834 3592 1996 3632 exco-

417 3668 580 3737 gitari
631 3676 807 3735 potest
855 3668 1144 3736 peperisti,
1188 3666 1442 3736 Deipara,
1484 3667 1690 3737 quique
1726 3668 1998 3722 mediante

422 3764 882 3825 te,'pectatorum
909 3756 1050 3811 dans
1098 3756 1477 3811 remissionem
1515 3757 1768 3810 liberavit
1793 3759 1995 3812 sancti-

418 3849 598 3902 licavit
630 3848 818 3903 lidcles
850 3855 999 3903 tuam
1037 3848 1385 3904 celebrantes
1420 3850 1900 3905 resurrectionem.

978 3959 1165 4033 Reguli
1191 3960 1429 4016 decreto.

489 4079 873 4137 Exsultatione
899 4089 989 4133 tua
1015 4094 1182 4148 super
1210 4093 1430 4134 crucem
1465 4086 1717 4135 naturam
1744 4081 1997 4136 exaltasti

415 4173 731 4239 humanam,
761 4172 1002 4235 Christe,
1026 4179 1081 4226 et
1105 4172 1158 4224 in
1185 4171 1537 4227 tenebrosum
1590 4187 1779 4227 oreum
1809 4173 1998 4228 detru-

416 4265 545 4317 disti
576 4262 744 4315 Satan
772 4261 1055 4329 delapsum
1092 4261 1162 4315 ab
1194 4262 1484 4317 altitudine
1527 4263 1675 4328 εαξη,
1701 4269 1755 4317 ct
1804 4278 1998 4318 exsur-

416 4367 551 4422 gens
588 4367 617 4406 e
647 4352 858 4406 tumulo
893 4360 1124 4406 mortem
1162 4352 1437 4420 spoliasti.

2096 1848 2366 1913 κλαίουσι,
2402 1847 2497 1901 τοῦ
2536 1846 2701 1900 αὑτὸν
2734 1831 2851 1899 ὲκΞί
2879 1845 3199 1901 θεάσασθαι.

2177 1936 2842 2008 Ῥυσθῆναι,Πανάμωμε,
2869 1937 2934 1990 ἐκ
2958 1935 3297 2007 πειρασμῶν,
3314 1937 3404 1992 καὶ
3423 1936 3683 2008 θλίψεων,

2095 2028 2191 2080 καὶ
2222 2026 2412 2080 παθῶν
2454 2026 2766 2093 καταιγίδσς
2788 2068 2804 2093 ,
2852 2026 2947 2080 καὶ
2991 2027 3400 2097 ἀμαυρώσεως,
3436 2030 3533 2081 καὶ
3570 2029 3685 2081 τῶν

2096 2117 2451 2172 πολυπλόκων
2501 2116 2747 2185 παγὶδων
2792 2116 2886 2170 τοῦ
2925 2115 3196 2188 Πονηροῦ,
3232 2117 3471 2172 δυσώπει
3498 2120 3684 2172 ἀπαύ-

2097 2223 2237 2269 στως
2265 2205 2502 2277 Χριστὸν
2525 2206 2614 2260 τὸν
2640 2204 2771 2259 Θεὸν
2796 2207 2829 2276 ἡ
2840 2206 2977 2277 μῶν,
3003 2206 3110 2260 τῶν
3136 2208 3222 2262 ἀεί
3252 2224 3310 2261 σε
3343 2209 3684 2280 μακαριζόν-

2093 2314 2227 2351 των.
2978 2288 2981 2289 ν

2423 2387 2620 2457 ’Υμνῶ
2656 2394 2756 2441 σε·
2794 2387 2988 2456 ἀκοὴν
3015 2389 3356 2460 γὰρ,Κύριε.

2168 2478 2423 2550 Ἀνῆλθες
2452 2481 2509 2533 ἐν
2540 2477 2778 2550 σταυρῷ,
2808 2481 3002 2552 Κύριε,
3031 2480 3347 2536 δυναστείαν
3376 2482 3677 2553 διεζωσμέ-

2096 2586 2205 2634 νος,
2235 2569 2329 2622 καὶ
2358 2557 2632 2623 κατελθών
2660 2567 3002 2639 εὔσπλαγχνε
3031 2570 3170 2640 μετὰ
3188 2569 3369 2640 ψυχῆς
3395 2571 3557 2641 μέχρι
3580 2567 3679 2626 τοῦ

2096 2660 2248 2732 ᾅδου,
2276 2661 2456 2732 ψυχὰς
2508 2662 2742 2715 αἰωνίων
2792 2661 3008 2732 δεσμῶν
3053 2656 3273 2728 ἔλυσας,
3302 2662 3397 2715 καὶ
3443 2661 3678 2733 σεαυτῷ,

2096 2753 2399 2825 οἰκτίρμον.
2432 2756 2853 2826 συνανέστησας.

2167 2845 2474 2916 Συντρίψας
2520 2847 2643 2911 τοὺς
2698 2845 2958 2917 μοχλτὺς,
2992 2844 3199 2917 Κύριε,
3232 2846 3325 2899 καὶ
3371 2844 3466 2908 τάς
3505 2846 3681 2910 πύλας

2097 2937 2340 3010 φρικτῶς
2375 2937 2470 2991 τοῦ
2505 2937 2634 3009 ᾅδου
2672 2938 2818 3009 ἰσχύϊ
2848 2955 2963 2999 σου,
2987 2937 3546 3003 Δέσποτα,ὲκένωσας
3583 2938 3682 2991 αὖ·

2098 3028 2194 3082 τοῦ
2232 3029 2322 3082 τὸν
2352 3028 2610 3082 πλοῦτον·
2652 3027 2732 3081 διὸ
2760 3026 2856 3096 τὴν
2897 3026 3100 3098 πολλήν
3134 3044 3227 3080 σου
3256 3027 3672 3096 συγκατάδασιν

2020 3092 2064 3151 C
2098 3121 2192 3174 καὶ
2220 3120 2319 3192 τὴν
2350 3118 2550 3189 σεπτὴν
2582 3092 2875 3172 ἀνάστασιν
2912 3092 3228 3188 δοξάξομεν.

2167 3215 2412 3286 Μυρίσαι
2458 3213 2518 3266 τὸ
2568 3212 2763 3267 σεπτὸν
2806 3212 2969 3283 σῶμά
3001 3229 3096 3265 σου
3130 3212 3186 3264 ὲν
3215 3209 3293 3282 τῷ
3319 3212 3475 3282 τάφῳ
3517 3205 3683 3282 ἦλθον

2098 3309 2387 3376 γυναῖκες·
2441 3305 2700 3375 εὑροῦσαι
2743 3292 3081 3373 δὲ’ἀγγελον
3117 3302 3425 3373 καθήμενον
3454 3304 3548 3355 ἐπὶ
3586 3302 3681 3355 τοῦ

2097 3399 2290 3467 τάφου,
2342 3396 2568 3469 Χριστὲ,
2617 3394 2888 3449 δειλιῶσαι
2942 3393 3396 3465 κατεπλάγησαν
3446 3392 3568 3464 μεθ’
3605 3386 3681 3448 ὧν

2099 3488 2503 3560 ὑμνολογοῦμέν
2531 3505 2624 3541 σου
2652 3486 2749 3559 τὴν
2779 3486 3017 3557 ἔγερσιν.

2180 3580 2381 3648 Ἀγίων
2417 3581 2558 3650 ὑπὲρ
2590 3577 2713 3633 νοῦν
2745 3578 2835 3631 τὸν
2851 3579 3037 3644 Ἀγιον
3064 3576 3403 3648 ἀπεκύησας,
3425 3562 3705 3642 Θεοτόκε,’

2100 3672 2371 3743 ἀγιασμὸν
2397 3671 2665 3743 λύτρωσιν
2694 3670 2787 3723 καὶ
2810 3671 3003 3738 ἄφεσιν
3023 3668 3442 3741 ἁμαρτημάτων
3468 3670 3685 3731 πιστοῖς

2103 3765 2351 3834 μεσιτείᾳ
2399 3780 2493 3815 σου
2543 3760 2853 3831 παρέχοντα
2883 3762 2997 3823 τοῖς
3041 3761 3138 3831 τὴν
3166 3759 3331 3813 αὐτοῦ
3364 3758 3684 3826 δοξάζουσιν

2103 3856 2421 3910 ἀνάστασιν.

2458 3967 2542 4034 Τῷ
2573 3966 2818 4037 δόγματι
2854 3965 2935 4032 τῷ
2967 3963 3322 4034 τυραννικῷ.

2168 4080 2488 4159 Ἀνύψωσας
2517 4080 2674 4149 φύσιν
2699 4081 2808 4132 τῶν
2835 4078 3063 4151 βροτῶν,
3091 4079 3317 4150 Χριστὲ,
3342 4081 3408 4149 τῇ
3441 4079 3499 4130 ἐν
3518 4094 3688 4131 σταυ-

2101 4174 2180 4245 ρῷ
2214 4189 2307 4227 σου
2341 4172 2634 4242 ἁνυψώσει,
2664 4172 2759 4225 καὶ
2788 4173 2878 4225 τὸν
2906 4172 2963 4238 ἐξ
2997 4170 3167 4241 ὕψους
3194 4170 3431 4223 πεσόντα
3452 4168 3686 4241 Ἐχθρὸν

2099 4270 2178 4329 εἰς
2200 4268 2329 4336 χάος
2356 4266 2686 4337 ἀπέρριψας,
2715 4265 2809 4317 καὶ
2834 4264 3024 4331 ταφεὶς
3054 4260 3353 4332 ἐξηγέρθης
3379 4259 3685 4323 σκυλεύσας

2098 4361 2190 4412 τὸν
2220 4359 2469 4414 θάνατον.

490 4444 807 4499 Contrivisti
837 4454 1020 4499 vectes
1065 4443 1263 4498 inferni
1303 4452 1359 4498 ct
1416 4446 1471 4500 in
1519 4446 1850 4529 fortitudine
1902 4457 1993 4505 tua

2169 4451 2501 4522 Συνέτριψας
2534 4451 2661 4523 ᾅδου
2695 4452 2820 4514 τοὺς
2854 4451 3104 4519 μοχλοὺς,
3141 4447 3237 4502 καὶ
3274 4449 3399 4512 τοὺς
3434 4448 3682 4516 πεπεδη-

415 4539 627 4591 viuctos
654 4536 892 4592 suscitas
945 4536 1106 4590 simul
1166 4536 1737 4607 gloriﬁcautes,tuam
1795 4553 1990 4614 poten-

416 4629 545 4682 tiam
570 4638 622 4684 et
643 4639 791 4685 tuam
817 4642 849 4682 a
866 4637 1219 4684 monumento
1248 4635 1710 4690 resurrectionem
1736 4646 1857 4706 post
1882 4646 1993 4695 tres

413 4720 553 4776 dies.

487 4810 672 4866 Sancti
715 4826 838 4865 cum
874 4812 1129 4867 viderunt
1180 4821 1234 4868 te
1302 4812 1455 4880 olim,
1486 4814 1725 4879 Christe,
1758 4819 1990 4887 θροειοιί

411 4916 723 4973 surgentem
747 4918 777 4959 e
802 4905 1053 4974 sepulcro
1082 4919 1204 4959 cum
1222 4904 1419 4976 gloria,
1436 4888 1627 4977 repleti
1645 4919 1773 4962 sunt
1792 4911 1991 4980 gaudio

414 4997 895 5068 clamaveruntque
928 5017 938 5052 :
971 4999 1289 5055 Benedicite
1325 4998 1582 5055 Domino.

480 5088 683 5144 Luctus
738 5097 885 5153 tuus.
920 5090 1270 5145 immaculata
1320 5089 1507 5160 Virgo,
1569 5106 1762 5147 versus
1798 5100 1880 5147 est
1935 5093 1989 5149 in

366 5242 377 5249 _
406 5182 693 5252 gaudium,
726 5198 850 5237 cum
878 5184 1063 5238 vidisti
1088 5183 1366 5240 Christum
1394 5184 1590 5239 Filium
1617 5196 1768 5241 tuum
1797 5203 1860 5241 ac
1884 5186 1988 5243 Do-

368 5262 619 5339 .‘tninnm
648 5273 803 5326 tertia
846 5271 933 5328 dic
965 5285 1336 5344 resurgentem
1394 5276 1446 5328 in
1483 5277 1655 5346 gloria
1693 5279 1988 5332 mundum-

408 5377 514 5433 que
549 5362 976 5439 ill’uminanlem.

944 5478 1049 5545 Qui
1079 5491 1201 5535 ante
1220 5479 1420 5536 Solent.

468 5587 779 5644 Misericors
815 5590 979 5658 Deus,
1017 5593 1168 5649 visus
1193 5609 1254 5648 es
1291 5592 1486 5649 amxus
1512 5596 1665 5648 cruci
1722 5594 1864 5649 duos
1899 5596 1984 5650 in-

406 5684 491 5729 ter
522 5677 796 5736 latrones:
830 5685 1041 5751 positus
1070 5699 1202 5739 vero
1236 5669 1286 5737 in
1322 5686 1437 5740 lacu
1475 5684 1720 5739 infcriori
1749 5701 1984 5740 consur-

2098 4542 2292 4613 μένους
2342 4544 2400 4594 ὲν
2450 4543 2693 4615 ἀνδρείᾳ,
2726 4540 2950 4614 Χριστὲ,
2978 4538 3262 4609 δεσμώτας
3292 4540 3543 4609 ἐγείρεις,
3579 4525 3687 4606 τῆν

2095 4635 2193 4706 σὴν
2223 4635 2543 4702 δοξάζοντας
2566 4637 2828 4706 δύναμιν,
2866 4632 2961 4686 καὶ
3004 4632 3101 4704 τὴν
3151 4633 3217 4686 ἐκ
3260 4631 3357 4685 τοῦ
3407 4632 3687 4702 μνημείου

2092 4727 2390 4797 τριήμερον
2415 4727 2652 4797 ἔγερσιν.
2674 4732 2679 4737 ’

2172 4817 2261 4880 Ὣς
2306 4816 2499 4887 ἔϐλεψε
2553 4817 2717 4872 πάλαι
2769 4835 2827 4872 σε
2878 4816 3035 4888 χορὸς
3064 4816 3234 4883 ἁγίων
3261 4811 3579 4868 ἀποστόλων
3612 4813 3686 4865 ὲκ

2091 4909 2185 4962 τοῦ
2235 4911 2404 4980 τάφου
2454 4911 2825 4981 ἐγηγερμένον
2876 4911 2933 4964 ὲν
2962 4909 3111 4982 δόξῃ,
3143 4907 3369 4978 Χριστὲ,
3404 4904 3685 4975 θυμηδίας

2092 4999 2326 5071 ἔμπλεος
2360 4998 2619 5070 γεγονὼς,
2649 5000 2961 5068 Εὑλογεῖτε,
2991 4999 3145 5065 ἐϐόα,
3171 4997 3263 5052 τὸν
3292 4999 3516 5062 Κύριον.

2162 5092 2235 5145 Τὸ
2265 5091 2459 5155 πένθος
2494 5110 2596 5156 σοι,
2626 5095 2895 5162 ’Δχραντε
2930 5089 3087 5161 ἁγνὴ,
3119 5090 3328 5160 ἐτράπη
3362 5090 3441 5149 εἰς
3474 5086 3677 5157 χαρὰν,

2092 5186 2252 5254 ἡνίκα
2287 5182 2425 5249 εἶδες
2471 5187 2562 5239 τὸν
2611 5186 2701 5238 σὺν
2730 5185 2856 5237 Υἱδν
2905 5183 2997 5236 καὶ
3037 5183 3313 5251 Δεσπότην
3348 5180 3583 5249 Χριστὸν
3612 5181 3680 5231 ἐκ

2090 5276 2298 5345 νεκρῶν
2349 5280 2644 5347 τριήμερον
2693 5275 2999 5343 ἀναστάντα
3048 5276 3105 5327 ὲν
3147 5272 3297 5343 δόξῃ.
3330 5271 3423 5323 καὶ
3466 5271 3680 5337 κόσμον

2091 5382 2424 5434 φωτισαντα.
3046 5400 3049 5403 ν
3344 5382 3350 5389 ’

2588 5483 2653 5535 Ἢ
2688 5481 2794 5534 τὸν
2832 5480 2945 5548 πρὸ
2984 5479 3184 5546 ἡλίου.

2162 5594 2368 5663 Ὤφθης
2393 5596 2554 5663 μέσον
2576 5594 2670 5647 δύο
2690 5593 2903 5665 λῃστῶν
2926 5594 3365 5663 ἐσταυρωμένος,
3392 5586 3675 5643 πολυέλεεν

2089 5686 2407 5755 κατατεθγεὶς
2439 5687 2495 5739 ὲν
2527 5685 2716 5757 λάκκῳ
2741 5687 3036 5755 κατωτάτῳ
3059 5684 3112 5737 δὲ
3140 5687 3264 5746 τοὺς
3289 5685 3343 5735 ἐν
3374 5680 3558 5734 σκότει
3579 5682 3680 5734 καὶ
