3988 6202
339 219 440 287 397
448 220 483 284 3

1788 203 2202 270 ΤΙΠΟΒΈΙῙΠ.

3473 210 3620 276 3974

331 340 519 407 έστης,
551 335 580 389 ὁ
617 329 990 405 ύπεράγαθος,
1038 323 1468 392 καὶ-ἐξαναστὰς
1500 324 1824 396 θεοπρεπῶς
1845 324 1939 378 ἀν-

2066 340 2152 395 lue
2204 328 2433 394 propter
2483 336 2590 378 nos
2638 336 2839 393 passus
2877 336 2958 388 es,
2995 330 3049 380 et
3089 319 3157 380 ut
3191 325 3432 384 decebat"
3451 331 3618 384 Deum

324 425 596 500 ελήλυθας
639 421 778 494 πρὸς
807 420 901 474 τὸν
923 419 1182 490 ἄναρχον,
1211 415 1376 484 Λόγε,
1412 414 1640 486 Πατέρα
1686 429 1783 468 σου
1803 429 1818 447 ο
1847 413 1934 469 διό

326 536 423 576 σου
443 512 863 592 προσκυνοῦμεν
887 510 990 582 τὴν
1012 507 1404 578 ἀκατάληπτον
1435 506 1692 578 θιότητα.

397 703 608 776 Κράζει
625 698 873 768 Μωῦσῆς
901 697 960 751 ὲν
994 691 1302 766 Πνεύματι,
1323 691 1640 762 ’Δγγελικαὶ
1669 687 1944 760 δυνάμεις·

329 797 771 868 ὶνισχυσάτωσαν
781 789 866 861 τῷ
882 786 1222 860 παμϐασιλιῖ
1236 783 1564 858 σωματικῶς
1584 781 1932 842 ἀναϐαίνοντι

328 891 437 946 ἀπὸ
459 889 562 960 γῆς
587 886 728 958 πρὸς
755 883 828 938 τὰ
846 883 962 938 ἄνω
987 879 1258 952 βασίλεια,
1271 877 1370 934 καὶ
1395 875 1574 948 θρόνῳ
1599 871 1932 930 καθιστῶντι

327 982 408 1055 τῷ
435 976 696 1051 πατραῷ
719 976 885 1048 φύσιν
913 974 1015 1046 τήν
1045 971 1354 1034 Ξκπτωτον.

403 1158 606 1229 Πύλαι,
635 1155 1181 1228 νοητῶς·ὲπάρθητε,
1199 1149 1558 1224 προφητικῶς
1605 1144 1738 1200 ἐϐόα
1768 1142 1932 1199 Δαυτδ

331 1263 392 1316 ὲν
423 1258 743 1330 Πνεύματιο
786 1257 816 1309 ὁ
870 1247 1168 1325 μονογενὴς
1214 1245 1345 1308 Υἱὸς
1395 1240 1535 1296 Θεοῦ
1577 1237 1934 1306 έδασῑλευσεν

331 1355 426 1407 ἐπὶ
452 1329 633 1406 πάντα
653 1349 723 1403 τὰ
744 1347 892 1417 ἔθνη,
919 1344 1014 1396 καὶ
1030 1341 1206 1396 ἄνεισι
1229 1335 1396 1409 σαρκὶ
1423 1334 1564 1406 πρὸς
1583 1331 1677 1386 τὸν
1687 1329 1928 1401 Πατέρα,

330 1447 393 1500 ὃν
424 1443 832 1515 κατερχόμενος
857 1437 960 1491 οὐκ
990 1434 1199 1487 ἔλιπεν.

655 1535 787 1588 Ὅτι
831 1528 980 1600 Ἐγώ
1003 1528 1121 1598 ειμι
1150 1527 1183 1579 ὁ
1201 1523 1273 1578 ἐν
1297 1518 1614 1588 θαλάσσῃ.

403 1623 834 1694 Συναλιζόμενος
855 1619 914 1671 ὲν
928 1613 1334 1687 τεσσαράκοντα
1351 1611 1464 1671 τοῖς
1492 1604 1764 1680 μαθηταῖς
1795 1600 1934 1672 ἡμέ-

2043 431 2342 487 resurgens
2383 414 2452 471 ad
2492 422 2760 472 aeternum
2799 414 3017 472 Patrem
3049 425 3201 474 tuum
3219 420 3619 485 measceudisti,

2039 506 2307 574 Verbum,
2337 506 2550 563 ideirco
2578 506 3194 578 ineomprehensibilem
3235 517 3384 565 tuam
3426 513 3624 566 adora-

2039 617 2165 658 mus
2197 603 2569 660 divinitatem.

2107 694 2324 751 Clamat
2379 695 2560 753 Moses
2604 696 2660 752 in
2703 695 2912 769 Spiritu
2947 711 2963 753 :
3010 699 3283 770 Angelicte
3324 707 3624 770 potestates

2038 785 2431 843 coniurtamini
2481 789 2536 844 in
2576 805 2796 846 summo
2827 805 2954 862 rege
2992 790 3060 846 de
3106 799 3254 847 terra
3300 801 3625 862 assurgcnte

2037 878 2094 934 in
2145 893 2316 936 carne
2365 881 2434 936 ad
2481 896 2719 954 superna
2767 897 2974 954 regna,
3031 891 3086 940 et
3129 892 3384 939 naturam
3442 887 3624 940 homi-

2038 981 2169 1022 num
2215 969 2426 1040 lapsam
2475 970 2770 1028 considere
2825 971 3061 1029 faciente
3132 988 3301 1044 super
3359 973 3622 1028 thronum

2037 1059 2240 1118 Patris.

2109 1155 2438 1226 Aperimini,
2459 1164 2652 1228 portae,
2672 1156 2952 1214 clamabat
2974 1155 3143 1212 David
3173 1157 3228 1213 in
3251 1156 3460 1227 Spiritu
3492 1172 3625 1228 pro-

2038 1245 2261 1318 phetico
2293 1265 2308 1302 :
2334 1245 2510 1304 Filius
2545 1248 2646 1305 Dei
2669 1249 2987 1320 unigenitus
3017 1250 3267 1318 regnavit
3298 1265 3466 1319 super
3501 1264 3624 1303 om-

2038 1354 2139 1398 nes
2169 1349 2383 1412 gentes,
2414 1349 2469 1397 et
2494 1342 2550 1396 in
2578 1356 2750 1398 carne
2791 1342 3091 1399 revertitur
3118 1341 3187 1396 ad
3215 1340 3437 1397 Patrem
3461 1358 3625 1413 quem

2038 1431 2380 1490 descendens
2411 1434 2555 1506 apud
2586 1450 2691 1492 nos
2716 1450 2824 1492 non
2853 1434 3170 1505 reliquerat.

2301 1526 2442 1592 Quia
2488 1543 2581 1598 ego
2613 1544 2731 1582 sum
2764 1528 2853 1598 qui
2897 1528 3123 1596 imperat
3200 1527 3361 1580 mari.

2107 1615 2248 1672 Cum
2296 1616 2590 1688 discipulis
2653 1627 3016 1675 conversatus
3069 1633 3166 1687 per
3217 1617 3338 1674 dies
3381 1616 3624 1688 quadra-

335 1739 480 1797 ραις,
515 1716 655 1790 μετὰ
693 1712 792 1784 τὴν
838 1709 992 1764 θείαν
1049 1708 1114 1760 ὲκ
1137 1703 1307 1797 τάιρου
1330 1742 1346 1769 ,
1373 1699 1584 1797 Σώτερ,
1615 1695 1942 1797 ἀνάστασιγν

2066 1706 2220 1778 ginta,
2259 1706 2536 1776 Salvator,
2569 1718 2696 1780 post
2729 1717 2881 1763 tuam
2912 1709 3376 1764 resurrectionem
3408 1715 3462 1766 et
3492 1717 3626 1780 pro-~

333 1785 432 1870 καὶ
449 1785 528 1865 ’τὸ⁷
541 1805 768 1875 Πνεῦμα
789 1803 852 1864 τὸ
882 1801 1028 1854 θεῖον
1059 1795 1388 1868 συνθέμενος
1409 1793 1596 1854 αὐτοῖς
1611 1785 1943 1856 ὲξαποστέλ.

335 1907 472 1969 λειν,
511 1903 572 1956 ὲν
615 1901 822 1971 φωναῖς
849 1892 1188 1966 ἀνελήφθης,
1226 1890 1286 1942 ὲν
1327 1884 1574 1958 δόξῃ-ἔπ’
1605 1880 1781 1954 ὤμοις
1835 1879 1945 1934 Xe-

343 1997 618 2072 ρουῦικοῖς
675 1988 920 2063 φρικτῶς
949 1982 1150 2055 έποχού
1161 1999 1343 2054 μενος.

411 2086 596 2150 Πύλας
625 2083 898 2155 ὲπάρατε,
929 2076 1106 2148 γνῶτε
1138 2071 1444 2146 παράδοξα,
1468 2068 1660 2141 νοεραλ
1681 2065 1942 2137 δυνάμεις

341 2186 463 2248 ταῖς
486 2179 787 2251 ἀνωτέραιις
811 2173 1004 2239 ὲδὸων,
1050 2173 1079 2225 ὁ
1111 2168 1368 2241 βασιλεὺς
1396 2164 1490 2219 τοῦ
1542 2161 1743 2225 παντὸς
1779 2159 1944 2230 σῶμα

341 2277 530 2348 γήϊνον
556 2271 736 2343 φέρων
775 2266 972 2337 ἀνῆλθε
1017 2262 1156 2334 πρὸς
1212 2261 1363 2332 ἡμᾶς
1394 2260 1473 2320 εἰς
1521 2255 1942 2348 προανάπαυσιν

341 2345 531 2430 aii-toﬁ,
563 2363 692 2426 τοὺς
713 2358 1036 2429 ἀνθρώπους
1069 2353 1279 2418 θεώσας
1299 2351 1368 2405 δι’
1390 2347 1796 2418 εὐσπλαγχνίαν
1815 2345 1940 2400 πολ-

341 2460 441 2533 λὴν
478 2460 576 2513 καὶ
604 2455 843 2528 ἄμετρον
875 2449 1047 2514 ἔλεος.

413 2634 763 2710 ’Λποκρυϐὴν
796 2628 963 2685 αὐτοῦ
997 2625 1188 2688 σκότος
1231 2623 1262 2676 ὀ
1295 2620 1524 2710 θέμενος
1555 2611 1940 2710 τῇ-ἀσωμάτῳ

346 2735 527 2808 φύσει,
555 2704 649 2785 est
679 2704 968 2797 πτερύγων
985 2718 1206 2788 ἀνέμων
1233 2717 1262 2768 ὁ
1291 2704 1773 2808 ὲπιϐαξνωνᾌθεδς,
1803 2719 1938 2808 σαρ-

347 2793 543 2889 ἐωθειξ
575 2826 638 2876 ὲκ
664 2793 940 2887 Παρθένου
962 2809 1196 2880 νεφέλης
1244 2802 1536 2875 φωτεινῆς,
1595 2797 1683 2852 διὰ
1709 2793 1940 2889 νεφέλης

347 2919 458 2975 ἀπὸ
486 2887 587 2986 γῆς
629 2912 775 2982 πρὸς
811 2909 874 2962 τὸ
901 2905 1037 2976 ὕψος
1092 2899 1322 2972 ἀνῆλθεν
1341 2937 1359 2963 ,
1387 2893 1646 2967 ὁρώντων
1680 2887 1940 2962 μαθητῶν

353 3479 388 3548 ὴ
395 3475 514 3547 μῶν
543 3466 979 3542 παραπτώσεων.

818 3574 1203 3644 ἰνδὰλματος
1241 3566 1501 3640 χρυσοῦ.

427 3681 541 3770 Τὴν
574 3694 741 3768 φύσιν
772 3688 868 3746 τοῦ
921 3685 1096 3758 Ἀδὰμ
1118 3679 1585 3755 προσλαϐόμενος,
1620 3676 1718 3730 καλ⁹
1734 3671 1941 3770 ταύτην

359 3767 596 3858 θεώσας,
645 3787 810 3856 Δόγε,
846 3781 986 3854 πρὸς
1032 3779 1124 3834 τὸν
1175 3775 1488 3849 ἀρχίφωτον
1537 3767 1815 3842 ἀνήγαγες
1849 3781 1942 3818 σου

358 3883 601 3956 Πατέρα,
641 3873 1092 3945 καταπλαγεισης
1133 3869 1318 3938 πάσης
1357 3858 1942 3956 ἀσωμάτωνλτάξεως,

358 3978 454 4034 καὶ
485 3951 1116 4046 ἀναϐοώσης,Ὑμνείτω
1152 3962 1242 4018 τὸν
1268 3956 1648 4032 Κύριον,πᾶσα
1677 3954 1712 4026 ή
1746 3951 1942 4013 κτίσις.

425 4144 630 4222 ’Ἠλίας
669 4151 968 4226 προτυπῶν
992 4147 1094 4220 τὴν
1119 4141 1368 4218 φρικώδη
1395 4157 1489 4194 σου
1509 4137 1794 4200 ἀνάϐασιν,
1813 4134 1948 4226 (mos-

361 4254 513 4319 δότα,
554 4249 685 4320 θείῳ
728 4248 787 4302 έν
827 4242 1109 4314 Πνεύματι
1149 4235 1364 4308 ἐδείχθη
1398 4229 1818 4306 ἀρματηλάτης,
1853 4225 1949 4320 καὶ

364 4315 507 4413 πρὸς
531 4339 594 4394 τὸ
629 4315 763 4406 ὕψος
786 4334 909 4398 ὅλος
937 4331 1046 4387 ἀπὸ
1073 4330 1176 4402 γῆς
1203 4326 1455 4410 ἐφέρετο,
1494 4322 1715 4395 μέλπων
1753 4336 1840 4373 σοι
1869 4315 1946 4388 τῷ

363 4427 882 4505 Κτίστῃ,”Υμνεῑτω
903 4425 996 4481 τδν
1028 4422 1236 4510 Ιςύριον
1268 4421 1422 4476 πᾶσα
1449 4417 1627 4482 κτίσις
1659 4414 1754 4470 καὶ
1779 4413 1947 4485 ὑπερ-

364 4527 602 4599 υψούτω.

435 4601 711 4675 Αἰνέσατε
727 4615 882 4680 Θεὸν,
904 4610 1232 4676 ἁλαλάξατε,
1253 4607 1324 4662 τὰ
1350 4605 1504 4677 εθνη,
1551 4607 1798 4674 κροτεῑτε
1833 4597 1948 4669 χεῖ-

370 4736 491 4793 ρας,
528 4709 839 4784 συμφώνως
871 4705 1103 4777 ψᾶλατε,
1144 4705 1203 4756 ὲν
1229 4700 1362 4793 δόξῃ
1381 4695 1631 4793 ΔΧριστὸς
1660 4691 1908 4793 ’ἀνῆλθεν
1930 4724 1950 4754 ,

367 4779 396 4866 δ
430 4779 729 4882 βασιλεύων
749 4820 765 4836 ο
823 4801 947 4856 ὅθεν
976 4795 1116 4872 πρδς
1171 4793 1322 4867 ἡμᾶς
1352 4788 1580 4882 ἐλήλυθε
1619 4783 1794 4841 σῶσαι
1823 4779 1952 4842 τοὺς

369 4878 636 4977 βοῶντας·
653 4893 924 4967 ’Υμνείτω
952 4890 1045 4952 τὸν
1069 4886 1274 4977 Κύριον
1302 4883 1455 4977 πᾶσα
1469 4878 1668 4977 κτίσιςζ

444 4991 665 5065 κυρίως
701 4982 986 5054 σε,⁴Αγνὴ,
1019 4975 1483 5048 καταγγέλλοντες
1504 4970 1796 5065 δοξέιζομεν
1824 4967 1955 5020 Θεο-

369 5059 572 5144 τὸκονλ
603 5082 669 5137 σὺ
700 5080 810 5156 γὰρ
834 5077 928 5132 τὸν
976 5069 1077 5129 ἕνα
1102 5068 1426 5142 ἀπεκύησας
1453 5066 1554 5156 τῆς
1602 5059 1831 5156 Τριάδος
1866 5075 1959 5156 σε·

373 5148 854 5250 σαρκωμένονοθν
884 5169 982 5221 σὺν
1007 5161 1086 5236 τῷ
1117 5160 1294 5229 Ha.sz
1343 5157 1443 5212 καὶ
1494 5153 1776 5250 Πνεύματι
1825 5148 1959 5222 μελ-

370 5246 637 5342 ῳδοῦμεν·
655 5262 930 5337 ’Υμνείτω
952 5254 1043 5313 τὸν
1067 5254 1272 5326 Κύριον
1295 5251 1446 5306 πᾶσα
1477 5246 1673 5309 κτίσις.

813 5369 1044 5441 ’Λπορεῖ
1066 5365 1238 5425 πᾶσα
1265 5362 1538 5437 γλῶσσα.

462 5496 534 5550 '0
556 5491 695 5566 μετά
716 5488 875 5560 δόξης
900 5487 1026 5558 ἄρτι
1054 5479 1351 5537 δπιδαίνων
1366 5475 1588 5548 νεφέλῃ,
1619 5473 1706 5540 τίς
1735 5469 1967 5566 ἄραπέ-

378 5588 484 5656 λιι,
513 5565 725 5658 έιρησαν
752 5581 1030 5650 ἀνώτεροι
1059 5578 1115 5632 αι
1130 5573 1314 5641 τάξεις
1343 5573 1465 5636 ταῖς
1497 5568 1751 5640 βοώσαιςο
1784 5565 1968 5658 Πύλας

381 5654 578 5741 νοητὰς
606 5654 870 5743 διάρατε·
905 5666 1039 5730 Θεὸς
1077 5664 1107 5719 ὁ
1138 5663 1299 5735 μόνος
1339 5659 1408 5716 τὰ
1441 5659 1537 5714 ἰπὶ
1575 5659 1679 5728 γῆς
1726 5654 1970 5728 συνάψας

2045 1799 2276 1856 missum
2313 1801 2380 1855 ad
2414 1816 2511 1856 eos
2554 1800 2805 1857 mittendi
2849 1800 3118 1872 Spiritum
3160 1810 3436 1868 sanctum,
3482 1803 3629 1857 inter

2044 1901 2355 1948 concentus
2387 1900 2714 1964 assumptus
2753 1908 2812 1950 es
2853 1894 2908 1948 in
2943 1894 3115 1965 gloria
3158 1895 3432 1966 stupendo
3461 1893 3629 1950 modo

2043 1997 2210 2052 super
2239 1985 2356 2041 alas
2382 1985 2678 2041 Cberubim
2703 1995 2916 2042 vectus.

2113 2075 2335 2148 Aperite
2397 2085 2607 2149 portas,
2689 2077 2889 2136 discite
2950 2079 3321 2146 incredibilia,
3368 2079 3629 2135 dicebant

2042 2165 2304 2236 angelicae
2345 2177 2649 2238 potestates
2687 2171 3176 2242 praeminentibus
3207 2171 3313 2226 sibi
3365 2173 3623 2237 cmteris;

2041 2261 2135 2330 qui
2168 2269 2360 2328 regnat
2393 2277 2560 2333 super
2583 2269 2770 2319 omnia
2799 2265 3049 2320 ascendit
3076 2267 3143 2321 ad
3169 2282 3272 2321 nos
3293 2267 3346 2320 in
3381 2265 3637 2334 requiem

2044 2368 2201 2408 suam
2242 2361 2498 2410 naturam
2527 2356 2756 2414 indutus
2782 2357 3103 2425 humanam,
3133 2359 3328 2428 sicque
3363 2359 3627 2413 deilicans

2042 2445 2294 2502 homines
2325 2447 2395 2503 ob
2426 2447 2654 2504 nimiam
2716 2449 3042 2506 cliaritatem
3078 2449 3628 2520 misericordiamque

2044 2539 2338 2594 inﬁnitam.

2115 2631 2281 2686 Suam
2319 2633 2607 2690 involvens
2635 2635 2880 2690 tenebris
2914 2635 3320 2706 incorporalem
3365 2643 3625 2689 naturam

2043 2722 2190 2780 Deus
2220 2725 2315 2795 qui
2356 2725 2609 2780 ambulat
2639 2741 2808 2797 super
2845 2743 3058 2797 pennas
3106 2737 3421 2788 ventorum,
3461 2743 3627 2783 carne

2043 2825 2259 2885 sumpta
2295 2830 2362 2870 ex
2391 2815 2613 2885 Virgine
2645 2817 2789 2872 nube
2833 2817 3038 2883 lucida,
3085 2817 3152 2873 de
3187 2824 3333 2874 terra
3364 2818 3420 2872 in
3454 2817 3624 2872 altum

2043 2904 2288 2959 ascendit
2336 2919 2505 2975 super
2543 2905 2768 2972 nubem,
2811 2906 3132 2964 videntibus
3175 2907 3464 2979 discipulis
3504 2909 3627 2980 glo-

2043 2995 2248 3052 riosam
2289 2997 2411 3066 ejus
2447 3000 2857 3056 ascensionem.

2113 3085 2285 3144 Terra
2318 3089 2408 3144 illa
2441 3105 2523 3158 es,
2549 3105 2582 3146 o
2612 3089 2814 3164 Virgo,-
2837 3107 2960 3164 quae
2989 3093 3109 3150 sine
3153 3092 3343 3150 labore
3369 3093 3629 3165 produxit

2039 3179 2284 3236 omnium
2316 3183 2662 3252 nutritorem,
2696 3184 2848 3240 illum
2883 3175 3080 3258 nempe
3116 3187 3208 3258 qui
3239 3203 3459 3242 manum
3492 3202 3627 3258 ape-

2041 3269 2468 3343 rlt'impletque
2515 3288 2678 3330 omne
2754 3276 2961 3331 animal
3005 3265 3391 3334 benedictione
3437 3277 3624 3332 divina

2042 3377 2142 3417 sua
2177 3365 2413 3433 virtute;
2473 3366 2778 3422 corrobora
2836 3383 2974 3436 pane
3025 3370 3151 3426 vitae
3201 3371 3370 3426 corda
3435 3379 3625 3427 nostra

2040 3467 2156 3525 prae
2182 3454 2411 3512 fastidio
2445 3457 2764 3529 languentia
2804 3460 2878 3516 ob
2915 3460 3162 3519 infelices
3195 3463 3406 3533 culpas.

2573 3569 2613 3623 A
2629 3571 2746 3625 ιινεί
2785 3571 3089 3627 simulacri.

2115 3677 2434 3750 Assumpta.
2477 3677 2675 3735 Adami
2724 3690 2926 3738 natura
2968 3683 3232 3755 illamque
3269 3684 3558 3752 deilicans,
3592 3703 3627 3743 ο

2044 3765 2316 3833 Verbum,
2371 3769 2599 3828 deducis
2647 3772 2794 3828 illam
2848 3773 2916 3828 ad
2979 3773 3196 3832 Patrem
3237 3785 3416 3844 tuum,
3483 3781 3628 3836 lueis
3735 3842 3741 3848 ,

2047 3862 2463 3935 scaturiginem,
2499 3873 2758 3935 stupente
2790 3867 2940 3922 omni
2986 3870 3296 3926 cmleslium
3328 3873 3624 3942 spirituum

2046 3955 2240 4016 ordine
2277 3965 2334 4012 et
2362 3956 2785 4014 conclamante:
2819 3958 3074 4018 Celebret
3103 3961 3398 4020 Dominum
3444 3965 3630 4022 omnis

2045 4056 2318 4109 creatura.

2119 4140 2295 4204 Elias,
2331 4141 2715 4198 ascensionem
2785 4151 2934 4198 tuam
2987 4145 3314 4214 stupendam
3375 4147 3634 4219 praeﬁgu-

2048 4247 2205 4300 rans,
2261 4231 2472 4305 Spiritu
2525 4235 2711 4293 divino
2767 4235 2970 4294 ductus
3039 4238 3196 4294 visus
3257 4247 3341 4294 est
3403 4257 3631 4296 currum

2051 4341 2244 4398 agens,
2290 4327 2581 4399 elatusque
2626 4327 2700 4384 de
2737 4336 2886 4386 terra
2935 4329 2995 4386 in
3034 4330 3386 4387 altitudinem
3417 4333 3541 4388 caeli
3581 4341 3637 4388 te

2054 4417 2342 4478 celebrans
2377 4428 2688 4478 creatorem
2723 4427 2779 4477 et
2820 4421 3014 4478 dicens
3051 4440 3066 4478 :
3097 4421 3310 4480 Laudet
3337 4423 3634 4480 Dominum

2053 4520 2112 4569 et
2142 4513 2516 4582 superexaltet
2543 4513 2700 4573 illum
2733 4516 2918 4573 omnis
2951 4523 3232 4573 creatura.

2127 4604 2375 4663 Laudate
2405 4607 2604 4673 Deum,
2631 4607 2893 4678 jubilate,
2926 4617 3142 4681 gentes,
3175 4610 3420 4681 plaudite
3459 4611 3640 4665 mani-

2057 4693 2186 4759 bus,
2216 4709 2352 4751 voce
2382 4695 2646 4752 concordi
2684 4697 2906 4767 psallite
2940 4698 3232 4755 :Christus
3268 4713 3362 4754 rex
3397 4700 3643 4754 surrexit

2058 4785 2115 4842 in
2145 4785 2324 4858 gloria
2361 4787 2508 4843 unde
2539 4800 2792 4854 venerat,
2817 4787 2888 4844 ad
2928 4787 3221 4845 salvandos
3254 4804 3356 4844 nos
3385 4791 3642 4844 claman-

2059 4885 2146 4937 tes
2173 4897 2188 4935 :
2221 4879 2416 4936 Omnis
2438 4885 2697 4936 creatura
2727 4878 2912 4935 laudet
2938 4878 3255 4934 Dominum.

2137 4971 2332 5026 Merito
2366 4970 2734 5042 pradicantes
2763 4977 2817 5026 te
2847 4969 2946 5026 Dei
2980 4969 3223 5034 Matrem.
3243 4971 3643 5042 gloriﬁcamus,

2064 5079 2099 5119 ο
2133 5064 2299 5134 Virgo
2334 5063 2730 5133 immaculata;
2781 5062 2868 5121 sic
2905 5063 3054 5120 enim
3099 5079 3271 5120 unum
3309 5079 3339 5118 a
3379 5063 3649 5120 Trinitate

2067 5170 2290 5212 carnem
2331 5155 2536 5224 fecisti,
2573 5169 2738 5226 quem
2762 5170 2887 5211 cum
2935 5153 3097 5211 Patre
3123 5166 3180 5211 et
3211 5154 3424 5226 Spiritu
3455 5163 3652 5210 sancto

2069 5257 2131 5304 ut
2155 5247 2446 5305 Dominum
2479 5247 2722 5304 celebret
2748 5248 2934 5304 omnis
2962 5255 3239 5303 creatura.

2428 5359 2761 5432 Insuniciem
2791 5368 2871 5420 eat
2894 5361 3064 5416 omnia
3092 5359 3297 5432 lingua.

2145 5473 2283 5541 Quis
2332 5484 2420 5531 est
2451 5473 2559 5531 iste
2595 5474 2692 5546 qui
2732 5472 2899 5530 modo
2933 5471 3185 5532 ascendit
3223 5486 3349 5527 cum
3397 5469 3570 5543 gloria
3597 5469 3658 5527 in

2077 5566 2268 5624 nube?
2315 5566 2573 5624 dixerunt
2625 5568 2885 5624 caelestes
2934 5568 3182 5643 legiones
3208 5564 3331 5620 aliis
3369 5563 3660 5619 clamanti-

2078 5655 2204 5723 bus,
2236 5656 2458 5727 Aperite
2506 5666 2728 5728 portas;
2777 5655 2926 5716 Deus
2969 5667 3059 5721 cst
3103 5653 3254 5712 solus
3293 5664 3496 5712 terram
3522 5653 3666 5709 oculo
