3968 6198
352 302 488 367 3957

1256 309 1319 369 S.
1357 306 1775 371 SOPHRONII
1812 312 2317 375 PATRIARCIi.-E
2346 315 2747 377 HlEROSOL.

3482 316 3628 404 πολε

354 411 369 459 i
396 413 546 466 lusus
574 411 759 476 fuerit.
789 427 818 468 a
851 399 1082 469 Domino
1106 423 1285 469 autem
1323 416 1663 473 benedictus.
1708 420 1930 475 Summa

2035 422 2338 476 ἀποστόλου
2395 425 2588 495 τιμίαν
2641 427 2840 496 κάραν,
2894 426 2961 496 ἢν
3007 425 3310 497 ἀποκαρεὶς
3365 426 3469 480 ὑπὸ
3515 399 3627 481 τῶν

348 517 381 553 e
425 503 709 558 duodecim
746 505 1031 574 lapidibus,
1068 508 1133 559 ad
1169 505 1311 561 Petri
1350 508 1731 576 imitationem,
1762 511 1928 581 ignita

353 596 537 660 specie
587 597 639 649 in
694 596 975 651 sacerdote
1027 596 1213 667 fulget,
1239 599 1391 667 juxta
1434 601 1561 657 illud
1598 590 1927 673 Propltetae:

358 697 378 723 ο
416 683 517 749 Qui
576 684 703 739 facit
729 684 948 756 angelos
984 701 1111 742 suos
1158 688 1381 757 spiritus
1408 690 1464 757 ’;
1502 711 1521 743 ι
1564 702 1619 747 et
1669 693 1864 749 iterum
1912 713 1927 751 :

358 794 377 822 ο
413 773 544 840 Quis
566 774 674 839 ille,
694 774 785 843 qui
804 778 950 831 venit
968 791 1033 834 ex
1052 776 1342 834 Edom"?t
1367 779 1466 835 Hic
1488 783 1629 838 enim
1658 787 1930 841 coccinea:

355 874 609 933 vocatur;
640 867 885 936 profecto
910 867 1165 927 Christus
1193 872 1245 926 in
1270 870 1533 930 Passione
1553 891 1648 930 sua
1679 878 1925 950 chlamy-

353 956 471 1010 tlem
523 957 835 1014 coccineam
890 964 1147 1030 portavit.
1202 962 1523 1021 Sacerdotes
1574 982 1704 1022 vero
1750 968 1928 1024 locum

353 1047 634 1120 Seraphici
667 1052 818 1107 chori
841 1065 1024 1109 tenent
1054 1068 1108 1111 et
1137 1058 1291 1113 stolis
1320 1060 1433 1115 suis
1456 1060 1656 1116 obtecti
1680 1072 1808 1131 sunt
1835 1077 1933 1117 ve-

350 1142 446 1196 luti
492 1146 712 1213 pennis;
760 1147 970 1204 duabus
1011 1149 1283 1206 labiorum
1320 1152 1421 1206 alis
1467 1154 1722 1223 hymnum
1765 1153 1931 1209 ctele-

349 1246 487 1290 stem
536 1247 759 1302 canuut,
814 1256 1069 1295 manuum
1128 1253 1305 1298 autem
1362 1243 1554 1313 capulo
1590 1244 1929 1314 spiritualem

351 1330 528 1400 ignem
564 1332 841 1388 Christum
881 1337 1213 1405 accipientes
1240 1337 1291 1391 in
1331 1338 1486 1391 altari
1513 1336 1714 1393 ferunt.

2027 513 2397 567 ἀπειθούντων
2421 515 2739 581 ἐνεπαίζετο
2764 532 2779 546 ·
2832 516 3039 587 ταύτην
3067 518 3371 589 ηὐλόγησεν
3404 520 3433 572 6
3485 519 3626 590 Χρι-

2031 605 2175 669 στός.
2242 608 2470 680 Κορυσρὴ
2524 608 2581 661 δὲ
2640 609 2735 662 τοῦ
2781 609 3181 675 δωδεκαλίθου,
3248 609 3327 675 ὡς
3386 610 3534 665 ἐστιν
3592 613 3625 664 6

2028 697 2326 762 ἀπόστολος
2384 700 2585 772 Πέτρος
2618 740 2633 765 ,
2701 699 2992 772 πυροειδὴς
3061 700 3209 763 ἱστὸς
3268 700 3363 755 τοῦ
3430 702 3625 773 ἱερέως

2030 795 2175 859 κατά
2226 791 2316 844 τὸν
2373 797 2680 865 προφήτην,
2742 813 2761 846 ι
2836 794 2895 847 '0
2962 793 3136 846 ποιῶν
3180 793 3312 857 τοὺς
3357 791 3625 862 ἀγγέπους

2036 881 2202 936 αὐτοῦ
2257 885 2543 954 πνεύματα
2569 901 2585 917 σ
2619 888 2753 940 »καὶ
2796 886 2980 954 πάλιν,
3042 905 3061 939 ι
3108 884 3206 951 Τίς
3247 879 3404 951 οὗτος
3449 888 3478 939 6
3518 905 3628 940 πα-

2043 975 2408 1048 ραγενόμενος
2433 978 2492 1046 ἐξ
2532 978 2753 1051 Ἑδὼμ;
2796 999 2815 1031 ι
2839 979 2868 1033 6
2898 980 3115 1051 λέγεται
3160 980 3448 1033 κόκκινον
3474 994 3486 1009 ·
3527 980 3626 1035 καὶ

2040 1068 2201 1122 πάλιν
2228 1070 2312 1123 ὅτι
2347 1069 2597 1142 χλαμύδα
2623 1071 2886 1142 κοκκίνην
2917 1073 3180 1142 ὲφόρεσεν
3221 1072 3251 1125 6
3300 1071 3540 1139 Χριστὸς
3564 1074 3626 1124 ἒν

1991 1176 1995 1179 ·
2039 1158 2119 1233 τῷ
2147 1160 2341 1213 πάθει*
2375 1162 2424 1213 οί
2481 1161 2844 1234 πρεσδύτεροι
2893 1161 3036 1217 κατά
3089 1163 3322 1235 μίμησιν
3372 1161 3627 1233 Σεραφίμ

2040 1250 2165 1314 είσι,
2191 1252 2312 1317 ταῖς
2360 1255 2460 1321 μὲν
2500 1251 2711 1315 στολαῖς
2741 1253 2898 1321 δίκην
2938 1251 3155 1323 πτερῶν
3186 1250 3626 1320 κατακεκαλυμ-
3686 1252 3692 1265 ¹

2043 1339 2217 1411 μένοι,
2249 1343 2368 1404 ταῖς
2420 1341 2539 1394 δυσὶ
2596 1342 2821 1415 πτέρυξι
2877 1342 2985 1395 τῶν
3026 1340 3252 1413 χειλέων
3299 1341 3391 1395 τὸν
3450 1339 3627 1410 ὕμνον

351 1423 602 1513 βοῶντες,
640 1426 733 1479 καὶ
815 1428 1137 1513 κατέχοντες
1189 1428 1281 1483 τὸν
1329 1430 1520 1502 νοητὸν
1600 1430 1852 1503 ἄνθρακα
1883 1433 2120 1504 Χριστὸν
2153 1474 2169 1498 ,
2218 1436 2277 1489 ἐν
2329 1433 2407 1505 τῷ
2485 1433 2853 1506 θυσιαστηρίῳ
2905 1436 2974 1504 τῇ
3028 1433 3207 1486 λαὸίδι
3276 1433 3378 1501 τῆς
3439 1432 3625 1502 χειρὸς

350 1507 628 1590 φέροντες.

420 1614 475 1669 7.
524 1614 767 1682 DiacOni,
802 1616 865 1673 in,
899 1616 1114 1670 modum
1158 1618 1528 1688 augelicarum
1568 1630 1926 1690 potestatum,

350 1705 515 1761 veluti
552 1706 1027 1763 administratores
1064 1709 1287 1777 spiritus
1322 1712 1435 1765 suis
1466 1713 1758 1769 subtilibus
1802 1715 1925 1782 alis,

353 1801 425 1874 ita
451 1800 633 1855 linteis
656 1800 895 1855 vestibus
919 1801 1277 1857 inservientcs
1294 1802 1709 1861 circumvolant.
1730 1805 1932 1862 Sancta

349 1890 580 1957 phalanx
625 1890 956 1955 nominatur,
996 1891 1120 1960 quia
1165 1892 1338 1962 gratia
1366 1891 1461 1947 Dei
1500 1894 1554 1947 in
1588 1894 1675 1947 illa
1710 1895 1888 1951 adstat
1913 1912 1966 1962 ;‘

349 1984 454 2038 albi
509 1984 712 2039 coloris
742 1993 847 2046 est,
875 1984 1002 2053 quia
1050 2000 1179 2039 caro
1222 1984 1424 2040 Christi
1473 1988 1929 2054 quemadmodum

347 2091 476 2131 caro
510 2075 771 2139 humana,
827 2074 927 2131 fuit
967 2077 1127 2142 alba;
1156 2077 1451 2131 maschalas
1491 2076 1677 2146 habet,
1710 2090 1933 2151 propter

349 2168 487 2219 latus
534 2165 836 2235 perfossum
872 2166 1081 2222 lancea.
1122 2166 1369 2233 Manicze,
1403 2168 1618 2223 vincula
1668 2186 1927 2227 manuum

346 2260 464 2325 ejus
511 2256 792 2322 sinmlant,
826 2257 1021 2326 quibus
1048 2260 1115 2312 ad
1158 2259 1369 2313 Annam
1405 2269 1462 2314 ct
1504 2259 1764 2329 Caipham
1799 2275 1928 2332 per-

345 2355 540 2406 unctus
577 2351 707 2415 fuit;
736 2367 840 2406 non
872 2352 1016 2406 enim
1048 2368 1076 2404 a
1112 2361 1282 2423 tergo,
1308 2352 1404 2407 sed
1435 2364 1563 2408 ante
1590 2364 1778 2423 pectus
1799 2356 1925 2410 alli-

346 2457 503 2513 gztltls
549 2454 688 2500 erat.
730 2443 912 2501 Sacra:
960 2454 1139 2499 autem
1177 2444 1419 2500 cohortis
1450 2448 1810 2516 anacolaplta,
1847 2448 1929 2504 lo-

344 2553 466 2589 .um
511 2536 675 2590 habet
712 2536 914 2606 cinguli
948 2551 1140 2591 sensus
1182 2537 1506 2591 cohibentis.
1541 2536 1792 2607 Cingitur
1835 2554 1926 2593 sa-

342 2631 567 2696 γωνίης,
630 2630 755 2699 quia
824 2628 1127 2698 spiritualia
1204 2628 1419 2698 perlicit
1476 2639 1532 2684 et
1599 2630 1927 2701 simpliciter

345 2721 625 2776 τηιῑοιιιιιὶιι
649 2721 993 2790 constringit.
1021 2719 1222 2773 Penula
1246 2732 1327 2775 εει
1356 2722 1523 2775 vestis
1548 2722 1917 2787 inconsutilis,

341 2830 459 2884 quae
508 2830 537 2869 a
596 2813 802 2883 Spiritu
852 2820 1046 2867 sancto
1078 2814 1357 2882 apparuit;
1397 2814 1638 2885 chlamys
1668 2817 1922 2870 coccinea

339 2917 446 2961 est.
480 2906 792 2960 Eucltirium
839 2903 1039 2960 lineum
1091 2915 1208 2967 est;
1252 2904 1296 2958 sl
1347 2904 1539 2974 penula
1592 2918 1919 2974 purpureum

341 3000 501 3053 habet
547 2998 814 3062 colorem,
871 2996 1002 3051 illud
1066 2996 1361 3066 Scriptura:
1414 3007 1920 3052 conunemoratur:

343 3112 360 3143 ι
386 3089 567 3162 Quare
615 3089 776 3145 rubra
802 3097 933 3145 sunt
957 3090 1276 3143 vestimenta
1314 3098 1402 3142 tua
1425 3088 1505 3142 '°?
1545 3108 1562 3140 ι
1600 3086 1695 3143 Sin
1738 3099 1918 3143 autem

338 3185 540 3251 album,
588 3183 945 3239 mutationem
983 3182 1223 3245 indicat;
1255 3182 1481 3252 angelus
1511 3182 1657 3235 enim
1695 3182 1749 3236 in
1784 3181 1922 3236 albis

338 3276 587 3346 apparuit
628 3273 971 3341 mulieribus,
1020 3282 1076 3329 et
1119 3274 1463 3344 Splendorem
1505 3272 1924 3330 resurrectionis

338 3368 795 3436 praemonstravit,
829 3367 895 3422 ad
926 3380 1089 3438 quam
1151 3364 1381 3436 pepulus
1432 3366 1688 3420 intendit.
1721 3365 1920 3419 llume-

337 3462 471 3527 rale,
510 3460 890 3517 vestimentum
922 3459 1156 3514 Aaronis
1190 3457 1376 3523 refert,
1415 3474 1522 3528 quo
1557 3458 1657 3511 sub
1685 3458 1802 3527 lege
1840 3458 1924 3511 in-

335 3554 637 3608 duehantur
676 3552 1020 3619 sacerdotes;
1069 3568 1295 3623 parvum
1348 3566 1475 3607 vero
1526 3553 1592 3605 ad
1638 3552 1921 3609 sinistram

335 3646 610 3703 habebant
644 3647 943 3703 sudarium.

402 3916 459 3973 8.
504 3916 686 3971 Sacra:
730 3914 1014 3987 phalangis
1058 3922 1280 3971 tonsura
1308 3954 1321 3980 ,
1378 3913 1541 3969 veluti
1597 3913 1917 3980 sacerdotis,

334 4010 579 4077 Spiltcuttl
639 4009 847 4063 Domini
887 4008 1059 4062 nostri
1094 4023 1349 4061 coronam
1387 4008 1749 4062 demonstrat.
1796 4004 1920 4075 Epi-

294 4124 313 4136 ο
336 4101 576 4154 trnillum
610 4100 803 4169 capitis
818 4099 1372 4171 ejusiirmamentum
1394 4097 1672 4154 cherubici
1705 4098 1915 4153 throni:

338 4213 355 4245 ι
394 4193 684 4247 Cherubin:
716 4193 860 4248 enim
894 4194 1231 4264 requiescent
1255 4208 1419 4261 super
1447 4202 1609 4260 eaput
1633 4189 1748 4259 ejus
1779 4191 1818 4223 ”
1850 4208 1863 4245 :
1894 4209 1913 4242 ι

331 4289 397 4339 ,ιιι
422 4286 736 4355 angelorum
774 4286 1034 4339 visionem
1065 4284 1487 4338 allutlit.Tunica
1516 4284 1636 4337 alba
1672 4295 1754 4338 est
1776 4284 1920 4337 sicut

332 4379 554 4449 angelis;
590 4378 828 4437 orarium
885 4378 1107 4445 angelos
1165 4376 1443 4441 imitatur;
1481 4375 1603 4429 ideo
1646 4376 1711 4429 ad
1754 4374 1919 4445 pedes

2106 1623 2173 1688 ζ’.
2207 1623 2271 1677 Οί
2309 1623 2366 1678 δὲ
2396 1623 2635 1677 διάκονοι
2663 1623 2742 1687 εἰς
2775 1622 2945 1677 τύπον
2977 1623 3085 1676 τῶν
3118 1623 3432 1693 ἀγγελικῶν
3464 1625 3631 1681 δυνά-

2040 1730 2186 1780 μεων
2208 1715 2329 1777 ταῖς
2357 1714 2580 1776 λεπταῖς
2615 1713 2725 1765 τῶν
2759 1712 2923 1765 λινῶν
2954 1712 3211 1784 ὼραρίων
3239 1711 3498 1783 πτέρυξιν
3548 1714 3625 1776 ὡς

2036 1805 2387 1877 λειτουργικὰ
2434 1805 2723 1876 πνεύματα
2762 1805 2844 1869 είς
2890 1804 3167 1859 διακονίαν
3208 1805 3620 1876 περιτρέχουσι.

2035 1897 2318 1968 Στιχάριον
2354 1897 2574 1967 λέγεται
2607 1897 2743 1951 διότι
2771 1897 3005 1968 ἔστηκεν
3053 1899 3084 1968 ἠ
3139 1897 3302 1968 χάρις
3353 1897 3450 1950 τοῦ
3481 1896 3624 1949 Θεοῦ

2020 1972 2091 2036 ’ἐν
2110 1984 2256 2055 αύτῷ
2286 2001 2299 2015 ·
2329 1984 2496 2049 τύπος
2528 1984 2583 2040 δέ
2615 1987 2730 2041 ἐστι
2760 1986 2861 2055 τῆς
2899 1987 3105 2056 σαρκός
3135 1984 3229 2038 τού
3263 1984 3500 2049 Χριστοῦ
3546 1985 3626 2048 ῶς

2031 2075 2244 2141 λευκὸν,
2277 2075 2458 2139 καθὼς
2497 2077 2592 2129 καὶ
2627 2078 2659 2148 ἡ
2695 2062 3011 2147 ἀνθρωπίνη
3048 2075 3188 2147 σάρξ
3218 2092 3233 2106 ⁸
3268 2078 3378 2147 ἔχει
3415 2072 3471 2128 δὲ
3522 2076 3626 2147 καὶ

2034 2167 2320 2239 μασχάλας
2356 2168 2443 2221 διά
2471 2168 2570 2240 τὴν
2606 2171 2671 2220 ἐκ
2709 2167 2912 2240 λόγχης
2947 2170 3304 2238 κεντηθείσαν
3350 2168 3619 2240 πλευράν.

2031 2260 2112 2314 Τὰ
2143 2262 2223 2323 εἰς
2256 2259 2325 2313 τὰ
2358 2261 2589 2330 μανὶκια
2639 2259 2813 2330 λωρία
2858 2260 3167 2316 δεικνύουσι
3196 2260 3264 2313 τὰ
3296 2260 3474 2329 δειεμά
3510 2262 3623 2313 τῶν

2029 2352 2227 2424 χειρῶν
2267 2351 2458 2417 αὐτοῦ,
2484 2353 2554 2406 δι’
2580 2345 2655 2405 ὧν
2690 2354 2981 2423 ἀπήγαγον
3022 2353 3185 2406 αύτὶν
3239 2353 3376 2422 πρὸς
3414 2355 3622 2407 ’Ἄνναν

2029 2446 2122 2498 καὶ
2155 2445 2437 2514 Καϊάφαν·
2483 2446 2543 2497 ού
2577 2444 2685 2514 γὰρ
2714 2444 2957 2509 ὄπισθεν,
2991 2443 3108 2498 ἀλλ’
3142 2444 3456 2516 ἔμπροσθεν
3491 2444 3619 2515 ἕδη-

2028 2552 2133 2591 σαν
2167 2536 2353 2590 αὐτόν.
2398 2535 2741 2606 Ἀνακολαιιςὴ
2773 2535 2867 2588 τοῦ
2912 2536 3189 2608 στιχαρίου
3247 2537 3366 2590 ἀντὶ
3392 2537 3491 2603 τῆς
3528 2537 3619 2589 αἱ·

2031 2629 2457 2702 σθητῆςζώνης.
2499 2631 2571 2684 Τὸ
2597 2629 2899 2695 ζώννυσθαι
2940 2630 3034 2682 τὸν
3080 2630 3231 2698 ἱερέα
3260 2630 3349 2683 διὰ
3375 2630 3435 2682 1:6
3475 2626 3620 2687 εἶναι

2028 2712 2194 2778 αὑτὸν
2224 2725 2282 2775 ἐν
2307 2725 2653 2794 πνευματικῇ
2705 2722 2960 2793 διαγωγῇ
2987 2721 3375 2790 διεζωσμένον,
3407 2720 3498 2773 καὶ
3553 2720 3619 2772 το

2026 2814 2241 2884 λογικὸν
2276 2814 2442 2868 αὑτοῦ
2478 2813 2960 2885 περισφίγγεσθαι.
2985 2812 3058 2866 T6
3092 2813 3363 2883 φελώνιόν
3402 2815 3555 2865 ἐστιν
3587 2816 3620 2868 6
3646 2832 3667 2847 '

2024 2906 2192 2977 χιτὼν
2220 2907 2247 2957 6
2289 2907 2532 2980 ἄρῤαφος
2556 2908 2583 2961 6
2611 2909 2700 2960 ἐκ·
2730 2907 2822 2961 τοῦ
2869 2907 3026 2974 ἀγίου
3058 2905 3378 2976 Πνεύματος
3405 2908 3617 2973 ἐκφανο

2002 3001 2159 3065 θεὶς,
2195 3001 2314 3053 ἔστι
2364 2999 2421 3053 δὲ
2455 3002 2488 3070 ἡ
2521 3000 2748 3070 κοκκίνη
2804 2999 3041 3071 χλαμὺς.
3093 2998 3167 3053 T6
3222 2998 3498 3070 ἐγχείριον
3551 2997 3618 3052 τὸ

2024 3093 2232 3147 λέντιόν
2292 3095 2411 3146 ἐστι
2444 3110 2456 3123 ·
2496 3096 2546 3147 εί
2594 3094 2709 3147 ἐστι
2756 3090 3248 3164 στιχαροιρελώνιον
3298 3090 3611 3161 πυροειδὲς,

2026 3186 2114 3241 διὰ
2148 3187 2210 3240 τὺ
2246 3186 2425 3256 λέγειν
2451 3186 2549 3257 τὴν
2582 3187 2804 3260 Γραφὴν
2833 3203 2848 3218 ο
2886 3206 2905 3238 ι
2942 3186 3040 3239 Διά
3091 3185 3141 3238 τί
3170 3202 3264 3238 σου
3296 3181 3505 3255 ἐρυθρά
3545 3184 3617 3237 τὰ

2029 3278 2252 3347 ίμάτιας
2292 3296 2309 3328 ι
2345 3277 2480 3331 εἰδὲ
2531 3277 2704 3332 λευκά
2748 3280 2885 3340 εἰσι,
2923 3276 3233 3329 διεκνύουσι
3286 3273 3386 3343 τὴν
3443 3290 3617 3344 μετα·

2028 3369 2335 3440 μόρφωσιν.
2364 3369 2461 3422 καὶ
2514 3370 2596 3423 ὃτι
2637 3368 2666 3421 6
2705 3367 2936 3437 ἄγγελος
2992 3368 3165 3437 ἐφάνη
3214 3369 3333 3429 ταῖς
3389 3365 3618 3432 γυναιξὶ

2024 3460 2238 3525 λευκδς,
2275 3461 2544 3515 δεικνύων
2573 3461 2660 3515 διὰ
2690 3461 2788 3530 τῆς
2826 3460 3153 3530 λευκότητος
3184 3458 3283 3530 τὴν
3341 3457 3617 3528 ἑλλαμψιν

2022 3554 2122 3625 τῆς
2175 3553 2563 3616 ἀναστάσεωςο
2599 3554 2627 3606 6
2658 3553 2718 3606 δὲ
2778 3551 3027 3623 κάλαμός
3082 3555 3199 3605 ἐστι
3256 3550 3460 3614 παντὸς
3510 3550 3611 3604 τοῦ

2021 3643 2176 3699 λαοῦ.
2210 3645 2284 3697 T6
2329 3644 2642 3715 ὠμοφόριον
2675 3643 2794 3697 ἐστὶ
2834 3642 2974 3697 κατά
2995 3641 3093 3712 τὴν
3133 3643 3330 3712 στολην
3370 3639 3611 3713 Ἀαρὼν,

2022 3741 2159 3807 ὅπερ
2193 3738 2423 3807 ἐφόρουν
2448 3738 2497 3790 oi
2520 3739 2577 3790 ἐν
2603 3736 2754 3806 νόμῳ
2787 3735 3090 3809 ἀρχιερεῖς,
3128 3734 3388 3804 σουδάρια
3426 3733 3609 3806 μικρά

2022 3832 2080 3882 ὲν
2108 3829 2186 3900 τῷ
2216 3828 2484 3898 εὐωνύμῳ
2518 3827 2675 3899 μέρει
2701 3827 3100 3898 περιτιθέντες.

2091 3921 2162 3990 η’.
2211 3921 2274 3974 Ἦ
2328 3920 2503 3992 κουρά
2561 3919 2733 3989 δηλοῖ,
2769 3919 2846 3975 ὡς
2902 3918 2996 3971 καὶ
3047 3916 3142 3970 τοῦ
3194 3915 3409 3987 ἱερέως,
3459 3915 3603 3969 διότι

2023 4013 2291 4082 στέφανον
2321 4011 2380 4076 ἐξ
2409 3999 2663 4066 ἀκανθῶν
2692 4009 2897 4077 ἔθηκαν
2925 4010 3016 4061 ἐπὶ
3034 4011 3132 4079 τὴν
3151 4009 3395 4078 κεφαλὴν
3416 4006 3609 4061 αὐτοῦ.

2019 4105 2093 4157 T6
2128 4101 2504 4175 ἐπιτρούλλιον
2533 4103 2631 4173 τῆς
2662 4100 2910 4168 κεφαλῆς
2937 4096 3128 4177 αὐτού,
3161 4096 3446 4168 ἑδραίωμα
3507 4095 3607 4151 τοῦ

2019 4193 2343 4267 χερουϐικοῦ
2366 4192 2557 4265 θρόνου
2586 4209 2601 4223 ο
2638 4210 2655 4243 ι
2713 4190 3194 4244 Ἐπαναπαύσεται
3231 4189 3340 4260 γὰρ
3393 4190 3475 4251 είς
3507 4186 3612 4258 τὴν

2020 4283 2263 4356 κεφαλὴν
2281 4285 2446 4339 αὐτοῦ
2474 4284 2543 4337 τά
2572 4282 2857 4354 Χερουΰίμ
2883 4299 2898 4314 ·
2938 4302 2954 4330 ι
2986 4282 3136 4351 δηλοῖ
3154 4281 3211 4334 δὲ
3249 4284 3344 4334 καὶ
3358 4281 3610 4349 ἀγγέλων

2021 4377 2281 4446 θεωρίαν.
2313 4378 2386 4430 Τὸ
2409 4375 2465 4429 δὲ
2491 4377 2773 4451 στιχάριον
2794 4374 3084 4445 λευχεῖμον
3111 4373 3190 4437 ὡς
3246 4373 3505 4441 ἀγγέλου.
3533 4371 3611 4424 Τὸ

331 4471 522 4525 deliuit
552 4480 608 4524 ct
636 4471 861 4524 sinistro
886 4469 1272 4537 superponitur
1320 4469 1579 4535 humero;
1630 4468 1738 4521 duo
1804 4468 1907 4522 Te-

2029 4468 2074 4521 Ξέ
2100 4469 2340 4540 ῶράριον
2363 4471 2441 4532 είς
2472 4469 2641 4522 τύπον
2668 4469 2778 4522 τῶν
2803 4466 3021 4537 πτερῶν
3050 4466 3318 4534 ἀγγέλων,
3337 4465 3471 4519 διότι
3508 4481 3612 4516 κα-

329 4574 597 4618 ειιιιιιθιιιιι
644 4562 949 4631 signiticet;
993 4560 1202 4615 Novum
1238 4575 1267 4614 a
1312 4559 1489 4616 fronte
1534 4572 1639 4625 est,
1689 4558 1852 4616 Vetus
1880 4578 1910 4615 ιι

256 4675 263 4683 ·
328 4667 481 4726 tergo
512 4671 525 4708 :
559 4659 723 4710 vestis
762 4667 942 4709 autem
969 4655 1227 4720 cohaeret,
1260 4669 1385 4707 nam
1429 4656 1473 4729 si
1512 4652 1681 4709 Vetus
1709 4666 1765 4709 et
1795 4653 1910 4713 No-

329 4766 450 4802 tum
482 4747 891 4806 Tesmmentnm
927 4750 1068 4805 inter
1101 4762 1163 4802 se
1193 4746 1483 4821 conjuncta
1520 4765 1625 4805 non
1662 4749 1909 4814 fuissent,

329 4843 470 4899 nulla
515 4845 728 4899 adesset
799 4842 1156 4901 continnilas.
1217 4840 1472 4913 Manipuli
1530 4860 1665 4912 quos
1712 4851 1912 4913 gerunt

324 4934 563 5001 diaconi,
593 4935 810 4990 sudaria
838 4935 1083 5007 corporis
1109 4936 1477 5006 apostolorum
1505 4944 1650 4993 sunt.

400 5110 521 5165 llmc
555 5127 680 5168 cum
720 5113 1010 5189 explanata
1043 5115 1153 5174 s'nt
1178 5155 1191 5179 ,
1219 5113 1333 5184 jam
1378 5117 1445 5170 de
1477 5115 1697 5171 victima
1730 5117 1914 5171 dicen-

323 5208 449 5258 dum
482 5217 584 5271 eSI,
619 5223 739 5274 qu:e
765 5223 794 5259 a
837 5208 1211 5262 sacerdotibus
1252 5208 1615 5263 sarrilicatnr.
1652 5209 1914 5267 Dominus

325 5309 509 5351 noster
533 5296 692 5353 Jesns
724 5298 998 5366 Christus,
1033 5302 1123 5370 qui
1154 5317 1252 5372 pro
1288 5302 1471 5355 mun‘di
1507 5302 1615 5355 vita
1645 5312 1698 5356 et
1737 5302 1911 5359 salute

322 5392 663 5451 sacriticatus
685 5405 789 5454 est,
835 5396 1079 5464 quotidie
1107 5404 1159 5448 et
1208 5410 1314 5462 quo
1345 5396 1502 5450 modo
1547 5394 1600 5451 in
1642 5395 1907 5450 Calvarite

324 5484 443 5538 Euro
473 5486 765 5541 crucilixus
788 5498 893 5552 est,
932 5490 1001 5541 ita
1032 5490 1085 5542 in
1106 5502 1290 5544 sancta
1322 5489 1559 5560 protlte‘si
1593 5509 1621 5543 a
1651 5490 1897 5547 sacerdo-

325 5573 467 5632 .ibus
492 5578 863 5645 sacriﬁcatur;
889 5595 1010 5635 cum
1030 5581 1215 5635 lancea
1242 5579 1603 5649 sacriﬁcatur,
1632 5600 1696 5638 ne
1726 5585 1906 5638 forsan

441 5747 625 5807 'P~al.
659 5771 688 5808 ο
715 5774 774 5817 .;,
810 5760 852 5809 4.
896 5760 935 5781 ⁶’
987 5757 1089 5814 isa.
1127 5775 1278 5826 thu,
1322 5763 1366 5814 l.
1440 5761 1480 5793 ¹⁰
1516 5761 1643 5817 ibid.
1675 5760 1728 5817 2.

2021 4561 2276 4634 ταχέεται
2302 4561 2404 4623 ἓως
2434 4561 2543 4614 τῶν
2571 4560 2767 4625 ποδῶν,
2792 4561 2887 4612 καὶ
2928 4558 3202 4612 ἐπίκειται
3228 4558 3305 4628 τῷ
3332 4556 3610 4628 ἀριστερῷ

2019 4652 2177 4724 ὤμῳ,
2216 4640 2419 4723 μηνύον
2462 4652 2560 4717 τὰς
2591 4652 2682 4707 δύο
2712 4651 3009 4721 Διαθήκας,
3048 4651 3148 4716 τὴν
3190 4650 3287 4721 μὲν
3328 4650 3475 4703 Νέαν
3506 4650 3609 4719 ἔμ-

2019 4745 2279 4818 προσθεν,
2316 4745 2415 4815 τὴν
2444 4744 2498 4797 δέ
2555 4743 2799 4798 Παλαιὰν
2838 4741 3062 4795 ὄπισθεν
3088 4760 3101 4774 σ
3130 4743 3220 4795 δια
3246 4742 3404 4796 τοῦτο
3437 4742 3496 4793 ἐν
3536 4744 3608 4811 τῇ

2018 4834 2296 4904 κοινωνία,
2321 4834 2415 4887 ἐὰν
2449 4833 2522 4906 μὴ
2572 4834 2715 4905 μίξει
2753 4836 2850 4905 τὴν
2888 4832 3132 4887 Παλαιὰν
3178 4834 3272 4887 καὶ
3305 4834 3403 4904 τὴν
3431 4832 3606 4895 Νέαν,

2021 4926 2082 4978 ού
2114 4927 2378 4978 κοινωνεῖ.
2411 4926 2454 4977 Τ
2463 4945 2489 4977 λ
2516 4925 2815 4997 ἐγχειρίδια.
2849 4925 2992 4997 ἆπερ
3026 4925 3388 4995 βαστάζουσιν
3409 4925 3458 4978 oi
3488 4925 3610 4978 διὰ-

2025 5033 2191 5082 κονοι,
2224 5019 2330 5070 εἰσὶ
2377 5017 2445 5071 τὰ
2482 5017 2742 5089 σουδάρια
2774 5016 2869 5071 τοῦ
2897 5018 3107 5088 χρωτὸς
3125 5017 3233 5069 τῶν
3261 5016 3605 5072 ἀποστόλων.

2106 5110 2323 5187 Ἐπειδὴ
2344 5112 2474 5180 γοῦν
2498 5112 2669 5166 ταῦτα
2687 5112 2829 5166 οὕτω
2857 5111 3330 5183 προδιακέκριται,
3348 5113 3601 5181 εἴπωμεν

2019 5210 2115 5265 καὶ
2165 5210 2294 5279 περὶ
2340 5207 2435 5261 τοῦ
2498 5207 2754 5278 σώματος
2800 5206 2895 5260 τοῦ
2950 5206 3214 5277 θυομένου
3275 5203 3429 5276 παρά
3490 5202 3605 5256 τῶν

2021 5300 2232 5374 ίερὲων.
2266 5299 2467 5371 Κύριος
2488 5303 2522 5371 ἡ
2532 5301 2648 5371 μῶν
2686 5300 2895 5370 Ἰησοῦς
2925 5300 3160 5371 Χριστὸς
3207 5298 3329 5351 καθ’
3361 5297 3602 5367 ἑκάστην

2016 5393 2427 5464 καταθυόμενος
2454 5396 2581 5464 περὶ
2606 5380 2702 5464 τῆς
2740 5391 2835 5445 τοῦ
2867 5392 3074 5462 κόσμου
3114 5390 3260 5461 ζωῆς
3293 5390 3386 5442 καὶ
3421 5393 3630 5457 σωτηο’

2020 5488 2160 5566 ρίας,
2192 5489 2265 5550 ὡς
2300 5492 2356 5541 ἐν
2394 5487 2635 5557 Κρανίου
2649 5489 2799 5555 τόπῳ
2830 5485 3190 5557 σταυρωθεὶς,
3213 5483 3389 5545 οὓτως
3410 5483 3508 5538 καὶ
3538 5484 3601 5535 ὲν
3648 5488 3657 5497 ’

2014 5585 2081 5651 τῇ
2108 5582 2240 5652 ἁγία
2294 5582 2550 5653 προθέσει
2598 5583 2751 5650 παρὰ
2800 5580 2892 5634 τοῦ
2926 5580 3116 5650 ἱερέως
3149 5594 3161 5607 ’
3204 5578 3345 5650 μετά
3400 5577 3605 5647 λόγχης

1811 5762 1848 5793 ¹¹
1889 5748 2084 5819 litetlt.
2115 5777 2168 5829 κ,
2209 5764 2250 5814 Ι.
