  <div class='ocr_page' id='page_1' title='image "/cluster/home/n/w/nwhite01/storage/ocr_20150623/87:3/hvd.32044069650125/608.png"; bbox 0 0 3950 6200; ppageno 0'>
   <div class='ocr_carea' id='block_1_1' title="bbox 375 235 517 298">
    <p class='ocr_par' dir='ltr' id='par_1_1' title="bbox 375 235 517 298">
     <span class='ocr_line' id='line_1_1' title="bbox 375 235 517 298; baseline -0.014 0"><span class='ocrx_word' id='word_1_1' title='bbox 375 235 517 298; x_wconf 70' lang='lat'><strong>3939</strong></span> 
     </span>
    </p>
   </div>
   <div class='ocr_carea' id='block_1_2' title="bbox 1454 215 2589 286">
    <p class='ocr_par' dir='ltr' id='par_1_2' title="bbox 1454 215 2589 286">
     <span class='ocr_line' id='line_1_2' title="bbox 1454 215 2589 286; baseline -0.012 0"><span class='ocrx_word' id='word_1_2' title='bbox 1454 220 2060 286; x_wconf 70' lang='lat' dir='ltr'><strong>COMMENTARIUS</strong></span> <span class='ocrx_word' id='word_1_3' title='bbox 2097 215 2589 278; x_wconf 73' lang='lat' dir='ltr'><strong>Ll&#39;I&#39;UilC-ICUS.</strong></span> 
     </span>
    </p>
   </div>
   <div class='ocr_carea' id='block_1_3' title="bbox 3502 199 3641 262">
    <p class='ocr_par' dir='ltr' id='par_1_3' title="bbox 3502 199 3641 262">
     <span class='ocr_line' id='line_1_3' title="bbox 3502 199 3641 262; baseline 0 0"><span class='ocrx_word' id='word_1_4' title='bbox 3502 199 3641 262; x_wconf 71' lang='grc' dir='ltr'><strong>39ῧο</strong></span> 
     </span>
    </p>
   </div>
   <div class='ocr_carea' id='block_1_4' title="bbox 362 311 1964 414">
    <p class='ocr_par' dir='ltr' id='par_1_4' title="bbox 362 333 1942 414">
     <span class='ocr_line' id='line_1_4' title="bbox 362 333 1942 414; baseline -0.01 -13"><span class='ocrx_word' id='word_1_5' title='bbox 362 346 445 408; x_wconf 65' lang='grc' dir='ltr'>δὲ,</span> <span class='ocrx_word' id='word_1_6' title='bbox 469 344 555 398; x_wconf 75' lang='grc' dir='ltr'>ἵνα</span> <span class='ocrx_word' id='word_1_7' title='bbox 582 340 658 414; x_wconf 81' lang='grc' dir='ltr'>μὴ</span> <span class='ocrx_word' id='word_1_8' title='bbox 688 338 1159 409; x_wconf 79' lang='grc' dir='ltr'>ὲπιλανθανόμεθα</span> <span class='ocrx_word' id='word_1_9' title='bbox 1175 337 1273 406; x_wconf 83' lang='grc' dir='ltr'>τῆς</span> <span class='ocrx_word' id='word_1_10' title='bbox 1292 338 1349 390; x_wconf 80' lang='grc' dir='ltr'>ὲν</span> <span class='ocrx_word' id='word_1_11' title='bbox 1366 335 1446 408; x_wconf 84' lang='grc' dir='ltr'>τῷ</span> <span class='ocrx_word' id='word_1_12' title='bbox 1479 336 1621 407; x_wconf 83' lang='grc' dir='ltr'>ἁγίῳ</span> <span class='ocrx_word' id='word_1_13' title='bbox 1649 333 1814 387; x_wconf 80' lang='grc' dir='ltr'><strong>πάθει</strong></span> <span class='ocrx_word' id='word_1_14' title='bbox 1846 333 1942 386; x_wconf 79' lang='grc' dir='ltr'><strong>τοῦ</strong></span> 
     </span>
    </p>
   </div>
   <div class='ocr_carea' id='block_1_5' title="bbox 2077 311 3636 414">
    <p class='ocr_par' dir='ltr' id='par_1_5' title="bbox 2077 311 3636 397">
     <span class='ocr_line' id='line_1_5' title="bbox 2077 311 3636 397; baseline -0.012 -15"><span class='ocrx_word' id='word_1_15' title='bbox 2077 330 2212 397; x_wconf 77' lang='lat' dir='ltr'><strong>quod</strong></span> <span class='ocrx_word' id='word_1_16' title='bbox 2246 330 2297 382; x_wconf 93' lang='lat' dir='ltr'><strong>in</strong></span> <span class='ocrx_word' id='word_1_17' title='bbox 2335 333 2523 382; x_wconf 85' lang='lat' dir='ltr'><strong>sancta</strong></span> <span class='ocrx_word' id='word_1_18' title='bbox 2557 321 2734 376; x_wconf 87' lang='lat' dir='ltr'><strong>crucis</strong></span> <span class='ocrx_word' id='word_1_19' title='bbox 2785 318 3057 389; x_wconf 78' lang='lat' dir='ltr'><strong>passione,</strong></span> <span class='ocrx_word' id='word_1_20' title='bbox 3094 314 3280 369; x_wconf 80' lang='lat' dir='ltr'><strong>lancea</strong></span> <span class='ocrx_word' id='word_1_21' title='bbox 3334 311 3636 383; x_wconf 73' lang='lat' dir='ltr'><strong>perfossum</strong></span> 
     </span>
    </p>
   </div>
   <div class='ocr_carea' id='block_1_6' title="bbox 360 422 1940 506">
    <p class='ocr_par' dir='ltr' id='par_1_6' title="bbox 360 422 1940 506">
     <span class='ocr_line' id='line_1_6' title="bbox 360 422 1940 506; baseline -0.009 -17"><span class='ocrx_word' id='word_1_22' title='bbox 360 432 598 506; x_wconf 80' lang='grc' dir='ltr'>σταυροῦ</span> <span class='ocrx_word' id='word_1_23' title='bbox 642 431 784 503; x_wconf 73' lang='grc' dir='ltr'>μετὰ</span> <span class='ocrx_word' id='word_1_24' title='bbox 816 430 1017 501; x_wconf 86' lang='grc' dir='ltr'>λόγχης</span> <span class='ocrx_word' id='word_1_25' title='bbox 1060 427 1317 498; x_wconf 86' lang='grc' dir='ltr'>νυγείσης</span> <span class='ocrx_word' id='word_1_26' title='bbox 1349 424 1621 496; x_wconf 87' lang='grc' dir='ltr'>άχράντου</span> <span class='ocrx_word' id='word_1_27' title='bbox 1676 422 1940 494; x_wconf 72' lang='grc' dir='ltr'>πλευρᾶς,</span> 
     </span>
    </p>
   </div>
   <div class='ocr_carea' id='block_1_7' title="bbox 359 514 1942 598">
    <p class='ocr_par' dir='ltr' id='par_1_7' title="bbox 359 514 1942 598">
     <span class='ocr_line' id='line_1_7' title="bbox 359 514 1942 598; baseline -0.009 -17"><span class='ocrx_word' id='word_1_28' title='bbox 359 527 526 598; x_wconf 76' lang='grc' dir='ltr'>ὀπηνὶ</span> <span class='ocrx_word' id='word_1_29' title='bbox 554 523 805 586; x_wconf 82' lang='grc' dir='ltr'>καὺθέως</span> <span class='ocrx_word' id='word_1_30' title='bbox 825 520 1050 592; x_wconf 76' lang='grc' dir='ltr'>ἐξῆλθεν</span> <span class='ocrx_word' id='word_1_31' title='bbox 1083 514 1222 589; x_wconf 72' lang='grc' dir='ltr'>αἷμα</span> <span class='ocrx_word' id='word_1_32' title='bbox 1266 517 1361 571; x_wconf 69' lang='grc' dir='ltr'><strong>καὶ</strong></span> <span class='ocrx_word' id='word_1_33' title='bbox 1412 515 1578 587; x_wconf 75' lang='grc' dir='ltr'>ὕδωρ,</span> <span class='ocrx_word' id='word_1_34' title='bbox 1609 516 1691 580; x_wconf 89' lang='grc' dir='ltr'><strong>είς</strong></span> <span class='ocrx_word' id='word_1_35' title='bbox 1730 514 1942 585; x_wconf 81' lang='grc' dir='ltr'>ἀφθαρ-</span> 
     </span>
    </p>
   </div>
   <div class='ocr_carea' id='block_1_8' title="bbox 363 607 1946 678">
    <p class='ocr_par' dir='ltr' id='par_1_8' title="bbox 363 607 1946 678">
     <span class='ocr_line' id='line_1_8' title="bbox 363 607 1946 678; baseline -0.007 -8"><span class='ocrx_word' id='word_1_36' title='bbox 363 617 484 670; x_wconf 87' lang='grc' dir='ltr'>σίαν</span> <span class='ocrx_word' id='word_1_37' title='bbox 520 616 612 669; x_wconf 73' lang='grc' dir='ltr'>καὶ</span> <span class='ocrx_word' id='word_1_38' title='bbox 635 613 941 667; x_wconf 74' lang='grc' dir='ltr'>ἀνάπλασιν</span> <span class='ocrx_word' id='word_1_39' title='bbox 991 610 1087 664; x_wconf 80' lang='grc' dir='ltr'>τοῦ</span> <span class='ocrx_word' id='word_1_40' title='bbox 1130 609 1354 673; x_wconf 79' lang='grc' dir='ltr'>παντὸς.</span> <span class='ocrx_word' id='word_1_41' title='bbox 1383 612 1527 674; x_wconf 78' lang='grc' dir='ltr'>ἅπερ</span> <span class='ocrx_word' id='word_1_42' title='bbox 1583 607 1886 678; x_wconf 75' lang='grc' dir='ltr'><strong>προσφέρει</strong></span> <span class='ocrx_word' id='word_1_43' title='bbox 1917 608 1946 660; x_wconf 99' lang='lat'><strong>6</strong></span> 
     </span>
    </p>
   </div>
   <div class='ocr_carea' id='block_1_9' title="bbox 366 699 1266 777">
    <p class='ocr_par' dir='ltr' id='par_1_9' title="bbox 366 699 1266 777">
     <span class='ocr_line' id='line_1_9' title="bbox 366 699 1266 777; baseline -0.009 -16"><span class='ocrx_word' id='word_1_44' title='bbox 366 708 545 777; x_wconf 71' lang='grc' dir='ltr'>ἱερεὺς</span> <span class='ocrx_word' id='word_1_45' title='bbox 574 704 768 758; x_wconf 86' lang='grc' dir='ltr'>θυσίαν</span> <span class='ocrx_word' id='word_1_46' title='bbox 801 703 944 774; x_wconf 85' lang='grc' dir='ltr'>ὑπὲρ</span> <span class='ocrx_word' id='word_1_47' title='bbox 982 699 1078 755; x_wconf 80' lang='grc' dir='ltr'>τοῦ</span> <span class='ocrx_word' id='word_1_48' title='bbox 1112 700 1266 754; x_wconf 80' lang='grc' dir='ltr'>λαοῦ.</span> 
     </span>
    </p>
   </div>
   <div class='ocr_carea' id='block_1_10' title="bbox 436 790 1949 864">
    <p class='ocr_par' dir='ltr' id='par_1_10' title="bbox 436 790 1949 864">
     <span class='ocr_line' id='line_1_10' title="bbox 436 790 1949 864; baseline -0.005 -13"><span class='ocrx_word' id='word_1_49' title='bbox 436 795 502 851; x_wconf 81' lang='grc' dir='ltr'><strong>θ’.</strong></span> <span class='ocrx_word' id='word_1_50' title='bbox 534 796 578 849; x_wconf 90' lang='grc' dir='ltr'><strong>Τ</strong></span> <span class='ocrx_word' id='word_1_51' title='bbox 580 796 609 848; x_wconf 79' lang='grc' dir='ltr'>ὸ</span> <span class='ocrx_word' id='word_1_52' title='bbox 652 792 784 864; x_wconf 82' lang='grc' dir='ltr'>γοῦν</span> <span class='ocrx_word' id='word_1_53' title='bbox 815 792 1228 863; x_wconf 78' lang='grc' dir='ltr'><strong>προσαγόμενον</strong></span> <span class='ocrx_word' id='word_1_54' title='bbox 1262 790 1481 855; x_wconf 82' lang='grc' dir='ltr'>πολλοῖς</span> <span class='ocrx_word' id='word_1_55' title='bbox 1528 791 1789 862; x_wconf 82' lang='grc' dir='ltr'>ὀνόμασιν</span> <span class='ocrx_word' id='word_1_56' title='bbox 1826 790 1949 844; x_wconf 85' lang='grc' dir='ltr'>όνο·</span> 
     </span>
    </p>
   </div>
   <div class='ocr_carea' id='block_1_11' title="bbox 369 881 1945 957">
    <p class='ocr_par' dir='ltr' id='par_1_11' title="bbox 369 881 1945 957">
     <span class='ocr_line' id='line_1_11' title="bbox 369 881 1945 957; baseline -0.003 -17"><span class='ocrx_word' id='word_1_57' title='bbox 369 886 603 957; x_wconf 77' lang='grc' dir='ltr'>μάζεται</span> <span class='ocrx_word' id='word_1_58' title='bbox 628 902 641 915; x_wconf 81' lang='lat'><strong>&#39;</strong></span> <span class='ocrx_word' id='word_1_59' title='bbox 669 884 918 938; x_wconf 81' lang='grc' dir='ltr'>καλεῖται</span> <span class='ocrx_word' id='word_1_60' title='bbox 941 882 1051 954; x_wconf 84' lang='grc' dir='ltr'>γὰρ</span> <span class='ocrx_word' id='word_1_61' title='bbox 1083 881 1323 956; x_wconf 63' lang='grc' dir='ltr'>εὐλογία,</span> <span class='ocrx_word' id='word_1_62' title='bbox 1355 884 1666 954; x_wconf 78' lang='grc' dir='ltr'>προσφορά,</span> <span class='ocrx_word' id='word_1_63' title='bbox 1703 881 1945 953; x_wconf 84' lang='grc' dir='ltr'>ἀπαρχὴ.</span> 
     </span>
    </p>
   </div>
   <div class='ocr_carea' id='block_1_12' title="bbox 365 973 1949 1048">
    <p class='ocr_par' dir='ltr' id='par_1_12' title="bbox 365 973 1949 1048">
     <span class='ocr_line' id='line_1_12' title="bbox 365 973 1949 1048; baseline -0.003 -17"><span class='ocrx_word' id='word_1_64' title='bbox 365 978 528 1048; x_wconf 81' lang='grc' dir='ltr'>ἄρτος</span> <span class='ocrx_word' id='word_1_65' title='bbox 547 992 561 1006; x_wconf 74' lang='grc' dir='ltr'><strong>ο</strong></span> <span class='ocrx_word' id='word_1_66' title='bbox 581 974 803 1042; x_wconf 78' lang='grc' dir='ltr'>εὐλογία</span> <span class='ocrx_word' id='word_1_67' title='bbox 830 975 928 1045; x_wconf 85' lang='grc' dir='ltr'>μὲν</span> <span class='ocrx_word' id='word_1_68' title='bbox 953 973 1027 1036; x_wconf 87' lang='grc' dir='ltr'>ὼς</span> <span class='ocrx_word' id='word_1_69' title='bbox 1049 973 1148 1040; x_wconf 80' lang='grc' dir='ltr'>τῆς</span> <span class='ocrx_word' id='word_1_70' title='bbox 1183 974 1319 1044; x_wconf 80' lang='grc' dir='ltr'>ἀρᾶς</span> <span class='ocrx_word' id='word_1_71' title='bbox 1354 973 1465 1026; x_wconf 85' lang='grc' dir='ltr'><strong>τῶν</strong></span> <span class='ocrx_word' id='word_1_72' title='bbox 1500 974 1949 1045; x_wconf 81' lang='grc' dir='ltr'>πρωτοπλάστων</span> 
     </span>
    </p>
   </div>
   <div class='ocr_carea' id='block_1_13' title="bbox 365 1065 1947 1142">
    <p class='ocr_par' dir='ltr' id='par_1_13' title="bbox 365 1065 1947 1142">
     <span class='ocr_line' id='line_1_13' title="bbox 365 1065 1947 1142; baseline -0.004 -19"><span class='ocrx_word' id='word_1_73' title='bbox 365 1072 644 1142; x_wconf 75' lang='grc' dir='ltr'>ἀναίρεσις</span> <span class='ocrx_word' id='word_1_74' title='bbox 676 1085 690 1099; x_wconf 76' lang='grc' dir='ltr'><strong>ο</strong></span> <span class='ocrx_word' id='word_1_75' title='bbox 727 1066 1013 1137; x_wconf 83' lang='grc' dir='ltr'>προσφορά</span> <span class='ocrx_word' id='word_1_76' title='bbox 1028 1065 1108 1127; x_wconf 82' lang='grc' dir='ltr'>δὲ,</span> <span class='ocrx_word' id='word_1_77' title='bbox 1134 1066 1210 1128; x_wconf 89' lang='grc' dir='ltr'>ὼς</span> <span class='ocrx_word' id='word_1_78' title='bbox 1239 1066 1300 1131; x_wconf 75' lang='grc' dir='ltr'><strong>ἐξ</strong></span> <span class='ocrx_word' id='word_1_79' title='bbox 1327 1065 1451 1120; x_wconf 82' lang='grc' dir='ltr'><strong>ὅλου</strong></span> <span class='ocrx_word' id='word_1_80' title='bbox 1483 1065 1576 1119; x_wconf 78' lang='grc' dir='ltr'><strong>τοῦ</strong></span> <span class='ocrx_word' id='word_1_81' title='bbox 1606 1065 1947 1138; x_wconf 72' lang='grc' dir='ltr'><strong>ἀνθρωπείου</strong></span> 
     </span>
    </p>
   </div>
   <div class='ocr_carea' id='block_1_14' title="bbox 366 1151 1949 1230">
    <p class='ocr_par' dir='ltr' id='par_1_14' title="bbox 366 1151 1949 1230">
     <span class='ocr_line' id='line_1_14' title="bbox 366 1151 1949 1230; baseline -0.003 -17"><span class='ocrx_word' id='word_1_82' title='bbox 366 1160 707 1230; x_wconf 73' lang='grc' dir='ltr'><strong>φυράματος,</strong></span> <span class='ocrx_word' id='word_1_83' title='bbox 723 1151 813 1210; x_wconf 76' lang='grc' dir='ltr'>οἷα</span> <span class='ocrx_word' id='word_1_84' title='bbox 837 1157 937 1227; x_wconf 83' lang='grc' dir='ltr'>τῆς</span> <span class='ocrx_word' id='word_1_85' title='bbox 956 1155 1356 1228; x_wconf 85' lang='grc' dir='ltr'>φιλοτιμίαςτῷ</span> <span class='ocrx_word' id='word_1_86' title='bbox 1371 1156 1491 1227; x_wconf 86' lang='grc' dir='ltr'><strong>Θεῷ</strong></span> <span class='ocrx_word' id='word_1_87' title='bbox 1519 1157 1617 1211; x_wconf 73' lang='grc' dir='ltr'>καὶ</span> <span class='ocrx_word' id='word_1_88' title='bbox 1631 1157 1839 1230; x_wconf 75' lang='grc' dir='ltr'>κτίστῃ</span> <span class='ocrx_word' id='word_1_89' title='bbox 1868 1157 1949 1221; x_wconf 87' lang='grc' dir='ltr'><strong>είς</strong></span> 
     </span>
    </p>
   </div>
   <div class='ocr_carea' id='block_1_15' title="bbox 365 1248 1951 1321">
    <p class='ocr_par' dir='ltr' id='par_1_15' title="bbox 365 1248 1951 1321">
     <span class='ocr_line' id='line_1_15' title="bbox 365 1248 1951 1321; baseline -0.003 -16"><span class='ocrx_word' id='word_1_90' title='bbox 365 1253 435 1305; x_wconf 85' lang='grc' dir='ltr'><strong>τά</strong></span> <span class='ocrx_word' id='word_1_91' title='bbox 461 1251 572 1304; x_wconf 84' lang='grc' dir='ltr'><strong>τῶν</strong></span> <span class='ocrx_word' id='word_1_92' title='bbox 592 1250 765 1318; x_wconf 85' lang='grc' dir='ltr'>ἁγίων</span> <span class='ocrx_word' id='word_1_93' title='bbox 788 1248 956 1317; x_wconf 83' lang='grc' dir='ltr'>’Ἀγια</span> <span class='ocrx_word' id='word_1_94' title='bbox 982 1248 1438 1321; x_wconf 77' lang='grc' dir='ltr'>προσηνέχθημεν</span> <span class='ocrx_word' id='word_1_95' title='bbox 1468 1266 1481 1279; x_wconf 77' lang='grc' dir='ltr'><strong>ο</strong></span> <span class='ocrx_word' id='word_1_96' title='bbox 1514 1249 1741 1320; x_wconf 84' lang='grc' dir='ltr'>ἀπαρχὴ</span> <span class='ocrx_word' id='word_1_97' title='bbox 1766 1249 1843 1317; x_wconf 82' lang='grc' dir='ltr'>δὲ,</span> <span class='ocrx_word' id='word_1_98' title='bbox 1874 1249 1951 1314; x_wconf 87' lang='grc' dir='ltr'>ὼς</span> 
     </span>
    </p>
   </div>
   <div class='ocr_carea' id='block_1_16' title="bbox 368 1341 1951 1415">
    <p class='ocr_par' dir='ltr' id='par_1_16' title="bbox 368 1341 1951 1415">
     <span class='ocr_line' id='line_1_16' title="bbox 368 1341 1951 1415; baseline 0 -20"><span class='ocrx_word' id='word_1_99' title='bbox 368 1344 587 1398; x_wconf 79' lang='grc' dir='ltr'>πάντων</span> <span class='ocrx_word' id='word_1_100' title='bbox 623 1342 698 1413; x_wconf 87' lang='grc' dir='ltr'>τῷ</span> <span class='ocrx_word' id='word_1_101' title='bbox 721 1341 841 1413; x_wconf 87' lang='grc' dir='ltr'><strong>Θεῷ</strong></span> <span class='ocrx_word' id='word_1_102' title='bbox 869 1341 1394 1413; x_wconf 81' lang='grc' dir='ltr'>προσενηνεγμένων</span> <span class='ocrx_word' id='word_1_103' title='bbox 1415 1343 1762 1413; x_wconf 81' lang='grc' dir='ltr'>τυγχάνουσα</span> <span class='ocrx_word' id='word_1_104' title='bbox 1793 1344 1951 1415; x_wconf 83' lang='grc' dir='ltr'>ἱερω-</span> 
     </span>
    </p>
   </div>
   <div class='ocr_carea' id='block_1_17' title="bbox 364 1425 1953 1507">
    <p class='ocr_par' dir='ltr' id='par_1_17' title="bbox 364 1425 1953 1507">
     <span class='ocr_line' id='line_1_17' title="bbox 364 1425 1953 1507; baseline -0.001 -18"><span class='ocrx_word' id='word_1_105' title='bbox 364 1425 500 1506; x_wconf 84' lang='grc' dir='ltr'>τέρα</span> <span class='ocrx_word' id='word_1_106' title='bbox 524 1436 619 1489; x_wconf 68' lang='grc' dir='ltr'>καὶ</span> <span class='ocrx_word' id='word_1_107' title='bbox 642 1434 916 1506; x_wconf 86' lang='grc' dir='ltr'>ἁνωτέρα.</span> <span class='ocrx_word' id='word_1_108' title='bbox 955 1434 1155 1503; x_wconf 68' lang='lat' dir='ltr'><strong>&quot;Apto;</strong></span> <span class='ocrx_word' id='word_1_109' title='bbox 1187 1433 1245 1487; x_wconf 82' lang='grc' dir='ltr'>δὲ</span> <span class='ocrx_word' id='word_1_110' title='bbox 1290 1433 1534 1502; x_wconf 85' lang='grc' dir='ltr'>λέγεται,</span> <span class='ocrx_word' id='word_1_111' title='bbox 1567 1433 1643 1497; x_wconf 82' lang='grc' dir='ltr'>ὡς</span> <span class='ocrx_word' id='word_1_112' title='bbox 1668 1435 1760 1488; x_wconf 79' lang='grc' dir='ltr'>τὸν</span> <span class='ocrx_word' id='word_1_113' title='bbox 1787 1435 1953 1507; x_wconf 81' lang='grc' dir='ltr'>οὐρά-</span> 
     </span>
    </p>
   </div>
   <div class='ocr_carea' id='block_1_18' title="bbox 366 1524 1950 1599">
    <p class='ocr_par' dir='ltr' id='par_1_18' title="bbox 366 1524 1950 1599">
     <span class='ocr_line' id='line_1_18' title="bbox 366 1524 1950 1599; baseline -0.001 -16"><span class='ocrx_word' id='word_1_114' title='bbox 366 1545 480 1583; x_wconf 88' lang='grc' dir='ltr'>νιον</span> <span class='ocrx_word' id='word_1_115' title='bbox 521 1528 686 1597; x_wconf 83' lang='grc' dir='ltr'>άρτον</span> <span class='ocrx_word' id='word_1_116' title='bbox 730 1525 1100 1599; x_wconf 81' lang='grc' dir='ltr'>παραδηλοῦν,</span> <span class='ocrx_word' id='word_1_117' title='bbox 1165 1524 1340 1598; x_wconf 81' lang='grc' dir='ltr'>τροφὴ</span> <span class='ocrx_word' id='word_1_118' title='bbox 1386 1525 1543 1597; x_wconf 77' lang='grc' dir='ltr'>ἡμῶν</span> <span class='ocrx_word' id='word_1_119' title='bbox 1595 1528 1950 1599; x_wconf 74' lang='grc' dir='ltr'>μεταλαμϐα-</span> 
     </span>
    </p>
   </div>
   <div class='ocr_carea' id='block_1_19' title="bbox 367 1618 900 1688">
    <p class='ocr_par' dir='ltr' id='par_1_19' title="bbox 367 1618 900 1688">
     <span class='ocr_line' id='line_1_19' title="bbox 367 1618 900 1688; baseline 0.002 -17"><span class='ocrx_word' id='word_1_120' title='bbox 367 1619 567 1671; x_wconf 85' lang='grc' dir='ltr'>νόντων</span> <span class='ocrx_word' id='word_1_121' title='bbox 590 1618 900 1688; x_wconf 85' lang='grc' dir='ltr'>γινόμενον.</span> 
     </span>
    </p>
   </div>
   <div class='ocr_carea' id='block_1_20' title="bbox 2052 406 3647 483">
    <p class='ocr_par' dir='ltr' id='par_1_20' title="bbox 2052 406 3647 483">
     <span class='ocr_line' id='line_1_20' title="bbox 2052 406 3647 483; baseline -0.011 -9"><span class='ocrx_word' id='word_1_122' title='bbox 2052 420 2150 474; x_wconf 64' lang='lat' dir='ltr'><strong>fuit</strong></span> <span class='ocrx_word' id='word_1_123' title='bbox 2179 421 2339 483; x_wconf 79' lang='lat' dir='ltr'><strong>latus,</strong></span> <span class='ocrx_word' id='word_1_124' title='bbox 2368 414 2789 476; x_wconf 78' lang='lat' dir='ltr'><strong>obliviscamur;</strong></span> <span class='ocrx_word' id='word_1_125' title='bbox 2816 409 2942 463; x_wconf 60' lang='lat' dir='ltr'><strong>iud-2</strong></span> <span class='ocrx_word' id='word_1_126' title='bbox 2963 406 3130 461; x_wconf 77' lang='lat' dir='ltr'><strong>exivit</strong></span> <span class='ocrx_word' id='word_1_127' title='bbox 3153 406 3376 475; x_wconf 78' lang='lat' dir='ltr'><strong>sanguis</strong></span> <span class='ocrx_word' id='word_1_128' title='bbox 3404 414 3459 459; x_wconf 87' lang='lat' dir='ltr'><strong>et</strong></span> <span class='ocrx_word' id='word_1_129' title='bbox 3486 418 3647 474; x_wconf 78' lang='lat' dir='ltr'><strong>aqua,</strong></span> 
     </span>
    </p>
   </div>
   <div class='ocr_carea' id='block_1_21' title="bbox 2052 496 3637 576">
    <p class='ocr_par' dir='ltr' id='par_1_21' title="bbox 2052 496 3637 576">
     <span class='ocr_line' id='line_1_21' title="bbox 2052 496 3637 576; baseline -0.012 -9"><span class='ocrx_word' id='word_1_130' title='bbox 2052 515 2116 567; x_wconf 83' lang='lat' dir='ltr'><strong>ad</strong></span> <span class='ocrx_word' id='word_1_131' title='bbox 2179 509 2639 576; x_wconf 90' lang='lat' dir='ltr'><strong>incorruptionem</strong></span> <span class='ocrx_word' id='word_1_132' title='bbox 2696 514 2753 558; x_wconf 84' lang='lat' dir='ltr'><strong>et</strong></span> <span class='ocrx_word' id='word_1_133' title='bbox 2812 500 3161 555; x_wconf 73' lang='lat' dir='ltr'><strong>refectionem</strong></span> <span class='ocrx_word' id='word_1_134' title='bbox 3218 499 3380 570; x_wconf 67' lang='lat' dir='ltr'><strong>huius</strong></span> <span class='ocrx_word' id='word_1_135' title='bbox 3432 496 3637 563; x_wconf 86' lang='lat' dir='ltr'><strong>mundi,</strong></span> 
     </span>
    </p>
   </div>
   <div class='ocr_carea' id='block_1_22' title="bbox 2057 590 3423 675">
    <p class='ocr_par' dir='ltr' id='par_1_22' title="bbox 2057 590 3423 675">
     <span class='ocr_line' id='line_1_22' title="bbox 2057 590 3423 675; baseline -0.008 -19"><span class='ocrx_word' id='word_1_136' title='bbox 2057 604 2199 675; x_wconf 86' lang='lat' dir='ltr'><strong>quod</strong></span> <span class='ocrx_word' id='word_1_137' title='bbox 2233 600 2493 659; x_wconf 78' lang='lat' dir='ltr'><strong>sacerdos</strong></span> <span class='ocrx_word' id='word_1_138' title='bbox 2523 597 2683 653; x_wconf 67' lang='lat' dir='ltr'><strong>offert</strong></span> <span class='ocrx_word' id='word_1_139' title='bbox 2719 592 3051 651; x_wconf 72' lang='lat' dir='ltr'><strong>sacrificium</strong></span> <span class='ocrx_word' id='word_1_140' title='bbox 3080 608 3176 661; x_wconf 86' lang='lat' dir='ltr'><strong>pro</strong></span> <span class='ocrx_word' id='word_1_141' title='bbox 3205 590 3423 661; x_wconf 86' lang='lat' dir='ltr'><strong>populo.</strong></span> 
     </span>
    </p>
   </div>
   <div class='ocr_carea' id='block_1_23' title="bbox 2132 773 3652 848">
    <p class='ocr_par' dir='ltr' id='par_1_23' title="bbox 2132 773 3652 848">
     <span class='ocr_line' id='line_1_23' title="bbox 2132 773 3652 848; baseline -0.011 -8"><span class='ocrx_word' id='word_1_142' title='bbox 2132 784 2185 842; x_wconf 88' lang='lat'><strong>9.</strong></span> <span class='ocrx_word' id='word_1_143' title='bbox 2222 784 2380 838; x_wconf 87' lang='lat' dir='ltr'><strong>Actio</strong></span> <span class='ocrx_word' id='word_1_144' title='bbox 2406 789 2597 848; x_wconf 77' lang='lat' dir='ltr'><strong>sancta</strong></span> <span class='ocrx_word' id='word_1_145' title='bbox 2625 778 2811 835; x_wconf 90' lang='lat' dir='ltr'><strong>multis</strong></span> <span class='ocrx_word' id='word_1_146' title='bbox 2841 775 3145 847; x_wconf 83' lang='lat' dir='ltr'><strong>appellatur</strong></span> <span class='ocrx_word' id='word_1_147' title='bbox 3171 773 3482 829; x_wconf 75' lang='lat' dir='ltr'><strong>nominibus</strong></span> <span class='ocrx_word' id='word_1_148' title='bbox 3507 787 3520 824; x_wconf 92' lang='lat'><strong>:</strong></span> <span class='ocrx_word' id='word_1_149' title='bbox 3559 787 3652 824; x_wconf 81' lang='lat' dir='ltr'><strong>vo-</strong></span> 
     </span>
    </p>
   </div>
   <div class='ocr_carea' id='block_1_24' title="bbox 2060 865 3655 939">
    <p class='ocr_par' dir='ltr' id='par_1_24' title="bbox 2060 865 3655 939">
     <span class='ocr_line' id='line_1_24' title="bbox 2060 865 3655 939; baseline -0.01 -7"><span class='ocrx_word' id='word_1_150' title='bbox 2060 872 2218 932; x_wconf 80' lang='lat' dir='ltr'><strong>catur</strong></span> <span class='ocrx_word' id='word_1_151' title='bbox 2261 873 2590 939; x_wconf 74' lang='lat' dir='ltr'><strong>benedictio,</strong></span> <span class='ocrx_word' id='word_1_152' title='bbox 2645 872 2864 935; x_wconf 88' lang='lat' dir='ltr'><strong>oblatio,</strong></span> <span class='ocrx_word' id='word_1_153' title='bbox 2915 868 3198 939; x_wconf 71' lang='lat' dir='ltr'><strong>primitise,</strong></span> <span class='ocrx_word' id='word_1_154' title='bbox 3249 866 3407 937; x_wconf 87' lang='lat' dir='ltr'><strong>panis</strong></span> <span class='ocrx_word' id='word_1_155' title='bbox 3446 865 3655 919; x_wconf 85' lang='lat' dir='ltr'><strong>:bene-</strong></span> 
     </span>
    </p>
   </div>
   <div class='ocr_carea' id='block_1_25' title="bbox 2059 956 3651 1035">
    <p class='ocr_par' dir='ltr' id='par_1_25' title="bbox 2059 956 3651 1035">
     <span class='ocr_line' id='line_1_25' title="bbox 2059 956 3651 1035; baseline -0.008 -16"><span class='ocrx_word' id='word_1_156' title='bbox 2059 968 2243 1032; x_wconf 83' lang='lat' dir='ltr'><strong>dictio,</strong></span> <span class='ocrx_word' id='word_1_157' title='bbox 2276 966 2351 1020; x_wconf 92' lang='lat' dir='ltr'><strong>uti</strong></span> <span class='ocrx_word' id='word_1_158' title='bbox 2401 972 2838 1035; x_wconf 86' lang='lat' dir='ltr'><strong>protoparentum</strong></span> <span class='ocrx_word' id='word_1_159' title='bbox 2890 959 3322 1015; x_wconf 85' lang='lat' dir='ltr'><strong>maledictionem</strong></span> <span class='ocrx_word' id='word_1_160' title='bbox 3370 956 3651 1019; x_wconf 84' lang='lat' dir='ltr'><strong>adimcus;</strong></span> 
     </span>
    </p>
   </div>
   <div class='ocr_carea' id='block_1_26' title="bbox 2059 1052 3660 1131">
    <p class='ocr_par' dir='ltr' id='par_1_26' title="bbox 2059 1052 3660 1131">
     <span class='ocr_line' id='line_1_26' title="bbox 2059 1052 3660 1131; baseline -0.009 -14"><span class='ocrx_word' id='word_1_161' title='bbox 2059 1062 2282 1128; x_wconf 87' lang='lat' dir='ltr'><strong>oblatio,</strong></span> <span class='ocrx_word' id='word_1_162' title='bbox 2319 1060 2444 1131; x_wconf 89' lang='lat' dir='ltr'><strong>quia</strong></span> <span class='ocrx_word' id='word_1_163' title='bbox 2487 1058 2637 1122; x_wconf 83' lang='lat' dir='ltr'><strong>illud,</strong></span> <span class='ocrx_word' id='word_1_164' title='bbox 2688 1056 2828 1125; x_wconf 90' lang='lat' dir='ltr'><strong>quod</strong></span> <span class='ocrx_word' id='word_1_165' title='bbox 2868 1055 2923 1110; x_wconf 88' lang='lat' dir='ltr'><strong>in</strong></span> <span class='ocrx_word' id='word_1_166' title='bbox 2973 1063 3086 1109; x_wconf 93' lang='lat' dir='ltr'><strong>toto</strong></span> <span class='ocrx_word' id='word_1_167' title='bbox 3113 1052 3396 1107; x_wconf 81' lang='lat' dir='ltr'><strong>hominum</strong></span> <span class='ocrx_word' id='word_1_168' title='bbox 3460 1063 3660 1119; x_wconf 75' lang='lat' dir='ltr'><strong>genere</strong></span> 
     </span>
    </p>
   </div>
   <div class='ocr_carea' id='block_1_27' title="bbox 2059 1141 3662 1224">
    <p class='ocr_par' dir='ltr' id='par_1_27' title="bbox 2059 1141 3662 1224">
     <span class='ocr_line' id='line_1_27' title="bbox 2059 1141 3662 1224; baseline -0.01 -15"><span class='ocrx_word' id='word_1_169' title='bbox 2059 1154 2322 1224; x_wconf 86' lang='lat' dir='ltr'><strong>optimum</strong></span> <span class='ocrx_word' id='word_1_170' title='bbox 2365 1152 2643 1214; x_wconf 81' lang='lat' dir='ltr'><strong>habemus,</strong></span> <span class='ocrx_word' id='word_1_171' title='bbox 2672 1147 2893 1203; x_wconf 81' lang='lat' dir='ltr'><strong>honoris</strong></span> <span class='ocrx_word' id='word_1_172' title='bbox 2921 1146 3093 1215; x_wconf 79' lang='lat' dir='ltr'><strong>gratia</strong></span> <span class='ocrx_word' id='word_1_173' title='bbox 3120 1146 3228 1200; x_wconf 89' lang='lat' dir='ltr'><strong>Deo</strong></span> <span class='ocrx_word' id='word_1_174' title='bbox 3261 1141 3509 1198; x_wconf 84' lang='lat' dir='ltr'><strong>Creatori</strong></span> <span class='ocrx_word' id='word_1_175' title='bbox 3564 1155 3662 1194; x_wconf 77' lang='lat' dir='ltr'><strong>no-</strong></span> 
     </span>
    </p>
   </div>
   <div class='ocr_carea' id='block_1_28' title="bbox 2066 1232 3683 1304">
    <p class='ocr_par' dir='ltr' id='par_1_28' title="bbox 2066 1232 3683 1304">
     <span class='ocr_line' id='line_1_28' title="bbox 2066 1232 3683 1304; baseline -0.011 -3"><span class='ocrx_word' id='word_1_176' title='bbox 2066 1260 2179 1301; x_wconf 86' lang='lat' dir='ltr'><strong>stro</strong></span> <span class='ocrx_word' id='word_1_177' title='bbox 2212 1247 2266 1300; x_wconf 92' lang='lat' dir='ltr'><strong>in</strong></span> <span class='ocrx_word' id='word_1_178' title='bbox 2316 1244 2643 1299; x_wconf 73' lang='lat' dir='ltr'><strong>sacrificium</strong></span> <span class='ocrx_word' id='word_1_179' title='bbox 2672 1241 3074 1297; x_wconf 84' lang='lat' dir='ltr'><strong>sanctissimum</strong></span> <span class='ocrx_word' id='word_1_180' title='bbox 3121 1236 3434 1296; x_wconf 66' lang='lat' dir='ltr'><strong>oderimus:</strong></span> <span class='ocrx_word' id='word_1_181' title='bbox 3464 1232 3683 1304; x_wconf 44' lang='lat' dir='ltr'><strong>primis</strong></span> 
     </span>
    </p>
   </div>
   <div class='ocr_carea' id='block_1_29' title="bbox 2066 1327 3661 1407">
    <p class='ocr_par' dir='ltr' id='par_1_29' title="bbox 2066 1327 3661 1407">
     <span class='ocr_line' id='line_1_29' title="bbox 2066 1327 3661 1407; baseline -0.007 -16"><span class='ocrx_word' id='word_1_182' title='bbox 2066 1341 2174 1401; x_wconf 68' lang='lat' dir='ltr'><strong>lim,</strong></span> <span class='ocrx_word' id='word_1_183' title='bbox 2213 1339 2353 1407; x_wconf 90' lang='lat' dir='ltr'><strong>quod</strong></span> <span class='ocrx_word' id='word_1_184' title='bbox 2388 1338 2518 1390; x_wconf 81' lang='lat' dir='ltr'><strong>nihil</strong></span> <span class='ocrx_word' id='word_1_185' title='bbox 2545 1336 2808 1394; x_wconf 79' lang='lat' dir='ltr'><strong>sanctius.</strong></span> <span class='ocrx_word' id='word_1_186' title='bbox 2860 1332 2991 1387; x_wconf 84' lang='lat' dir='ltr'><strong>nihil</strong></span> <span class='ocrx_word' id='word_1_187' title='bbox 3029 1332 3380 1403; x_wconf 76' lang='lat' dir='ltr'><strong>praestantius</strong></span> <span class='ocrx_word' id='word_1_188' title='bbox 3409 1328 3520 1383; x_wconf 87' lang='lat' dir='ltr'><strong>Deo</strong></span> <span class='ocrx_word' id='word_1_189' title='bbox 3564 1327 3661 1381; x_wconf 86' lang='lat' dir='ltr'><strong>de-</strong></span> 
     </span>
    </p>
   </div>
   <div class='ocr_carea' id='block_1_30' title="bbox 2065 1414 3659 1491">
    <p class='ocr_par' dir='ltr' id='par_1_30' title="bbox 2065 1414 3659 1491">
     <span class='ocr_line' id='line_1_30' title="bbox 2065 1414 3659 1491; baseline -0.006 -10"><span class='ocrx_word' id='word_1_190' title='bbox 2065 1429 2205 1482; x_wconf 79' lang='lat' dir='ltr'><strong>ferre</strong></span> <span class='ocrx_word' id='word_1_191' title='bbox 2237 1442 2541 1490; x_wconf 73' lang='lat' dir='ltr'><strong>possumus.</strong></span> <span class='ocrx_word' id='word_1_192' title='bbox 2578 1414 2973 1489; x_wconf 73' lang='lat' dir='ltr'><strong>Pauisdieittir‘,</strong></span> <span class='ocrx_word' id='word_1_193' title='bbox 3006 1423 3129 1491; x_wconf 84' lang='lat' dir='ltr'><strong>quia</strong></span> <span class='ocrx_word' id='word_1_194' title='bbox 3158 1437 3349 1491; x_wconf 86' lang='lat' dir='ltr'><strong>panem</strong></span> <span class='ocrx_word' id='word_1_195' title='bbox 3374 1420 3659 1476; x_wconf 69' lang='lat' dir='ltr'><strong>cmlestem</strong></span> 
     </span>
    </p>
   </div>
   <div class='ocr_carea' id='block_1_31' title="bbox 2064 1504 3662 1587">
    <p class='ocr_par' dir='ltr' id='par_1_31' title="bbox 2064 1504 3662 1587">
     <span class='ocr_line' id='line_1_31' title="bbox 2064 1504 3662 1587; baseline -0.004 -18"><span class='ocrx_word' id='word_1_196' title='bbox 2064 1518 2402 1583; x_wconf 70' lang='lat' dir='ltr'><strong>manifestat,</strong></span> <span class='ocrx_word' id='word_1_197' title='bbox 2435 1517 2577 1587; x_wconf 84' lang='lat' dir='ltr'><strong>quod</strong></span> <span class='ocrx_word' id='word_1_198' title='bbox 2612 1516 2769 1572; x_wconf 89' lang='lat' dir='ltr'><strong>nobis</strong></span> <span class='ocrx_word' id='word_1_199' title='bbox 2799 1515 3225 1585; x_wconf 78' lang='lat' dir='ltr'><strong>suscipientibus</strong></span> <span class='ocrx_word' id='word_1_200' title='bbox 3263 1513 3316 1567; x_wconf 92' lang='lat' dir='ltr'><strong>in</strong></span> <span class='ocrx_word' id='word_1_201' title='bbox 3365 1504 3662 1567; x_wconf 85' lang='lat' dir='ltr'><strong>manduca-</strong></span> 
     </span>
    </p>
   </div>
   <div class='ocr_carea' id='block_1_32' title="bbox 2067 1609 2560 1663">
    <p class='ocr_par' dir='ltr' id='par_1_32' title="bbox 2067 1609 2560 1663">
     <span class='ocr_line' id='line_1_32' title="bbox 2067 1609 2560 1663; baseline -0.004 0"><span class='ocrx_word' id='word_1_202' title='bbox 2067 1611 2269 1663; x_wconf 87' lang='lat' dir='ltr'><strong>tioncm</strong></span> <span class='ocrx_word' id='word_1_203' title='bbox 2303 1609 2560 1663; x_wconf 82' lang='lat' dir='ltr'><strong>traditur.</strong></span> 
     </span>
    </p>
   </div>
   <div class='ocr_carea' id='block_1_33' title="bbox 439 1687 1964 1786">
    <p class='ocr_par' dir='ltr' id='par_1_33' title="bbox 439 1687 1956 1786">
     <span class='ocr_line' id='line_1_33' title="bbox 439 1687 1956 1786; baseline 0.001 -22"><span class='ocrx_word' id='word_1_204' title='bbox 439 1712 514 1764; x_wconf 78' lang='grc' dir='ltr'><strong>Τὸ</strong></span> <span class='ocrx_word' id='word_1_205' title='bbox 536 1711 593 1765; x_wconf 81' lang='grc' dir='ltr'>δὲ</span> <span class='ocrx_word' id='word_1_206' title='bbox 634 1687 1031 1781; x_wconf 78' lang='grc' dir='ltr'>σφραγίζεσθαι</span> <span class='ocrx_word' id='word_1_207' title='bbox 1050 1711 1150 1785; x_wconf 81' lang='grc' dir='ltr'>τὴν</span> <span class='ocrx_word' id='word_1_208' title='bbox 1185 1713 1506 1786; x_wconf 75' lang='grc' dir='ltr'>προσφορὰν</span> <span class='ocrx_word' id='word_1_209' title='bbox 1534 1712 1562 1767; x_wconf 88' lang='lat'><strong>6</strong></span> <span class='ocrx_word' id='word_1_210' title='bbox 1594 1713 1664 1785; x_wconf 89' lang='grc' dir='ltr'><strong>μέ</strong></span> <span class='ocrx_word' id='word_1_211' title='bbox 1678 1729 1768 1782; x_wconf 75' lang='grc' dir='ltr'>(ας</span> <span class='ocrx_word' id='word_1_212' title='bbox 1789 1710 1956 1766; x_wconf 85' lang='grc' dir='ltr'>Βασί-</span> 
     </span>
    </p>
   </div>
   <div class='ocr_carea' id='block_1_34' title="bbox 2077 1687 3658 1786">
    <p class='ocr_par' dir='ltr' id='par_1_34' title="bbox 2128 1687 3658 1766">
     <span class='ocr_line' id='line_1_34' title="bbox 2128 1687 3658 1766; baseline -0.008 -15"><span class='ocrx_word' id='word_1_213' title='bbox 2128 1697 2472 1752; x_wconf 81' lang='lat' dir='ltr'><strong>Oblatiouem</strong></span> <span class='ocrx_word' id='word_1_214' title='bbox 2508 1696 2726 1766; x_wconf 84' lang='lat' dir='ltr'><strong>signare</strong></span> <span class='ocrx_word' id='word_1_215' title='bbox 2769 1708 2999 1763; x_wconf 82' lang='lat' dir='ltr'><strong>magnus</strong></span> <span class='ocrx_word' id='word_1_216' title='bbox 3040 1707 3139 1747; x_wconf 88' lang='lat' dir='ltr'><strong>nos</strong></span> <span class='ocrx_word' id='word_1_217' title='bbox 3173 1690 3358 1746; x_wconf 87' lang='lat' dir='ltr'><strong>docuit</strong></span> <span class='ocrx_word' id='word_1_218' title='bbox 3387 1687 3658 1753; x_wconf 82' lang='lat' dir='ltr'><strong>Basilius;</strong></span> 
     </span>
    </p>
   </div>
   <div class='ocr_carea' id='block_1_35' title="bbox 369 1803 1958 1876">
    <p class='ocr_par' dir='ltr' id='par_1_35' title="bbox 369 1803 1958 1876">
     <span class='ocr_line' id='line_1_35' title="bbox 369 1803 1958 1876; baseline 0 -19"><span class='ocrx_word' id='word_1_219' title='bbox 369 1804 515 1867; x_wconf 77' lang='grc' dir='ltr'>λειος</span> <span class='ocrx_word' id='word_1_220' title='bbox 567 1804 924 1875; x_wconf 85' lang='grc' dir='ltr'>παρέδωκεν·</span> <span class='ocrx_word' id='word_1_221' title='bbox 956 1803 1391 1875; x_wconf 79' lang='grc' dir='ltr'>προσκομίζεται</span> <span class='ocrx_word' id='word_1_222' title='bbox 1444 1807 1477 1876; x_wconf 78' lang='grc' dir='ltr'>ἡ</span> <span class='ocrx_word' id='word_1_223' title='bbox 1533 1804 1823 1875; x_wconf 81' lang='grc' dir='ltr'>προσφορὰ</span> <span class='ocrx_word' id='word_1_224' title='bbox 1869 1804 1958 1858; x_wconf 73' lang='grc' dir='ltr'>διὰ</span> 
     </span>
    </p>
   </div>
   <div class='ocr_carea' id='block_1_36' title="bbox 370 1893 1962 1975">
    <p class='ocr_par' dir='ltr' id='par_1_36' title="bbox 370 1893 1962 1975">
     <span class='ocr_line' id='line_1_36' title="bbox 370 1893 1962 1975; baseline -0.001 -28"><span class='ocrx_word' id='word_1_225' title='bbox 370 1897 433 1947; x_wconf 70' lang='grc' dir='ltr'>τὸ</span> <span class='ocrx_word' id='word_1_226' title='bbox 464 1897 740 1948; x_wconf 80' lang='grc' dir='ltr'>κοινωνεῖν</span> <span class='ocrx_word' id='word_1_227' title='bbox 797 1894 887 1947; x_wconf 72' lang='grc' dir='ltr'>τὸν</span> <span class='ocrx_word' id='word_1_228' title='bbox 916 1894 1043 1948; x_wconf 79' lang='grc' dir='ltr'>λαὸν</span> <span class='ocrx_word' id='word_1_229' title='bbox 1088 1895 1321 1948; x_wconf 76' lang='grc' dir='ltr'>ἕκαστον</span> <span class='ocrx_word' id='word_1_230' title='bbox 1357 1894 1554 1967; x_wconf 83' lang='grc' dir='ltr'>μερίδα</span> <span class='ocrx_word' id='word_1_231' title='bbox 1581 1909 1595 1924; x_wconf 83' lang='lat'><strong><em>°</em></strong></span> <span class='ocrx_word' id='word_1_232' title='bbox 1638 1893 1783 1975; x_wconf 28' lang='lat'><em>£2-66</em></span> <span class='ocrx_word' id='word_1_233' title='bbox 1822 1893 1962 1963; x_wconf 80' lang='grc' dir='ltr'>πλη-</span> 
     </span>
    </p>
   </div>
   <div class='ocr_carea' id='block_1_37' title="bbox 273 1985 1962 2057">
    <p class='ocr_par' dir='ltr' id='par_1_37' title="bbox 273 1985 1962 2057">
     <span class='ocr_line' id='line_1_37' title="bbox 273 1985 1962 2057; baseline -0.001 -18"><span class='ocrx_word' id='word_1_234' title='bbox 273 1987 279 1993; x_wconf 84' lang='grc'><em>’</em></span> <span class='ocrx_word' id='word_1_235' title='bbox 374 1987 524 2039; x_wconf 82' lang='grc' dir='ltr'>θύνει</span> <span class='ocrx_word' id='word_1_236' title='bbox 560 1988 588 2039; x_wconf 85' lang='grc' dir='ltr'><strong>ό</strong></span> <span class='ocrx_word' id='word_1_237' title='bbox 615 1986 790 2055; x_wconf 73' lang='grc' dir='ltr'>ὄχλος.</span> <span class='ocrx_word' id='word_1_238' title='bbox 824 1986 928 2057; x_wconf 81' lang='grc' dir='ltr'>χρὴ</span> <span class='ocrx_word' id='word_1_239' title='bbox 988 1985 1230 2057; x_wconf 77' lang='grc' dir='ltr'>μελίζειν</span> <span class='ocrx_word' id='word_1_240' title='bbox 1281 1987 1376 2050; x_wconf 71' lang='grc' dir='ltr'><strong>τὰς</strong></span> <span class='ocrx_word' id='word_1_241' title='bbox 1412 1986 1662 2056; x_wconf 86' lang='grc' dir='ltr'>μερίδας,</span> <span class='ocrx_word' id='word_1_242' title='bbox 1691 1985 1962 2057; x_wconf 80' lang='grc' dir='ltr'>προκομί·</span> 
     </span>
    </p>
   </div>
   <div class='ocr_carea' id='block_1_38' title="bbox 375 2078 1960 2149">
    <p class='ocr_par' dir='ltr' id='par_1_38' title="bbox 375 2078 1960 2149">
     <span class='ocr_line' id='line_1_38' title="bbox 375 2078 1960 2149; baseline -0.001 -17"><span class='ocrx_word' id='word_1_243' title='bbox 375 2078 561 2143; x_wconf 71' lang='grc' dir='ltr'>ζοντες</span> <span class='ocrx_word' id='word_1_244' title='bbox 587 2079 678 2131; x_wconf 76' lang='grc' dir='ltr'>τὸν</span> <span class='ocrx_word' id='word_1_245' title='bbox 703 2078 869 2148; x_wconf 75' lang='grc' dir='ltr'>ἄρτον</span> <span class='ocrx_word' id='word_1_246' title='bbox 902 2080 994 2132; x_wconf 81' lang='grc' dir='ltr'>καὶ</span> <span class='ocrx_word' id='word_1_247' title='bbox 1030 2078 1382 2142; x_wconf 83' lang='grc' dir='ltr'>άποτιθέντες</span> <span class='ocrx_word' id='word_1_248' title='bbox 1400 2079 1562 2133; x_wconf 81' lang='grc' dir='ltr'>αὑτὸν</span> <span class='ocrx_word' id='word_1_249' title='bbox 1587 2080 1646 2132; x_wconf 83' lang='grc' dir='ltr'>ὲν</span> <span class='ocrx_word' id='word_1_250' title='bbox 1668 2078 1746 2148; x_wconf 85' lang='grc' dir='ltr'>τῷ</span> <span class='ocrx_word' id='word_1_251' title='bbox 1770 2078 1960 2149; x_wconf 78' lang='grc' dir='ltr'>δίσκῳ,</span> 
     </span>
    </p>
   </div>
   <div class='ocr_carea' id='block_1_39' title="bbox 377 2171 1965 2244">
    <p class='ocr_par' dir='ltr' id='par_1_39' title="bbox 377 2171 1965 2244">
     <span class='ocr_line' id='line_1_39' title="bbox 377 2171 1965 2244; baseline 0.001 -21"><span class='ocrx_word' id='word_1_252' title='bbox 377 2172 451 2234; x_wconf 84' lang='grc' dir='ltr'>ὡς</span> <span class='ocrx_word' id='word_1_253' title='bbox 464 2173 521 2224; x_wconf 82' lang='grc' dir='ltr'>ὲν</span> <span class='ocrx_word' id='word_1_254' title='bbox 535 2172 735 2244; x_wconf 84' lang='grc' dir='ltr'>νεφέλῃ</span> <span class='ocrx_word' id='word_1_255' title='bbox 755 2209 770 2232; x_wconf 90' lang='grc'><strong>,</strong></span> <span class='ocrx_word' id='word_1_256' title='bbox 787 2172 1016 2241; x_wconf 81' lang='grc' dir='ltr'>λέγομεν</span> <span class='ocrx_word' id='word_1_257' title='bbox 1033 2171 1231 2235; x_wconf 73' lang='grc' dir='ltr'>οὕτως·</span> <span class='ocrx_word' id='word_1_258' title='bbox 1261 2190 1283 2224; x_wconf 79' lang='grc' dir='ltr'><strong>ι</strong></span> <span class='ocrx_word' id='word_1_259' title='bbox 1317 2171 1406 2236; x_wconf 78' lang='grc' dir='ltr'>Ὧς</span> <span class='ocrx_word' id='word_1_260' title='bbox 1426 2172 1695 2242; x_wconf 77' lang='grc' dir='ltr'>πρόϐατον</span> <span class='ocrx_word' id='word_1_261' title='bbox 1716 2172 1808 2226; x_wconf 70' lang='grc' dir='ltr'><strong>ἐπὶ</strong></span> <span class='ocrx_word' id='word_1_262' title='bbox 1827 2189 1965 2241; x_wconf 89' lang='grc' dir='ltr'>σφα-</span> 
     </span>
    </p>
   </div>
   <div class='ocr_carea' id='block_1_40' title="bbox 380 2260 1966 2331">
    <p class='ocr_par' dir='ltr' id='par_1_40' title="bbox 380 2260 1966 2331">
     <span class='ocr_line' id='line_1_40' title="bbox 380 2260 1966 2331; baseline 0.003 -23"><span class='ocrx_word' id='word_1_263' title='bbox 380 2260 484 2330; x_wconf 68' lang='grc' dir='ltr'>γῆν</span> <span class='ocrx_word' id='word_1_264' title='bbox 499 2260 659 2330; x_wconf 72' lang='grc' dir='ltr'>ἢχθη.</span> <span class='ocrx_word' id='word_1_265' title='bbox 689 2280 707 2311; x_wconf 72' lang='grc' dir='ltr'><strong>ι</strong></span> <span class='ocrx_word' id='word_1_266' title='bbox 756 2260 819 2312; x_wconf 85' lang='grc' dir='ltr'><strong>Ἦ</strong></span> <span class='ocrx_word' id='word_1_267' title='bbox 851 2261 1107 2331; x_wconf 82' lang='grc' dir='ltr'>πρόθεσις</span> <span class='ocrx_word' id='word_1_268' title='bbox 1141 2261 1463 2330; x_wconf 83' lang='grc' dir='ltr'>ίσοδύναμος</span> <span class='ocrx_word' id='word_1_269' title='bbox 1494 2261 1705 2330; x_wconf 85' lang='grc' dir='ltr'>πέφυκε</span> <span class='ocrx_word' id='word_1_270' title='bbox 1723 2265 1836 2324; x_wconf 85' lang='grc' dir='ltr'>τοῖς</span> <span class='ocrx_word' id='word_1_271' title='bbox 1859 2260 1966 2314; x_wconf 84' lang='grc' dir='ltr'><strong>τῶν</strong></span> 
     </span>
    </p>
   </div>
   <div class='ocr_carea' id='block_1_41' title="bbox 377 2352 1964 2424">
    <p class='ocr_par' dir='ltr' id='par_1_41' title="bbox 377 2352 1964 2424">
     <span class='ocr_line' id='line_1_41' title="bbox 377 2352 1964 2424; baseline 0 -18"><span class='ocrx_word' id='word_1_272' title='bbox 377 2353 552 2420; x_wconf 79' lang='grc' dir='ltr'>ἁγίων</span> <span class='ocrx_word' id='word_1_273' title='bbox 594 2352 823 2420; x_wconf 81' lang='grc' dir='ltr'>Ἀγίοις,</span> <span class='ocrx_word' id='word_1_274' title='bbox 858 2353 1131 2422; x_wconf 77' lang='grc' dir='ltr'>μᾶλλονδὲ</span> <span class='ocrx_word' id='word_1_275' title='bbox 1160 2354 1254 2406; x_wconf 76' lang='grc' dir='ltr'>καὶ</span> <span class='ocrx_word' id='word_1_276' title='bbox 1275 2352 1413 2406; x_wconf 78' lang='grc' dir='ltr'>πολὺ</span> <span class='ocrx_word' id='word_1_277' title='bbox 1447 2355 1651 2422; x_wconf 78' lang='grc' dir='ltr'>ταύτης</span> <span class='ocrx_word' id='word_1_278' title='bbox 1679 2354 1903 2424; x_wconf 70' lang='grc' dir='ltr'>μείζων*</span> <span class='ocrx_word' id='word_1_279' title='bbox 1932 2354 1964 2424; x_wconf 84' lang='grc' dir='ltr'>ἢ</span> 
     </span>
    </p>
   </div>
   <div class='ocr_carea' id='block_1_42' title="bbox 381 2442 1967 2516">
    <p class='ocr_par' dir='ltr' id='par_1_42' title="bbox 381 2442 1967 2516">
     <span class='ocr_line' id='line_1_42' title="bbox 381 2442 1967 2516; baseline 0.001 -20"><span class='ocrx_word' id='word_1_280' title='bbox 381 2443 479 2499; x_wconf 72' lang='grc' dir='ltr'>καὶ</span> <span class='ocrx_word' id='word_1_281' title='bbox 506 2442 599 2497; x_wconf 69' lang='grc' dir='ltr'>τοῦ</span> <span class='ocrx_word' id='word_1_282' title='bbox 645 2443 913 2514; x_wconf 85' lang='grc' dir='ltr'>σπηλαίου</span> <span class='ocrx_word' id='word_1_283' title='bbox 956 2446 1056 2514; x_wconf 84' lang='grc' dir='ltr'>τῆς</span> <span class='ocrx_word' id='word_1_284' title='bbox 1090 2444 1339 2516; x_wconf 81' lang='grc' dir='ltr'>Βηθλεέμ</span> <span class='ocrx_word' id='word_1_285' title='bbox 1366 2461 1378 2474; x_wconf 92' lang='grc'><strong>·</strong></span> <span class='ocrx_word' id='word_1_286' title='bbox 1418 2444 1452 2514; x_wconf 84' lang='grc' dir='ltr'>ἢ</span> <span class='ocrx_word' id='word_1_287' title='bbox 1496 2445 1558 2497; x_wconf 83' lang='grc' dir='ltr'>τὸ</span> <span class='ocrx_word' id='word_1_288' title='bbox 1614 2444 1967 2515; x_wconf 74' lang='grc' dir='ltr'>ἐστρωμένον</span> 
     </span>
    </p>
   </div>
   <div class='ocr_carea' id='block_1_43' title="bbox 380 2527 1969 2606">
    <p class='ocr_par' dir='ltr' id='par_1_43' title="bbox 380 2527 1969 2606">
     <span class='ocr_line' id='line_1_43' title="bbox 380 2527 1969 2606; baseline -0.001 -19"><span class='ocrx_word' id='word_1_289' title='bbox 380 2533 641 2601; x_wconf 85' lang='grc' dir='ltr'>άνώγεον,</span> <span class='ocrx_word' id='word_1_290' title='bbox 671 2536 729 2588; x_wconf 84' lang='grc' dir='ltr'>ὲν</span> <span class='ocrx_word' id='word_1_291' title='bbox 826 2534 1221 2606; x_wconf 85' lang='grc' dir='ltr'>συνδειπνήσας</span> <span class='ocrx_word' id='word_1_292' title='bbox 1256 2536 1285 2588; x_wconf 91' lang='lat'><strong>6</strong></span> <span class='ocrx_word' id='word_1_293' title='bbox 1328 2533 1533 2605; x_wconf 80' lang='grc' dir='ltr'>Κύριος</span> <span class='ocrx_word' id='word_1_294' title='bbox 1554 2536 1668 2597; x_wconf 85' lang='grc' dir='ltr'>τοῖς</span> <span class='ocrx_word' id='word_1_295' title='bbox 1696 2534 1969 2604; x_wconf 79' lang='grc' dir='ltr'>μαθηταῖς</span> 
     </span>
    </p>
   </div>
   <div class='ocr_carea' id='block_1_44' title="bbox 382 2624 1974 2700">
    <p class='ocr_par' dir='ltr' id='par_1_44' title="bbox 382 2624 1974 2700">
     <span class='ocr_line' id='line_1_44' title="bbox 382 2624 1974 2700; baseline -0.001 -20"><span class='ocrx_word' id='word_1_296' title='bbox 382 2626 508 2698; x_wconf 72' lang='grc' dir='ltr'>εφη·</span> <span class='ocrx_word' id='word_1_297' title='bbox 547 2645 564 2678; x_wconf 87' lang='grc' dir='ltr'><strong>ι</strong></span> <span class='ocrx_word' id='word_1_298' title='bbox 607 2624 777 2680; x_wconf 83' lang='grc' dir='ltr'>Τοῦτο</span> <span class='ocrx_word' id='word_1_299' title='bbox 806 2629 1012 2680; x_wconf 86' lang='grc' dir='ltr'>ποιεῖτε</span> <span class='ocrx_word' id='word_1_300' title='bbox 1044 2629 1124 2691; x_wconf 83' lang='grc' dir='ltr'><strong>είς</strong></span> <span class='ocrx_word' id='word_1_301' title='bbox 1154 2627 1257 2700; x_wconf 79' lang='grc' dir='ltr'>τὴν</span> <span class='ocrx_word' id='word_1_302' title='bbox 1285 2628 1424 2697; x_wconf 80' lang='grc' dir='ltr'>ἐμὴν</span> <span class='ocrx_word' id='word_1_303' title='bbox 1452 2626 1759 2697; x_wconf 80' lang='grc' dir='ltr'>ἀνάμνησιν</span> <span class='ocrx_word' id='word_1_304' title='bbox 1794 2643 1805 2656; x_wconf 90' lang='grc'><strong>·</strong></span> <span class='ocrx_word' id='word_1_305' title='bbox 1848 2644 1864 2676; x_wconf 74' lang='grc' dir='ltr'><strong>ι</strong></span> <span class='ocrx_word' id='word_1_306' title='bbox 1886 2624 1974 2679; x_wconf 89' lang='grc' dir='ltr'><strong>λέ-</strong></span> 
     </span>
    </p>
   </div>
   <div class='ocr_carea' id='block_1_45' title="bbox 379 2717 1966 2791">
    <p class='ocr_par' dir='ltr' id='par_1_45' title="bbox 379 2717 1966 2791">
     <span class='ocr_line' id='line_1_45' title="bbox 379 2717 1966 2791; baseline -0.001 -20"><span class='ocrx_word' id='word_1_307' title='bbox 379 2736 467 2787; x_wconf 87' lang='grc' dir='ltr'><strong>γει</strong></span> <span class='ocrx_word' id='word_1_308' title='bbox 493 2718 571 2772; x_wconf 90' lang='grc' dir='ltr'>δέ·</span> <span class='ocrx_word' id='word_1_309' title='bbox 598 2737 615 2770; x_wconf 84' lang='grc' dir='ltr'><strong>ι</strong></span> <span class='ocrx_word' id='word_1_310' title='bbox 652 2719 746 2782; x_wconf 88' lang='grc' dir='ltr'><strong>Είς</strong></span> <span class='ocrx_word' id='word_1_311' title='bbox 770 2718 865 2772; x_wconf 77' lang='grc' dir='ltr'><strong>τὸν</strong></span> <span class='ocrx_word' id='word_1_312' title='bbox 893 2718 1068 2773; x_wconf 78' lang='grc' dir='ltr'>αἰῶνα</span> <span class='ocrx_word' id='word_1_313' title='bbox 1096 2721 1237 2773; x_wconf 70' lang='grc' dir='ltr'>κατὰ</span> <span class='ocrx_word' id='word_1_314' title='bbox 1265 2719 1364 2791; x_wconf 82' lang='grc' dir='ltr'>τὴν</span> <span class='ocrx_word' id='word_1_315' title='bbox 1385 2718 1540 2783; x_wconf 80' lang='grc' dir='ltr'>τάξιν</span> <span class='ocrx_word' id='word_1_316' title='bbox 1566 2717 1918 2789; x_wconf 85' lang='grc' dir='ltr'>Μελχισεδέκ.</span> <span class='ocrx_word' id='word_1_317' title='bbox 1948 2737 1966 2769; x_wconf 72' lang='grc' dir='ltr'><strong>ι</strong></span> 
     </span>
    </p>
   </div>
   <div class='ocr_carea' id='block_1_46' title="bbox 391 2809 1971 2883">
    <p class='ocr_par' dir='ltr' id='par_1_46' title="bbox 391 2809 1971 2883">
     <span class='ocr_line' id='line_1_46' title="bbox 391 2809 1971 2883; baseline -0.002 -18"><span class='ocrx_word' id='word_1_318' title='bbox 391 2812 552 2866; x_wconf 81' lang='grc' dir='ltr'>Ἀλλά</span> <span class='ocrx_word' id='word_1_319' title='bbox 584 2811 668 2875; x_wconf 84' lang='grc' dir='ltr'><strong>τίς</strong></span> <span class='ocrx_word' id='word_1_320' title='bbox 702 2814 736 2883; x_wconf 80' lang='grc' dir='ltr'><strong>ἡ</strong></span> <span class='ocrx_word' id='word_1_321' title='bbox 779 2812 929 2879; x_wconf 81' lang='grc' dir='ltr'>τάξις</span> <span class='ocrx_word' id='word_1_322' title='bbox 969 2812 1332 2883; x_wconf 80' lang='grc' dir='ltr'>Μελχισεδὲκ,</span> <span class='ocrx_word' id='word_1_323' title='bbox 1365 2812 1462 2866; x_wconf 62' lang='grc' dir='ltr'><strong>καλ⁸</strong></span> <span class='ocrx_word' id='word_1_324' title='bbox 1521 2810 1572 2865; x_wconf 91' lang='grc' dir='ltr'><strong>τί</strong></span> <span class='ocrx_word' id='word_1_325' title='bbox 1616 2811 1747 2883; x_wconf 73' lang='grc' dir='ltr'>παρ’</span> <span class='ocrx_word' id='word_1_326' title='bbox 1802 2809 1971 2864; x_wconf 78' lang='grc' dir='ltr'>αὐτοῦ</span> 
     </span>
    </p>
   </div>
   <div class='ocr_carea' id='block_1_47' title="bbox 379 2900 1973 2975">
    <p class='ocr_par' dir='ltr' id='par_1_47' title="bbox 379 2900 1973 2975">
     <span class='ocr_line' id='line_1_47' title="bbox 379 2900 1973 2975; baseline 0.001 -21"><span class='ocrx_word' id='word_1_327' title='bbox 379 2904 842 2975; x_wconf 72' lang='grc' dir='ltr'>προσφερομένας</span> <span class='ocrx_word' id='word_1_328' title='bbox 892 2904 1057 2971; x_wconf 81' lang='grc' dir='ltr'>ἄρτος</span> <span class='ocrx_word' id='word_1_329' title='bbox 1098 2904 1197 2958; x_wconf 68' lang='grc' dir='ltr'><strong>κα)⁸</strong></span> <span class='ocrx_word' id='word_1_330' title='bbox 1240 2900 1383 2967; x_wconf 76' lang='grc' dir='ltr'>οἶνος</span> <span class='ocrx_word' id='word_1_331' title='bbox 1434 2900 1514 2967; x_wconf 76' lang='grc' dir='ltr'>οἷς</span> <span class='ocrx_word' id='word_1_332' title='bbox 1566 2903 1657 2956; x_wconf 80' lang='grc' dir='ltr'><strong>τὸν</strong></span> <span class='ocrx_word' id='word_1_333' title='bbox 1719 2900 1973 2974; x_wconf 76' lang='grc' dir='ltr'>Ἀϐραὰμ</span> 
     </span>
    </p>
   </div>
   <div class='ocr_carea' id='block_1_48' title="bbox 379 2990 1973 3067">
    <p class='ocr_par' dir='ltr' id='par_1_48' title="bbox 379 2990 1973 3067">
     <span class='ocr_line' id='line_1_48' title="bbox 379 2990 1973 3067; baseline 0.001 -21"><span class='ocrx_word' id='word_1_334' title='bbox 379 2993 648 3059; x_wconf 72' lang='grc' dir='ltr'>ἐδεξιοῦτο</span> <span class='ocrx_word' id='word_1_335' title='bbox 672 3011 686 3024; x_wconf 77' lang='grc'><strong><em>⁸</em></strong></span> <span class='ocrx_word' id='word_1_336' title='bbox 727 2997 775 3048; x_wconf 82' lang='grc' dir='ltr'>εἰ</span> <span class='ocrx_word' id='word_1_337' title='bbox 802 2990 893 3048; x_wconf 78' lang='grc' dir='ltr'>οὖν</span> <span class='ocrx_word' id='word_1_338' title='bbox 924 2994 984 3059; x_wconf 78' lang='grc' dir='ltr'>ἐξ</span> <span class='ocrx_word' id='word_1_339' title='bbox 1003 2996 1196 3067; x_wconf 80' lang='grc' dir='ltr'>ἑτέρας</span> <span class='ocrx_word' id='word_1_340' title='bbox 1228 2996 1401 3067; x_wconf 83' lang='grc' dir='ltr'>φυλῆς</span> <span class='ocrx_word' id='word_1_341' title='bbox 1423 2997 1452 3047; x_wconf 92' lang='lat'><strong>6</strong></span> <span class='ocrx_word' id='word_1_342' title='bbox 1481 2995 1841 3065; x_wconf 79' lang='grc' dir='ltr'>Μελχισεδὲκ,</span> <span class='ocrx_word' id='word_1_343' title='bbox 1873 2992 1973 3047; x_wconf 81' lang='grc' dir='ltr'>τύ-</span> 
     </span>
    </p>
   </div>
   <div class='ocr_carea' id='block_1_49' title="bbox 310 3085 1967 3157">
    <p class='ocr_par' dir='ltr' id='par_1_49' title="bbox 310 3085 1967 3157">
     <span class='ocr_line' id='line_1_49' title="bbox 310 3085 1967 3157; baseline 0.001 -20"><span class='ocrx_word' id='word_1_344' title='bbox 310 3134 311 3137; x_wconf 44' lang='grc' dir='ltr'><strong>η</strong></span> <span class='ocrx_word' id='word_1_345' title='bbox 383 3103 483 3149; x_wconf 86' lang='grc' dir='ltr'><strong>πος</strong></span> <span class='ocrx_word' id='word_1_346' title='bbox 518 3086 574 3139; x_wconf 79' lang='grc' dir='ltr'>δὲ</span> <span class='ocrx_word' id='word_1_347' title='bbox 599 3086 696 3140; x_wconf 84' lang='grc' dir='ltr'>τοῦ</span> <span class='ocrx_word' id='word_1_348' title='bbox 729 3085 967 3157; x_wconf 76' lang='grc' dir='ltr'>Χριστοῦ</span> <span class='ocrx_word' id='word_1_349' title='bbox 1016 3089 1111 3142; x_wconf 77' lang='grc' dir='ltr'>καὶ</span> <span class='ocrx_word' id='word_1_350' title='bbox 1162 3087 1436 3156; x_wconf 79' lang='grc' dir='ltr'>λογίζεται</span> <span class='ocrx_word' id='word_1_351' title='bbox 1484 3089 1579 3141; x_wconf 76' lang='grc' dir='ltr'>καὶ</span> <span class='ocrx_word' id='word_1_352' title='bbox 1627 3087 1967 3151; x_wconf 82' lang='grc' dir='ltr'>πιστεύεται,</span> 
     </span>
    </p>
   </div>
   <div class='ocr_carea' id='block_1_50' title="bbox 380 3176 1973 3252">
    <p class='ocr_par' dir='ltr' id='par_1_50' title="bbox 380 3176 1973 3252">
     <span class='ocr_line' id='line_1_50' title="bbox 380 3176 1973 3252; baseline 0.001 -23"><span class='ocrx_word' id='word_1_353' title='bbox 380 3177 723 3250; x_wconf 66' lang='grc' dir='ltr'>ἑκδέὸληταιι</span> <span class='ocrx_word' id='word_1_354' title='bbox 749 3179 859 3250; x_wconf 79' lang='grc' dir='ltr'>ἄρα</span> <span class='ocrx_word' id='word_1_355' title='bbox 909 3180 942 3250; x_wconf 82' lang='grc' dir='ltr'><strong>ἡ</strong></span> <span class='ocrx_word' id='word_1_356' title='bbox 1003 3180 1264 3252; x_wconf 81' lang='grc' dir='ltr'>Λευῖτικὴ</span> <span class='ocrx_word' id='word_1_357' title='bbox 1321 3178 1587 3251; x_wconf 82' lang='grc' dir='ltr'>ἱερωσύνη</span> <span class='ocrx_word' id='word_1_358' title='bbox 1618 3195 1633 3209; x_wconf 71' lang='grc'><strong><em>⁸</em></strong></span> <span class='ocrx_word' id='word_1_359' title='bbox 1668 3177 1874 3249; x_wconf 82' lang='grc' dir='ltr'>ταύτης</span> <span class='ocrx_word' id='word_1_360' title='bbox 1914 3176 1973 3230; x_wconf 73' lang='grc' dir='ltr'>δὲ</span> 
     </span>
    </p>
   </div>
   <div class='ocr_carea' id='block_1_51' title="bbox 381 3269 1964 3344">
    <p class='ocr_par' dir='ltr' id='par_1_51' title="bbox 381 3269 1964 3344">
     <span class='ocr_line' id='line_1_51' title="bbox 381 3269 1964 3344; baseline 0 -20"><span class='ocrx_word' id='word_1_361' title='bbox 381 3270 808 3340; x_wconf 74' lang='grc' dir='ltr'>ἐκδαλλομένης,</span> <span class='ocrx_word' id='word_1_362' title='bbox 835 3271 1049 3344; x_wconf 81' lang='grc' dir='ltr'>ἀνάγκη</span> <span class='ocrx_word' id='word_1_363' title='bbox 1092 3274 1241 3329; x_wconf 76' lang='grc' dir='ltr'>πᾶσά</span> <span class='ocrx_word' id='word_1_364' title='bbox 1272 3275 1423 3326; x_wconf 78' lang='grc' dir='ltr'>ἐστιν</span> <span class='ocrx_word' id='word_1_365' title='bbox 1467 3274 1569 3326; x_wconf 79' lang='grc' dir='ltr'>καὶ</span> <span class='ocrx_word' id='word_1_366' title='bbox 1595 3270 1692 3325; x_wconf 82' lang='grc' dir='ltr'>τοῦ</span> <span class='ocrx_word' id='word_1_367' title='bbox 1723 3269 1964 3326; x_wconf 76' lang='grc' dir='ltr'>παλαιοῦ</span> 
     </span>
    </p>
   </div>
   <div class='ocr_carea' id='block_1_52' title="bbox 383 3361 1585 3448">
    <p class='ocr_par' dir='ltr' id='par_1_52' title="bbox 383 3361 1585 3448">
     <span class='ocr_line' id='line_1_52' title="bbox 383 3361 1585 3448; baseline 0.002 -33"><span class='ocrx_word' id='word_1_368' title='bbox 383 3361 550 3431; x_wconf 84' lang='grc' dir='ltr'>νόμου</span> <span class='ocrx_word' id='word_1_369' title='bbox 575 3365 671 3448; x_wconf 49' lang='lat' dir='ltr'><strong>stati.</strong></span> <span class='ocrx_word' id='word_1_370' title='bbox 694 3362 950 3430; x_wconf 83' lang='grc' dir='ltr'>λατρείας</span> <span class='ocrx_word' id='word_1_371' title='bbox 979 3364 1238 3431; x_wconf 88' lang='grc' dir='ltr'>γενέσθαι</span> <span class='ocrx_word' id='word_1_372' title='bbox 1272 3363 1585 3434; x_wconf 88' lang='grc' dir='ltr'>μετάθεσιν.</span> 
     </span>
    </p>
   </div>
   <div class='ocr_carea' id='block_1_53' title="bbox 457 3451 1971 3530">
    <p class='ocr_par' dir='ltr' id='par_1_53' title="bbox 457 3451 1971 3530">
     <span class='ocr_line' id='line_1_53' title="bbox 457 3451 1971 3530; baseline 0 -23"><span class='ocrx_word' id='word_1_373' title='bbox 457 3451 511 3508; x_wconf 83' lang='grc' dir='ltr'><strong>ι’.</strong></span> <span class='ocrx_word' id='word_1_374' title='bbox 539 3453 675 3523; x_wconf 70' lang='grc' dir='ltr'>Περὶ</span> <span class='ocrx_word' id='word_1_375' title='bbox 705 3454 760 3506; x_wconf 80' lang='grc' dir='ltr'>δὲ</span> <span class='ocrx_word' id='word_1_376' title='bbox 790 3456 890 3523; x_wconf 81' lang='grc' dir='ltr'>τῆς</span> <span class='ocrx_word' id='word_1_377' title='bbox 918 3454 1480 3530; x_wconf 73' lang='grc' dir='ltr'>ήμετέραςλατρείας</span> <span class='ocrx_word' id='word_1_378' title='bbox 1512 3455 1681 3525; x_wconf 83' lang='grc' dir='ltr'>φησίν</span> <span class='ocrx_word' id='word_1_379' title='bbox 1708 3472 1723 3487; x_wconf 77' lang='grc' dir='ltr'><strong>ο</strong></span> <span class='ocrx_word' id='word_1_380' title='bbox 1766 3473 1785 3506; x_wconf 85' lang='grc' dir='ltr'><strong>ι</strong></span> <span class='ocrx_word' id='word_1_381' title='bbox 1838 3454 1971 3507; x_wconf 74' lang='grc' dir='ltr'>Ἰδοὺ</span> 
     </span>
    </p>
   </div>
   <div class='ocr_carea' id='block_1_54' title="bbox 385 3524 1974 3618">
    <p class='ocr_par' dir='ltr' id='par_1_54' title="bbox 385 3524 1974 3618">
     <span class='ocr_line' id='line_1_54' title="bbox 385 3524 1974 3618; baseline 0 -22"><span class='ocrx_word' id='word_1_382' title='bbox 385 3524 641 3614; x_wconf 75' lang='grc' dir='ltr'>θυμίαμά</span> <span class='ocrx_word' id='word_1_383' title='bbox 692 3560 782 3613; x_wconf 89' lang='grc' dir='ltr'><strong>μοι</strong></span> <span class='ocrx_word' id='word_1_384' title='bbox 826 3524 1293 3614; x_wconf 28' lang='grc' dir='ltr'>προσφέρεται-ὲν</span> <span class='ocrx_word' id='word_1_385' title='bbox 1330 3524 1491 3618; x_wconf 82' lang='grc' dir='ltr'>πάσῃ</span> <span class='ocrx_word' id='word_1_386' title='bbox 1514 3524 1583 3615; x_wconf 73' lang='grc' dir='ltr'><strong>τῇ</strong></span> <span class='ocrx_word' id='word_1_387' title='bbox 1632 3547 1703 3614; x_wconf 82' lang='grc' dir='ltr'>γῇ</span> <span class='ocrx_word' id='word_1_388' title='bbox 1738 3561 1751 3573; x_wconf 80' lang='grc'><strong>’</strong></span> <span class='ocrx_word' id='word_1_389' title='bbox 1783 3544 1974 3613; x_wconf 82' lang='grc' dir='ltr'>ὥσπερ</span> 
     </span>
    </p>
   </div>
   <div class='ocr_carea' id='block_1_55' title="bbox 384 3633 1971 3706">
    <p class='ocr_par' dir='ltr' id='par_1_55' title="bbox 384 3633 1971 3706">
     <span class='ocr_line' id='line_1_55' title="bbox 384 3633 1971 3706; baseline -0.001 -18"><span class='ocrx_word' id='word_1_390' title='bbox 384 3633 881 3706; x_wconf 79' lang='grc' dir='ltr'>γὰρ’όὺπερούσιος</span> <span class='ocrx_word' id='word_1_391' title='bbox 903 3635 1037 3698; x_wconf 84' lang='grc' dir='ltr'>Θεὸς</span> <span class='ocrx_word' id='word_1_392' title='bbox 1067 3634 1251 3706; x_wconf 82' lang='grc' dir='ltr'>σάρκα</span> <span class='ocrx_word' id='word_1_393' title='bbox 1278 3636 1342 3687; x_wconf 78' lang='grc' dir='ltr'>ὲκ</span> <span class='ocrx_word' id='word_1_394' title='bbox 1368 3635 1469 3705; x_wconf 79' lang='grc' dir='ltr'>τῆς</span> <span class='ocrx_word' id='word_1_395' title='bbox 1499 3635 1776 3704; x_wconf 83' lang='grc' dir='ltr'>Παρθένου</span> <span class='ocrx_word' id='word_1_396' title='bbox 1805 3652 1971 3706; x_wconf 83' lang='grc' dir='ltr'>προσ-</span> 
     </span>
    </p>
   </div>
   <div class='ocr_carea' id='block_1_56' title="bbox 384 3720 1973 3798">
    <p class='ocr_par' dir='ltr' id='par_1_56' title="bbox 384 3720 1973 3798">
     <span class='ocr_line' id='line_1_56' title="bbox 384 3720 1973 3798; baseline -0.001 -19"><span class='ocrx_word' id='word_1_397' title='bbox 384 3727 685 3798; x_wconf 75' lang='grc' dir='ltr'>λαϐόμενος</span> <span class='ocrx_word' id='word_1_398' title='bbox 726 3728 785 3780; x_wconf 84' lang='grc' dir='ltr'>ὲν</span> <span class='ocrx_word' id='word_1_399' title='bbox 848 3727 948 3798; x_wconf 83' lang='grc' dir='ltr'><strong>μιᾷ</strong></span> <span class='ocrx_word' id='word_1_400' title='bbox 990 3727 1286 3781; x_wconf 80' lang='grc' dir='ltr'>ὑποστάσει</span> <span class='ocrx_word' id='word_1_401' title='bbox 1321 3720 1529 3790; x_wconf 81' lang='grc' dir='ltr'>τέλειος</span> <span class='ocrx_word' id='word_1_402' title='bbox 1574 3723 1643 3798; x_wconf 85' lang='grc' dir='ltr'>ἧν</span> <span class='ocrx_word' id='word_1_403' title='bbox 1692 3727 1824 3788; x_wconf 79' lang='grc' dir='ltr'>Θεὸς</span> <span class='ocrx_word' id='word_1_404' title='bbox 1876 3724 1973 3778; x_wconf 75' lang='grc' dir='ltr'>καὶ</span> 
     </span>
    </p>
   </div>
   <div class='ocr_carea' id='block_1_57' title="bbox 384 3814 1970 3891">
    <p class='ocr_par' dir='ltr' id='par_1_57' title="bbox 384 3814 1970 3891">
     <span class='ocr_line' id='line_1_57' title="bbox 384 3814 1970 3891; baseline -0.001 -19"><span class='ocrx_word' id='word_1_405' title='bbox 384 3818 590 3882; x_wconf 82' lang='grc' dir='ltr'>τέλειος</span> <span class='ocrx_word' id='word_1_406' title='bbox 637 3819 944 3889; x_wconf 83' lang='grc' dir='ltr'>ἄνθρωπος,</span> <span class='ocrx_word' id='word_1_407' title='bbox 978 3819 1165 3889; x_wconf 83' lang='grc' dir='ltr'>ὅμοιος</span> <span class='ocrx_word' id='word_1_408' title='bbox 1203 3820 1360 3891; x_wconf 80' lang='grc' dir='ltr'>ἡμῶν</span> <span class='ocrx_word' id='word_1_409' title='bbox 1384 3814 1532 3874; x_wconf 73' lang='grc' dir='ltr'>κατὰ</span> <span class='ocrx_word' id='word_1_410' title='bbox 1581 3822 1763 3874; x_wconf 86' lang='grc' dir='ltr'>πάντα</span> <span class='ocrx_word' id='word_1_411' title='bbox 1802 3820 1970 3890; x_wconf 81' lang='grc' dir='ltr'>χωρὶς</span> 
     </span>
    </p>
   </div>
   <div class='ocr_carea' id='block_1_58' title="bbox 385 3909 1970 3981">
    <p class='ocr_par' dir='ltr' id='par_1_58' title="bbox 385 3909 1970 3981">
     <span class='ocr_line' id='line_1_58' title="bbox 385 3909 1970 3981; baseline -0.003 -16"><span class='ocrx_word' id='word_1_412' title='bbox 385 3910 682 3981; x_wconf 83' lang='grc' dir='ltr'>ἁμαρτίας,</span> <span class='ocrx_word' id='word_1_413' title='bbox 710 3910 853 3964; x_wconf 77' lang='grc' dir='ltr'>οὓτω</span> <span class='ocrx_word' id='word_1_414' title='bbox 909 3912 1005 3965; x_wconf 72' lang='grc' dir='ltr'>καὶ</span> <span class='ocrx_word' id='word_1_415' title='bbox 1041 3911 1104 3964; x_wconf 84' lang='grc' dir='ltr'>τὸ</span> <span class='ocrx_word' id='word_1_416' title='bbox 1146 3911 1333 3965; x_wconf 75' lang='grc' dir='ltr'>καινὸν</span> <span class='ocrx_word' id='word_1_417' title='bbox 1387 3911 1549 3981; x_wconf 84' lang='grc' dir='ltr'>σῶμα</span> <span class='ocrx_word' id='word_1_418' title='bbox 1587 3910 1663 3972; x_wconf 83' lang='grc' dir='ltr'><strong>ὡς</strong></span> <span class='ocrx_word' id='word_1_419' title='bbox 1713 3909 1778 3963; x_wconf 79' lang='grc' dir='ltr'>ἐκ</span> <span class='ocrx_word' id='word_1_420' title='bbox 1825 3925 1970 3971; x_wconf 83' lang='grc' dir='ltr'>τινος</span> 
     </span>
    </p>
   </div>
   <div class='ocr_carea' id='block_1_59' title="bbox 384 3999 1971 4073">
    <p class='ocr_par' dir='ltr' id='par_1_59' title="bbox 384 3999 1971 4073">
     <span class='ocr_line' id='line_1_59' title="bbox 384 3999 1971 4073; baseline -0.003 -17"><span class='ocrx_word' id='word_1_421' title='bbox 384 4002 595 4066; x_wconf 84' lang='grc' dir='ltr'>κοιλίας</span> <span class='ocrx_word' id='word_1_422' title='bbox 650 4002 742 4056; x_wconf 84' lang='grc' dir='ltr'>καὶ</span> <span class='ocrx_word' id='word_1_423' title='bbox 771 4001 1041 4073; x_wconf 82' lang='grc' dir='ltr'>αἱμάτων,</span> <span class='ocrx_word' id='word_1_424' title='bbox 1075 4003 1172 4055; x_wconf 74' lang='grc' dir='ltr'><strong>καὶ</strong></span> <span class='ocrx_word' id='word_1_425' title='bbox 1240 4002 1443 4073; x_wconf 78' lang='grc' dir='ltr'>σαρκὸς</span> <span class='ocrx_word' id='word_1_426' title='bbox 1491 4000 1584 4055; x_wconf 79' lang='grc' dir='ltr'>τοῦ</span> <span class='ocrx_word' id='word_1_427' title='bbox 1636 3999 1971 4072; x_wconf 80' lang='grc' dir='ltr'>παρθενικοῦ</span> 
     </span>
    </p>
   </div>
   <div class='ocr_carea' id='block_1_60' title="bbox 386 4089 1968 4165">
    <p class='ocr_par' dir='ltr' id='par_1_60' title="bbox 386 4089 1968 4165">
     <span class='ocr_line' id='line_1_60' title="bbox 386 4089 1968 4165; baseline -0.002 -19"><span class='ocrx_word' id='word_1_428' title='bbox 386 4091 658 4163; x_wconf 84' lang='grc' dir='ltr'>σώματος,</span> <span class='ocrx_word' id='word_1_429' title='bbox 682 4091 779 4146; x_wconf 83' lang='grc' dir='ltr'>τοῦ</span> <span class='ocrx_word' id='word_1_430' title='bbox 799 4094 922 4147; x_wconf 81' lang='grc' dir='ltr'>ὅλου</span> <span class='ocrx_word' id='word_1_431' title='bbox 942 4094 1133 4165; x_wconf 80' lang='grc' dir='ltr'>ἄρτου,</span> <span class='ocrx_word' id='word_1_432' title='bbox 1158 4093 1323 4164; x_wconf 73' lang='grc' dir='ltr'>φημὶ,</span> <span class='ocrx_word' id='word_1_433' title='bbox 1355 4091 1507 4163; x_wconf 85' lang='grc' dir='ltr'>παρὰ</span> <span class='ocrx_word' id='word_1_434' title='bbox 1535 4089 1632 4144; x_wconf 82' lang='grc' dir='ltr'><strong>τοῦ</strong></span> <span class='ocrx_word' id='word_1_435' title='bbox 1664 4090 1913 4144; x_wconf 83' lang='grc' dir='ltr'>διακόνου</span> <span class='ocrx_word' id='word_1_436' title='bbox 1937 4089 1968 4160; x_wconf 76' lang='grc' dir='ltr'>ἢ</span> 
     </span>
    </p>
   </div>
   <div class='ocr_carea' id='block_1_61' title="bbox 385 4179 1969 4257">
    <p class='ocr_par' dir='ltr' id='par_1_61' title="bbox 385 4179 1969 4257">
     <span class='ocr_line' id='line_1_61' title="bbox 385 4179 1969 4257; baseline -0.002 -20"><span class='ocrx_word' id='word_1_437' title='bbox 385 4184 478 4237; x_wconf 74' lang='grc' dir='ltr'>καὶ</span> <span class='ocrx_word' id='word_1_438' title='bbox 508 4184 601 4237; x_wconf 78' lang='grc' dir='ltr'>τοῦ</span> <span class='ocrx_word' id='word_1_439' title='bbox 635 4185 825 4257; x_wconf 77' lang='grc' dir='ltr'>ἱερέως</span> <span class='ocrx_word' id='word_1_440' title='bbox 872 4186 1221 4257; x_wconf 86' lang='grc' dir='ltr'>διατέμνεται</span> <span class='ocrx_word' id='word_1_441' title='bbox 1267 4185 1473 4257; x_wconf 79' lang='grc' dir='ltr'>σιδήρῳ</span> <span class='ocrx_word' id='word_1_442' title='bbox 1512 4185 1644 4249; x_wconf 57' lang='grc' dir='ltr'>τινι,</span> <span class='ocrx_word' id='word_1_443' title='bbox 1678 4179 1737 4237; x_wconf 80' lang='grc' dir='ltr'>ὃν</span> <span class='ocrx_word' id='word_1_444' title='bbox 1765 4183 1969 4257; x_wconf 76' lang='grc' dir='ltr'>λόγχην</span> 
     </span>
    </p>
   </div>
   <div class='ocr_carea' id='block_1_62' title="bbox 385 4255 1972 4348">
    <p class='ocr_par' dir='ltr' id='par_1_62' title="bbox 385 4255 1972 4348">
     <span class='ocr_line' id='line_1_62' title="bbox 385 4255 1972 4348; baseline -0.001 -22"><span class='ocrx_word' id='word_1_445' title='bbox 385 4273 656 4342; x_wconf 77' lang='grc' dir='ltr'>λέγουσιν,</span> <span class='ocrx_word' id='word_1_446' title='bbox 689 4255 826 4347; x_wconf 69' lang='grc' dir='ltr'>ὅπερ</span> <span class='ocrx_word' id='word_1_447' title='bbox 884 4255 1144 4347; x_wconf 79' lang='grc' dir='ltr'>ἀνωτέρω</span> <span class='ocrx_word' id='word_1_448' title='bbox 1188 4255 1402 4348; x_wconf 81' lang='grc' dir='ltr'>εἴρηται</span> <span class='ocrx_word' id='word_1_449' title='bbox 1424 4255 1451 4305; x_wconf 16' lang='grc' dir='ltr'><strong>’ν</strong></span> <span class='ocrx_word' id='word_1_450' title='bbox 1471 4277 1567 4328; x_wconf 74' lang='grc' dir='ltr'>καὶ</span> <span class='ocrx_word' id='word_1_451' title='bbox 1594 4255 1777 4337; x_wconf 73' lang='grc' dir='ltr'>οὕτως</span> <span class='ocrx_word' id='word_1_452' title='bbox 1842 4273 1972 4325; x_wconf 87' lang='grc' dir='ltr'>ίδιο·</span> 
     </span>
    </p>
   </div>
   <div class='ocr_carea' id='block_1_63' title="bbox 2067 1772 3751 1854">
    <p class='ocr_par' dir='ltr' id='par_1_63' title="bbox 2067 1772 3751 1854">
     <span class='ocr_line' id='line_1_63' title="bbox 2067 1772 3751 1854; baseline -0.01 -7"><span class='ocrx_word' id='word_1_453' title='bbox 2067 1795 2205 1847; x_wconf 85' lang='lat' dir='ltr'><strong>bauc</strong></span> <span class='ocrx_word' id='word_1_454' title='bbox 2226 1801 2404 1843; x_wconf 85' lang='lat' dir='ltr'><strong>autem</strong></span> <span class='ocrx_word' id='word_1_455' title='bbox 2430 1789 2703 1850; x_wconf 81' lang='lat' dir='ltr'><strong>deferunt,</strong></span> <span class='ocrx_word' id='word_1_456' title='bbox 2737 1796 2795 1840; x_wconf 92' lang='lat' dir='ltr'><strong>ut</strong></span> <span class='ocrx_word' id='word_1_457' title='bbox 2815 1785 3187 1854; x_wconf 76' lang='lat' dir='ltr'><strong>unusquisque</strong></span> <span class='ocrx_word' id='word_1_458' title='bbox 3207 1784 3448 1852; x_wconf 87' lang='lat' dir='ltr'><strong>epopulo</strong></span> <span class='ocrx_word' id='word_1_459' title='bbox 3470 1796 3662 1848; x_wconf 88' lang='lat' dir='ltr'><strong>quam-</strong></span> <span class='ocrx_word' id='word_1_460' title='bbox 3736 1772 3751 1781; x_wconf 84' lang='grc'><strong>’</strong></span> 
     </span>
    </p>
   </div>
   <div class='ocr_carea' id='block_1_64' title="bbox 2068 1871 3663 1947">
    <p class='ocr_par' dir='ltr' id='par_1_64' title="bbox 2068 1871 3663 1947">
     <span class='ocr_line' id='line_1_64' title="bbox 2068 1871 3663 1947; baseline -0.011 -8"><span class='ocrx_word' id='word_1_461' title='bbox 2068 1886 2189 1939; x_wconf 81' lang='lat' dir='ltr'><strong>dam</strong></span> <span class='ocrx_word' id='word_1_462' title='bbox 2220 1884 2271 1937; x_wconf 91' lang='lat' dir='ltr'><strong>iu</strong></span> <span class='ocrx_word' id='word_1_463' title='bbox 2302 1881 2683 1935; x_wconf 69' lang='lat' dir='ltr'><strong>communione</strong></span> <span class='ocrx_word' id='word_1_464' title='bbox 2711 1888 2916 1947; x_wconf 85' lang='lat' dir='ltr'><strong>partem</strong></span> <span class='ocrx_word' id='word_1_465' title='bbox 2944 1877 3169 1945; x_wconf 84' lang='lat' dir='ltr'><strong>recipiat</strong></span> <span class='ocrx_word' id='word_1_466' title='bbox 3195 1893 3207 1927; x_wconf 91' lang='lat'>:</span> <span class='ocrx_word' id='word_1_467' title='bbox 3234 1875 3279 1929; x_wconf 80' lang='lat' dir='ltr'><strong>si</strong></span> <span class='ocrx_word' id='word_1_468' title='bbox 3316 1872 3471 1928; x_wconf 85' lang='lat' dir='ltr'><strong>turba</strong></span> <span class='ocrx_word' id='word_1_469' title='bbox 3499 1871 3663 1925; x_wconf 77' lang='lat' dir='ltr'><strong>fuerit</strong></span> 
     </span>
    </p>
   </div>
   <div class='ocr_carea' id='block_1_65' title="bbox 2068 1966 3661 2040">
    <p class='ocr_par' dir='ltr' id='par_1_65' title="bbox 2068 1966 3661 2040">
     <span class='ocr_line' id='line_1_65' title="bbox 2068 1966 3661 2040; baseline -0.006 -12"><span class='ocrx_word' id='word_1_470' title='bbox 2068 1974 2449 2038; x_wconf 82' lang='lat' dir='ltr'><strong>abundantior,</strong></span> <span class='ocrx_word' id='word_1_471' title='bbox 2478 1972 2775 2025; x_wconf 68' lang='lat' dir='ltr'><strong>dividenda:</strong></span> <span class='ocrx_word' id='word_1_472' title='bbox 2805 1977 2933 2025; x_wconf 87' lang='lat' dir='ltr'><strong>sunt</strong></span> <span class='ocrx_word' id='word_1_473' title='bbox 2958 1971 3087 2039; x_wconf 70' lang='lat' dir='ltr'><strong>ipsa:</strong></span> <span class='ocrx_word' id='word_1_474' title='bbox 3109 1978 3317 2040; x_wconf 84' lang='lat' dir='ltr'><strong>partes.</strong></span> <span class='ocrx_word' id='word_1_475' title='bbox 3370 1966 3661 2022; x_wconf 85' lang='lat' dir='ltr'><strong>Portamus</strong></span> 
     </span>
    </p>
   </div>
   <div class='ocr_carea' id='block_1_66' title="bbox 2069 2058 3659 2135">
    <p class='ocr_par' dir='ltr' id='par_1_66' title="bbox 2069 2058 3659 2135">
     <span class='ocr_line' id='line_1_66' title="bbox 2069 2058 3659 2135; baseline -0.004 -19"><span class='ocrx_word' id='word_1_476' title='bbox 2069 2081 2261 2135; x_wconf 73' lang='lat' dir='ltr'><strong>panem</strong></span> <span class='ocrx_word' id='word_1_477' title='bbox 2281 2067 2334 2119; x_wconf 89' lang='lat' dir='ltr'><strong>in</strong></span> <span class='ocrx_word' id='word_1_478' title='bbox 2359 2065 2511 2118; x_wconf 88' lang='lat' dir='ltr'><strong>disco</strong></span> <span class='ocrx_word' id='word_1_479' title='bbox 2536 2062 2841 2131; x_wconf 89' lang='lat' dir='ltr'><strong>populoque</strong></span> <span class='ocrx_word' id='word_1_480' title='bbox 2869 2062 3213 2131; x_wconf 88' lang='lat' dir='ltr'><strong>apponimus,</strong></span> <span class='ocrx_word' id='word_1_481' title='bbox 3243 2062 3386 2115; x_wconf 83' lang='lat' dir='ltr'><strong>sicut</strong></span> <span class='ocrx_word' id='word_1_482' title='bbox 3411 2060 3465 2113; x_wconf 92' lang='lat' dir='ltr'><strong>in</strong></span> <span class='ocrx_word' id='word_1_483' title='bbox 3493 2058 3659 2122; x_wconf 70' lang='lat' dir='ltr'><strong>nube;</strong></span> 
     </span>
    </p>
   </div>
   <div class='ocr_carea' id='block_1_67' title="bbox 2070 2153 3657 2225">
    <p class='ocr_par' dir='ltr' id='par_1_67' title="bbox 2070 2153 3657 2225">
     <span class='ocr_line' id='line_1_67' title="bbox 2070 2153 3657 2225; baseline -0.005 -15"><span class='ocrx_word' id='word_1_484' title='bbox 2070 2160 2310 2211; x_wconf 70' lang='lat' dir='ltr'><strong>dicentes</strong></span> <span class='ocrx_word' id='word_1_485' title='bbox 2340 2180 2349 2213; x_wconf 76' lang='grc' dir='ltr'><strong>ε</strong></span> <span class='ocrx_word' id='word_1_486' title='bbox 2380 2177 2397 2208; x_wconf 88' lang='grc' dir='ltr'><strong>ι</strong></span> <span class='ocrx_word' id='word_1_487' title='bbox 2424 2158 2573 2211; x_wconf 74' lang='lat' dir='ltr'><strong>Sicut</strong></span> <span class='ocrx_word' id='word_1_488' title='bbox 2596 2172 2767 2225; x_wconf 82' lang='lat' dir='ltr'><strong>agnus</strong></span> <span class='ocrx_word' id='word_1_489' title='bbox 2789 2156 2855 2208; x_wconf 89' lang='lat' dir='ltr'><strong>ad</strong></span> <span class='ocrx_word' id='word_1_490' title='bbox 2872 2155 3203 2209; x_wconf 86' lang='lat' dir='ltr'><strong>occisionem</strong></span> <span class='ocrx_word' id='word_1_491' title='bbox 3232 2155 3427 2207; x_wconf 84' lang='lat' dir='ltr'><strong>ductus</strong></span> <span class='ocrx_word' id='word_1_492' title='bbox 3447 2153 3657 2207; x_wconf 51' lang='grc' dir='ltr'>θείνῃ</span> 
     </span>
    </p>
   </div>
   <div class='ocr_carea' id='block_1_68' title="bbox 2072 2243 3664 2315">
    <p class='ocr_par' dir='ltr' id='par_1_68' title="bbox 2072 2243 3664 2315">
     <span class='ocr_line' id='line_1_68' title="bbox 2072 2243 3664 2315; baseline -0.004 -14"><span class='ocrx_word' id='word_1_493' title='bbox 2072 2248 2351 2303; x_wconf 76' lang='lat' dir='ltr'><strong>Prnlbesis</strong></span> <span class='ocrx_word' id='word_1_494' title='bbox 2385 2248 2653 2307; x_wconf 71' lang='lat' dir='ltr'><strong>canalem,</strong></span> <span class='ocrx_word' id='word_1_495' title='bbox 2688 2248 2809 2301; x_wconf 71' lang='lat' dir='ltr'><strong>iure</strong></span> <span class='ocrx_word' id='word_1_496' title='bbox 2828 2246 2998 2301; x_wconf 77' lang='lat' dir='ltr'><strong>multo</strong></span> <span class='ocrx_word' id='word_1_497' title='bbox 3033 2244 3292 2315; x_wconf 81' lang='lat' dir='ltr'><strong>majorem</strong></span> <span class='ocrx_word' id='word_1_498' title='bbox 3348 2244 3507 2299; x_wconf 81' lang='lat' dir='ltr'><strong>habet</strong></span> <span class='ocrx_word' id='word_1_499' title='bbox 3553 2243 3664 2295; x_wconf 76' lang='lat' dir='ltr'><strong>vir-</strong></span> 
     </span>
    </p>
   </div>
   <div class='ocr_carea' id='block_1_69' title="bbox 2074 2326 3660 2407">
    <p class='ocr_par' dir='ltr' id='par_1_69' title="bbox 2074 2326 3660 2407">
     <span class='ocr_line' id='line_1_69' title="bbox 2074 2326 3660 2407; baseline -0.005 -14"><span class='ocrx_word' id='word_1_500' title='bbox 2074 2350 2239 2393; x_wconf 77' lang='lat' dir='ltr'><strong>tutem</strong></span> <span class='ocrx_word' id='word_1_501' title='bbox 2285 2353 2449 2407; x_wconf 87' lang='lat' dir='ltr'><strong>quam</strong></span> <span class='ocrx_word' id='word_1_502' title='bbox 2505 2337 2706 2392; x_wconf 85' lang='lat' dir='ltr'><strong>Sancta</strong></span> <span class='ocrx_word' id='word_1_503' title='bbox 2756 2348 3102 2405; x_wconf 88' lang='lat' dir='ltr'><strong>sanctorum;</strong></span> <span class='ocrx_word' id='word_1_504' title='bbox 3157 2326 3660 2390; x_wconf 73' lang='lat' dir='ltr'><strong>Bethlehémiticam</strong></span> 
     </span>
    </p>
   </div>
   <div class='ocr_carea' id='block_1_70' title="bbox 2075 2420 3663 2498">
    <p class='ocr_par' dir='ltr' id='par_1_70' title="bbox 2075 2420 3663 2498">
     <span class='ocr_line' id='line_1_70' title="bbox 2075 2420 3663 2498; baseline -0.003 -13"><span class='ocrx_word' id='word_1_505' title='bbox 2075 2432 2277 2485; x_wconf 76' lang='lat' dir='ltr'><strong>iudicat</strong></span> <span class='ocrx_word' id='word_1_506' title='bbox 2312 2429 2652 2498; x_wconf 85' lang='lat' dir='ltr'><strong>speluncam,</strong></span> <span class='ocrx_word' id='word_1_507' title='bbox 2696 2429 2777 2484; x_wconf 84' lang='lat' dir='ltr'><strong>vel</strong></span> <span class='ocrx_word' id='word_1_508' title='bbox 2806 2420 3150 2485; x_wconf 77' lang='lat' dir='ltr'><strong>cmnacuium</strong></span> <span class='ocrx_word' id='word_1_509' title='bbox 3190 2439 3446 2492; x_wconf 90' lang='lat' dir='ltr'><strong>stratum,</strong></span> <span class='ocrx_word' id='word_1_510' title='bbox 3473 2426 3525 2481; x_wconf 93' lang='lat' dir='ltr'><strong>in</strong></span> <span class='ocrx_word' id='word_1_511' title='bbox 3555 2443 3663 2496; x_wconf 85' lang='lat' dir='ltr'><strong>quo</strong></span> 
     </span>
    </p>
   </div>
   <div class='ocr_carea' id='block_1_71' title="bbox 2075 2521 3663 2593">
    <p class='ocr_par' dir='ltr' id='par_1_71' title="bbox 2075 2521 3663 2593">
     <span class='ocr_line' id='line_1_71' title="bbox 2075 2521 3663 2593; baseline 0 -17"><span class='ocrx_word' id='word_1_512' title='bbox 2075 2533 2437 2593; x_wconf 73' lang='lat' dir='ltr'><strong>postremam</strong></span> <span class='ocrx_word' id='word_1_513' title='bbox 2474 2523 2736 2579; x_wconf 88' lang='lat' dir='ltr'><strong>Dominus</strong></span> <span class='ocrx_word' id='word_1_514' title='bbox 2784 2524 2897 2578; x_wconf 84' lang='lat' dir='ltr'><strong>suis</strong></span> <span class='ocrx_word' id='word_1_515' title='bbox 2941 2523 3080 2578; x_wconf 78' lang='lat' dir='ltr'><strong>dixit</strong></span> <span class='ocrx_word' id='word_1_516' title='bbox 3124 2521 3404 2592; x_wconf 77' lang='lat' dir='ltr'><strong>discipulis</strong></span> <span class='ocrx_word' id='word_1_517' title='bbox 3441 2540 3454 2577; x_wconf 93' lang='lat'>:</span> <span class='ocrx_word' id='word_1_518' title='bbox 3496 2542 3514 2574; x_wconf 80' lang='grc' dir='ltr'><strong>ι</strong></span> <span class='ocrx_word' id='word_1_519' title='bbox 3552 2521 3663 2576; x_wconf 90' lang='lat' dir='ltr'><strong>lloc</strong></span> 
     </span>
    </p>
   </div>
   <div class='ocr_carea' id='block_1_72' title="bbox 2077 2612 3661 2677">
    <p class='ocr_par' dir='ltr' id='par_1_72' title="bbox 2077 2612 3661 2677">
     <span class='ocr_line' id='line_1_72' title="bbox 2077 2612 3661 2677; baseline 0 -11"><span class='ocrx_word' id='word_1_520' title='bbox 2077 2615 2236 2669; x_wconf 83' lang='lat' dir='ltr'><strong>facite</strong></span> <span class='ocrx_word' id='word_1_521' title='bbox 2284 2616 2335 2667; x_wconf 90' lang='lat' dir='ltr'><strong>in</strong></span> <span class='ocrx_word' id='word_1_522' title='bbox 2378 2628 2552 2668; x_wconf 88' lang='lat' dir='ltr'><strong>meam</strong></span> <span class='ocrx_word' id='word_1_523' title='bbox 2612 2613 3185 2668; x_wconf 86' lang='lat' dir='ltr'><strong>commemorationem</strong></span> <span class='ocrx_word' id='word_1_524' title='bbox 3220 2612 3286 2677; x_wconf 78' lang='lat'><strong>“,</strong></span> <span class='ocrx_word' id='word_1_525' title='bbox 3328 2631 3349 2664; x_wconf 73' lang='grc' dir='ltr'><strong>ι</strong></span> <span class='ocrx_word' id='word_1_526' title='bbox 3391 2612 3443 2666; x_wconf 85' lang='lat' dir='ltr'><strong>id</strong></span> <span class='ocrx_word' id='word_1_527' title='bbox 3479 2621 3566 2668; x_wconf 88' lang='lat' dir='ltr'><strong>est</strong></span> <span class='ocrx_word' id='word_1_528' title='bbox 3608 2612 3661 2666; x_wconf 88' lang='lat' dir='ltr'><strong>in</strong></span> 
     </span>
    </p>
   </div>
   <div class='ocr_carea' id='block_1_73' title="bbox 2079 2706 3661 2772">
    <p class='ocr_par' dir='ltr' id='par_1_73' title="bbox 2079 2706 3661 2772">
     <span class='ocr_line' id='line_1_73' title="bbox 2079 2706 3661 2772; baseline -0.001 -12"><span class='ocrx_word' id='word_1_529' title='bbox 2079 2718 2362 2771; x_wconf 63' lang='grc' dir='ltr'>ιιιιειηιιιηι,</span> <span class='ocrx_word' id='word_1_530' title='bbox 2399 2708 2694 2761; x_wconf 82' lang='lat' dir='ltr'><strong>scentulum</strong></span> <span class='ocrx_word' id='word_1_531' title='bbox 2749 2708 2994 2760; x_wconf 83' lang='lat' dir='ltr'><strong>ordinem</strong></span> <span class='ocrx_word' id='word_1_532' title='bbox 3056 2706 3485 2761; x_wconf 69' lang='lat' dir='ltr'><strong>Melchisedech.</strong></span> <span class='ocrx_word' id='word_1_533' title='bbox 3524 2706 3661 2772; x_wconf 75' lang='lat' dir='ltr'><strong>QuEd</strong></span> 
     </span>
    </p>
   </div>
   <div class='ocr_carea' id='block_1_74' title="bbox 2079 2796 3665 2868">
    <p class='ocr_par' dir='ltr' id='par_1_74' title="bbox 2079 2796 3665 2868">
     <span class='ocr_line' id='line_1_74' title="bbox 2079 2796 3665 2868; baseline -0.001 -17"><span class='ocrx_word' id='word_1_534' title='bbox 2079 2808 2160 2853; x_wconf 82' lang='lat' dir='ltr'><strong>est</strong></span> <span class='ocrx_word' id='word_1_535' title='bbox 2180 2801 2312 2853; x_wconf 88' lang='lat' dir='ltr'><strong>ordo</strong></span> <span class='ocrx_word' id='word_1_536' title='bbox 2344 2798 2735 2853; x_wconf 71' lang='lat' dir='ltr'><strong>Melchisedech</strong></span> <span class='ocrx_word' id='word_1_537' title='bbox 2771 2807 2825 2851; x_wconf 89' lang='lat' dir='ltr'><strong>et</strong></span> <span class='ocrx_word' id='word_1_538' title='bbox 2851 2799 2980 2868; x_wconf 82' lang='lat' dir='ltr'><strong>quid</strong></span> <span class='ocrx_word' id='word_1_539' title='bbox 3008 2801 3074 2853; x_wconf 87' lang='lat' dir='ltr'><strong>ab</strong></span> <span class='ocrx_word' id='word_1_540' title='bbox 3106 2798 3223 2867; x_wconf 90' lang='lat' dir='ltr'><strong>ipso</strong></span> <span class='ocrx_word' id='word_1_541' title='bbox 3255 2797 3355 2851; x_wconf 80' lang='lat' dir='ltr'><strong>fuit</strong></span> <span class='ocrx_word' id='word_1_542' title='bbox 3381 2796 3665 2851; x_wconf 79' lang='lat' dir='ltr'><strong>oblatum?</strong></span> 
     </span>
    </p>
   </div>
   <div class='ocr_carea' id='block_1_75' title="bbox 2083 2889 3661 2961">
    <p class='ocr_par' dir='ltr' id='par_1_75' title="bbox 2083 2889 3661 2961">
     <span class='ocr_line' id='line_1_75' title="bbox 2083 2889 3661 2961; baseline -0.003 -14"><span class='ocrx_word' id='word_1_543' title='bbox 2083 2891 2240 2947; x_wconf 77' lang='lat' dir='ltr'><strong>Panis</strong></span> <span class='ocrx_word' id='word_1_544' title='bbox 2265 2902 2313 2943; x_wconf 87' lang='lat' dir='ltr'><strong>et</strong></span> <span class='ocrx_word' id='word_1_545' title='bbox 2347 2893 2530 2945; x_wconf 83' lang='lat' dir='ltr'><strong>viuum</strong></span> <span class='ocrx_word' id='word_1_546' title='bbox 2560 2890 2760 2959; x_wconf 82' lang='lat' dir='ltr'><strong>quibus</strong></span> <span class='ocrx_word' id='word_1_547' title='bbox 2794 2891 3173 2945; x_wconf 87' lang='lat' dir='ltr'><strong>Abrahamum</strong></span> <span class='ocrx_word' id='word_1_548' title='bbox 3193 2889 3473 2961; x_wconf 89' lang='lat' dir='ltr'><strong>suscepit;</strong></span> <span class='ocrx_word' id='word_1_549' title='bbox 3520 2891 3564 2944; x_wconf 90' lang='lat' dir='ltr'><strong>si</strong></span> <span class='ocrx_word' id='word_1_550' title='bbox 3595 2905 3661 2944; x_wconf 78' lang='lat' dir='ltr'><strong>ex</strong></span> 
     </span>
    </p>
   </div>
   <div class='ocr_carea' id='block_1_76' title="bbox 2083 2976 3664 3052">
    <p class='ocr_par' dir='ltr' id='par_1_76' title="bbox 2083 2976 3664 3052">
     <span class='ocr_line' id='line_1_76' title="bbox 2083 2976 3664 3052; baseline -0.003 -16"><span class='ocrx_word' id='word_1_551' title='bbox 2083 2983 2382 3052; x_wconf 83' lang='lat' dir='ltr'><strong>alienigena</strong></span> <span class='ocrx_word' id='word_1_552' title='bbox 2429 2982 2571 3034; x_wconf 85' lang='lat' dir='ltr'><strong>tribu</strong></span> <span class='ocrx_word' id='word_1_553' title='bbox 2627 2976 3244 3044; x_wconf 39' lang='lat' dir='ltr'><strong>fuerit‘hlelchisedcch.</strong></span> <span class='ocrx_word' id='word_1_554' title='bbox 3301 2982 3353 3035; x_wconf 94' lang='lat' dir='ltr'><strong>in</strong></span> <span class='ocrx_word' id='word_1_555' title='bbox 3398 2982 3498 3036; x_wconf 90' lang='lat' dir='ltr'><strong>hoc</strong></span> <span class='ocrx_word' id='word_1_556' title='bbox 3531 2981 3664 3051; x_wconf 80' lang='lat' dir='ltr'><strong>ligu-</strong></span> 
     </span>
    </p>
   </div>
   <div class='ocr_carea' id='block_1_77' title="bbox 2079 3072 3663 3145">
    <p class='ocr_par' dir='ltr' id='par_1_77' title="bbox 2079 3072 3663 3145">
     <span class='ocr_line' id='line_1_77' title="bbox 2079 3072 3663 3145; baseline -0.003 -15"><span class='ocrx_word' id='word_1_557' title='bbox 2079 3091 2193 3130; x_wconf 84' lang='lat' dir='ltr'><strong>ram</strong></span> <span class='ocrx_word' id='word_1_558' title='bbox 2222 3074 2424 3131; x_wconf 84' lang='lat' dir='ltr'><strong>Christi</strong></span> <span class='ocrx_word' id='word_1_559' title='bbox 2455 3074 2625 3129; x_wconf 78' lang='lat' dir='ltr'><strong>fuisse</strong></span> <span class='ocrx_word' id='word_1_560' title='bbox 2652 3082 2870 3145; x_wconf 87' lang='lat' dir='ltr'><strong>putatur</strong></span> <span class='ocrx_word' id='word_1_561' title='bbox 2897 3082 2951 3129; x_wconf 90' lang='lat' dir='ltr'><strong>et</strong></span> <span class='ocrx_word' id='word_1_562' title='bbox 2983 3074 3244 3129; x_wconf 85' lang='lat' dir='ltr'><strong>creditur.</strong></span> <span class='ocrx_word' id='word_1_563' title='bbox 3273 3072 3367 3128; x_wconf 89' lang='lat' dir='ltr'><strong>Sic</strong></span> <span class='ocrx_word' id='word_1_564' title='bbox 3391 3073 3663 3142; x_wconf 73' lang='lat' dir='ltr'><strong>reapnitur</strong></span> 
     </span>
    </p>
   </div>
   <div class='ocr_carea' id='block_1_78' title="bbox 2078 3163 3662 3233">
    <p class='ocr_par' dir='ltr' id='par_1_78' title="bbox 2078 3163 3662 3233">
     <span class='ocr_line' id='line_1_78' title="bbox 2078 3163 3662 3233; baseline -0.003 -13"><span class='ocrx_word' id='word_1_565' title='bbox 2078 3164 2438 3220; x_wconf 71' lang='lat' dir='ltr'><strong>sacerdotium</strong></span> <span class='ocrx_word' id='word_1_566' title='bbox 2476 3164 2798 3228; x_wconf 81' lang='lat' dir='ltr'><strong>Leviticum,</strong></span> <span class='ocrx_word' id='word_1_567' title='bbox 2850 3179 2956 3233; x_wconf 89' lang='lat' dir='ltr'><strong>quo</strong></span> <span class='ocrx_word' id='word_1_568' title='bbox 2982 3163 3209 3233; x_wconf 71' lang='lat' dir='ltr'><strong>reiecto,</strong></span> <span class='ocrx_word' id='word_1_569' title='bbox 3245 3177 3470 3219; x_wconf 85' lang='lat' dir='ltr'><strong>necesse</strong></span> <span class='ocrx_word' id='word_1_570' title='bbox 3504 3173 3587 3218; x_wconf 80' lang='lat' dir='ltr'><strong>est</strong></span> <span class='ocrx_word' id='word_1_571' title='bbox 3607 3173 3662 3216; x_wconf 91' lang='lat' dir='ltr'><strong>ut</strong></span> 
     </span>
    </p>
   </div>
   <div class='ocr_carea' id='block_1_79' title="bbox 2080 3257 3183 3329">
    <p class='ocr_par' dir='ltr' id='par_1_79' title="bbox 2080 3257 3183 3329">
     <span class='ocr_line' id='line_1_79' title="bbox 2080 3257 3183 3329; baseline -0.001 -16"><span class='ocrx_word' id='word_1_572' title='bbox 2080 3259 2162 3314; x_wconf 84' lang='lat' dir='ltr'><strong>lex</strong></span> <span class='ocrx_word' id='word_1_573' title='bbox 2199 3268 2252 3313; x_wconf 88' lang='lat' dir='ltr'><strong>et</strong></span> <span class='ocrx_word' id='word_1_574' title='bbox 2282 3257 2461 3313; x_wconf 89' lang='lat' dir='ltr'><strong>culttts</strong></span> <span class='ocrx_word' id='word_1_575' title='bbox 2493 3259 2754 3329; x_wconf 84' lang='lat' dir='ltr'><strong>antiquus</strong></span> <span class='ocrx_word' id='word_1_576' title='bbox 2786 3266 3183 3326; x_wconf 80' lang='lat' dir='ltr'><strong>permutentur.</strong></span> 
     </span>
    </p>
   </div>
   <div class='ocr_carea' id='block_1_80' title="bbox 2144 3446 3664 3513">
    <p class='ocr_par' dir='ltr' id='par_1_80' title="bbox 2144 3446 3664 3513">
     <span class='ocr_line' id='line_1_80' title="bbox 2144 3446 3664 3513; baseline -0.002 -2"><span class='ocrx_word' id='word_1_577' title='bbox 2144 3459 2231 3512; x_wconf 77' lang='grc'><strong>10.</strong></span> <span class='ocrx_word' id='word_1_578' title='bbox 2266 3458 2339 3512; x_wconf 85' lang='lat' dir='ltr'><strong>De</strong></span> <span class='ocrx_word' id='word_1_579' title='bbox 2371 3467 2558 3511; x_wconf 91' lang='lat' dir='ltr'><strong>nostro</strong></span> <span class='ocrx_word' id='word_1_580' title='bbox 2584 3467 2767 3513; x_wconf 83' lang='lat' dir='ltr'><strong>autem</strong></span> <span class='ocrx_word' id='word_1_581' title='bbox 2792 3446 2939 3512; x_wconf 89' lang='lat' dir='ltr'><strong>cultu</strong></span> <span class='ocrx_word' id='word_1_582' title='bbox 2985 3457 3186 3512; x_wconf 89' lang='lat' dir='ltr'><strong>dicitur</strong></span> <span class='ocrx_word' id='word_1_583' title='bbox 3217 3474 3230 3510; x_wconf 89' lang='lat'><strong>:</strong></span> <span class='ocrx_word' id='word_1_584' title='bbox 3260 3474 3279 3508; x_wconf 87' lang='grc' dir='ltr'><strong>ι</strong></span> <span class='ocrx_word' id='word_1_585' title='bbox 3319 3456 3457 3511; x_wconf 84' lang='lat' dir='ltr'><strong>Ecce</strong></span> <span class='ocrx_word' id='word_1_586' title='bbox 3490 3455 3664 3508; x_wconf 81' lang='lat' dir='ltr'><strong>sacri-</strong></span> 
     </span>
    </p>
   </div>
   <div class='ocr_carea' id='block_1_81' title="bbox 2082 3548 3659 3604">
    <p class='ocr_par' dir='ltr' id='par_1_81' title="bbox 2082 3548 3659 3604">
     <span class='ocr_line' id='line_1_81' title="bbox 2082 3548 3659 3604; baseline -0.002 -1"><span class='ocrx_word' id='word_1_587' title='bbox 2082 3552 2262 3603; x_wconf 82' lang='lat' dir='ltr'><strong>liciutn</strong></span> <span class='ocrx_word' id='word_1_588' title='bbox 2292 3551 2420 3603; x_wconf 90' lang='lat' dir='ltr'><strong>tuihi</strong></span> <span class='ocrx_word' id='word_1_589' title='bbox 2454 3548 2681 3604; x_wconf 80' lang='lat' dir='ltr'><strong>oﬂ‘ertur</strong></span> <span class='ocrx_word' id='word_1_590' title='bbox 2703 3551 2758 3604; x_wconf 91' lang='lat' dir='ltr'><strong>in</strong></span> <span class='ocrx_word' id='word_1_591' title='bbox 2789 3550 2938 3604; x_wconf 86' lang='lat' dir='ltr'><strong>Omni</strong></span> <span class='ocrx_word' id='word_1_592' title='bbox 2978 3559 3121 3603; x_wconf 87' lang='lat' dir='ltr'><strong>terra</strong></span> <span class='ocrx_word' id='word_1_593' title='bbox 3155 3549 3220 3603; x_wconf 81' lang='grc'><strong>⁸³.</strong></span> <span class='ocrx_word' id='word_1_594' title='bbox 3265 3567 3285 3600; x_wconf 76' lang='grc' dir='ltr'><strong>ι</strong></span> <span class='ocrx_word' id='word_1_595' title='bbox 3336 3549 3485 3603; x_wconf 72' lang='lat' dir='ltr'><strong>Siait</strong></span> <span class='ocrx_word' id='word_1_596' title='bbox 3515 3548 3659 3600; x_wconf 90' lang='lat' dir='ltr'><strong>enim</strong></span> 
     </span>
    </p>
   </div>
   <div class='ocr_carea' id='block_1_82' title="bbox 2082 3639 3663 3710">
    <p class='ocr_par' dir='ltr' id='par_1_82' title="bbox 2082 3639 3663 3710">
     <span class='ocr_line' id='line_1_82' title="bbox 2082 3639 3663 3710; baseline -0.004 -16"><span class='ocrx_word' id='word_1_597' title='bbox 2082 3641 2464 3695; x_wconf 85' lang='lat' dir='ltr'><strong>immaterialis</strong></span> <span class='ocrx_word' id='word_1_598' title='bbox 2511 3639 2657 3695; x_wconf 87' lang='lat' dir='ltr'><strong>Deus</strong></span> <span class='ocrx_word' id='word_1_599' title='bbox 2713 3655 2937 3695; x_wconf 91' lang='lat' dir='ltr'><strong>carnem</strong></span> <span class='ocrx_word' id='word_1_600' title='bbox 2976 3655 3006 3694; x_wconf 90' lang='lat' dir='ltr'><strong>e</strong></span> <span class='ocrx_word' id='word_1_601' title='bbox 3040 3639 3266 3710; x_wconf 77' lang='lat' dir='ltr'><strong>Virgine</strong></span> <span class='ocrx_word' id='word_1_602' title='bbox 3312 3639 3577 3707; x_wconf 74' lang='lat' dir='ltr'><strong>Suscepit,</strong></span> <span class='ocrx_word' id='word_1_603' title='bbox 3609 3651 3663 3693; x_wconf 88' lang='lat' dir='ltr'><strong>et</strong></span> 
     </span>
    </p>
   </div>
   <div class='ocr_carea' id='block_1_83' title="bbox 2080 3731 3663 3803">
    <p class='ocr_par' dir='ltr' id='par_1_83' title="bbox 2080 3731 3663 3803">
     <span class='ocr_line' id='line_1_83' title="bbox 2080 3731 3663 3803; baseline -0.003 -16"><span class='ocrx_word' id='word_1_604' title='bbox 2080 3733 2134 3787; x_wconf 93' lang='lat' dir='ltr'><strong>iu</strong></span> <span class='ocrx_word' id='word_1_605' title='bbox 2167 3732 2568 3801; x_wconf 84' lang='lat' dir='ltr'><strong>uuahypostasi</strong></span> <span class='ocrx_word' id='word_1_606' title='bbox 2613 3731 2889 3803; x_wconf 80' lang='lat' dir='ltr'><strong>perfectus</strong></span> <span class='ocrx_word' id='word_1_607' title='bbox 2942 3731 3081 3787; x_wconf 86' lang='lat' dir='ltr'><strong>Dens</strong></span> <span class='ocrx_word' id='word_1_608' title='bbox 3129 3742 3247 3786; x_wconf 86' lang='lat' dir='ltr'><strong>erat</strong></span> <span class='ocrx_word' id='word_1_609' title='bbox 3296 3743 3350 3785; x_wconf 89' lang='lat' dir='ltr'><strong>ct</strong></span> <span class='ocrx_word' id='word_1_610' title='bbox 3393 3732 3663 3802; x_wconf 79' lang='lat' dir='ltr'><strong>perfectus</strong></span> 
     </span>
    </p>
   </div>
   <div class='ocr_carea' id='block_1_84' title="bbox 2083 3823 3660 3894">
    <p class='ocr_par' dir='ltr' id='par_1_84' title="bbox 2083 3823 3660 3894">
     <span class='ocr_line' id='line_1_84' title="bbox 2083 3823 3660 3894; baseline -0.003 -17"><span class='ocrx_word' id='word_1_611' title='bbox 2083 3826 2266 3888; x_wconf 88' lang='lat' dir='ltr'><strong>homo,</strong></span> <span class='ocrx_word' id='word_1_612' title='bbox 2309 3824 2464 3878; x_wconf 87' lang='lat' dir='ltr'><strong>nobis</strong></span> <span class='ocrx_word' id='word_1_613' title='bbox 2524 3824 2576 3878; x_wconf 94' lang='lat' dir='ltr'><strong>in</strong></span> <span class='ocrx_word' id='word_1_614' title='bbox 2615 3824 2870 3879; x_wconf 87' lang='lat' dir='ltr'><strong>omnibus</strong></span> <span class='ocrx_word' id='word_1_615' title='bbox 2927 3823 3124 3880; x_wconf 86' lang='lat' dir='ltr'><strong>similis</strong></span> <span class='ocrx_word' id='word_1_616' title='bbox 3162 3823 3367 3894; x_wconf 83' lang='lat' dir='ltr'><strong>absque</strong></span> <span class='ocrx_word' id='word_1_617' title='bbox 3418 3833 3660 3893; x_wconf 83' lang='lat' dir='ltr'><strong>peccatu,</strong></span> 
     </span>
    </p>
   </div>
   <div class='ocr_carea' id='block_1_85' title="bbox 2078 3902 3656 3981">
    <p class='ocr_par' dir='ltr' id='par_1_85' title="bbox 2078 3902 3656 3981">
     <span class='ocr_line' id='line_1_85' title="bbox 2078 3902 3656 3981; baseline -0.001 -16"><span class='ocrx_word' id='word_1_618' title='bbox 2078 3913 2151 3967; x_wconf 86' lang='lat' dir='ltr'><strong>ita</strong></span> <span class='ocrx_word' id='word_1_619' title='bbox 2174 3922 2228 3968; x_wconf 89' lang='lat' dir='ltr'><strong>et</strong></span> <span class='ocrx_word' id='word_1_620' title='bbox 2260 3929 2457 3967; x_wconf 78' lang='lat' dir='ltr'><strong>novum</strong></span> <span class='ocrx_word' id='word_1_621' title='bbox 2483 3928 2683 3981; x_wconf 88' lang='lat' dir='ltr'><strong>corpus</strong></span> <span class='ocrx_word' id='word_1_622' title='bbox 2714 3928 2780 3968; x_wconf 80' lang='lat' dir='ltr'><strong>ex</strong></span> <span class='ocrx_word' id='word_1_623' title='bbox 2807 3911 3085 3979; x_wconf 86' lang='lat' dir='ltr'><strong>cujusdam</strong></span> <span class='ocrx_word' id='word_1_624' title='bbox 3113 3923 3268 3967; x_wconf 88' lang='lat' dir='ltr'><strong>utero</strong></span> <span class='ocrx_word' id='word_1_625' title='bbox 3290 3921 3342 3966; x_wconf 89' lang='lat' dir='ltr'><strong>et</strong></span> <span class='ocrx_word' id='word_1_626' title='bbox 3377 3902 3656 3980; x_wconf 82' lang='lat' dir='ltr'><strong>sanguine,</strong></span> 
     </span>
    </p>
   </div>
   <div class='ocr_carea' id='block_1_86' title="bbox 2076 4002 3661 4075">
    <p class='ocr_par' dir='ltr' id='par_1_86' title="bbox 2076 4002 3661 4075">
     <span class='ocr_line' id='line_1_86' title="bbox 2076 4002 3661 4075; baseline 0 -19"><span class='ocrx_word' id='word_1_627' title='bbox 2076 4018 2407 4073; x_wconf 84' lang='lat' dir='ltr'><strong>carnemque</strong></span> <span class='ocrx_word' id='word_1_628' title='bbox 2445 4004 2511 4059; x_wconf 88' lang='lat' dir='ltr'><strong>de</strong></span> <span class='ocrx_word' id='word_1_629' title='bbox 2543 4002 2761 4075; x_wconf 82' lang='lat' dir='ltr'><strong>Virgine</strong></span> <span class='ocrx_word' id='word_1_630' title='bbox 2803 4004 3167 4073; x_wconf 88' lang='lat' dir='ltr'><strong>desmnptam,</strong></span> <span class='ocrx_word' id='word_1_631' title='bbox 3215 4002 3268 4057; x_wconf 91' lang='lat' dir='ltr'><strong>id</strong></span> <span class='ocrx_word' id='word_1_632' title='bbox 3297 4011 3379 4057; x_wconf 89' lang='lat' dir='ltr'><strong>est</strong></span> <span class='ocrx_word' id='word_1_633' title='bbox 3422 4018 3486 4057; x_wconf 83' lang='lat' dir='ltr'><strong>ex</strong></span> <span class='ocrx_word' id='word_1_634' title='bbox 3531 4008 3661 4056; x_wconf 90' lang='lat' dir='ltr'><strong>sub-</strong></span> 
     </span>
    </p>
   </div>
   <div class='ocr_carea' id='block_1_87' title="bbox 2076 4094 3659 4167">
    <p class='ocr_par' dir='ltr' id='par_1_87' title="bbox 2076 4094 3659 4167">
     <span class='ocr_line' id='line_1_87' title="bbox 2076 4094 3659 4167; baseline -0.003 -17"><span class='ocrx_word' id='word_1_635' title='bbox 2076 4098 2272 4151; x_wconf 88' lang='lat' dir='ltr'><strong>stantia</strong></span> <span class='ocrx_word' id='word_1_636' title='bbox 2302 4097 2454 4167; x_wconf 86' lang='lat' dir='ltr'><strong>panis</strong></span> <span class='ocrx_word' id='word_1_637' title='bbox 2475 4138 2490 4164; x_wconf 90' lang='lat'><strong>,</strong></span> <span class='ocrx_word' id='word_1_638' title='bbox 2526 4096 2787 4152; x_wconf 90' lang='lat' dir='ltr'><strong>diaconus</strong></span> <span class='ocrx_word' id='word_1_639' title='bbox 2811 4105 2861 4151; x_wconf 84' lang='lat' dir='ltr'><strong>et</strong></span> <span class='ocrx_word' id='word_1_640' title='bbox 2910 4097 3166 4150; x_wconf 85' lang='lat' dir='ltr'><strong>sacerdos</strong></span> <span class='ocrx_word' id='word_1_641' title='bbox 3187 4094 3460 4151; x_wconf 63' lang='lat' dir='ltr'><strong>dissecant</strong></span> <span class='ocrx_word' id='word_1_642' title='bbox 3495 4095 3659 4160; x_wconf 80' lang='lat' dir='ltr'><strong>ferro,</strong></span> 
     </span>
    </p>
   </div>
   <div class='ocr_carea' id='block_1_88' title="bbox 2077 4184 3664 4257">
    <p class='ocr_par' dir='ltr' id='par_1_88' title="bbox 2077 4184 3664 4257">
     <span class='ocr_line' id='line_1_88' title="bbox 2077 4184 3664 4257; baseline -0.003 -16"><span class='ocrx_word' id='word_1_643' title='bbox 2077 4188 2286 4243; x_wconf 79' lang='lat' dir='ltr'><strong>scilicet</strong></span> <span class='ocrx_word' id='word_1_644' title='bbox 2308 4187 2520 4252; x_wconf 86' lang='lat' dir='ltr'><strong>lancea,</strong></span> <span class='ocrx_word' id='word_1_645' title='bbox 2539 4187 2607 4242; x_wconf 89' lang='lat' dir='ltr'><strong>de</strong></span> <span class='ocrx_word' id='word_1_646' title='bbox 2634 4202 2738 4257; x_wconf 88' lang='lat' dir='ltr'><strong>qua</strong></span> <span class='ocrx_word' id='word_1_647' title='bbox 2765 4201 2927 4256; x_wconf 84' lang='lat' dir='ltr'><strong>supra</strong></span> <span class='ocrx_word' id='word_1_648' title='bbox 2954 4187 3184 4256; x_wconf 75' lang='lat' dir='ltr'><strong>quaestio</strong></span> <span class='ocrx_word' id='word_1_649' title='bbox 3213 4186 3336 4241; x_wconf 80' lang='lat' dir='ltr'><strong>fuit.</strong></span> <span class='ocrx_word' id='word_1_650' title='bbox 3363 4184 3475 4240; x_wconf 87' lang='lat' dir='ltr'><strong>lluc</strong></span> <span class='ocrx_word' id='word_1_651' title='bbox 3505 4186 3664 4239; x_wconf 82' lang='lat' dir='ltr'><strong>modo</strong></span> 
     </span>
    </p>
   </div>
   <div class='ocr_carea' id='block_1_89' title="bbox 2079 4276 3665 4351">
    <p class='ocr_par' dir='ltr' id='par_1_89' title="bbox 2079 4276 3665 4351">
     <span class='ocr_line' id='line_1_89' title="bbox 2079 4276 3665 4351; baseline -0.003 -18"><span class='ocrx_word' id='word_1_652' title='bbox 2079 4279 2418 4351; x_wconf 82' lang='lat' dir='ltr'><strong>hypostatice</strong></span> <span class='ocrx_word' id='word_1_653' title='bbox 2443 4287 2789 4334; x_wconf 85' lang='lat' dir='ltr'><strong>consecrant.</strong></span> <span class='ocrx_word' id='word_1_654' title='bbox 2821 4277 2984 4333; x_wconf 85' lang='lat' dir='ltr'><strong>Panis</strong></span> <span class='ocrx_word' id='word_1_655' title='bbox 3006 4278 3150 4333; x_wconf 89' lang='lat' dir='ltr'><strong>enim</strong></span> <span class='ocrx_word' id='word_1_656' title='bbox 3199 4277 3251 4331; x_wconf 93' lang='lat' dir='ltr'><strong>in</strong></span> <span class='ocrx_word' id='word_1_657' title='bbox 3296 4277 3536 4348; x_wconf 80' lang='lat' dir='ltr'><strong>prothesi</strong></span> <span class='ocrx_word' id='word_1_658' title='bbox 3576 4276 3665 4346; x_wconf 88' lang='lat' dir='ltr'><strong>ja-</strong></span> 
     </span>
    </p>
   </div>
   <div class='ocr_carea' id='block_1_90' title="bbox 386 4365 1964 4441">
    <p class='ocr_par' dir='ltr' id='par_1_90' title="bbox 386 4365 1964 4438">
     <span class='ocr_line' id='line_1_90' title="bbox 386 4365 1964 4438; baseline -0.001 -19"><span class='ocrx_word' id='word_1_659' title='bbox 386 4367 765 4430; x_wconf 85' lang='grc' dir='ltr'>ῦποστατικῶς</span> <span class='ocrx_word' id='word_1_660' title='bbox 820 4369 885 4420; x_wconf 83' lang='grc' dir='ltr'>ὲκ</span> <span class='ocrx_word' id='word_1_661' title='bbox 931 4367 1095 4438; x_wconf 81' lang='grc' dir='ltr'>μέσου</span> <span class='ocrx_word' id='word_1_662' title='bbox 1127 4366 1330 4438; x_wconf 85' lang='grc' dir='ltr'>ταύτης</span> <span class='ocrx_word' id='word_1_663' title='bbox 1374 4367 1759 4438; x_wconf 78' lang='grc' dir='ltr'>άφιεροῦνταιο</span> <span class='ocrx_word' id='word_1_664' title='bbox 1792 4365 1964 4418; x_wconf 77' lang='grc' dir='ltr'>τοίνυν</span> 
     </span>
    </p>
   </div>
   <div class='ocr_carea' id='block_1_91' title="bbox 2077 4365 3662 4441">
    <p class='ocr_par' dir='ltr' id='par_1_91' title="bbox 2080 4367 3662 4440">
     <span class='ocr_line' id='line_1_91' title="bbox 2080 4367 3662 4440; baseline -0.004 -13"><span class='ocrx_word' id='word_1_665' title='bbox 2080 4384 2186 4435; x_wconf 90' lang='lat' dir='ltr'><strong>cet,</strong></span> <span class='ocrx_word' id='word_1_666' title='bbox 2218 4381 2303 4426; x_wconf 87' lang='lat' dir='ltr'><strong>ast</strong></span> <span class='ocrx_word' id='word_1_667' title='bbox 2342 4370 2432 4425; x_wconf 87' lang='lat' dir='ltr'><strong>ille</strong></span> <span class='ocrx_word' id='word_1_668' title='bbox 2467 4380 2692 4440; x_wconf 85' lang='lat' dir='ltr'><strong>apparet</strong></span> <span class='ocrx_word' id='word_1_669' title='bbox 2736 4370 2985 4440; x_wconf 74' lang='lat' dir='ltr'><strong>expians.</strong></span> <span class='ocrx_word' id='word_1_670' title='bbox 3033 4367 3136 4437; x_wconf 87' lang='lat' dir='ltr'><strong>Qui</strong></span> <span class='ocrx_word' id='word_1_671' title='bbox 3172 4379 3339 4424; x_wconf 87' lang='lat' dir='ltr'><strong>totam</strong></span> <span class='ocrx_word' id='word_1_672' title='bbox 3384 4370 3662 4435; x_wconf 89' lang='lat' dir='ltr'><strong>hominum</strong></span> 
     </span>
    </p>
   </div>
   <div class='ocr_carea' id='block_1_92' title="bbox 385 4455 1967 4529">
    <p class='ocr_par' dir='ltr' id='par_1_92' title="bbox 385 4455 1967 4529">
     <span class='ocr_line' id='line_1_92' title="bbox 385 4455 1967 4529; baseline -0.003 -16"><span class='ocrx_word' id='word_1_673' title='bbox 385 4459 548 4528; x_wconf 82' lang='grc' dir='ltr'>ἄρτος</span> <span class='ocrx_word' id='word_1_674' title='bbox 589 4458 688 4527; x_wconf 81' lang='grc' dir='ltr'>τῆς</span> <span class='ocrx_word' id='word_1_675' title='bbox 742 4458 1071 4529; x_wconf 83' lang='grc' dir='ltr'>προθέσεως,</span> <span class='ocrx_word' id='word_1_676' title='bbox 1097 4459 1196 4512; x_wconf 76' lang='grc' dir='ltr'>εἶτ’</span> <span class='ocrx_word' id='word_1_677' title='bbox 1239 4455 1333 4513; x_wconf 79' lang='grc' dir='ltr'>οὖν</span> <span class='ocrx_word' id='word_1_678' title='bbox 1382 4458 1411 4510; x_wconf 91' lang='lat'><strong>6</strong></span> <span class='ocrx_word' id='word_1_679' title='bbox 1457 4458 1967 4529; x_wconf 81' lang='grc' dir='ltr'>ἁποκαθαιρόμενος</span> 
     </span>
    </p>
   </div>
   <div class='ocr_carea' id='block_1_93' title="bbox 307 4549 1969 4624">
    <p class='ocr_par' dir='ltr' id='par_1_93' title="bbox 307 4549 1969 4624">
     <span class='ocr_line' id='line_1_93' title="bbox 307 4549 1969 4624; baseline -0.001 -21"><span class='ocrx_word' id='word_1_680' title='bbox 307 4610 313 4616; x_wconf 43' lang='grc'><strong>,</strong></span> <span class='ocrx_word' id='word_1_681' title='bbox 386 4550 664 4619; x_wconf 78' lang='grc' dir='ltr'>ἐμφαίνει,</span> <span class='ocrx_word' id='word_1_682' title='bbox 695 4554 776 4604; x_wconf 85' lang='grc' dir='ltr'>ὅτι</span> <span class='ocrx_word' id='word_1_683' title='bbox 816 4552 1049 4605; x_wconf 79' lang='grc' dir='ltr'>ἀνέλαϐε</span> <span class='ocrx_word' id='word_1_684' title='bbox 1093 4553 1154 4606; x_wconf 84' lang='grc' dir='ltr'>τὸ</span> <span class='ocrx_word' id='word_1_685' title='bbox 1191 4551 1422 4624; x_wconf 85' lang='grc' dir='ltr'>φύραμα</span> <span class='ocrx_word' id='word_1_686' title='bbox 1445 4551 1697 4623; x_wconf 74' lang='grc' dir='ltr'>ὅληςτῆς</span> <span class='ocrx_word' id='word_1_687' title='bbox 1752 4549 1969 4620; x_wconf 83' lang='grc' dir='ltr'>ἀνθρω-</span> 
     </span>
    </p>
   </div>
   <div class='ocr_carea' id='block_1_94' title="bbox 388 4640 1969 4713">
    <p class='ocr_par' dir='ltr' id='par_1_94' title="bbox 388 4640 1969 4713">
     <span class='ocr_line' id='line_1_94' title="bbox 388 4640 1969 4713; baseline -0.001 -19"><span class='ocrx_word' id='word_1_688' title='bbox 388 4642 548 4712; x_wconf 84' lang='grc' dir='ltr'>πίνης</span> <span class='ocrx_word' id='word_1_689' title='bbox 580 4641 795 4712; x_wconf 81' lang='grc' dir='ltr'>φύσεως</span> <span class='ocrx_word' id='word_1_690' title='bbox 819 4644 916 4697; x_wconf 71' lang='grc' dir='ltr'>καὶ</span> <span class='ocrx_word' id='word_1_691' title='bbox 936 4643 1297 4713; x_wconf 75' lang='grc' dir='ltr'>προσηνέχθη</span> <span class='ocrx_word' id='word_1_692' title='bbox 1321 4643 1396 4705; x_wconf 83' lang='grc' dir='ltr'>ὡς</span> <span class='ocrx_word' id='word_1_693' title='bbox 1428 4643 1678 4713; x_wconf 81' lang='grc' dir='ltr'>ἀπαρχὴ,</span> <span class='ocrx_word' id='word_1_694' title='bbox 1701 4642 1796 4696; x_wconf 55' lang='grc' dir='ltr'><strong>καὶ⁵</strong></span> <span class='ocrx_word' id='word_1_695' title='bbox 1820 4640 1969 4705; x_wconf 79' lang='grc' dir='ltr'>ἐξαί-</span> 
     </span>
    </p>
   </div>
   <div class='ocr_carea' id='block_1_95' title="bbox 389 4730 1969 4803">
    <p class='ocr_par' dir='ltr' id='par_1_95' title="bbox 389 4730 1969 4803">
     <span class='ocr_line' id='line_1_95' title="bbox 389 4730 1969 4803; baseline -0.001 -19"><span class='ocrx_word' id='word_1_696' title='bbox 389 4748 542 4802; x_wconf 86' lang='grc' dir='ltr'>ρετον</span> <span class='ocrx_word' id='word_1_697' title='bbox 561 4732 932 4803; x_wconf 83' lang='grc' dir='ltr'>ὁλοκάρπωμα</span> <span class='ocrx_word' id='word_1_698' title='bbox 948 4733 1026 4803; x_wconf 85' lang='grc' dir='ltr'>τῷ</span> <span class='ocrx_word' id='word_1_699' title='bbox 1053 4732 1172 4803; x_wconf 77' lang='grc' dir='ltr'><strong>Θεῷ</strong></span> <span class='ocrx_word' id='word_1_700' title='bbox 1194 4734 1289 4787; x_wconf 75' lang='grc' dir='ltr'>καὶ</span> <span class='ocrx_word' id='word_1_701' title='bbox 1312 4733 1509 4801; x_wconf 84' lang='grc' dir='ltr'>Πατρί·</span> <span class='ocrx_word' id='word_1_702' title='bbox 1542 4733 1571 4784; x_wconf 97' lang='lat'><strong>6</strong></span> <span class='ocrx_word' id='word_1_703' title='bbox 1629 4734 1821 4802; x_wconf 84' lang='grc' dir='ltr'>μέντοι</span> <span class='ocrx_word' id='word_1_704' title='bbox 1848 4730 1969 4784; x_wconf 88' lang='grc' dir='ltr'>διά-</span> 
     </span>
    </p>
   </div>
   <div class='ocr_carea' id='block_1_96' title="bbox 388 4823 1969 4895">
    <p class='ocr_par' dir='ltr' id='par_1_96' title="bbox 388 4823 1969 4895">
     <span class='ocr_line' id='line_1_96' title="bbox 388 4823 1969 4895; baseline -0.001 -19"><span class='ocrx_word' id='word_1_705' title='bbox 388 4825 600 4895; x_wconf 88' lang='grc' dir='ltr'>κονοςῆ</span> <span class='ocrx_word' id='word_1_706' title='bbox 631 4825 660 4877; x_wconf 90' lang='lat'><strong>6</strong></span> <span class='ocrx_word' id='word_1_707' title='bbox 710 4825 886 4893; x_wconf 81' lang='grc' dir='ltr'>ἱερεὺς</span> <span class='ocrx_word' id='word_1_708' title='bbox 928 4825 1225 4895; x_wconf 81' lang='grc' dir='ltr'>ἑτοιμάσας</span> <span class='ocrx_word' id='word_1_709' title='bbox 1284 4827 1381 4878; x_wconf 75' lang='grc' dir='ltr'>σὺν</span> <span class='ocrx_word' id='word_1_710' title='bbox 1416 4823 1564 4895; x_wconf 81' lang='grc' dir='ltr'>αύτῷ</span> <span class='ocrx_word' id='word_1_711' title='bbox 1622 4826 1718 4878; x_wconf 72' lang='grc' dir='ltr'>καὶ</span> <span class='ocrx_word' id='word_1_712' title='bbox 1748 4823 1808 4876; x_wconf 82' lang='grc' dir='ltr'>τὸ</span> <span class='ocrx_word' id='word_1_713' title='bbox 1843 4823 1969 4892; x_wconf 83' lang='grc' dir='ltr'>μέλ-</span> 
     </span>
    </p>
   </div>
   <div class='ocr_carea' id='block_1_97' title="bbox 391 4909 1972 4987">
    <p class='ocr_par' dir='ltr' id='par_1_97' title="bbox 391 4909 1972 4987">
     <span class='ocr_line' id='line_1_97' title="bbox 391 4909 1972 4987; baseline 0 -20"><span class='ocrx_word' id='word_1_714' title='bbox 391 4916 482 4970; x_wconf 82' lang='grc' dir='ltr'><strong>λον</strong></span> <span class='ocrx_word' id='word_1_715' title='bbox 506 4915 889 4979; x_wconf 71' lang='grc' dir='ltr'>ἀποτελεῖσθαι</span> <span class='ocrx_word' id='word_1_716' title='bbox 918 4915 1254 4968; x_wconf 79' lang='grc' dir='ltr'>Δεαποτικὸν</span> <span class='ocrx_word' id='word_1_717' title='bbox 1284 4909 1426 4984; x_wconf 80' lang='grc' dir='ltr'>αἷμα</span> <span class='ocrx_word' id='word_1_718' title='bbox 1448 4917 1506 4967; x_wconf 80' lang='grc' dir='ltr'>ὲν</span> <span class='ocrx_word' id='word_1_719' title='bbox 1538 4914 1619 4987; x_wconf 80' lang='grc' dir='ltr'>τῷ</span> <span class='ocrx_word' id='word_1_720' title='bbox 1637 4918 1972 4985; x_wconf 81' lang='grc' dir='ltr'>προσήκοντι</span> 
     </span>
    </p>
   </div>
   <div class='ocr_carea' id='block_1_98' title="bbox 391 5007 1971 5079">
    <p class='ocr_par' dir='ltr' id='par_1_98' title="bbox 391 5007 1971 5079">
     <span class='ocr_line' id='line_1_98' title="bbox 391 5007 1971 5079; baseline -0.001 -18"><span class='ocrx_word' id='word_1_721' title='bbox 391 5007 602 5072; x_wconf 86' lang='grc' dir='ltr'>πάθους</span> <span class='ocrx_word' id='word_1_722' title='bbox 632 5008 811 5079; x_wconf 81' lang='grc' dir='ltr'>καιρῷ</span> <span class='ocrx_word' id='word_1_723' title='bbox 843 5007 932 5060; x_wconf 80' lang='grc' dir='ltr'><strong>διὰ</strong></span> <span class='ocrx_word' id='word_1_724' title='bbox 959 5007 1058 5076; x_wconf 79' lang='grc' dir='ltr'>τῆς</span> <span class='ocrx_word' id='word_1_725' title='bbox 1082 5009 1177 5060; x_wconf 88' lang='grc' dir='ltr'>τοῦ</span> <span class='ocrx_word' id='word_1_726' title='bbox 1202 5008 1470 5072; x_wconf 80' lang='grc' dir='ltr'>ζωοποιοῦ</span> <span class='ocrx_word' id='word_1_727' title='bbox 1502 5007 1640 5061; x_wconf 81' lang='grc' dir='ltr'>Πνεύ</span> <span class='ocrx_word' id='word_1_728' title='bbox 1651 5024 1819 5077; x_wconf 84' lang='grc' dir='ltr'>ματος</span> <span class='ocrx_word' id='word_1_729' title='bbox 1850 5009 1971 5060; x_wconf 79' lang='grc' dir='ltr'>ὲπι·</span> 
     </span>
    </p>
   </div>
   <div class='ocr_carea' id='block_1_99' title="bbox 390 5098 1970 5170">
    <p class='ocr_par' dir='ltr' id='par_1_99' title="bbox 390 5098 1970 5170">
     <span class='ocr_line' id='line_1_99' title="bbox 390 5098 1970 5170; baseline 0 -19"><span class='ocrx_word' id='word_1_730' title='bbox 390 5100 714 5170; x_wconf 84' lang='grc' dir='ltr'>φοιτήσεως,</span> <span class='ocrx_word' id='word_1_731' title='bbox 772 5098 969 5168; x_wconf 79' lang='grc' dir='ltr'>ἀφίησι</span> <span class='ocrx_word' id='word_1_732' title='bbox 1013 5098 1220 5168; x_wconf 78' lang='grc' dir='ltr'>ταύτην</span> <span class='ocrx_word' id='word_1_733' title='bbox 1281 5102 1340 5152; x_wconf 82' lang='grc' dir='ltr'>ὲν</span> <span class='ocrx_word' id='word_1_734' title='bbox 1393 5102 1459 5170; x_wconf 76' lang='grc' dir='ltr'>τῇ</span> <span class='ocrx_word' id='word_1_735' title='bbox 1518 5099 1811 5169; x_wconf 84' lang='grc' dir='ltr'>προθέσει,</span> <span class='ocrx_word' id='word_1_736' title='bbox 1868 5099 1970 5167; x_wconf 81' lang='grc' dir='ltr'>τὴν</span> 
     </span>
    </p>
   </div>
   <div class='ocr_carea' id='block_1_100' title="bbox 391 5185 1969 5262">
    <p class='ocr_par' dir='ltr' id='par_1_100' title="bbox 391 5185 1969 5262">
     <span class='ocr_line' id='line_1_100' title="bbox 391 5185 1969 5262; baseline 0.001 -19"><span class='ocrx_word' id='word_1_737' title='bbox 391 5190 556 5261; x_wconf 79' lang='grc' dir='ltr'>εὐχὴν</span> <span class='ocrx_word' id='word_1_738' title='bbox 585 5191 929 5258; x_wconf 77' lang='grc' dir='ltr'>ἐπιλέγοντος</span> <span class='ocrx_word' id='word_1_739' title='bbox 962 5190 1057 5244; x_wconf 86' lang='grc' dir='ltr'>τοῦ</span> <span class='ocrx_word' id='word_1_740' title='bbox 1104 5192 1297 5262; x_wconf 89' lang='grc' dir='ltr'>ίερέως</span> <span class='ocrx_word' id='word_1_741' title='bbox 1325 5208 1338 5223; x_wconf 91' lang='grc'>·</span> <span class='ocrx_word' id='word_1_742' title='bbox 1373 5185 1530 5255; x_wconf 73' lang='grc' dir='ltr'>οὗτος</span> <span class='ocrx_word' id='word_1_743' title='bbox 1558 5192 1614 5244; x_wconf 83' lang='grc' dir='ltr'>δὲ</span> <span class='ocrx_word' id='word_1_744' title='bbox 1660 5193 1689 5245; x_wconf 87' lang='lat'><strong>6</strong></span> <span class='ocrx_word' id='word_1_745' title='bbox 1718 5191 1779 5244; x_wconf 83' lang='grc' dir='ltr'><strong>τὺ</strong></span> <span class='ocrx_word' id='word_1_746' title='bbox 1806 5191 1969 5262; x_wconf 80' lang='grc' dir='ltr'>σῶμα</span> 
     </span>
    </p>
   </div>
   <div class='ocr_carea' id='block_1_101' title="bbox 391 5282 1972 5355">
    <p class='ocr_par' dir='ltr' id='par_1_101' title="bbox 391 5282 1972 5355">
     <span class='ocr_line' id='line_1_101' title="bbox 391 5282 1972 5355; baseline 0.001 -20"><span class='ocrx_word' id='word_1_747' title='bbox 391 5282 694 5351; x_wconf 79' lang='grc' dir='ltr'>διατέμνων</span> <span class='ocrx_word' id='word_1_748' title='bbox 720 5284 831 5336; x_wconf 82' lang='grc' dir='ltr'><strong>ἀπὸ</strong></span> <span class='ocrx_word' id='word_1_749' title='bbox 857 5282 961 5352; x_wconf 83' lang='grc' dir='ltr'>τῆς</span> <span class='ocrx_word' id='word_1_750' title='bbox 984 5283 1235 5352; x_wconf 80' lang='grc' dir='ltr'>εὐλογίας</span> <span class='ocrx_word' id='word_1_751' title='bbox 1255 5283 1345 5337; x_wconf 73' lang='grc' dir='ltr'>τὸν</span> <span class='ocrx_word' id='word_1_752' title='bbox 1369 5284 1600 5351; x_wconf 82' lang='grc' dir='ltr'>ἄγγελον</span> <span class='ocrx_word' id='word_1_753' title='bbox 1626 5286 1876 5355; x_wconf 82' lang='grc' dir='ltr'>μιμεῖται</span> <span class='ocrx_word' id='word_1_754' title='bbox 1904 5287 1972 5355; x_wconf 81' lang='grc' dir='ltr'>τῇ</span> 
     </span>
    </p>
   </div>
   <div class='ocr_carea' id='block_1_102' title="bbox 395 5366 1973 5447">
    <p class='ocr_par' dir='ltr' id='par_1_102' title="bbox 395 5366 1973 5447">
     <span class='ocr_line' id='line_1_102' title="bbox 395 5366 1973 5447; baseline 0.003 -23"><span class='ocrx_word' id='word_1_755' title='bbox 395 5372 658 5443; x_wconf 80' lang='grc' dir='ltr'>Παρθένῳ</span> <span class='ocrx_word' id='word_1_756' title='bbox 676 5374 757 5436; x_wconf 73' lang='grc' dir='ltr'><strong>τὸ,</strong></span> <span class='ocrx_word' id='word_1_757' title='bbox 786 5375 981 5442; x_wconf 82' lang='grc' dir='ltr'>Χαῖρε,</span> <span class='ocrx_word' id='word_1_758' title='bbox 1019 5366 1561 5446; x_wconf 73' lang='grc' dir='ltr'>προσφθεγξάμενοψ</span> <span class='ocrx_word' id='word_1_759' title='bbox 1595 5375 1738 5428; x_wconf 72' lang='grc' dir='ltr'>οὕτω</span> <span class='ocrx_word' id='word_1_760' title='bbox 1752 5392 1973 5447; x_wconf 86' lang='grc' dir='ltr'>τοιγαρ-</span> 
     </span>
    </p>
   </div>
   <div class='ocr_carea' id='block_1_103' title="bbox 394 5462 1971 5539">
    <p class='ocr_par' dir='ltr' id='par_1_103' title="bbox 394 5462 1971 5539">
     <span class='ocr_line' id='line_1_103' title="bbox 394 5462 1971 5539; baseline 0.004 -26"><span class='ocrx_word' id='word_1_761' title='bbox 394 5462 492 5514; x_wconf 71' lang='grc' dir='ltr'>οῦν</span> <span class='ocrx_word' id='word_1_762' title='bbox 524 5464 743 5532; x_wconf 75' lang='grc' dir='ltr'>ἀφίεται</span> <span class='ocrx_word' id='word_1_763' title='bbox 800 5464 863 5517; x_wconf 69' lang='grc' dir='ltr'><strong>τὸ</strong></span> <span class='ocrx_word' id='word_1_764' title='bbox 894 5467 1036 5519; x_wconf 82' lang='grc' dir='ltr'>θεῖον</span> <span class='ocrx_word' id='word_1_765' title='bbox 1091 5467 1248 5537; x_wconf 81' lang='grc' dir='ltr'>σῶμα</span> <span class='ocrx_word' id='word_1_766' title='bbox 1281 5468 1336 5520; x_wconf 78' lang='grc' dir='ltr'>ἐν</span> <span class='ocrx_word' id='word_1_767' title='bbox 1358 5470 1440 5539; x_wconf 63' lang='grc' dir='ltr'><strong>λῇ</strong></span> <span class='ocrx_word' id='word_1_768' title='bbox 1473 5465 1733 5537; x_wconf 81' lang='grc' dir='ltr'>προθέσει</span> <span class='ocrx_word' id='word_1_769' title='bbox 1782 5466 1971 5537; x_wconf 83' lang='grc' dir='ltr'>ὥσπερ</span> 
     </span>
    </p>
   </div>
   <div class='ocr_carea' id='block_1_104' title="bbox 476 5643 2015 5713">
    <p class='ocr_par' dir='ltr' id='par_1_104' title="bbox 476 5643 2015 5713">
     <span class='ocr_line' id='line_1_104' title="bbox 476 5643 2015 5713; baseline 0.002 -17"><span class='ocrx_word' id='word_1_770' title='bbox 476 5643 543 5675; x_wconf 83' lang='grc'><strong>¹¹⁹</strong></span> <span class='ocrx_word' id='word_1_771' title='bbox 566 5643 674 5699; x_wconf 82' lang='lat' dir='ltr'><strong>&#39;lsa.</strong></span> <span class='ocrx_word' id='word_1_772' title='bbox 714 5659 831 5712; x_wconf 82' lang='lat' dir='ltr'><strong>Lm,</strong></span> <span class='ocrx_word' id='word_1_773' title='bbox 864 5646 915 5698; x_wconf 81' lang='lat'><strong>7.</strong></span> <span class='ocrx_word' id='word_1_774' title='bbox 996 5648 1039 5677; x_wconf 87' lang='lat'>&quot;</span> <span class='ocrx_word' id='word_1_775' title='bbox 1065 5644 1194 5702; x_wconf 84' lang='lat' dir='ltr'><strong>Luc.</strong></span> <span class='ocrx_word' id='word_1_776' title='bbox 1227 5663 1361 5712; x_wconf 66' lang='grc' dir='ltr'>χχιι,</span> <span class='ocrx_word' id='word_1_777' title='bbox 1392 5648 1476 5703; x_wconf 71' lang='grc' dir='ltr'>ιν.</span> <span class='ocrx_word' id='word_1_778' title='bbox 1529 5648 1569 5677; x_wconf 73' lang='grc'><strong>’³</strong></span> <span class='ocrx_word' id='word_1_779' title='bbox 1598 5646 1827 5701; x_wconf 79' lang='lat' dir='ltr'><strong>Malach.</strong></span> <span class='ocrx_word' id='word_1_780' title='bbox 1858 5662 1896 5713; x_wconf 88' lang='grc' dir='ltr'><strong>ι,</strong></span> <span class='ocrx_word' id='word_1_781' title='bbox 1935 5646 2015 5700; x_wconf 88' lang='grc' dir='ltr'>ιι.</span> 
     </span>
    </p>
   </div>
   <div class='ocr_carea' id='block_1_105' title="bbox 2080 4461 3787 4533">
    <p class='ocr_par' dir='ltr' id='par_1_105' title="bbox 2080 4461 3787 4533">
     <span class='ocr_line' id='line_1_105' title="bbox 2080 4461 3787 4533; baseline -0.005 -16"><span class='ocrx_word' id='word_1_782' title='bbox 2080 4475 2330 4517; x_wconf 91' lang='lat' dir='ltr'><strong>naturam</strong></span> <span class='ocrx_word' id='word_1_783' title='bbox 2356 4463 2614 4533; x_wconf 86' lang='lat' dir='ltr'><strong>suscepit,</strong></span> <span class='ocrx_word' id='word_1_784' title='bbox 2641 4464 2693 4518; x_wconf 92' lang='lat' dir='ltr'><strong>iu</strong></span> <span class='ocrx_word' id='word_1_785' title='bbox 2714 4464 2981 4533; x_wconf 90' lang='lat' dir='ltr'><strong>primitias</strong></span> <span class='ocrx_word' id='word_1_786' title='bbox 3002 4464 3238 4532; x_wconf 87' lang='lat' dir='ltr'><strong>seipsum</strong></span> <span class='ocrx_word' id='word_1_787' title='bbox 3272 4461 3450 4517; x_wconf 82' lang='lat' dir='ltr'><strong>defert</strong></span> <span class='ocrx_word' id='word_1_788' title='bbox 3480 4461 3587 4514; x_wconf 87' lang='lat' dir='ltr'><strong>Deo</strong></span> <span class='ocrx_word' id='word_1_789' title='bbox 3609 4471 3665 4515; x_wconf 87' lang='lat' dir='ltr'><strong>et</strong></span> <span class='ocrx_word' id='word_1_790' title='bbox 3778 4504 3787 4509; x_wconf 87' lang='lat'><strong>-</strong></span> 
     </span>
    </p>
   </div>
   <div class='ocr_carea' id='block_1_106' title="bbox 2083 4553 3660 4611">
    <p class='ocr_par' dir='ltr' id='par_1_106' title="bbox 2083 4553 3660 4611">
     <span class='ocr_line' id='line_1_106' title="bbox 2083 4553 3660 4611; baseline -0.002 -2"><span class='ocrx_word' id='word_1_791' title='bbox 2083 4556 2224 4609; x_wconf 87' lang='lat' dir='ltr'><strong>Patri</strong></span> <span class='ocrx_word' id='word_1_792' title='bbox 2250 4565 2305 4610; x_wconf 85' lang='lat' dir='ltr'><strong>et</strong></span> <span class='ocrx_word' id='word_1_793' title='bbox 2332 4556 2384 4610; x_wconf 89' lang='lat' dir='ltr'><strong>in</strong></span> <span class='ocrx_word' id='word_1_794' title='bbox 2415 4555 2645 4611; x_wconf 86' lang='lat' dir='ltr'><strong>electum</strong></span> <span class='ocrx_word' id='word_1_795' title='bbox 2681 4569 2711 4609; x_wconf 91' lang='lat' dir='ltr'><strong>e</strong></span> <span class='ocrx_word' id='word_1_796' title='bbox 2736 4555 3005 4609; x_wconf 81' lang='lat' dir='ltr'><strong>fructibus</strong></span> <span class='ocrx_word' id='word_1_797' title='bbox 3028 4554 3289 4610; x_wconf 89' lang='lat' dir='ltr'><strong>omnibus</strong></span> <span class='ocrx_word' id='word_1_798' title='bbox 3307 4553 3660 4608; x_wconf 82' lang='lat' dir='ltr'><strong>sacriﬁcium.</strong></span> 
     </span>
    </p>
   </div>
   <div class='ocr_carea' id='block_1_107' title="bbox 2078 4645 3663 4713">
    <p class='ocr_par' dir='ltr' id='par_1_107' title="bbox 2078 4645 3663 4713">
     <span class='ocr_line' id='line_1_107' title="bbox 2078 4645 3663 4713; baseline -0.003 -15"><span class='ocrx_word' id='word_1_799' title='bbox 2078 4648 2332 4700; x_wconf 83' lang='lat' dir='ltr'><strong>Attamen</strong></span> <span class='ocrx_word' id='word_1_800' title='bbox 2364 4647 2646 4711; x_wconf 87' lang='lat' dir='ltr'><strong>diaconus,</strong></span> <span class='ocrx_word' id='word_1_801' title='bbox 2672 4645 3031 4709; x_wconf 62' lang='lat' dir='ltr'><strong>velsacerdos</strong></span> <span class='ocrx_word' id='word_1_802' title='bbox 3061 4645 3325 4713; x_wconf 34' lang='lat' dir='ltr'><strong>cum‘illn,</strong></span> <span class='ocrx_word' id='word_1_803' title='bbox 3366 4659 3451 4698; x_wconf 86' lang='lat' dir='ltr'><strong>res</strong></span> <span class='ocrx_word' id='word_1_804' title='bbox 3486 4654 3663 4709; x_wconf 83' lang='lat' dir='ltr'><strong>parat,</strong></span> 
     </span>
    </p>
   </div>
   <div class='ocr_carea' id='block_1_108' title="bbox 2081 4733 3666 4804">
    <p class='ocr_par' dir='ltr' id='par_1_108' title="bbox 2081 4733 3666 4804">
     <span class='ocr_line' id='line_1_108' title="bbox 2081 4733 3666 4804; baseline -0.002 -16"><span class='ocrx_word' id='word_1_805' title='bbox 2081 4746 2138 4790; x_wconf 92' lang='lat' dir='ltr'><strong>ut</strong></span> <span class='ocrx_word' id='word_1_806' title='bbox 2159 4736 2495 4791; x_wconf 84' lang='lat' dir='ltr'><strong>convenienti</strong></span> <span class='ocrx_word' id='word_1_807' title='bbox 2518 4736 2788 4790; x_wconf 77' lang='lat' dir='ltr'><strong>Passionis</strong></span> <span class='ocrx_word' id='word_1_808' title='bbox 2801 4746 3064 4804; x_wconf 90' lang='lat' dir='ltr'><strong>tempore,</strong></span> <span class='ocrx_word' id='word_1_809' title='bbox 3080 4734 3175 4803; x_wconf 79' lang='lat' dir='ltr'><strong>per</strong></span> <span class='ocrx_word' id='word_1_810' title='bbox 3190 4736 3477 4788; x_wconf 78' lang='lat' dir='ltr'><strong>adventum</strong></span> <span class='ocrx_word' id='word_1_811' title='bbox 3494 4733 3666 4803; x_wconf 67' lang='lat' dir='ltr'><strong>Spiri~</strong></span> 
     </span>
    </p>
   </div>
   <div class='ocr_carea' id='block_1_109' title="bbox 2083 4824 3661 4897">
    <p class='ocr_par' dir='ltr' id='par_1_109' title="bbox 2083 4824 3661 4897">
     <span class='ocr_line' id='line_1_109' title="bbox 2083 4824 3661 4897; baseline -0.001 -17"><span class='ocrx_word' id='word_1_812' title='bbox 2083 4836 2171 4881; x_wconf 90' lang='lat' dir='ltr'><strong>tus</strong></span> <span class='ocrx_word' id='word_1_813' title='bbox 2217 4827 2540 4882; x_wconf 79' lang='lat' dir='ltr'><strong>vivificantis</strong></span> <span class='ocrx_word' id='word_1_814' title='bbox 2580 4827 2892 4897; x_wconf 79' lang='lat' dir='ltr'><strong>perﬁciatur</strong></span> <span class='ocrx_word' id='word_1_815' title='bbox 2946 4826 3168 4896; x_wconf 75' lang='lat' dir='ltr'><strong>sanguis</strong></span> <span class='ocrx_word' id='word_1_816' title='bbox 3209 4825 3437 4878; x_wconf 87' lang='lat' dir='ltr'><strong>Domini.</strong></span> <span class='ocrx_word' id='word_1_817' title='bbox 3482 4824 3560 4879; x_wconf 81' lang='lat' dir='ltr'><strong>Re</strong></span> <span class='ocrx_word' id='word_1_818' title='bbox 3608 4826 3661 4879; x_wconf 89' lang='lat' dir='ltr'><strong>in</strong></span> 
     </span>
    </p>
   </div>
   <div class='ocr_carea' id='block_1_110' title="bbox 2083 4913 3656 4987">
    <p class='ocr_par' dir='ltr' id='par_1_110' title="bbox 2083 4913 3656 4987">
     <span class='ocr_line' id='line_1_110' title="bbox 2083 4913 3656 4987; baseline -0.002 -18"><span class='ocrx_word' id='word_1_819' title='bbox 2083 4917 2323 4987; x_wconf 84' lang='lat' dir='ltr'><strong>prothesi</strong></span> <span class='ocrx_word' id='word_1_820' title='bbox 2372 4916 2563 4986; x_wconf 82' lang='lat' dir='ltr'><strong>posita,</strong></span> <span class='ocrx_word' id='word_1_821' title='bbox 2601 4914 2999 4970; x_wconf 78' lang='lat' dir='ltr'><strong>invocationem</strong></span> <span class='ocrx_word' id='word_1_822' title='bbox 3034 4913 3161 4968; x_wconf 80' lang='lat' dir='ltr'><strong>facit</strong></span> <span class='ocrx_word' id='word_1_823' title='bbox 3207 4914 3487 4969; x_wconf 81' lang='lat' dir='ltr'><strong>sacerdos.</strong></span> <span class='ocrx_word' id='word_1_824' title='bbox 3519 4913 3656 4969; x_wconf 91' lang='lat' dir='ltr'><strong>Cum</strong></span> 
     </span>
    </p>
   </div>
   <div class='ocr_carea' id='block_1_111' title="bbox 2082 5007 3661 5077">
    <p class='ocr_par' dir='ltr' id='par_1_111' title="bbox 2082 5007 3661 5077">
     <span class='ocr_line' id='line_1_111' title="bbox 2082 5007 3661 5077; baseline -0.002 -14"><span class='ocrx_word' id='word_1_825' title='bbox 2082 5027 2111 5063; x_wconf 86' lang='lat' dir='ltr'><strong>a</strong></span> <span class='ocrx_word' id='word_1_826' title='bbox 2144 5010 2441 5064; x_wconf 84' lang='lat' dir='ltr'><strong>benedictis</strong></span> <span class='ocrx_word' id='word_1_827' title='bbox 2480 5024 2677 5077; x_wconf 88' lang='lat' dir='ltr'><strong>corpus</strong></span> <span class='ocrx_word' id='word_1_828' title='bbox 2722 5007 2931 5062; x_wconf 79' lang='lat' dir='ltr'><strong>Domini</strong></span> <span class='ocrx_word' id='word_1_829' title='bbox 2967 5016 3201 5077; x_wconf 81' lang='lat' dir='ltr'><strong>separat,</strong></span> <span class='ocrx_word' id='word_1_830' title='bbox 3239 5007 3487 5077; x_wconf 77' lang='lat' dir='ltr'><strong>angelum</strong></span> <span class='ocrx_word' id='word_1_831' title='bbox 3537 5008 3661 5060; x_wconf 84' lang='lat' dir='ltr'><strong>imi-</strong></span> 
     </span>
    </p>
   </div>
   <div class='ocr_carea' id='block_1_112' title="bbox 2083 5099 3662 5169">
    <p class='ocr_par' dir='ltr' id='par_1_112' title="bbox 2083 5099 3662 5169">
     <span class='ocr_line' id='line_1_112' title="bbox 2083 5099 3662 5169; baseline 0.001 -18"><span class='ocrx_word' id='word_1_832' title='bbox 2083 5110 2248 5164; x_wconf 88' lang='lat' dir='ltr'><strong>tatur,</strong></span> <span class='ocrx_word' id='word_1_833' title='bbox 2282 5099 2371 5168; x_wconf 87' lang='lat' dir='ltr'><strong>qui</strong></span> <span class='ocrx_word' id='word_1_834' title='bbox 2407 5099 2607 5169; x_wconf 79' lang='lat' dir='ltr'><strong>Virgilii</strong></span> <span class='ocrx_word' id='word_1_835' title='bbox 2662 5101 2773 5153; x_wconf 78' lang='lat' dir='ltr'><strong>Ave</strong></span> <span class='ocrx_word' id='word_1_836' title='bbox 2829 5100 3386 5154; x_wconf 75' lang='lat' dir='ltr'><strong>nuntiavit.Sieeuim</strong></span> <span class='ocrx_word' id='word_1_837' title='bbox 3412 5100 3463 5153; x_wconf 85' lang='grc' dir='ltr'>ξιι</span> <span class='ocrx_word' id='word_1_838' title='bbox 3494 5100 3662 5153; x_wconf 79' lang='lat' dir='ltr'><strong>altare</strong></span> 
     </span>
    </p>
   </div>
   <div class='ocr_carea' id='block_1_113' title="bbox 2083 5191 3656 5260">
    <p class='ocr_par' dir='ltr' id='par_1_113' title="bbox 2083 5191 3656 5260">
     <span class='ocr_line' id='line_1_113' title="bbox 2083 5191 3656 5260; baseline 0.001 -16"><span class='ocrx_word' id='word_1_839' title='bbox 2083 5192 2235 5244; x_wconf 88' lang='lat' dir='ltr'><strong>adest</strong></span> <span class='ocrx_word' id='word_1_840' title='bbox 2295 5191 2533 5244; x_wconf 82' lang='lat' dir='ltr'><strong>divimun</strong></span> <span class='ocrx_word' id='word_1_841' title='bbox 2604 5206 2844 5260; x_wconf 87' lang='lat' dir='ltr'><strong>corpus,</strong></span> <span class='ocrx_word' id='word_1_842' title='bbox 2914 5192 3369 5260; x_wconf 83' lang='lat' dir='ltr'><strong>quemadmodum</strong></span> <span class='ocrx_word' id='word_1_843' title='bbox 3449 5192 3547 5244; x_wconf 80' lang='lat' dir='ltr'><strong>fuit</strong></span> <span class='ocrx_word' id='word_1_844' title='bbox 3603 5193 3656 5245; x_wconf 92' lang='lat' dir='ltr'><strong>in</strong></span> 
     </span>
    </p>
   </div>
   <div class='ocr_carea' id='block_1_114' title="bbox 2087 5282 3659 5347">
    <p class='ocr_par' dir='ltr' id='par_1_114' title="bbox 2087 5282 3659 5347">
     <span class='ocr_line' id='line_1_114' title="bbox 2087 5282 3659 5347; baseline -0.001 -11"><span class='ocrx_word' id='word_1_845' title='bbox 2087 5282 2427 5346; x_wconf 76' lang='lat' dir='ltr'><strong>Bethlehem,</strong></span> <span class='ocrx_word' id='word_1_846' title='bbox 2461 5284 2548 5337; x_wconf 92' lang='lat' dir='ltr'><strong>ubi</strong></span> <span class='ocrx_word' id='word_1_847' title='bbox 2591 5294 2752 5338; x_wconf 85' lang='lat' dir='ltr'><strong>natus</strong></span> <span class='ocrx_word' id='word_1_848' title='bbox 2799 5293 2879 5338; x_wconf 90' lang='lat' dir='ltr'><strong>cst</strong></span> <span class='ocrx_word' id='word_1_849' title='bbox 2918 5285 3203 5347; x_wconf 87' lang='lat' dir='ltr'><strong>Christus;</strong></span> <span class='ocrx_word' id='word_1_850' title='bbox 3256 5284 3447 5337; x_wconf 84' lang='lat' dir='ltr'><strong>eodem</strong></span> <span class='ocrx_word' id='word_1_851' title='bbox 3500 5285 3659 5335; x_wconf 89' lang='lat' dir='ltr'><strong>modo</strong></span> 
     </span>
    </p>
   </div>
   <div class='ocr_carea' id='block_1_115' title="bbox 2086 5375 3657 5447">
    <p class='ocr_par' dir='ltr' id='par_1_115' title="bbox 2086 5375 3657 5447">
     <span class='ocr_line' id='line_1_115' title="bbox 2086 5375 3657 5447; baseline -0.001 -20"><span class='ocrx_word' id='word_1_852' title='bbox 2086 5392 2191 5445; x_wconf 89' lang='lat' dir='ltr'><strong>quo</strong></span> <span class='ocrx_word' id='word_1_853' title='bbox 2212 5375 2690 5440; x_wconf 74' lang='lat' dir='ltr'><strong>iuitinl‘tazareth,</strong></span> <span class='ocrx_word' id='word_1_854' title='bbox 2711 5392 2818 5447; x_wconf 92' lang='lat' dir='ltr'><strong>quo</strong></span> <span class='ocrx_word' id='word_1_855' title='bbox 2836 5376 2938 5431; x_wconf 79' lang='lat' dir='ltr'><strong>fuit</strong></span> <span class='ocrx_word' id='word_1_856' title='bbox 2962 5379 3015 5431; x_wconf 92' lang='lat' dir='ltr'><strong>in</strong></span> <span class='ocrx_word' id='word_1_857' title='bbox 3037 5377 3417 5446; x_wconf 79' lang='lat' dir='ltr'><strong>Capharnaum</strong></span> <span class='ocrx_word' id='word_1_858' title='bbox 3442 5416 3457 5439; x_wconf 93' lang='lat'><strong>,</strong></span> <span class='ocrx_word' id='word_1_859' title='bbox 3490 5375 3573 5429; x_wconf 80' lang='lat' dir='ltr'><strong>t‘el</strong></span> <span class='ocrx_word' id='word_1_860' title='bbox 3600 5385 3657 5428; x_wconf 91' lang='lat' dir='ltr'><strong>ut</strong></span> 
     </span>
    </p>
   </div>
   <div class='ocr_carea' id='block_1_116' title="bbox 2085 5469 3657 5541">
    <p class='ocr_par' dir='ltr' id='par_1_116' title="bbox 2085 5469 3657 5541">
     <span class='ocr_line' id='line_1_116' title="bbox 2085 5469 3657 5541; baseline -0.001 -17"><span class='ocrx_word' id='word_1_861' title='bbox 2085 5470 2410 5538; x_wconf 71' lang='lat' dir='ltr'><strong>simpliciter</strong></span> <span class='ocrx_word' id='word_1_862' title='bbox 2445 5469 2645 5537; x_wconf 86' lang='lat' dir='ltr'><strong>dicam,</strong></span> <span class='ocrx_word' id='word_1_863' title='bbox 2693 5480 2904 5541; x_wconf 74' lang='lat' dir='ltr'><strong>tempus</strong></span> <span class='ocrx_word' id='word_1_864' title='bbox 2933 5471 3155 5540; x_wconf 76' lang='lat' dir='ltr'><strong>triginta</strong></span> <span class='ocrx_word' id='word_1_865' title='bbox 3206 5485 3468 5524; x_wconf 80' lang='lat' dir='ltr'><strong>annorum</strong></span> <span class='ocrx_word' id='word_1_866' title='bbox 3515 5470 3657 5538; x_wconf 78' lang='lat' dir='ltr'><strong>quod</strong></span> 
     </span>
    </p>
   </div>
  </div>
