3950 6200
184 1138 213 1147 Α

236 314 384 379 3993

1307 321 1916 420 COMMENTARlUS
1952 324 2452 388 erunmcus.

1896 206 1977 223 ..ρο

3379 324 3521 389 3994

239 425 514 499 ραννίδος,
540 444 558 475 ι
587 424 702 481 Νῦν
726 423 1120 481 ἐϐασίλευσενὸ
1137 430 1421 502 Δεσπότης
1445 434 1623 501 ἡμῶν,
1644 436 1743 488 νῦν
1760 439 1835 490 ὲν-

1944 435 2150 489 derium
2182 450 2407 505 regnum
2430 443 2487 490 et
2521 434 2776 488 virtutem
2820 431 3130 500 appellant:
3171 430 3252 486 sic
3298 440 3355 487 et
3396 451 3522 504 pio-

239 517 478 573 εδύσατο
498 517 752 587 δύναμιν·
785 535 804 568 ι
832 516 931 589 τὴν
965 517 1161 590 βουλὴν
1181 521 1346 575 αὑτοῦ
1375 525 1468 577 καὶ
1488 524 1588 595 τὴν
1606 524 1824 597 θέλησιν

1944 531 2118 598 pheta,
2174 543 2298 583 cum
2368 528 2704 598 prmvidisset
2764 524 2925 580 Verbi
2967 524 3061 579 Dei
3098 527 3439 593 praseutiam
3468 530 3519 583 in

239 610 345 677 τῆς
364 608 718 678 ἐκδικήσεως,
742 607 1025 678 βασιλείαν
1050 610 1144 663 καὶ
1159 610 1392 680 δύναμιν
1413 613 1817 686 ὀνομαζόντων·

243 698 423 763 οὕτως
450 699 543 753 καὶ
566 700 595 753 6
626 699 921 768 Προφήτης
941 700 1193 772 προορῶν
1216 704 1313 775 τὴν
1336 705 1394 757 ὲν
1426 707 1590 776 σαρκὶ
1617 726 1826 779 παρου-

247 792 371 843 σίαν
392 791 486 845 τοῦ
527 790 664 846 Θεοῦ
711 793 914 859 Λόγου,
934 794 1039 847 τὸν
1061 795 1254 865 χρόνον
1290 799 1384 851 καὶ
1412 798 1512 869 τὴν
1551 801 1833 870 ἐκδίκησιν

243 880 343 934 τοῦ
376 881 724 952 ἀνθρωπίνου
756 883 967 950 γένους,
1002 885 1101 954 τήν
1131 902 1189 941 τε
1238 886 1331 939 τοῦ
1378 888 1576 958 ἐχθροῦ
1611 892 1832 943 καὶτῶν

248 975 349 1027 σὺν
384 974 535 1044 αὑτῷ
583 973 855 1044 δαιμόνων
900 977 1219 1049 κατάλυσιν..
1252 977 1331 1041 ἔτι
1362 996 1426 1047 γε
1457 982 1565 1049 μὴν
1597 982 1691 1034 καὶ
1726 983 1820 1036 τοῦ

247 1065 483 1120 Θανάτου
516 1067 808 1137 νέκρωσιν,
864 1071 958 1122 καὶ
992 1069 1091 1138 τὴν
1112 1070 1220 1122 τῶν
1252 1073 1383 1141 παρ’
1450 1073 1616 1126 αὐτοῦ
1681 1093 1823 1129 κατ-

246 1158 525 1227 εχομένων
557 1159 894 1229 ἐλευθερίαν,
927 1160 1023 1213 καὶ
1048 1163 1213 1214 οἱονεὶ
1233 1167 1297 1232 τῇ
1333 1168 1699 1235 γεννήσειτοῦ
1730 1170 1843 1221 Κυ-

249 1265 282 1316 ρ
309 1265 369 1300 ου
398 1250 588 1319 παρὼν
630 1250 709 1318 τῷ
740 1252 1010 1322 σπηλαίῳ,
1050 1254 1166 1318 τὰ,ι
1196 1256 1310 1309 Νῦν
1340 1257 1838 1324 ὲόασίλευσεν,ὲξεσ

247 1334 521 1406 φώνησεν,
548 1358 566 1390 ι
587 1340 682 1392 καὶ
712 1360 730 1390 ι
754 1341 870 1393 Νῦν
893 1341 1179 1395 ἐνεδύσατο
1199 1343 1455 1415 δύναμιν·
1472 1366 1489 1396 ι
1516 1349 1613 1417 οὐχ
1639 1349 1714 1411 ὡς
1738 1353 1836 1420 οὐχ

249 1426 606 1498 ὑπάρχουσαν
645 1433 775 1501 παρ’
816 1430 984 1501 αὐτῷ,
1028 1432 1142 1485 ἀλλ’
1166 1433 1240 1496 ὡς
1288 1436 1373 1487 ἀεὶ
1398 1436 1499 1505 μὲν
1538 1439 1828 1506 συνοῦσαν,

247 1522 329 1580 εἰς
363 1520 750 1591 προορώμενον
803 1522 861 1574 δὲ
924 1522 1117 1591 καιρὸν
1155 1526 1565 1597 ταμιευομένην
1628 1530 1830 1600 ἐκλάμ-

1935 635 2102 674 carne
2135 626 2392 685 humana,
2428 628 2638 685 tempus
2671 617 2963 671 ulciscendi
3000 631 3171 685 genus
3202 618 3518 681 humanum,

1937 712 2113 766 hostis
2152 720 2207 765 et
2257 695 2698 765 consociaturum
2754 707 3147 762 daemoniorum
3201 707 3519 762 dissolutio-

1943 821 2091 868 nem,
2124 805 2314 859 mortis
2349 819 2569 873 quoque
2598 802 3099 866 mortificationem,
3127 811 3182 855 et
3213 800 3518 855 libertatem

1938 911 2124 951 eorum
2172 909 2309 965 quos
2339 895 2668 958 detinuerat,
2710 893 2811 946 etsi
2858 902 3067 945 tantum
3114 890 3180 943 ad
3207 890 3518 959 speluncam

1940 988 2238 1043 nativitatis
2286 986 2496 1041 Domini
2544 985 2815 1049 adfuerit,
2851 985 2963 1054 jam
3012 983 3139 1036 illud
3184 983 3515 1053 prmcinuit:

1946 1078 2413 1147 (Nunc-regnavit,
2432 1092 2574 1130 nunc
2592 1078 2845 1129 virtutem
2874 1076 3045 1128 induit
3065 1091 3112 1139 ;›
3140 1091 3244 1127 nou
3265 1089 3330 1127 eo
3356 1088 3519 1129 sensu

1941 1186 2005 1224 ac
2033 1171 2078 1224 si
2112 1170 2375 1238 inciperet
2402 1169 2573 1221 virtus
2605 1167 2657 1220 in
2693 1166 2800 1231 illo,
2833 1167 2926 1220 sed
2953 1154 3208 1234 laminam
3229 1165 3516 1227 inhaerens,

1938 1262 2005 1314 ad
2086 1262 2372 1330 praevisum
2438 1268 2497 1313 et
2559 1260 2873 1325 adoptatum
2947 1270 3157 1325 tempus
3217 1265 3516 1309 reservata.

1939 1353 2239 1407 Cousuevit
2289 1353 2528 1420 Spiritus
2557 1351 2731 1404 sancti
2766 1349 2961 1417 gratia,
2997 1364 3115 1413 qua:
3155 1335 3338 1402 Omnia
3385 1362 3520 1400 con-

1937 1448 2139 1512 firmat,
2206 1448 2388 1500 futura
2448 1456 2706 1514 tauquam
2765 1446 3054 1513 prwscutia
3112 1445 3190 1495 vel
3243 1442 3516 1509 prmterita

1935 1540 2282 1594 annuutiare.

245 1613 369 1682 ψαι.
432 1614 635 1706 Εζωθεν
665 1615 721 1668 δὲ
762 1615 921 1689 ήτοῦ
958 1617 1279 1688 Πνεύματος
1310 1623 1471 1690 χάρις
1519 1623 1553 1691 η
1606 1623 1824 1689 πάντως
1850 1626 2145 1697 βεϐαιοῦσα
2190 1635 2261 1689 τὰ
2311 1636 2575 1706 μέλλοντα
2615 1634 2691 1697 ὡς
2736 1629 3009 1685 ἐνεστῶτα
3050 1627 3142 1679 καὶ
3170 1622 3517 1695 γεγενημένα
3550 1650 3559 1653 -

245 1705 665 1777 ἀνακηρᾶττειν.

323 1802 410 1864 ιγ’.
453 1796 816 1851 Συντέτακται
843 1796 901 1850 δὲ
926 1796 1004 1865 τῷ
1026 1797 1175 1857 σέλει
1207 1798 1313 1852 τοῦ
1330 1800 1548 1871 πρώτου
1574 1804 1817 1874 ἀντιφώ-
1866 1815 1910 1872 Β

245 1907 339 1945 νου
359 1889 468 1954 τδ,ι
489 1889 623 1952 Ταῖς
653 1888 970 1961 πρεσϐείαις
993 1890 1091 1960 τῆς
1107 1889 1372 1945 Θεοτόκου
1406 1893 1579 1947 σῶσον
1597 1897 1747 1966 ἡμᾶς
1767 1913 1779 1927 ·
1811 1918 1829 1949 ι

244 1981 389 2044 τίνος
414 1980 594 2052 χάριν,
631 1981 663 2050 ἢ
704 1981 919 2042 πάντως
949 1980 1243 2049 βεϐαιοῦσα
1270 1982 1341 2035 τὰ
1373 1984 1640 2055 πρότερον
1670 1990 1824 2058 είρηο

210 2074 388 2144 ’μένα
453 2072 605 2143 παρά
639 2071 803 2127 αὑτοῦ
855 2070 1029 2124 τύπου
1091 2075 1219 2143 περὶ
1276 2074 1377 2144 τῆς
1418 2075 1833 2146 Ἀειπαρθὲνου;

247 2165 355 2220 Τοῦ
382 2166 637 2236 δευτέρου
654 2166 711 2219 δὲ
740 2167 801 2218 τὸ
828 2165 1109 2235 ἐφύμνιον,
1147 2183 1167 2217 ι
1197 2167 1331 2230 Ταῖς
1371 2170 1692 2239 πρεσϐείαις
1723 2172 1833 2224 τῶν

246 2257 420 2326 ἁγίων
450 2270 598 2309 σουῚ
622 2256 744 2310 ἐπεὶ
765 2256 873 2326 γὰρ
902 2255 1043 2327 ὑπὲρ
1067 2256 1177 2310 τῶν
1208 2256 1395 2327 ψυχῶν
1424 2260 1517 2312 καὶ
1537 2264 1822 2333 συγχωρή-

247 2366 386 2411 σεως
410 2349 770 2418 πταισμάτων
808 2347 907 2417 τὴν
938 2347 1093 2401 θείαν
1119 2348 1384 2419 τελοῦμεν
1419 2354 1835 2420 μυσταγωγίαν,

244 2441 472 2501 εἰκότως
498 2440 572 2503 ὡς
598 2438 909 2509 ὑπερτέραν
933 2438 1099 2493 οὖσαν
1122 2438 1221 2509 τὴν
1262 2440 1398 2493 Θεοῦ
1434 2443 1665 2513 Μητέρα
1700 2446 1838 2498 πάν-

246 2549 357 2584 των
383 2531 490 2583 τῶν
522 2530 712 2598 ἁγίων,
744 2532 777 2601 ἢ
810 2532 907 2585 καὶ
943 2531 1125 2585 αὐτῶν
1163 2530 1273 2584 τῶν
1299 2533 1642 2602 ἐπουρανίων
1674 2536 1836 2589 δυνάο

252 2640 421 2691 μεων,
450 2624 530 2683 είς
564 2622 774 2679 ἱκεσίαν
803 2621 1298 2693 προσκαλούμεθα⁶
1341 2620 1463 2677 εἶτα
1490 2627 1617 2690 τοὺς
1648 2629 1839 2698 εὐαρε-

250 2715 551 2783 στὴσαντας
573 2713 645 2781 τῷ
660 2714 862 2783 ταύτης
880 2715 1015 2783 Υίῷ.
1037 2714 1111 2767 Τὸ
1131 2715 1205 2781 δὲ,
1223 2734 1241 2767 ι
1263 2715 1323 2769 ’0
1340 2716 1633 2788 μονογενὴς
1650 2718 1795 2781 Υἱὸς,
1810 2738 1828 2770 ι

247 2804 401 2875 παρά
449 2802 544 2856 τοῦ
603 2803 866 2873 βασιλέως
937 2806 1319 2861 ’1ουστινιανοῦ
1380 2809 1816 2879 ὲμπεφώνηται’

245 2897 387 2966 ὅπερ
435 2896 729 2961 δείκνυσιν,
781 2897 856 2960 ὡς
906 2901 934 2952 ὁ
962 2898 1090 2963 Υἱὸς
1120 2898 1217 2951 τοῦ
1252 2898 1389 2952 Θεοῦ
1422 2901 1709 2971 ἀτρέπτως
1740 2902 1837 2955 καὶ

180 3036 187 3042 .
249 2987 535 3059 ἄνθρωπος
557 2989 927 3062 ἐχρημάτισεν
954 2992 1047 3044 ἐπὶ
1094 2992 1341 3063 σωτηρίᾳ
1368 2992 1461 3046 τοῦ
1493 2993 1835 3064 ἀνθρωπίνου

249 3082 465 3148 γένους.

2010 1813 2098 1867 15.
2146 1812 2341 1868 Prinne
2387 1812 2693 1883 antiphonze
2729 1810 2981 1877 adjicitur
3034 1827 3048 1864 :
3110 1828 3129 1860 ι
3186 1807 3291 1877 Per
3349 1810 3523 1865 inter-

1942 1906 2246 1958 cessionem
2298 1906 2389 1959 Dei
2436 1904 2753 1969 Genitricis,
2785 1905 2934 1958 salva
2971 1918 3090 1956 nos.
3131 1922 3148 1953 ι
3187 1902 3414 1967 Quare?
3459 1904 3524 1957 Ut

1943 1996 2054 2059 illa,
2096 2011 2218 2065 qua:
2262 2010 2478 2066 semper
2522 1998 2674 2065 virgo
2715 1989 3040 2063 permansit,
3085 1993 3351 2064 postulata
3386 1994 3521 2048 Con-

1943 2090 2142 2145 firmet.
2179 2091 2376 2146 Deinde
2414 2090 2479 2143 ad
2526 2090 2686 2143 fiucm
2722 2089 2907 2159 hymni
2942 2080 3178 2155 raniiur,
3249 2107 3267 2138 ι
3306 2104 3400 2157 per
3436 2088 3522 2140 in-

1910 2178 2328 2239 tercessionem
2386 2187 2703 2231 sanctorum
2757 2186 2999 2231 tuorum.
3039 2195 3057 2227 ι
3127 2177 3340 2229 Etenim
3398 2186 3521 2228 cum

1941 2283 2039 2337 pro
2092 2270 2395 2322 animarum
2452 2269 2627 2322 salute
2682 2277 2737 2321 et
2793 2281 3138 2336 peccatorum
3201 2266 3523 2321 remissione

1941 2373 2097 2413 sacra
2135 2359 2475 2413 celebramus
2506 2359 2784 2428 mysteria,
2822 2358 3394 2411 convenientissimum
3442 2367 3524 2411 est

1940 2461 1996 2503 ut
2020 2451 2273 2504 omnibus
2303 2448 2507 2503 sanctis
2528 2458 2580 2503 et
2602 2449 2919 2502 caelestibus
2950 2447 3243 2501 virtutibus
3276 2448 3523 2515 superio-

1940 2558 2052 2596 rem
2092 2542 2320 2595 Matrem
2350 2541 2442 2594 Dei
2475 2542 2527 2595 in
2573 2540 2905 2609 adjutorium
2950 2540 3296 2602 invocemus,
3328 2539 3524 2593 deinde

1943 2634 2063 2687 illos
2093 2635 2183 2702 qui
2217 2633 2356 2687 Filio
2387 2632 2507 2700 ejus
2551 2647 2713 2702 quam
2746 2632 2985 2685 maxime
3016 2630 3356 2699 plaetteruut.
3385 2630 3522 2684 Illud

1944 2742 1964 2775 ι
2000 2724 2316 2794 Uuigcuitus
2346 2724 2573 2787 Filius,»
2607 2724 2675 2776 ab
2704 2722 3037 2791 imperatore
3062 2718 3372 2774 .iustiuiano
3393 2735 3519 2788 pro-

1938 2816 2243 2881 clamatur;
2277 2814 2515 2869 ostendit
2544 2812 3044 2867 incommutabilem
3074 2811 3270 2865 Filium
3295 2812 3387 2866 Dei
3426 2815 3524 2868 ho-

1941 2910 2139 2963 minem
2173 2906 2377 2961 factum
2405 2907 2574 2961 fuisse
2598 2919 2697 2975 pro
2716 2906 2893 2959 salute
2923 2904 3142 2973 generis
3177 2904 3421 2958 humani.

334 3173 392 3225 '0
426 3174 603 3241 ἱερεὺς
639 3172 920 3244 ἐξέρχεται
975 3173 1261 3244 βαστάζων
1282 3176 1340 3230 τὸ
1366 3177 1725 3246 Εὑαγγέλιον,
1753 3178 1829 3241 ὼς

1994 3179 2282 3250 Egreditur
2300 3176 2555 3234 sacerdos
2573 3174 2819 3230 deferens
2832 3173 3176 3244 Evangellmn
3211 3171 3351 3225 sicut
3378 3172 3452 3226 Clu
3465 3172 3529 3225 ri-

174 3272 180 3280 ‘
248 3266 277 3318 6
311 3265 539 3335 szsr’);
558 3266 644 3318 τὸν
678 3265 928 3336 σταυρόν·
979 3269 1029 3321 εί
1072 3268 1127 3321 δὲ
1171 3270 1201 3321 6
1237 3268 1486 3335 διάκονος
1526 3270 1806 3340 βαστάζει,

256 3361 502 3427 μιμεῖται
532 3359 623 3412 τὸν
652 3360 1065 3430 ἀγγαρευθέντα
1091 3362 1335 3431 Σίμωνα.
1395 3364 1477 3415 Τὰ
1518 3364 1687 3436 κηρία
1710 3364 1831 3433 ὀψιο

253 3449 482 3503 νεύοντα
513 3452 570 3502 ὲν
594 3453 660 3520 τῇ
691 3452 903 3521 εἰσόδῳ,
961 3452 1267 3507 δεικνύουσι
1297 3454 1355 3507 τὸ
1398 3453 1540 3506 θεῖον
1575 3454 1713 3523 φῶς.
1762 3455 1833 3507 Ἥ

258 3542 440 3613 μέντοι
471 3541 675 3605 εἴσοδος
720 3541 815 3596 τοῦ
852 3543 1155 3611 ἀρχιερέως
1188 3543 1286 3612 τὴν
1312 3544 1406 3594 ἐπὶ
1437 3544 1530 3596 τοῦ
1570 3545 1834 3615 Ἰορδάνου

254 3633 523 3695 ἀνάδειξιν
571 3631 666 3684 τοῦ
730 3630 967 3701 Χριστοῦ
1021 3632 1118 3684 καὶ
1138 3633 1275 3685 Θεοῦ
1306 3633 1482 3703 ἡμῶν·
1523 3635 1686 3705 μέχρι
1727 3635 1836 3705 γὰρ

254 3719 479 3784 ταύτης,
514 3722 562 3774 εί
592 3720 689 3774 καὶ
714 3716 782 3792 ἦν
823 3722 1138 3791 ἀρχιερεὺς,
1179 3722 1298 3775 ἀλλ’
1342 3723 1463 3791 οὐχὶ
1494 3725 1629 3775 πᾶσι
1678 3723 1834 3793 δῆλος

255 3812 349 3865 καὶ
392 3810 689 3881 γνώριμος,
721 3810 846 3865 οὐδὲ
876 3813 955 3873 εἰς
989 3812 1150 3881 μέσον
1215 3809 1393 3874 ἑστὼς
1441 3814 1534 3866 καὶ
1567 3813 1709 3867 κατὰ
1736 3816 1837 3886 τὴν

255 3904 509 3975 ὑπερφυῆ
546 3904 636 3956 καὶ
657 3904 875 3971 ἐξαίσια
903 3903 1096 3957 τελῶν*
1123 3901 1239 3956 ἀλλ’
1268 3905 1298 3956 6
1321 3903 1411 3956 τὸν
1441 3904 1632 3976 καιρὸν
1655 3903 1838 3975 λαχὼν

259 3997 435 4067 ἱερεὺς
463 3996 539 4058 ὡς
565 3996 871 4067 πρόδρομος
928 3996 1153 4064 ἐνήργει
1176 3994 1239 4047 τὸ
1284 3993 1373 4048 διά
1424 3997 1712 4064 μετανοίας
1750 3999 1839 4069 βά-

258 4106 487 4160 πτισμα·
526 4089 585 4152 ὃς
620 4087 932 4141 εἰσελθόντα
956 4087 1083 4141 ίδὼν
1119 4088 1211 4141 τὸν
1241 4088 1521 4159 ἀρχιερέα,
1578 4089 1841 4159 μεθίστα-

256 4179 345 4236 {at
368 4198 382 4212 '
409 4183 689 4252 μονονουχὶ
727 4180 899 4237 ταῦτα
916 4180 996 4252 τῷ
1030 4181 1252 4251 Ἰωάννῃ
1287 4179 1660 4250 φθεγγόμενος
1706 4182 1841 4252 πρὸς

259 4276 450 4328 ἑαυτόν
471 4292 514 4325 ἰ
543 4273 744 4327 Τοῦτον
768 4274 848 4329 δεῖ
879 4273 1227 4338 αὐξάνεσθαι,
1258 4273 1466 4325 ἐκεῖνον
1494 4272 1552 4327 δὲ
1580 4272 1835 4329 ἐλαττοῦ-

260 4363 406 4428 σθαι,
433 4362 529 4418 καὶ
558 4363 719 4426 εὐθὺς
771 4365 1092 4434 παραχωρεῖ
1130 4362 1208 4433 τῷ
1252 4363 1498 4432 ἀρχιερεῖ
1515 4360 1582 4415 τὰ
1618 4364 1843 4432 μείζονα

256 4456 670 4525 τελεσιουργεῖν.

327 4543 405 4599 ιδ’.
462 4545 731 4610 Βαστάξει
770 4544 830 4598 δὲ
857 4546 885 4596 6
930 4546 1177 4610 διάκονος
1216 4550 1276 4601 τὸ
1298 4549 1453 4619 ἅγιον
1490 4550 1834 4619 Εὐαγγέλιον

257 4636 327 4698 ὡς
359 4635 511 4689 θείαν
539 4636 792 4689 κέλευσιν
818 4634 912 4688 τοῦ
943 4634 1209 4705 βασιλέως
1241 4640 1356 4702 τοίς
1385 4642 1721 4711 στρατηγοῖς
1741 4639 1834 4692 τοῦ

260 4725 448 4779 πιστοῦ
506 4725 638 4778 λαοῦ
675 4726 970 4795 προσάγων
1026 4728 1180 4793 αὐτὸ,
1235 4728 1330 4782 τοῦ
1387 4730 1577 4800 ίερέως
1610 4729 1836 4782 ὄπισθεν

258 4818 556 4888 ἐρχομένου
588 4819 684 4872 καὶ
738 4818 828 4870 διὰ
857 4820 959 4888 τῆς
992 4820 1185 4889 στολῆς
1219 4820 1407 4886 αὑτοῦ,
1460 4820 1535 4882 ὡς
1568 4821 1830 4890 καύχημα
1870 4892 1882 4901 _

257 4913 311 4963 ἰν
364 4910 697 4969 ταπεινώσει
754 4911 1018 4981 καρδίας,
1074 4912 1336 4981 φέροντος
1382 4915 1447 4965 τά
1504 4915 1683 4966 πάντα
1736 4914 1836 4980 τῆς

258 5003 640 5073 σταυρώσεως.
662 4999 794 5056 Εἶτα
806 5004 854 5055 oi
873 5003 1075 5072 ψάλται
1090 5004 1414 5073 ἀνέρχονται
1438 5006 1495 5056 ὲν
1507 5005 1582 5073 τῷ
1604 5004 1837 5074 ἀμϐωνι,

254 5092 512 5161 ψάλλουσι
548 5095 604 5146 δὲ
635 5092 714 5154 τὸ,
760 5092 921 5144 Δεῦτε
945 5133 959 5156 ,
987 5091 1443 5162 ἀγαλλιασώμεθα
1471 5093 1547 5163 τῷ
1572 5094 1779 5163 Κυρίῳ·
1817 5113 1837 5146 ι

253 5187 425 5254 τούτῳ
457 5186 813 5255 συμφωνοῦσι
840 5188 935 5238 καὶ
957 5188 1006 5239 οἱ
1031 5189 1203 5250 κάτω,
1232 5188 1544 5251 δεικνύντες
1575 5186 1673 5258 τὴν
1704 5204 1841 5254 συμσ-

256 5281 459 5347 φωνίαν
488 5280 601 5333 τῶν
629 5279 874 5346 ἀγγέλων
888 5282 980 5333 καὶ
1010 5280 1117 5333 τῶν
1138 5280 1460 5350 ἀνθρώπων
1486 5280 1839 5350 συμφωνοῦσι

253 5371 303 5423 δὲ
322 5371 494 5439 τούτῳ
514 5370 609 5422 καὶ
636 5371 687 5422 oi
717 5371 1006 5423 ἀπόστολοι
1022 5387 1036 5401 ο
1057 5372 1221 5441 οἱμὲν
1239 5372 1347 5440 γὰρ
1379 5372 1564 5439 ἔλεγον
1615 5393 1631 5420 ι
1653 5371 1838 5428 Δεῦτε.

256 5461 566 5531 εὑρήκαμεν
612 5462 701 5513 τὸν
728 5461 1089 5531 ποθούμενον
1123 5480 1135 5494 ο
1185 5482 1202 5513 ι
1234 5464 1281 5515 οἱ
1314 5463 1391 5515 δὲ’
1434 5483 1451 5515 ι
1487 5463 1689 5533 Ἔρχου
1744 5464 1841 5513 καὶ

256 5555 345 5609 ίῑε.
360 5572 381 5605 ι
402 5548 627 5617 Ἷιλθον,
652 5553 807 5623 φησὶ,
836 5554 929 5606 καὶ
948 5554 1076 5625 παρ’
1094 5554 1241 5626 αύτῴ
1266 5554 1486 5633 ἔμειναν
1504 5556 1600 5625 τὴν
1625 5555 1837 5625 ἡμέραν

320 5730 363 5761 ’⁷
399 5730 552 5785 Joan.
588 5747 669 5799 ιιι,
697 5730 780 5784 50.

1932 3282 2052 3327 stus
2074 3288 2290 3325 erucem
2329 3269 2622 3336 bnjttlavit;
2660 3268 2704 3322 si
2737 3268 2997 3321 diaconus
3022 3264 3213 3324 defert.
3244 3264 3524 3317 Simonem

1936 3365 2279 3433 angariatum
2353 3364 2616 3415 imitatur.
2680 3358 2781 3426 Qui
2831 3360 2885 3412 in
2947 3359 3170 3411 introitu
3212 3356 3394 3411 lucent
3446 3373 3532 3410 co-

1940 3455 2038 3520 rei,
2061 3454 2296 3507 divinam
2314 3454 2489 3507 lucem
2514 3454 2772 3506 iudicant.
2798 3451 3058 3503 lntroitus
3083 3460 3262 3502 autem
3296 3447 3517 3513 pontifi-

1937 3546 2035 3606 cis,
2062 3544 2337 3597 Christict
2364 3544 2454 3597 Dei
2487 3544 2654 3595 nostri
2680 3540 3183 3595 manifestatioocm
3230 3540 3297 3593 ad
3328 3539 3528 3593 .lorda-

1940 3650 2084 3700 nem;
2102 3649 2269 3701 usque
2287 3635 2353 3686 ad
2373 3632 2871 3687 mauifestatioucm
2893 3632 3166 3695 illam,ctsn
3180 3630 3342 3683 fuerit
3361 3632 3539 3699 ponti-

1939 3727 2027 3781 fex
2046 3766 2061 3790 ,
2101 3735 2156 3778 at
2187 3740 2292 3779 ooo
2314 3726 2564 3781 omnibus
2581 3733 2834 3777 ostensus
2864 3730 2918 3775 et
2958 3723 3198 3789 agnitus,
3219 3730 3275 3775 et
3293 3721 3531 3774 nomium

1939 3828 2170 3872 steterat
2221 3818 2274 3871 iu
2307 3818 2483 3871 medio
2517 3825 2575 3870 ut
2610 3812 3045 3886 supernaturalia
3106 3813 3529 3870 etsauctissima

1942 3910 2247 3979 perliceret.
2300 3908 2401 3975 Qui
2448 3910 2623 3963 vicem
2702 3907 3072 3963 Prmcnrsoris
3143 3913 3293 3959 tenet
3347 3918 3535 3959 sacer-

1944 4001 2062 4064 dos,
2094 4010 2151 4053 ut
2190 3999 2257 4053 ad
2278 3998 2604 4068 baptismum
2629 3997 2963 4066 pwuiteotire
2995 3995 3218 4060 excitet,
3245 3994 3531 4048 introeun-

1946 4103 2055 4147 tem
2129 4093 2437 4162 pontificem
2518 4090 2708 4145 videns
2781 4090 3033 4155 recedit,
3084 4097 3140 4141 et
3194 4088 3329 4140 nihil
3383 4087 3530 4139 aliud

1946 4185 2049 4239 nisi
2102 4184 2267 4239 verba
2308 4181 2534 4238 Joannis
2594 4182 2912 4251 sibimetipsi
2938 4181 3094 4251 quasi
3137 4181 3343 4234 refert:
3382 4178 3535 4231 lluuc

1952 4286 2168 4345 Oportet
2191 4290 2461 4341 crescere,
2484 4292 2570 4329 me
2586 4281 2765 4329 autem
2794 4274 2960 4328 minui
2977 4274 3018 4306 ¹⁷
3043 4289 3059 4339 ;
3093 4273 3384 4340 statimque
3404 4271 3536 4326 sinit

1949 4375 2009 4417 ut
2041 4362 2282 4447 pontifex
2315 4365 2521 4434 majora
2554 4362 2822 4434 perficiat.
2862 4426 2872 4436 ῳ

2018 4541 2104 4594 M.
2147 4539 2414 4595 Diacouus
2455 4538 2707 4594 sanctum
2755 4537 3133 4609 Evangelium,
3191 4537 3331 4591 sicut
3358 4539 3529 4615 .jussa

1945 4633 2142 4687 summi
2194 4632 2340 4702 regis
2372 4633 2631 4686 adduces
2668 4632 2845 4701 populi
2885 4630 3080 4694 fidelis,
3114 4630 3362 4699 profert;
3404 4631 3532 4683 suh-

1946 4726 2191 4793 sequitur
2247 4736 2429 4778 autem
2489 4726 2769 4787 sacerdos,
2821 4736 2876 4779 et
2923 4734 3037 4778 toto
3080 4734 3342 4792 apparatu
3410 4737 3531 4781 suo,

1947 4815 2037 4882 qui
2080 4815 2131 4866 in
2171 4818 2332 4871 corde
2383 4815 2571 4867 humili
2620 4815 2943 4883 glorificatio
2992 4824 3095 4878 est,
3130 4815 3309 4867 omnia
3338 4814 3536 4866 .crncis

1949 4906 2202 4974 adjuncta
2251 4906 2435 4957 refert.
2473 4904 2680 4957 Deinde
2723 4904 2775 4956 in
2821 4904 3107 4957 amhonem
3154 4903 3376 4956 veniunt
3405 4917 3534 4953 can--

1950 5004 2172 5055 tatores,
2193 5003 2532 5061 canumque:
2564 5014 2581 5044 ε
2619 4993 2825 5058 Venite,
2858 4993 3198 5047 cxsuitemus
3220 4990 3469 5044 Domino.
3505 5007 3522 5040 ι

1946 5086 2048 5151 Qui
2079 5084 2216 5137 iul'ra
2246 5094 2412 5147 stant,
2446 5083 2764 5142 concinuut,
2788 5092 2841 5135 et
2871 5093 3135 5136 concentu
3181 5094 3279 5134 suo
3306 5081 3529 5147 angelo-

1947 5192 2064 5228 rum
2085 5186 2139 5228 et
2159 5176 2433 5228 hominum
2455 5174 2830 5245 symphoniam
2856 5174 3207 5237 aduinbrant;
3232 5172 3430 5240 quibus
3446 5174 3538 5223 ad-

1946 5268 2264 5320 numerandi
2316 5277 2441 5319 sunt
2490 5266 2742 5335 apostoli.
2796 5264 2860 5319 lli
2911 5266 3202 5319 dixerunt:
3240 5281 3259 5314 ι
3311 5262 3527 5325 Venite,

1951 5361 2318 5413 desideratum
2372 5360 2715 5426 invenimus;
2764 5379 2782 5411 ι
2820 5360 2892 5413 illi
2948 5368 3128 5411 autem
3165 5372 3178 5408 :
3223 5374 3241 5408 ι
3286 5354 3419 5409 Veni
3478 5364 3533 5406 et

1951 5455 2089 5508 vide.
2124 5474 2142 5506 ι
2169 5485 2241 5495 --
2275 5475 2291 5503 ι
2336 5454 2635 5519 Venerunt,
2667 5466 2724 5507 et
2768 5454 2909 5507 diem
2938 5450 3082 5503 illam
3118 5464 3239 5503 cutn
3286 5447 3377 5500 illo
3406 5458 3532 5513 per-

1948 5561 2284 5612 manserunt,
2312 5560 2389 5602 DC!
2418 5561 2608 5602 uetera
2632 5563 2747 5614 qua:
2771 5543 3090 5616 simpliciter
3115 5540 3180 5595 ad
3206 5540 3533 5611 baptismum
