3968 6198
345 288 487 353 3997

1418 307 2027 376 COMMENTARIUS
2060 306 2552 379 LITURGICUS.

3490 331 3629 393 3993

346 399 652 499 συνθρύνῳ,
679 400 945 458 δεικνύων
1002 406 1030 457 6
1062 406 1354 480 ἀρχιερεὺς
1379 413 1458 484 τῷ
1499 414 1613 486 λαῷ
1638 402 1736 489 τὴν
1768 418 1909 472 θείαν

2025 436 2257 489 numque
2279 423 2574 476 extendens
2596 422 2752 477 tertio
2780 424 3087 483 sacerdotes
3112 429 3290 499 signat
3313 431 3454 488 sicut
3471 434 3626 489 Chri-

344 491 795 561 μεταμόρφωσιν,
829 495 1079 558 ἐκτείνας
1104 498 1203 569 τὴν
1233 505 1390 573 χεῖρα
1422 509 1714 576 σφραγίζει
1745 512 1932 581 τρίτον

338 583 469 650 τοὺς
505 588 695 657 ἱερεῖς,
722 590 907 653 καθὼς
963 593 992 646 6
1037 593 1273 664 Χριστὸς
1301 598 1426 661 τοὺς
1458 600 1623 655 αὑτοῦ
1658 603 1932 675 μαθητάς.

414 678 501 742 ιζ’.
536 679 642 732 Τοῦ
660 681 717 733 δὲ
745 680 1045 752 Τρισαγίου
1075 686 1480 757 πληρωθέντος,
1508 695 1802 761 σφραγίζει
1841 696 1934 751 τὸν

342 768 468 861 λαδν
493 773 521 824 6
548 772 727 843 ἱερεὺς
755 773 949 843 λέγων,
987 797 1004 828 ι
1034 778 1240 850 Εἰρήνη
1271 782 1426 844 πᾶσι,
1452 785 1736 839 »τουτέστι
1770 788 1934 861 Εἰρη-

341 859 526 913 νευετε
553 863 614 913 ἐν
644 863 900 932 ἀλλήλοις
932 869 1329 939 παριστάμενοι
1346 873 1403 924 ἐν
1424 876 1490 944 τῇ
1512 874 1631 947 θείᾳ
1655 859 1927 951 τραπέζη.

353 950 415 1003 Ἦ
443 950 498 1004 δὲ
532 954 771 1023 σφραγὶς
822 955 890 1026 ἢν
949 957 1110 1011 εἴωθε
1170 964 1347 1014 ποιεῖν
1372 964 1400 1014 6
1437 965 1729 1037 ἀρχιερεὺς
1763 970 1821 1021 ὲν
1850 950 1928 1041 τῷ

339 1042 480 1098 τέλει
507 1045 598 1098 τοῦ
630 1047 951 1116 Τρισαγίου,
1015 1053 1097 1114 είς
1149 1053 1433 1128 πλήρωσιν
1456 1052 1469 1064 ’
1487 1058 1587 1127 μὲν
1621 1061 1715 1111 καὶ
1763 1062 1927 1115 οἱονεὶ

347 1133 739 1205 ἐκσφράγισμα
800 1137 911 1190 τῶν
964 1142 1095 1210 περὶ
1154 1143 1392 1213 Χριστοῦ
1429 1151 1926 1220 προηγορευμένων

340 1223 699 1291 προφητικῶν
726 1228 920 1299 φωνῶν
978 1231 1488 1301 χαρακτηρίζεται·
1538 1237 1571 1307 ἡ
1621 1239 1730 1308 γὰρ
1755 1239 1923 1293 αὑτοῦ

338 1313 426 1367 διὰ
478 1317 679 1386 σαρκὸς
730 1320 1001 1391 παρουσία
1053 1326 1288 1391 σφραγὶς
1335 1326 1552 1394 ἐγένετο
1584 1331 1923 1401 ἐπικυροῦσα

342 1403 412 1455 τά
453 1404 546 1457 ὑπ’
578 1408 802 1461 ἐκείνων
836 1414 1294 1483 προηγορευμένα
1349 1415 1425 1479 ὡς
1454 1418 1632 1489 ἀληθῆ
1653 1435 1667 1449 ·
1697 1420 1835 1493 αὕτη
1864 1422 1921 1475 δὲ

337 1497 431 1548 καὶ
462 1498 544 1559 εἰς
578 1498 752 1570 ἀρχὴν
771 1500 878 1553 τῶν
901 1501 1226 1574 θεοπρεπὼν
1247 1493 1425 1578 Eprio")
1456 1509 1666 1563 καὶτοῦ
1701 1512 1920 1585 ἀνθρω-

336 1589 493 1642 πίνου
554 1593 748 1661 γένους
804 1595 1109 1651 ἀνάπλασιν
1169 1599 1469 1654 τέτακται·
1527 1604 1754 1672 ἀρκέσει
1797 1608 1916 1677 δὲὴ

336 1684 571 1752 σφραγὶς
602 1685 698 1738 καί
756 1687 838 1751 είς
886 1689 1131 1761 είρήνην,
1180 1693 1305 1765 ἥτις
1353 1694 1451 1756 τὰς
1503 1696 1625 1749 τότε
1679 1699 1913 1768 μερικάς

2039 521 2157 566 stus
2215 512 2535 580 discipulos.

2112 685 2198 755 l7,
2234 684 2488 755 Trisagio
2546 688 2807 756 perfecto,
2855 693 3108 761 populum
3162 695 3341 761 signat.
3369 701 3622 757 sacerdos

2034 777 2302 833 dicendo:
2333 796 2351 829 ι
2419 769 2528 833 Pax
2583 781 2867 848 omnibus,
2907 802 2923 834 ι
2967 783 3020 838 id
3051 796 3149 847 est,
3192 801 3381 855 pacem
3415 789 3481 845 ad
3534 791 3623 845 in-

2035 869 2206 923 vicem
2234 870 2484 924 habeatis
2501 872 2591 939 qui
2624 873 2786 927 statis
2816 875 2881 927 ad
2911 890 3156 930 mensam
3181 878 3421 933 Domini.
3443 881 3616 946 Quam

2033 962 2098 1013 ad
2131 960 2294 1014 tinem
2328 960 2559 1030 Trisagii
2622 964 2803 1018 facere
2834 970 3120 1021 consuevit
3150 970 3392 1026 pontifex
3424 973 3615 1043 signa-

2035 1054 2260 1119 tionem,
2308 1055 2559 1117 jntendit
2597 1057 3041 1126 adimpletionem
3100 1072 3153 1114 et
3192 1063 3430 1131 sigillum
3488 1080 3615 1135 pro-

2030 1145 2340 1215 phetiarum
2370 1146 2435 1200 de
2464 1146 2722 1215 Christo;
2751 1152 2893 1217 qnod
2931 1152 3075 1204 enim
3106 1152 3356 1209 Christus
3380 1156 3432 1209 in
3451 1172 3618 1214 carne

2028 1239 2365 1307 apparuerit,
2403 1238 2616 1293 ﬁrmata
2648 1250 2695 1294 et
2757 1243 3038 1310 obsignata
3070 1248 3338 1314 suntquae
3365 1248 3431 1301 de
3464 1247 3617 1304 Chri-

2025 1336 2113 1380 sto
2144 1325 2359 1382 fuerant
2400 1330 2721 1395 vaticinata;
2791 1334 3075 1386 ordinatur
3134 1351 3351 1404 quoque
3382 1336 3449 1389 ad
3504 1338 3610 1392 itii-

2030 1417 2162 1471 tium
2185 1432 2411 1484 operum
2448 1420 2753 1474 divinorum
2788 1433 2841 1475 et
2873 1424 2939 1475 ad
2973 1424 3257 1479 hominum
3290 1428 3615 1497 redemptio-

2025 1524 2171 1563 nem.
2212 1511 2291 1566 Ad
2319 1526 2506 1579 pacem
2545 1514 2710 1567 etiam
2744 1514 2883 1567 valet
2939 1517 3194 1583 signatio,
3236 1534 3358 1586 qua:
3412 1520 3612 1577 divisas

2023 1602 2274 1656 dissolvit
2297 1613 2592 1671 potestates
2619 1614 2672 1659 et
2707 1618 2898 1673 gentes
2922 1608 3078 1676 longe
3101 1608 3317 1675 lateque
3358 1626 3611 1667 remune-

2020 1694 2161 1747 ravit
2190 1711 2203 1746 :
2236 1694 2514 1746 terrestria
2549 1704 2603 1748 et
2642 1695 2886 1749 coelestia
2960 1697 3012 1748 in
3050 1698 3312 1751 unitatem
3350 1704 3612 1754 eoiiduxit

331 1776 506 1869 ἀρχὰς
561 1778 850 1842 κατέλυσε,
908 1759 1000 1834 καὶ
1065 1759 1177 1846 τοῖς
1205 1759 1376 1852 ⁷ἐγγὺς
1408 1789 1504 1840 καὶ
1538 1791 1648 1869 τοῖς
1679 1759 1909 1861 ’μακρὰν

2016 1784 2392 1853 Christus,qui
2424 1782 2584 1838 Pater
2611 1787 2761 1853 pacis
2795 1796 3020 1840 vocatur
3050 1789 3190 1841 ¹¹·¹².
3221 1788 3469 1857 Deposito
3507 1790 3615 1846 Ve-

330 1868 542 1921 ἔθνεσιν
572 1870 875 1940 ὲὸράϐευσε
898 1889 912 1902 ·
958 1873 1090 1944 πρὸς
1114 1875 1169 1928 δὲ
1201 1878 1269 1930 τά
1298 1879 1516 1946 ἐπίγεια
1556 1868 1651 1934 καὶ
1685 1882 1914 1954 οὐράνια

328 1959 357 2010 6
389 1958 619 2027 Χριστὸς
645 1962 672 2013 6
697 1960 797 2030 τῆς
848 1963 1073 2034 είρήνης
1123 1966 1310 2037 Πατὴρ
1346 1970 1425 2031 είς
1458 1970 1690 2038 ἑνότητα
1741 1973 1917 2043 ἤγαγε

329 2046 427 2100 καὶ
459 2048 594 2116 μετά
615 2048 675 2101 16
704 2050 923 2105 καθίσαι
953 2053 1090 2121 μετά
1122 2055 1218 2124 τῆς
1239 2056 1480 2122 Παλαιᾶς
1513 2060 1765 2124 καὶΝὲας
1794 2065 1918 2115 Δια-

329 2138 547 2208 θήκης,
598 2141 1029 2206 ἀναγινώσκεται
1082 2146 1142 2198 16
1203 2147 1499 2219 λεγόμενον
1552 2152 1916 2224 προκείμενον

329 2230 672 2302 φερωνύμως
700 2232 1007 2303 ὀνομασθέν
1034 2252 1047 2265 ·
1078 2238 1366 2317 πρόκειται
1417 2241 1528 2312 γάρ
1555 2242 1775 2296 πάντων
1798 2245 1909 2298 τῶν

330 2323 675 2391 συμϐολαίων
722 2326 819 2396 τῆς
869 2327 1094 2398 χάριτος
1115 2331 1214 2400 τῆς
1251 2333 1375 2396 νέας
1402 2348 1415 2361 ⁸
1451 2333 1645 2403 μηνύει
1671 2331 1765 2388 οῦν
1813 2338 1912 2407 τὴν

326 2413 435 2466 τῶν
480 2417 775 2488 προφητῶν
838 2421 1223 2491 ἐκφαντορίαν,
1274 2425 1372 2495 τὴν
1424 2429 1771 2497 προμήνυσιν
1809 2430 1910 2498 τῆς

326 2511 631 2577 παρουσίας
663 2514 906 2584 Χριστοῦ
934 2516 1023 2570 τοῦ
1050 2518 1207 2574 Θεοῦ.
1245 2518 1399 2573 Μετά
1424 2519 1599 2574 ταῦτα
1625 2521 1912 2592 ἀνέρχεται

323 2608 352 2658 6
402 2604 612 2668 Παῦλος
658 2604 850 2679 ὥσπερ
897 2625 981 2670 τις
1047 2610 1409 2681 στρατιώτης,
1450 2612 1545 2664 καὶ
1573 2612 1909 2682 τὴνοίκείαν

322 2695 673 2750 διδασκαλίαν
690 2698 784 2768 κτῷ
849 2699 1047 2770 πλήθει
1078 2701 1594 2773 διατρανοῖ,’ἦγουν
1624 2703 1736 2756 τῶν
1769 2706 1910 2757 ἀπο-

322 2789 590 2842 σ.·ολικῶν
614 2791 961 2861 πραγμάτων
989 2792 1322 2862 ἀνάγνωσιν,
1346 2795 1439 2847 καὶ
1455 2794 1562 2848 τῶν
1577 2794 1912 2848 Ἐπιστολῶν

2018 1886 2132 1929 tere
2161 1874 2537 1941 Testamento,
2566 1880 2811 1945 quiedam
2841 1894 2869 1932 c
2899 1878 3066 1941 Novo,
3098 1896 3128 1933 e
3160 1881 3406 1948 symbolo
3427 1885 3615 1952 gratia:

2017 1968 2270 2035 leguntur
2299 1984 2317 2020 :
2346 1978 2682 2021 ettnnescunt
2710 1971 2855 2021 enim
2895 1971 3172 2038 propheta:
3197 1987 3321 2024 cum
3359 1972 3613 2029 Christus

2018 2059 2131 2124 ipse
2161 2055 2382 2125 prodiit.
2418 2055 2684 2111 Praecedit
2722 2058 2945 2122 Paulus,
3006 2070 3258 2128 tauquam
3309 2062 3465 2116 miles
3496 2063 3611 2115 l'or-

2021 2150 2263 2204 tissinius
2285 2158 2341 2203 et
2392 2150 2692 2204 doctrinam
2729 2166 2884 2204 suam
2922 2152 3250 2205 multitudini
3313 2153 3608 2219 explanat;

2019 2240 2270 2307 leguntur
2309 2240 2474 2294 Actus
2500 2240 2888 2309 apostolorum,
2921 2252 2975 2294 ct
3021 2252 3276 2309 excerpta
3338 2241 3605 2308 Epistola-

2025 2350 2165 2397 rum,
2208 2334 2346 2387 etin
2382 2333 2488 2386 line
2543 2331 2937 2401 promissiones
2997 2330 3203 2385 Christi
3263 2334 3357 2386 Dei
3415 2333 3607 2388 nostri.

2022 2424 2079 2478 lu
2107 2425 2190 2478 his
2223 2432 2329 2479 stat
2363 2424 2533 2476 virtus
2562 2432 2617 2474 et
2674 2423 2998 2475 incoacussa
3038 2424 3289 2476 veritatis
3352 2425 3601 2479 tirniitas.

2009 2516 2090 2572 Ad
2127 2517 2398 2587 apostolos
2433 2515 2610 2570 dixit:
2642 2532 2661 2564 ‹
2708 2514 2898 2571 Venite
2922 2523 3041 2580 post
3077 2529 3163 2568 me
3200 2527 3252 2569 et
3289 2514 3478 2569 faciam
3510 2530 3607 2570 vos

2011 2612 2315 2679 piscatores
2356 2609 2636 2661 hominum
2668 2607 2773 2672 ²³;-
2801 2626 2818 2657 ι
2878 2607 3035 2659 adest
3070 2623 3211 2661 nunc
3268 2607 3425 2668 hora,
3495 2620 3603 2675 qua

2013 2702 2312 2770 piscatores
2336 2711 2389 2752 et
2420 2698 2683 2752 illitterati
2713 2701 2968 2752 munduut
3001 2699 3313 2753 universum
3346 2713 3411 2753 ex
3444 2714 3596 2753 erro-

1973 2788 1981 2796 ’
2014 2795 2088 2846 ris
2124 2792 2324 2861 abyssu
2350 2792 2676 2844 eduxerunt.

331 2880 515 2934 αὐτῶν
563 2884 864 2954 παρίστησι
911 2884 1013 2956 τὴν
1069 2884 1323 2955 ἐκλογὴν,
1380 2885 1475 2939 καὶ
1530 2884 1589 2939 16
1628 2886 1780 2949 τέλος
1798 2885 1921 2963 ,τῶν
1953 2883 2305 2954 ὑποσχέσεων
2350 2879 2590 2951 Χριστοῦ
2649 2879 2746 2933 τοῦ
2783 2880 2919 2933 Θεοῦ
2969 2883 3163 2951 ἡμῶψ
3193 2882 3253 2945 ἐξ
3277 2877 3410 2951 ὧνή
3440 2880 3604 2933 δύναε-

325 2975 623 3042 μιςτούτου
659 2978 754 3031 καὶ
786 2978 846 3032 16
871 2979 1242 3051 ἀδιάπτωτον,
1265 2983 1363 3052 τῆς
1411 2981 1671 3051 ἀληθείας
1712 2980 2062 3033 συνίσταται’
2123 2976 2229 3048 ἔφη
2275 2975 2331 3028 δὲ
2360 2976 2496 3046 πρὸς
2550 2976 2773 3040 αὐτοὺς,
2828 2993 2847 3024 ι
2911 2974 3077 3026 Δεῦτε
3123 2976 3303 3027 ὀπίσω
3364 2992 3466 3044 μου
3511 2976 3607 3026 καὶ

322 3073 539 3141 ποιήσω
571 3072 714 3142 ὑμᾶς
745 3072 921 3136 ἀλιεῖς
985 3072 1326 3144 ἀνθρώπων
1367 3094 1386 3127 ι
1423 3076 1527 3146 ὅρα
1567 3075 1749 3128 τοίνυν
1785 3074 1904 3136 πῶς
1936 3075 2028 3128 16v
2060 3073 2265 3144 κόσμον
2289 3072 2408 3124 ὅλον
2446 3070 2772 3141 ἐζώγρησαν
2814 3072 2877 3123 ἐκ
2928 3069 3022 3121 τοῦ
3056 3068 3349 3139 βυθοῦστῆς
3388 3068 3607 3137 πλάνης
3652 3146 3655 3155 Ι

322 3163 417 3215 καὶ
447 3163 496 3215 oi
529 3163 699 3228 ἁλιεῖς
721 3164 1210 3241 καὶάγράμματοι.

396 3260 482 3323 ιη’.
519 3250 649 3307 Εἶτα
709 3258 849 3325 μετά
900 3259 998 3327 τὴν
1055 3259 1363 3326 ἀνάγνωσιν
1383 3259 1476 3314 τοῦ
1494 3260 1842 3324 Ἀποστὸλου,
1882 3260 1910 3312 6
1938 3262 1980 3318 C

320 3344 487 3397 Δαϐὶδ
524 3344 639 3415 ᾄδει
665 3345 726 3399 16
755 3347 1124 3413 Ἀλλ-ηλοὺϊα
1149 3366 1161 3377 ’
1181 3349 1332 3419 δηλοῖ
1356 3349 1417 3403 16
1439 3351 1538 3420 μὲν
1567 3351 1669 3413 ἄλ,
1701 3351 1901 3421 ἐφάνη·

318 3435 379 3488 τὸ
411 3435 467 3487 δὲ
526 3435 628 3502 ἢλ,
661 3438 689 3488 6
722 3435 855 3499 Θεός
876 3453 889 3466 ·
911 3428 969 3490 τὸ
996 3440 1157 3499 οὔτα.
1191 3443 1389 3492 αἰνεῖτε
1415 3442 1508 3495 τὸν
1538 3441 1721 3506 ζῶντα
1746 3441 1902 3496 Θεὸν.

318 3555 386 3567 -
416 3528 490 3579 Τὸ
522 3528 838 3596 ὠμοφόριον
886 3531 1206 3601 ἀφαιρεῖται
1260 3532 1354 3586 τοῦ
1402 3534 1713 3606 ἀρχιερέως
1734 3537 1811 3599 είς
1842 3536 1904 3589 16

319 3617 547 3689 ἔσχατον
573 3619 956 3685 Ἀ.2.ῑηλούιῑι,
1011 3622 1090 3683 είς
1121 3621 1399 3686 ἀπόδειξιν
1420 3623 1515 3677 τοῦ
1544 3623 1902 3696 πληρωθῆναι

318 3711 408 3761 16v
439 3709 624 3781 νόμον,
659 3711 754 3764 καὶ
777 3710 870 3764 τοῦ
902 3711 992 3765 τὸν
1021 3714 1286 3786 ἀρχιερέα
1314 3717 1621 3786 ἱερουργεῖν
1643 3717 1742 3786 τὴν
1776 3719 1902 3772 νέαν

315 3802 499 3872 χάριν.
544 3803 602 3855 '0
635 3803 692 3857 δὲ
725 3803 1005 3875 θυμιατδς,
1061 3808 1090 3859 6
1114 3808 1172 3858 ὲν
1205 3806 1284 3878 τῷ
1321 3809 1499 3879 καιρῷ
1546 3810 1641 3863 τοῦ
1678 3810 1901 3878 Ἄλλη-

315 3895 493 3947 λούΐα
518 3895 657 3965 μετά
688 3895 1034 3967 θυμιάματος
1065 3899 1406 3971 κινούμενος,
1434 3904 1533 3972 τὴν
1564 3904 1724 3972 χάριν
1749 3903 1904 3972 δηλοῖ

315 3987 410 4041 τοῦ
437 3988 595 4057 ἁγίου
621 3990 941 4060 Πνεῦματος
975 3993 1073 4064 τὴν
1122 3992 1420 4064 δεδομένην
1468 3998 1581 4058 τοῖς
1628 3995 1902 4066 μαθηταῖς

316 4079 404 4131 ὅτε
433 4080 656 4143 τούτους
711 4065 998 4136 ἀπέστειλε
1032 4083 1125 4137 τοῦ
1179 4083 1329 4138 ίᾶσαι
1384 4087 1565 4139 πᾶσαν
1612 4088 1769 4140 νόσον
1806 4088 1902 4140 καὶ

317 4170 497 4221 πᾶσαν
545 4171 821 4239 μαλακίαν
876 4174 937 4226 ὲν
976 4172 1213 4245 Ἰσραήλ.
1248 4175 1406 4228 Μετά
1452 4175 1515 4228 16
1542 4175 1903 4242 Ἀλληλούῖα

314 4259 494 4314 λαϐὼν
515 4263 543 4313 6
580 4263 759 4334 ἱερεὺς
793 4264 826 4336 ἢ
856 4267 883 4318 6
913 4266 1165 4331 διάκονος
1230 4269 1292 4320 16
1334 4267 1606 4340 ἄχραντον
1651 4269 1901 4336 Εὐαγγέ-

314 4352 449 4419 λιον,
476 4353 551 4419 ὡς
579 4356 807 4424 ἄγγελος
838 4359 1191 4422 ἀποσταλεὶς.
1228 4360 1369 4430 μετὰ
1399 4363 1497 4433 τῆς
1526 4360 1678 4425 θείας
1707 4360 1886 4415 κελεύ-

314 4460 454 4507 σεως
491 4444 782 4516 ἀνέρχεται
839 4449 920 4511 εἰς
976 4448 1068 4502 τὸν
1124 4449 1354 4518 ἀμϐωνα
1407 4451 1498 4503 καὶ
1561 4450 1763 4520 πληροῖ
1794 4448 1894 4520 τὴν

310 4533 649 4605 προφητείαν
663 4535 889 4589 Ἡσαΐου
924 4537 1022 4608 τὴν
1046 4538 1331 4606 λέγουσαν,
1363 4558 1381 4590 ι
1408 4540 1524 4594 Ἐπ’
1550 4540 1712 4611 ὅρους
1746 4541 1898 4595 πεδι-

309 4627 399 4677 νοῦ
455 4626 624 4697 ἄρατε
669 4632 919 4698 σημεῖον.
950 4648 968 4681 ι
1019 4628 1084 4682 Ἢ
1120 4629 1345 4694 έκτασις
1389 4630 1500 4684 τῶν
1553 4631 1754 4705 χειρῶν
1796 4633 1890 4684 τοῦ

307 4716 549 4788 πλήθους
603 4721 845 4774 δείκνυσι
896 4721 998 4792 τὴν
1053 4723 1411 4794 εὐχαριστίαν
1455 4724 1531 4787 ὡς
1570 4724 1894 4791 ἀξιωθέντος

305 4808 566 4862 τοιούτων
625 4812 940 4883 θαυμάτων.
988 4814 1047 4868 Ὀ
1080 4815 1138 4867 δὲ
1191 4817 1369 4885 ἱερεὺς
1418 4816 1755 4870 ἀναπτύσσει
1793 4818 1893 4886 τὴν

290 4894 559 4953 ’κέλευσιν
621 4905 759 4973 μετά
812 4906 1038 4977 φρίκης,
1072 4907 1167 4960 καὶ
1205 4908 1534 4976 ἀναγγέλλει
1578 4908 1786 4980 ταύτην
1814 4908 1892 4979 τῷ

303 4990 447 5062 λαῷ·
483 4995 623 5062 μετά
678 4997 839 5067 σιγῆς
902 5000 1231 5069 ἱσταμένων,
1260 5000 1445 5065 καθὼς
1494 5002 1736 5073 Μωῦσῆς
1792 5003 1888 5056 καὶ

316 5080 506 5144 Ἠλίας
536 5083 632 5135 καὶ
662 5085 862 5150 πάντες
914 5090 963 5142 οἱ
1014 5091 1315 5161 προφῆται,
1350 5091 1671 5163 ὁμιλοῦντος
1700 5093 1885 5158 αὐτοῖς

300 5171 395 5224 τοῦ
426 5172 585 5239 Θεοῦ,
611 5177 705 5229 καὶ
730 5180 843 5242 τοῖς
869 5180 1187 5246 ἀποστρλοις
1224 5183 1526 5253 λέγοντος,‹
1550 5184 1692 5251 Ἐγώ
1725 5187 1839 5256 εἰμι
1861 5189 1889 5240 6

300 5263 549 5335 ποιμὴνὸ
578 5267 761 5330 καλός.
792 5289 810 5321 ι
834 5271 989 5325 Μετὰ
1013 5271 1179 5343 δὲτὴν
1209 5275 1516 5343 ἀνάγνωσιν
1548 5276 1753 5341 πτύξας
1788 5277 1888 5330 αὑ-

298 5356 400 5427 τὴν
453 5358 482 5410 ὁ
525 5358 816 5429 ἀναγνοὺς,
873 5365 1198 5436 μετέρχεται
1224 5367 1400 5431 διδοὺς
1453 5370 1620 5421 πᾶσιν
1647 5368 1723 5432 ὡς
1748 5371 1886 5432 υἱοῖς

297 5447 643 5511 ἀσπάζεσθαι
698 5452 998 5520 αὐτήν.Τὸ
1051 5452 1391 5525 Εὑαγγέλιόν
1419 5459 1541 5511 ἐστι
1591 5459 1888 5529 μηνυτικὸν

298 5538 401 5608 τῆς
442 5544 752 5611 παρουσίας
808 5544 1045 5612 Χριστοῦ
1110 5547 1243 5603 Υίοῦ
1285 5550 1379 5603 τοῦ
1432 5551 1592 5615 Θεοῦ,
1648 5552 1770 5604 καθ’
1822 5555 1889 5623 ἣν

405 5723 524 5755 ⁸¹·²²
555 5722 658 5782 lsa.
682 5742 758 5792 ix,
782 5728 836 5784 6.

918 5729 964 5762 “
991 5728 1177 5786 .‘latth.
1204 5747 1278 5794 tv,
1311 5730 1393 5785 l9.
1474 5730 1515 5760 “
1550 5729 1650 5783 lsa.
1681 5745 1797 5795 XIII,
1835 5730 1887 5782 "2.

1766 5958 1791 5987 ο

2088 3253 2175 3308 18.
2213 3253 2343 3307 Post
2393 3249 2748 3321 apostolicam
2810 3248 3120 3311 lectionem,
3181 3250 3331 3304 canit
3386 3251 3601 3305 David:

2008 3347 2257 3400 Alleluia.
2319 3343 2408 3408 Al,
2450 3341 2743 3413 signiﬁcat,
2785 3341 3072 3410 apparuit;
3136 3341 3222 3406 El,
3280 3343 3452 3409 Deus;
3491 3346 3602 3409 uia,

2009 3442 2252 3496 Laudate
2289 3442 2455 3495 Deum
2487 3440 2692 3493 vivum.
2730 3467 2800 3477 —
2828 3437 2911 3490 Ait
2965 3435 3210 3489 ultimum
3246 3434 3479 3489 Alleluia
3508 3450 3605 3489 au-

2008 3533 2185 3587 fertur
2245 3529 2527 3584 httmerale
2577 3546 2606 3582 a
2676 3527 2933 3595 pontilire
2991 3536 3048 3578 ut
3113 3526 3458 3579 manifestum
3510 3525 3606 3580 liat

2007 3625 2175 3694 legem
2207 3620 2490 3690 atlitnpleri
2522 3630 2577 3674 et
2625 3633 2654 3671 a
2722 3617 2977 3687 pontiﬁce
3037 3632 3229 3668 novatn
3288 3616 3600 3670 consecrari

2017 3715 2271 3786 gratiam.
2313 3711 2466 3779 Quod
2492 3725 2588 3779 per
2628 3709 2861 3762 Alleluia
2915 3718 3135 3763 cantum
3194 3723 3321 3761 cum
3377 3708 3602 3762 incenso
3664 3774 3671 3779 _

2008 3814 2257 3862 movetur
2322 3802 2654 3858 thuribulum
2692 3840 2707 3864 ,
2783 3799 3013 3870 gratiam
3105 3798 3342 3865 Spiritus
3424 3800 3597 3853 sancti

2012 3898 2275 3968 apostolis
2303 3895 2559 3952 collatam
2587 3893 2880 3964 significat,
2915 3909 3017 3958 qua
3054 3892 3281 3945 immissi
3336 3901 3466 3945 sunt
3499 3892 3601 3945 «lis-

1989 3989 2168 4060 .cipuli
2200 3998 2259 4044 ttt
2283 4002 2478 4043 omnes
2506 3987 2812 4065 morbos‘et
2840 3983 3123 4039 moll.ticm
3163 3984 3214 4036 in
3245 3984 3409 4037 lSl'tlt'i
3447 3984 3600 4038 tolle-

2006 4092 2147 4136 rent.
2205 4081 2329 4136 Post
2374 4078 2608 4133 Alleluia
2669 4086 2917 4133 sanctum
2976 4076 3326 4145 EVuItgt'iiUlll
3372 4075 3600 4143 suscipit

2002 4174 2261 4230 sacerdos
2285 4174 2367 4228 vel
2398 4173 2689 4233 diaconus,
2722 4178 2777 4224 et
2826 4170 2968 4225 sicut
3003 4169 3229 4235 angelus
3269 4167 3478 4220 Domini
3518 4168 3600 4219 di-

2003 4268 2123 4321 vina
2153 4266 2440 4336 perliciens
2482 4263 2757 4325 mandata,
2816 4261 3161 4329 progreditur
3218 4261 3269 4312 in
3310 4260 3595 4312 umbonem

2002 4371 2056 4415 ct
2105 4359 2249 4414 hanc
2297 4356 2641 4428 prephetiam
2691 4353 2843 4408 Isaiae
2889 4353 3151 4422 adimplet
3188 4369 3201 4406 :
3242 4372 3258 4402 ι
3313 4352 3367 4405 In
3403 4350 3594 4405 collem

2004 4453 2185 4522 p0uite
2245 4451 2460 4521 signum
2502 4448 2621 4502 ³⁸.»
2682 4446 2818 4501 Cum
2871 4447 3106 4501 ﬁdelium
3191 4446 3349 4499 turba
3406 4461 3592 4498 manus

2001 4541 2265 4605 extendit,
2292 4538 2497 4610 gratias
2518 4538 2628 4593 Deo
2655 4552 2752 4607 pro
2777 4538 3015 4604 acceptis
3041 4538 3381 4591 mirabilibus
3407 4536 3592 4589 refert.

1934 4606 1972 4656 υ
2001 4631 2137 4687 Cum
2170 4641 2405 4684 tremore
2441 4629 2637 4682 librum
2689 4628 2863 4697 aperit.
2912 4627 3168 4680 sacerdos
3227 4636 3280 4679 ct
3341 4626 3594 4678 mandata

2004 4722 2199 4791 populo
2244 4720 2467 4784 edatur;
2524 4735 2644 4774 cum
2683 4718 2903 4773 silentio
2958 4728 3101 4772 astat
3134 4716 3368 4770 tidelintn
3395 4726 3592 4779 coetus,

2003 4816 2456 4885 quemadmodum
2491 4812 2724 4882 Moyses,
2768 4810 2919 4864 Elius
2960 4823 3014 4864 et
3048 4810 3325 4879 propheta:
3379 4822 3592 4870 mum-s,

2003 4923 2124 4961 cum
2158 4906 2471 4975 loqueretur
2508 4905 2646 4957 Deus
2674 4903 2740 4957 ad
2765 4903 2887 4957 illos
2910 4912 2961 4954 et
2997 4902 3205 4957 diceret
3240 4901 3347 4953 illis
3377 4918 3391 4954 :
3432 4915 3451 4949 ι
3482 4897 3592 4966 Ego

1996 5016 2112 5054 sum
2158 5001 2329 5054 bonus
2352 5000 2622 5068 pastor".
2661 5015 2679 5048 ι
2732 4996 2990 5051 Lectione
3051 4994 3341 5064 completa,
3395 4992 3591 5046 librum

1996 5072 2245 5144 sanctum
2275 5088 2480 5142 claudit
2513 5089 2682 5143 lector
2707 5097 2761 5141 et
2805 5087 3058 5141 omnibus
3093 5085 3333 5139 tilialiter
3354 5084 3585 5137 deoscu-

1999 5182 2214 5236 landum
2241 5181 2413 5235 defert
2446 5198 2458 5233 :
2491 5179 2844 5249 Evangeliqu
2881 5180 3023 5232 enim
3061 5178 3467 5232 monumentum
3508 5189 3589 5232 est

2001 5274 2300 5344 praesentia:
2328 5273 2531 5327 Christi
2560 5271 2678 5326 Filii
2709 5274 2822 5336 ltei,
2856 5290 2962 5342 quo
2990 5258 3094 5326 non
3131 5273 3179 5325 in
3211 5271 3590 5349 {Ettigltljlliblls

1996 5367 2088 5421 sed
2109 5366 2967 5434 realiterappziruitnobis;docet
2993 5365 3151 5419 verba
3177 5373 3232 5418 et
3260 5374 3409 5434 gesta
3429 5362 3591 5416 Chri-

1997 5463 2087 5523 sti,
2109 5459 2226 5527 ejns
2255 5461 2322 5512 ad
2360 5476 2463 5517 nos
2481 5460 2757 5524 mandata,
2799 5459 3131 5528 passionem,
3174 5458 3507 5526 sepulturam
3537 5469 3592 5512 et

2000 5552 2488 5617 resttrremio'uem;
2513 5553 2578 5607 de
2593 5550 2869 5606 miraculis
2892 5566 3020 5606 vero
3039 5550 3243 5608 Christi
3270 5566 3437 5621 pauca
3453 5553 3590 5606 scri-

1954 5729 2174 5787 πείθευ.
2207 5749 2261 5801 x,
2292 5735 2372 5789 ll.
