3968 6198
327 267 458 331 6001
1393 262 1893 333 COSIMENTARI

2042 277 2528 337 LITURGICUS.
2694 280 2709 294 '
3458 279 3601 341 4(‘09.

324 382 376 432 δὲ
406 379 731 450 χερουσικδς
758 379 929 450 ὕμνος
960 380 1403 450 παρακελεύεται
1436 384 1647 444 πάντας
1671 382 1898 463 ἐντεῦθε·

2027 390 2216 452 menti,
2248 398 2522 441 terrcnam
2549 387 2811 456 abjieiant
2839 387 3280 453 solliciludincm,
3306 391 3456 459 quasi
3486 410 3600 443 ma-

309 471 415 523 ’καὶ
453 471 615 541 μέχρι
649 470 742 523 τοῦ
776 469 964 533 τέλους
995 471 1094 540 τῆς
1132 471 1442 541 ἱερουργίας
1470 472 1898 543 προσεκτικωτε-

2018 495 2182 549 gnum
2225 480 2550 547 recipientes
2596 496 2778 549 regem
2825 496 2920 549 per
2962 480 3292 535 sanctissimi
3351 483 3601 549 corporis

320 578 416 633 ρον
449 561 596 631 ἔχειν
632 562 723 614 τὸν
754 562 898 624 νοῦν,
930 563 1113 615 πᾶσαν
1148 560 1411 632 βιωτικὴν
1460 564 1737 635 μέριμναν
1761 563 1898 617 κάτα

2017 569 2134 637 ejus
2159 571 2652 641 participationem.
2697 570 2833 625 Dum
2867 581 3176 626 cantatores
3220 587 3339 625 cum
3404 572 3601 640 populo

318 653 576 720 ἀφέντες,
602 652 679 715 ὡς
715 652 941 722 βασιλέα
998 652 1284 737 μέλλοντες
1329 654 1503 723 μέγαν
1550 654 1898 726 ὑποδέχεσθαι

2016 660 2266 714 eumdem
2325 669 2530 716 canunt
2563 662 2857 729 canticum,
2910 663 3322 740 demonstratur
3377 661 3599 730 angelos

319 745 408 798 διὰ
463 746 826 815 μεταλήψεως
858 743 952 797 τοῦ
986 745 1142 812 ἁγίου
1199 745 1457 814 σώματος
1505 746 1694 799 αὑτοῦ.
1729 745 1822 801 Ἑν
1851 746 1909 801 δὲ

2020 750 2071 803 in
2102 750 2335 805 excelsis
2365 752 2677 806 concinere.

321 836 397 905 τῷ
428 836 610 903 λέγειν
635 838 757 901 τοὺς
782 837 993 907 cam;
1017 837 1107 891 τὸν
1134 838 1294 890 αὐτὸν
1323 836 1493 907 ὕμνον
1524 815 1644 907 διμᾶ
1666 838 1743 909 τῷ
1771 838 1906 910 λαῷ,
1954 842 2281 921 σημαίνεται
2322 842 2403 895 ὅτι
2463 842 2557 896 καὶ
2588 844 2638 895 οἱ
2694 843 2916 912 ἄγγελοι
2979 842 3369 912 συνψάλλουσιν
3394 843 3450 895 ἐν
3485 841 3597 904 τοῖς

320 928 587 981 ὑψίστοις.

399 928 587 981 ίστοις.

354 927 495 1070 id.
538 982 612 1071 τὸ
642 1019 1072 1088 σκευοφυλάκιον
1100 1008 1229 1086 ὲνῷ
1251 1018 1460 1086 γίνεται
1487 1021 1520 1089 ή
1546 986 1909 1092 προσκομιδὴ,

319 1108 574 1178 ἐμφαίνει
597 1108 689 1160 τδν
722 1109 818 1162 τοῦ
856 1110 1095 1180 Κρανίου
1124 1114 1308 1174 τόπον,
1338 1108 1522 1174 καθὼς
1550 1111 1909 1182 προετυπώθη

2091 1021 2178 1074 ‘21.
2212 996 2518 1091 Apparatus
2549 1013 2688 1091 quo
2718 1020 2999 1091 perﬁcitur
3042 1020 3368 1076 sacriﬁcium
3402 1038 3594 1093 reprae-

2022 1121 2203 1167 sentat
2229 1112 2496 1167 Calvaria:
2520 1112 2720 1177 locum,
2752 1127 2911 1181 quem
2954 1112 3226 1167 Abraham
3278 1113 3595 1183 praeﬁgura—

316 1198 395 1269 τῷ
438 1198 690 1269 Ἀϐραὰμ
716 1199 805 1252 ὅτε
834 1199 1118 1265 ἐστοίὸαζε
1157 1201 1227 1253 τά
1272 1201 1425 1269 ξύλα,
1467 1203 1563 1255 καὶ
1608 1190 1788 1272 ’ἔθηκε
1820 1203 1898 1256 τοι

2015 1204 2116 1268 vit,
2138 1220 2259 1257 cum
2278 1214 2497 1273 pararet
2524 1203 2691 1272 ligna,
2718 1203 2828 1256 lilio
2852 1204 3153 1270 imponeret
3179 1212 3233 1257 et
3266 1204 3476 1257 hzcdum
3516 1221 3596 1257 sa-

317 1292 455 1353 υίόν,
487 1290 584 1344 καὶ
616 1291 887 1361 ἀνήνεγκε
918 1291 1009 1344 τὸν
1036 1292 1212 1361 κριόν.
1248 1293 1456 1363 Ἱερεῦς
1487 1293 1647 1362 μόνος
1681 1292 1907 1362 ἱστάμε-

318 1398 409 1443 νος
438 1383 495 1433 ἐν
523 1379 603 1451 τῷ
628 1381 741 1450 ναῷ
769 1381 863 1434 τοῦ
894 1382 1218 1453 χερουὸικοῦ
1238 1382 1408 1449 ὕμνου
1430 1384 1908 1456 ᾁδομένουηύπον

318 1471 557 1525 δεικνύει
593 1472 687 1526 τοῦ
722 1474 936 1545 [ἰατρὸς
963 1475 1322 1545 ἐκδεχομένου
1359 1476 1457 1547 τὴν
1487 1476 1582 1531 τοῦ
1615 1477 1745 1531 Υίοῦ
1773 1494 1908 1548 προ-

318 1561 553 1616 έλευσιν.
607 1564 687 1616 Τὰ
727 1565 939 1633 ριπίδια
997 1565 1076 1628 είς
1119 1567 1284 1619 τόπον
1325 1568 1434 1621 τῶν
1489 1570 1773 1641 Χερουϐὶμ
1810 1571 1904 1623 καὶ

2015 1297 2302 1351 criﬁcavit.
2343 1295 2632 1361 Sacerdos,
2666 1294 2757 1363 qui
2823 1294 3050 1349 εοιιιδοὶη
3081 1293 3279 1362 templo
3308 1302 3435 1358 stat,
3469 1296 3594 1349 dum

2008 1392 2223 1443 canitur
2248 1389 2484 1459 hymnus
2507 1388 2876 1451 Cherubicus,
2932 1388 3160 1458 ﬁguram
3221 1389 3362 1458 gerit
3416 1386 3595 1442 Patris

2008 1480 2272 1547 caelestis,
2299 1482 2390 1550 qui
2425 1479 2621 1534 Filium
2649 1480 3039 1534 advenientem
3070 1479 3300 1550 colligit.
3328 1478 3593 1546 Flahclla,

2008 1584 2228 1641 sceptra
2257 1583 2310 1626 et
2345 1572 2533 1643 gladii,
2564 1583 2621 1626 ut
2659 1562 2900 1642 symbola
2948 1571 3229 1641 dignitatis
3280 1575 3462 1642 rcgim,
3496 1573 3594 1627 de-

320 1649 428 1702 τῶν
461 1651 717 1721 Σεραφὶμ
751 1653 1144 1722 προηγοῦνται,
1180 1654 1276 1706 καλ⁸
1299 1654 1368 1706 τὰ
1402 1654 1678 1726 σκῆπτρα,
1723 1657 1819 1708 καὶ
1848 1657 1898 1710 al

2009 1664 2258 1719 feruntur
2290 1664 2343 1718 in
2379 1664 2553 1718 locum
2580 1663 2875 1718 Cherubim
2899 1673 2954 1718 et
2984 1663 3296 1732 Seraphim.
3322 1664 3423 1730 Qui
3452 1678 3591 1733 pra:-

322 1742 589 1811 ρομφαῖαι
665 1742 743 1806 ὼς
813 1743 1055 1812 σύμϐολα
1137 1744 1426 1814 βασιλέως.
1500 1747 1906 1817 Ἀρχιδιάκονος

323 1829 613 1901 βαστάζων
646 1833 707 1885 τδ
749 1833 1058 1907 ὠμοφόριον
1093 1835 1386 1906 διέρχεται,
1415 1837 1489 1899 ὠς
1524 1836 1769 1905 ἄγγελοι,
1809 1835 1905 1905 βα-

327 1922 544 1985 στάζων
598 1922 696 1992 τὴν
745 1923 983 1979 παλαιὰν
1036 1927 1200 1996 χάριν
1250 1922 1613 1995 ὀψικεύουσαν
1645 1927 1746 1995 τὴν
1779 1926 1906 1995 νέαν

268 2076 273 2082 ι
321 2013 508 2084 χάριν.
528 2013 779 2068 Διάκονοι
800 2016 875 2079 ὡς
904 2018 1127 2083 νεφέλαι
1156 2018 1297 2087 μετά
1320 2016 1573 2088 σώματος
1606 2018 1903 2096 προέρχον-

318 2122 413 2159 ται
440 2106 516 2170 ὼς
550 2107 650 2176 τῆς
680 2107 936 2174 Θεότητος
961 2108 1455 2178 ἐπαναπαυομένης
1484 2108 1561 2172 ὼς
1592 2109 1685 2161 ἐπὶ
1713 2108 1901 2179 θρόνου

318 2197 526 2276 ὑψηλοῦ
558 2199 667 2252 τῶν
695 2200 999 2271 Χερουδίμ.
1029 2200 1112 2255 Τά
1143 2201 1277 2271 ἆγια
1323 2201 1431 2255 ἀπὸ
1459 2201 1560 2271 τῆς
1589 2200 1933 2276 προθέσεως,

318 2288 428 2352 Ξως
453 2288 546 2342 τοῦ
584 2289 974 2362 θυσιαστηρίου
1026 2294 1409 2365 προέρχονται,
1454 2295 1535 2357 εἰς
1585 2293 1756 2345 τύπον
1790 2293 1901 2361 ,τῆς

315 2380 415 2434 τοῦ
451 2382 655 2453 κόσμου
682 2383 956 2454 διαγωγῆς
994 2386 1093 2440 τοῦ
1136 2385 1379 2459 Χριστοῦ
1431 2385 1536 2449 ἕως
1565 2386 1665 2456 τῆς
1719 2383 1899 2452 ταφῆς

2012 1754 2274 1809 tereuudo
2299 1761 2479 1822 portat
2531 1752 2833 1816 hnmerale,
2884 1752 2973 1805 hic
3014 1752 3435 1806 archidiaconus
3472 1753 3594 1805 imi-

2014 1856 2172 1899 tatur
2196 1844 2462 1915 angelos;
2502 1842 2949 1898 evanescitenitn
2985 1843 3188 1897 veteris
3240 1842 3373 1913 legis
3395 1845 3591 1914 gratia,

2009 1950 2130 1989 cum
2166 1949 2319 1989 nova:
2349 1934 2480 2003 legis
2503 1934 2784 2004 apparuit.
2823 1933 3051 1988 Diaconi
3085 1947 3183 1987 ceu
3215 1932 3372 1987 alites
3398 1934 3450 1986 in
3471 1947 3595 1986 cor-

2008 2036 2161 2092 pore,
2195 2023 2517 2092 procedunt,
2573 2036 2725 2076 more
2775 2018 3100 2085 Cherubim,
3155 2020 3249 2090 qui
3292 2020 3349 2075 in
3396 2021 3594 2076 throno

2011 2112 2382 2179 quiescentem
2411 2113 2759 2167 Divinitatem
2790 2121 3029 2183 portant,
3073 2123 3259 2167 sancta
3294 2126 3325 2165 e
3350 2111 3591 2179 prothesi

2011 2204 2062 2257 in
2110 2205 2282 2257 altare
2332 2203 2671 2269 deferuntur,
2717 2212 2774 2257 ut
2825 2203 3093 2272 ﬁguretur
3144 2202 3429 2257 terrestris
3479 2202 3590 2254 vita

2007 2295 2205 2349 Christi
2226 2310 2255 2347 e
2280 2296 2503 2364 praesepi
2529 2297 2594 2349 ad
2608 2294 2951 2362 sepulcrum;
2988 2292 3130 2347 Deus
3164 2306 3379 2362 quoque
3406 2291 3591 2361 Magos

2006 2388 2264 2463 conduxit
2288 2398 2345 2440 ut
2368 2388 2657 2441 adventum
2688 2385 2987 2440 Salvatoris
3016 2387 3065 2438 iu
3120 2399 3285 2438 carne
3320 2383 3588 2447 viderent;

317 2472 488 2526 αὐτοῦ
510 2490 524 2504 ·
562 2473 657 2527 καὶΙ
685 2474 768 2527 ὃτι
793 2475 821 2527 ό
844 2474 976 2538 Θεὸς
1012 2477 1175 2538 αὐτὸς
1214 2478 1306 2530 καὶ
1333 2476 1590 2547 ὠδήγησε
1630 2475 1757 2538 τοὺς
1786 2474 1898 2527 Μά-

2009 2478 2316 2532 oslenditur
2342 2478 2504 2531 etiam
2538 2476 2751 2530 Domini
2775 2476 3026 2530 introitus
3050 2489 3081 2529 a
3112 2473 3375 2529 Bethania
3413 2473 3467 2527 iu
3498 2472 3590 2527 ,Ιο-

316 2578 451 2630 γους
481 2561 607 2616 ίδεῖν
634 2563 736 2634 τὴν
766 2565 824 2617 ἐν
866 2566 1031 2635 σαρκὶ
1055 2565 1219 2619 αὐτοῦ
1270 2566 1407 2637 πρὸς
1436 2566 1586 2636 ἡμᾶς
1634 2565 1903 2633 σωτήριον

317 2651 615 2721 ἐπιδημίαν
637 2668 655 2684 ⁸
688 2653 840 2719 δηλοί
866 2654 1034 2708 δὲκαὶ
1068 2655 1305 2727 τὴν,ἀπδ
1339 2655 1608 2727 Βηθανίας
1647 2653 1782 2724 πρὸς
1805 2652 1903 2723 τὴν

330 2740 685 2816 Ἰερουσαλὴμ
705 2745 798 2798 τοῦ
838 2746 1047 2816 Κυρίου
1072 2745 1417 2801 είσέλευσιν..
1528 2744 1755 2799 Λείπει.

2012 2571 2341 2625 rusalein....
2369 2567 2573 2625 Cretera
2591 2570 2978 2622 desiderantur.
3058 2563 3068 2573 ’

1021 3134 1434 3225 SANCTI
1513 3124 2277 3219 SOPHOBONII
2358 3118 2857 3213 ORATIO.
2928 3156 2937 3163 ε

1502 3311 1699 3380 (ῦοΑιι.
1740 3313 1942 3368 Bimul.
1986 3312 2153 3367 Graec.
2190 3332 2240 3382 ι».
2281 3313 2431 3383 456.)
2534 3298 2541 3361 ί

343 3632 576 3703 Ποίημα
606 3630 949 3701 Σωφρονίου
985 3627 1354 3696 πατριάρχου
1404 3621 1883 3694 Ἰεροσολύμων.“
1915 3623 1961 3684 C

384 3764 558 3836 Τριὰς
613 3760 928 3833 ῦπερούσιε,
958 3756 1293 3827 ὑπεράγαϐε,
1334 3755 1591 3826 ὑπέρθεε,
1627 3753 1893 3807 παντοδύ-

312 3871 474 3925 ναμε,
494 3852 928 3915 παντεπίσκοπε,
944 3850 1165 3921 ἀόρατε,
1200 3846 1572 3917 ἀκατάληπτε,
1591 3842 1894 3916 δημιουργὲ

313 3947 421 3999 τῶν
454 3946 656 4016 νοερῶν
706 3938 926 4006 οὐσιῶν,
976 3943 1072 3995 καὶ
1125 3940 1236 3993 τῶν
1278 3938 1512 4006 λογικῶν
1567 3938 1805 4007 φύσεων,
1858 3936 1892 4004 ἡ

312 4039 551 4107 ἔμφυτος
584 4036 879 4106 ἀγαθότης,
904 4034 966 4088 τὸ
995 4034 1111 4103 φῶς
1142 4033 1203 4085 τὸ
1240 4031 1557 4102 ἀπρόσιτον,
1576 4030 1636 4083 τὸ
1662 4026 1893 4097 φωτίζον

312 4129 492 4182 πάντα
519 4126 806 4197 ἄνθρωπον
851 4124 1152 4197 ἐρχόμενον
1182 4124 1263 4186 είς
1291 4124 1381 4176 τὸν
1406 4123 1610 4190 κόσμον
1632 4136 1646 4151 ο
1677 4118 1891 4187 λάμψον

313 4217 484 4285 κάμοὶ
507 4216 584 4284 τῷ
624 4215 829 4284 ἀναξίῳ
862 4215 1034 4284 δούλῳ
1068 4230 1185 4276 σου,
1222 4208 1457 4279 φὼητισόν
1507 4224 1609 4278 μου
1647 4208 1744 4274 τῆς
1774 4204 1891 4256 δια-

311 4308 460 4370 νυίας
510 4307 577 4359 τὰ
611 4307 874 4375 ὄμματα,
929 4307 1077 4367 ὅπως
1115 4304 1425 4372 ἅνυμνῆσαι
1480 4299 1738 4368 τολμήσω
1791 4295 1891 4366 τὴν

312 4397 551 4467 ἄμετρον
578 4396 899 4466 εὐεργεσίαν
924 4395 1014 4448 καὶ
1047 4395 1301 4461 δύναμιν.
1345 4391 1756 4463 Εὐπρόσδεκτος
1795 4404 1890 4456 γε·

310 4489 486 4543 νέσθω
513 4490 544 4558 ἡ
578 4492 711 4559 παρ’
740 4486 875 4557 ἐμοῦ
909 4487 1093 4556 δέησις
1122 4486 1211 4538 διὰ
1238 4485 1327 4538 τὸν
1355 4482 1686 4554 παρεστῶτα
1726 4479 1853 4533 λαόν
1872 4496 1884 4509 ·

308 4582 458 4643 ὅπως
490 4580 558 4634 τὰ
610 4578 1062 4650 πλημμελήματα
1096 4594 1197 4647 μου
1249 4576 1324 4646 μὴ
1345 4574 1667 4629 κωλύσωσιν
1702 4570 1888 4625 ἐνθάδε

313 4668 719 4739 παραγενέσθαι
762 4669 823 4721 τὸ
854 4666 1010 4734 ἅγιόν
1042 4683 1135 4719 σου
1170 4666 1418 4736 Πνεῦμα.
1468 4664 1629 4717 Ἀλλὰ
1676 4661 1887 4732 συγχώ-

313 4760 477 4828 ρησόν
508 4776 598 4828 μοι
625 4756 1013 4827 ἀκατακρίτως
1046 4755 1177 4825 βοᾷν
1203 4772 1286 4807 σοι
1321 4754 1417 4807 καὶ
1447 4753 1740 4821 λέγεινκαὶ
1771 4751 1887 4814 νῦν,

238 4866 247 4873 ·
310 4850 648 4919 ὑπεράγαθε,
700 4849 1007 4917 Δοξάζομέν
1060 4864 1141 4908 σε,
1192 4847 1467 4906 Δέσποτα,
1519 4843 1886 4919 φιλάνθρωπε,

2098 3613 2246 3685 Opus
2273 3612 2559 3681 Sopltronit'
2596 3611 2917 3675 patriarcha
2954 3613 3470 3684 Hierosolymorum.

2070 3745 2319 3799 Trinitas
2347 3736 2921 3812 supersubstantialis,
2939 3760 3067 3800 vere
3096 3745 3260 3809 bona,
3311 3761 3439 3801 vere
3497 3748 3582 3801 dl-

2001 3841 2147 3902 vina,
2209 3839 2574 3906 omnipotens,
2603 3837 2789 3891 omnia
2843 3853 3102 3901 cernens,
3134 3838 3438 3903 invisibilis,
3494 3839 3581 3892 iu-

2000 3931 2419 4000 comprehensa,
2438 3927 2868 3983 substantiarum
2902 3929 3346 3984 intellectualium
3370 3939 3587 3984 natura

1999 4022 2205 4090 Opifex,
2250 4022 2466 4076 bonitas
2519 4020 2705 4084 insita,
2758 4019 2941 4076 lumen
2991 4021 3328 4076 inaccessum
3360 4034 3613 4077 omnem"

1992 4113 2274 4166 hominem
2316 4113 2622 4165 venientem
2657 4112 2708 4165 in
2745 4112 2892 4166 hunc
2926 4114 3183 4166 mundum
3219 4113 3574 4166 illuminans:

2000 4203 2199 4258 irradia
2249 4216 2466 4273 quoque
2490 4203 2621 4256 mihi
2652 4218 2813 4256 servo
2855 4213 2944 4256 tuo
2979 4205 3220 4272 indigno,
3255 4218 3309 4257 et
3379 4204 3583 4258 mentis
3632 4234 3635 4237 -

1999 4314 2133 4352 mea:
2166 4300 2349 4353 oculos
2411 4298 2638 4364 illustra,
2673 4308 2732 4349 ut
2781 4298 3108 4353 immensum
3151 4298 3472 4351 beneﬁcium
3522 4309 3574 4353 et

2000 4388 2251 4442 virtutem
2290 4388 2570 4442 celebrare
2592 4385 2880 4459 aggrediar
2911 4404 2925 4453 ;
2955 4398 3174 4458 accepta
3231 4388 3321 4441 ﬁat
3356 4397 3578 4457 propter

1998 4489 2267 4533 astantem
2301 4479 2553 4549 populum
2588 4493 2707 4533 mea
2754 4480 3104 4549 supplicatio,
3138 4494 3204 4535 ne
3259 4483 3362 4535 huc
3411 4482 3583 4534 adve—

1999 4572 2233 4626 nientem
2268 4571 2531 4641 Spiritum
2572 4580 2720 4623 tuum
2769 4582 3017 4625 sanctum
3050 4582 3269 4641 peccata
3297 4587 3413 4625 mea
3439 4587 3586 4640 prm-u

1997 4662 2259 4732 pediant:
2298 4664 2391 4717 sed
2422 4672 2473 4715 et
2508 4661 2761 4731 permitte
2796 4663 2925 4716 mihi
2962 4663 3233 4732 inculpate
3267 4663 3333 4716 ad
3371 4674 3422 4716 te
3462 4664 3574 4715 cla-

1997 4770 2171 4818 mare,
2202 4753 2684 4822 etdicere:Snper
2722 4769 2913 4809 omnes
2957 4755 3117 4816 bone,
3184 4753 3464 4813 lantlanms
3497 4761 3579 4814 te,

1998 4845 2229 4913 benigne
2264 4844 2516 4906 Domine,
2559 4844 2926 4911 onmipotcns,
2979 4858 3071 4895 rex
3128 4851 3347 4903 mter-ue,
3388 4841 3573 4893 landu-

309 4917 718 5010 παντοκράτορ,
755 4937 1049 5007 προαιὼνιε
1096 4934 1342 5005 βασιλεῦ,
1374 4917 1671 5000 δοξάζομεν
1707 4947 1765 4982 σε
1797 4931 1888 4982 τὸν

2005 4948 2118 4985 mus
2151 4941 2201 4984 te
2227 4930 2568 4994 Creatorem,
2601 4926 2656 4983 et
2706 4931 2889 4984 mundi
2925 4929 3209 4997 Opiﬁcem.
3262 4927 3579 4982 Laudamus

309 5033 572 5101 κτίστην,
607 5032 698 5083 καὶ
725 5029 1065 5099 Δημιουργὸν
1105 5027 1198 5079 τοῦ
1248 5026 1470 5088 παντός’
1506 5021 1800 5091 δοξάζομεν
1828 5038 1886 5072 σε

305 5125 399 5177 τδν
432 5123 684 5191 ἀπάτορα
716 5122 781 5173 ἐκ
836 5119 1062 5189 μητρὸς,
1116 5119 1211 5170 καὶ
1250 5118 1501 5185 ἀμήτορα
1545 5115 1608 5164 ἐκ
1659 5109 1887 5180 πατρός.

317 5215 408 5268 Ἐν
439 5214 549 5282 γὰρ
578 5214 643 5281 τῇ
694 5208 1044 5282 προλαϐούση
1076 5209 1260 5279 ἑορτῇ,
1305 5201 1498 5272 νήπιόν
1525 5216 1589 5252 σε
1631 5198 1847 5268 εἴδομεν
1870 5211 1884 5226 '

304 5309 364 5359 ἐν
402 5306 460 5358 δὲ
480 5280 546 5374 τῇ
585 5280 861 5373 παρούσῃ,
896 5280 1101 5352 τέλειόν
1142 5315 1201 5351 σε
1231 5295 1446 5368 ὁρῶμεν
1471 5292 1564 5345 τὸν
1584 5291 1647 5342 ἐκ
1677 5288 1884 5341 τελείου

302 5398 511 5452 τέλειον
547 5391 895 5460 ἐπιφανέντα
936 5390 1069 5443 Θεὸν
1120 5388 1299 5459 ἡμῶν.
1354 5385 1604 5453 Σήμερον
1644 5377 1754 5451 γὰρ
1787 5380 1886 5449 τῆς

302 5488 499 5558 ἑορτῆς
532 5485 665 5554 ἡμῖν
698 5481 905 5547 ἐπέστη
931 5479 1142 5550 καιρὸς,
1169 5479 1259 5531 καὶ
1290 5475 1449 5546 χορὸς
1474 5471 1646 5539 ἁγίων
1683 5470 1885 5538 ἐκκλη-

303 5578 480 5642 σιάζει
509 5577 669 5645 ἡμῖν·
704 5572 797 5625 καὶ
823 5569 1045 5638 ἄγγελοι
1080 5569 1217 5638 μετὰ
1249 5563 1554 5633 ἀνθρώπων
1593 5560 1901 5628 συνεορτά-ο

298 5669 472 5733 ζουσι.
501 5667 750 5738 Σήμερον
775 5662 936 5732 γάρὴ
964 5661 1124 5731 χάρις
1159 5658 1252 5711 τοῦ
1276 5656 1430 5723 ἁγίου
1469 5649 1801 5719 Πνεύματος,
1829 5653 1885 5703 ἐν

1993 5032 2065 5083 te,
2097 5037 2162 5075 ex
2188 5020 2362 5073 niatre
2421 5022 2541 5075 sine
2604 5031 2779 5088 patre,
2817 5033 2871 5074 et
2903 5038 2968 5076 ex
2994 5026 2995 5029 “
3022 5032 3178 5088 patre
3232 5024 3350 5074 sine
3384 5033 3578 5077 'matre

1993 5120 2200 5163 natum.
2231 5108 2440 5163 Praevio
2474 5124 2708 5177 namque
2749 5108 2887 5164 festo
2911 5109 3174 5165 infantem
3207 5121 3257 5165 te
3293 5112 3564 5170 vidimus:

1993 5200 2045 5253 in
2090 5201 2340 5267 pra‘senti
2370 5215 2497 5253 vero
2541 5199 2845 5269 perlectum
2889 5214 2939 5259 te
2986 5201 3282 5267 cernimus,
3324 5217 3388 5255 cx
3445 5215 3570 5269 per—
3674 5266 3675 5269 η

1990 5288 2133 5343 lecto
2161 5289 2326 5344 Deum
2353 5301 2594 5344 nostrum
2630 5291 2930 5361 perfectum
2985 5294 3182 5345 mundo
3200 5291 3575 5346 manifestum.

1995 5379 2169 5434 llodie
2202 5380 2423 5446 etenim,
2468 5380 2723 5459 festivum
2781 5393 2990 5454 tempus
3025 5384 3198 5447 adest,
3255 5391 3308 5437 et
3357 5390 3583 5436 sancto-

1991 5485 2112 5523 rum
2144 5471 2344 5526 chorus
2381 5472 2661 5526 uobiscum
2691 5474 2965 5551 convenit,
3000 5484 3053 5527 et
3076 5473 3250 5541 angeli
3303 5486 3424 5525 cum
3475 5473 3581 5527 ho~

1940 5578 1949 5587 ·
1996 5560 2234 5614 minibus
2269 5559 2542 5614 celebrem
2574 5561 2717 5615 diem
2755 5572 2960 5629 agunt:
2987 5575 3110 5614 nam
3139 5559 3300 5615 hodie
3331 5558 3577 5628 Spiritus

1994 5650 2167 5703 sancti
2207 5651 2404 5721 gratia,
2444 5650 2497 5705 in
2528 5651 2788 5707 001"“:th
2818 5652 2994 5709 forma
3043 5665 3205 5721 Super
3248 5664 3419 5721 aquas
3467 5656 3571 5711 ad.-
