3968 6198
386 248 529 311 4093

1227 248 1287 306 S.
1324 243 1742 305 SOPHRONII
1773 241 2278 303 PATRIARCIUE
2313 242 2718 307 HIEROSOL.

3518 245 3623 308 4'30
3637 242 3660 304 ἰ

388 359 774 419 \'euit.0ritur
812 358 976 415 hodie
1016 358 1107 414 Sol
1165 372 1420 412 occasum
1471 358 1742 419 nesciens,
1771 368 1825 408 ct
1863 354 1968 408 Do-

2084 358 2201 411 εἴδει
2242 364 2571 432 περιστερᾶς
2599 364 2712 425 τοῖς
2756 360 2941 417 ὕδασιν
2969 363 3316 432 ὲπειροίτησε.
3347 361 3600 432 Σήμερον
3633 366 3663 415 δ

384 454 521 529 mini
551 452 669 506 luce
714 451 945 505 mundus
980 449 1345 519 perfunditur.
1397 448 1567 501 Hodie
1622 447 1747 501 luna
1783 448 1973 498 lucidis

390 543 559 595 radiis
582 542 783 595 mundo
809 539 1050 607 cll‘ulget.
1081 527 1390 592 Rutilantes
1416 537 1575 591 hodie
1609 536 1777 591 stellw
1796 537 1973 605 splen-

387 634 521 687 dore
546 632 684 686 lucis
706 634 891 684 orbem
945 629 1243 705 illustrant.
1279 626 1455 682 Hodie
1501 626 1672 681 nubes
1711 627 1975 680 imbribus

384 724 614 792 iustitia:
681 716 1077 774 humanitatem
1130 720 1350 774 cmlitus
1400 718 1663 773 irroraut.
1698 715 1974 770 lucrealtts

389 816 552 871 hodie
605 814 837 881 propria:
863 823 1132 867 creatura:
1189 812 1371 864 manui
1412 817 1603 880 sponte
1630 807 1971 878 supponitur.

389 907 563 962 Hodie
583 907 842 975 propheta
875 914 930 959 et
950 905 1265 957 Pra-cnrsor
1314 902 1380 957 ad
1404 902 1693 955 Dominum
1721 899 1932 953 accedit
1957 915 1968 949 :

385 996 482 1051 sed
527 1003 582 1050 cl
633 1006 871 1049 tremore
926 993 1526 1060 corripitur,‘cerueus
1566 991 1656 1043 Dei
1696 1004 1821 1058 erga
1878 1002 1974 1040 nos

387 1088 842 1142 condesceusnm.
885 1083 1057 1138 Hodie
1084 1082 1340 1136 Jordanis
1398 1080 1596 1136 ﬂuenta
1648 1081 1703 1133 in
1738 1078 1975 1141 medica-

388 1188 592 1241 menta,
647 1176 859 1229 Domini
921 1174 1209 1242 prtesentia
1288 1180 1697 1227 conrertuntnr.
1735 1169 1978 1240 )lystitris

390 1270 551 1324 hodie
592 1269 808 1322 liuentis
844 1268 1024 1322 omnis
1050 1266 1313 1333 irrigatur
1358 1275 1575 1316 natura.
1620 1260 1792 1314 Hodie
1822 1273 1971 1314 mor-

300 1367 307 1373 '
390 1362 581 1415 talium
607 1361 836 1414 crimina
870 1358 1145 1425 ,Jordanis
1190 1358 1329 1411 unda
1365 1356 1769 1426 absterguntur.
1806 1351 1976 1407 Hodie

390 1451 677 1521 paradisus
710 1450 1025 1503 hominibus
1058 1448 1303 1515 aperitur
1352 1456 1403 1499 et
1445 1444 1534 1498 Sol
1560 1443 1789 1512 justitize
1820 1440 1975 1497 nobis

390 1543 598 1599 illucet.
626 1540 801 1596 Hodie
836 1539 1034 1610 p0pulo
1082 1538 1343 1599 Mosaico.
1399 1536 1609 1591 Domini
1666 1534 1973 1604 praesentia.

390 1647 583 1688 amara
606 1632 947 1686 convertitur
978 1644 1137 1697 aqua.
1157 1627 1329 1681 Hodie
1351 1626 1523 1681 veteri
1556 1625 1699 1679 luctu
1736 1623 1974 1684 liberati,

2080 450 2270 514 ἇδυτος
2292 453 2445 523 ἣλιος
2469 454 2734 519 ἀνέτειλε,
2766 455 2861 507 καὶ
2890 456 2915 505 6
2944 456 3148 523 κόσμος
3171 452 3251 523 τῷ
3279 454 3421 521 φωτὶ
3451 455 3662 521 Κυρίου

2083 544 2513 610 καταυγάζεται.
2581 544 2831 615 Σήμερον
2884 545 2917 613 ή
2957 543 3154 615 σελήνη
3204 543 3489 613 λαμπραῖς
3537 546 3662 607 ταῖς

2079 635 2262 686 ἀκτῖσι
2295 634 2374 705 τῷ
2441 637 2632 708 κόσμῳ
2684 625 3269 704 συνεκ).αμπρύνεται.’
3309 636 3558 705 Σήμερον
3610 636 3660 688 οἱ

2079 723 2388 789 φωτοειδεῖς
2420 726 2670 795 ἀστέρες,
2699 729 2767 795 τῇ
2797 725 3115 794 φαιδρότήτι
3146 724 3244 791 τῆς
3276 722 3539 791 regem;
3562 722 3663 791 τήν

2078 816 2407 886 οἰκουμένην
2422 816 2850 882 καλλωπίζουσι.
2880 817 3129 887 Σήμερον
3156 815 3229 867 -αἰ
3255 814 3476 882 νεφέλαι
3506 814 3665 867 ὑετὶν

2081 905 2432 976 δικαιοσύνης
2472 912 2538 978 τῇ
2573 908 2954 978 ἀνθρωπὸτητι
2988 906 3280 976 οὐρανόθεν
3326 905 3663 976 δροσίζουσι.

2081 996 2328 1067 Σήμερον
2357 999 2384 1049 6
2413 999 2666 1062 ἄκτιστος
2696 999 2802 1052 ὑπὸ
2834 999 2941 1072 τοῦ.
2960 998 3091 1052 ἰδίου
3124 997 3461 1064 πλάσματος,
3497 996 3664 1066 βουλῇ

2081 1086 2493 1155 χειρεθετεῖται.
2525 1088 2773 1158 Σήμερον
2806 1089 2835 1140 6
2878 1088 3166 1157 προφήτης
3207 1088 3301 1140 καὶ
3348 1087 3667 1157 Πρόδρομος

2080 1175 2159 1244 τῷ
2183 1176 2427 1245 Δεσπότῃ
2456 1178 2857 1247 προσέρχεται·
2895 1177 3030 1229 ἀλλὰ
3061 1177 3249 1247 τρόμῳ
3301 1176 3664 1246 παρίσταται.

2079 1265 2222 1335 ὁρῶν
2261 1264 2397 1317 Θεοῦ
2449 1265 2585 1336 πρὸς
2619 1267 2766 1336 ἡμᾶς
2819 1265 3250 1333 συγκατάϐασιν.
3294 1264 3547 1333 Σήμερον
3598 1263 3668 1314 τά

2081 1357 2177 1410 τοῦ
2241 1358 2510 1428 Ἰορδάνου
2558 1357 2774 1427 νάματα
2825 1360 2906 1420 εἰς
2942 1359 3147 1428 ἰάματα
3182 1353 3563 1426 μεταποιεῖται
3598 1358 3664 1423 τῇ

2081 1448 2175 1501 τοῦ
2212 1449 2417 1520 Κυρίου
2454 1448 2749 1519 παρουσίᾳ.
2801 1449 3049 1518 Σήμερον
3096 1447 3331 1516 ῥείθροις
3374 1447 3669 1514 μυστικοῖς

2084 1543 2236 1596 πᾶσα
2261 1543 2294 1612 ή
2319 1542 2496 1605 κτίσις
2515 1540 2824 1612 ἀρδεύεται.
2856 1541 3103 1610 Σήμερον
3132 1539 3200 1592 τά
3226 1539 3336 1590 τῶν
3358 1538 3669 1608 ἀνθρώπων

2088 1630 2409 1701 πταίσματα
2440 1633 2550 1694 τοῖς
2583 1629 2738 1683 ὕδασι
2780 1629 2875 1683 τοῦ
2935 1630 3199 1701 Ἰορδάνου
3246 1630 3666 1698 ἅπαλείφονται.

391 1726 539 1778 velut
563 1738 733 1777 novus
766 1721 934 1775 Israel
983 1720 1213 1774 salutem
1246 1718 1387 1771 nacti
1442 1732 1652 1770 sumus.
1690 1714 1860 1769 Hodie
1902 1724 1980 1765 te-

2086 1722 2334 1793 Σήμερον
2360 1724 2388 1774 6
2410 1722 2737 1791 παράδεισος
2762 1722 3035 1792 ήνέῳκται
3063 1724 3175 1783 τοῖς
3204 1718 3536 1788 ἀνθρώποις,
3574 1724 3672 1774 καὶ

392 1815 580 1871 nebris
629 1814 866 1882 exempli
917 1812 1096 1866 divina
1154 1810 1272 1864 luce
1326 1809 1777 1879 splettdescimus.
1809 1805 1977 1860 Hodie

392 1907 605 1963 Domini
636 1906 981 1977 apparitione
1014 1901 1191 1972 caligo
1240 1902 1425 1955 mundi
1468 1909 1822 1969 expurgatur.
1860 1896 1982 1952 Om-

393 2001 480 2056 nis
522 2000 681 2055 hodie
733 2007 987 2051 creatura
1034 2008 1269 2064 superne
1303 1993 1583 2049 scintillat.
1632 1992 1799 2044 Error
1821 1989 1981 2042 hodie

395 2092 754 2146 dissolvitur:
785 2099 839 2142 et
863 2089 1005 2141 viam
1038 2086 1229 2140 salutis
1254 2084 1469 2139 Domini
1503 2088 1771 2138 adventus
1794 2096 1983 2150 Opera-

395 2162 703 2239 tnr.lHodie
735 2196 968 2251 superna
999 2195 1119 2233 cum
1146 2178 1335 2233 inferis
1368 2177 1510 2231 diem
1541 2176 1738 2230 festum
1769 2184 1934 2245 agunt
1962 2191 1976 2225 :

391 2286 444 2330 et
467 2274 636 2330 infera
666 2287 789 2327 cum
833 2270 1083 2341 supernis
1139 2278 1549 2324 conversautur.
1610 2267 1779 2321 Hodie
1826 2280 1981 2320 sacer

389 2376 449 2423 et
476 2379 708 2421 sonoros
739 2362 976 2416 fidelium
1031 2372 1329 2416 cooventus
1382 2358 1640 2413 exsultat.
1674 2356 1843 2411 Hodie
1874 2356 1979 2409 Do-

395 2458 573 2510 minus
600 2456 664 2507 ad
696 2455 1026 2522 baptismum
1073 2450 1369 2511 contendit,
1422 2458 1479 2502 nt
1528 2447 1581 2501 in
1612 2447 1779 2500 altum
1812 2461 1980 2511 genus

395 2548 692 2601 humanum
727 2543 962 2596 attollat.
990 2540 1224 2595 Iullcxus
1248 2539 1507 2594 llomiuus
1556 2537 1717 2592 hodie
1762 2538 1980 2605 proprio

392 2638 596 2692 famulo
640 2635 957 2697 inclinatur,
980 2642 1037 2683 ut
1082 2646 1179 2685 nos
1221 2631 1499 2684 servitutis
1528 2628 1657 2697 jngo
1695 2628 1979 2696 tl=pressos

392 2727 590 2795 erigat.
624 2725 795 2777 llodie
829 2723 1094 2775 cozlorum
1128 2735 1349 2789 regnum
1395 2718 1857 2786 compararimns,
1894 2732 1979 2769 re-

392 2819 482 2888 gni
513 2816 657 2871 enim
690 2816 900 2868 Domini
937 2830 1039 2867 non
1071 2814 1177 2867 erit
1208 2812 1351 2865 linis.
1399 2809 1566 2863 Terra
1596 2818 1649 2863 et
1698 2823 1845 2861 mare
1884 2808 1981 2860 Ito-

396 2908 485 2962 die
521 2908 627 2961 sibi
662 2904 850 2959 tuttndi
877 2905 1135 2974 gaudium
1163 2903 1570 2956 diviscrnutzct
1608 2900 1788 2953 la'titia
1824 2915 1979 2951 mun-

393 3001 495 3053 dus
525 2998 763 3068 repletus
795 3006 899 3051 est.
945 2994 1208 3049 Viderunt
1245 3004 1298 3047 te
1329 3008 1503 3062 aqum,
1529 2991 1692 3055 Ilrus,
1729 2992 2000 3045 vidcrnnt.

2085 1814 2114 1866 6
2139 1813 2239 1883 τῆς
2262 1812 2609 1884 δικαιοσύνης
2639 1813 2829 1876 Ἤλιος
2873 1812 3207 1883 καταυγάζει
3239 1814 3390 1883 ἡμῖν.
3416 1814 3672 1882 Σήμερον

2084 1903 2144 1956 τὸ
2174 1904 2369 1974 πικρὸν
2404 1902 2568 1973 ὕδωρ,
2605 1903 2666 1955 τὸ
2702 1905 2795 1957 ἐπὶ
2824 1903 3128 1966 Μωῦσέως,
3162 1904 3238 1973 τῷ
3268 1903 3384 1973 λαῷ
3427 1906 3509 1966 εἰς
3534 1903 3670 1971 γλυ-

2084 1995 2295 2067 κύτητα
2327 1998 2799 2066 μεταποιεῖταιτῇ
2841 1993 2935 2047 τοῦ
2981 1994 3186 2065 Κυρίου
3220 1996 3519 2066 παρουσίᾳ.
3569 1996 3677 2064 Σή-

2088 2106 2254 2159 μερον
2281 2091 2375 2141 τοῦ
2406 2087 2639 2142 παλαιοῦ
2663 2087 2863 2160 θρήνου
2886 2088 3306 2159 ἀπηλλάγημεν,
3336 2090 3432 2143 καὶ
3451 2089 3529 2152 ὡς
3549 2090 3674 2151 νέος

2098 2180 2318 2251 Ἰσραὴλ
2345 2178 2709 2250 διεσώθημεν.
2752 2173 3000 2250 Σήμε’ρον
3045 2178 3140 2232 τοῦ
3169 2179 3395 2243 σκότους
3422 2179 3671 2251 ἐλυτρώ-

2086 2272 2284 2342 θημεν,
2316 2272 2411 2325 καὶ
2438 2271 2516 2341 τῷ
2542 2272 2681 2341 φωτὶ
2707 2270 3156 2341 τῆςθεογνωσίας
3180 2271 3670 2340 καταυγαζόμεθα.

2085 2363 2332 2433 Σήμερον
2355 2364 2388 2431 ή
2419 2363 2587 2432 ἀχλὺς
2634 2361 2729 2415 τοῦ
2759 2362 2965 2432 κόσμου
3001 2361 3324 2432 καθαίρεται
3358 2363 3425 2431 τῇ
3468 2364 3674 2430 ἐπιφα-

2090 2451 2208 2523 νείᾳ
2231 2451 2325 2504 τοῦ
2349 2452 2485 2504 Θεοῦ
2538 2452 2714 2522 ήμῶν.
2749 2452 2995 2523 Σήμερον
3029 2450 3483 2520 λαμπαδοφεγγεῖ
3515 2455 3675 2505 πᾶσα

2085 2544 2117 2611 ή
2144 2543 2324 2605 κτίσις
2347 2541 2575 2597 ἄνωθεν.
2605 2539 2858 2613 Σήμερον
2889 2546 2922 2611 ή
2955 2542 3133 2611 πλάνη
3172 2542 3545 2611 κατήργηται,
3577 2542 3675 2594 καὶ

2085 2634 2203 2687 ὁδὸν
2256 2636 2388 2705 ήμῖν
2449 2634 2724 2704 σωτηρίας
2784 2632 3078 2703 ἐργάζεται
3153 2633 3187 2703 ή
3231 2632 3325 2685 τοῦ
3389 2634 3676 2685 Δεσπὸτου

2082 2726 2394 2788 ὲπέλευσις.
2430 2727 2680 2795 Σήμερον
2714 2725 2779 2778 τὰ
2828 2725 2941 2778 ἄνω
2964 2726 3074 2787 τοῖς
3105 2724 3255 2777 κάτω
3293 2723 3675 2793 συνεορτάζει,

2084 2817 2177 2869 καὶ
2204 2816 2271 2869 τὰ
2319 2816 2471 2868 κάτω
2511 2818 2624 2878 τοῖς
2660 2815 2777 2869 ἄνω
2825 2814 3125 2885 συνομιλεί.
3181 2816 3499 2886 Σήμερονή
3548 2816 3679 2885 ἱερὰ

2085 2907 2469 2977 μεγαλόφωνος
2519 2906 2628 2960 τῶν
2656 2905 2952 2977 ὀρθοδόξων
2996 2907 3304 2977 πανήγυρις
3349 2905 3674 2975 ἀγάλλεται.

2080 3000 2329 3071 Σήμερον
2360 3002 2388 3053 6
2431 3000 2709 3068 Δεσπότης
2744 2998 2877 3069 πρὸς
2925 2999 2986 3051 τὸ
3034 2998 3317 3069 βάπτισμα
3363 2997 3677 3067 ἐπείγεται,

394 3098 448 3143 te
511 3104 686 3157 aquae,
749 3097 804 3141 et
851 3087 1171 3141 timuerunt.
1230 3083 1485 3138 Jordanis
1534 3097 1830 3137 cottvetsus
1895 3092 1974 3136 est

2084 3091 2172 3144 ἵνα
2203 3089 2511 3161 ἀναϐιϐάσῃ
2535 3091 2669 3159 πρὸς
2702 3088 2833 3158 ῦῴος
2859 3088 2919 3141 τὸ
2957 3088 3319 3160 ἀνθρώπινον.
3352 3090 3609 3159 Σήμερον
3650 3092 3681 3142 ὁ

402 3191 733 3241 retrorsum,
788 3178 964 3246 ignem
1035 3175 1266 3230 Deitatis
1307 3175 1539 3244 intuitus
1616 3174 1975 3243 corporaliter

395 3273 842 3331 descendentem,
865 3278 917 3321 et
943 3268 995 3319 in
1033 3282 1090 3319 se
1112 3267 1533 3321 subintrautcm.
1566 3263 1819 3318 Jordauis
1845 3279 1974 3317 con-

396 3376 588 3416 versus
642 3370 725 3413 est
763 3370 1086 3424 retrorsum,
1120 3357 1386 3427 Spiritum
1426 3368 1683 3411 sanctum
1729 3367 1975 3411 contem-

399 3450 576 3519 platus
605 3449 657 3501 in
678 3448 944 3502 columbae
976 3447 1148 3501 forma
1182 3447 1572 3510 demissum,et
1601 3447 1693 3499 tibi
1739 3447 1977 3500 circum-

396 3540 733 3594 volitantem.
750 3535 1003 3590 Jordanis
1017 3551 1311 3590 conversus
1326 3545 1409 3590 est
1430 3538 1976 3600 retrorsum,edoctns

396 3626 564 3683 Deum
617 3625 969 3688 invisibilem,
1027 3624 1292 3679 visibilem
1346 3624 1548 3678 factum
1600 3644 1614 3679 :
1664 3625 1976 3680 Creatorem

298 3767 308 3774 .
397 3723 761 3783 iucarnatum,
837 3717 1122 3772 Dominum
1181 3719 1235 3771 in
1286 3718 1428 3771 servi
1510 3718 1695 3771 habitu
1758 3719 1981 3772 demon-

397 3822 649 3867 stratum.
668 3810 924 3865 Iordanis
954 3824 1256 3865 conversus
1284 3818 1371 3861 est
1403 3817 1725 3875 retrorsum,
1744 3818 1798 3862 el
1826 3824 1980 3861 tuon-

397 3911 480 3957 tes
507 3902 937 3964 exsultaveruut,
967 3902 1133 3954 Deum
1159 3900 1212 3953 itt
1248 3914 1415 3953 carne
1446 3909 1752 3953 cernentes.
1780 3896 1977 3953 Vocem

397 3999 562 4050 etiam
592 3996 857 4051 dederunt
887 3996 1084 4060 nubes,
1110 3992 1395 4047 admirata:
1422 4006 1545 4045 eum
1571 3991 1661 4060 qui
1681 3992 1979 4054 adveniret,

398 4091 579 4142 lumen
634 4090 701 4143 de
746 4090 975 4150 lumine,
1018 4086 1185 4141 Deum
1217 4100 1404 4139 verum
1447 4085 1511 4138 de
1546 4082 1656 4138 Deo
1690 4099 1839 4138 vero.
1876 4083 1980 4137 Do-

399 4181 658 4234 minicatn
688 4180 1062 4234 celebritatem
1093 4178 1254 4232 hodie
1296 4178 1349 4231 iu
1384 4175 1622 4231 Jordanc
1647 4176 1982 4244 contempla-

397 4290 518 4327 mur
548 4291 561 4326 :
594 4274 766 4342 ipsum
805 4288 956 4335 vero,
1000 4269 1457 4340 transgressionis
1489 4278 1741 4332 mortem,
1780 4270 1984 4322 erroris

395 4362 700 4429 stimulum,
733 4362 928 4416 inferni
956 4376 1182 4424 nexum,
1212 4358 1521 4414 ittJordane
1556 4360 1981 4427 demergentem,

2079 3178 2306 3250 ἀκλινὴς
2358 3179 2437 3250 τῷ
2474 3178 2590 3250 ἰδίῳ
2625 3182 2815 3250 οἰκέτῃ
2860 3180 3234 3244 ὑποκλίνεται,
3276 3179 3365 3233 ἵνα
3412 3182 3568 3250 ήμᾶς
3613 3184 3680 3233 ἐκ

2077 3264 2178 3334 τῆς
2219 3265 2464 3327 δουλείας
2510 3265 2877 3338 ἐλευθερώσῃ.
2911 3268 3164 3337 Σήμερον
3189 3267 3469 3339 βασιλείαν
3497 3272 3679 3340 οὐρα-

2082 3358 2188 3410 νῶν
2212 3358 2547 3430 ὼνησάμεθα
2573 3375 2587 3389 ο
2616 3359 2718 3427 τῆς
2757 3362 2866 3429 γὰρ
2908 3358 3190 3429 βασιλείας
3218 3357 3312 3411 τοῦ
3343 3352 3556 3430 Κυρίου
3573 3360 3675 3411 οὐκ

2082 3450 2234 3503 ἔσται
2282 3450 2455 3513 τέλος.
2518 3450 2766 3521 Σήμερον
2816 3451 2887 3521 γῆ
2947 3450 3043 3503 καὶ
3097 3450 3360 3511 θάλασσα,
3420 3448 3519 3519 τήν
3578 3448 3676 3501 τοῦ

2087 3543 2293 3612 κόσμου
2325 3541 2497 3612 χαρὰν
2529 3540 2882 3611 ἐμερίσαντο,
2922 3543 3016 3595 καλ⁴
3043 3542 3071 3595 6
3096 3540 3298 3610 κόσμος
3322 3539 3679 3609 εὑφροσύνης

2074 3622 2446 3703 ’πεπλήρωται
2465 3648 2480 3661 ’
2530 3632 2741 3685 εἰδοσάν
2770 3649 2832 3685 σε
2881 3632 3051 3686 ὕδατα
3077 3672 3092 3694 ,
3114 3633 3142 3687 ὁ
3170 3632 3333 3694 Θεὸς,
3365 3631 3583 3683 εἰδοσάν
3613 3647 3679 3682 σε

2087 3724 2397 3791 ὖδχτα,καὶ
2450 3723 2824 3795 ἐφοϐήθησαν.
2869 3724 2929 3777 '0
2976 3724 3247 3794 Ἰορδάνης
3293 3722 3543 3792 ἐστράφη
3593 3724 3680 3784 ei;

2086 3816 2153 3869 τὰ
2193 3815 2376 3870 ὀπίσω
2416 3815 2756 3886 θεασάμενος
2782 3814 2843 3868 τὸ
2876 3814 2990 3884 πῦρ
3022 3816 3118 3885 τῆς
3152 3815 3405 3883 θεότητος
3427 3830 3681 3882 σωματι-

2092 3907 2204 3969 κῶς
2236 3907 2658 3977 κατερχόμενον,
2693 3908 2788 3959 καὶ⁹
2839 3907 3222 3976 εἰσερχόμενον
3254 3905 3339 3958 ἐπ’
3390 3906 3545 3957 αὐτό.
3612 3904 3679 3955 'U

2100 3996 2371 4067 Ἰορδάνης
2405 3996 2653 4067 ἐστράφη
2694 3999 2774 4059 εἰς
2804 3996 2870 4050 τὰ
2898 3997 3076 4049 ὀπίσω
3102 3996 3325 4067 θεωρῶν
3354 3995 3415 4047 τὸ
3442 3992 3680 4064 Πνεῦμα

2087 4088 2147 4143 τὸ
2190 4089 2347 4157 ἅγιον
2402 4090 2460 4141 ἐν
2503 4089 2635 4142 εἱδει
2685 4091 3019 4160 περιστερᾶς
3085 4087 3519 4157 κατερχόμενον,
3574 4089 3678 4139 καὶ

2090 4179 2530 4249 περιιπτάμενὸν
2588 4196 2693 4232 σοι.
2759 4179 2817 4231 '0
2874 4178 3143 4249 Ἰορδάνης
3177 4179 3423 4249 ἐστράφη
3456 4179 3537 4239 εἰς
3603 4178 3680 4229 τά

2088 4274 2291 4337 ὀπίσω,
2343 4270 2485 4343 ὁρῶν
2529 4272 2621 4325 τὸν
2658 4270 2891 4342 ἀόρατον
2936 4271 3233 4341 ὁραθέντα,
3284 4270 3375 4323 τὸν
3426 4271 3679 4338 κτίστην

2090 4352 2481 4431 σαρκωθέντα,
2549 4362 2641 4415 τὸν
2688 4360 2967 4431 Δεσπότην
3022 4361 3080 4413 ἐν
3111 4360 3307 4413 Δούλου
3339 4362 3542 4430 μορφῇ.
3613 4359 3680 4409 '0

394 4461 449 4506 et
479 4452 675 4506 salutis
731 4453 1009 4505 lavacrum
1064 4450 1265 4505 mundo
1303 4450 1681 4520 elargieutem.
1736 4447 1889 4503 Unde
1930 4459 1983 4502 et

2108 4454 2383 4525 Ἰορδάνης
2412 4452 2659 4523 ἐστράφη
2679 4454 2759 4515 εἰς
2780 4452 2849 4504 τὰ
2871 4440 3189 4516 όπίσωξκαὶ
3209 4454 3275 4505 τὰ
3290 4452 3392 4523 ὅρη
3411 4451 3671 4520 ἐσκίρτη-

394 4558 497 4613 ego
555 4554 810 4611 peccator
864 4553 919 4598 et
973 4542 1228 4613 indignus
1286 4557 1479 4596 servus
1532 4552 1657 4596 tuus
1711 4539 1979 4609 tuagtialia

396 4634 785 4688 miraculorum
846 4644 1058 4688 tuorum
1108 4648 1394 4698 enarraus,
1426 4634 1621 4689 timore
1675 4643 1974 4705 correptus,

398 4724 452 4778 in
479 4729 896 4796 compunctioue
931 4727 1025 4780 tihi
1059 4726 1328 4792 exclamo,
1354 4737 1462 4781 etc.

2091 4562 2211 4609 trav,
2252 4543 2384 4596 Θεὸν
2427 4544 2488 4595 ὲν
2526 4543 2690 4611 σαρκὶ
2714 4542 3055 4613 καθορῶντα.
3092 4543 3203 4598 Kal.
3228 4542 3448 4612 νεφέλαι
3484 4541 3677 4611 φωνήν

2089 4635 2319 4700 ἔδωκαν,
2360 4633 2746 4705 θαυμάζουσαι
2797 4636 2887 4688 τὸν
2929 4635 3414 4707 παραγενόμενον,
3438 4635 3555 4702 φῶς
3606 4636 3677 4684 ἐκ

2091 4727 2289 4797 φωτὸς,
2329 4726 2462 4778 Θεὸν
2504 4725 2781 4796 ἀληθινὸν,
2834 4728 2899 4780 ὲκ
2926 4726 3057 4780 Θεοῦ
3090 4726 3368 4797 ἀληθινοῦ,
3402 4728 3673 4777 Δεσποτι-

398 4819 502 4888 κήν
537 4820 849 4891 πανήγυριν
892 4820 1141 4901 ρήμερον
1189 4819 1249 4870 ἐν
1299 4818 1378 4889 τῷ
1425 4817 1662 4889 Ἰορδάνῃ
1716 4816 1967 4889 ὁρῶμεν,
2021 4819 2183 4872 αὑτὸν
2243 4817 2301 4870 δὲ
2334 4818 2426 4869 τὸν
2472 4818 2570 4887 τῆς
2623 4819 2913 4889 παρακοῆς
2943 4817 3176 4872 θάνατον
3194 4819 3287 4872 καὶ
3317 4818 3378 4871 τὸ
3410 4817 3508 4885 τῆς
3532 4814 3677 4868 nici-

397 4924 495 4980 νης
548 4908 799 4979 κέντρον,
857 4909 953 4962 καὶ
996 4908 1087 4962 τὸν
1132 4906 1227 4960 τοῦ
1288 4906 1416 4979 ᾅδου
1463 4908 1759 4978 σύνδεσμον
1823 4910 1880 4961 ὲν
1931 4908 2010 4979 τῷ
2072 4908 2310 4979 Ἰορδάνῃ
2363 4907 2690 4978 βυθίσαντα,
2756 4910 2852 4964 καὶ
2908 4909 3199 4981 βάπτισμα
3258 4910 3533 4980 σωτηρίας
3588 4909 3675 4982 τῷ

395 4999 589 5070 κόσμῳ
629 4998 1036 5071 θωρησάμενον.
1079 5000 1240 5054 Ὅθεν
1265 4999 1423 5069 κάγὼ
1454 5003 1483 5054 ό
1517 5002 1839 5072 ἁμαρτωλὸς
1877 5004 1972 5055 καὶ
2002 5001 2218 5067 ἀνάξιος
2245 5001 2431 5065 δοῦλός
2460 5019 2577 5067 σου,
2627 5002 2697 5057 τὰ
2766 5004 3035 5073 μεγαλεῖα
3074 5005 3183 5059 τῶν
3242 5005 3538 5075 θαυμάτων
3570 5020 3672 5059 σου

396 5092 777 5164 διηγούμενος,
808 5095 1167 5165 συνεχόμενος
1198 5093 1349 5164 φόϐῳ
1370 5134 1385 5161 ,
1418 5095 1475 5147 ἐν
1513 5094 1802 5159 κατανύξει
1858 5095 1966 5165 βοῶ
1994 5112 2097 5160 σοι,
2140 5112 2195 5149 κ.
2225 5111 2279 5148 τ.
2315 5095 2364 5149 λ.
