3968 6198
273 220 403 283 ιοοδ

1639 198 2108 263 TROPARIUM.
2209 173 2212 177 ’

3318 151 3323 155 ’
3358 177 3508 240 tceo

1212 423 1857 543 .TPOHAPION
1929 417 2157 506 ΤΩΝ
2234 411 2552 499 ΩΡΩΝ,

1285 592 1561 648 ΠΟΙΗΜΑ
1598 583 1981 643 ΣΩΦΡΟΝΙΟΥ
2018 574 2529 637 ΙΕΡΟΣΟΛΥΜΩΝ.

1235 787 1937 887 TBOPARIUM
2011 775 2595 873 HORARUM
2662 861 2666 865 ,

1131 976 1323 1039 OPUS
1382 966 1818 1034 SOPHRONII
1876 951 2665 1025 HIEROSOLYMITANI.

657 1135 730 1187 'H
765 1129 963 1201 πρώτη
1000 1127 1139 1194 ὥρα,
1180 1120 1331 1193 ἦχος
1368 1119 1483 1174 πεδ’.

355 1227 622 1298 Βηθλεέμ,
671 1223 985 1293 ἐτοιμάζου,
1018 1214 1423 1290 εὐτρεπιζέσθω
1472 1213 1506 1281 ἡ
1537 1210 1746 1280 φάτνη·
1802 1204 1863 1259 τὸ

288 1321 550 1391 σπήλαιον
586 1315 860 1385 δεχέσθω’
894 1315 926 1381 ή
963 1310 1189 1379 ἀλήθεια
1221 1303 1405 1377 ἦλθεν,
1458 1305 1492 1373 ή
1540 1300 1668 1355 σκιά
1718 1314 1863 1391 παρ-

287 1387 553 1481 έδραμεν,
585 1407 678 1459 καὶ
706 1403 838 1465 Θεὸς
870 1400 1177 1472 ἀνθρώποις
1220 1400 1283 1450 ἐκ
1315 1393 1591 1466 Παρθένου
1625 1387 1865 1457 πεφανέ-

291 1478 459 1571 pou-rat
522 1494 831 1567 μορφωθεῒς
884 1492 945 1544 τδ
993 1490 1123 1543 καθ*
1171 1490 1348 1558 ἡμᾶς·
1402 1485 1499 1540 καὶ
1545 1482 1756 1571 θεῴσας
1805 1478 1868 1571 τὸ

289 1569 628 1659 έπρόσλημμα
648 1600 662 1614 ⁸
693 1584 775 1637 διὸ
810 1581 981 1651 ’Λδάμ
1000 1579 1318 1638 ὰνανεοῦται
1342 1577 1437 1629 σὺν
1465 1577 1529 1643 τῇ
1560 1570 1701 1642 Εὖᾳο
1728 1569 1867 1639 κρά-

292 1677 652 1744 ζοντεςοἜπὶ
702 1676 806 1745 γῆς
851 1672 1068 1726 εὐδοκία
1094 1670 1338 1739 ἐπεφάνη
1390 1666 1560 1719 σῶσαι
1609 1663 1672 1717 τὸ
1715 1662 1869 1730 γένος

292 1769 477 1840 ήμῶν.

362 1855 497 1925 Ἦχ.
535 1863 603 1926 γ’.
641 1855 755 1908 Νῦν
805 1850 1118 1924 προφητικὴ
1165 1849 1471 1919 πρόρρησις
1520 1842 1870 1914 πληρωθῆναι

294 1946 579 2013 ἐπείγεται
620 1943 894 2013 μυστικῶς
945 1944 978 2010 ή
1031 1942 1334 2009 φάσκουσα,
1369 1955 1386 1987 ι
1427 1935 1498 1987 Σὺ
1527 1933 1773 2003 Βηθλεέμ
1801 1930 1872 2000 γῆ

307 2034 504 2099 Ἰούδα,
534 2033 691 2099 ούδα,
710 2032 784 2095 ῶς
812 2031 1075 2100 ὑπάρχεις
1108 2028 1364 2097 ἐλαχίστη
1398 2026 1454 2077 ἐν
1482 2026 1592 2085 τοῖς
1620 2021 1873 2091 ἡγεμόσι,

297 2125 806 2196 προευτρεπίζουσα
851 2123 912 2175 τὸ
945 2120 1209 2191 σπήλαιον
1230 2135 1246 2151 ’
1277 2119 1341 2170 ἐκ
1391 2116 1486 2169 σοῦ
1514 2115 1625 2186 γάρ
1670 2131 1759 2183 μοι
1791 2112 1877 2176 ἑξ-

298 2198 906 2284 ελεύσεταιήγούμενος
934 2212 1042 2265 τῶν
1066 2210 1235 2265 ἐθνῶν
1263 2209 1352 2262 διὰ
1376 2207 1602 2277 σαρκὸς,
1634 2207 1699 2258 ἐκ
1730 2207 1878 2275 Παρ-

302 2300 461 2353 θένου
510 2299 676 2369 κόρης
726 2299 959 2369 Χριστὸς
988 2300 1017 2351 6
1045 2298 1198 2364 Θεὸς,
1230 2297 1289 2361 ὃς
1331 2298 1589 2367 ποιμανεῖ
1632 2294 1724 2346 τὸν
1752 2292 1879 2345 λαὸν

301 2390 471 2443 αὐτοῦ
491 2391 580 2445 τὸν
608 2391 724 2442 νέον
756 2389 987 2461 Ἰσραήλ⁸
1019 2408 1038 2442 ι
1076 2390 1256 2460 δῶμεν
1282 2389 1431 2459 αὑτῷ
1450 2390 1684 2449 ἅπαντες
1711 2401 1879 2454 μεγα-

303 2480 571 2550 λωσύνην.
606 2483 769 2547 Στιχ.
800 2481 991 2546 Κύριε,
1028 2480 1376 2546 εὶσακήκοα,
1407 2480 1511 2543 δυ’,
1544 2474 1644 2548 ἦχ.
1690 2477 1791 2530 πδ.
1828 2471 1833 2475 ’

378 2568 517 2622 Τάδε
553 2568 699 2636 λέγει
734 2568 927 2638 Ἰωσὴφ
959 2568 1095 2640 πρὸς
1131 2570 1230 2638 τὴν
1265 2567 1576 2639 Παρθένον
1610 2566 1798 2635 Μαρία
1831 2564 1883 2617 τί
1953 2576 1957 2580 ‘

303 2661 366 2714 τὶ
398 2661 583 2730 δρᾶμα
612 2660 789 2726 τοῦτο,
817 2658 845 2711 6
872 2663 928 2713 ἐν
956 2661 1039 2713 σοὶ
1063 2660 1359 2728 τεθέαμαι;
1403 2657 1636 2730 Ἀπορῶ,
1673 2659 1764 2711 καὶ
1795 2655 1884 2721 ἐξ·

310 2751 556 2820 ίσταμαι,
585 2751 679 2803 καὶ
710 2751 801 2802 τὸν
830 2750 953 2804 νοῦν
988 2753 1437 2822 καταπλήττομαι
1456 2768 1470 2782 ο
1503 2751 1677 2820 λάθρα
1707 2751 1885 2803 τοίνυν

308 2842 403 2895 ἀπ’
433 2840 569 2911 ἐμοῦ
600 2840 758 2909 γενοῦ
797 2844 853 2893 ἐν
882 2842 1070 2911 τάχει·
1103 2844 1312 2914 Μαρία,
1344 2844 1397 2895 τί
1431 2843 1491 2895 τὸ
1523 2843 1702 2911 δρᾶμα
1732 2840 1888 2893 τοῦτο

308 2934 338 2986 ὃ
393 2936 452 2986 ἐν
498 2934 585 2985 col.
630 2932 923 3001 τεθέαμαι;
963 2935 1107 2988 ’Λντὶ
1136 2935 1302 3004 τιμῆς
1348 2934 1630 3004 αίσχύνην,
1660 2933 1775 2986 ἀντ’
1801 2932 1890 2985 εύ-

311 3025 587 3108 φροσύνης
621 3023 718 3094 τὴν
753 3024 950 3094 λύπην,
980 3026 1098 3078 ἀντὶ⁵
1120 3026 1212 3078 τοῦ
1240 3026 1575 3078 ἐπαινεῖσθαι
1600 3025 1691 3077 τὸν
1723 3024 1889 3092 ψόγον

315 3134 407 3186 μοι
439 3115 824 3191 προσήγαγες·
870 3115 1051 3168 οὐκέτι
1085 3118 1234 3184 φέρω
1261 3117 1444 3169 λοιπὸν
1477 3117 1536 3168 τὸ
1569 3116 1767 3177 δνειδος
1800 3117 1892 3167 ἁν-

315 3204 583 3276 θριῖιπων⁸
615 3203 719 3256 ὑπὸ
753 3202 857 3273 γὰρ
888 3204 1076 3273 ἱερέων
1105 3207 1167 3257 ἐκ
1204 3205 1296 3258 τοῦ
1342 3208 1468 3259 ναοῦ
1500 3206 1572 3267 ὡς
1604 3205 1891 3275 ἄμεμπτον

315 3295 523 3364 Κυρίου
560 3310 619 3347 σε
649 3293 953 3362 παρέλαϐον
976 3313 989 3325 θ
1022 3296 1116 3347 καὶ
1143 3296 1195 3347 τί
1237 3297 1297 3349 τὸ
1321 3294 1631 3366 ὁρώμενον;
1660 3297 1770 3348 Καὶ
1799 3294 1891 3347 νῦν

314 3389 377 3440 τὸ
405 3387 558 3442 αὑτό.

829 3480 973 3545 Ὥρα
1010 3484 1081 3547 γ’,
1122 3478 1227 3545 ἧκ.
1268 3476 1391 3540 πβ’.

391 3564 559 3633 Οὗτος
589 3570 618 3622 6
646 3569 778 3631 Θεὸς
818 3570 974 3640 ἡμῶν
994 3611 1008 3635 ,
1036 3570 1095 3621 οὐ
1125 3567 1506 3636 λογισθήσεται
1540 3565 1726 3635 ἕτερος
1762 3564 1897 3634 πρὸς

320 3659 515 3714 αὐτόν·
561 3662 589 3712 ό
635 3658 846 3729 τεχθεὶς
884 3661 947 3710 ἐκ
981 3656 1257 3727 Παρθένου
1300 3655 1392 3708 καὶ
1438 3656 1550 3717 τοῖς
1593 3653 1898 3725 ἀνθρώποις

1882 1112 1936 1173 Α

2381 1098 2528 1154 Hora
2559 1098 2754 1166 prima,
2792 1104 2976 1150 cantu:
3006 1095 3098 1153 ει.

2036 1196 2333 1260 Bethleem,
2368 1207 2692 1264 praeparare,
2744 1190 3075 1245 instauretur
3109 1199 3368 1254 praesepe,
3402 1198 3529 1252 spe-

1964 1291 2123 1344 lunca
2181 1287 2432 1354 accipiat.
2479 1283 2692 1337 Veritas
2745 1282 2915 1345 venit,
2952 1280 3140 1333 umbra
3192 1277 3426 1342 transiit,
3478 1283 3536 1330 et

1970 1380 2112 1435 Deus
2137 1377 2444 1435 hominibus
2466 1392 2498 1432 e
2524 1376 2742 1446 Virgine
2767 1371 3142 1428 manifestatus
3165 1379 3267 1428 est.
3291 1379 3532 1421 nostram

1970 1471 2199 1527 formam
2253 1467 2559 1533 assumens,
2605 1480 2660 1522 et
2705 1474 3033 1534 assumptam
3079 1461 3402 1516 divinizans.
3452 1459 3534 1513 0b

1970 1565 2073 1618 hoc
2126 1563 2294 1616 Adam
2352 1576 2455 1614 una
2489 1574 2608 1613 cum
2647 1558 2758 1612 Eva
2802 1555 3097 1615 reviviscit,
3149 1554 3535 1620 clamantque:

1971 1653 2028 1708 In
2056 1662 2196 1707 terra
2227 1650 2600 1707 benevolentia
2629 1648 2899 1718 apparuit,
2935 1655 2993 1700 ut
3021 1645 3259 1700 salvaret
3291 1652 3534 1696 nostrum

1970 1755 2160 1811 genus.
2207 1764 2213 1768 ι

2042 1830 2203 1887 Cant.
2254 1830 2309 1884 3.
2362 1828 2515 1883 Nunc
2576 1826 2885 1897 prophetica
2936 1822 3212 1892 praedictio
3287 1818 3540 1888 compleri
3633 1826 3636 1830 λ

1975 1923 2194 1976 festinat
2222 1921 2466 1991 mystice,
2513 1921 2633 1989 quae
2668 1916 2850 1970 dixit:
2892 1914 2969 1968 Tu
3000 1912 3276 1967 Bethleem
3310 1911 3364 1965 in
3400 1919 3542 1964 terra

1973 2012 2133 2079 Juda,
2176 2025 2511 2080 nequaquam
2559 2009 2779 2064 minima
2823 2021 2882 2061 es
2917 2006 2971 2059 in
3023 2004 3376 2074 principibus,
3424 2015 3544 2067 qua:

1976 2104 2282 2173 speluncam
2330 2103 2677 2171 pmparasti;
2712 2114 2777 2162 ex
2813 2111 2863 2154 te
2892 2099 3034 2153 enim
3066 2095 3195 2150 mihi
3237 2093 3543 2161 egredietur

1979 2194 2086 2246 dux
2141 2192 2379 2259 gentium
2417 2206 2511 2260 per
2552 2203 2800 2254 carnem,
2839 2202 2870 2242 e
2913 2185 3089 2257 puella
3125 2183 3346 2250 Virgine
3387 2188 3543 2231 natus

1982 2283 2233 2337 Christus
2278 2281 2441 2344 Dens,
2487 2281 2576 2350 qui
2630 2286 2781 2348 regat
2837 2277 3086 2347 populum
3139 2289 3292 2328 suum
3348 2285 3543 2324 novum

1983 2371 2147 2426 Israel
2170 2374 2209 2426 ¹.
2238 2392 2258 2425 ι
2293 2370 2579 2426 Demusilli
2601 2385 2788 2424 omnes
2819 2365 3292 2438 magniﬁcentiam.
3335 2361 3542 2415 Versus.

1988 2462 2230 2526 Domine,
2266 2463 2533 2526 obaudivi,
2562 2470 2704 2516 cant.
2737 2459 2827 2513 85.

2059 2574 2181 2629 Ilaec
2212 2573 2451 2641 loquitur
2466 2571 2672 2640 Joseph
2704 2571 2769 2625 ad
2800 2568 3077 2639 Virginem
3104 2584 3118 2621 :
3156 2566 3350 2626 Maria,
3378 2564 3548 2632 quod-

1986 2680 2107 2720 nam
2156 2674 2238 2719 est
2291 2663 2433 2717 istud
2480 2677 2639 2731 opus,
2686 2661 2912 2730 quodin
2961 2669 3011 2712 te
3046 2657 3194 2711 vidi?
3226 2656 3437 2717 Dubito,
3496 2661 3550 2705 ct

1989 2768 2199 2826 stupeo,
2245 2765 2300 2809 et
2332 2763 2510 2809 mente
2550 2754 2799 2808 turbatus
2829 2768 2970 2806 sum.
3011 2749 3234 2805 Occulte
3262 2747 3422 2813 igitur
3460 2745 3547 2797 exi

1986 2863 2016 2902 a
2064 2862 2149 2901 me
2216 2844 2635 2914 quamprimum.
2706 2842 2897 2906 Maria,
2953 2842 3224 2910 quodnam
3277 2847 3360 2890 est
3409 2834 3552 2889 istud

1987 2953 2143 3008 Opus,
2160 2936 2313 3029 quod
2342 2936 2393 2989 in
2415 2945 2476 3011 te
2504 2936 2650 2989 vidi?
2682 2936 2786 2989 Pro
2827 2937 3028 2988 honore
3054 2929 3423 3000 opprobrium,
3458 2943 3555 2995 pro

1989 3020 2191 3083 lmtitia‘
2226 3028 2450 3093 luctum,
2483 3041 2579 3096 pro
2618 3025 2865 3079 laudibus
2892 3023 3274 3078 contumeliam
3305 3020 3435 3073 mihi
3471 3028 3550 3070 at-

1991 3117 2187 3179 tulisti,
2227 3132 2332 3171 non
2362 3115 2472 3182 iam
2502 3116 2674 3182 magis
2706 3114 2978 3168 hominum
3008 3111 3254 3177 injuriam
3292 3108 3551 3161 sustineo.

1995 3205 2128 3260 Nam
2170 3222 2196 3258 a
2227 3206 2598 3262 sacerdotibus
2637 3221 2668 3260 e
2701 3205 2900 3272 templo
2949 3212 3203 3272 tanquam
3237 3199 3551 3255 inviolatam

1994 3295 2202 3350 Domini
2256 3296 2505 3373 puellam‘
2534 3305 2586 3350 te
2617 3294 2836 3364 accepi;
2866 3301 2918 3348 el
2950 3293 3091 3361 quod
3125 3301 3208 3346 est
3254 3291 3385 3345 illud
3416 3289 3557 3359 quod

1995 3385 2188 3439 video?
2221 3386 2285 3438 Et
2307 3401 2449 3439 nunc
2490 3384 2652 3438 idem.

2439 3473 2592 3527 Hora
2621 3474 2775 3526 tertia
2798 3513 2812 3538 ,
2849 3480 2991 3526 cant.
3023 3471 3111 3526 82.

2067 3561 2160 3615 Ille
2193 3563 2331 3617 Deus
2380 3572 2585 3625 noster,
2632 3575 2736 3614 non
2790 3560 3099 3615 conferetur
3140 3559 3278 3612 alius
3323 3574 3445 3613 cum
3474 3572 3558 3622 cn,

1999 3652 2089 3719 qui
2127 3660 2286 3705 natus
2323 3660 2405 3705 est
2447 3665 2477 3704 e
2514 3649 2753 3719 Virgine,
2790 3660 2841 3704 et
2872 3650 3179 3703 hominibus
3211 3656 3564 3703 conversatus

322 3750 823 3822 συναναστραφείςο
877 3749 1052 3822 φάτνῃ
1105 3747 1358 3816 πενιχρᾷ,
1406 3745 1534 3808 Υἱὸς
1584 3745 1897 3815 μονογενὴς,

2003 3750 2119 3805 est;
2165 3741 2424 3811 praesepio
2479 3754 2738 3812 paupere,
2797 3741 2963 3794 Filius
3007 3740 3312 3813 unigenitus
3375 3739 3564 3808 jacens

324 3843 573 3911 κείμενος
601 3844 797 3913 ὁρᾶται
827 3840 1046 3912 βροτὸς,
1082 3840 1176 3892 καὶ
1214 3838 1547 3908 σπαργάνοις
1597 3837 1891 3890 πλέκεται·

325 3934 403 3994 είς
432 3931 599 3986 αὐτοῦ
627 3931 996 4006 προσκύνησιν
1023 3931 1113 3983 καὶ
1136 3931 1298 3999 ἡμεῖς
1325 3927 1694 3999 μελῳδοῦμενο
1729 3928 1900 3998 Τριάς

326 4022 480 4088 ἁγία,
500 4021 674 4074 σῶσον
702 4021 800 4084 τάς
816 4020 994 4090 ψυχάς
1020 4018 1199 4089 ἡμῶν.

395 4109 525 4180 Ἦχ.
554 4113 702 4168 πδ¹.ι
736 4112 794 4165 '0
821 4112 954 4175 θεὸς
982 4097 1089 4164 άπὸ
1108 4111 1323 4179 Θαιμᾶν
1337 4110 1509 4181 ἥξει.»
1529 4110 1640 4181 Πρὸ
1662 4109 1901 4178 τ”ἦςγεν⁴

326 4201 535 4270 νήσεῳς
560 4201 659 4270 τῆς
689 4202 806 4271 σῆς,
838 4200 1026 4270 τρόμῳ
1058 4198 1262 4269 όρῶσαι
1285 4199 1346 4252 τὸ
1370 4200 1683 4270 μυστήριον,
1709 4198 1900 4269 Κύριε,

329 4291 387 4343 αῑ
413 4289 605 4359 νοεραὶ
651 4291 899 4357 στρατιαὶ
945 4287 1411 4357 κατεπλήττοντοο
1447 4289 1520 4352 ὼς
1567 4289 1673 4359 γὰρ
1708 4287 1904 4358 βρέφος

329 4379 597 4448 νηπιάσαι
646 4378 964 4447 εὐδόκησας,
1015 4380 1045 4430 6
1095 4380 1187 4432 τὸν
1245 4377 1407 4432 πόλον
1458 4381 1740 4451 κοσμήσας
1794 4383 1903 4442 τοῖς

332 4471 568 4541 ἄστρασι
588 4485 604 4502 ο
639 4472 732 4524 καὶ
774 4473 840 4541 τῇ
887 4471 1060 4543 φάτνῃ
1097 4471 1208 4525 τῶν
1237 4472 1448 4540 ἀλόγων
1475 4473 1846 4537 άνακέκλισαι,
1877 4472 1906 4523 6

330 4563 493 4632 δρακὶ
527 4563 767 4632 συνέχων
798 4563 976 4615 πάντα
1019 4564 1125 4633 γῆς
1165 4563 1236 4616 τὰ
1270 4565 1479 4634 πέρατα
1502 4580 1517 4594 ⁸
1547 4565 1771 4636 τοιαύτῃ
1801 4564 1908 4633 γάρ

331 4653 615 4727 οίκονομία
660 4651 907 4723 ἐγνώσθη
955 4668 1049 4705 σου
1097 4655 1129 4723 ή
1179 4653 1567 4723 εύσπλαγχνία,
1602 4655 1822 4723 Χριστέ,
1849 4654 1910 4705 τὸ

338 4743 484 4812 μέγα
515 4742 694 4806 ἔλεος·
725 4743 853 4807 δόξα
889 4760 992 4796 σοι.
1028 4745 1193 4811 Στιχ.
1224 4744 1417 4811 Κύριε,
1447 4744 1801 4809 εὶσακήκοα.

406 4833 514 4891 Ao’.
543 4828 623 4901 ἦχ
655 4831 724 4903 7’.
763 4832 964 4903 Ἰωσὴφ
1014 4832 1134 4885 είπέ
1162 4834 1325 4902 ⁴ήμῖνο
1358 4834 1475 4894 πῶς
1509 4836 1572 4885 ἐκ
1599 4834 1706 4885 τῶν
1746 4833 1913 4900 ἁγίων

338 4923 405 4991 ἢν
453 4921 758 4989 παρέλαϐες
805 4923 1012 4993 κόρην,
1046 4922 1241 4989 ἔγκυον
1290 4921 1475 4991 φέρεις
1525 4923 1582 4973 ἐν
1630 4921 1912 4991 Βηθλεέμ;

350 5009 513 5078 Ἐγὼ.
544 5012 697 5080 φησὶ,
728 5014 855 5077 τοὺς
883 5014 1169 5083 προφήτας
1198 5012 1493 5080 ἐρευνήσας
1519 5009 1612 5062 καὶ
1642 5027 1912 5080 χρηματι-

2003 3833 2213 3886 videtur
2248 3832 2510 3895 mortalis,
2560 3842 2614 3885 et
2653 3831 2844 3900 pannis
2887 3831 3194 3885 involvitur.
3238 3830 3389 3885 llunc
3430 3830 3564 3881 adn-

2002 3930 2185 3974 rantes
2231 3930 2286 3974 et
2336 3934 2440 3974 nos
2486 3929 2803 3973 cantemus:
2839 3917 3035 3973 Sancta
3095 3916 3354 3987 Trinitas,
3414 3918 3564 3971 salva

2000 4021 2213 4066 nostras
2242 4011 2470 4065 animas.

2072 4119 2230 4178 Cant.
2261 4119 2349 4173 84.
2389 4137 2408 4170 ι
2442 4117 2582 4173 Deus
2611 4118 2678 4171 ab
2724 4117 2921 4171 Austro
2964 4116 3161 4171 veniet.
3201 4136 3221 4169 ι
3250 4117 3389 4169 Ante
3423 4124 3567 4169 tuam

2004 4210 2366 4272 nativitatem,
2410 4218 2642 4262 tremore
2667 4208 2911 4263 videntes
2954 4209 3290 4280 mysterium,
3326 4209 3567 4270 Domine.
3616 4206 3623 4211 ’

2005 4297 2315 4367 spirituales
2366 4297 2571 4352 militia:
2614 4297 2957 4351 eonturbatae
2998 4284 3144 4352 sunt.
3179 4297 3314 4352 Nam
3350 4309 3406 4352 ut
3441 4313 3573 4367 ρης-ι·

2007 4388 2191 4456 vagire
2218 4388 2468 4467 voluisti”
2505 4388 2596 4457 qui
2629 4370 2821 4442 célum
2877 4391 3036 4444 astris
3088 4393 3362 4446 exornasti
3389 4410 3404 4457 ;
3432 4401 3486 4446 et
3520 4397 3571 4444 iu

2009 4477 2284 4530 brutorum
2346 4477 2605 4545 praesepio
2674 4479 2947 4538 reclinari.
3017 4481 3111 4549 qui
3160 4497 3320 4534 manu
3389 4497 3576 4535 omnes

2011 4576 2165 4620 teme
2219 4568 2485 4621 terminos
2533 4569 2799 4623 contines.
2854 4568 2970 4624 Tali
3017 4570 3164 4625 enim
3198 4569 3601 4625 incarnatioiee

2011 4654 2226 4722 cognita
2269 4664 2351 4709 est
2381 4662 2471 4709 tua
2495 4656 2753 4720 charitas,
2784 4656 3022 4722 Christe,
3056 4675 3247 4727 magna
3283 4662 3582 4713 misericor-

2014 4742 2100 4795 dia
2129 4758 2143 4806 ;
2176 4744 2267 4797 tibi
2308 4744 2503 4813 gloria.
2540 4744 2685 4799 Vera.
2724 4745 2968 4812 Domine,
3001 4749 3265 4803 obaudivi.

2085 4833 2238 4889 Cant.
2267 4834 2320 4889 3.
2353 4832 2573 4902 Ioseph,
2610 4834 2697 4888 die
2727 4837 2903 4901 nobis,
2950 4841 3219 4903 quomodo
3249 4840 3389 4891 hanc
3419 4853 3579 4905 quam

2015 4934 2045 4975 e
2079 4924 2285 4976 sanctis
2325 4924 2554 4990 puellam
2594 4925 2870 4993 accepisti,
2910 4939 3271 4997 praegnantem
3301 4928 3454 4983 ducis
3486 4930 3584 4981 lic-

2023 5011 2260 5065 thleem?
2312 5012 2443 5080 Ego,
2506 5014 2702 5081 inquit,
2750 5016 3039 5082 prophetas
3095 5026 3367 5072 scrutatus
3416 5023 3587 5073 L‘l‘nh

342 5070 623 5162 σθεὶςύίπό
649 5070 905 5171 ἀγγέλου,
926 5070 1243 5173 ’πέπεισμαι
1292 5070 1388 5156 ὅτι.
1422 5070 1556 5154 Θεὸν
1598 5070 1849 5170 γεννήσει
1878 5104 1909 5171 ή

2016 5103 2202 5169 angelo
2247 5105 2510 5168 eruditus,
2554 5104 2715 5158 credo
2772 5103 2941 5159 Deum
2973 5106 3274 5176 genituram
3327 5107 3442 5161 fore
3476 5105 3586 5158 lli..-

339 5193 526 5262 Μαρία
556 5194 1003 5264 άνερμῆνεύτωςο
1034 5188 1095 5249 οὗ
1129 5196 1210 5257 είς
1239 5192 1629 5263 προσκύνησιν,
1665 5191 1823 5257 μάγοι
1855 5192 1914 5255 ἐξ

341 5283 616 5337 ἀιατολῶν
647 5284 836 5353 ἥξουσι
886 5287 984 5339 σὺν
1024 5284 1215 5353 δώροις
1244 5283 1444 5352 τιμίοις
1474 5280 1819 5348 λατρεύοντες
1840 5296 1853 5310 ⁶
1887 5282 1912 5333 6

343 5373 647 5444 capxweeiq
692 5375 953 5445 δι’ήμᾶς,
989 5375 1187 5443 Κύριε,
1225 5372 1352 5439 δόξα
1402 5389 1502 5427 σοι.
1560 5372 1668 5423 Καὶ
1717 5371 1808 5422 νῦν
1856 5371 1915 5423 τὸ

348 5465 493 5518 αὑτό.

422 5597 440 5631 ¹
479 5598 639 5652 Μῑοίι.
680 5614 730 5664 v,
758 5598 831 5666 2;
867 5596 1053 5651 Matth.
1094 5612 1154 5657 ιι,
1187 5596 1236 5651 6.

2021 5197 2153 5250 riam
2199 5198 2454 5251 iml‘l‘abili
2508 5201 2666 5254 modo
2704 5217 2718 5254 :
2752 5196 2912 5269 quem
2968 5205 3276 5268 adorantes,
3337 5202 3473 5271 Magi
3525 5205 3589 5254 ,ιιι

2019 5287 2239 5340 Oriente
2300 5289 2517 5342 venient
2575 5288 2731 5344 donis
2768 5291 2982 5345 eximiis
3035 5291 3290 5345 colentes.
3330 5291 3430 5358 Qui
3493 5308 3589 5359 pio

2022 5375 2174 5426 nobis
2224 5391 2352 5431 caro
2386 5375 2560 5433 factus
2604 5394 2685 5444 es,
2715 5380 2948 5446 Christe,
2979 5382 3071 5436 tibi
3105 5382 3295 5450 gloria.
3350 5382 3413 5437 Et
3448 5397 3591 5436 uuln:

2022 5467 2184 5518 idem.
