3968 6198
442 295 572 360 ιρι-ι

1919 295 2221 358 SPURIA.

3563 291 3714 358 4οη

439 407 800 480 demonstrat,
841 413 926 468 vel
975 413 1201 484 rigidius
1242 413 1496 477 dicendo,
1534 427 1700 466 unum
1739 413 2004 468 cumulem-

2121 410 2369 466 δείκνυσι
2397 412 2494 466 καὶ
2527 414 2648 467 κατ’
2677 413 2873 467 οὐσίαν
2901 412 2999 467 καὶ
3031 413 3151 467 κατ’
3184 413 3472 484 ἐνέργειαν
3516 415 3709 484 ὅμοιον

439 523 545 577 que
575 506 773 561 Filium
819 522 942 560 cum
990 503 1176 570 Patre,
1208 515 1261 559 et
1299 505 1605 560 substantia
1645 515 1701 560 et
1743 505 2020 574 operatio-

440 597 884 667 nibus.~Propter
927 607 1199 662 naturam,
1233 596 1541 653 substantia
1583 597 1703 652 sine
1745 595 2022 666 Operatio-

438 690 599 744 nibus
641 702 746 741 non
788 697 892 749 est,
924 704 1101 758 neque
1143 690 1491 760 operationcs
1531 689 2017 761 sinesubstantia.

437 776 708 831 Przeterea
750 777 1070 832 substantia:
1109 778 1226 834 idea
1271 780 1389 834 sine
1419 786 1742 852 argumento
1776 796 1879 835 non
1917 789 2019 846 est,

441 863 778 938 inspiciendo
809 871 1170 923 substantiam
1205 871 1460 937 firmant,
1526 888 1648 926 nam
1687 888 1845 927 nemo
1893 873 2023 925 sul)-

2123 500 2265 559 εἶναι
2291 505 2386 560 τὸν
2409 503 2540 559 Υίὸν
2573 505 2652 576 τῷ
2683 507 2879 578 [Ia-:91,
2910 505 3110 577 μᾶλλον
3148 505 3206 559 δὲ
3233 505 3598 576 ἀληθέστερον
3623 509 3712 558 εξ-

2123 602 2246 652 πεῖν
2279 599 2372 653 τὸν
2417 598 2612 652 αὐτόν’
2665 598 2789 651 οὔτε
2827 598 2937 670 γὰρ
2981 598 3137 652 οὐσία
3178 599 3322 652 κατὰ
3352 596 3515 666 φύσιν
3547 598 3707 667 ἐνερ-

2123 692 2282 760 γείας
2307 692 2460 758 ἄνευ,
2489 690 2616 743 οὔτε
2654 689 2906 761 ἐνέργεια
2931 690 3102 759 χωρὶς
3132 689 3325 752 οὐσίας
3355 687 3488 740 ποτέ
3511 704 3528 719 ’
3567 689 3708 756 μᾶ).-

2123 784 2214 841 λον
2259 785 2318 838 δὲ
2364 787 2464 857 τὴν
2513 783 2705 838 οὐσίαν
2736 783 2870 854 πρδς
2909 779 3180 836 ’πίπτωσιν
3211 781 3462 859 ἔχοντες)
3511 780 3706 833 οὐσίαν

2122 878 2232 946 γὰρ
2259 875 2320 928 οὗ
2352 872 2575 928 πώποτέ
2605 890 2690 936 τις
2733 868 2844 925 οἶδε
2876 872 3014 925 Θεοῦ
3033 887 3048 902 ο
3089 873 3180 926 διὰ
3209 871 3266 926 δὲ
3293 871 3390 942 τῆς
3422 870 3706 941 ὲνεργεέτις

438 961 702 1014 stantiam
765 962 855 1014 Dei
906 962 1040 1016 vidit
1091 963 1406 1032 aliquando,
1465 963 1545 1019 sic
1613 978 1733 1017 eam
1803 961 2004 1017 fit-mani

2118 969 2321 1040 ὁμοίως
2349 968 2448 1040 τὴν
2473 966 2666 1020 οὐσίαν
2696 963 3058 1019 πιστούαεθα.
3106 981 3124 1015 ι

438 1053 864 1122 operationibus.
904 1073 923 1107 ι

838 1165 1083 1226 SCHOLI
1096 1168 1190 1225 ΟΜ
1240 1167 1630 1228 SUPliRONll.

509 1279 701 1335 Videte
766 1284 1201 1338 convenientiam
1262 1286 1641 1340 confirmatam
1704 1287 1850 1341 inter
1905 1288 2058 1342 Ιιωο-

441 1387 540 1442 per
595 1374 741 1427 illum
775 1393 788 1429 :
823 1373 939 1429 Non
984 1376 1104 1446 plus
1151 1376 1280 1432 licet
1321 1380 1389 1434 ah
1428 1378 1842 1448 operationibus
1884 1369 2017 1435 sub-

439 1459 695 1519 stantiam
749 1465 877 1536 (nisi
924 1484 1042 1521 eam
1095 1470 1229 1522 nihil
1281 1471 1512 1524 similem
1561 1471 1749 1539 facias,
1787 1473 2017 1526 inertem

2253 1241 2256 1246 η
2543 1171 2846 1228 ΣΧΟΛΙΟΝ
2879 1169 3284 1226 ΣΩΦΡυΝἰΟΥ.

2205 1289 2368 1360 Ὁρᾷς
2418 1288 2494 1350 ὡς
2526 1285 2784 1357 ἀλλήλαις
2829 1285 3036 1346 ταύτας
3083 1280 3391 1346 συνέζευξε,
3443 1280 3536 1333 καὶ
3575 1278 3704 1332 οὔτε

2120 1383 2284 1452 φύσιν
2313 1382 2596 1454 ἐνεργείας
2623 1380 2756 1434 ἄνευ
2806 1379 2920 1432 ἔστι
2973 1376 3293 1440 θεάσασθαι,
3327 1374 3414 1427 ἵνα
3442 1373 3518 1445 μὴ
3564 1373 3707 1443 rtpb;

2116 1472 2178 1523 τὸ
2227 1470 2302 1542 μὴ
2334 1470 2392 1523 ὃν
2437 1467 2715 1541 ἀπονεύσῃ
2764 1467 3048 1538 ἐνεργείας
3077 1464 3423 1535 ἀμοιροῦσα,
3479 1463 3592 1516 οὐδ’
3632 1461 3705 1516 αὖ

435 1559 711 1628 ponendo)
763 1576 927 1628 quam
985 1563 1335 1630 operatioues
1385 1581 1414 1616 a
1471 1565 1776 1618 substantia
1830 1579 2004 1618 eat-utr

2119 1563 2282 1618 πάλιν
2300 1563 2578 1632 ἐνέργειαν
2601 1561 2697 1629 τῆς
2721 1557 3056 1630 ἐνεργούσης
3075 1557 3242 1624 αὐτὴν
3263 1555 3419 1617 ὲκτδς
3439 1555 3660 1621 φύσεως
3682 1570 3700 1617 ;

435 1649 726 1715 elementa,
765 1651 1099 1721 disjungere.
1152 1653 1234 1706 An
1268 1670 1418 1722 ergo,
1451 1670 1792 1724 quaecunque
1832 1671 2020 1723 opera-

2118 1655 2180 1707 Εἰ
2213 1655 2361 1706 πᾶσα
2393 1650 2572 1704 τοίνυν
2605 1653 2855 1722 ἐνέργεια
2887 1647 3102 1717 φύσεώς
3132 1647 3269 1707 τινῖς
3303 1643 3569 1711 οὐσιὼδης
3593 1643 3712 1713 ὀρί-

435 1741 510 1794 tio
555 1742 878 1814 substantiae
926 1744 1292 1798 manifestatiu
1336 1757 1484 1800 certa
1530 1749 1624 1810 sit,
1659 1750 2004 1816 quemadmo-

2119 1747 2269 1811 ζεται
2302 1745 2519 1813 κίνησις
2543 1784 2558 1809 ,
2587 1742 2664 1805 ὡς
2691 1743 2741 1795 0i.
2770 1741 2902 1810 περὶ
2934 1739 3108 1793 ταῦτα
3155 1737 3319 1790 δεινοὶ
3362 1736 3705 1804 διειλήφασι,

433 1833 560 1884 dum
617 1832 718 1885 hoc.
771 1833 931 1901 periti
984 1833 1536 1901 demonstraverunt,
1587 1843 1709 1906 quis
1765 1847 2004 1892 naturam

2124 1837 2227 1892 ποῦ
2267 1837 2430 1908 φύσιν
2478 1854 2560 1900 τις
2591 1831 2700 1887 οἶδέ
2731 1849 2861 1886 ποτε
2889 1832 3166 1900 ἀκίνητον,
3196 1829 3229 1899 ἢ
3273 1826 3556 1890 παντελῶς
3605 1828 3710 1879 ἁν-

433 1923 766 1978 immobilem
803 1926 984 1979 dicere
1019 1936 1218 1994 potest,
1250 1930 1373 1996 quis
1409 1929 1744 1982 activitatem
1783 1930 2004 1984 inertem

2122 1932 2414 2000 ενέργητον
2439 1928 2722 1998 ἐνέργειαν
2765 1925 3019 1996 εὕρηκεν,
3049 1925 3112 1977 οὐ
3143 1924 3382 1991 φυσικῆς
3411 1919 3709 1990 δυνάμεως

427 2013 726 2082 concipere
777 2027 974 2086 potest,
1020 2033 1140 2072 cum
1192 2031 1473 2074 actuosam
1520 2019 2004 2076 manifestationem

2122 2023 2476 2092 ὑπάρχουσαν
2519 2018 2768 2088 κίνησινς
2817 2016 2905 2070 ἵνα
2935 2016 3077 2085 ὅπερ
3114 2013 3326 2083 οὐδαμῆ
3359 2009 3709 2080 καθορᾶσθαι

433 2107 614 2160 omnis
651 2115 806 2161 actus
846 2110 1112 2164 naturalis
1150 2113 1441 2181 concipere
1471 2111 1735 2166 deberet?
1763 2111 1838 2166 lta
1870 2115 2004 2183 quod

2121 2113 2156 2185 ἢ
2189 2110 2450 2181 λέγεσθαι
2477 2110 2738 2173 δύναται,
2769 2106 2928 2161 τοῦτο
2964 2107 3058 2159 ἐπὶ
3089 2106 3252 2176 μόνου
3281 2102 3521 2174 Χριστοῦ
3563 2101 3706 2154 καθ-

431 2211 710 2266 nunquam
752 2198 1007 2255 aﬂirmari
1051 2213 1250 2272 potest,
1278 2211 1489 2258 tantum
1530 2204 1584 2258 in
1619 2203 1898 2258 Christum
1936 2205 2004 2258 vi-

2119 2207 2313 2276 ορᾶται
2344 2204 2440 2257 καὶ
2491 2202 2740 2271 λέγηται,
2773 2199 2975 2270 μᾶλλον
2996 2197 3051 2251 δὲ
3089 2197 3164 2267 μὴ
3189 2194 3577 2266 καθορώμενον
3613 2194 3706 2246 λέ-

431 2287 679 2356 deretur,
709 2290 776 2344 ab
805 2305 872 2345 eo
899 2292 1016 2346 solo
1048 2293 1375 2360 firmaretur,
1404 2295 1457 2349 id
1492 2305 1575 2350 est
1601 2297 1802 2365 potius,
1827 2295 2004 2349 tlrma-

2121 2314 2290 2367 γηται
2311 2310 2327 2326 ·
2363 2293 2554 2363 ἐπειδὴ
2573 2293 2635 2347 δὲ
2669 2292 2780 2345 τῶν
2810 2290 3006 2345 οὐσιῶν
3035 2290 3182 2342 ἐστιν
3212 2287 3620 2357 ὁμολογουμένη
3668 2287 3704 2354 ἡ

432 2390 588 2436 retur
611 2397 714 2438 nec
741 2395 906 2440 esset.
937 2383 1206 2451 Quoniam
1229 2389 1577 2459 operationcs
1603 2405 1725 2444 cum
1753 2390 2004 2444 substan-

2120 2388 2394 2458 ἐνέργεια,
2426 2386 2644 2456 ἀνάγκη
2675 2385 2904 2455 θεωρεῖν
2932 2383 3030 2437 σὺν
3059 2382 3180 2444 ταῖς
3209 2381 3421 2442 οὐσίαις
3448 2379 3546 2433 καὶ
3595 2377 3704 2439 τὰς

433 2473 528 2529 tiis
561 2485 708 2543 sunt,
737 2480 1105 2533 necessarium
1141 2490 1224 2534 est
1265 2495 1396 2552 ergo
1420 2481 1771 2537 considerare
1801 2491 2004 2535 utrum-

2120 2481 2426 2552 ἐνεργείας,
2459 2479 2548 2532 ἵνα
2594 2476 2670 2549 μὴ
2708 2475 3025 2546 κολοσῶμεν
3055 2476 3113 2527 ὲν
3155 2475 3221 2544 τῇ
3255 2471 3447 2526 ὲνώσει
3475 2471 3546 2524 τὰ
3586 2471 3705 2522 τῶν

431 2575 559 2632 que,
605 2565 731 2634 quia
788 2580 885 2636 per
941 2567 1318 2624 confusionem
1369 2569 1604 2624 virtutes
1656 2584 1776 2639 quae
1818 2580 2004 2624 errata

2115 2572 2426 2627 ἑνωθέντων
2457 2570 2724 2641 ἰδιώματα
2743 2586 2760 2602 ο
2783 2567 2950 2638 λῆρος
2974 2565 3084 2635 γὰρ
3124 2565 3190 2619 ἂν
3218 2565 3304 2633 εῐη
3334 2563 3564 2626 πλατὺς,
3591 2560 3706 2630 φύ-

432 2664 563 2708 sunt
600 2657 890 2712 destructa:
932 2668 1079 2714 sunt.
1127 2659 1287 2715 Esset
1326 2661 1472 2714 enim
1510 2660 1712 2717 stultus
1765 2661 1857 2732 qui
1893 2657 2004 2716 sub-

2118 2681 2202 2718 σιν
2237 2663 2337 2734 μὲν
2370 2662 2678 2734 ὁμολογεῙν,
2717 2658 2986 2730 ἀνενεργῆ
3018 2657 3076 2711 δὲ
3105 2657 3288 2726 λέγειν
3311 2655 3503 2723 αὑτήν.

431 2747 690 2801 stantiam
727 2750 996 2820 acciperet
1023 2759 1078 2806 et
1107 2760 1312 2806 motum
1342 2751 1420 2806 illi
1448 2752 1735 2808 abnueret.

1705 3079 2442 3196 SPUBIA.

1209 3292 1584 3352 sopnnoun
1623 3293 1702 3366 (ι)
1737 3292 2214 3352 mammona:
2243 3291 2912 3360 meaosounmm,

547 3449 646 3510 DE
695 3449 1149 3527 LABORIBUS,
1210 3449 1787 3513 CERTAMINIBUS
1820 3451 1919 3512 ET
1953 3399 2759 3514 PEREGliINATIONIBUS
2788 3451 2894 3513 SS.
2923 3449 3157 3513 PETRI
3191 3449 3566 3528 E'IﬂPAULl.

1186 3615 1464 3689 (Bibliotlt.
1489 3616 1710 3674 Patrum
1744 3629 1783 3676 t.
1823 3619 2070 3688 V,ll25.
2096 3650 2168 3660 —
2193 3635 2259 3676 ex
2311 3619 2527 3692 Μειδία.
2573 3619 2702 3678 Sac.
2738 3619 2998 3690 Palatii.)

501 3882 700 3940 Petrus
723 3896 921 3954 genere
955 3881 1059 3938 fuit
1093 3880 1374 3949 Hebraeus,
1404 3883 1684 3940 habitabat
1718 3885 1770 3940 in
1791 3884 2010 3940 Galilaa
2037 3893 2081 3954 α
2115 3902 2221 3941 non
2249 3892 2563 3957 exasperari
2591 3897 2779 3944 contra
2803 3897 3120 3960 peccatores
3143 3888 3426 3944 eruditur"
3451 3904 3467 3943 :
3499 3887 3689 3958 illique

423 3975 749 4042 Palestina,
774 3975 950 4046 patria
981 3974 1097 4042 ejus
1116 3974 1424 4030 Bethsaida.
1451 3974 1761 4031 Simeonem
1791 3975 2005 4032 Justum

421 4067 513 4137 qui
535 4065 806 4119 Christum
853 4064 905 4118 in
953 4063 1092 4117 ulnis
1120 4065 1314 4129 tenuit,
1343 4066 1757 4133 compatriotam
1795 4065 2002 4122 habuit.

401 4157 584 4230 Pater
611 4158 760 4214 Petri
798 4157 964 4214 Jonas
987 4156 1087 4211 fuit
1120 4158 1454 4227 temporibus
1483 4157 1739 4230 Hyrcani,
1775 4159 1864 4229 qui
1906 4175 2008 4213 au-

399 4268 509 4326 Ires
549 4267 674 4304 suas
709 4265 830 4302 cum
894 4264 1060 4319 regno
1108 4247 1184 4318 (id
1244 4249 1507 4303 actitante
1551 4247 1742 4319 fratre)
1802 4249 2003 4304 amisit.

423 4342 614 4398 Frater
664 4339 810 4395 Petri
864 4339 1148 4394 Andreas:
1197 4338 1446 4408 cepitque
1507 4354 1731 4393 uxorem
1789 4339 2002 4406 Petrus,

421 4433 587 4487 tiliam
637 4427 957 4495 Aristobuli,
1003 4429 1186 4482 fratris
1241 4428 1384 4481 beati
1448 4425 1714 4483 Barnabas
1747 4430 1995 4497 apostoli,

397 4511 488 4576 ex
529 4537 634 4590 qua
673 4520 911 4589 suscvpit
947 4518 1114 4572 filium
1161 4528 1213 4572 et
1243 4517 1426 4572 filiam.
1472 4519 1718 4574 Andreas
1758 4521 1996 4575 cit-libent

421 4614 626 4668 ducens
658 4611 848 4678 vitam,
874 4609 1236 4665 Praecursoris
1270 4607 1482 4664 Domini
1516 4609 1689 4667 factus
1724 4622 1806 4667 est
1835 4613 1996 4666 disci-

416 4705 600 4776 pulus.
633 4704 827 4759 Petrus
859 4704 1091 4774 negotiis
1123 4705 1457 4770 intendebat,
1483 4715 1538 4759 ut
1579 4705 1670 4774 qui
1701 4705 1877 4769 uxori,
1913 4706 1995 4759 ia-

422 4797 584 4852 miliaa
611 4808 664 4852 et
699 4799 871 4867 patris
902 4798 1054 4852 senio
1093 4798 1429 4868 providebat.
1483 4798 1522 4851 Α
1557 4798 1772 4854 Christo
1809 4797 2000 4853 Petrus

419 4891 490 4946 ob
517 4891 715 4947 mentis
745 4891 1137 4946 firmitudinem
1171 4891 1473 4960 appellatur
1499 4891 1515 4923 ¹
1546 4907 1563 4958 ;
1599 4905 1758 4960 super
1807 4887 2001 4944 ﬂuctus

421 4982 591 5038 maris
623 4991 876 5052 tanquam
903 4982 1259 5051 incorporeus
1312 4981 1618 5048 ambulat’;
1648 4981 2000 5050 transﬁgura-

421 5073 588 5129 tionis
626 5073 835 5129 Domini
868 5074 1164 5144 inspector,
1220 5088 1404 5130 vocem
1457 5073 1684 5144 primam
1752 5072 1902 5127 audit
1934 5073 1998 5140 ³;

492 5215 507 5244 ¹
543 5213 700 5269 .iuan.
738 5230 777 5276 ι,
801 5215 888 5269 42.
966 5217 985 5246 ³
1021 5213 1211 5268 Matth.
1245 5229 1352 5274 xiv,
1393 5212 1486 5267 29.
1563 5213 1582 5242 ³
1609 5211 1798 5264 Matth.
1835 5225 1967 5272 ινιι,
1999 5209 2018 5263 ι
2049 5225 2203 5278 seqq.

1909 5357 2156 5423 ΝΟΤᾹΞ.⁸

383 5345 386 5350 η
417 5299 456 5349 ι,
493 5285 580 5351 t5,
609 5287 700 5343 2ft.
776 5286 796 5317 '
834 5286 954 5341 Act.
986 5301 1060 5354 ιι,
1089 5283 1178 5340 54.
1255 5284 1277 5316 ⁸
1311 5285 1426 5338 Act.
1460 5298 1511 5344 κ,
1544 5283 1562 5336 l
1597 5297 1750 5351 seqq.

487 5499 566 5566 (l)
603 5495 892 5566 Sophronii
912 5494 1079 5566 vitam
1105 5490 1696 5566 habes_apu_tl_sanetum
1716 5487 1984 5566 Hierony-

420 5556 566 5622 mum
595 5556 693 5619 lib:
719 5563 794 5617 De
815 5563 1156 5630 scriptoribus
1185 5556 1404 5613 ccclJad
1431 5561 1588 5630 finem
1609 5573 1776 5630 anum
1801 5556 1846 5630 si
1878 5572 1973 5608 au-

418 5635 716 5706 ctorhujus
739 5626 982 5706 opusculi
1011 5641 1094 5686 est
1125 5641 1342 5706 sanctus
1370 5627 1713 5706 Sephrouius
1749 5626 1970 5706 cpisco-

423 5722 521 5774 pus
540 5696 1081 5770 llie'rosol‘ymitanus,
1102 5709 1161 5756 ut
1186 5701 1299 5770 ipsa
1323 5697 1605 5768 inscriptio
1631 5696 1870 5766 praefert,
1891 5696 1969 5750 ri-

2112 3980 2297 4033 mundi
2324 3981 2637 4048 procuratio
2666 3981 3044 4045 committitur,
3089 3990 3146 4035 et
3197 3980 3485 4034 traduntur
3514 3981 3688 4034 cmic-

2106 4071 2268 4124 stium
2286 4073 2472 4124 thesau
2483 4087 2660 4125 rerum
2679 4071 3090 4140 claves'.Super
3103 4080 3300 4126 emtum
3316 4071 3686 4140 apostolorut

2107 4165 2434 4219 constitutus
2463 4175 2585 4231 est;
2617 4164 2903 4220 Matthiam
2928 4165 3125 4220 suflicit
3159 4167 3211 4218 in
3246 4165 3608 4234 apostolatum
3641 4165 3687 4219 ‘.

2110 4253 2230 4308 Non
2277 4255 2453 4308 solum
2487 4255 2870 4310 miraculorum
2909 4257 3297 4326 magnitudine,
3329 4255 3422 4310 sed
3472 4266 3524 4311 et
3563 4273 3690 4310 ver-

2109 4344 2301 4398 borum
2333 4343 2591 4410 efﬁcacia,
2652 4347 2951 4411 auditores,
2992 4361 3215 4402 uxorem
3251 4345 3479 4410 habens,
3513 4347 3584 4399 ad
3617 4346 3680 4398 ﬁ-

2106 4431 2224 4486 dem
2245 4431 2447 4488 Christi
2481 4434 2758 4504 rapiebat;
2787 4436 3180 4507 constituitque
3209 4435 3293 4499 l0,
3315 4437 3419 4491 000
3443 4437 3688 4490 virorum

2105 4522 2423 4581 Ecclesiam.
2471 4527 2736 4581 Ananiam
2789 4538 2843 4582 et
2893 4544 3112 4583 uxorem
3150 4528 3264 4582 sola
3311 4529 3689 4597 increpatione

2106 4617 2422 4685 prosternit.
2456 4619 2513 4671 lu
2547 4618 2730 4689 Lydda
2783 4617 3012 4672 Eneam
3044 4619 3400 4689 paralytieum
3447 4629 3608 4672 sanat
3634 4619 3683 4672 '.

2103 4706 2162 4762 In
2190 4706 2362 4777 Joppe
2405 4709 2644 4765 Dorcada
2696 4711 2940 4765 suscitat.
2983 4709 3038 4764 In
3086 4711 3331 4765 Caesarea
3365 4707 3684 4766 Cornelium

2103 4799 2476 4853 centurionem
2510 4814 2633 4853 cum
2669 4815 2765 4854 sua
2800 4811 2909 4856 tota
2933 4800 3134 4854 familia
3173 4801 3238 4854 ad
3271 4799 3549 4854 Christum
3585 4814 3684 4854 ro-

2105 4900 2214 4954 cat,
2245 4889 2515 4960 haptizat,
2553 4891 2752 4960 Spiritu
2790 4901 2981 4946 saneto
3013 4891 3200 4959 implet
3219 4892 3261 4946 ⁸.
3294 4889 3548 4944 Linteum
3593 4892 3682 4943 vi—

2104 4983 2214 5043 det,
2255 4990 2310 5034 ut
2345 4992 2552 5050 portam
2615 4982 2736 5036 fidei
2791 4998 2885 5051 per
2911 4983 3292 5036 revelationem
3328 4982 3559 5050 aperiat.
3596 4982 3683 5033 Ab

2105 5070 2319 5128 Herode
2344 5073 2604 5145 Agrippa,
2636 5075 2844 5128 duabus
2862 5075 3070 5129 catenis
3104 5077 3332 5136 vinctus,
3365 5083 3418 5126 et
3444 5073 3682 5126 traditus

2277 5207 2302 5240 ⁵
2330 5209 2519 5265 Matth.
2557 5223 2709 5274 mu,
2739 5207 2832 5264 22.
2911 5207 2934 5239 ⁸
2955 5205 3146 5263 Matth.
3183 5219 3299 5271 ινι,
3324 5203 3410 5260 19.
3483 5203 3507 5236 ⁸
3538 5207 3670 5261 Aet.

2091 5483 2327 5537 diculum
2360 5492 2442 5536 est
2477 5491 2723 5552 sanctum
2752 5480 3134 5552 “ierunymum
3161 5484 3402 5548 potuisse
3419 5483 3676 5540 scribere

2081 5555 2247 5622 vitam
2273 5553 2446 5607 sancti
2469 5549 2756 5622 Sophronii
2782 5549 3258 5622 Hierosmyniitani
3276 5555 3544 5622 episcopi,
3569 5558 3673 5618 qui

2083 5625 2183 5678 sub
2218 5621 2463 5676 Heraclio
2494 5621 2650 5687 obiit,
2679 5637 2824 5676 anno
2846 5620 3056 5676 Domini
3091 5623 3214 5676 636.
3247 5621 3337 5674 Est
3366 5625 3508 5678 enim
3526 5623 3672 5681 alter

2082 5691 2532 5764 Saphroniusjlie
2555 5692 2730 5751 sancti
2758 5691 3074 5765 Hieronymi
3107 5693 3340 5749 amicus.
