3968 6198
327 309 470 372 4813
1258 310 1719 374 ALEXANDER
1758 314 1894 375 M05

2018 312 2191 376 HUS.
2239 330 2315 351 -°
2348 313 2730 377 MONlTUM.
3446 310 3583 375 401i

326 421 778 489 quaternionibus
841 422 1099 489 militum,
1132 425 1337 479 carceri
1392 427 1749 497 mancipatus,
1789 426 1897 480 sol-
1926 432 1976 492 Α
2004 428 2228 498 Sinope,
2259 427 2485 499 Mystico
2510 428 2889 497 llellespontis,
2919 426 3129 481 Conirte
3150 425 3581 495 Paphlagonum,

325 513 471 566 vitur
506 514 576 569 ab
610 516 857 584 angelo’.
880 515 1179 570 Occasione
1211 515 1449 585 perﬁdia:
1479 515 1718 573 Simonis
1740 519 1905 590 Magi,
2013 519 2371 590 Claudiopoli,
2432 518 2773 585 Honoriadis,
2808 518 3154 582 Nicomediae,
3183 516 3468 586 Bithyniae,
3488 514 3581 569 Ni-

325 603 540 676 Syriam
568 608 827 662 discurrit
856 607 921 673 “,
937 608 1114 662 adhuc
1136 616 1323 665 autem
1351 616 1407 663 ct
1446 606 1700 676 Pontum,
1723 612 1905 667 Asiam
2005 625 2168 666 caete:
2203 621 2258 664 et
2288 628 2355 667 ex
2408 613 2582 681 prima
2628 609 2966 681 profectione
3015 624 3113 664 sua
3180 608 3233 662 in
3279 609 3580 662 Caesaream

322 707 378 750 ot
424 697 719 763 Galatiam,
760 695 811 753 et
858 699 1057 768 ubique
1108 700 1429 755 seminando
1492 701 1715 777 verbum
1763 704 1907 767 vitae,
2010 717 2108 774 per
2139 702 2534 772 Cappadociam
2567 713 2621 757 et
2647 704 2861 774 Syriam
2899 698 3218 773 (tertiojam
3251 714 3394 753 anno
3418 714 3582 753 voca-

321 783 552 839 Romam
572 787 836 855 pervenit.
865 785 1122 851 Sidoniae,
1144 786 1384 858 Berythi,
1418 788 1593 859 Bybli,
1629 790 1910 861 episcopos
2010 794 2171 849 tionis
2198 792 2405 863 elapso)
2442 792 2599 847 rediit
2632 791 3082 862 Hierosolymam.
3126 789 3330 843 Deinde
3362 804 3576 842 rursum

322 891 387 928 ex
410 877 513 942 bis,
541 877 631 945 qui
664 894 785 932 eum
823 879 1248 943 comitabantur,
1275 881 1413 936 duos
1429 882 1702 937 ordinavit
1727 901 1738 936 :
1768 884 1909 951 apud
2007 902 2107 958 per
2130 886 2475 942 Antiochiam
2511 886 2946 944 etNicomediam
2978 882 3418 939 ubiProcborum
3446 896 3581 949 pra:-

321 964 581 1034 Tripolim
614 967 928 1034 Phoenicim,
955 970 1192 1023 Marcum
1230 971 1495 1041 hospitem
1524 989 1677 1026 suum
1718 974 1909 1028 Antio-
2009 976 2141 1031 fecit
2166 976 2219 1030 in
2260 976 2574 1046 episcopum
2604 991 2618 1029 :
2656 985 2765 1028 tum
2788 974 3003 1028 demum
3032 971 3257 1025 Romam
3312 970 3576 1039 pervenit,

323 1057 480 1122 cliiae,
514 1058 798 1121 Antaradi,
835 1058 1029 1124 Acadi,
1060 1059 1278 1115 Balneis
1324 1072 1380 1116 et
1436 1060 1623 1129 Peltae,
1679 1062 1902 1133 Gazam
2010 1065 2193 1134 ibique
2222 1081 2344 1120 cum
2366 1063 2532 1119 Paulo
2560 1064 2826 1134 apostolo,
2852 1062 3130 1118 tricesimo
3167 1057 3397 1114 Neronis
3434 1073 3577 1137 anno

320 1158 375 1201 et
410 1145 1066 1205 Laodicearzblartianum
1090 1151 1142 1205 in
1162 1151 1437 1221 Syracusa
1475 1152 1698 1217 Siciliae,
1728 1153 1901 1208 Bran-
2003 1171 2200 1226 passus
2228 1165 2331 1211 est.
2361 1156 2494 1213 Vide
2513 1156 2908 1213 Tertulliauum
2941 1154 2993 1207 in
3025 1152 3164 1207 libro
3190 1150 3279 1207 ubi
3305 1150 3399 1213 ait,
3426 1165 3574 1203 mor-

320 1238 518 1291 catium
585 1238 929 1296 Tauromeuii
981 1260 996 1296 :
1041 1241 1310 1298 Thianum
1360 1244 1733 1314 Cappadociae,
1784 1245 1897 1300 An-
2002 1248 2076 1303 tis
2138 1247 2288 1304 Petri
2338 1258 2395 1303 et
2435 1246 2586 1304 Pauli
2636 1248 2962 1304 mentionem
3024 1243 3076 1299 in
3128 1240 3427 1296 Annalibus
3481 1240 3577 1294 lia-

319 1348 483 1404 cyra',
518 1333 764 1399 Calatiae,
796 1336 888 1390 tibi
923 1348 975 1390 et
1006 1338 1234 1391 suscitat
1275 1347 1566 1400 mortuum,
1603 1339 1653 1392 in
1698 1337 1890 1404 Ponto,
1992 1333 2138 1390 'bcri.

421 1512 443 1544 '
487 1512 610 1568 Act.
648 1513 799 1578 xu,l
832 1528 990 1583 seqq.
1049 1514 1094 1545 ¹⁶
1121 1514 1243 1568 Act.
1275 1529 1390 1579 vui,
1414 1513 1466 1568 9.

321 1692 3573 1739 ΕΜ
1210 1724 1556 1735 ..________

1210 1724 1556 1735 —————-—

1528 1869 1698 1915 ANNO
1723 1869 1954 1917 SJECULI
1982 1870 2048 1913 VI
2083 1869 2373 1915 INCERTO.

562 2048 1908 2261 ALEXANDER
2046 1938 3298 2233 MON‘ACHUS.

1623 2517 2246 2611 MONITUM.

381 2862 504 2934 Quo
535 2872 777 2933 tempore
804 2862 1001 2919 vixerit
1040 2863 1146 2920 iste
1180 2863 1507 2929 Alexander,
1558 2863 1692 2920 mibi
1746 2864 2142 2933 incompertum
2176 2874 2279 2919 est.
2312 2864 2530 2921 Citatur
2559 2879 2589 2919 a
2621 2864 2810 2934 Glyca,
2836 2880 2890 2935 p.
2923 2865 2958 2921 ι
2988 2864 3305 2929 Annalium,
3349 2863 3440 2921 ubi
3496 2862 3566 2921 de

309 2948 660 3009 Constantini
694 2948 875 3019 Magni
907 2949 1178 3018 baptismo
1209 2950 1348 3022 agit.
1382 2950 1498 3005 Duo
1530 2949 1869 3019 exemplaria
1900 2950 2225 3012 habuimus:
2259 2954 2490 3011 alterum
2523 2971 2588 3012 ex
2625 2955 2967 3012 Bibliotheca
2998 2954 3293 3022 Bavarica,
3327 2954 3561 3011 alterum

309 3042 384 3098 ab
410 3038 634 3095 Andrea
660 3038 912 3104 Sebotto,
946 3039 1229 3097 societatis
1280 3049 1483 3098 nostra
1534 3040 1874 3111 presbytero,
1928 3041 2272 3112 antiquitatis
2306 3042 2642 3099 illustrandte
2674 3042 3093 3110 studiosissimo,
3140 3042 3396 3098 collatura
3437 3055 3563 3097 cum

308 3127 637 3201 perantian
665 3124 854 3181 codice
883 3125 1097 3198 Crypta:
1127 3125 1370 3183 Ferrato
1394 3142 1505 3183 non
1555 3127 1744 3197 procul
1766 3125 2024 3194 Tusculo,
2047 3128 2134 3185 cui
2162 3129 2453 3200 plerasque
2482 3130 2850 3186 correctiones
2874 3128 2929 3184 in
2963 3129 3202 3199 acceptis
3236 3127 3558 3195 referimus;

309 3218 416 3273 etsi
472 3228 887 3284 nonnunquam,
915 3215 1009 3270 sed
1048 3231 1213 3286 parce
1238 3226 1293 3272 et
1322 3216 1642 3287 prudenter,
1668 3214 1996 3285 conjectura
2041 3217 2228 3274 itidem
2261 3218 2466 3289 aliquid
2494 3218 2838 3273 indulsimus.
2893 3215 3087 3272 Exstat
3134 3218 3189 3271 in
3231 3216 3559 3271 bibliotheca

309 3302 573 3359 Bavarlca
606 3301 741 3358 liber
770 3301 874 3359 hoc
908 3302 1065 3357 titulo
1098 3319 1116 3358 :
1159 3303 1381 3357 Ἰουλίου
1428 3303 1804 3369 Πολυδεύκους
1829 3323 1876 3377 χι

1990 3305 2078 3360 κόν
2113 3320 2130 3337 ο
2169 3304 2305 3362 Julii
2337 3303 2574 3360 Pollucis
2607 3304 2946 3360 Chronicum.
2981 3303 3273 3359 Exorditur
3303 3314 3495 3358 auctor
3529 3320 3557 3355 a

310 3389 593 3447 creatione
621 3389 831 3453 mundi,
859 3397 915 3443 et
944 3401 1115 3459 usque
1141 3392 1210 3443 ad
1236 3390 1522 3457 imperium
1555 3388 1795 3455 Valentis
1814 3391 2152 3447 Cltrouicum
2178 3394 2446 3462 perrexit.
2472 3392 2633 3448 Certe
2665 3393 2718 3447 in
2773 3389 2995 3445 Valente
3020 3391 3304 3460 exemplar
3330 3388 3557 3452 desiuit,

305 3477 414 3533 etsi
468 3474 774 3547 probabile,
804 3489 911 3529 non
937 3484 1045 3528 tam
1069 3483 1373 3536 auctorem,
1399 3489 1564 3542 quam
1594 3476 1878 3531 librarium
1919 3478 2009 3532 hic
2038 3477 2239 3534 fecisse
2271 3479 2457 3533 tinem.
2487 3477 2586 3535 Hic
2618 3491 2749 3546 ergo
2778 3476 2975 3539 Julius,
3008 3492 3181 3546 quem,
3202 3477 3256 3529 in
3298 3475 3550 3530 Latinam

309 3566 547 3635 linguam
575 3562 760 3626 vertit,
788 3560 886 3617 sed
928 3575 1035 3614 non
1065 3558 1235 3614 edidit
1268 3559 1569 3613 fidissimus
1590 3560 1901 3615 studiorum
1936 3578 2182 3618 meorum
2217 3566 2402 3619 socius
2438 3573 2496 3619 et
2549 3562 2764 3631 adiutor
2799 3562 2865 3617 P.
2902 3560 3283 3617 Ferainandus
3322 3561 3558 3617 Crenae-

307 3652 412 3705 lius
438 3649 602 3721 (dabo
639 3657 821 3703 tamen
852 3660 1096 3716 operam,
1125 3660 1195 3699 ne
1233 3658 1356 3699 cum
1393 3652 1609 3698 mortuo
1634 3645 1928 3715 interprete
1960 3650 2228 3703 moriatur
2265 3657 2429 3705 etlam
2461 3647 2790 3719 translatio),
2822 3658 2917 3703 aut
2950 3648 3318 3703 Alexandrum
3351 3648 3559 3719 expila-

306 3740 417 3805 vit;
449 3746 545 3792 aut
585 3734 898 3791 Alexander
924 3730 1169 3799 Iulium;
1203 3741 1296 3785 aut
1325 3741 1553 3800 uterque
1584 3733 1827 3801 tertium,
1862 3734 1999 3790 adeo
2038 3750 2144 3790 non
2171 3738 2330 3791 modo
2358 3737 2661 3801 sententiis,
2692 3738 2787 3790 sed
2825 3746 2881 3791 et
2905 3736 3088 3790 verbis
3124 3736 3328 3806 passim
3357 3751 3557 3791 conve-

306 3826 484 3879 niunt.
514 3823 711 3879 Versio
738 3820 1034 3877 Alexandri
1058 3834 1178 3874 mea
1221 3834 1330 3874 non
1372 3830 1475 3885 εει,
1505 3820 1603 3875 sed
1636 3817 1848 3875 Schottl
1884 3822 2086 3888 nostri;
2114 3821 2242 3878 licet
2277 3837 2397 3878 eam
2429 3822 2626 3878 alicubi
2655 3823 2722 3877 ad
2753 3822 3034 3893 exemplar
3076 3820 3208 3877 Bav.
3256 3834 3313 3878 et
3339 3823 3555 3894 Crypta

305 3909 460 3966 Ferr.
486 3909 964 3973 accommodarim.

374 3996 432 4053 lu
473 3997 684 4054 Schotti
718 3993 1235 4077 exemplari'titulus
1270 3993 1343 4047 ita
1374 4004 1669 4065 conceptus
1697 4001 1820 4050 est:
1844 3995 1872 4048 'l

1990 3996 2290 4051 ὀσιωτάτου
2308 3994 2663 4069 Ἀλεξάνδρου
2694 3995 2791 4051 καὶ
2819 3997 3058 4069 male?)
3088 3997 3175 4062 είς
3195 3996 3298 4070 τὴν
3328 3996 3552 4069 εὓρισιν

302 4086 399 4140 τοῦ
420 4086 605 4156 τιμίου
626 4087 722 4139 καὶ
746 4081 1015 4151 ξωοποιοῢ
1039 4081 1296 4153 σταυροῦ.
1326 4079 1658 4137 Sanctissimi
1684 4081 1869 4137 Aleum

1995 4091 2044 4137 et
2069 4081 2317 4137 monachi
2336 4082 2395 4136 in
2414 4083 2761 4138 inventionem
2782 4084 3095 4141 veneranda:
3114 4094 3163 4138 et
3182 4084 3402 4148 uiuiﬁcae
3436 4101 3553 4138 cru-

303 4176 399 4228 cis.
421 4174 480 4228 in
506 4173 765 4251 Bavarico
790 4171 1008 4227 additur
1028 4170 1393 4239 εΕὐλόγησον,
1416 4169 1620 4243 Πάτερ.
1636 4168 1884 4235 Benedic,
1910 4168 2093 4226 Pater.
2111 4169 2263 4238 Quod
2282 4172 2337 4228 in
2360 4170 2641 4227 codicibus
2658 4173 3043 4242 manuscriptis
3065 4173 3550 4229 animadvertimus

301 4260 621 4332 plerumque
645 4254 846 4331 ρηοηεί
873 4257 1112 4314 bomiliis
1132 4256 1379 4325 Patrum,
1406 4266 1457 4312 et
1490 4267 1805 4313 sanctorum
1835 4256 2115 4326 historiis;
2147 4259 2360 4327 hocque
2390 4259 2476 4314 vel
2504 4273 2533 4313 a
2566 4259 2803 4315 librariis
2817 4259 3020 4315 factum
3039 4268 3123 4316 est
3144 4260 3543 4317 benedictionis

299 4355 356 4402 et
370 4348 717 4416 divinanopis
735 4356 918 4417 coepto
952 4345 1127 4400 labori
1165 4344 1523 4415 impetrandae
1547 4346 1724 4415 gratia
1754 4343 2059 4416 ;vel,quod
2085 4345 2439 4403 verisimilius
2455 4348 2717 4414 arbitror,
2735 4362 2802 4404 ex
2836 4348 3240 4418 morelpublico,
3272 4349 3417 4417 quod
3448 4350 3548 4404 lto—

297 4432 478 4489 miliae
502 4433 585 4488 vel
612 4447 703 4489 res
736 4444 919 4506 gestas
957 4440 1271 4488 sanctorum
1300 4431 1541 4489 lecturus
1561 4434 1616 4488 in
1650 4431 1911 4497 Ecclesia,
1952 4433 2105 4502 prius
2131 4432 2569 4490 benedictionem
2597 4449 2627 4488 a
2657 4434 2943 4490 sacerdote
2970 4432 3051 4489 vel
3083 4434 3339 4505 episcopo
3386 4445 3545 4505 pete-

294 4530 405 4576 ret.
441 4520 624 4589 Quare
658 4521 931 4591 plerisque
957 4520 1127 4575 etiam
1154 4518 1332 4574 sancti
1359 4519 1630 4589 prraemi
1663 4519 1784 4590 Syri
1817 4518 2162 4577 sermonibus
2188 4520 2306 4577 btet:
2335 4521 2499 4576 verba
2521 4522 2814 4591 praeposita
2842 4521 3112 4587 videmus,
3142 4521 3267 4591 quia
3304 4536 3540 4578 consue-

297 4608 485 4664 tudine
516 4619 795 4678 reoeptum
832 4615 954 4662 erat
985 4620 1269 4663 sermones
1297 4608 1474 4663 sancti
1507 4607 1780 4678 Epitratui
1803 4605 2019 4676 publice
2060 4607 2113 4663 in
2147 4608 2378 4665 ecclesia
2412 4610 2788 4680 pronuntiare.
2818 4608 2998 4665 Testis
3028 4616 3254 4665 sanctus
3277 4608 3542 4680 Hierony-

292 4709 438 4760 mus,
474 4694 551 4749 De
572 4696 697 4749 viris
726 4694 1041 4749 illustribus.

363 4779 422 4834 lu
460 4781 694 4850 exempl.
723 4780 942 4852 Cryptae
972 4781 1232 4846 Ferratae,
1254 4786 1523 4836 vetustate
1542 4793 1709 4848 prope
1732 4792 1930 4833 consum

1975 4788 2074 4848 pto,
2103 4781 2183 4837 sic
2213 4781 2377 4837 habet
2420 4782 2637 4837 titulus:
2683 4782 3035 4852 Ἀλεξάνδρου
3095 4782 3331 4853 μοναχοῦ
3382 4783 3542 4849 λόγος

295 4865 571 4937 ἱστορικὸς
618 4869 749 4939 περὶ
781 4871 881 4939 τῆς
912 4868 1187 4940 εὑρέσεως
1213 4867 1307 4919 τοῦ
1354 4866 1537 4936 τιμίου
1589 4862 1846 4934 σταυροῦ,
1904 4866 2042 4935 πρός
2067 4884 2219 4931 τινας
2244 4870 2426 4930 ὁσίους
2459 4870 2711 4939 Πατέρας
2744 4869 3151 4939 προτραπέντος
3195 4869 3289 4924 ὑπ’
3336 4870 3540 4924 αὐτῶν.

303 4952 395 5006 Ἐν
424 4947 469 5021 ᾧ
499 4955 619 5006 ἐστι
648 4954 895 5024 Θεολογία
918 4954 1127 5025 ἀληθὴς
1153 4954 1248 5007 καὶ
1279 4954 1409 5022 περὶ
1441 4951 1543 5020 τῆς
1577 4950 1727 5013 θείας
1758 4951 2073 5022 οἰκονομίας
2103 4953 2350 5023 ἀπλανὴς
2378 4953 2638 5023 ὁμολογία
2656 4994 2672 5019 ,
2701 4954 2798 5006 καὶ
2837 4953 3112 5025 ιγκώμιον
3134 4957 3215 5019 είς
3245 4956 3336 5010 τὸν
3361 4957 3544 5027 τίμιον

292 5043 546 5110 σταυρόν.
589 5042 888 5097 Alexandri
914 5040 1158 5097 monachi
1188 5041 1361 5094 oratio
1404 5037 1658 5093 historica
1693 5040 1757 5092 de
1798 5039 2099 5096 inventione
2137 5040 2449 5094 veneranda
2481 5042 2677 5106 crucis,
2708 5041 2778 5095 ad
2817 5044 3072 5112 quosdam
3099 5055 3306 5097 sanctos
3329 5042 3541 5112 Patres,

286 5143 514 5198 quorum
577 5130 939 5184 cohortatione
996 5129 1067 5182 ad
1114 5127 1450 5183 scribendum
1499 5136 1836 5192 accesserat;
1889 5128 1946 5181 in
1988 5144 2093 5199 qua
2137 5136 2213 5183 est
2265 5125 2524 5199 theologia
2555 5143 2699 5197 vera,
2732 5138 2781 5182 et
2830 5128 2896 5183 de
2943 5128 3122 5186 diuina
3154 5131 3544 5201 dispensatione

286 5218 496 5273 sincera
514 5216 775 5288 confessio
796 5258 812 5283 ,
831 5225 883 5272 et
906 5215 1200 5272 encominrn
1230 5214 1286 5268 in
1309 5212 1652 5269 t'etterandarn
1678 5228 1906 5271 crucem.
