3950 6200
319 140 455 206 4021
525 193 528 196 .

1301 141 1400 200 DE
1421 142 1889 204 INVENTIONE
1909 139 2214 204 S.LNCT.‘E
2252 139 2548 228 CRUCIS.

3437 141 3582 206 4⁸)Ξὲ

319 251 481 315 ποιεῖ,
513 247 654 319 ἔχων
704 246 793 301 ἀεὶ
831 247 1131 320 σύνδρομον
1175 247 1275 320 τὴν
1326 249 1554 322 δύναμιν
1605 253 1748 308 κατὰ
1801 253 1892 306 τὸν

2004 261 2169 316 creat,
2198 249 2456 304 voluntati
2483 262 2579 318 per
2606 247 2795 306 omnia-
2811 246 2916 301 vim
2954 246 3366 319 potentiamque
3388 266 3574 322 aequa.

321 341 615 414 Προφήτην
663 337 754 392 τὸν
784 339 1049 408 λέγοντα,
1099 357 1119 392 ι
1162 339 1347 395 Πάντα
1407 343 1508 396 ὅσα
1552 341 1818 414 ἠθέλησεν
1867 346 1894 398 ὁ

321 435 520 505 Κύριος
555 475 570 500 ,
633 433 911 505 ἐποίησεν.
942 450 963 485 ι
1005 433 1065 487 '0
1115 433 1172 488 δὲ
1220 435 1541 498 ὲκστατικὸς
1612 435 1896 506 Ὠριγένης

319 527 588 596 ἐτόλμησε
613 525 800 596 λέγειν,
829 525 1297 596 πεπερατωμένην
1337 520 1478 579 εἶναι
1502 525 1598 594 τὴν
1624 525 1715 578 τού
1759 524 1892 576 Θεοῦ

315 615 586 686 δύναμιν,
649 616 743 669 καὶ
819 614 1019 684 μυρίας
1093 614 1288 685 ἑτέρας
1351 615 1699 686 βλασφημίας
1748 617 1892 669 ἀπα-

318 709 518 778 φρίσας
576 708 667 760 καὶ
735 706 1021 774 ὑπέρογκα
1086 707 1181 759 καὶ⁹
1225 705 1630 774 δυσεξάγγελτα
1671 709 1728 758 ὲν
1780 708 1894 768 τοῖς

318 801 689 868 συντάγμασιν
723 797 887 854 αὐτοῦ
917 799 1245 870 ὲκληρήσας,
1272 798 1556 872 ἐπλήρωσε
1591 799 1690 868 τὴν
1715 798 1897 849 οἰκου-

320 892 486 960 μένην
519 891 757 961 άμέτρου
798 889 1062 959 φλυαρίας
1085 906 1102 922 ο
1140 887 1296 953 ἀξίαν
1328 889 1384 943 δὲ
1427 889 1526 958 τῆς
1551 888 1741 942 ἑαυτοῦ
1774 887 1895 942 τολ-

319 984 522 1053 μηρίας
568 982 860 1045 συνοδικῶς
935 982 1290 1052 ἀπηνέγκατο
1354 983 1698 1054 κατάκρισιν.
1745 981 1899 1035 Ἀλλ’

315 1075 409 1127 ἐπὶ
438 1074 495 1125 τὸ
528 1073 891 1145 προκείμενον
925 1073 1334 1145 ἐπανέλθωμεν.

386 1167 625 1236 Ποιήσας
669 1166 962 1237 τοιγαροῦν
1023 1168 1051 1220 ὁ
1108 1165 1243 1229 Θεὸς
1293 1165 1382 1220 τὸν
1432 1166 1721 1236 ἄνθρωπον
1771 1165 1899 1220 κατ’

313 1257 497 1313 είκόνα
528 1258 664 1310 ἰδίαν
694 1259 788 1311 καί⁵
827 1257 1092 1327 ὁμοίωσιν
1119 1299 1135 1325 ,
1195 1257 1347 1312 ἔθετο
1402 1259 1566 1313 αὑτὸν
1617 1259 1674 1312 ἐν
1715 1275 1894 1329 παρα-

313 1349 477 1421 δείσῳ
521 1349 656 1420 (Η),
704 1348 886 1413 καθώς
949 1366 1114 1420 φησιν
1166 1353 1200 1422 ἡ
1259 1350 1498 1422 Γραφὴ,
1566 1352 1897 1424 δργάζεσθαι

314 1442 536 1503 πάντως
569 1441 632 1493 ού
661 1440 760 1510 τὴν
792 1439 997 1510 βρῶσιν
1026 1441 1128 1510 τὴν
1171 1441 1584 1514 ἀπολλυμένην,
1631 1443 1768 1496 ἀλλὰ
1799 1443 1900 1512 τὴν

2000 342 2100 396 lem
2151 340 2452 412 possidens,
2491 339 2634 392 unde
2658 346 2713 393 et
2775 337 3086 407 Propheta:
3125 355 3146 391 ι
3173 336 3368 394 Omnia
3425 359 3575 411 quae-

1997 445 2233 507 cumque
2262 429 2454 493 voluit,
2488 429 2628 484 Deus
2666 428 2792 482 fecit
2820 430 2840 461 '
2865 465 2879 480 .
2905 445 2927 482 ι
2964 425 3167 484 Vecors
3220 445 3351 484 vero
3383 429 3575 502 Orige-

2001 539 2097 578 nes
2158 521 2396 575 divinam
2454 521 2754 590 potentiam
2803 520 2970 575 certis
3028 519 3292 577 limitibus
3341 524 3578 578 circum-

1998 613 2255 683 scriptam
2301 627 2467 666 ausus
2499 620 2579 664 est
2610 611 2809 678 dicere,
2844 621 2898 666 et
2931 609 3078 664 mille
3120 610 3172 666 id
3219 628 3388 681 genus
3432 613 3577 670 blas-

2000 704 2335 772 phemiarum
2389 701 2661 768 elfutieus,
2715 704 3041 774 scriptisque
3090 705 3201 758 suis
3259 706 3577 763 intolerabi-

2001 784 2066 849 lia
2122 796 2386 865 quaedam,
2421 803 2474 847 et
2522 809 2641 863 quae
2692 794 2795 848 dici
2832 795 2983 850 nefas
3016 796 3083 848 sit
3115 797 3424 862 inferciens,
3457 799 3578 854 inii-

2001 890 2126 943 nitis
2170 888 2428 942 mundum
2478 886 2758 942 erroribus
2809 888 3052 957 implevit
3090 906 3104 942 :
3139 905 3322 944 verum
3377 907 3575 947 vesana

2001 978 2160 1048 hujus
2213 979 2490 1032 temeritas
2537 977 2784 1048 synodali
2830 976 3147 1046 jamdudum
3188 983 3454 1036 sententia
3495 993 3579 1040 csl.

2000 1070 2376 1124 condemnata.
2397 1060 2519 1124 Nos
2552 1068 2618 1121 ad
2655 1068 2958 1122 institutum
2990 1080 3357 1126 revertamur.

2071 1159 2205 1212 Cum
2241 1161 2423 1229 itaque
2452 1158 2590 1214 Deus
2619 1157 2892 1213 hominem
2929 1159 2996 1214 ad
3029 1161 3315 1231 imaginem
3347 1179 3496 1216 suam
3524 1175 3576 1218 et

2002 1253 2414 1309 similitudinem
2446 1253 2801 1316 condidisset,
2833 1251 3014 1321 posuit
3051 1266 3173 1306 eum
3208 1251 3272 1306 in”
3299 1254 3575 1322 paradiso.

2003 1350 2060 1396 ut
2081 1349 2313 1396 testatur
2356 1340 2658 1409 Scriptura,
2701 1341 2767 1394 ad
2820 1339 3150 1410 operandam
3210 1341 3388 1396 cibum
3436 1359 3576 1398 nun-

2003 1446 2164 1501 quam
2220 1432 2554 1499 periturum,
2587 1433 2680 1487 sed
2727 1432 2781 1486 in
2817 1433 2979 1484 vitam
3027 1441 3286 1487 externam
3320 1449 3576 1504 perman-

317 1533 586 1604 μένουσαν
643 1533 724 1596 είς
762 1531 910 1602 ζωὴν
955 1531 1208 1600 αίὼνιον,
1267 1533 1560 1602 φυλάττειν
1616 1534 1671 1587 δὲ
1731 1535 1893 1587 πάλιν

2005 1537 2190 1577 surum
2214 1525 2265 1589 ⁸,
2298 1525 2650 1578 custodiendo
2687 1524 2937 1578 videlicet
2979 1522 3218 1578 salutare
3248 1537 3576 1594 praeceptum

311 1624 552 1694 δηλονότι
577 1625 676 1693 τὴν
697 1624 942 1679 δοθεῖσαν
975 1623 1128 1695 αὐτῷ
1154 1627 1306 1697 παρά
1331 1625 1432 1681 τού
1464 1627 1700 1680 κτίστου
1753 1626 1890 1690 ζωο-

2004 1614 2100 1669 sibi
2123 1629 2152 1666 a
2175 1612 2471 1668 Conditore’
2507 1615 2747 1669 omnium
2795 1615 3118 1683 iniunctum.
3191 1616 3254 1668 At
3291 1632 3448 1673 nemo
3477 1635 3578 1675 nos

315 1715 482 1784 φόρον
537 1713 778 1784 ἐντολήν.
814 1712 976 1767 Ἀλλὰ
1010 1714 1201 1785 μηδεὶς
1266 1715 1566 1787 μεμφέσθω
1615 1713 1759 1768 οὕτω
1814 1715 1893 1784 τῷ

315 1802 587 1874 προοιμίῳ
617 1804 729 1874 (15)
756 1803 1070 1874 μηκύνοντι,
1101 1803 1160 1857 οὐ
1185 1803 1294 1874 γάρ
1323 1805 1448 1873 εικῆ
1472 1845 1488 1869 ,
1514 1803 1636 1856 οὐδὲ
1663 1803 1842 1873 μάτην
1874 1817 1893 1840 ο

316 1894 434 1948 ἀλλ’
459 1893 760 1964 ἐπειδήπερ
787 1894 1072 1964 προέκειτο
1103 1896 1234 1965 ἡμῖν
1252 1894 1487 1964 σταυροῦ
1518 1893 1708 1965 μνείαν
1735 1894 1894 1964 ποιη-

317 1985 536 2049 σασθαι,
564 1984 866 2055 ἐϐουλήθην
892 1983 1060 2050 δεῖξαι
1085 1985 1181 2038 τοῦ
1212 1986 1480 2050 ζωοποιοῠ
1515 1985 1753 2056 σταυροῦ
1784 1985 1888 2057 τὴν

315 2073 473 2138 δόξαν
504 2072 734 2136 ἄνωθεν,
767 2073 862 2126 καὶ
900 2073 959 2139 ἐξ
986 2075 1163 2144 ἀρχῆς
1184 2075 1243 2127 ἐν
1274 2076 1424 2147 πάσῃ
1468 2079 1535 2146 τῇ
1568 2075 1743 2129 κτίσει
1779 2075 1894 2129 δια-

317 2167 662 2238 λάμπουσαν.
687 2167 796 2220 Καὶ
823 2170 1080 2221 σκοπεῖτε
1123 2168 1172 2220 εί
1203 2167 1277 2238 μὴ
1297 2166 1470 2230 οὕτως
1506 2167 1640 2238 ἔχει·
1672 2167 1750 2222 ενι
1784 2168 1893 2238 γὰρ

321 2261 458 2330 μετὰ
482 2259 766 2328 ἀκριϐείας
788 2261 968 2328 πάσης
1003 2259 1153 2323 ίδεῖν,
1181 2260 1262 2313 ὃτι
1296 2261 1475 2313 πᾶσαν
1501 2259 1676 2312 κτίσιν
1694 2259 1896 2328 ὁρατὴν

314 2351 411 2405 καὶ
452 2350 680 2422 ἀόρατον
723 2350 1081 2422 σταυροειδῶς
1119 2351 1148 2403 ὁ
1184 2348 1317 2412 Θεὸς
1352 2348 1606 2418 εποίησεο
1665 2349 1896 2417 ποιήσας

311 2441 506 2512 γὰρτὸ
532 2441 736 2506 πλάτος
754 2482 770 2509 ,
816 2443 912 2496 καὶ
939 2441 1002 2496 τὸ
1050 2441 1226 2512 μῆκος
1248 2481 1263 2506 ,
1316 2439 1413 2494 καὶ
1437 2440 1499 2493 τὸ
1531 2439 1685 2509 ὕψος,
1715 2441 1811 2492 καὶ
1835 2438 1896 2493 τὸ

315 2532 498 2603 βάθος,
555 2533 742 2603 σαφῶς
773 2532 866 2587 τοῦ
923 2533 1160 2605 σταυροῦ
1194 2531 1286 2586 τὸν
1311 2532 1482 2585 τύπον
1514 2534 1572 2586 ὲν
1608 2530 1896 2603 μυστηρίῳ

311 2625 663 2696 διεγράψατο,
683 2628 741 2680 ἐν
763 2627 972 2690 τούτοις
999 2627 1055 2680 δὲ
1079 2629 1140 2680 τὸ
1167 2628 1278 2681 πᾶν
1311 2627 1568 2698 ὑπάρχει.
1601 2626 1712 2680 Καὶ
1736 2624 1898 2680 τοῦτό

313 2717 528 2781 ὲστι,ὡς
546 2714 786 2786 οἷμαι,τδ
807 2718 1098 2790 εἰρημένον
1116 2717 1194 2789 τῷ
1215 2718 1513 2788 σοφωτάτῳ
1536 2717 1898 2789 [Ιαύλῳέινιιισὶ⁸

313 2811 444 2880 γάρ,
479 2829 498 2862 t
543 2811 746 2863 Τούτου
789 2812 950 2880 χάριν
987 2811 1227 2879 κάμπτω
1271 2813 1340 2865 τά
1382 2811 1587 2880 γόνατά
1625 2829 1727 2883 μου
1759 2811 1898 2884 πρὸς

309 2901 406 2954 τὸν
429 2900 668 2973 Πατέρα,
684 2921 700 2952 ι
721 2903 813 2955 καὶ
830 2903 898 2954 τά
917 2901 1066 2972 ἑξῆς,
1097 2923 1117 2956 ι
1150 2902 1237 2955 ἶνα
1258 2901 1578 2974 ἐξισχύσητε
1594 2901 1894 2956 καταλαϐέ-

313 2993 438 3046 σθαι
471 2994 568 3047 σὺν
598 2995 730 3047 πᾶσι
761 2995 874 3056 τοῖς
901 2994 1103 3064 ἁγίοις,
1129 2995 1184 3048 τί
1208 2994 1267 3047 τὸ
1299 2993 1456 3060 ὕψος,
1487 2995 1581 3048 καὶ
1603 2993 1785 3064 βάθος,
1807 2993 1903 3048 καὶ
1929 2975 1972 3032 (ἶ

312 3085 530 3148 πλάτος,
567 3089 658 3139 καὶ
705 3086 900 3156 μῆκος.
933 3106 951 3139 ι

1998 1707 2355 1775 reprehendat
2419 1717 2527 1760 tam
2571 1707 2734 1778 longo
2786 1718 3004 1765 utentes
3065 1713 3363 1779 principio;
3403 1727 3578 1782 neque

1996 1798 2138 1852 enim
2171 1808 2372 1852 temere
2409 1813 2472 1852 ac
2497 1799 2614 1852 sine
2652 1799 2859 1853 ratione
2893 1799 2944 1854 id
2973 1817 3003 1854 a
3036 1801 3190 1857 nobis
3225 1802 3428 1857 factum
3467 1810 3573 1858 est.

1998 1889 2197 1944 Verum
2227 1891 2482 1958 quoniam
2509 1891 2778 1961 propositi
2806 1893 2980 1948 nostri
3015 1895 3335 1949 eratcrucis
3371 1909 3578 1948 metno~

2000 1982 2133 2035 riam
2187 1980 2388 2047 facere,
2430 1997 2606 2051 operm
2662 1983 2899 2052 pretium
2954 1985 3356 2050 existimamus.
3410 1985 3456 2041 si
3489 2000 3580 2041 os-

2000 2070 2344 2127 tenderemus
2391 2071 2687 2128 salutil‘erae
2716 2075 2899 2130 crucis
2955 2076 3207 2146 gloriam,
3266 2077 3428 2131 etiam
3489 2079 3584 2132 diu

1997 2172 2155 2228 ante,
2185 2173 2344 2233 atque
2372 2164 2507 2220 adeo
2539 2164 2608 2218 ab
2639 2165 2755 2234 ipso
2801 2167 2950 2222 orbis
2983 2169 3255 2237 principio
3279 2208 3294 2234 ,
3359 2170 3414 2222 In
3467 2169 3583 2224 uni-

1998 2274 2154 2315 versa
2206 2262 2307 2316 hac
2361 2277 2542 2315 rerum
2585 2262 2836 2318 machina
2891 2279 3110 2334 semper
3157 2264 3460 2329 reluxisse;
3512 2277 3582 2318 ac

1998 2349 2195 2418 videte,
2243 2366 2425 2406 annon
2457 2352 2528 2405 ita
2583 2367 2643 2407 se
2683 2367 2770 2408 res
2800 2353 3017 2410 habeat.
3055 2355 3204 2411 Licet
3235 2357 3378 2410 enim
3411 2354 3581 2410 cuivis

1999 2442 2339 2512 apertissime
2367 2451 2530 2512 atque
2561 2436 2972 2501 evidentissima
3005 2448 3187 2503 videre
3216 2460 3409 2503 omnes
3444 2461 3578 2501 con-

1999 2533 2140 2588 ditas
2189 2550 2309 2602 res,
2355 2547 2462 2590 tam
2513 2553 2632 2606 qua:
2683 2537 2858 2593 oculis
2913 2541 3186 2610 conspici,
3244 2555 3407 2610 quam
3459 2553 3582 2610 quae

1999 2625 2066 2682 iis
2088 2627 2473 2696 comprehendi
2507 2639 2804 2698 nequeunt,
2835 2647 2863 2684 a
2901 2629 3012 2686 Deo
3047 2631 3100 2685 in
3135 2632 3312 2687 crucis
3337 2631 3568 2686 formam

1997 2729 2118 2772 esse
2167 2717 2373 2785 factas;
2424 2717 2630 2775 faciens
2684 2721 2830 2775 enim
2887 2721 3254 2786 latitudinem,
3295 2721 3579 2793 longitudi-

2003 2822 2161 2874 nem,
2189 2809 2530 2866 altitudinem
2574 2827 2641 2866 ac
2685 2812 3152 2881 profunditatem,
3199 2815 3348 2870 clare
3392 2815 3578 2870 crucis

2002 2909 2186 2973 typum
2236 2917 2346 2956 non
2388 2904 2505 2958 sine
2533 2907 2793 2974 mysterio
2827 2904 3150 2976 descripsit;
3201 2906 3254 2960 in
3304 2906 3390 2960 his
3434 2904 3579 2959 enim

2007 3002 2240 3063 quatuor
2265 3003 2460 3049 cuncta
2509 2995 2835 3050 consistunt.
2870 2999 3049 3066 Atque
3079 2999 3184 3053 hoc
3235 2996 3411 3067 ipsum
3457 3001 3582 3050 esse

2003 3090 2276 3158 existimo,
2320 3092 2462 3159 quod
2501 3091 2937 3160 sapientissimus
2981 3096 3057 3147 alt
3085 3091 3317 3146 Paulus:
3347 3109 3366 3145 ι
3411 3089 3597 3159 Hujus.

311 3179 390 3232 rei
418 3181 586 3247 gratia
633 3181 791 3236 ﬂecto
821 3197 991 3251 genua
1029 3197 1147 3238 mea
1201 3183 1268 3237 ad
1311 3183 1580 3250 Patrem,»
1620 3191 1748 3246 etc.,
1776 3201 1798 3235 ι
1830 3192 1890 3237 ιιι
1920 3184 2143 3252 possitis
2192 3181 2650 3252 comprehendere
2699 3199 2820 3239 cuin
2875 3185 3126 3239 omnibus
3175 3183 3415 3250 sanctis,
3462 3196 3584 3254 quae

312 3278 384 3330 sit
423 3276 646 3329 latitudo
703 3285 756 3329 et
787 3275 1089 3344 longitudo,
1130 3285 1186 3330 et
1247 3275 1557 3332 sublimitas
1595 3283 1650 3330 et
1700 3275 2124 3345 prolundum'.»

394 3390 558 3444 Ἀλλὰ
584 3391 679 3444 καὶ
703 3391 804 3443 ὃσα
825 3391 980 3460 τίμια
1005 3393 1063 3443 ὲν
1095 3393 1242 3461 πάσῃ
1273 3394 1337 3461 τῇ
1372 3393 1571 3455 κτίσει,
1608 3407 1892 3460 σταυροει-

311 3483 413 3548 δῶς
432 3482 536 3537 ὑπὸ
555 3482 646 3535 τού
664 3485 869 3551 Δημιου
879 3482 1007 3553 ργοῦ
1031 3482 1191 3552 σοφίᾳ
1214 3483 1483 3551 κρείττονι
1503 3482 1891 3552 ἑγεννήθησαν.

313 3571 396 3626 Τὰ
423 3570 552 3639 γοῦν
578 3571 935 3641 τετράμορφα
965 3569 1079 3633 ζῶα
1114 3569 1346 3637 σταυροῦ
1368 3569 1460 3622 τὸν
1489 3570 1660 3622 τύπον
1689 3571 1779 3623 διά
1798 3569 1892 3623 τοῦ

313 3667 594 3737 σχήματος
644 3665 1028 3739 ἀναμφιϐόλως
1086 3664 1435 3735 σημαίνουσι.
1494 3664 1659 3732 Λέγει
1706 3665 1814 3736 γὰρ
1865 3665 1894 3717 ὁ

314 3756 596 3822 θεσπέσιος
631 3760 915 3829 προφήτης
943 3775 956 3788 ·
1003 3776 1021 3810 ι
1056 3754 1208 3810 Εἶδον
1239 3757 1330 3810 τὸν
1360 3759 1564 3828 Κύριον
1586 3757 1892 3828 καθήμενον

2074 3395 2218 3462 Quin
2265 3405 2322 3452 et
2363 3410 2696 3464 quacunque
2728 3394 2780 3448 iu
2835 3402 2946 3447 toto
2994 3394 3098 3447 hoe
3153 3391 3409 3447 universo
3439 3407 3577 3461 prte-

2001 3487 2262 3541 stantiora
2287 3487 2556 3542 exsistunt
2589 3501 2697 3554 prze
2725 3485 2971 3549 caeteris,
3015 3483 3067 3536 in
3103 3488 3284 3536 crucis
3307 3485 3586 3550 speciem,_

2003 3591 2110 3631 non
2171 3576 2290 3632 sine
2340 3577 2574 3631 evidenti
2615 3561 2849 3643 quadam
2882 3573 3176 3643 sapientia,
3235 3573 3441 3627 Auctor
3489 3573 3579 3630 ille
3672 3584 3675 3585 '

2000 3668 2240 3723 omnium
2285 3668 2520 3722 creavit.
2573 3666 2705 3720 Nam
2731 3674 2788 3721 et
2833 3664 2923 3720 illa
2957 3663 3218 3719 animalia
3259 3665 3578 3735 quadrupli-

2000 3773 2117 3813 cem
2179 3756 2408 3812 l'ormam
2483 3756 2810 3822 referentia,
2877 3756 3060 3812 crucis
3131 3756 3395 3821 fortnam,
3460 3757 3592 3827 ipso.

2002 3848 2184 3903 habitu
2204 3889 2219 3910 ,
2249 3849 2388 3906 haud
2414 3849 2574 3904 dubie
2607 3834 3031 3916 reprasentant;
3064 3847 3238 3917 inquit
3260 3848 3408 3904 enim
3439 3849 3578 3903 divi-

2000 3950 2102 3988 nus
2134 3936 2396 4004 prapheta
2422 3952 2435 3989 :
2476 3952 2492 3985 I
2520 3933 2644 3989 Vidi
2681 3932 2845 3989 Deum
2877 3935 3153 3990 sedentem
3186 3949 3351 4005 super
3380 3931 3573 3989 solium

311 3850 405 3903 ἐπὶ
428 3849 616 3922 θρόνου
636 3850 838 3920 ὑψηλοῦ
857 3849 952 3903 καὶ
969 3851 1335 3921 ἐπηρμένου.»
1357 3850 1538 3903 καὶτὰ
1565 3849 1716 3919 ἑξῆς,
1751 3869 1770 3904 ι
1798 3849 1891 3904 καὶ

313 3943 566 4013 Σεραφὶμ
612 3943 937 4012 ὲστήκεισαν
977 3941 1162 4011 κύκλῳ
1213 3940 1405 4008 αὐτοῦ,
1455 3941 1550 3993 καὶ
1601 3942 1670 3994 τά
1724 3942 1890 4012 σκέλη

310 4031 490 4086 αύτῶν
516 4033 670 4100 ὀρθά,
705 4033 764 4098 ἒξ
812 4033 1081 4103 πτέρυγες
1127 4032 1206 4104 τῷ
1257 4033 1360 4099 ἐνὶ,
1395 4033 1487 4086 καὶ
1515 4032 1573 4098 ἓξ
1615 4034 1886 4102 πτέρυγες

2004 4025 2287 4090 :xcelsum,
2317 4035 2372 4080 et
2401 4025 2721 4090 elevatum,»
2761 4035 2892 4090 etc.,
2923 4035 3015 4080 tet
3043 4023 3326 4095 Seraphim
3357 4025 3578 4080 stabant-

309 4122 389 4192 τῷ
418 4123 522 4189 ἑνὶ,
557 4124 650 4178 καὶ
676 4125 794 4187 ταῖς
843 4123 943 4192 μὲν
969 4123 1090 4176 δυσῖ¹
1117 4123 1347 4195 πτέρυξι
1375 4123 1786 4178 κατεκάλυπτον
1817 4124 1887 4177 τά

2012 4137 2042 4173 ιι
2095 4119 2326 4175 circuitu
2358 4119 2474 4189 eius
2495 4159 2510 4184 ,
2547 4128 2601 4172 et
2632 4132 2791 4172 crura
2830 4132 3019 4173 eorum
3052 4127 3196 4172 recta
3228 4127 3392 4171 erant
3423 4133 3439 4184 ;
3473 4131 3569 4172 sex

309 4207 578 4286 πρόσωπα
606 4215 808 4280 αὐτῶν,
838 4218 956 4278 ταῖς
989 4216 1044 4268 δὲ
1080 4216 1202 4268 δυσὶ
1243 4216 1371 4277 τοὺς
1405 4216 1596 4280 πόδας,
1638 4216 1733 4268 καὶ
1767 4218 1887 4280 ταῖς

2004 4211 2090 4265 the
2116 4210 2205 4264 uni
2233 4249 2249 4274 ,
2277 4219 2332 4264 et
2361 4225 2456 4264 sex
2481 4209 2580 4264 ala:
2605 4209 2792 4275 alteri,
2824 4219 2880 4264 et
2921 4210 3132 4264 duabus
3167 4209 3268 4264 alis
3319 4208 3574 4262 velahant

310 4305 466 4360 δυσὶν
495 4306 757 4360 ὲπέταντο
787 4308 920 4378 (16).
944 4326 962 4358 ι
1000 4309 1293 4371 Μυστικῶς
1323 4308 1411 4362 διά
1445 4308 1554 4361 τῶν
1581 4307 1878 4362 άνωτάτων

2004 4300 2158 4357 iacies
2205 4316 2338 4356 suas
2361 4342 2379 4368 ,
2419 4301 2634 4355 duabus
2673 4311 2852 4356 autem
2886 4301 3050 4369 pedes
3071 4310 3166 4366 ,ει
3191 4300 3398 4355 duabus
3425 4300 3570 4354 vola-

309 4397 594 4468 δυνάμεων
652 4398 867 4469 ἐδείχθη
929 4401 962 4470 ἡ
1008 4399 1134 4465 δόξα
1169 4397 1263 4452 τοῦ
1317 4398 1584 4462 ζωοποιοῦ
1621 4396 1880 4468 σταυροῦ.

2004 4403 2124 4446 sant
2153 4391 2176 4422 ³
2201 4429 2217 4445 .
2256 4410 2275 4443 ι
2325 4391 2424 4446 Uhi
2452 4391 2676 4461 mystice
2715 4405 2811 4461 per
2841 4406 3108 4459 supernas
3143 4390 3264 4446 illas
3320 4400 3573 4459 potesn-

321 4452 478 4542 Ἀλλά
501 4489 596 4542 καὶ⁵
616 4490 666 4542 οί
690 4452 876 4558 φωᾏτή
887 4452 976 4560 pe;
1005 4452 1366 4561 CT;UPO€L&I:C
1393 4491 1454 4543 τὸ
1470 4491 1670 4560 φέγγος
1701 4452 1881 4544 αύιτῶν

2004 4500 2073 4539 ;es
2123 4482 2380 4550 maiestas
2427 4483 2653 4538 viviﬁeae
2711 4483 2893 4537 erucis
2935 4484 3282 4538 ostenditur.
3332 4481 3472 4549 Quin
3517 4493 3574 4536 et

309 4575 764 4651 ὲξαστράπτουσι,
784 4583 879 4634 καὶ
897 4580 1180 4650 ἄνθρωπος
1204 4580 1261 4634 δὲ
1285 4581 1642 4653 σταυροειδῶς
1664 4581 1884 4634 διεπλά-

2011 4577 2277 4631 umiuaria
2337 4575 2461 4631 cmli
2515 4575 2582 4630 ad
2639 4575 2859 4630 modum
2927 4576 3111 4630 crucis
3173 4574 3353 4629 lumen
3411 4590 3580 4629 suum

313 4669 435 4739 σθη.
481 4671 594 4733 Πᾶς
634 4673 743 4743 γάρ
775 4689 860 4734 τις
905 4671 1078 4734 ἑστὼς
1113 4672 1207 4725 καὶ
1257 4671 1511 4724 ἐκτείνων
1541 4673 1640 4734 τὰς
1690 4674 1879 4742 χεῖρας

2004 4670 2313 4734 lillundunt,
2337 4677 2390 4723 et
2421 4662 2776 4740 homo‘etiam
2807 4666 2859 4720 iu
2895 4666 3123 4720 formam
3157 4667 3334 4721 crucis
3364 4666 3571 4720 forma—

308 4759 716 4831 άναντιρῤήτως
744 4763 978 4832 σταυρὸν
997 4763 1086 4815 διὰ
1119 4762 1214 4814 τοῦ
1249 4763 1525 4831 σχήματος
1557 4764 1737 4815 τυποῖ.
1767 4761 1879 4815 Καὶ

2011 4771 2073 4813 us
2103 4768 2223 4813 est.
2276 4756 2516 4824 Quisque
2566 4756 2709 4809 enim
2743 4763 2960 4809 erectus
3013 4765 3204 4818 stans,
3267 4768 3572 4822 manusque

307 4853 336 4904 ὁ
361 4853 683 4922 παράδεισος
711 4853 768 4906 δὲ
792 4852 1028 4921 σταυροῦ
1058 4853 1118 4905 τὸ
1164 4851 1436 4920 σύμϐολον
1459 4851 1595 4921 ἔχει,
1626 4852 1873 4904 τουτέστι

2004 4849 2324 4912 attendens,
2388 4847 2568 4902 crucis
2635 4847 2864 4916 ﬁguram
2915 4845 3022 4902 hoc
3075 4856 3231 4914 gestu
3287 4845 3407 4899 sine
3460 4843 3570 4899 ulla

304 4941 366 4995 τὸ
387 4940 541 5008 ξύλον
570 4941 670 5012 τῆς
700 4940 867 5014 ζωῆς,
893 4941 987 5011 ἀφ’
1019 4934 1079 4996 οὗ
1104 4947 1296 5013 φαγεῖν
1328 4945 1356 4998 ὁ
1383 4944 1690 5014 ἁρχέκακος
1751 4943 1877 5012 ὄφις

2004 4941 2325 4997 lubitatione
2393 4937 2631 5010 eﬂingit.
2665 4937 2894 5007 insuper
2939 4945 2994 4992 et
3043 4937 3336 5007 paradisus
3384 4936 3574 4992 crucis

1553 5120 1572 5152 ⁷
1610 5117 2090 5189 Ephes.m,u-18.
2173 5111 2319 5174 'isa.
2355 5132 2440 5183 vt,
2473 5114 2563 5176 22.

1807 5253 2036 5314 ΝΟΤᾸΖ.

377 5345 489 5420 (η)
517 5345 647 5420 de.
679 5349 808 5420 Sch.
840 5347 1240 5420 svrnapaiisietp
1271 5348 1502 5419 τρυφῆς.
1531 5347 1695 5402 Paulo
1726 5358 1870 5419 post,

305 5416 639 5487 ἐργάζεσθαι
668 5419 760 5470 καὶ
784 5416 1078 5486 φυλάσσειν
1105 5416 1343 5482 πάντως.

312 5485 672 5626 ἐξείη
703 5485 822 5544 εοάγο
873 5489 1064 5561 μηδείς
1111 5505 1179 5560 με
1227 5486 1560 5561 μεμφέσθω,
1609 5487 1752 5542 οὕτω
1795 5488 1872 5560 τῷ

2004 5499 2154 5541 rutam
2187 5497 2263 5542 est
2295 5485 2432 5558 quod
2498 5489 2680 5541 mediis

2004 5573 2063 5624 τε,
2097 5566 2205 5614 ctc.

377 5120 401 5154 '
441 5121 584 5176 Psal.
644 5134 815 5188 est",
856 5120 929 5176 '5.
993 5119 1015 5152 ‘
1042 5117 1312 5186 Joan.vr,
1361 5120 1466 5174 27.

2052 5346 2161 5428 (_l6')
2186 5346 2321 5428 God.
2357 5346 2488 5428 Sch.
2515 5356 2634 5428 post
2657 5417 2669 5428 _
2689 5345 2959 5428 ἐπέταττε
2981 5344 3097 5428 h:ee_
3130 5344 3292 5399 habet
3331 5343 3561 5428 :"Aﬁito-J

1977 5418 2035 5472 se
2059 5413 2141 5472 ὃτι
2169 5420 2288 5480 ταῖς
2321 5413 2534 5486 μέσαιςζ
2555 5416 2686 5470 Ἰδοὺ
2763 5413 3023 5480 υστικῶς,
3048 5423 3180 5480 etc.,
3219 5413 3558 5483 manifestum

1978 5499 2154 5541 autem
2187 5497 2263 5542 est
2295 5488 2432 5558 quod
2498 5489 2680 5541 mediis
2708 5433 2831 5560 (ﬁlis
2859 5484 3158 5556 volabant).
3199 5486 3334 5539 Ecce
3375 5484 3558 5557 mysti-
