  <div class='ocr_page' id='page_1' title='image "/cluster/home/n/w/nwhite01/storage/ocr_20150623/87:3/hvd.32044069650125/626.png"; bbox 0 0 3968 6198; ppageno 0'>
   <div class='ocr_carea' id='block_1_1' title="bbox 337 255 480 320">
    <p class='ocr_par' dir='ltr' id='par_1_1' title="bbox 337 255 480 320">
     <span class='ocr_line' id='line_1_1' title="bbox 337 255 480 320; baseline 0.014 -2"><span class='ocrx_word' id='word_1_1' title='bbox 337 255 480 320; x_wconf 69' lang='grc'><strong>4025</strong></span> 
     </span>
    </p>
   </div>
   <div class='ocr_carea' id='block_1_2' title="bbox 1331 239 2602 308">
    <p class='ocr_par' dir='ltr' id='par_1_2' title="bbox 1331 239 2602 308">
     <span class='ocr_line' id='line_1_2' title="bbox 1331 239 2602 308; baseline 0 0"><span class='ocrx_word' id='word_1_2' title='bbox 1331 247 1429 308; x_wconf 87' lang='lat' dir='ltr'><strong>DE</strong></span> <span class='ocrx_word' id='word_1_3' title='bbox 1463 244 1932 308; x_wconf 77' lang='lat' dir='ltr'><strong>INVENTIONE</strong></span> <span class='ocrx_word' id='word_1_4' title='bbox 1958 239 2267 307; x_wconf 61' lang='lat' dir='ltr'><strong>&#39;SANCTA!</strong></span> <span class='ocrx_word' id='word_1_5' title='bbox 2305 246 2602 308; x_wconf 81' lang='lat' dir='ltr'><strong>CRUCIS.</strong></span> 
     </span>
    </p>
   </div>
   <div class='ocr_carea' id='block_1_3' title="bbox 3445 253 3586 324">
    <p class='ocr_par' dir='ltr' id='par_1_3' title="bbox 3445 253 3586 324">
     <span class='ocr_line' id='line_1_3' title="bbox 3445 253 3586 324; baseline 0.057 -8"><span class='ocrx_word' id='word_1_6' title='bbox 3445 253 3586 324; x_wconf 72' lang='grc'><strong>4026</strong></span> 
     </span>
    </p>
   </div>
   <div class='ocr_carea' id='block_1_4' title="bbox 337 353 1902 443">
    <p class='ocr_par' dir='ltr' id='par_1_4' title="bbox 337 353 1902 434">
     <span class='ocr_line' id='line_1_4' title="bbox 337 353 1902 434; baseline -0.006 -18"><span class='ocrx_word' id='word_1_7' title='bbox 337 361 428 416; x_wconf 74' lang='grc' dir='ltr'><strong>διὰ</strong></span> <span class='ocrx_word' id='word_1_8' title='bbox 457 358 881 434; x_wconf 80' lang='grc' dir='ltr'><strong>προστάγματος</strong></span> <span class='ocrx_word' id='word_1_9' title='bbox 909 353 1050 411; x_wconf 84' lang='grc' dir='ltr'><strong>Θεοῦ</strong></span> <span class='ocrx_word' id='word_1_10' title='bbox 1079 395 1095 421; x_wconf 92' lang='grc'><strong>,</strong></span> <span class='ocrx_word' id='word_1_11' title='bbox 1149 354 1241 410; x_wconf 74' lang='grc' dir='ltr'><strong>διὰ</strong></span> <span class='ocrx_word' id='word_1_12' title='bbox 1270 354 1372 426; x_wconf 82' lang='grc' dir='ltr'><strong>τῆς</strong></span> <span class='ocrx_word' id='word_1_13' title='bbox 1399 355 1599 426; x_wconf 77' lang='grc' dir='ltr'><strong>ῥάϐδου</strong></span> <span class='ocrx_word' id='word_1_14' title='bbox 1657 355 1902 424; x_wconf 72' lang='grc' dir='ltr'><strong>εποίησε,</strong></span> 
     </span>
    </p>
   </div>
   <div class='ocr_carea' id='block_1_5' title="bbox 2012 353 3586 443">
    <p class='ocr_par' dir='ltr' id='par_1_5' title="bbox 2012 355 3586 443">
     <span class='ocr_line' id='line_1_5' title="bbox 2012 355 3586 443; baseline 0.012 -32"><span class='ocrx_word' id='word_1_15' title='bbox 2012 355 2248 420; x_wconf 82' lang='lat' dir='ltr'><strong>deserto,</strong></span> <span class='ocrx_word' id='word_1_16' title='bbox 2300 366 2443 413; x_wconf 86' lang='lat' dir='ltr'><strong>totos</strong></span> <span class='ocrx_word' id='word_1_17' title='bbox 2495 359 2849 430; x_wconf 53' lang='lat' dir='ltr'><strong>quadraghﬁa</strong></span> <span class='ocrx_word' id='word_1_18' title='bbox 2905 378 3078 420; x_wconf 89' lang='lat' dir='ltr'><strong>annos</strong></span> <span class='ocrx_word' id='word_1_19' title='bbox 3133 366 3452 440; x_wconf 79' lang='lat' dir='ltr'><strong>designavit,</strong></span> <span class='ocrx_word' id='word_1_20' title='bbox 3489 391 3586 443; x_wconf 89' lang='lat' dir='ltr'><strong>per</strong></span> 
     </span>
    </p>
   </div>
   <div class='ocr_carea' id='block_1_6' title="bbox 334 446 1906 526">
    <p class='ocr_par' dir='ltr' id='par_1_6' title="bbox 334 446 1906 526">
     <span class='ocr_line' id='line_1_6' title="bbox 334 446 1906 526; baseline -0.006 -17"><span class='ocrx_word' id='word_1_21' title='bbox 334 454 694 526; x_wconf 72' lang='grc' dir='ltr'><strong>σημαίνοντος</strong></span> <span class='ocrx_word' id='word_1_22' title='bbox 723 449 1001 505; x_wconf 77' lang='grc' dir='ltr'><strong>κάνταῦθα</strong></span> <span class='ocrx_word' id='word_1_23' title='bbox 1020 448 1114 502; x_wconf 90' lang='grc' dir='ltr'><strong>τοῦ</strong></span> <span class='ocrx_word' id='word_1_24' title='bbox 1141 448 1436 520; x_wconf 80' lang='grc' dir='ltr'><strong>νομοθέτου</strong></span> <span class='ocrx_word' id='word_1_25' title='bbox 1475 447 1567 501; x_wconf 78' lang='grc' dir='ltr'><strong>διὰ</strong></span> <span class='ocrx_word' id='word_1_26' title='bbox 1609 446 1906 517; x_wconf 83' lang='grc' dir='ltr'><strong>συμϐόλου,</strong></span> 
     </span>
    </p>
   </div>
   <div class='ocr_carea' id='block_1_7' title="bbox 328 526 1908 612">
    <p class='ocr_par' dir='ltr' id='par_1_7' title="bbox 328 526 1908 612">
     <span class='ocr_line' id='line_1_7' title="bbox 328 526 1908 612; baseline -0.006 -12"><span class='ocrx_word' id='word_1_27' title='bbox 328 548 412 599; x_wconf 84' lang='grc' dir='ltr'><strong>ὄτι</strong></span> <span class='ocrx_word' id='word_1_28' title='bbox 440 545 618 600; x_wconf 79' lang='grc' dir='ltr'><strong>πάντα</strong></span> <span class='ocrx_word' id='word_1_29' title='bbox 641 542 846 597; x_wconf 69' lang='grc' dir='ltr'><strong>δυνατὰ</strong></span> <span class='ocrx_word' id='word_1_30' title='bbox 858 539 935 612; x_wconf 75' lang='grc' dir='ltr'><strong>τῷ</strong></span> <span class='ocrx_word' id='word_1_31' title='bbox 957 541 1269 594; x_wconf 77' lang='grc' dir='ltr'><strong>πιστεύοντι</strong></span> <span class='ocrx_word' id='word_1_32' title='bbox 1293 526 1373 602; x_wconf 62' lang='lat' dir='ltr'><strong>si;</strong></span> <span class='ocrx_word' id='word_1_33' title='bbox 1397 539 1491 593; x_wconf 81' lang='grc' dir='ltr'><strong>τὸν</strong></span> <span class='ocrx_word' id='word_1_34' title='bbox 1519 539 1908 610; x_wconf 76' lang='grc' dir='ltr'><strong>σταυρωθέντα</strong></span> 
     </span>
    </p>
   </div>
   <div class='ocr_carea' id='block_1_8' title="bbox 328 632 1906 710">
    <p class='ocr_par' dir='ltr' id='par_1_8' title="bbox 328 632 1906 710">
     <span class='ocr_line' id='line_1_8' title="bbox 328 632 1906 710; baseline -0.003 -18"><span class='ocrx_word' id='word_1_35' title='bbox 328 637 587 710; x_wconf 80' lang='grc' dir='ltr'><strong>Χριστόν.</strong></span> <span class='ocrx_word' id='word_1_36' title='bbox 617 637 730 689; x_wconf 71' lang='grc' dir='ltr'><strong>Καὶ</strong></span> <span class='ocrx_word' id='word_1_37' title='bbox 767 635 821 688; x_wconf 89' lang='grc' dir='ltr'><strong>τί</strong></span> <span class='ocrx_word' id='word_1_38' title='bbox 845 633 928 688; x_wconf 82' lang='grc' dir='ltr'><strong>δεῖ</strong></span> <span class='ocrx_word' id='word_1_39' title='bbox 954 633 1132 702; x_wconf 82' lang='grc' dir='ltr'><strong>λέγειν</strong></span> <span class='ocrx_word' id='word_1_40' title='bbox 1175 633 1307 702; x_wconf 62' lang='grc' dir='ltr'><strong>περὶ⁵</strong></span> <span class='ocrx_word' id='word_1_41' title='bbox 1336 633 1554 686; x_wconf 84' lang='grc' dir='ltr'><strong>πάντων</strong></span> <span class='ocrx_word' id='word_1_42' title='bbox 1576 632 1906 703; x_wconf 78' lang='grc' dir='ltr'><strong>προφητῶν,</strong></span> 
     </span>
    </p>
   </div>
   <div class='ocr_carea' id='block_1_9' title="bbox 328 721 1908 793">
    <p class='ocr_par' dir='ltr' id='par_1_9' title="bbox 328 721 1908 793">
     <span class='ocr_line' id='line_1_9' title="bbox 328 721 1908 793; baseline -0.003 -12"><span class='ocrx_word' id='word_1_43' title='bbox 328 728 529 789; x_wconf 74' lang='grc' dir='ltr'><strong>οἵτινες</strong></span> <span class='ocrx_word' id='word_1_44' title='bbox 573 725 880 793; x_wconf 80' lang='grc' dir='ltr'><strong>ἀναφανδὸν</strong></span> <span class='ocrx_word' id='word_1_45' title='bbox 931 723 1023 776; x_wconf 77' lang='grc' dir='ltr'><strong>τὸν</strong></span> <span class='ocrx_word' id='word_1_46' title='bbox 1065 722 1277 788; x_wconf 78' lang='grc' dir='ltr'><strong>ἔνδοξον</strong></span> <span class='ocrx_word' id='word_1_47' title='bbox 1313 723 1546 793; x_wconf 80' lang='grc' dir='ltr'><strong>σταυρὸν</strong></span> <span class='ocrx_word' id='word_1_48' title='bbox 1584 723 1682 778; x_wconf 77' lang='grc' dir='ltr'><strong>καὶ</strong></span> <span class='ocrx_word' id='word_1_49' title='bbox 1710 722 1810 793; x_wconf 83' lang='grc' dir='ltr'><strong>τὴν</strong></span> <span class='ocrx_word' id='word_1_50' title='bbox 1835 721 1908 776; x_wconf 81' lang='grc' dir='ltr'><strong>δι’</strong></span> 
     </span>
    </p>
   </div>
   <div class='ocr_carea' id='block_1_10' title="bbox 328 815 1908 886">
    <p class='ocr_par' dir='ltr' id='par_1_10' title="bbox 328 815 1908 886">
     <span class='ocr_line' id='line_1_10' title="bbox 328 815 1908 886; baseline -0.002 -15"><span class='ocrx_word' id='word_1_51' title='bbox 328 819 496 872; x_wconf 84' lang='grc' dir='ltr'><strong>αὐτοῦ</strong></span> <span class='ocrx_word' id='word_1_52' title='bbox 577 817 801 870; x_wconf 64' lang='grc' dir='ltr'><strong>ἔσεσθαι</strong></span> <span class='ocrx_word' id='word_1_53' title='bbox 875 815 1171 886; x_wconf 77' lang='grc' dir='ltr'><strong>μέλλουσαν</strong></span> <span class='ocrx_word' id='word_1_54' title='bbox 1245 815 1522 886; x_wconf 83' lang='grc' dir='ltr'><strong>σωτηρίαν</strong></span> <span class='ocrx_word' id='word_1_55' title='bbox 1573 815 1650 885; x_wconf 88' lang='grc' dir='ltr'>τῴ</span> <span class='ocrx_word' id='word_1_56' title='bbox 1711 815 1908 886; x_wconf 81' lang='grc' dir='ltr'><strong>κόσμῳ</strong></span> 
     </span>
    </p>
   </div>
   <div class='ocr_carea' id='block_1_11' title="bbox 327 903 1904 983">
    <p class='ocr_par' dir='ltr' id='par_1_11' title="bbox 327 903 1904 983">
     <span class='ocr_line' id='line_1_11' title="bbox 327 903 1904 983; baseline -0.001 -17"><span class='ocrx_word' id='word_1_57' title='bbox 327 903 636 983; x_wconf 74' lang='grc' dir='ltr'><strong>ἑκὴρυξανς</strong></span> <span class='ocrx_word' id='word_1_58' title='bbox 669 912 735 964; x_wconf 82' lang='grc' dir='ltr'><strong>Τί</strong></span> <span class='ocrx_word' id='word_1_59' title='bbox 781 911 892 982; x_wconf 79' lang='grc' dir='ltr'><strong>γὰρ</strong></span> <span class='ocrx_word' id='word_1_60' title='bbox 927 910 1358 982; x_wconf 77' lang='grc' dir='ltr'><strong>ἁναφανδότερον</strong></span> <span class='ocrx_word' id='word_1_61' title='bbox 1396 910 1490 963; x_wconf 89' lang='grc' dir='ltr'><strong>τοῦ</strong></span> <span class='ocrx_word' id='word_1_62' title='bbox 1517 909 1716 962; x_wconf 76' lang='grc' dir='ltr'><strong>εἰπεῖν’</strong></span> <span class='ocrx_word' id='word_1_63' title='bbox 1747 927 1767 961; x_wconf 86' lang='grc'><strong><em>‹</em></strong></span> <span class='ocrx_word' id='word_1_64' title='bbox 1813 911 1904 964; x_wconf 83' lang='grc' dir='ltr'><strong>Ἐν</strong></span> 
     </span>
    </p>
   </div>
   <div class='ocr_carea' id='block_1_12' title="bbox 326 1001 1904 1074">
    <p class='ocr_par' dir='ltr' id='par_1_12' title="bbox 326 1001 1904 1074">
     <span class='ocr_line' id='line_1_12' title="bbox 326 1001 1904 1074; baseline -0.001 -17"><span class='ocrx_word' id='word_1_65' title='bbox 326 1004 655 1074; x_wconf 84' lang='grc' dir='ltr'><strong>κυπαρίσσῳ</strong></span> <span class='ocrx_word' id='word_1_66' title='bbox 680 1005 773 1056; x_wconf 79' lang='grc' dir='ltr'><strong>καὶ</strong></span> <span class='ocrx_word' id='word_1_67' title='bbox 800 1003 980 1072; x_wconf 78' lang='grc' dir='ltr'><strong>πεύκη</strong></span> <span class='ocrx_word' id='word_1_68' title='bbox 1033 1003 1128 1056; x_wconf 72' lang='grc' dir='ltr'><strong>καὶ</strong></span> <span class='ocrx_word' id='word_1_69' title='bbox 1165 1002 1342 1074; x_wconf 79' lang='grc' dir='ltr'><strong>κέδρῳ</strong></span> <span class='ocrx_word' id='word_1_70' title='bbox 1396 1001 1513 1072; x_wconf 72' lang='grc' dir='ltr'><strong>ἅμα</strong></span> <span class='ocrx_word' id='word_1_71' title='bbox 1557 1001 1780 1068; x_wconf 80' lang='grc' dir='ltr'><strong>δοξάσαι</strong></span> <span class='ocrx_word' id='word_1_72' title='bbox 1813 1002 1904 1056; x_wconf 69' lang='grc' dir='ltr'><strong>τὸν</strong></span> 
     </span>
    </p>
   </div>
   <div class='ocr_carea' id='block_1_13' title="bbox 325 1093 1906 1165">
    <p class='ocr_par' dir='ltr' id='par_1_13' title="bbox 325 1093 1906 1165">
     <span class='ocr_line' id='line_1_13' title="bbox 325 1093 1906 1165; baseline 0 -18"><span class='ocrx_word' id='word_1_73' title='bbox 325 1096 492 1149; x_wconf 84' lang='grc' dir='ltr'><strong>τόπον</strong></span> <span class='ocrx_word' id='word_1_74' title='bbox 519 1095 612 1148; x_wconf 77' lang='grc' dir='ltr'><strong>τὸν</strong></span> <span class='ocrx_word' id='word_1_75' title='bbox 637 1095 792 1162; x_wconf 72' lang='grc' dir='ltr'><strong>ἅγιόν</strong></span> <span class='ocrx_word' id='word_1_76' title='bbox 830 1111 929 1165; x_wconf 83' lang='grc' dir='ltr'><strong>μου</strong></span> <span class='ocrx_word' id='word_1_77' title='bbox 953 1094 1064 1165; x_wconf 76' lang='lat' dir='ltr'><strong>(2i)</strong></span> <span class='ocrx_word' id='word_1_78' title='bbox 1096 1110 1112 1159; x_wconf 92' lang='lat'><strong>;</strong></span> <span class='ocrx_word' id='word_1_79' title='bbox 1142 1112 1161 1145; x_wconf 70' lang='grc' dir='ltr'><strong>ι</strong></span> <span class='ocrx_word' id='word_1_80' title='bbox 1183 1094 1400 1164; x_wconf 80' lang='grc' dir='ltr'><strong>Ἐπειδὴ</strong></span> <span class='ocrx_word' id='word_1_81' title='bbox 1431 1094 1538 1164; x_wconf 82' lang='grc' dir='ltr'><strong>γὰρ</strong></span> <span class='ocrx_word' id='word_1_82' title='bbox 1569 1095 1603 1165; x_wconf 80' lang='grc' dir='ltr'>ἠ</span> <span class='ocrx_word' id='word_1_83' title='bbox 1633 1093 1763 1162; x_wconf 80' lang='grc' dir='ltr'><strong>ἁγία</strong></span> <span class='ocrx_word' id='word_1_84' title='bbox 1809 1093 1906 1147; x_wconf 74' lang='grc' dir='ltr'><strong>καὶ</strong></span> 
     </span>
    </p>
   </div>
   <div class='ocr_carea' id='block_1_14' title="bbox 325 1186 1904 1258">
    <p class='ocr_par' dir='ltr' id='par_1_14' title="bbox 325 1186 1904 1258">
     <span class='ocr_line' id='line_1_14' title="bbox 325 1186 1904 1258; baseline -0.002 -17"><span class='ocrx_word' id='word_1_85' title='bbox 325 1187 612 1258; x_wconf 78' lang='grc' dir='ltr'><strong>όμοούσιος</strong></span> <span class='ocrx_word' id='word_1_86' title='bbox 637 1187 810 1258; x_wconf 86' lang='grc' dir='ltr'><strong>Τριὰς</strong></span> <span class='ocrx_word' id='word_1_87' title='bbox 847 1189 907 1240; x_wconf 80' lang='grc' dir='ltr'><strong>ἐν</strong></span> <span class='ocrx_word' id='word_1_88' title='bbox 955 1188 1055 1258; x_wconf 77' lang='grc' dir='ltr'><strong>μιᾷ</strong></span> <span class='ocrx_word' id='word_1_89' title='bbox 1110 1186 1220 1240; x_wconf 85' lang='grc' dir='ltr'><strong>τῶν</strong></span> <span class='ocrx_word' id='word_1_90' title='bbox 1295 1187 1493 1258; x_wconf 72' lang='grc' dir='ltr'><strong>ἑαυτῆς</strong></span> <span class='ocrx_word' id='word_1_91' title='bbox 1549 1186 1904 1239; x_wconf 77' lang='grc' dir='ltr'><strong>ύποστάσεων</strong></span> 
     </span>
    </p>
   </div>
   <div class='ocr_carea' id='block_1_15' title="bbox 324 1277 1904 1350">
    <p class='ocr_par' dir='ltr' id='par_1_15' title="bbox 324 1277 1904 1350">
     <span class='ocr_line' id='line_1_15' title="bbox 324 1277 1904 1350; baseline -0.001 -18"><span class='ocrx_word' id='word_1_92' title='bbox 324 1280 426 1350; x_wconf 80' lang='grc' dir='ltr'><strong>τὴν</strong></span> <span class='ocrx_word' id='word_1_93' title='bbox 446 1279 558 1332; x_wconf 85' lang='grc' dir='ltr'><strong>τῶν</strong></span> <span class='ocrx_word' id='word_1_94' title='bbox 601 1277 910 1349; x_wconf 82' lang='grc' dir='ltr'><strong>ἀνθρώπων</strong></span> <span class='ocrx_word' id='word_1_95' title='bbox 937 1279 1027 1334; x_wconf 75' lang='grc' dir='ltr'><strong>διὰ</strong></span> <span class='ocrx_word' id='word_1_96' title='bbox 1083 1277 1322 1349; x_wconf 88' lang='grc' dir='ltr'><strong>σταυροῦ</strong></span> <span class='ocrx_word' id='word_1_97' title='bbox 1375 1278 1693 1350; x_wconf 83' lang='grc' dir='ltr'><strong>ᾠκονόμησε</strong></span> <span class='ocrx_word' id='word_1_98' title='bbox 1728 1292 1904 1348; x_wconf 87' lang='grc' dir='ltr'><strong>σωτη-</strong></span> 
     </span>
    </p>
   </div>
   <div class='ocr_carea' id='block_1_16' title="bbox 327 1367 1899 1441">
    <p class='ocr_par' dir='ltr' id='par_1_16' title="bbox 327 1367 1899 1441">
     <span class='ocr_line' id='line_1_16' title="bbox 327 1367 1899 1441; baseline 0.001 -20"><span class='ocrx_word' id='word_1_99' title='bbox 327 1369 472 1441; x_wconf 84' lang='grc' dir='ltr'><strong>ρίαν,</strong></span> <span class='ocrx_word' id='word_1_100' title='bbox 504 1369 732 1432; x_wconf 75' lang='grc' dir='ltr'><strong>εἰκότως</strong></span> <span class='ocrx_word' id='word_1_101' title='bbox 760 1369 854 1423; x_wconf 82' lang='grc' dir='ltr'><strong>καὶ</strong></span> <span class='ocrx_word' id='word_1_102' title='bbox 887 1369 948 1422; x_wconf 74' lang='grc' dir='ltr'><strong>τὸ</strong></span> <span class='ocrx_word' id='word_1_103' title='bbox 967 1370 1069 1439; x_wconf 83' lang='grc' dir='ltr'><strong>τῆς</strong></span> <span class='ocrx_word' id='word_1_104' title='bbox 1108 1369 1383 1440; x_wconf 77' lang='grc' dir='ltr'><strong>σωτηρίας</strong></span> <span class='ocrx_word' id='word_1_105' title='bbox 1414 1369 1580 1423; x_wconf 81' lang='grc' dir='ltr'><strong>ὅπλον</strong></span> <span class='ocrx_word' id='word_1_106' title='bbox 1622 1370 1687 1422; x_wconf 84' lang='grc' dir='ltr'><strong>ὲκ</strong></span> <span class='ocrx_word' id='word_1_107' title='bbox 1729 1367 1899 1438; x_wconf 82' lang='grc' dir='ltr'><strong>τριῶν</strong></span> 
     </span>
    </p>
   </div>
   <div class='ocr_carea' id='block_1_17' title="bbox 326 1459 1900 1533">
    <p class='ocr_par' dir='ltr' id='par_1_17' title="bbox 326 1459 1900 1533">
     <span class='ocr_line' id='line_1_17' title="bbox 326 1459 1900 1533; baseline -0.001 -20"><span class='ocrx_word' id='word_1_108' title='bbox 326 1462 673 1532; x_wconf 82' lang='grc' dir='ltr'><strong>συνήρμοστο</strong></span> <span class='ocrx_word' id='word_1_109' title='bbox 703 1461 896 1525; x_wconf 82' lang='grc' dir='ltr'><strong>ξύλων.</strong></span> <span class='ocrx_word' id='word_1_110' title='bbox 927 1461 1106 1526; x_wconf 84' lang='grc' dir='ltr'><strong>Τόπος</strong></span> <span class='ocrx_word' id='word_1_111' title='bbox 1140 1462 1250 1533; x_wconf 81' lang='grc' dir='ltr'><strong>γὰρ</strong></span> <span class='ocrx_word' id='word_1_112' title='bbox 1295 1464 1324 1515; x_wconf 87' lang='grc' dir='ltr'><strong>ό</strong></span> <span class='ocrx_word' id='word_1_113' title='bbox 1353 1461 1508 1530; x_wconf 75' lang='grc' dir='ltr'><strong>ἅγιός</strong></span> <span class='ocrx_word' id='word_1_114' title='bbox 1533 1462 1682 1514; x_wconf 74' lang='grc' dir='ltr'><strong>ἐστιν</strong></span> <span class='ocrx_word' id='word_1_115' title='bbox 1712 1461 1746 1530; x_wconf 81' lang='grc' dir='ltr'>ἡ</span> <span class='ocrx_word' id='word_1_116' title='bbox 1766 1459 1900 1528; x_wconf 81' lang='grc' dir='ltr'><strong>ἁγία</strong></span> 
     </span>
    </p>
   </div>
   <div class='ocr_carea' id='block_1_18' title="bbox 323 1545 1902 1622">
    <p class='ocr_par' dir='ltr' id='par_1_18' title="bbox 323 1545 1902 1622">
     <span class='ocr_line' id='line_1_18' title="bbox 323 1545 1902 1622; baseline -0.003 -18"><span class='ocrx_word' id='word_1_117' title='bbox 323 1550 590 1621; x_wconf 80' lang='grc' dir='ltr'><strong>καθολικὴ</strong></span> <span class='ocrx_word' id='word_1_118' title='bbox 657 1550 954 1622; x_wconf 78' lang='grc' dir='ltr'><strong>Ἐκκλησία</strong></span> <span class='ocrx_word' id='word_1_119' title='bbox 983 1590 999 1616; x_wconf 86' lang='grc'><strong>,</strong></span> <span class='ocrx_word' id='word_1_120' title='bbox 1043 1551 1102 1602; x_wconf 84' lang='grc' dir='ltr'><strong>ὲν</strong></span> <span class='ocrx_word' id='word_1_121' title='bbox 1242 1550 1444 1613; x_wconf 83' lang='grc' dir='ltr'><strong>πάντες</strong></span> <span class='ocrx_word' id='word_1_122' title='bbox 1483 1550 1533 1602; x_wconf 87' lang='grc' dir='ltr'><strong>οἱ</strong></span> <span class='ocrx_word' id='word_1_123' title='bbox 1584 1548 1765 1602; x_wconf 71' lang='grc' dir='ltr'><strong>πιστοὶ</strong></span> <span class='ocrx_word' id='word_1_124' title='bbox 1811 1546 1902 1601; x_wconf 80' lang='grc' dir='ltr'><strong>τὸν</strong></span> 
     </span>
    </p>
   </div>
   <div class='ocr_carea' id='block_1_19' title="bbox 324 1641 1900 1715">
    <p class='ocr_par' dir='ltr' id='par_1_19' title="bbox 324 1641 1900 1715">
     <span class='ocr_line' id='line_1_19' title="bbox 324 1641 1900 1715; baseline -0.001 -20"><span class='ocrx_word' id='word_1_125' title='bbox 324 1644 588 1708; x_wconf 74' lang='grc' dir='ltr'><strong>ζωοποιδν</strong></span> <span class='ocrx_word' id='word_1_126' title='bbox 627 1644 860 1715; x_wconf 73' lang='grc' dir='ltr'><strong>σταυρὸν</strong></span> <span class='ocrx_word' id='word_1_127' title='bbox 907 1644 1292 1714; x_wconf 59' lang='grc' dir='ltr'><strong>περιτέροντες</strong></span> <span class='ocrx_word' id='word_1_128' title='bbox 1316 1680 1332 1706; x_wconf 95' lang='grc'><strong>,</strong></span> <span class='ocrx_word' id='word_1_129' title='bbox 1378 1643 1477 1713; x_wconf 77' lang='grc' dir='ltr'><strong>τὴν</strong></span> <span class='ocrx_word' id='word_1_130' title='bbox 1505 1643 1780 1712; x_wconf 70' lang='grc' dir='ltr'><strong>ἄχραντον</strong></span> <span class='ocrx_word' id='word_1_131' title='bbox 1804 1641 1900 1694; x_wconf 73' lang='grc' dir='ltr'><strong>καὶ</strong></span> 
     </span>
    </p>
   </div>
   <div class='ocr_carea' id='block_1_20' title="bbox 2011 448 3584 534">
    <p class='ocr_par' dir='ltr' id='par_1_20' title="bbox 2011 448 3584 534">
     <span class='ocr_line' id='line_1_20' title="bbox 2011 448 3584 534; baseline 0.011 -31"><span class='ocrx_word' id='word_1_132' title='bbox 2011 448 2219 518; x_wconf 77' lang='lat' dir='ltr'><strong>virgam</strong></span> <span class='ocrx_word' id='word_1_133' title='bbox 2243 465 2306 504; x_wconf 92' lang='lat' dir='ltr'><strong>ea</strong></span> <span class='ocrx_word' id='word_1_134' title='bbox 2341 451 2592 508; x_wconf 85' lang='lat' dir='ltr'><strong>universa</strong></span> <span class='ocrx_word' id='word_1_135' title='bbox 2626 461 2708 506; x_wconf 91' lang='lat' dir='ltr'><strong>est</strong></span> <span class='ocrx_word' id='word_1_136' title='bbox 2741 465 3064 521; x_wconf 79' lang='lat' dir='ltr'><strong>exsecutus,</strong></span> <span class='ocrx_word' id='word_1_137' title='bbox 3102 471 3443 516; x_wconf 89' lang='lat' dir='ltr'><strong>monstrante</strong></span> <span class='ocrx_word' id='word_1_138' title='bbox 3488 481 3584 534; x_wconf 89' lang='lat' dir='ltr'><strong>per</strong></span> 
     </span>
    </p>
   </div>
   <div class='ocr_carea' id='block_1_21' title="bbox 2012 538 3579 617">
    <p class='ocr_par' dir='ltr' id='par_1_21' title="bbox 2012 538 3579 617">
     <span class='ocr_line' id='line_1_21' title="bbox 2012 538 3579 617; baseline 0.01 -26"><span class='ocrx_word' id='word_1_139' title='bbox 2012 538 2115 592; x_wconf 81' lang='lat' dir='ltr'><strong>hoc</strong></span> <span class='ocrx_word' id='word_1_140' title='bbox 2163 553 2378 594; x_wconf 89' lang='lat' dir='ltr'><strong>summo</strong></span> <span class='ocrx_word' id='word_1_141' title='bbox 2411 540 2503 595; x_wconf 89' lang='lat' dir='ltr'><strong>illo</strong></span> <span class='ocrx_word' id='word_1_142' title='bbox 2547 541 2857 611; x_wconf 85' lang='lat' dir='ltr'><strong>legisla‘tore</strong></span> <span class='ocrx_word' id='word_1_143' title='bbox 2884 584 2898 609; x_wconf 95' lang='lat'><strong>,</strong></span> <span class='ocrx_word' id='word_1_144' title='bbox 2956 557 3210 615; x_wconf 84' lang='lat' dir='ltr'><strong>tanquam</strong></span> <span class='ocrx_word' id='word_1_145' title='bbox 3249 564 3346 617; x_wconf 90' lang='lat' dir='ltr'><strong>per</strong></span> <span class='ocrx_word' id='word_1_146' title='bbox 3395 561 3579 606; x_wconf 77' lang='lat' dir='ltr'><strong>notam</strong></span> 
     </span>
    </p>
   </div>
   <div class='ocr_carea' id='block_1_22' title="bbox 2011 629 3581 705">
    <p class='ocr_par' dir='ltr' id='par_1_22' title="bbox 2011 629 3581 705">
     <span class='ocr_line' id='line_1_22' title="bbox 2011 629 3581 705; baseline 0.008 -23"><span class='ocrx_word' id='word_1_147' title='bbox 2011 641 2117 682; x_wconf 86' lang='lat' dir='ltr'><strong>non</strong></span> <span class='ocrx_word' id='word_1_148' title='bbox 2145 629 2385 692; x_wconf 81' lang='lat' dir='ltr'><strong>dubiam,</strong></span> <span class='ocrx_word' id='word_1_149' title='bbox 2414 631 2596 684; x_wconf 82' lang='lat' dir='ltr'><strong>omnia</strong></span> <span class='ocrx_word' id='word_1_150' title='bbox 2627 633 2907 700; x_wconf 82' lang='lat' dir='ltr'><strong>possibilia</strong></span> <span class='ocrx_word' id='word_1_151' title='bbox 2939 647 3062 688; x_wconf 89' lang='lat' dir='ltr'><strong>esse</strong></span> <span class='ocrx_word' id='word_1_152' title='bbox 3105 636 3171 689; x_wconf 81' lang='lat' dir='ltr'><strong>iis</strong></span> <span class='ocrx_word' id='word_1_153' title='bbox 3221 637 3314 705; x_wconf 88' lang='lat' dir='ltr'><strong>qui</strong></span> <span class='ocrx_word' id='word_1_154' title='bbox 3348 640 3581 695; x_wconf 83' lang='lat' dir='ltr'><strong>credunt</strong></span> 
     </span>
    </p>
   </div>
   <div class='ocr_carea' id='block_1_23' title="bbox 2009 719 3581 798">
    <p class='ocr_par' dir='ltr' id='par_1_23' title="bbox 2009 719 3581 798">
     <span class='ocr_line' id='line_1_23' title="bbox 2009 719 3581 798; baseline 0.006 -24"><span class='ocrx_word' id='word_1_155' title='bbox 2009 719 2065 774; x_wconf 86' lang='lat' dir='ltr'><strong>in</strong></span> <span class='ocrx_word' id='word_1_156' title='bbox 2092 734 2216 775; x_wconf 89' lang='lat' dir='ltr'><strong>eum</strong></span> <span class='ocrx_word' id='word_1_157' title='bbox 2266 720 2356 788; x_wconf 86' lang='lat' dir='ltr'><strong>qui</strong></span> <span class='ocrx_word' id='word_1_158' title='bbox 2392 729 2474 774; x_wconf 88' lang='lat' dir='ltr'><strong>est</strong></span> <span class='ocrx_word' id='word_1_159' title='bbox 2505 721 2820 776; x_wconf 74' lang='lat' dir='ltr'><strong>crucifixus.</strong></span> <span class='ocrx_word' id='word_1_160' title='bbox 2853 723 2916 776; x_wconf 85' lang='lat' dir='ltr'><strong>Et</strong></span> <span class='ocrx_word' id='word_1_161' title='bbox 2940 725 3068 794; x_wconf 89' lang='lat' dir='ltr'><strong>quid</strong></span> <span class='ocrx_word' id='word_1_162' title='bbox 3102 726 3167 779; x_wconf 91' lang='lat' dir='ltr'><strong>de</strong></span> <span class='ocrx_word' id='word_1_163' title='bbox 3194 726 3415 796; x_wconf 79' lang='lat' dir='ltr'><strong>reliquis</strong></span> <span class='ocrx_word' id='word_1_164' title='bbox 3455 745 3581 798; x_wconf 85' lang='lat' dir='ltr'><strong>pro-</strong></span> 
     </span>
    </p>
   </div>
   <div class='ocr_carea' id='block_1_24' title="bbox 2009 812 3578 884">
    <p class='ocr_par' dir='ltr' id='par_1_24' title="bbox 2009 812 3578 884">
     <span class='ocr_line' id='line_1_24' title="bbox 2009 812 3578 884; baseline 0.006 -19"><span class='ocrx_word' id='word_1_165' title='bbox 2009 812 2188 880; x_wconf 85' lang='lat' dir='ltr'><strong>phetis</strong></span> <span class='ocrx_word' id='word_1_166' title='bbox 2239 812 2501 877; x_wconf 86' lang='lat' dir='ltr'><strong>dicemus,</strong></span> <span class='ocrx_word' id='word_1_167' title='bbox 2565 815 2655 883; x_wconf 89' lang='lat' dir='ltr'><strong>qui</strong></span> <span class='ocrx_word' id='word_1_168' title='bbox 2712 828 2902 870; x_wconf 90' lang='lat' dir='ltr'><strong>omnes</strong></span> <span class='ocrx_word' id='word_1_169' title='bbox 2977 827 3162 884; x_wconf 86' lang='lat' dir='ltr'><strong>aperte</strong></span> <span class='ocrx_word' id='word_1_170' title='bbox 3213 821 3578 876; x_wconf 81' lang='lat' dir='ltr'><strong>venerabilem</strong></span> 
     </span>
    </p>
   </div>
   <div class='ocr_carea' id='block_1_25' title="bbox 2008 903 3580 975">
    <p class='ocr_par' dir='ltr' id='par_1_25' title="bbox 2008 903 3580 975">
     <span class='ocr_line' id='line_1_25' title="bbox 2008 903 3580 975; baseline 0.006 -21"><span class='ocrx_word' id='word_1_171' title='bbox 2008 903 2413 971; x_wconf 75' lang='lat' dir='ltr'><strong>gloriosamque</strong></span> <span class='ocrx_word' id='word_1_172' title='bbox 2447 917 2687 968; x_wconf 88' lang='lat' dir='ltr'><strong>crucem,</strong></span> <span class='ocrx_word' id='word_1_173' title='bbox 2717 919 2814 972; x_wconf 89' lang='lat' dir='ltr'><strong>per</strong></span> <span class='ocrx_word' id='word_1_174' title='bbox 2845 921 3008 975; x_wconf 89' lang='lat' dir='ltr'><strong>quam</strong></span> <span class='ocrx_word' id='word_1_175' title='bbox 3039 907 3185 961; x_wconf 92' lang='lat' dir='ltr'><strong>salus</strong></span> <span class='ocrx_word' id='word_1_176' title='bbox 3237 909 3332 961; x_wconf 91' lang='lat' dir='ltr'><strong>toti</strong></span> <span class='ocrx_word' id='word_1_177' title='bbox 3380 910 3580 964; x_wconf 88' lang='lat' dir='ltr'><strong>mundo</strong></span> 
     </span>
    </p>
   </div>
   <div class='ocr_carea' id='block_1_26' title="bbox 2007 993 3580 1064">
    <p class='ocr_par' dir='ltr' id='par_1_26' title="bbox 2007 993 3580 1064">
     <span class='ocr_line' id='line_1_26' title="bbox 2007 993 3580 1064; baseline 0.004 -14"><span class='ocrx_word' id='word_1_178' title='bbox 2007 1003 2149 1050; x_wconf 90' lang='lat' dir='ltr'><strong>esset</strong></span> <span class='ocrx_word' id='word_1_179' title='bbox 2175 993 2377 1057; x_wconf 86' lang='lat' dir='ltr'><strong>futura,</strong></span> <span class='ocrx_word' id='word_1_180' title='bbox 2401 994 2574 1062; x_wconf 87' lang='lat' dir='ltr'><strong>palam</strong></span> <span class='ocrx_word' id='word_1_181' title='bbox 2602 995 3004 1063; x_wconf 81' lang='lat' dir='ltr'><strong>praedicarunt?</strong></span> <span class='ocrx_word' id='word_1_182' title='bbox 3038 997 3176 1064; x_wconf 87' lang='lat' dir='ltr'><strong>Quid</strong></span> <span class='ocrx_word' id='word_1_183' title='bbox 3200 999 3342 1053; x_wconf 90' lang='lat' dir='ltr'><strong>enim</strong></span> <span class='ocrx_word' id='word_1_184' title='bbox 3377 1001 3580 1057; x_wconf 83' lang='lat' dir='ltr'><strong>clarius</strong></span> 
     </span>
    </p>
   </div>
   <div class='ocr_carea' id='block_1_27' title="bbox 2005 1087 3580 1158">
    <p class='ocr_par' dir='ltr' id='par_1_27' title="bbox 2005 1087 3580 1158">
     <span class='ocr_line' id='line_1_27' title="bbox 2005 1087 3580 1158; baseline 0.004 -16"><span class='ocrx_word' id='word_1_185' title='bbox 2005 1088 2112 1142; x_wconf 94' lang='lat' dir='ltr'><strong>dici</strong></span> <span class='ocrx_word' id='word_1_186' title='bbox 2144 1097 2324 1158; x_wconf 83' lang='lat' dir='ltr'><strong>potest</strong></span> <span class='ocrx_word' id='word_1_187' title='bbox 2370 1088 2460 1142; x_wconf 92' lang='lat' dir='ltr'><strong>illo</strong></span> <span class='ocrx_word' id='word_1_188' title='bbox 2490 1105 2505 1142; x_wconf 75' lang='grc' dir='ltr'><strong>ι</strong></span> <span class='ocrx_word' id='word_1_189' title='bbox 2537 1106 2556 1139; x_wconf 83' lang='grc' dir='ltr'><strong>ι</strong></span> <span class='ocrx_word' id='word_1_190' title='bbox 2597 1087 2653 1142; x_wconf 83' lang='lat' dir='ltr'><strong>in</strong></span> <span class='ocrx_word' id='word_1_191' title='bbox 2682 1089 2956 1158; x_wconf 84' lang='lat' dir='ltr'><strong>cyparisso</strong></span> <span class='ocrx_word' id='word_1_192' title='bbox 3003 1101 3054 1144; x_wconf 91' lang='lat' dir='ltr'><strong>et</strong></span> <span class='ocrx_word' id='word_1_193' title='bbox 3093 1091 3262 1158; x_wconf 85' lang='lat' dir='ltr'><strong>picea,</strong></span> <span class='ocrx_word' id='word_1_194' title='bbox 3311 1102 3367 1148; x_wconf 89' lang='lat' dir='ltr'><strong>ct</strong></span> <span class='ocrx_word' id='word_1_195' title='bbox 3414 1094 3580 1150; x_wconf 86' lang='lat' dir='ltr'><strong>cedro</strong></span> 
     </span>
    </p>
   </div>
   <div class='ocr_carea' id='block_1_28' title="bbox 2006 1181 3577 1255">
    <p class='ocr_par' dir='ltr' id='par_1_28' title="bbox 2006 1181 3577 1255">
     <span class='ocr_line' id='line_1_28' title="bbox 2006 1181 3577 1255; baseline 0.006 -22"><span class='ocrx_word' id='word_1_196' title='bbox 2006 1181 2310 1252; x_wconf 79' lang='lat' dir='ltr'><strong>gioriiicare</strong></span> <span class='ocrx_word' id='word_1_197' title='bbox 2354 1182 2532 1237; x_wconf 87' lang='lat' dir='ltr'><strong>locum</strong></span> <span class='ocrx_word' id='word_1_198' title='bbox 2577 1191 2820 1236; x_wconf 84' lang='lat' dir='ltr'><strong>sanctum</strong></span> <span class='ocrx_word' id='word_1_199' title='bbox 2879 1197 3057 1236; x_wconf 90' lang='lat' dir='ltr'><strong>meum</strong></span> <span class='ocrx_word' id='word_1_200' title='bbox 3091 1183 3170 1238; x_wconf 65' lang='grc' dir='ltr'><strong>ἐἳ</strong></span> <span class='ocrx_word' id='word_1_201' title='bbox 3211 1204 3229 1236; x_wconf 74' lang='grc' dir='ltr'><strong>ι</strong></span> <span class='ocrx_word' id='word_1_202' title='bbox 3281 1184 3577 1255; x_wconf 87' lang='lat' dir='ltr'><strong>Postquam</strong></span> 
     </span>
    </p>
   </div>
   <div class='ocr_carea' id='block_1_29' title="bbox 2005 1273 3577 1334">
    <p class='ocr_par' dir='ltr' id='par_1_29' title="bbox 2005 1273 3577 1334">
     <span class='ocr_line' id='line_1_29' title="bbox 2005 1273 3577 1334; baseline 0.004 -6"><span class='ocrx_word' id='word_1_203' title='bbox 2005 1274 2149 1328; x_wconf 91' lang='lat' dir='ltr'><strong>enim</strong></span> <span class='ocrx_word' id='word_1_204' title='bbox 2200 1283 2390 1328; x_wconf 85' lang='lat' dir='ltr'><strong>sancta</strong></span> <span class='ocrx_word' id='word_1_205' title='bbox 2436 1284 2490 1328; x_wconf 89' lang='lat' dir='ltr'><strong>et</strong></span> <span class='ocrx_word' id='word_1_206' title='bbox 2538 1273 3026 1330; x_wconf 35' lang='lat' dir='ltr'><strong>consubst‘antialis</strong></span> <span class='ocrx_word' id='word_1_207' title='bbox 3083 1275 3324 1332; x_wconf 82' lang='lat' dir='ltr'><strong>Trinitas</strong></span> <span class='ocrx_word' id='word_1_208' title='bbox 3361 1278 3411 1332; x_wconf 92' lang='lat' dir='ltr'><strong>in</strong></span> <span class='ocrx_word' id='word_1_209' title='bbox 3470 1295 3577 1334; x_wconf 90' lang='lat' dir='ltr'><strong>una</strong></span> 
     </span>
    </p>
   </div>
   <div class='ocr_carea' id='block_1_30' title="bbox 2005 1365 3574 1437">
    <p class='ocr_par' dir='ltr' id='par_1_30' title="bbox 2005 1365 3574 1437">
     <span class='ocr_line' id='line_1_30' title="bbox 2005 1365 3574 1437; baseline 0.005 -18"><span class='ocrx_word' id='word_1_210' title='bbox 2005 1379 2225 1419; x_wconf 85' lang='lat' dir='ltr'><strong>suarum</strong></span> <span class='ocrx_word' id='word_1_211' title='bbox 2261 1365 2627 1437; x_wconf 86' lang='lat' dir='ltr'><strong>hypostaseon</strong></span> <span class='ocrx_word' id='word_1_212' title='bbox 2659 1367 2994 1423; x_wconf 84' lang='lat' dir='ltr'><strong>decrevisset</strong></span> <span class='ocrx_word' id='word_1_213' title='bbox 3031 1369 3320 1422; x_wconf 85' lang='lat' dir='ltr'><strong>humanam</strong></span> <span class='ocrx_word' id='word_1_214' title='bbox 3347 1370 3574 1426; x_wconf 82' lang='lat' dir='ltr'><strong>salutem</strong></span> 
     </span>
    </p>
   </div>
   <div class='ocr_carea' id='block_1_31' title="bbox 2004 1461 3575 1530">
    <p class='ocr_par' dir='ltr' id='par_1_31' title="bbox 2004 1461 3575 1530">
     <span class='ocr_line' id='line_1_31' title="bbox 2004 1461 3575 1530; baseline 0.003 -18"><span class='ocrx_word' id='word_1_215' title='bbox 2004 1473 2101 1528; x_wconf 88' lang='lat' dir='ltr'><strong>per</strong></span> <span class='ocrx_word' id='word_1_216' title='bbox 2123 1473 2340 1514; x_wconf 85' lang='lat' dir='ltr'><strong>crucem</strong></span> <span class='ocrx_word' id='word_1_217' title='bbox 2370 1462 2606 1530; x_wconf 89' lang='lat' dir='ltr'><strong>operari,</strong></span> <span class='ocrx_word' id='word_1_218' title='bbox 2638 1462 2831 1516; x_wconf 89' lang='lat' dir='ltr'><strong>merito</strong></span> <span class='ocrx_word' id='word_1_219' title='bbox 2851 1462 2965 1516; x_wconf 69' lang='lat' dir='ltr'><strong>hwc</strong></span> <span class='ocrx_word' id='word_1_220' title='bbox 2994 1461 3185 1517; x_wconf 89' lang='lat' dir='ltr'><strong>salutis</strong></span> <span class='ocrx_word' id='word_1_221' title='bbox 3209 1471 3406 1517; x_wconf 63' lang='lat' dir='ltr'><strong>nostra:</strong></span> <span class='ocrx_word' id='word_1_222' title='bbox 3425 1478 3575 1517; x_wconf 88' lang='lat' dir='ltr'><strong>arma</strong></span> 
     </span>
    </p>
   </div>
   <div class='ocr_carea' id='block_1_32' title="bbox 2002 1549 3576 1621">
    <p class='ocr_par' dir='ltr' id='par_1_32' title="bbox 2002 1549 3576 1621">
     <span class='ocr_line' id='line_1_32' title="bbox 2002 1549 3576 1621; baseline 0.006 -20"><span class='ocrx_word' id='word_1_223' title='bbox 2002 1562 2070 1602; x_wconf 81' lang='lat' dir='ltr'><strong>ex</strong></span> <span class='ocrx_word' id='word_1_224' title='bbox 2105 1549 2279 1603; x_wconf 91' lang='lat' dir='ltr'><strong>tribus</strong></span> <span class='ocrx_word' id='word_1_225' title='bbox 2313 1549 2473 1620; x_wconf 84' lang='lat' dir='ltr'><strong>lignis</strong></span> <span class='ocrx_word' id='word_1_226' title='bbox 2501 1553 2796 1621; x_wconf 84' lang='lat' dir='ltr'><strong>cooptavit.</strong></span> <span class='ocrx_word' id='word_1_227' title='bbox 2830 1551 3008 1608; x_wconf 87' lang='lat' dir='ltr'><strong>Locus</strong></span> <span class='ocrx_word' id='word_1_228' title='bbox 3045 1569 3174 1608; x_wconf 90' lang='lat' dir='ltr'><strong>vero</strong></span> <span class='ocrx_word' id='word_1_229' title='bbox 3205 1559 3431 1612; x_wconf 86' lang='lat' dir='ltr'><strong>sanctus</strong></span> <span class='ocrx_word' id='word_1_230' title='bbox 3487 1555 3576 1612; x_wconf 91' lang='lat' dir='ltr'><strong>ille</strong></span> 
     </span>
    </p>
   </div>
   <div class='ocr_carea' id='block_1_33' title="bbox 2003 1644 3575 1717">
    <p class='ocr_par' dir='ltr' id='par_1_33' title="bbox 2003 1644 3575 1717">
     <span class='ocr_line' id='line_1_33' title="bbox 2003 1644 3575 1717; baseline 0.008 -24"><span class='ocrx_word' id='word_1_231' title='bbox 2003 1651 2086 1694; x_wconf 87' lang='lat' dir='ltr'><strong>est</strong></span> <span class='ocrx_word' id='word_1_232' title='bbox 2116 1651 2303 1696; x_wconf 85' lang='lat' dir='ltr'><strong>sancta</strong></span> <span class='ocrx_word' id='word_1_233' title='bbox 2342 1653 2503 1710; x_wconf 84' lang='lat' dir='ltr'><strong>atque</strong></span> <span class='ocrx_word' id='word_1_234' title='bbox 2534 1644 2786 1699; x_wconf 86' lang='lat' dir='ltr'><strong>universa</strong></span> <span class='ocrx_word' id='word_1_235' title='bbox 2819 1647 3079 1711; x_wconf 85' lang='lat' dir='ltr'><strong>Ecclesia,</strong></span> <span class='ocrx_word' id='word_1_236' title='bbox 3131 1647 3183 1700; x_wconf 92' lang='lat' dir='ltr'><strong>iu</strong></span> <span class='ocrx_word' id='word_1_237' title='bbox 3219 1663 3326 1717; x_wconf 88' lang='lat' dir='ltr'><strong>qua</strong></span> <span class='ocrx_word' id='word_1_238' title='bbox 3386 1666 3575 1705; x_wconf 86' lang='lat' dir='ltr'><strong>omnes</strong></span> 
     </span>
    </p>
   </div>
   <div class='ocr_carea' id='block_1_34' title="bbox 323 1711 1902 1808">
    <p class='ocr_par' dir='ltr' id='par_1_34' title="bbox 323 1711 1898 1808">
     <span class='ocr_line' id='line_1_34' title="bbox 323 1711 1898 1808; baseline 0.001 -24"><span class='ocrx_word' id='word_1_239' title='bbox 323 1733 468 1785; x_wconf 79' lang='grc' dir='ltr'><strong>πανύ</strong></span> <span class='ocrx_word' id='word_1_240' title='bbox 478 1751 676 1805; x_wconf 87' lang='grc' dir='ltr'><strong>μνητον</strong></span> <span class='ocrx_word' id='word_1_241' title='bbox 694 1737 751 1787; x_wconf 80' lang='grc' dir='ltr'><strong>ὲν</strong></span> <span class='ocrx_word' id='word_1_242' title='bbox 767 1711 1074 1808; x_wconf 75' lang='grc' dir='ltr'><strong>εὐφροσύνῃ</strong></span> <span class='ocrx_word' id='word_1_243' title='bbox 1097 1711 1189 1787; x_wconf 77' lang='grc' dir='ltr'><strong>καὶ</strong></span> <span class='ocrx_word' id='word_1_244' title='bbox 1221 1711 1537 1803; x_wconf 62' lang='grc' dir='ltr'><strong>ἀγαλλιάσει</strong></span> <span class='ocrx_word' id='word_1_245' title='bbox 1561 1711 1898 1802; x_wconf 76' lang='grc' dir='ltr'><strong>δοξολογοῦσι</strong></span> 
     </span>
    </p>
   </div>
   <div class='ocr_carea' id='block_1_35' title="bbox 2012 1711 3574 1808">
    <p class='ocr_par' dir='ltr' id='par_1_35' title="bbox 2012 1732 3574 1808">
     <span class='ocr_line' id='line_1_35' title="bbox 2012 1732 3574 1808; baseline 0.005 -22"><span class='ocrx_word' id='word_1_246' title='bbox 2012 1732 2193 1787; x_wconf 75' lang='lat' dir='ltr'><strong>fideles</strong></span> <span class='ocrx_word' id='word_1_247' title='bbox 2221 1733 2488 1788; x_wconf 83' lang='lat' dir='ltr'><strong>vivificam</strong></span> <span class='ocrx_word' id='word_1_248' title='bbox 2518 1750 2736 1790; x_wconf 85' lang='lat' dir='ltr'><strong>crucem</strong></span> <span class='ocrx_word' id='word_1_249' title='bbox 2769 1736 3139 1805; x_wconf 80' lang='lat' dir='ltr'><strong>pra-ferentes,</strong></span> <span class='ocrx_word' id='word_1_250' title='bbox 3167 1739 3574 1808; x_wconf 80' lang='lat' dir='ltr'><strong>gloriﬁcandam</strong></span> 
     </span>
    </p>
   </div>
   <div class='ocr_carea' id='block_1_36' title="bbox 322 1825 550 1896">
    <p class='ocr_par' dir='ltr' id='par_1_36' title="bbox 322 1825 550 1896">
     <span class='ocr_line' id='line_1_36' title="bbox 322 1825 550 1896; baseline 0.009 -18"><span class='ocrx_word' id='word_1_251' title='bbox 322 1825 550 1896; x_wconf 82' lang='grc' dir='ltr'><strong>Τριὰδα.</strong></span> 
     </span>
    </p>
   </div>
   <div class='ocr_carea' id='block_1_37' title="bbox 392 1915 1899 1988">
    <p class='ocr_par' dir='ltr' id='par_1_37' title="bbox 392 1915 1899 1988">
     <span class='ocr_line' id='line_1_37' title="bbox 392 1915 1899 1988; baseline 0 -20"><span class='ocrx_word' id='word_1_252' title='bbox 392 1916 580 1980; x_wconf 86' lang='grc' dir='ltr'><strong>Οῦτως</strong></span> <span class='ocrx_word' id='word_1_253' title='bbox 607 1916 838 1971; x_wconf 84' lang='grc' dir='ltr'><strong>πάντοτε</strong></span> <span class='ocrx_word' id='word_1_254' title='bbox 873 1917 1169 1988; x_wconf 73' lang='grc' dir='ltr'><strong>ἀπδἋδὰμ</strong></span> <span class='ocrx_word' id='word_1_255' title='bbox 1195 1919 1306 1981; x_wconf 87' lang='grc' dir='ltr'><strong>τοῖς</strong></span> <span class='ocrx_word' id='word_1_256' title='bbox 1353 1915 1681 1987; x_wconf 79' lang='grc' dir='ltr'><strong>σωζομένοις</strong></span> <span class='ocrx_word' id='word_1_257' title='bbox 1710 1916 1899 1981; x_wconf 79' lang='grc' dir='ltr'><strong>πᾶσιν,</strong></span> 
     </span>
    </p>
   </div>
   <div class='ocr_carea' id='block_1_38' title="bbox 323 2006 1900 2081">
    <p class='ocr_par' dir='ltr' id='par_1_38' title="bbox 323 2006 1900 2081">
     <span class='ocr_line' id='line_1_38' title="bbox 323 2006 1900 2081; baseline -0.001 -19"><span class='ocrx_word' id='word_1_258' title='bbox 323 2009 428 2073; x_wconf 72' lang='grc' dir='ltr'><strong>ἓως</strong></span> <span class='ocrx_word' id='word_1_259' title='bbox 457 2009 552 2062; x_wconf 84' lang='grc' dir='ltr'><strong>τοῦ</strong></span> <span class='ocrx_word' id='word_1_260' title='bbox 580 2010 840 2079; x_wconf 82' lang='grc' dir='ltr'><strong>Χριστοῦ,</strong></span> <span class='ocrx_word' id='word_1_261' title='bbox 857 2009 1200 2080; x_wconf 87' lang='grc' dir='ltr'><strong>συμϐολικῶς</strong></span> <span class='ocrx_word' id='word_1_262' title='bbox 1223 2010 1313 2064; x_wconf 77' lang='grc' dir='ltr'><strong>διὰ</strong></span> <span class='ocrx_word' id='word_1_263' title='bbox 1327 2011 1422 2064; x_wconf 84' lang='grc' dir='ltr'><strong>τοῦ</strong></span> <span class='ocrx_word' id='word_1_264' title='bbox 1451 2011 1638 2081; x_wconf 80' lang='grc' dir='ltr'><strong>τιμίου</strong></span> <span class='ocrx_word' id='word_1_265' title='bbox 1664 2006 1900 2079; x_wconf 85' lang='grc' dir='ltr'><strong>σταυροῦ</strong></span> 
     </span>
    </p>
   </div>
   <div class='ocr_carea' id='block_1_39' title="bbox 311 2091 1900 2173">
    <p class='ocr_par' dir='ltr' id='par_1_39' title="bbox 311 2091 1900 2173">
     <span class='ocr_line' id='line_1_39' title="bbox 311 2091 1900 2173; baseline -0.003 -19"><span class='ocrx_word' id='word_1_266' title='bbox 311 2101 359 2171; x_wconf 80' lang='grc' dir='ltr'><strong>-ἠ</strong></span> <span class='ocrx_word' id='word_1_267' title='bbox 386 2101 703 2171; x_wconf 80' lang='grc' dir='ltr'><strong>δικαιοσύνη</strong></span> <span class='ocrx_word' id='word_1_268' title='bbox 735 2091 1078 2170; x_wconf 56' lang='grc' dir='ltr'><strong>ὲϐραϐεύετο,</strong></span> <span class='ocrx_word' id='word_1_269' title='bbox 1110 2102 1238 2155; x_wconf 85' lang='grc' dir='ltr'><strong>Ὅτε</strong></span> <span class='ocrx_word' id='word_1_270' title='bbox 1261 2099 1319 2154; x_wconf 75' lang='grc' dir='ltr'><strong>δὲ</strong></span> <span class='ocrx_word' id='word_1_271' title='bbox 1345 2097 1476 2173; x_wconf 78' lang='grc' dir='ltr'><strong>ἦλθε</strong></span> <span class='ocrx_word' id='word_1_272' title='bbox 1507 2099 1644 2169; x_wconf 65' lang='grc' dir='ltr'><strong>(ευ)</strong></span> <span class='ocrx_word' id='word_1_273' title='bbox 1673 2097 1736 2152; x_wconf 78' lang='grc' dir='ltr'><strong>τὸ</strong></span> <span class='ocrx_word' id='word_1_274' title='bbox 1764 2097 1900 2170; x_wconf 81' lang='grc' dir='ltr'><strong>πλή-</strong></span> 
     </span>
    </p>
   </div>
   <div class='ocr_carea' id='block_1_40' title="bbox 303 2188 1902 2263">
    <p class='ocr_par' dir='ltr' id='par_1_40' title="bbox 303 2188 1902 2263">
     <span class='ocr_line' id='line_1_40' title="bbox 303 2188 1902 2263; baseline -0.003 -20"><span class='ocrx_word' id='word_1_275' title='bbox 303 2207 487 2263; x_wconf 85' lang='grc' dir='ltr'><strong>-ρωμα</strong></span> <span class='ocrx_word' id='word_1_276' title='bbox 513 2190 609 2244; x_wconf 91' lang='grc' dir='ltr'><strong>τοῦ</strong></span> <span class='ocrx_word' id='word_1_277' title='bbox 633 2192 825 2262; x_wconf 85' lang='grc' dir='ltr'><strong>χρόνου</strong></span> <span class='ocrx_word' id='word_1_278' title='bbox 856 2192 954 2260; x_wconf 82' lang='grc' dir='ltr'><strong>τῆς</strong></span> <span class='ocrx_word' id='word_1_279' title='bbox 985 2191 1196 2258; x_wconf 70' lang='grc' dir='ltr'><strong>ἐνδόξου</strong></span> <span class='ocrx_word' id='word_1_280' title='bbox 1227 2191 1317 2244; x_wconf 79' lang='grc' dir='ltr'><strong>διὰ</strong></span> <span class='ocrx_word' id='word_1_281' title='bbox 1351 2190 1552 2262; x_wconf 80' lang='grc' dir='ltr'><strong>σαρκὸς</strong></span> <span class='ocrx_word' id='word_1_282' title='bbox 1593 2188 1902 2259; x_wconf 79' lang='grc' dir='ltr'><strong>παρουσίας</strong></span> 
     </span>
    </p>
   </div>
   <div class='ocr_carea' id='block_1_41' title="bbox 321 2283 1900 2356">
    <p class='ocr_par' dir='ltr' id='par_1_41' title="bbox 321 2283 1900 2356">
     <span class='ocr_line' id='line_1_41' title="bbox 321 2283 1900 2356; baseline -0.003 -16"><span class='ocrx_word' id='word_1_283' title='bbox 321 2287 420 2344; x_wconf 77' lang='grc' dir='ltr'><strong>τοῦ</strong></span> <span class='ocrx_word' id='word_1_284' title='bbox 450 2287 596 2342; x_wconf 80' lang='grc' dir='ltr'><strong>θείου</strong></span> <span class='ocrx_word' id='word_1_285' title='bbox 636 2287 838 2356; x_wconf 84' lang='grc' dir='ltr'><strong>Λόγου,</strong></span> <span class='ocrx_word' id='word_1_286' title='bbox 863 2287 981 2339; x_wconf 83' lang='grc' dir='ltr'><strong>τότε</strong></span> <span class='ocrx_word' id='word_1_287' title='bbox 1007 2285 1071 2356; x_wconf 84' lang='grc' dir='ltr'><strong>δὴ</strong></span> <span class='ocrx_word' id='word_1_288' title='bbox 1093 2286 1212 2338; x_wconf 79' lang='grc' dir='ltr'><strong>τότε</strong></span> <span class='ocrx_word' id='word_1_289' title='bbox 1237 2286 1415 2338; x_wconf 84' lang='grc' dir='ltr'><strong>πάντα</strong></span> <span class='ocrx_word' id='word_1_290' title='bbox 1435 2285 1526 2338; x_wconf 77' lang='grc' dir='ltr'><strong>τὸν</strong></span> <span class='ocrx_word' id='word_1_291' title='bbox 1549 2283 1778 2337; x_wconf 89' lang='grc' dir='ltr'><strong>πλοῦτον</strong></span> <span class='ocrx_word' id='word_1_292' title='bbox 1803 2283 1900 2352; x_wconf 81' lang='grc' dir='ltr'><strong>τῆς</strong></span> 
     </span>
    </p>
   </div>
   <div class='ocr_carea' id='block_1_42' title="bbox 323 2375 1896 2454">
    <p class='ocr_par' dir='ltr' id='par_1_42' title="bbox 323 2375 1896 2454">
     <span class='ocr_line' id='line_1_42' title="bbox 323 2375 1896 2454; baseline -0.007 -16"><span class='ocrx_word' id='word_1_293' title='bbox 323 2383 567 2454; x_wconf 69' lang='grc' dir='ltr'><strong>ἐμφύτου</strong></span> <span class='ocrx_word' id='word_1_294' title='bbox 596 2380 762 2437; x_wconf 83' lang='grc' dir='ltr'><strong>αὑτοῦ</strong></span> <span class='ocrx_word' id='word_1_295' title='bbox 803 2381 931 2452; x_wconf 76' lang='grc' dir='ltr'><strong>περὶ</strong></span> <span class='ocrx_word' id='word_1_296' title='bbox 955 2381 1101 2452; x_wconf 81' lang='grc' dir='ltr'><strong>ἡμᾶς</strong></span> <span class='ocrx_word' id='word_1_297' title='bbox 1136 2378 1434 2448; x_wconf 73' lang='grc' dir='ltr'><strong>ὲξεκάλυψε</strong></span> <span class='ocrx_word' id='word_1_298' title='bbox 1467 2375 1896 2447; x_wconf 77' lang='grc' dir='ltr'><strong>φιλανθρωπίας,</strong></span> 
     </span>
    </p>
   </div>
   <div class='ocr_carea' id='block_1_43' title="bbox 321 2471 1902 2547">
    <p class='ocr_par' dir='ltr' id='par_1_43' title="bbox 321 2471 1902 2547">
     <span class='ocr_line' id='line_1_43' title="bbox 321 2471 1902 2547; baseline -0.004 -19"><span class='ocrx_word' id='word_1_299' title='bbox 321 2476 384 2528; x_wconf 83' lang='grc' dir='ltr'><strong>ού</strong></span> <span class='ocrx_word' id='word_1_300' title='bbox 416 2475 504 2528; x_wconf 81' lang='grc' dir='ltr'><strong>διὰ</strong></span> <span class='ocrx_word' id='word_1_301' title='bbox 529 2474 598 2529; x_wconf 79' lang='grc' dir='ltr'><strong>τὰ</strong></span> <span class='ocrx_word' id='word_1_302' title='bbox 618 2473 754 2543; x_wconf 75' lang='grc' dir='ltr'><strong>ἔργα</strong></span> <span class='ocrx_word' id='word_1_303' title='bbox 783 2473 958 2544; x_wconf 76' lang='grc' dir='ltr'><strong>ἡμῶν,</strong></span> <span class='ocrx_word' id='word_1_304' title='bbox 974 2474 1110 2530; x_wconf 77' lang='grc' dir='ltr'><strong>ἀλλὰ</strong></span> <span class='ocrx_word' id='word_1_305' title='bbox 1131 2475 1218 2528; x_wconf 81' lang='grc' dir='ltr'><strong>διὰ</strong></span> <span class='ocrx_word' id='word_1_306' title='bbox 1241 2475 1342 2547; x_wconf 79' lang='grc' dir='ltr'><strong>τὴν</strong></span> <span class='ocrx_word' id='word_1_307' title='bbox 1365 2472 1515 2543; x_wconf 76' lang='grc' dir='ltr'><strong>αὐτῷ</strong></span> <span class='ocrx_word' id='word_1_308' title='bbox 1530 2471 1607 2546; x_wconf 84' lang='grc' dir='ltr'><strong>τῷ</strong></span> <span class='ocrx_word' id='word_1_309' title='bbox 1635 2471 1902 2540; x_wconf 75' lang='grc' dir='ltr'><strong>εὐεργέτῃ</strong></span> 
     </span>
    </p>
   </div>
   <div class='ocr_carea' id='block_1_44' title="bbox 325 2563 1898 2642">
    <p class='ocr_par' dir='ltr' id='par_1_44' title="bbox 325 2563 1898 2642">
     <span class='ocr_line' id='line_1_44' title="bbox 325 2563 1898 2642; baseline -0.003 -22"><span class='ocrx_word' id='word_1_310' title='bbox 325 2569 648 2642; x_wconf 76' lang='grc' dir='ltr'><strong>πρέπουσαν</strong></span> <span class='ocrx_word' id='word_1_311' title='bbox 663 2566 990 2639; x_wconf 80' lang='grc' dir='ltr'><strong>ἀγαοότητα.</strong></span> <span class='ocrx_word' id='word_1_312' title='bbox 1021 2568 1094 2620; x_wconf 88' lang='grc' dir='ltr'><strong>Ού</strong></span> <span class='ocrx_word' id='word_1_313' title='bbox 1130 2567 1239 2634; x_wconf 80' lang='grc' dir='ltr'><strong>γὰρ</strong></span> <span class='ocrx_word' id='word_1_314' title='bbox 1282 2567 1532 2620; x_wconf 72' lang='grc' dir='ltr'><strong>ἐϐούλετο</strong></span> <span class='ocrx_word' id='word_1_315' title='bbox 1565 2564 1654 2618; x_wconf 82' lang='grc' dir='ltr'><strong>διὰ</strong></span> <span class='ocrx_word' id='word_1_316' title='bbox 1688 2563 1898 2631; x_wconf 75' lang='grc' dir='ltr'><strong>σπλάγ-</strong></span> 
     </span>
    </p>
   </div>
   <div class='ocr_carea' id='block_1_45' title="bbox 323 2658 1901 2735">
    <p class='ocr_par' dir='ltr' id='par_1_45' title="bbox 323 2658 1901 2735">
     <span class='ocr_line' id='line_1_45' title="bbox 323 2658 1901 2735; baseline -0.001 -22"><span class='ocrx_word' id='word_1_317' title='bbox 323 2679 425 2733; x_wconf 82' lang='grc' dir='ltr'><strong>χνα</strong></span> <span class='ocrx_word' id='word_1_318' title='bbox 462 2661 648 2724; x_wconf 81' lang='grc' dir='ltr'><strong>ἐλέους</strong></span> <span class='ocrx_word' id='word_1_319' title='bbox 691 2660 792 2731; x_wconf 83' lang='grc' dir='ltr'><strong>τῆς</strong></span> <span class='ocrx_word' id='word_1_320' title='bbox 825 2661 996 2732; x_wconf 78' lang='grc' dir='ltr'><strong>αὐτῆς</strong></span> <span class='ocrx_word' id='word_1_321' title='bbox 1047 2660 1458 2735; x_wconf 80' lang='grc' dir='ltr'><strong>φιλανθρωπίας</strong></span> <span class='ocrx_word' id='word_1_322' title='bbox 1483 2698 1499 2723; x_wconf 94' lang='grc'><strong>,</strong></span> <span class='ocrx_word' id='word_1_323' title='bbox 1573 2661 1684 2724; x_wconf 79' lang='grc' dir='ltr'><strong>ἓως</strong></span> <span class='ocrx_word' id='word_1_324' title='bbox 1712 2658 1901 2723; x_wconf 80' lang='grc' dir='ltr'><strong>τέλους</strong></span> 
     </span>
    </p>
   </div>
   <div class='ocr_carea' id='block_1_46' title="bbox 321 2743 1896 2823">
    <p class='ocr_par' dir='ltr' id='par_1_46' title="bbox 321 2743 1896 2823">
     <span class='ocr_line' id='line_1_46' title="bbox 321 2743 1896 2823; baseline -0.003 -19"><span class='ocrx_word' id='word_1_325' title='bbox 321 2749 736 2823; x_wconf 73' lang='grc' dir='ltr'><strong>τυραννίζεσθαι</strong></span> <span class='ocrx_word' id='word_1_326' title='bbox 759 2751 847 2804; x_wconf 83' lang='grc' dir='ltr'><strong>τὸν</strong></span> <span class='ocrx_word' id='word_1_327' title='bbox 865 2752 1146 2822; x_wconf 77' lang='grc' dir='ltr'><strong>ἄνθρωπον</strong></span> <span class='ocrx_word' id='word_1_328' title='bbox 1160 2753 1265 2805; x_wconf 73' lang='grc' dir='ltr'><strong>ὑπὸ</strong></span> <span class='ocrx_word' id='word_1_329' title='bbox 1284 2751 1383 2820; x_wconf 83' lang='grc' dir='ltr'><strong>τῆς</strong></span> <span class='ocrx_word' id='word_1_330' title='bbox 1403 2749 1653 2803; x_wconf 83' lang='grc' dir='ltr'><strong>διαϐόλου</strong></span> <span class='ocrx_word' id='word_1_331' title='bbox 1676 2743 1896 2812; x_wconf 79' lang='grc' dir='ltr'><strong>κακίας,</strong></span> 
     </span>
    </p>
   </div>
   <div class='ocr_carea' id='block_1_47' title="bbox 323 2840 1898 2917">
    <p class='ocr_par' dir='ltr' id='par_1_47' title="bbox 323 2840 1898 2917">
     <span class='ocr_line' id='line_1_47' title="bbox 323 2840 1898 2917; baseline -0.004 -19"><span class='ocrx_word' id='word_1_332' title='bbox 323 2844 461 2898; x_wconf 84' lang='grc' dir='ltr'><strong>ἀλλὰ</strong></span> <span class='ocrx_word' id='word_1_333' title='bbox 490 2845 742 2914; x_wconf 81' lang='grc' dir='ltr'><strong>βουλήσει</strong></span> <span class='ocrx_word' id='word_1_334' title='bbox 774 2845 866 2899; x_wconf 90' lang='grc' dir='ltr'><strong>τοῦ</strong></span> <span class='ocrx_word' id='word_1_335' title='bbox 918 2846 1130 2917; x_wconf 78' lang='grc' dir='ltr'><strong>Πατρδς</strong></span> <span class='ocrx_word' id='word_1_336' title='bbox 1175 2846 1272 2899; x_wconf 73' lang='grc' dir='ltr'><strong>καὶ</strong></span> <span class='ocrx_word' id='word_1_337' title='bbox 1321 2843 1541 2915; x_wconf 65' lang='grc' dir='ltr'><strong>εὐδοκία</strong></span> <span class='ocrx_word' id='word_1_338' title='bbox 1594 2841 1689 2895; x_wconf 85' lang='grc' dir='ltr'><strong>τοῦ</strong></span> <span class='ocrx_word' id='word_1_339' title='bbox 1742 2840 1898 2909; x_wconf 82' lang='grc' dir='ltr'><strong>ἁγίου</strong></span> 
     </span>
    </p>
   </div>
   <div class='ocr_carea' id='block_1_48' title="bbox 323 2935 1898 3007">
    <p class='ocr_par' dir='ltr' id='par_1_48' title="bbox 323 2935 1898 3007">
     <span class='ocr_line' id='line_1_48' title="bbox 323 2935 1898 3007; baseline -0.004 -15"><span class='ocrx_word' id='word_1_340' title='bbox 323 2937 646 3006; x_wconf 86' lang='grc' dir='ltr'><strong>Πνεύματος</strong></span> <span class='ocrx_word' id='word_1_341' title='bbox 673 2975 687 2998; x_wconf 88' lang='grc'><strong>,</strong></span> <span class='ocrx_word' id='word_1_342' title='bbox 743 2938 770 2988; x_wconf 88' lang='grc' dir='ltr'><strong>ό</strong></span> <span class='ocrx_word' id='word_1_343' title='bbox 821 2937 908 2990; x_wconf 74' lang='grc' dir='ltr'><strong>ἀεὶ</strong></span> <span class='ocrx_word' id='word_1_344' title='bbox 957 2937 1147 3007; x_wconf 79' lang='grc' dir='ltr'><strong>παρὼν</strong></span> <span class='ocrx_word' id='word_1_345' title='bbox 1194 2939 1287 2991; x_wconf 76' lang='grc' dir='ltr'><strong>καὶ</strong></span> <span class='ocrx_word' id='word_1_346' title='bbox 1348 2935 1598 3007; x_wconf 82' lang='grc' dir='ltr'><strong>μηδαμοῦ</strong></span> <span class='ocrx_word' id='word_1_347' title='bbox 1634 2949 1898 3005; x_wconf 83' lang='grc' dir='ltr'><strong>περιγρα-</strong></span> 
     </span>
    </p>
   </div>
   <div class='ocr_carea' id='block_1_49' title="bbox 2004 1825 3429 1905">
    <p class='ocr_par' dir='ltr' id='par_1_49' title="bbox 2004 1825 3429 1905">
     <span class='ocr_line' id='line_1_49' title="bbox 2004 1825 3429 1905; baseline 0.002 -24"><span class='ocrx_word' id='word_1_348' title='bbox 2004 1825 2326 1882; x_wconf 84' lang='lat' dir='ltr'><strong>Trinitatem</strong></span> <span class='ocrx_word' id='word_1_349' title='bbox 2363 1843 2483 1883; x_wconf 90' lang='lat' dir='ltr'><strong>cum</strong></span> <span class='ocrx_word' id='word_1_350' title='bbox 2518 1827 2704 1883; x_wconf 66' lang='lat' dir='ltr'><strong>laetitia</strong></span> <span class='ocrx_word' id='word_1_351' title='bbox 2743 1841 2796 1884; x_wconf 91' lang='lat' dir='ltr'><strong>et</strong></span> <span class='ocrx_word' id='word_1_352' title='bbox 2827 1830 3027 1900; x_wconf 80' lang='lat' dir='ltr'><strong>gaudio</strong></span> <span class='ocrx_word' id='word_1_353' title='bbox 3062 1830 3359 1886; x_wconf 73' lang='lat' dir='ltr'><strong>celebrant.</strong></span> <span class='ocrx_word' id='word_1_354' title='bbox 3424 1900 3429 1905; x_wconf 22' lang='grc' dir='ltr'><strong>η</strong></span> 
     </span>
    </p>
   </div>
   <div class='ocr_carea' id='block_1_50' title="bbox 2070 1920 3572 1992">
    <p class='ocr_par' dir='ltr' id='par_1_50' title="bbox 2070 1920 3572 1992">
     <span class='ocr_line' id='line_1_50' title="bbox 2070 1920 3572 1992; baseline 0.004 -18"><span class='ocrx_word' id='word_1_355' title='bbox 2070 1923 2248 1989; x_wconf 80' lang='lat' dir='ltr'><strong>Atque</strong></span> <span class='ocrx_word' id='word_1_356' title='bbox 2275 1921 2349 1974; x_wconf 89' lang='lat' dir='ltr'><strong>ita</strong></span> <span class='ocrx_word' id='word_1_357' title='bbox 2379 1920 2593 1989; x_wconf 87' lang='lat' dir='ltr'><strong>quidem</strong></span> <span class='ocrx_word' id='word_1_358' title='bbox 2630 1922 2697 1976; x_wconf 86' lang='lat' dir='ltr'><strong>ab</strong></span> <span class='ocrx_word' id='word_1_359' title='bbox 2730 1923 2847 1992; x_wconf 92' lang='lat' dir='ltr'><strong>ipso</strong></span> <span class='ocrx_word' id='word_1_360' title='bbox 2879 1922 3044 1976; x_wconf 75' lang='lat' dir='ltr'><strong>Adam</strong></span> <span class='ocrx_word' id='word_1_361' title='bbox 3075 1939 3244 1991; x_wconf 90' lang='lat' dir='ltr'><strong>usque</strong></span> <span class='ocrx_word' id='word_1_362' title='bbox 3293 1924 3360 1978; x_wconf 89' lang='lat' dir='ltr'><strong>ad</strong></span> <span class='ocrx_word' id='word_1_363' title='bbox 3409 1924 3572 1981; x_wconf 82' lang='lat' dir='ltr'><strong>Chri-</strong></span> 
     </span>
    </p>
   </div>
   <div class='ocr_carea' id='block_1_51' title="bbox 2002 2015 3576 2088">
    <p class='ocr_par' dir='ltr' id='par_1_51' title="bbox 2002 2015 3576 2088">
     <span class='ocr_line' id='line_1_51' title="bbox 2002 2015 3576 2088; baseline 0.003 -18"><span class='ocrx_word' id='word_1_364' title='bbox 2002 2024 2166 2080; x_wconf 88' lang='lat' dir='ltr'><strong>stum,</strong></span> <span class='ocrx_word' id='word_1_365' title='bbox 2214 2015 2488 2080; x_wconf 87' lang='lat' dir='ltr'><strong>omnibus,</strong></span> <span class='ocrx_word' id='word_1_366' title='bbox 2535 2015 2625 2084; x_wconf 89' lang='lat' dir='ltr'><strong>qui</strong></span> <span class='ocrx_word' id='word_1_367' title='bbox 2665 2015 2905 2070; x_wconf 86' lang='lat' dir='ltr'><strong>salvandi</strong></span> <span class='ocrx_word' id='word_1_368' title='bbox 2959 2026 3165 2082; x_wconf 90' lang='lat' dir='ltr'><strong>essent,</strong></span> <span class='ocrx_word' id='word_1_369' title='bbox 3208 2015 3442 2086; x_wconf 74' lang='lat' dir='ltr'><strong>iustitia,</strong></span> <span class='ocrx_word' id='word_1_370' title='bbox 3478 2034 3576 2088; x_wconf 89' lang='lat' dir='ltr'><strong>per</strong></span> 
     </span>
    </p>
   </div>
   <div class='ocr_carea' id='block_1_52' title="bbox 2000 2105 3575 2180">
    <p class='ocr_par' dir='ltr' id='par_1_52' title="bbox 2000 2105 3575 2180">
     <span class='ocr_line' id='line_1_52' title="bbox 2000 2105 3575 2180; baseline 0.003 -19"><span class='ocrx_word' id='word_1_371' title='bbox 2000 2107 2364 2161; x_wconf 80' lang='lat' dir='ltr'><strong>venerandam</strong></span> <span class='ocrx_word' id='word_1_372' title='bbox 2425 2120 2662 2169; x_wconf 87' lang='lat' dir='ltr'><strong>crucem,</strong></span> <span class='ocrx_word' id='word_1_373' title='bbox 2698 2106 2930 2162; x_wconf 84' lang='lat' dir='ltr'><strong>obscure</strong></span> <span class='ocrx_word' id='word_1_374' title='bbox 2964 2105 3109 2171; x_wconf 90' lang='lat' dir='ltr'><strong>licet,</strong></span> <span class='ocrx_word' id='word_1_375' title='bbox 3163 2123 3228 2163; x_wconf 91' lang='lat' dir='ltr'><strong>ac</strong></span> <span class='ocrx_word' id='word_1_376' title='bbox 3271 2108 3421 2164; x_wconf 88' lang='lat' dir='ltr'><strong>velut</strong></span> <span class='ocrx_word' id='word_1_377' title='bbox 3477 2126 3575 2180; x_wconf 88' lang='lat' dir='ltr'><strong>per</strong></span> 
     </span>
    </p>
   </div>
   <div class='ocr_carea' id='block_1_53' title="bbox 2003 2199 3572 2273">
    <p class='ocr_par' dir='ltr' id='par_1_53' title="bbox 2003 2199 3572 2273">
     <span class='ocr_line' id='line_1_53' title="bbox 2003 2199 3572 2273; baseline 0.004 -21"><span class='ocrx_word' id='word_1_378' title='bbox 2003 2207 2372 2261; x_wconf 84' lang='lat' dir='ltr'><strong>transennam,</strong></span> <span class='ocrx_word' id='word_1_379' title='bbox 2399 2199 2814 2254; x_wconf 84' lang='lat' dir='ltr'><strong>decernebatur.</strong></span> <span class='ocrx_word' id='word_1_380' title='bbox 2849 2199 3074 2267; x_wconf 82' lang='lat' dir='ltr'><strong>Quando</strong></span> <span class='ocrx_word' id='word_1_381' title='bbox 3109 2217 3236 2257; x_wconf 87' lang='lat' dir='ltr'><strong>vero</strong></span> <span class='ocrx_word' id='word_1_382' title='bbox 3290 2204 3438 2258; x_wconf 90' lang='lat' dir='ltr'><strong>venit</strong></span> <span class='ocrx_word' id='word_1_383' title='bbox 3467 2205 3572 2273; x_wconf 80' lang='lat' dir='ltr'><strong>ple-</strong></span> 
     </span>
    </p>
   </div>
   <div class='ocr_carea' id='block_1_54' title="bbox 2001 2291 3570 2361">
    <p class='ocr_par' dir='ltr' id='par_1_54' title="bbox 2001 2291 3570 2361">
     <span class='ocr_line' id='line_1_54' title="bbox 2001 2291 3570 2361; baseline 0.005 -17"><span class='ocrx_word' id='word_1_384' title='bbox 2001 2291 2190 2344; x_wconf 88' lang='lat' dir='ltr'><strong>nitudo</strong></span> <span class='ocrx_word' id='word_1_385' title='bbox 2227 2291 2486 2359; x_wconf 86' lang='lat' dir='ltr'><strong>temporis</strong></span> <span class='ocrx_word' id='word_1_386' title='bbox 2533 2292 2754 2361; x_wconf 81' lang='lat' dir='ltr'><strong>gloriosi</strong></span> <span class='ocrx_word' id='word_1_387' title='bbox 2788 2291 3053 2347; x_wconf 88' lang='lat' dir='ltr'><strong>adventus</strong></span> <span class='ocrx_word' id='word_1_388' title='bbox 3089 2293 3259 2348; x_wconf 85' lang='lat' dir='ltr'><strong>divini</strong></span> <span class='ocrx_word' id='word_1_389' title='bbox 3315 2293 3478 2351; x_wconf 86' lang='lat' dir='ltr'><strong>Verbi</strong></span> <span class='ocrx_word' id='word_1_390' title='bbox 3514 2297 3570 2352; x_wconf 90' lang='lat' dir='ltr'><strong>in</strong></span> 
     </span>
    </p>
   </div>
   <div class='ocr_carea' id='block_1_55' title="bbox 2001 2386 3572 2456">
    <p class='ocr_par' dir='ltr' id='par_1_55' title="bbox 2001 2386 3572 2456">
     <span class='ocr_line' id='line_1_55' title="bbox 2001 2386 3572 2456; baseline 0.003 -18"><span class='ocrx_word' id='word_1_391' title='bbox 2001 2398 2187 2446; x_wconf 87' lang='lat' dir='ltr'><strong>carne,</strong></span> <span class='ocrx_word' id='word_1_392' title='bbox 2222 2391 2350 2438; x_wconf 92' lang='lat' dir='ltr'><strong>tunc</strong></span> <span class='ocrx_word' id='word_1_393' title='bbox 2383 2398 2605 2452; x_wconf 88' lang='lat' dir='ltr'><strong>prorsus</strong></span> <span class='ocrx_word' id='word_1_394' title='bbox 2639 2398 2827 2438; x_wconf 88' lang='lat' dir='ltr'><strong>omnes</strong></span> <span class='ocrx_word' id='word_1_395' title='bbox 2869 2398 2980 2439; x_wconf 69' lang='lat' dir='ltr'><strong>suae</strong></span> <span class='ocrx_word' id='word_1_396' title='bbox 3024 2399 3150 2454; x_wconf 77' lang='lat' dir='ltr'><strong>erga</strong></span> <span class='ocrx_word' id='word_1_397' title='bbox 3185 2400 3284 2440; x_wconf 91' lang='lat' dir='ltr'><strong>nos</strong></span> <span class='ocrx_word' id='word_1_398' title='bbox 3318 2386 3572 2456; x_wconf 64' lang='lat' dir='ltr'><strong>ingenitae</strong></span> 
     </span>
    </p>
   </div>
   <div class='ocr_carea' id='block_1_56' title="bbox 2003 2464 3573 2547">
    <p class='ocr_par' dir='ltr' id='par_1_56' title="bbox 2003 2464 3573 2547">
     <span class='ocr_line' id='line_1_56' title="bbox 2003 2464 3573 2547; baseline 0.003 -18"><span class='ocrx_word' id='word_1_399' title='bbox 2003 2473 2392 2529; x_wconf 61' lang='lat' dir='ltr'><strong>benevolentiae</strong></span> <span class='ocrx_word' id='word_1_400' title='bbox 2421 2476 2720 2530; x_wconf 82' lang='lat' dir='ltr'><strong>thesauros</strong></span> <span class='ocrx_word' id='word_1_401' title='bbox 2750 2474 2984 2544; x_wconf 89' lang='lat' dir='ltr'><strong>aperuit,</strong></span> <span class='ocrx_word' id='word_1_402' title='bbox 3017 2491 3192 2545; x_wconf 88' lang='lat' dir='ltr'><strong>neque</strong></span> <span class='ocrx_word' id='word_1_403' title='bbox 3247 2464 3306 2533; x_wconf 21' lang='lat' dir='ltr'><strong>id.</strong></span> <span class='ocrx_word' id='word_1_404' title='bbox 3352 2488 3573 2547; x_wconf 85' lang='lat' dir='ltr'><strong>propter</strong></span> 
     </span>
    </p>
   </div>
   <div class='ocr_carea' id='block_1_57' title="bbox 2002 2567 3559 2642">
    <p class='ocr_par' dir='ltr' id='par_1_57' title="bbox 2002 2567 3559 2642">
     <span class='ocr_line' id='line_1_57' title="bbox 2002 2567 3559 2642; baseline 0.004 -20"><span class='ocrx_word' id='word_1_405' title='bbox 2002 2582 2224 2638; x_wconf 89' lang='lat' dir='ltr'><strong>operum</strong></span> <span class='ocrx_word' id='word_1_406' title='bbox 2282 2577 2589 2622; x_wconf 86' lang='lat' dir='ltr'><strong>nostrorum</strong></span> <span class='ocrx_word' id='word_1_407' title='bbox 2646 2567 2862 2631; x_wconf 87' lang='lat' dir='ltr'><strong>merita,</strong></span> <span class='ocrx_word' id='word_1_408' title='bbox 2918 2569 3012 2623; x_wconf 87' lang='lat' dir='ltr'><strong>sed</strong></span> <span class='ocrx_word' id='word_1_409' title='bbox 3076 2578 3284 2625; x_wconf 87' lang='lat' dir='ltr'><strong>tantum</strong></span> <span class='ocrx_word' id='word_1_410' title='bbox 3335 2582 3559 2642; x_wconf 85' lang='lat' dir='ltr'><strong>propter</strong></span> 
     </span>
    </p>
   </div>
   <div class='ocr_carea' id='block_1_58' title="bbox 2003 2659 3575 2731">
    <p class='ocr_par' dir='ltr' id='par_1_58' title="bbox 2003 2659 3575 2731">
     <span class='ocr_line' id='line_1_58' title="bbox 2003 2659 3575 2731; baseline 0.002 -14"><span class='ocrx_word' id='word_1_411' title='bbox 2003 2676 2177 2725; x_wconf 89' lang='lat' dir='ltr'><strong>suam,</strong></span> <span class='ocrx_word' id='word_1_412' title='bbox 2209 2677 2328 2731; x_wconf 78' lang='lat' dir='ltr'><strong>quae</strong></span> <span class='ocrx_word' id='word_1_413' title='bbox 2362 2659 2760 2717; x_wconf 82' lang='lat' dir='ltr'><strong>benefactorem</strong></span> <span class='ocrx_word' id='word_1_414' title='bbox 2793 2661 3040 2726; x_wconf 89' lang='lat' dir='ltr'><strong>decebat,</strong></span> <span class='ocrx_word' id='word_1_415' title='bbox 3102 2663 3421 2722; x_wconf 88' lang='lat' dir='ltr'><strong>bonitatem.</strong></span> <span class='ocrx_word' id='word_1_416' title='bbox 3467 2663 3575 2720; x_wconf 84' lang='lat' dir='ltr'><strong>Ne-</strong></span> 
     </span>
    </p>
   </div>
   <div class='ocr_carea' id='block_1_59' title="bbox 1996 2742 3572 2822">
    <p class='ocr_par' dir='ltr' id='par_1_59' title="bbox 1996 2742 3572 2822">
     <span class='ocr_line' id='line_1_59' title="bbox 1996 2742 3572 2822; baseline 0.004 -17"><span class='ocrx_word' id='word_1_417' title='bbox 1996 2769 2105 2821; x_wconf 82' lang='lat' dir='ltr'><strong>que</strong></span> <span class='ocrx_word' id='word_1_418' title='bbox 2134 2753 2299 2817; x_wconf 90' lang='lat' dir='ltr'><strong>enim,</strong></span> <span class='ocrx_word' id='word_1_419' title='bbox 2329 2742 2433 2822; x_wconf 87' lang='lat' dir='ltr'><strong>qua</strong></span> <span class='ocrx_word' id='word_1_420' title='bbox 2488 2750 2665 2805; x_wconf 88' lang='lat' dir='ltr'><strong>fuitin</strong></span> <span class='ocrx_word' id='word_1_421' title='bbox 2701 2767 2801 2807; x_wconf 89' lang='lat' dir='ltr'><strong>nos</strong></span> <span class='ocrx_word' id='word_1_422' title='bbox 2837 2752 3145 2817; x_wconf 90' lang='lat' dir='ltr'><strong>clementia,</strong></span> <span class='ocrx_word' id='word_1_423' title='bbox 3183 2755 3442 2811; x_wconf 83' lang='lat' dir='ltr'><strong>sustinuit</strong></span> <span class='ocrx_word' id='word_1_424' title='bbox 3478 2757 3572 2812; x_wconf 86' lang='lat' dir='ltr'><strong>Dei</strong></span> 
     </span>
    </p>
   </div>
   <div class='ocr_carea' id='block_1_60' title="bbox 2001 2844 3575 2915">
    <p class='ocr_par' dir='ltr' id='par_1_60' title="bbox 2001 2844 3575 2915">
     <span class='ocr_line' id='line_1_60' title="bbox 2001 2844 3575 2915; baseline 0.003 -15"><span class='ocrx_word' id='word_1_425' title='bbox 2001 2844 2170 2900; x_wconf 88' lang='lat' dir='ltr'><strong>Filius</strong></span> <span class='ocrx_word' id='word_1_426' title='bbox 2198 2859 2365 2915; x_wconf 91' lang='lat' dir='ltr'><strong>usque</strong></span> <span class='ocrx_word' id='word_1_427' title='bbox 2390 2846 2440 2898; x_wconf 90' lang='lat' dir='ltr'><strong>in</strong></span> <span class='ocrx_word' id='word_1_428' title='bbox 2474 2845 2657 2908; x_wconf 80' lang='lat' dir='ltr'><strong>finem,</strong></span> <span class='ocrx_word' id='word_1_429' title='bbox 2695 2845 2990 2912; x_wconf 86' lang='lat' dir='ltr'><strong>hominem,</strong></span> <span class='ocrx_word' id='word_1_430' title='bbox 3020 2846 3301 2902; x_wconf 68' lang='lat' dir='ltr'><strong>diabolicae</strong></span> <span class='ocrx_word' id='word_1_431' title='bbox 3356 2849 3575 2905; x_wconf 74' lang='lat' dir='ltr'><strong>malitia:</strong></span> 
     </span>
    </p>
   </div>
   <div class='ocr_carea' id='block_1_61' title="bbox 2001 2936 3576 3006">
    <p class='ocr_par' dir='ltr' id='par_1_61' title="bbox 2001 2936 3576 3006">
     <span class='ocr_line' id='line_1_61' title="bbox 2001 2936 3576 3006; baseline 0.005 -16"><span class='ocrx_word' id='word_1_432' title='bbox 2001 2936 2192 2991; x_wconf 84' lang='lat' dir='ltr'><strong>fraude</strong></span> <span class='ocrx_word' id='word_1_433' title='bbox 2215 2951 2552 3006; x_wconf 88' lang='lat' dir='ltr'><strong>oppressum,</strong></span> <span class='ocrx_word' id='word_1_434' title='bbox 2585 2938 2862 3003; x_wconf 83' lang='lat' dir='ltr'><strong>divexari;</strong></span> <span class='ocrx_word' id='word_1_435' title='bbox 2911 2936 3004 2993; x_wconf 85' lang='lat' dir='ltr'><strong>sed</strong></span> <span class='ocrx_word' id='word_1_436' title='bbox 3054 2937 3332 2993; x_wconf 85' lang='lat' dir='ltr'><strong>voluntate</strong></span> <span class='ocrx_word' id='word_1_437' title='bbox 3397 2941 3576 2998; x_wconf 76' lang='lat' dir='ltr'><strong>Patris</strong></span> 
     </span>
    </p>
   </div>
   <div class='ocr_carea' id='block_1_62' title="bbox 326 3025 1902 3108">
    <p class='ocr_par' dir='ltr' id='par_1_62' title="bbox 326 3025 1899 3104">
     <span class='ocr_line' id='line_1_62' title="bbox 326 3025 1899 3104; baseline -0.003 -23"><span class='ocrx_word' id='word_1_438' title='bbox 326 3029 563 3104; x_wconf 71' lang='grc' dir='ltr'><strong>«ρόμενος</strong></span> <span class='ocrx_word' id='word_1_439' title='bbox 585 3065 602 3092; x_wconf 95' lang='grc'><strong>,</strong></span> <span class='ocrx_word' id='word_1_440' title='bbox 645 3026 714 3079; x_wconf 87' lang='grc' dir='ltr'><strong>δι’</strong></span> <span class='ocrx_word' id='word_1_441' title='bbox 757 3028 903 3097; x_wconf 81' lang='grc' dir='ltr'><strong>ἡμᾶς</strong></span> <span class='ocrx_word' id='word_1_442' title='bbox 943 3030 1037 3081; x_wconf 76' lang='grc' dir='ltr'><strong>καὶ</strong></span> <span class='ocrx_word' id='word_1_443' title='bbox 1074 3030 1158 3082; x_wconf 71' lang='grc' dir='ltr'><strong>διὰ</strong></span> <span class='ocrx_word' id='word_1_444' title='bbox 1187 3029 1284 3100; x_wconf 74' lang='grc' dir='ltr'><strong>τὴν</strong></span> <span class='ocrx_word' id='word_1_445' title='bbox 1319 3027 1591 3099; x_wconf 80' lang='grc' dir='ltr'><strong>ἡμετέραν</strong></span> <span class='ocrx_word' id='word_1_446' title='bbox 1627 3025 1899 3095; x_wconf 86' lang='grc' dir='ltr'><strong>σωτηρίαν</strong></span> 
     </span>
    </p>
   </div>
   <div class='ocr_carea' id='block_1_63' title="bbox 2012 3025 3575 3108">
    <p class='ocr_par' dir='ltr' id='par_1_63' title="bbox 2012 3028 3575 3101">
     <span class='ocr_line' id='line_1_63' title="bbox 2012 3028 3575 3101; baseline 0.004 -17"><span class='ocrx_word' id='word_1_447' title='bbox 2012 3040 2056 3084; x_wconf 80' lang='lat' dir='ltr'><strong>et</strong></span> <span class='ocrx_word' id='word_1_448' title='bbox 2108 3029 2442 3098; x_wconf 86' lang='lat' dir='ltr'><strong>beneplacito</strong></span> <span class='ocrx_word' id='word_1_449' title='bbox 2497 3028 2735 3098; x_wconf 80' lang='lat' dir='ltr'><strong>Spiritus</strong></span> <span class='ocrx_word' id='word_1_450' title='bbox 2811 3030 3007 3094; x_wconf 89' lang='lat' dir='ltr'><strong>sancti,</strong></span> <span class='ocrx_word' id='word_1_451' title='bbox 3065 3045 3277 3101; x_wconf 89' lang='lat' dir='ltr'><strong>semper</strong></span> <span class='ocrx_word' id='word_1_452' title='bbox 3337 3047 3575 3101; x_wconf 68' lang='lat' dir='ltr'><strong>praesens</strong></span> 
     </span>
    </p>
   </div>
   <div class='ocr_carea' id='block_1_64' title="bbox 327 3120 1899 3196">
    <p class='ocr_par' dir='ltr' id='par_1_64' title="bbox 327 3120 1899 3196">
     <span class='ocr_line' id='line_1_64' title="bbox 327 3120 1899 3196; baseline -0.008 -12"><span class='ocrx_word' id='word_1_453' title='bbox 327 3128 504 3184; x_wconf 76' lang='grc' dir='ltr'><strong>ἔκλινε</strong></span> <span class='ocrx_word' id='word_1_454' title='bbox 531 3124 660 3185; x_wconf 79' lang='grc' dir='ltr'><strong>τοὺς</strong></span> <span class='ocrx_word' id='word_1_455' title='bbox 686 3123 964 3194; x_wconf 76' lang='grc' dir='ltr'><strong>οὐρανοὺς,</strong></span> <span class='ocrx_word' id='word_1_456' title='bbox 987 3124 1080 3177; x_wconf 69' lang='grc' dir='ltr'><strong>καὶ</strong></span> <span class='ocrx_word' id='word_1_457' title='bbox 1109 3125 1335 3194; x_wconf 84' lang='grc' dir='ltr'><strong>κατέϐη,</strong></span> <span class='ocrx_word' id='word_1_458' title='bbox 1373 3123 1448 3196; x_wconf 83' lang='grc' dir='ltr'><strong>μὴ</strong></span> <span class='ocrx_word' id='word_1_459' title='bbox 1478 3120 1767 3193; x_wconf 73' lang='grc' dir='ltr'><strong>χωρισθεὶς</strong></span> <span class='ocrx_word' id='word_1_460' title='bbox 1791 3121 1899 3174; x_wconf 87' lang='grc' dir='ltr'><strong>τῶν</strong></span> 
     </span>
    </p>
   </div>
   <div class='ocr_carea' id='block_1_65' title="bbox 330 3215 1898 3290">
    <p class='ocr_par' dir='ltr' id='par_1_65' title="bbox 330 3215 1898 3290">
     <span class='ocr_line' id='line_1_65' title="bbox 330 3215 1898 3290; baseline -0.004 -18"><span class='ocrx_word' id='word_1_461' title='bbox 330 3217 600 3289; x_wconf 81' lang='grc' dir='ltr'><strong>οὐρανῶν,</strong></span> <span class='ocrx_word' id='word_1_462' title='bbox 617 3215 711 3270; x_wconf 71' lang='grc' dir='ltr'><strong>καὶ</strong></span> <span class='ocrx_word' id='word_1_463' title='bbox 737 3217 1022 3287; x_wconf 80' lang='grc' dir='ltr'><strong>ὲνοικήσας</strong></span> <span class='ocrx_word' id='word_1_464' title='bbox 1038 3218 1097 3269; x_wconf 85' lang='grc' dir='ltr'><strong>ὲν</strong></span> <span class='ocrx_word' id='word_1_465' title='bbox 1113 3221 1178 3290; x_wconf 77' lang='grc' dir='ltr'><strong>τῇ</strong></span> <span class='ocrx_word' id='word_1_466' title='bbox 1209 3219 1361 3289; x_wconf 83' lang='grc' dir='ltr'><strong>νηδύϊ</strong></span> <span class='ocrx_word' id='word_1_467' title='bbox 1378 3217 1477 3286; x_wconf 85' lang='grc' dir='ltr'><strong>τῆς</strong></span> <span class='ocrx_word' id='word_1_468' title='bbox 1505 3217 1665 3284; x_wconf 80' lang='grc' dir='ltr'><strong>ἁγίας</strong></span> <span class='ocrx_word' id='word_1_469' title='bbox 1691 3215 1898 3278; x_wconf 77' lang='grc' dir='ltr'><strong>ἐνδόξου</strong></span> 
     </span>
    </p>
   </div>
   <div class='ocr_carea' id='block_1_66' title="bbox 327 3307 1901 3381">
    <p class='ocr_par' dir='ltr' id='par_1_66' title="bbox 327 3307 1901 3381">
     <span class='ocr_line' id='line_1_66' title="bbox 327 3307 1901 3381; baseline 0.004 -17"><span class='ocrx_word' id='word_1_470' title='bbox 327 3312 424 3365; x_wconf 79' lang='grc' dir='ltr'><strong>καὶ</strong></span> <span class='ocrx_word' id='word_1_471' title='bbox 469 3308 830 3381; x_wconf 84' lang='grc' dir='ltr'><strong>ἁειπαρθένου</strong></span> <span class='ocrx_word' id='word_1_472' title='bbox 893 3308 1144 3379; x_wconf 81' lang='grc' dir='ltr'><strong>Μαρίας,</strong></span> <span class='ocrx_word' id='word_1_473' title='bbox 1203 3307 1680 3378; x_wconf 80' lang='grc' dir='ltr'><strong>προκαθαρῢείσης</strong></span> <span class='ocrx_word' id='word_1_474' title='bbox 1732 3307 1901 3376; x_wconf 81' lang='grc' dir='ltr'><strong>αὐτῆς</strong></span> 
     </span>
    </p>
   </div>
   <div class='ocr_carea' id='block_1_67' title="bbox 326 3395 1896 3472">
    <p class='ocr_par' dir='ltr' id='par_1_67' title="bbox 326 3395 1896 3472">
     <span class='ocr_line' id='line_1_67' title="bbox 326 3395 1896 3472; baseline -0.006 -16"><span class='ocrx_word' id='word_1_475' title='bbox 326 3401 404 3472; x_wconf 81' lang='grc' dir='ltr'><strong>τῷ</strong></span> <span class='ocrx_word' id='word_1_476' title='bbox 458 3402 597 3470; x_wconf 80' lang='grc' dir='ltr'><strong>ἁγίῳ</strong></span> <span class='ocrx_word' id='word_1_477' title='bbox 642 3398 925 3467; x_wconf 85' lang='grc' dir='ltr'><strong>Πνεύματι</strong></span> <span class='ocrx_word' id='word_1_478' title='bbox 970 3399 1069 3468; x_wconf 85' lang='grc' dir='ltr'><strong>τὴν</strong></span> <span class='ocrx_word' id='word_1_479' title='bbox 1123 3398 1300 3467; x_wconf 80' lang='grc' dir='ltr'><strong>ψυχὴν</strong></span> <span class='ocrx_word' id='word_1_480' title='bbox 1346 3399 1442 3450; x_wconf 80' lang='grc' dir='ltr'><strong>σὺν</strong></span> <span class='ocrx_word' id='word_1_481' title='bbox 1494 3400 1608 3458; x_wconf 87' lang='grc' dir='ltr'><strong>τοῖς</strong></span> <span class='ocrx_word' id='word_1_482' title='bbox 1661 3395 1896 3466; x_wconf 85' lang='grc' dir='ltr'><strong>μέλεσιν,</strong></span> 
     </span>
    </p>
   </div>
   <div class='ocr_carea' id='block_1_68' title="bbox 333 3486 1896 3560">
    <p class='ocr_par' dir='ltr' id='par_1_68' title="bbox 333 3486 1896 3560">
     <span class='ocr_line' id='line_1_68' title="bbox 333 3486 1896 3560; baseline -0.008 -12"><span class='ocrx_word' id='word_1_483' title='bbox 333 3513 354 3547; x_wconf 74' lang='grc' dir='ltr'><strong>ι</strong></span> <span class='ocrx_word' id='word_1_484' title='bbox 397 3494 456 3547; x_wconf 82' lang='grc'><strong>⁸0</strong></span> <span class='ocrx_word' id='word_1_485' title='bbox 480 3492 652 3559; x_wconf 80' lang='grc' dir='ltr'><strong>Λόγος</strong></span> <span class='ocrx_word' id='word_1_486' title='bbox 681 3489 816 3560; x_wconf 77' lang='grc' dir='ltr'><strong>σὰρξ</strong></span> <span class='ocrx_word' id='word_1_487' title='bbox 839 3489 1073 3555; x_wconf 73' lang='grc' dir='ltr'><strong>ἐγένετο,</strong></span> <span class='ocrx_word' id='word_1_488' title='bbox 1102 3488 1195 3540; x_wconf 73' lang='grc' dir='ltr'><strong>καὶ</strong></span> <span class='ocrx_word' id='word_1_489' title='bbox 1230 3489 1539 3554; x_wconf 72' lang='grc' dir='ltr'><strong>ἐσκήνωσεν</strong></span> <span class='ocrx_word' id='word_1_490' title='bbox 1593 3486 1649 3537; x_wconf 81' lang='grc' dir='ltr'><strong>ὲν</strong></span> <span class='ocrx_word' id='word_1_491' title='bbox 1685 3486 1840 3554; x_wconf 86' lang='grc' dir='ltr'><strong>ἡμῖν,</strong></span> <span class='ocrx_word' id='word_1_492' title='bbox 1875 3503 1896 3535; x_wconf 71' lang='grc' dir='ltr'><strong>ι</strong></span> 
     </span>
    </p>
   </div>
   <div class='ocr_carea' id='block_1_69' title="bbox 331 3575 1899 3656">
    <p class='ocr_par' dir='ltr' id='par_1_69' title="bbox 331 3575 1899 3656">
     <span class='ocr_line' id='line_1_69' title="bbox 331 3575 1899 3656; baseline -0.008 -18"><span class='ocrx_word' id='word_1_493' title='bbox 331 3588 393 3644; x_wconf 75' lang='grc' dir='ltr'><strong>οὗ</strong></span> <span class='ocrx_word' id='word_1_494' title='bbox 421 3579 741 3656; x_wconf 83' lang='grc' dir='ltr'><strong>μεταϐαλὼν</strong></span> <span class='ocrx_word' id='word_1_495' title='bbox 767 3579 866 3650; x_wconf 73' lang='grc' dir='ltr'><strong>τὴν</strong></span> <span class='ocrx_word' id='word_1_496' title='bbox 893 3578 1088 3631; x_wconf 77' lang='grc' dir='ltr'><strong>ἑαυτοῦ</strong></span> <span class='ocrx_word' id='word_1_497' title='bbox 1117 3577 1345 3645; x_wconf 83' lang='grc' dir='ltr'><strong>θεότητα</strong></span> <span class='ocrx_word' id='word_1_498' title='bbox 1375 3576 1455 3637; x_wconf 84' lang='grc' dir='ltr'><strong>είς</strong></span> <span class='ocrx_word' id='word_1_499' title='bbox 1484 3575 1899 3644; x_wconf 84' lang='grc' dir='ltr'><strong>ἀνθρωπότητα,</strong></span> 
     </span>
    </p>
   </div>
   <div class='ocr_carea' id='block_1_70' title="bbox 333 3660 1900 3744">
    <p class='ocr_par' dir='ltr' id='par_1_70' title="bbox 333 3660 1900 3744">
     <span class='ocr_line' id='line_1_70' title="bbox 333 3660 1900 3744; baseline -0.011 -15"><span class='ocrx_word' id='word_1_500' title='bbox 333 3679 602 3744; x_wconf 78' lang='grc' dir='ltr'><strong>ἄτρεπτος</strong></span> <span class='ocrx_word' id='word_1_501' title='bbox 657 3672 766 3743; x_wconf 78' lang='grc' dir='ltr'><strong>γὰρ</strong></span> <span class='ocrx_word' id='word_1_502' title='bbox 806 3672 902 3723; x_wconf 71' lang='grc' dir='ltr'><strong>καλ⁸</strong></span> <span class='ocrx_word' id='word_1_503' title='bbox 930 3665 1284 3724; x_wconf 87' lang='grc' dir='ltr'><strong>ἀναλλοίωτος</strong></span> <span class='ocrx_word' id='word_1_504' title='bbox 1310 3666 1338 3716; x_wconf 88' lang='grc' dir='ltr'>ὁ</span> <span class='ocrx_word' id='word_1_505' title='bbox 1373 3662 1466 3715; x_wconf 85' lang='grc' dir='ltr'><strong>τοῦ</strong></span> <span class='ocrx_word' id='word_1_506' title='bbox 1524 3660 1659 3715; x_wconf 87' lang='grc' dir='ltr'><strong>Θεοῦ</strong></span> <span class='ocrx_word' id='word_1_507' title='bbox 1709 3661 1900 3728; x_wconf 81' lang='grc' dir='ltr'><strong>Λόγος,</strong></span> 
     </span>
    </p>
   </div>
   <div class='ocr_carea' id='block_1_71' title="bbox 330 3749 1903 3832">
    <p class='ocr_par' dir='ltr' id='par_1_71' title="bbox 330 3749 1903 3832">
     <span class='ocr_line' id='line_1_71' title="bbox 330 3749 1903 3832; baseline -0.013 -10"><span class='ocrx_word' id='word_1_508' title='bbox 330 3750 447 3822; x_wconf 84' lang='grc' dir='ltr'><strong>ἀλλ’</strong></span> <span class='ocrx_word' id='word_1_509' title='bbox 511 3765 718 3827; x_wconf 80' lang='grc' dir='ltr'><strong>ὲνώσας</strong></span> <span class='ocrx_word' id='word_1_510' title='bbox 785 3761 896 3832; x_wconf 71' lang='lat'><strong>(2‘2)</strong></span> <span class='ocrx_word' id='word_1_511' title='bbox 937 3757 1116 3826; x_wconf 77' lang='grc' dir='ltr'><strong>ἑαυτῷ</strong></span> <span class='ocrx_word' id='word_1_512' title='bbox 1159 3754 1282 3808; x_wconf 76' lang='grc' dir='ltr'><strong>καθ’</strong></span> <span class='ocrx_word' id='word_1_513' title='bbox 1331 3753 1627 3807; x_wconf 81' lang='grc' dir='ltr'><strong>ὑπόστασιν</strong></span> <span class='ocrx_word' id='word_1_514' title='bbox 1678 3751 1742 3805; x_wconf 80' lang='grc' dir='ltr'><strong>ὲκ</strong></span> <span class='ocrx_word' id='word_1_515' title='bbox 1791 3749 1903 3803; x_wconf 86' lang='grc' dir='ltr'><strong>τῶν</strong></span> 
     </span>
    </p>
   </div>
   <div class='ocr_carea' id='block_1_72' title="bbox 333 3844 1904 3930">
    <p class='ocr_par' dir='ltr' id='par_1_72' title="bbox 333 3844 1904 3930">
     <span class='ocr_line' id='line_1_72' title="bbox 333 3844 1904 3930; baseline -0.011 -16"><span class='ocrx_word' id='word_1_516' title='bbox 333 3859 658 3930; x_wconf 85' lang='grc' dir='ltr'><strong>σπλάγχνων</strong></span> <span class='ocrx_word' id='word_1_517' title='bbox 679 3857 777 3927; x_wconf 83' lang='grc' dir='ltr'><strong>τῆς</strong></span> <span class='ocrx_word' id='word_1_518' title='bbox 802 3854 1064 3908; x_wconf 78' lang='grc' dir='ltr'><strong>Θεοτὸκου</strong></span> <span class='ocrx_word' id='word_1_519' title='bbox 1098 3850 1294 3922; x_wconf 82' lang='grc' dir='ltr'><strong>σάρκα,</strong></span> <span class='ocrx_word' id='word_1_520' title='bbox 1317 3845 1495 3918; x_wconf 77' lang='grc' dir='ltr'><strong>ψυχὴν</strong></span> <span class='ocrx_word' id='word_1_521' title='bbox 1521 3846 1750 3916; x_wconf 80' lang='grc' dir='ltr'><strong>ἔχουσαν</strong></span> <span class='ocrx_word' id='word_1_522' title='bbox 1765 3844 1904 3912; x_wconf 85' lang='grc' dir='ltr'><strong>λογι-</strong></span> 
     </span>
    </p>
   </div>
   <div class='ocr_carea' id='block_1_73' title="bbox 329 3938 1902 4022">
    <p class='ocr_par' dir='ltr' id='par_1_73' title="bbox 329 3938 1902 4022">
     <span class='ocr_line' id='line_1_73' title="bbox 329 3938 1902 4022; baseline -0.012 -14"><span class='ocrx_word' id='word_1_523' title='bbox 329 3952 435 4022; x_wconf 73' lang='grc' dir='ltr'><strong>’κήν</strong></span> <span class='ocrx_word' id='word_1_524' title='bbox 461 3955 560 4005; x_wconf 71' lang='grc' dir='ltr'><strong>καὶ</strong></span> <span class='ocrx_word' id='word_1_525' title='bbox 588 3948 802 4019; x_wconf 81' lang='grc' dir='ltr'><strong>νοερὰν,</strong></span> <span class='ocrx_word' id='word_1_526' title='bbox 828 3943 1167 4014; x_wconf 81' lang='grc' dir='ltr'><strong>ἀσυγχύτως,</strong></span> <span class='ocrx_word' id='word_1_527' title='bbox 1203 3938 1485 4008; x_wconf 83' lang='grc' dir='ltr'><strong>ἀτρέπτως</strong></span> <span class='ocrx_word' id='word_1_528' title='bbox 1507 3979 1522 4004; x_wconf 92' lang='grc'><strong>,</strong></span> <span class='ocrx_word' id='word_1_529' title='bbox 1564 3938 1902 4008; x_wconf 83' lang='grc' dir='ltr'><strong>ἁχωρίστως,</strong></span> 
     </span>
    </p>
   </div>
   <div class='ocr_carea' id='block_1_74' title="bbox 339 4029 1900 4103">
    <p class='ocr_par' dir='ltr' id='par_1_74' title="bbox 339 4029 1900 4103">
     <span class='ocr_line' id='line_1_74' title="bbox 339 4029 1900 4103; baseline -0.012 -5"><span class='ocrx_word' id='word_1_530' title='bbox 339 4043 742 4103; x_wconf 81' lang='grc' dir='ltr'><strong>ἀδιασπὰστως.</strong></span> <span class='ocrx_word' id='word_1_531' title='bbox 854 4035 993 4091; x_wconf 82' lang='grc' dir='ltr'><strong>Καθ’</strong></span> <span class='ocrx_word' id='word_1_532' title='bbox 1057 4032 1402 4089; x_wconf 80' lang='grc' dir='ltr'><strong>ὑπόστασιν</strong></span> <span class='ocrx_word' id='word_1_533' title='bbox 1501 4029 1558 4083; x_wconf 80' lang='grc' dir='ltr'><strong>δὲ</strong></span> <span class='ocrx_word' id='word_1_534' title='bbox 1637 4029 1900 4100; x_wconf 82' lang='grc' dir='ltr'><strong>εἴρηται,</strong></span> 
     </span>
    </p>
   </div>
   <div class='ocr_carea' id='block_1_75' title="bbox 331 4121 1902 4194">
    <p class='ocr_par' dir='ltr' id='par_1_75' title="bbox 331 4121 1902 4194">
     <span class='ocr_line' id='line_1_75' title="bbox 331 4121 1902 4194; baseline -0.01 -5"><span class='ocrx_word' id='word_1_535' title='bbox 331 4136 415 4189; x_wconf 88' lang='grc' dir='ltr'><strong>ὅτι</strong></span> <span class='ocrx_word' id='word_1_536' title='bbox 480 4135 539 4187; x_wconf 83' lang='grc' dir='ltr'><strong>οῦ</strong></span> <span class='ocrx_word' id='word_1_537' title='bbox 626 4128 1011 4185; x_wconf 82' lang='grc' dir='ltr'><strong>διαπλασθέντι</strong></span> <span class='ocrx_word' id='word_1_538' title='bbox 1110 4123 1381 4194; x_wconf 80' lang='grc' dir='ltr'><strong>ἀνθρώπῳ</strong></span> <span class='ocrx_word' id='word_1_539' title='bbox 1436 4121 1620 4192; x_wconf 77' lang='grc' dir='ltr'><strong>ἡνώθη</strong></span> <span class='ocrx_word' id='word_1_540' title='bbox 1702 4121 1731 4174; x_wconf 85' lang='grc' dir='ltr'><strong>ό</strong></span> <span class='ocrx_word' id='word_1_541' title='bbox 1810 4121 1902 4174; x_wconf 86' lang='grc' dir='ltr'><strong>τοῦ</strong></span> 
     </span>
    </p>
   </div>
   <div class='ocr_carea' id='block_1_76' title="bbox 331 4211 1904 4292">
    <p class='ocr_par' dir='ltr' id='par_1_76' title="bbox 331 4211 1904 4292">
     <span class='ocr_line' id='line_1_76' title="bbox 331 4211 1904 4292; baseline -0.011 -11"><span class='ocrx_word' id='word_1_542' title='bbox 331 4226 468 4283; x_wconf 61' lang='grc' dir='ltr'><strong>θεοῦ</strong></span> <span class='ocrx_word' id='word_1_543' title='bbox 516 4223 705 4292; x_wconf 84' lang='grc' dir='ltr'><strong>Λόγος,</strong></span> <span class='ocrx_word' id='word_1_544' title='bbox 761 4219 876 4274; x_wconf 81' lang='grc' dir='ltr'><strong>ἀλλ’</strong></span> <span class='ocrx_word' id='word_1_545' title='bbox 905 4216 1067 4280; x_wconf 79' lang='grc' dir='ltr'><strong>αὐτὸς</strong></span> <span class='ocrx_word' id='word_1_546' title='bbox 1111 4215 1140 4267; x_wconf 87' lang='grc' dir='ltr'><strong>ό</strong></span> <span class='ocrx_word' id='word_1_547' title='bbox 1179 4215 1352 4282; x_wconf 89' lang='grc' dir='ltr'><strong>Λόγος</strong></span> <span class='ocrx_word' id='word_1_548' title='bbox 1404 4213 1606 4276; x_wconf 82' lang='grc' dir='ltr'><strong>τέλειος</strong></span> <span class='ocrx_word' id='word_1_549' title='bbox 1634 4211 1709 4266; x_wconf 85' lang='grc' dir='ltr'><strong>ὣν</strong></span> <span class='ocrx_word' id='word_1_550' title='bbox 1751 4212 1809 4264; x_wconf 76' lang='grc' dir='ltr'><strong>ἐν</strong></span> <span class='ocrx_word' id='word_1_551' title='bbox 1837 4212 1904 4282; x_wconf 77' lang='grc' dir='ltr'><strong>τῇ</strong></span> 
     </span>
    </p>
   </div>
   <div class='ocr_carea' id='block_1_77' title="bbox 336 4301 1881 4387">
    <p class='ocr_par' dir='ltr' id='par_1_77' title="bbox 336 4301 1881 4387">
     <span class='ocr_line' id='line_1_77' title="bbox 336 4301 1881 4387; baseline -0.01 -17"><span class='ocrx_word' id='word_1_552' title='bbox 336 4318 444 4387; x_wconf 82' lang='grc' dir='ltr'><strong>ίδίᾳ</strong></span> <span class='ocrx_word' id='word_1_553' title='bbox 473 4313 764 4369; x_wconf 79' lang='grc' dir='ltr'><strong>ὑποστάσει</strong></span> <span class='ocrx_word' id='word_1_554' title='bbox 805 4307 1171 4381; x_wconf 82' lang='grc' dir='ltr'><strong>προσελάϐετο</strong></span> <span class='ocrx_word' id='word_1_555' title='bbox 1207 4305 1418 4360; x_wconf 89' lang='grc' dir='ltr'><strong>τελείαν</strong></span> <span class='ocrx_word' id='word_1_556' title='bbox 1459 4305 1559 4376; x_wconf 81' lang='grc' dir='ltr'><strong>τὴν</strong></span> <span class='ocrx_word' id='word_1_557' title='bbox 1594 4301 1788 4359; x_wconf 80' lang='grc' dir='ltr'><strong>ἑαυτοῦ</strong></span> <span class='ocrx_word' id='word_1_558' title='bbox 1821 4303 1881 4356; x_wconf 82' lang='grc' dir='ltr'><strong>ὲν</strong></span> 
     </span>
    </p>
   </div>
   <div class='ocr_carea' id='block_1_78' title="bbox 2003 3121 3576 3194">
    <p class='ocr_par' dir='ltr' id='par_1_78' title="bbox 2003 3121 3576 3194">
     <span class='ocr_line' id='line_1_78' title="bbox 2003 3121 3576 3194; baseline 0.003 -17"><span class='ocrx_word' id='word_1_559' title='bbox 2003 3124 2291 3186; x_wconf 78' lang='lat' dir='ltr'><strong>exsistens,</strong></span> <span class='ocrx_word' id='word_1_560' title='bbox 2338 3137 2402 3176; x_wconf 90' lang='lat' dir='ltr'><strong>ac</strong></span> <span class='ocrx_word' id='word_1_561' title='bbox 2447 3121 2593 3175; x_wconf 91' lang='lat' dir='ltr'><strong>nullo</strong></span> <span class='ocrx_word' id='word_1_562' title='bbox 2654 3122 2771 3176; x_wconf 92' lang='lat' dir='ltr'><strong>loco</strong></span> <span class='ocrx_word' id='word_1_563' title='bbox 2817 3121 3294 3192; x_wconf 89' lang='lat' dir='ltr'><strong>circumscriptus,</strong></span> <span class='ocrx_word' id='word_1_564' title='bbox 3352 3133 3576 3194; x_wconf 80' lang='lat' dir='ltr'><strong>propter</strong></span> 
     </span>
    </p>
   </div>
   <div class='ocr_carea' id='block_1_79' title="bbox 2004 3209 3574 3284">
    <p class='ocr_par' dir='ltr' id='par_1_79' title="bbox 2004 3209 3574 3284">
     <span class='ocr_line' id='line_1_79' title="bbox 2004 3209 3574 3284; baseline 0.004 -20"><span class='ocrx_word' id='word_1_565' title='bbox 2004 3226 2103 3265; x_wconf 88' lang='lat' dir='ltr'><strong>nos</strong></span> <span class='ocrx_word' id='word_1_566' title='bbox 2129 3226 2190 3266; x_wconf 87' lang='lat' dir='ltr'><strong>ac</strong></span> <span class='ocrx_word' id='word_1_567' title='bbox 2223 3221 2458 3265; x_wconf 91' lang='lat' dir='ltr'><strong>nostram</strong></span> <span class='ocrx_word' id='word_1_568' title='bbox 2490 3211 2720 3266; x_wconf 86' lang='lat' dir='ltr'><strong>salutem</strong></span> <span class='ocrx_word' id='word_1_569' title='bbox 2757 3209 2926 3267; x_wconf 66' lang='lat' dir='ltr'><strong>caelos</strong></span> <span class='ocrx_word' id='word_1_570' title='bbox 2961 3211 3244 3268; x_wconf 89' lang='lat' dir='ltr'><strong>inclinavit</strong></span> <span class='ocrx_word' id='word_1_571' title='bbox 3270 3224 3432 3284; x_wconf 90' lang='lat' dir='ltr'><strong>atque</strong></span> <span class='ocrx_word' id='word_1_572' title='bbox 3476 3215 3574 3270; x_wconf 80' lang='lat' dir='ltr'><strong>de-</strong></span> 
     </span>
    </p>
   </div>
   <div class='ocr_carea' id='block_1_80' title="bbox 2002 3302 3576 3372">
    <p class='ocr_par' dir='ltr' id='par_1_80' title="bbox 2002 3302 3576 3372">
     <span class='ocr_line' id='line_1_80' title="bbox 2002 3302 3576 3372; baseline 0.002 -12"><span class='ocrx_word' id='word_1_573' title='bbox 2002 3306 2234 3370; x_wconf 86' lang='lat' dir='ltr'><strong>scendit,</strong></span> <span class='ocrx_word' id='word_1_574' title='bbox 2267 3320 2375 3359; x_wconf 89' lang='lat' dir='ltr'><strong>non</strong></span> <span class='ocrx_word' id='word_1_575' title='bbox 2415 3312 2594 3358; x_wconf 85' lang='lat' dir='ltr'><strong>tamen</strong></span> <span class='ocrx_word' id='word_1_576' title='bbox 2624 3319 2653 3357; x_wconf 89' lang='lat' dir='ltr'><strong>a</strong></span> <span class='ocrx_word' id='word_1_577' title='bbox 2688 3302 2841 3359; x_wconf 57' lang='lat' dir='ltr'><strong>caelis</strong></span> <span class='ocrx_word' id='word_1_578' title='bbox 2885 3304 3185 3372; x_wconf 90' lang='lat' dir='ltr'><strong>sejunctus,</strong></span> <span class='ocrx_word' id='word_1_579' title='bbox 3233 3307 3576 3363; x_wconf 80' lang='lat' dir='ltr'><strong>inhabitans-</strong></span> 
     </span>
    </p>
   </div>
   <div class='ocr_carea' id='block_1_81' title="bbox 2003 3387 3578 3466">
    <p class='ocr_par' dir='ltr' id='par_1_81' title="bbox 2003 3387 3578 3466">
     <span class='ocr_line' id='line_1_81' title="bbox 2003 3387 3578 3466; baseline 0.004 -19"><span class='ocrx_word' id='word_1_580' title='bbox 2003 3410 2108 3464; x_wconf 91' lang='lat' dir='ltr'><strong>que</strong></span> <span class='ocrx_word' id='word_1_581' title='bbox 2136 3395 2187 3448; x_wconf 91' lang='lat' dir='ltr'><strong>in</strong></span> <span class='ocrx_word' id='word_1_582' title='bbox 2217 3405 2370 3449; x_wconf 90' lang='lat' dir='ltr'><strong>utero</strong></span> <span class='ocrx_word' id='word_1_583' title='bbox 2397 3405 2598 3448; x_wconf 84' lang='lat' dir='ltr'><strong>sanctae</strong></span> <span class='ocrx_word' id='word_1_584' title='bbox 2637 3405 2801 3463; x_wconf 88' lang='lat' dir='ltr'><strong>atque</strong></span> <span class='ocrx_word' id='word_1_585' title='bbox 2851 3387 2999 3448; x_wconf 75' lang='lat' dir='ltr'><strong>omni</strong></span> <span class='ocrx_word' id='word_1_586' title='bbox 3055 3396 3210 3448; x_wconf 86' lang='lat' dir='ltr'><strong>laude</strong></span> <span class='ocrx_word' id='word_1_587' title='bbox 3246 3398 3578 3466; x_wconf 66' lang='lat' dir='ltr'><strong>dignissima}</strong></span> 
     </span>
    </p>
   </div>
   <div class='ocr_carea' id='block_1_82' title="bbox 2001 3475 3568 3553">
    <p class='ocr_par' dir='ltr' id='par_1_82' title="bbox 2001 3475 3568 3553">
     <span class='ocr_line' id='line_1_82' title="bbox 2001 3475 3568 3553; baseline 0.004 -16"><span class='ocrx_word' id='word_1_588' title='bbox 2001 3475 2244 3552; x_wconf 80' lang='lat' dir='ltr'><strong>Virginis</strong></span> <span class='ocrx_word' id='word_1_589' title='bbox 2275 3483 2478 3546; x_wconf 67' lang='lat' dir='ltr'><strong>Mariae,</strong></span> <span class='ocrx_word' id='word_1_590' title='bbox 2514 3498 2632 3552; x_wconf 66' lang='lat' dir='ltr'><strong>quae</strong></span> <span class='ocrx_word' id='word_1_591' title='bbox 2661 3495 2818 3537; x_wconf 88' lang='lat' dir='ltr'><strong>antea</strong></span> <span class='ocrx_word' id='word_1_592' title='bbox 2859 3484 3038 3537; x_wconf 82' lang='lat' dir='ltr'><strong>anima</strong></span> <span class='ocrx_word' id='word_1_593' title='bbox 3081 3486 3286 3553; x_wconf 89' lang='lat' dir='ltr'><strong>pariter</strong></span> <span class='ocrx_word' id='word_1_594' title='bbox 3311 3497 3364 3540; x_wconf 90' lang='lat' dir='ltr'><strong>et</strong></span> <span class='ocrx_word' id='word_1_595' title='bbox 3393 3504 3568 3543; x_wconf 88' lang='lat' dir='ltr'><strong>metu-</strong></span> 
     </span>
    </p>
   </div>
   <div class='ocr_carea' id='block_1_83' title="bbox 2003 3571 3576 3649">
    <p class='ocr_par' dir='ltr' id='par_1_83' title="bbox 2003 3571 3576 3649">
     <span class='ocr_line' id='line_1_83' title="bbox 2003 3571 3576 3649; baseline 0.004 -23"><span class='ocrx_word' id='word_1_596' title='bbox 2003 3572 2117 3626; x_wconf 88' lang='lat' dir='ltr'><strong>bris</strong></span> <span class='ocrx_word' id='word_1_597' title='bbox 2165 3574 2413 3626; x_wconf 86' lang='lat' dir='ltr'><strong>omnibus</strong></span> <span class='ocrx_word' id='word_1_598' title='bbox 2453 3573 2625 3626; x_wconf 79' lang='lat' dir='ltr'><strong>fuerat</strong></span> <span class='ocrx_word' id='word_1_599' title='bbox 2685 3587 2714 3624; x_wconf 87' lang='lat' dir='ltr'><strong>a</strong></span> <span class='ocrx_word' id='word_1_600' title='bbox 2768 3571 2970 3638; x_wconf 87' lang='lat' dir='ltr'><strong>Spiritu</strong></span> <span class='ocrx_word' id='word_1_601' title='bbox 3025 3583 3212 3628; x_wconf 87' lang='lat' dir='ltr'><strong>sancto</strong></span> <span class='ocrx_word' id='word_1_602' title='bbox 3269 3577 3576 3649; x_wconf 81' lang='lat' dir='ltr'><strong>puriﬁcata,</strong></span> 
     </span>
    </p>
   </div>
   <div class='ocr_carea' id='block_1_84' title="bbox 2012 3659 3572 3733">
    <p class='ocr_par' dir='ltr' id='par_1_84' title="bbox 2012 3659 3572 3733">
     <span class='ocr_line' id='line_1_84' title="bbox 2012 3659 3572 3733; baseline 0.006 -21"><span class='ocrx_word' id='word_1_603' title='bbox 2012 3677 2032 3712; x_wconf 77' lang='grc' dir='ltr'><strong>ι</strong></span> <span class='ocrx_word' id='word_1_604' title='bbox 2070 3660 2308 3715; x_wconf 78' lang='lat' dir='ltr'><strong>Verbum</strong></span> <span class='ocrx_word' id='word_1_605' title='bbox 2337 3675 2464 3715; x_wconf 87' lang='lat' dir='ltr'><strong>caro</strong></span> <span class='ocrx_word' id='word_1_606' title='bbox 2491 3662 2688 3716; x_wconf 88' lang='lat' dir='ltr'><strong>factum</strong></span> <span class='ocrx_word' id='word_1_607' title='bbox 2715 3671 2817 3727; x_wconf 88' lang='lat' dir='ltr'><strong>est,</strong></span> <span class='ocrx_word' id='word_1_608' title='bbox 2847 3671 2902 3716; x_wconf 90' lang='lat' dir='ltr'><strong>et</strong></span> <span class='ocrx_word' id='word_1_609' title='bbox 2925 3663 3187 3719; x_wconf 86' lang='lat' dir='ltr'><strong>habitavit</strong></span> <span class='ocrx_word' id='word_1_610' title='bbox 3206 3663 3256 3720; x_wconf 91' lang='lat' dir='ltr'><strong>in</strong></span> <span class='ocrx_word' id='word_1_611' title='bbox 3281 3667 3434 3722; x_wconf 91' lang='lat' dir='ltr'><strong>nobis</strong></span> <span class='ocrx_word' id='word_1_612' title='bbox 3457 3666 3525 3733; x_wconf 83' lang='grc'><strong>’³,</strong></span> <span class='ocrx_word' id='word_1_613' title='bbox 3551 3659 3572 3721; x_wconf 62' lang='grc' dir='ltr'><em>ὁ</em></span> 
     </span>
    </p>
   </div>
   <div class='ocr_carea' id='block_1_85' title="bbox 2005 3752 3575 3826">
    <p class='ocr_par' dir='ltr' id='par_1_85' title="bbox 2005 3752 3575 3826">
     <span class='ocr_line' id='line_1_85' title="bbox 2005 3752 3575 3826; baseline 0.005 -21"><span class='ocrx_word' id='word_1_614' title='bbox 2005 3766 2110 3805; x_wconf 90' lang='lat' dir='ltr'><strong>non</strong></span> <span class='ocrx_word' id='word_1_615' title='bbox 2146 3752 2504 3806; x_wconf 89' lang='lat' dir='ltr'><strong>commiscens</strong></span> <span class='ocrx_word' id='word_1_616' title='bbox 2545 3767 2698 3806; x_wconf 88' lang='lat' dir='ltr'><strong>suam</strong></span> <span class='ocrx_word' id='word_1_617' title='bbox 2730 3753 2985 3808; x_wconf 84' lang='lat' dir='ltr'><strong>deitatem</strong></span> <span class='ocrx_word' id='word_1_618' title='bbox 3030 3769 3152 3808; x_wconf 90' lang='lat' dir='ltr'><strong>cum</strong></span> <span class='ocrx_word' id='word_1_619' title='bbox 3215 3755 3575 3826; x_wconf 86' lang='lat' dir='ltr'><strong>humanitate,</strong></span> 
     </span>
    </p>
   </div>
   <div class='ocr_carea' id='block_1_86' title="bbox 2008 3839 3574 3910">
    <p class='ocr_par' dir='ltr' id='par_1_86' title="bbox 2008 3839 3574 3910">
     <span class='ocr_line' id='line_1_86' title="bbox 2008 3839 3574 3910; baseline 0.004 -16"><span class='ocrx_word' id='word_1_620' title='bbox 2008 3839 2325 3894; x_wconf 87' lang='lat' dir='ltr'><strong>invariahile</strong></span> <span class='ocrx_word' id='word_1_621' title='bbox 2348 3840 2490 3894; x_wconf 91' lang='lat' dir='ltr'><strong>enim</strong></span> <span class='ocrx_word' id='word_1_622' title='bbox 2516 3849 2599 3895; x_wconf 91' lang='lat' dir='ltr'><strong>est</strong></span> <span class='ocrx_word' id='word_1_623' title='bbox 2625 3851 2787 3909; x_wconf 87' lang='lat' dir='ltr'><strong>atque</strong></span> <span class='ocrx_word' id='word_1_624' title='bbox 2814 3842 3151 3897; x_wconf 86' lang='lat' dir='ltr'><strong>immutabile</strong></span> <span class='ocrx_word' id='word_1_625' title='bbox 3188 3841 3424 3898; x_wconf 87' lang='lat' dir='ltr'><strong>Verbum</strong></span> <span class='ocrx_word' id='word_1_626' title='bbox 3460 3845 3574 3910; x_wconf 85' lang='lat' dir='ltr'><strong>Dei,</strong></span> 
     </span>
    </p>
   </div>
   <div class='ocr_carea' id='block_1_87' title="bbox 2007 3931 3578 4004">
    <p class='ocr_par' dir='ltr' id='par_1_87' title="bbox 2007 3931 3578 4004">
     <span class='ocr_line' id='line_1_87' title="bbox 2007 3931 3578 4004; baseline 0.004 -19"><span class='ocrx_word' id='word_1_627' title='bbox 2007 3931 2098 3985; x_wconf 90' lang='lat' dir='ltr'><strong>sed</strong></span> <span class='ocrx_word' id='word_1_628' title='bbox 2133 3931 2326 3984; x_wconf 91' lang='lat' dir='ltr'><strong>uniens</strong></span> <span class='ocrx_word' id='word_1_629' title='bbox 2352 3931 2453 3984; x_wconf 88' lang='lat' dir='ltr'><strong>sibi</strong></span> <span class='ocrx_word' id='word_1_630' title='bbox 2503 3931 2554 3984; x_wconf 91' lang='lat' dir='ltr'><strong>in</strong></span> <span class='ocrx_word' id='word_1_631' title='bbox 2609 3946 2838 4001; x_wconf 85' lang='lat' dir='ltr'><strong>persona</strong></span> <span class='ocrx_word' id='word_1_632' title='bbox 2869 3946 2932 3985; x_wconf 83' lang='lat' dir='ltr'><strong>ex</strong></span> <span class='ocrx_word' id='word_1_633' title='bbox 2982 3933 3285 3988; x_wconf 82' lang='lat' dir='ltr'><strong>visceribus</strong></span> <span class='ocrx_word' id='word_1_634' title='bbox 3337 3934 3578 4004; x_wconf 76' lang='lat' dir='ltr'><strong>Deipara:</strong></span> 
     </span>
    </p>
   </div>
   <div class='ocr_carea' id='block_1_88' title="bbox 2007 4017 3574 4090">
    <p class='ocr_par' dir='ltr' id='par_1_88' title="bbox 2007 4017 3574 4090">
     <span class='ocr_line' id='line_1_88' title="bbox 2007 4017 3574 4090; baseline 0.003 -18"><span class='ocrx_word' id='word_1_635' title='bbox 2007 4033 2250 4082; x_wconf 86' lang='lat' dir='ltr'><strong>carnem,</strong></span> <span class='ocrx_word' id='word_1_636' title='bbox 2284 4019 2458 4072; x_wconf 87' lang='lat' dir='ltr'><strong>anima</strong></span> <span class='ocrx_word' id='word_1_637' title='bbox 2488 4017 2736 4074; x_wconf 85' lang='lat' dir='ltr'><strong>rationali</strong></span> <span class='ocrx_word' id='word_1_638' title='bbox 2768 4029 2816 4072; x_wconf 88' lang='lat' dir='ltr'><strong>et</strong></span> <span class='ocrx_word' id='word_1_639' title='bbox 2851 4019 3198 4075; x_wconf 88' lang='lat' dir='ltr'><strong>intellectuali</strong></span> <span class='ocrx_word' id='word_1_640' title='bbox 3224 4021 3574 4090; x_wconf 88' lang='lat' dir='ltr'><strong>instructam,</strong></span> 
     </span>
    </p>
   </div>
   <div class='ocr_carea' id='block_1_89' title="bbox 2007 4109 3579 4180">
    <p class='ocr_par' dir='ltr' id='par_1_89' title="bbox 2007 4109 3579 4180">
     <span class='ocr_line' id='line_1_89' title="bbox 2007 4109 3579 4180; baseline 0.001 -17"><span class='ocrx_word' id='word_1_641' title='bbox 2007 4109 2125 4164; x_wconf 86' lang='lat' dir='ltr'><strong>sine</strong></span> <span class='ocrx_word' id='word_1_642' title='bbox 2174 4109 2512 4174; x_wconf 85' lang='lat' dir='ltr'><strong>confusione,</strong></span> <span class='ocrx_word' id='word_1_643' title='bbox 2584 4110 2914 4176; x_wconf 90' lang='lat' dir='ltr'><strong>mutatione,</strong></span> <span class='ocrx_word' id='word_1_644' title='bbox 2967 4112 3328 4180; x_wconf 89' lang='lat' dir='ltr'><strong>separatione,</strong></span> <span class='ocrx_word' id='word_1_645' title='bbox 3390 4113 3579 4166; x_wconf 89' lang='lat' dir='ltr'><strong>divul-</strong></span> 
     </span>
    </p>
   </div>
   <div class='ocr_carea' id='block_1_90' title="bbox 2009 4200 3576 4272">
    <p class='ocr_par' dir='ltr' id='par_1_90' title="bbox 2009 4200 3576 4272">
     <span class='ocr_line' id='line_1_90' title="bbox 2009 4200 3576 4272; baseline 0.003 -17"><span class='ocrx_word' id='word_1_646' title='bbox 2009 4201 2181 4256; x_wconf 77' lang='lat' dir='ltr'><strong>siotte.</strong></span> <span class='ocrx_word' id='word_1_647' title='bbox 2208 4200 2418 4255; x_wconf 91' lang='lat' dir='ltr'><strong>Dictum</strong></span> <span class='ocrx_word' id='word_1_648' title='bbox 2447 4210 2551 4269; x_wconf 90' lang='lat' dir='ltr'><strong>est,</strong></span> <span class='ocrx_word' id='word_1_649' title='bbox 2575 4203 2628 4256; x_wconf 85' lang='lat' dir='ltr'><strong>in</strong></span> <span class='ocrx_word' id='word_1_650' title='bbox 2656 4218 2898 4272; x_wconf 74' lang='lat' dir='ltr'><strong>persona,</strong></span> <span class='ocrx_word' id='word_1_651' title='bbox 2924 4204 3048 4272; x_wconf 89' lang='lat' dir='ltr'><strong>quia</strong></span> <span class='ocrx_word' id='word_1_652' title='bbox 3081 4201 3172 4258; x_wconf 91' lang='lat' dir='ltr'><strong>Dei</strong></span> <span class='ocrx_word' id='word_1_653' title='bbox 3208 4201 3441 4258; x_wconf 83' lang='lat' dir='ltr'><strong>Verbum</strong></span> <span class='ocrx_word' id='word_1_654' title='bbox 3471 4219 3576 4260; x_wconf 89' lang='lat' dir='ltr'><strong>non</strong></span> 
     </span>
    </p>
   </div>
   <div class='ocr_carea' id='block_1_91' title="bbox 2008 4281 3572 4364">
    <p class='ocr_par' dir='ltr' id='par_1_91' title="bbox 2008 4281 3572 4364">
     <span class='ocr_line' id='line_1_91' title="bbox 2008 4281 3572 4364; baseline 0.003 -17"><span class='ocrx_word' id='word_1_655' title='bbox 2008 4303 2088 4347; x_wconf 85' lang='lat' dir='ltr'><strong>est</strong></span> <span class='ocrx_word' id='word_1_656' title='bbox 2121 4293 2313 4347; x_wconf 82' lang='lat' dir='ltr'><strong>lictitio</strong></span> <span class='ocrx_word' id='word_1_657' title='bbox 2346 4293 2548 4348; x_wconf 90' lang='lat' dir='ltr'><strong>homini</strong></span> <span class='ocrx_word' id='word_1_658' title='bbox 2589 4293 2960 4360; x_wconf 80' lang='lat' dir='ltr'><strong>coniunctum,</strong></span> <span class='ocrx_word' id='word_1_659' title='bbox 2999 4296 3095 4349; x_wconf 87' lang='lat' dir='ltr'><strong>sed</strong></span> <span class='ocrx_word' id='word_1_660' title='bbox 3127 4281 3300 4364; x_wconf 81' lang='lat' dir='ltr'><strong>ipsum</strong></span> <span class='ocrx_word' id='word_1_661' title='bbox 3327 4293 3572 4350; x_wconf 81' lang='lat' dir='ltr'><strong>Verbum</strong></span> 
     </span>
    </p>
   </div>
   <div class='ocr_carea' id='block_1_92' title="bbox 334 4368 1902 4474">
    <p class='ocr_par' dir='ltr' id='par_1_92' title="bbox 334 4368 1902 4474">
     <span class='ocr_line' id='line_1_92' title="bbox 334 4368 1902 4474; baseline -0.007 -18"><span class='ocrx_word' id='word_1_662' title='bbox 334 4368 686 4474; x_wconf 50' lang='grc' dir='ltr'><strong>ἇνόρὼπησιν</strong></span> <span class='ocrx_word' id='word_1_663' title='bbox 714 4442 730 4466; x_wconf 91' lang='grc'><strong>,</strong></span> <span class='ocrx_word' id='word_1_664' title='bbox 783 4368 864 4460; x_wconf 75' lang='grc' dir='ltr'><strong>εἷς</strong></span> <span class='ocrx_word' id='word_1_665' title='bbox 913 4395 988 4450; x_wconf 86' lang='grc' dir='ltr'><strong>ὣν</strong></span> <span class='ocrx_word' id='word_1_666' title='bbox 1039 4394 1127 4447; x_wconf 74' lang='grc' dir='ltr'><strong>ἀεὶ</strong></span> <span class='ocrx_word' id='word_1_667' title='bbox 1175 4393 1410 4463; x_wconf 73' lang='grc' dir='ltr'><strong>Χριστὸς</strong></span> <span class='ocrx_word' id='word_1_668' title='bbox 1467 4368 1561 4448; x_wconf 65' lang='grc' dir='ltr'><strong>κάι</strong></span> <span class='ocrx_word' id='word_1_669' title='bbox 1627 4393 1757 4457; x_wconf 82' lang='grc' dir='ltr'><strong>Υίὺς</strong></span> <span class='ocrx_word' id='word_1_670' title='bbox 1808 4391 1902 4446; x_wconf 77' lang='grc' dir='ltr'><strong>καὶ</strong></span> 
     </span>
    </p>
   </div>
   <div class='ocr_carea' id='block_1_93' title="bbox 2012 4368 3579 4474">
    <p class='ocr_par' dir='ltr' id='par_1_93' title="bbox 2012 4385 3579 4458">
     <span class='ocr_line' id='line_1_93' title="bbox 2012 4385 3579 4458; baseline 0.002 -18"><span class='ocrx_word' id='word_1_671' title='bbox 2012 4385 2305 4455; x_wconf 87' lang='lat' dir='ltr'><strong>perfectum</strong></span> <span class='ocrx_word' id='word_1_672' title='bbox 2354 4400 2578 4441; x_wconf 88' lang='lat' dir='ltr'><strong>manens</strong></span> <span class='ocrx_word' id='word_1_673' title='bbox 2611 4386 2662 4440; x_wconf 93' lang='lat' dir='ltr'><strong>in</strong></span> <span class='ocrx_word' id='word_1_674' title='bbox 2712 4401 2806 4440; x_wconf 87' lang='lat' dir='ltr'><strong>sua</strong></span> <span class='ocrx_word' id='word_1_675' title='bbox 2842 4386 3214 4453; x_wconf 87' lang='lat' dir='ltr'><strong>subsistentia,</strong></span> <span class='ocrx_word' id='word_1_676' title='bbox 3278 4387 3579 4458; x_wconf 88' lang='lat' dir='ltr'><strong>perfectam</strong></span> 
     </span>
    </p>
   </div>
   <div class='ocr_carea' id='block_1_94' title="bbox 334 4485 1390 4567">
    <p class='ocr_par' dir='ltr' id='par_1_94' title="bbox 334 4485 1390 4567">
     <span class='ocr_line' id='line_1_94' title="bbox 334 4485 1390 4567; baseline -0.011 -16"><span class='ocrx_word' id='word_1_677' title='bbox 334 4496 541 4567; x_wconf 85' lang='grc' dir='ltr'><strong>Κύριος</strong></span> <span class='ocrx_word' id='word_1_678' title='bbox 569 4491 665 4546; x_wconf 70' lang='grc' dir='ltr'><strong>καὶ</strong></span> <span class='ocrx_word' id='word_1_679' title='bbox 699 4488 949 4562; x_wconf 78' lang='grc' dir='ltr'><strong>βασιλεὺς</strong></span> <span class='ocrx_word' id='word_1_680' title='bbox 973 4485 1080 4539; x_wconf 84' lang='grc' dir='ltr'><strong>τῶν</strong></span> <span class='ocrx_word' id='word_1_681' title='bbox 1114 4485 1390 4540; x_wconf 82' lang='grc' dir='ltr'><strong>ἁπάντων.</strong></span> 
     </span>
    </p>
   </div>
   <div class='ocr_carea' id='block_1_95' title="bbox 404 4745 1895 4823">
    <p class='ocr_par' dir='ltr' id='par_1_95' title="bbox 404 4745 1895 4823">
     <span class='ocr_line' id='line_1_95' title="bbox 404 4745 1895 4823; baseline -0.007 -12"><span class='ocrx_word' id='word_1_682' title='bbox 404 4759 662 4812; x_wconf 85' lang='grc' dir='ltr'><strong>Τίκτεται</strong></span> <span class='ocrx_word' id='word_1_683' title='bbox 688 4749 981 4823; x_wconf 86' lang='grc' dir='ltr'><strong>τοιγαροῦν</strong></span> <span class='ocrx_word' id='word_1_684' title='bbox 1007 4749 1070 4801; x_wconf 73' lang='grc' dir='ltr'><strong>ὲκ</strong></span> <span class='ocrx_word' id='word_1_685' title='bbox 1093 4747 1196 4818; x_wconf 76' lang='grc' dir='ltr'><strong>τῆς</strong></span> <span class='ocrx_word' id='word_1_686' title='bbox 1233 4747 1610 4817; x_wconf 69' lang='grc' dir='ltr'><strong>ἀπειρόγαμου</strong></span> <span class='ocrx_word' id='word_1_687' title='bbox 1652 4745 1895 4818; x_wconf 79' lang='grc' dir='ltr'><strong>νύμφης,</strong></span> 
     </span>
    </p>
   </div>
   <div class='ocr_carea' id='block_1_96' title="bbox 409 4863 1390 4930">
    <p class='ocr_par' dir='ltr' id='par_1_96' title="bbox 409 4863 1390 4930">
     <span class='ocr_line' id='line_1_96' title="bbox 409 4863 1390 4930; baseline -0.013 -1"><span class='ocrx_word' id='word_1_688' title='bbox 409 4874 452 4906; x_wconf 80' lang='grc'>¹²</span> <span class='ocrx_word' id='word_1_689' title='bbox 481 4872 583 4928; x_wconf 80' lang='lat' dir='ltr'><strong>lsa.</strong></span> <span class='ocrx_word' id='word_1_690' title='bbox 629 4886 720 4930; x_wconf 72' lang='grc' dir='ltr'><strong>ιι,</strong></span> <span class='ocrx_word' id='word_1_691' title='bbox 751 4870 840 4923; x_wconf 74' lang='grc'><strong>15.</strong></span> <span class='ocrx_word' id='word_1_692' title='bbox 927 4867 968 4898; x_wconf 81' lang='grc'><strong>’³</strong></span> <span class='ocrx_word' id='word_1_693' title='bbox 1017 4864 1177 4920; x_wconf 84' lang='lat' dir='ltr'><strong>Joan.</strong></span> <span class='ocrx_word' id='word_1_694' title='bbox 1220 4879 1258 4928; x_wconf 91' lang='grc' dir='ltr'><strong>ι,</strong></span> <span class='ocrx_word' id='word_1_695' title='bbox 1302 4863 1390 4917; x_wconf 73' lang='grc' dir='ltr'><strong>Η.</strong></span> 
     </span>
    </p>
   </div>
   <div class='ocr_carea' id='block_1_97' title="bbox 2012 4478 3580 4548">
    <p class='ocr_par' dir='ltr' id='par_1_97' title="bbox 2012 4478 3580 4548">
     <span class='ocr_line' id='line_1_97' title="bbox 2012 4478 3580 4548; baseline 0.003 -18"><span class='ocrx_word' id='word_1_696' title='bbox 2012 4478 2404 4532; x_wconf 88' lang='lat' dir='ltr'><strong>humanitatem</strong></span> <span class='ocrx_word' id='word_1_697' title='bbox 2460 4479 2796 4548; x_wconf 89' lang='lat' dir='ltr'><strong>assumpsit;</strong></span> <span class='ocrx_word' id='word_1_698' title='bbox 2855 4493 2996 4532; x_wconf 88' lang='lat' dir='ltr'><strong>unus</strong></span> <span class='ocrx_word' id='word_1_699' title='bbox 3047 4492 3262 4547; x_wconf 90' lang='lat' dir='ltr'><strong>semper</strong></span> <span class='ocrx_word' id='word_1_700' title='bbox 3313 4479 3580 4535; x_wconf 82' lang='lat' dir='ltr'><strong>exsistens</strong></span> 
     </span>
    </p>
   </div>
   <div class='ocr_carea' id='block_1_98' title="bbox 2012 4567 3581 4636">
    <p class='ocr_par' dir='ltr' id='par_1_98' title="bbox 2012 4567 3581 4636">
     <span class='ocr_line' id='line_1_98' title="bbox 2012 4567 3581 4636; baseline 0.001 -13"><span class='ocrx_word' id='word_1_701' title='bbox 2012 4567 2265 4624; x_wconf 86' lang='lat' dir='ltr'><strong>Christus</strong></span> <span class='ocrx_word' id='word_1_702' title='bbox 2338 4568 2508 4624; x_wconf 86' lang='lat' dir='ltr'><strong>Filius</strong></span> <span class='ocrx_word' id='word_1_703' title='bbox 2579 4569 2698 4636; x_wconf 89' lang='lat' dir='ltr'><strong>Dei,</strong></span> <span class='ocrx_word' id='word_1_704' title='bbox 2763 4570 3022 4624; x_wconf 91' lang='lat' dir='ltr'><strong>Dominus</strong></span> <span class='ocrx_word' id='word_1_705' title='bbox 3086 4578 3141 4624; x_wconf 90' lang='lat' dir='ltr'><strong>et</strong></span> <span class='ocrx_word' id='word_1_706' title='bbox 3205 4584 3296 4624; x_wconf 78' lang='lat' dir='ltr'><strong>rex</strong></span> <span class='ocrx_word' id='word_1_707' title='bbox 3362 4570 3581 4625; x_wconf 80' lang='lat' dir='ltr'><strong>univer-</strong></span> 
     </span>
    </p>
   </div>
   <div class='ocr_carea' id='block_1_99' title="bbox 2009 4674 2216 4716">
    <p class='ocr_par' dir='ltr' id='par_1_99' title="bbox 2009 4674 2216 4716">
     <span class='ocr_line' id='line_1_99' title="bbox 2009 4674 2216 4716; baseline 0.005 -1"><span class='ocrx_word' id='word_1_708' title='bbox 2009 4674 2216 4716; x_wconf 84' lang='lat' dir='ltr'><strong>serum.</strong></span> 
     </span>
    </p>
   </div>
   <div class='ocr_carea' id='block_1_100' title="bbox 2083 4749 3580 4823">
    <p class='ocr_par' dir='ltr' id='par_1_100' title="bbox 2083 4749 3580 4823">
     <span class='ocr_line' id='line_1_100' title="bbox 2083 4749 3580 4823; baseline 0.001 -20"><span class='ocrx_word' id='word_1_709' title='bbox 2083 4749 2336 4807; x_wconf 77' lang='lat' dir='ltr'><strong>Nascitur</strong></span> <span class='ocrx_word' id='word_1_710' title='bbox 2365 4767 2493 4823; x_wconf 78' lang='lat' dir='ltr'><strong>ergo</strong></span> <span class='ocrx_word' id='word_1_711' title='bbox 2525 4767 2590 4808; x_wconf 71' lang='lat' dir='ltr'><strong>ex</strong></span> <span class='ocrx_word' id='word_1_712' title='bbox 2625 4751 2800 4820; x_wconf 87' lang='lat' dir='ltr'><strong>puella</strong></span> <span class='ocrx_word' id='word_1_713' title='bbox 2848 4752 3159 4819; x_wconf 90' lang='lat' dir='ltr'><strong>nuptiarum</strong></span> <span class='ocrx_word' id='word_1_714' title='bbox 3211 4757 3436 4818; x_wconf 77' lang='lat' dir='ltr'><strong>experte</strong></span> <span class='ocrx_word' id='word_1_715' title='bbox 3487 4749 3580 4804; x_wconf 73' lang='lat' dir='ltr'><strong>de-</strong></span> 
     </span>
    </p>
   </div>
   <div class='ocr_carea' id='block_1_101' title="bbox 1915 4927 2144 4984">
    <p class='ocr_par' dir='ltr' id='par_1_101' title="bbox 1915 4927 2144 4984">
     <span class='ocr_line' id='line_1_101' title="bbox 1915 4927 2144 4984; baseline 0.009 -2"><span class='ocrx_word' id='word_1_716' title='bbox 1915 4927 2144 4984; x_wconf 71' lang='grc' dir='ltr'><strong>ΝΟΤλΕ.</strong></span> 
     </span>
    </p>
   </div>
   <div class='ocr_carea' id='block_1_102' title="bbox 411 5047 1906 5123">
    <p class='ocr_par' dir='ltr' id='par_1_102' title="bbox 411 5047 1906 5123">
     <span class='ocr_line' id='line_1_102' title="bbox 411 5047 1906 5123; baseline -0.003 -18"><span class='ocrx_word' id='word_1_717' title='bbox 411 5050 960 5123; x_wconf 14' lang='grc' dir='ltr'><strong>(21)γιλρειιειξηιεεεμι’</strong></span> <span class='ocrx_word' id='word_1_718' title='bbox 991 5048 1455 5123; x_wconf 80' lang='lat' dir='ltr'><strong>apud_lsaia_m_cst</strong></span> <span class='ocrx_word' id='word_1_719' title='bbox 1483 5047 1606 5123; x_wconf 77' lang='lat' dir='ltr'><strong>iste,</strong></span> <span class='ocrx_word' id='word_1_720' title='bbox 1642 5060 1760 5114; x_wconf 90' lang='lat' dir='ltr'><strong>cap.</strong></span> <span class='ocrx_word' id='word_1_721' title='bbox 1780 5062 1856 5123; x_wconf 81' lang='lat' dir='ltr'><strong>_t.x</strong></span> <span class='ocrx_word' id='word_1_722' title='bbox 1891 5064 1906 5101; x_wconf 93' lang='lat'><strong>:</strong></span> 
     </span>
    </p>
   </div>
   <div class='ocr_carea' id='block_1_103' title="bbox 337 5116 1910 5192">
    <p class='ocr_par' dir='ltr' id='par_1_103' title="bbox 337 5116 1910 5192">
     <span class='ocr_line' id='line_1_103' title="bbox 337 5116 1910 5192; baseline -0.006 -15"><span class='ocrx_word' id='word_1_723' title='bbox 337 5116 451 5182; x_wconf 69' lang='grc' dir='ltr'><strong>καὶ</strong></span> <span class='ocrx_word' id='word_1_724' title='bbox 468 5116 649 5192; x_wconf 76' lang='grc' dir='ltr'><strong>η’δόξα</strong></span> <span class='ocrx_word' id='word_1_725' title='bbox 674 5116 1036 5192; x_wconf 27' lang='grc' dir='ltr'><strong>τοῦΑΛιϐᾁνου</strong></span> <span class='ocrx_word' id='word_1_726' title='bbox 1058 5119 1193 5192; x_wconf 70' lang='grc' dir='ltr'><strong>πρὸς</strong></span> <span class='ocrx_word' id='word_1_727' title='bbox 1218 5117 1276 5192; x_wconf 71' lang='grc' dir='ltr'><strong>σὲ</strong></span> <span class='ocrx_word' id='word_1_728' title='bbox 1293 5116 1413 5192; x_wconf 73' lang='grc' dir='ltr'><strong>ᾖξει</strong></span> <span class='ocrx_word' id='word_1_729' title='bbox 1434 5156 1448 5177; x_wconf 87' lang='grc'><strong>,</strong></span> <span class='ocrx_word' id='word_1_730' title='bbox 1479 5117 1538 5192; x_wconf 75' lang='grc' dir='ltr'><strong>ἐν</strong></span> <span class='ocrx_word' id='word_1_731' title='bbox 1584 5116 1910 5192; x_wconf 76' lang='grc' dir='ltr'><strong>κυπαρίσσῳ</strong></span> 
     </span>
    </p>
   </div>
   <div class='ocr_carea' id='block_1_104' title="bbox 338 5184 1910 5260">
    <p class='ocr_par' dir='ltr' id='par_1_104' title="bbox 338 5184 1910 5260">
     <span class='ocr_line' id='line_1_104' title="bbox 338 5184 1910 5260; baseline -0.008 -13"><span class='ocrx_word' id='word_1_732' title='bbox 338 5196 435 5251; x_wconf 78' lang='grc' dir='ltr'><strong>καὶ</strong></span> <span class='ocrx_word' id='word_1_733' title='bbox 489 5184 666 5260; x_wconf 73' lang='grc' dir='ltr'><strong>πεύκη</strong></span> <span class='ocrx_word' id='word_1_734' title='bbox 707 5189 803 5260; x_wconf 70' lang='grc' dir='ltr'><strong>καὶ</strong></span> <span class='ocrx_word' id='word_1_735' title='bbox 840 5189 1027 5260; x_wconf 15' lang='grc' dir='ltr'><strong>ᾲκέδ-ρῳ</strong></span> <span class='ocrx_word' id='word_1_736' title='bbox 1072 5184 1450 5260; x_wconf 34' lang='grc' dir='ltr'><strong>ἃμα-δοξάσαι</strong></span> <span class='ocrx_word' id='word_1_737' title='bbox 1490 5184 1580 5236; x_wconf 70' lang='grc' dir='ltr'><strong>τὸν</strong></span> <span class='ocrx_word' id='word_1_738' title='bbox 1622 5184 1784 5235; x_wconf 82' lang='grc' dir='ltr'><strong>τόπον</strong></span> <span class='ocrx_word' id='word_1_739' title='bbox 1820 5185 1910 5236; x_wconf 79' lang='grc' dir='ltr'><strong>τὸν</strong></span> 
     </span>
    </p>
   </div>
   <div class='ocr_carea' id='block_1_105' title="bbox 341 5255 1910 5333">
    <p class='ocr_par' dir='ltr' id='par_1_105' title="bbox 341 5255 1910 5333">
     <span class='ocr_line' id='line_1_105' title="bbox 341 5255 1910 5333; baseline -0.008 -14"><span class='ocrx_word' id='word_1_740' title='bbox 341 5263 499 5333; x_wconf 76' lang='grc' dir='ltr'><strong>ἅγιόν</strong></span> <span class='ocrx_word' id='word_1_741' title='bbox 531 5255 668 5330; x_wconf 55' lang='grc' dir='ltr'><strong>μου,</strong></span> <span class='ocrx_word' id='word_1_742' title='bbox 698 5257 883 5333; x_wconf 65' lang='lat' dir='ltr'><strong>Gloria</strong></span> <span class='ocrx_word' id='word_1_743' title='bbox 918 5255 1121 5333; x_wconf 61' lang='lat' dir='ltr'><strong>Liboni</strong></span> <span class='ocrx_word' id='word_1_744' title='bbox 1152 5256 1226 5333; x_wconf 82' lang='lat' dir='ltr'><strong>ad_</strong></span> <span class='ocrx_word' id='word_1_745' title='bbox 1244 5267 1301 5333; x_wconf 57' lang='lat' dir='ltr'><strong>te</strong></span> <span class='ocrx_word' id='word_1_746' title='bbox 1332 5255 1514 5333; x_wconf 65' lang='lat' dir='ltr'><strong>veniet,</strong></span> <span class='ocrx_word' id='word_1_747' title='bbox 1540 5269 1829 5320; x_wconf 78' lang='lat' dir='ltr'><strong>cypressus,</strong></span> <span class='ocrx_word' id='word_1_748' title='bbox 1863 5261 1910 5306; x_wconf 79' lang='lat' dir='ltr'><strong>et</strong></span> 
     </span>
    </p>
   </div>
   <div class='ocr_carea' id='block_1_106' title="bbox 339 5323 1910 5400">
    <p class='ocr_par' dir='ltr' id='par_1_106' title="bbox 339 5323 1910 5400">
     <span class='ocr_line' id='line_1_106' title="bbox 339 5323 1910 5400; baseline -0.008 -12"><span class='ocrx_word' id='word_1_749' title='bbox 339 5323 842 5400; x_wconf 5' lang='lat' dir='ltr'><strong>pi&#39;uusfetqcedrus</strong></span> <span class='ocrx_word' id='word_1_750' title='bbox 883 5328 1042 5400; x_wconf 69' lang='lat' dir='ltr'><strong>simul</strong></span> <span class='ocrx_word' id='word_1_751' title='bbox 1090 5327 1387 5400; x_wconf 52' lang='lat' dir='ltr'><strong>gloriﬁcare</strong></span> <span class='ocrx_word' id='word_1_752' title='bbox 1438 5323 1644 5400; x_wconf 58' lang='lat' dir='ltr'><strong>locant“</strong></span> <span class='ocrx_word' id='word_1_753' title='bbox 1669 5336 1910 5376; x_wconf 76' lang='lat' dir='ltr'><strong>sanctum</strong></span> 
     </span>
    </p>
   </div>
   <div class='ocr_carea' id='block_1_107' title="bbox 339 5389 1912 5460">
    <p class='ocr_par' dir='ltr' id='par_1_107' title="bbox 339 5389 1912 5460">
     <span class='ocr_line' id='line_1_107' title="bbox 339 5389 1912 5460; baseline -0.007 -4"><span class='ocrx_word' id='word_1_754' title='bbox 339 5389 535 5456; x_wconf 50' lang='lat' dir='ltr'><strong>&#39;meum&#39;.</strong></span> <span class='ocrx_word' id='word_1_755' title='bbox 574 5398 725 5452; x_wconf 88' lang='lat' dir='ltr'><strong>Citat</strong></span> <span class='ocrx_word' id='word_1_756' title='bbox 757 5398 900 5450; x_wconf 86' lang='lat' dir='ltr'><strong>hunc</strong></span> <span class='ocrx_word' id='word_1_757' title='bbox 939 5389 1296 5449; x_wconf 56' lang='lat' dir='ltr'><strong>lsaim&#39;locum</strong></span> <span class='ocrx_word' id='word_1_758' title='bbox 1328 5401 1548 5444; x_wconf 84' lang='lat' dir='ltr'><strong>sanctus</strong></span> <span class='ocrx_word' id='word_1_759' title='bbox 1586 5389 1912 5460; x_wconf 83' lang='lat' dir='ltr'><strong>Chrysosto-</strong></span> 
     </span>
    </p>
   </div>
   <div class='ocr_carea' id='block_1_108' title="bbox 340 5460 1909 5538">
    <p class='ocr_par' dir='ltr' id='par_1_108' title="bbox 340 5460 1909 5538">
     <span class='ocr_line' id='line_1_108' title="bbox 340 5460 1909 5538; baseline -0.008 -11"><span class='ocrx_word' id='word_1_760' title='bbox 340 5487 484 5528; x_wconf 85' lang='lat' dir='ltr'><strong>mus.</strong></span> <span class='ocrx_word' id='word_1_761' title='bbox 533 5484 598 5523; x_wconf 78' lang='lat' dir='ltr'><strong>ex</strong></span> <span class='ocrx_word' id='word_1_762' title='bbox 633 5468 1030 5538; x_wconf 80' lang='lat' dir='ltr'><strong>eoqneprobat</strong></span> <span class='ocrx_word' id='word_1_763' title='bbox 1084 5479 1298 5519; x_wconf 86' lang='lat' dir='ltr'><strong>crucem</strong></span> <span class='ocrx_word' id='word_1_764' title='bbox 1352 5460 1550 5538; x_wconf 65' lang='lat' dir='ltr'><strong>Christi</strong></span> <span class='ocrx_word' id='word_1_765' title='bbox 1608 5462 1909 5538; x_wconf 62' lang='lat' dir='ltr'><strong>e;__h:_nrum</strong></span> 
     </span>
    </p>
   </div>
   <div class='ocr_carea' id='block_1_109' title="bbox 340 5529 1909 5603">
    <p class='ocr_par' dir='ltr' id='par_1_109' title="bbox 340 5529 1909 5603">
     <span class='ocr_line' id='line_1_109' title="bbox 340 5529 1909 5603; baseline -0.007 -9"><span class='ocrx_word' id='word_1_766' title='bbox 340 5544 505 5599; x_wconf 81' lang='lat' dir='ltr'><strong>trium</strong></span> <span class='ocrx_word' id='word_1_767' title='bbox 538 5529 796 5590; x_wconf 80' lang='lat' dir='ltr'><strong>arborum</strong></span> <span class='ocrx_word' id='word_1_768' title='bbox 823 5529 981 5603; x_wconf 83' lang='lat' dir='ltr'><strong>lignis</strong></span> <span class='ocrx_word' id='word_1_769' title='bbox 1008 5529 1572 5603; x_wconf 70' lang='lat' dir='ltr'><strong>compacmmfuisse,</strong></span> <span class='ocrx_word' id='word_1_770' title='bbox 1595 5537 1650 5580; x_wconf 92' lang='lat' dir='ltr'><strong>ut</strong></span> <span class='ocrx_word' id='word_1_771' title='bbox 1672 5529 1909 5603; x_wconf 71' lang='lat' dir='ltr'><strong>diximus</strong></span> 
     </span>
    </p>
   </div>
   <div class='ocr_carea' id='block_1_110' title="bbox 2010 5046 3581 5115">
    <p class='ocr_par' dir='ltr' id='par_1_110' title="bbox 2010 5046 3581 5115">
     <span class='ocr_line' id='line_1_110' title="bbox 2010 5046 3581 5115; baseline 0.004 -15"><span class='ocrx_word' id='word_1_772' title='bbox 2010 5047 2200 5113; x_wconf 78' lang='lat' dir='ltr'><strong>veniet,</strong></span> <span class='ocrx_word' id='word_1_773' title='bbox 2246 5047 2384 5100; x_wconf 74' lang='lat' dir='ltr'><strong>abies</strong></span> <span class='ocrx_word' id='word_1_774' title='bbox 2423 5058 2470 5100; x_wconf 86' lang='lat' dir='ltr'><strong>et</strong></span> <span class='ocrx_word' id='word_1_775' title='bbox 2497 5050 2666 5100; x_wconf 70' lang='lat' dir='ltr'><strong>buxus</strong></span> <span class='ocrx_word' id='word_1_776' title='bbox 2710 5057 2758 5101; x_wconf 82' lang='lat' dir='ltr'><strong>et</strong></span> <span class='ocrx_word' id='word_1_777' title='bbox 2783 5049 2935 5115; x_wconf 79' lang='lat' dir='ltr'><strong>pinus</strong></span> <span class='ocrx_word' id='word_1_778' title='bbox 2961 5048 3152 5113; x_wconf 76' lang='lat' dir='ltr'><strong>simul,</strong></span> <span class='ocrx_word' id='word_1_779' title='bbox 3182 5046 3250 5101; x_wconf 85' lang='lat' dir='ltr'><strong>ad</strong></span> <span class='ocrx_word' id='word_1_780' title='bbox 3283 5050 3581 5107; x_wconf 82' lang='lat' dir='ltr'><strong>ornandum</strong></span> 
     </span>
    </p>
   </div>
   <div class='ocr_carea' id='block_1_111' title="bbox 2011 5115 2868 5182">
    <p class='ocr_par' dir='ltr' id='par_1_111' title="bbox 2011 5115 2868 5182">
     <span class='ocr_line' id='line_1_111' title="bbox 2011 5115 2868 5182; baseline -0.002 -13"><span class='ocrx_word' id='word_1_781' title='bbox 2011 5118 2181 5170; x_wconf 82' lang='lat' dir='ltr'><strong>locant</strong></span> <span class='ocrx_word' id='word_1_782' title='bbox 2238 5115 2674 5182; x_wconf 77' lang='lat' dir='ltr'><strong>sanctiﬁcationis</strong></span> <span class='ocrx_word' id='word_1_783' title='bbox 2723 5133 2868 5170; x_wconf 70' lang='lat' dir='ltr'><strong>metu.</strong></span> 
     </span>
    </p>
   </div>
   <div class='ocr_carea' id='block_1_112' title="bbox 2085 5182 3582 5258">
    <p class='ocr_par' dir='ltr' id='par_1_112' title="bbox 2085 5182 3582 5258">
     <span class='ocr_line' id='line_1_112' title="bbox 2085 5182 3582 5258; baseline 0.004 -22"><span class='ocrx_word' id='word_1_784' title='bbox 2085 5186 2350 5258; x_wconf 57' lang='lat' dir='ltr'><strong>(iifi&#39;O-ra</strong></span> <span class='ocrx_word' id='word_1_785' title='bbox 2368 5185 2424 5238; x_wconf 81' lang='grc' dir='ltr'><strong>δὲ</strong></span> <span class='ocrx_word' id='word_1_786' title='bbox 2440 5182 2591 5258; x_wconf 80' lang='grc' dir='ltr'><strong>ἦλθε.</strong></span> <span class='ocrx_word' id='word_1_787' title='bbox 2623 5186 2968 5258; x_wconf 55' lang='lat' dir='ltr'><strong>Athoclnco</strong></span> <span class='ocrx_word' id='word_1_788' title='bbox 2985 5186 3160 5240; x_wconf 86' lang='lat' dir='ltr'><strong>omnia</strong></span> <span class='ocrx_word' id='word_1_789' title='bbox 3183 5185 3390 5258; x_wconf 80' lang='lat' dir='ltr'><strong>Pollux,</strong></span> <span class='ocrx_word' id='word_1_790' title='bbox 3413 5203 3582 5258; x_wconf 89' lang='lat' dir='ltr'><strong>usque</strong></span> 
     </span>
    </p>
   </div>
   <div class='ocr_carea' id='block_1_113' title="bbox 2013 5255 3579 5326">
    <p class='ocr_par' dir='ltr' id='par_1_113' title="bbox 2013 5255 3579 5326">
     <span class='ocr_line' id='line_1_113' title="bbox 2013 5255 3579 5326; baseline 0.002 -19"><span class='ocrx_word' id='word_1_791' title='bbox 2013 5255 2244 5326; x_wconf 80' lang='grc' dir='ltr'><strong>ἐγενήθη</strong></span> <span class='ocrx_word' id='word_1_792' title='bbox 2271 5255 2346 5311; x_wconf 81' lang='grc' dir='ltr'><strong>δέ.</strong></span> <span class='ocrx_word' id='word_1_793' title='bbox 2385 5255 2513 5326; x_wconf 65' lang='lat' dir='ltr'><strong>pag.</strong></span> <span class='ocrx_word' id='word_1_794' title='bbox 2539 5270 2654 5322; x_wconf 89' lang='lat' dir='ltr'><strong>seq.</strong></span> <span class='ocrx_word' id='word_1_795' title='bbox 2696 5255 2757 5318; x_wconf 89' lang='grc' dir='ltr'><strong>Β,</strong></span> <span class='ocrx_word' id='word_1_796' title='bbox 2799 5256 2907 5326; x_wconf 77' lang='lat' dir='ltr'><strong>ubi</strong></span> <span class='ocrx_word' id='word_1_797' title='bbox 2933 5257 3047 5324; x_wconf 89' lang='lat' dir='ltr'><strong>ipse</strong></span> <span class='ocrx_word' id='word_1_798' title='bbox 3075 5257 3327 5324; x_wconf 80' lang='grc' dir='ltr'><strong>γεννᾶται</strong></span> <span class='ocrx_word' id='word_1_799' title='bbox 3376 5255 3579 5322; x_wconf 77' lang='grc' dir='ltr'><strong>τοίνυν,</strong></span> 
     </span>
    </p>
   </div>
   <div class='ocr_carea' id='block_1_114' title="bbox 2016 5324 3581 5446">
    <p class='ocr_par' dir='ltr' id='par_1_114' title="bbox 2016 5324 3581 5446">
     <span class='ocr_line' id='line_1_114' title="bbox 2016 5324 3581 5446; baseline 0.005 -73"><span class='ocrx_word' id='word_1_800' title='bbox 2016 5324 2296 5446; x_wconf 48' lang='grc' dir='ltr'><strong>ρυειῶιύω</strong></span> <span class='ocrx_word' id='word_1_801' title='bbox 2340 5324 2524 5379; x_wconf 85' lang='lat' dir='ltr'><strong>eadem</strong></span> <span class='ocrx_word' id='word_1_802' title='bbox 2576 5340 2762 5381; x_wconf 87' lang='lat' dir='ltr'><strong>rursus</strong></span> <span class='ocrx_word' id='word_1_803' title='bbox 2799 5324 2985 5379; x_wconf 77' lang='lat' dir='ltr'><strong>Pollux</strong></span> <span class='ocrx_word' id='word_1_804' title='bbox 3032 5340 3202 5396; x_wconf 88' lang='lat' dir='ltr'><strong>usque</strong></span> <span class='ocrx_word' id='word_1_805' title='bbox 3245 5327 3312 5380; x_wconf 86' lang='lat' dir='ltr'><strong>ad</strong></span> <span class='ocrx_word' id='word_1_806' title='bbox 3352 5328 3581 5382; x_wconf 87' lang='lat' dir='ltr'><strong>verbum</strong></span> 
     </span>
     <span class='ocr_line' id='line_1_115' title="bbox 2016 5411 2316 5446; baseline 0.003 -1"><span class='ocrx_word' id='word_1_807' title='bbox 2016 5411 2169 5446; x_wconf 61' lang='grc' dir='ltr'><strong>περιρ</strong></span> <span class='ocrx_word' id='word_1_808' title='bbox 2209 5412 2316 5446; x_wconf 86' lang='grc' dir='ltr'><strong>ετο.</strong></span> 
     </span>
    </p>
   </div>
   <div class='ocr_carea' id='block_1_115' title="bbox 2015 5411 2316 5463">
    <p class='ocr_par' dir='ltr' id='par_1_115' title="bbox 2015 5411 2316 5463">
     <span class='ocr_line' id='line_1_116' title="bbox 2015 5411 2316 5463; baseline 0.003 -18"><span class='ocrx_word' id='word_1_809' title='bbox 2015 5411 2316 5463; x_wconf 81' lang='grc' dir='ltr'><strong>περιευετο.</strong></span> 
     </span>
    </p>
   </div>
   <div class='ocr_carea' id='block_1_116' title="bbox 2089 5457 3584 5534">
    <p class='ocr_par' dir='ltr' id='par_1_116' title="bbox 2089 5457 3584 5534">
     <span class='ocr_line' id='line_1_117' title="bbox 2089 5457 3584 5534; baseline 0.001 -18"><span class='ocrx_word' id='word_1_810' title='bbox 2089 5457 2202 5534; x_wconf 62' lang='grc' dir='ltr'><strong>(εἰ)</strong></span> <span class='ocrx_word' id='word_1_811' title='bbox 2250 5463 2445 5534; x_wconf 78' lang='lat' dir='ltr'><strong>Omnia</strong></span> <span class='ocrx_word' id='word_1_812' title='bbox 2477 5463 2544 5518; x_wconf 89' lang='lat' dir='ltr'><strong>ab</strong></span> <span class='ocrx_word' id='word_1_813' title='bbox 2591 5462 2703 5534; x_wconf 85' lang='lat' dir='ltr'><strong>illo,</strong></span> <span class='ocrx_word' id='word_1_814' title='bbox 2732 5461 2850 5534; x_wconf 76' lang='grc' dir='ltr'><strong>ἀλλ’</strong></span> <span class='ocrx_word' id='word_1_815' title='bbox 2885 5462 3092 5526; x_wconf 81' lang='grc' dir='ltr'><strong>ὲνώσας</strong></span> <span class='ocrx_word' id='word_1_816' title='bbox 3119 5503 3135 5527; x_wconf 90' lang='grc'><strong>,</strong></span> <span class='ocrx_word' id='word_1_817' title='bbox 3165 5477 3336 5531; x_wconf 90' lang='lat' dir='ltr'><strong>usque</strong></span> <span class='ocrx_word' id='word_1_818' title='bbox 3370 5464 3437 5518; x_wconf 81' lang='lat' dir='ltr'><strong>ad</strong></span> <span class='ocrx_word' id='word_1_819' title='bbox 3465 5457 3584 5518; x_wconf 78' lang='grc' dir='ltr'><strong>ἀλλ’</strong></span> 
     </span>
    </p>
   </div>
   <div class='ocr_carea' id='block_1_117' title="bbox 2018 5531 3588 5600">
    <p class='ocr_par' dir='ltr' id='par_1_117' title="bbox 2018 5531 3588 5600">
     <span class='ocr_line' id='line_1_118' title="bbox 2018 5531 3588 5600; baseline 0.004 -14"><span class='ocrx_word' id='word_1_820' title='bbox 2018 5531 2192 5596; x_wconf 78' lang='grc' dir='ltr'><strong>αὐτὸς</strong></span> <span class='ocrx_word' id='word_1_821' title='bbox 2236 5533 2264 5584; x_wconf 88' lang='grc' dir='ltr'><strong>ό</strong></span> <span class='ocrx_word' id='word_1_822' title='bbox 2315 5533 2484 5600; x_wconf 88' lang='grc' dir='ltr'><strong>Λόγος</strong></span> <span class='ocrx_word' id='word_1_823' title='bbox 2539 5533 2743 5596; x_wconf 81' lang='grc' dir='ltr'><strong>τέλειος</strong></span> <span class='ocrx_word' id='word_1_824' title='bbox 2772 5531 2866 5594; x_wconf 80' lang='grc' dir='ltr'><strong>ὧν,</strong></span> <span class='ocrx_word' id='word_1_825' title='bbox 2903 5534 3085 5588; x_wconf 87' lang='lat' dir='ltr'><strong>addita</strong></span> <span class='ocrx_word' id='word_1_826' title='bbox 3113 5541 3240 5589; x_wconf 85' lang='lat' dir='ltr'><strong>sunt</strong></span> <span class='ocrx_word' id='word_1_827' title='bbox 3277 5549 3346 5590; x_wconf 79' lang='lat' dir='ltr'><strong>ex</strong></span> <span class='ocrx_word' id='word_1_828' title='bbox 3397 5535 3588 5594; x_wconf 81' lang='lat' dir='ltr'><strong>codice</strong></span> 
     </span>
    </p>
   </div>
   <div class='ocr_carea' id='block_1_118' title="bbox 341 5597 3001 5673">
    <p class='ocr_par' dir='ltr' id='par_1_118' title="bbox 341 5597 3001 5673">
     <span class='ocr_line' id='line_1_119' title="bbox 341 5597 3001 5673; baseline -0.002 -8"><span class='ocrx_word' id='word_1_829' title='bbox 341 5597 436 5665; x_wconf 89' lang='lat' dir='ltr'><strong>lib.</strong></span> <span class='ocrx_word' id='word_1_830' title='bbox 472 5624 486 5662; x_wconf 95' lang='lat' dir='ltr'><strong>l</strong></span> <span class='ocrx_word' id='word_1_831' title='bbox 525 5607 600 5661; x_wconf 82' lang='lat' dir='ltr'><strong>De</strong></span> <span class='ocrx_word' id='word_1_832' title='bbox 628 5621 803 5671; x_wconf 75' lang='lat' dir='ltr'><strong>cruce,</strong></span> <span class='ocrx_word' id='word_1_833' title='bbox 835 5597 955 5671; x_wconf 59' lang='lat' dir='ltr'><strong>cap.</strong></span> <span class='ocrx_word' id='word_1_834' title='bbox 981 5603 1034 5664; x_wconf 85' lang='grc'><strong>5,</strong></span> <span class='ocrx_word' id='word_1_835' title='bbox 1072 5597 1212 5672; x_wconf 83' lang='lat' dir='ltr'><strong>quod</strong></span> <span class='ocrx_word' id='word_1_836' title='bbox 1252 5609 1306 5655; x_wconf 91' lang='lat' dir='ltr'><strong>et</strong></span> <span class='ocrx_word' id='word_1_837' title='bbox 1330 5599 1638 5673; x_wconf 50' lang='lat' dir='ltr'><strong>Alexander</strong></span> <span class='ocrx_word' id='word_1_838' title='bbox 1671 5597 1768 5673; x_wconf 78' lang='lat' dir='ltr'><strong>hoc</strong></span> <span class='ocrx_word' id='word_1_839' title='bbox 1800 5598 1916 5673; x_wconf 83' lang='lat' dir='ltr'><strong>loco</strong></span> <span class='ocrx_word' id='word_1_840' title='bbox 2022 5605 2237 5673; x_wconf 76' lang='lat' dir='ltr'><strong>(Zrypta:</strong></span> <span class='ocrx_word' id='word_1_841' title='bbox 2271 5597 2526 5658; x_wconf 71' lang='lat' dir='ltr'><strong>Ferratte.</strong></span> <span class='ocrx_word' id='word_1_842' title='bbox 2564 5601 2765 5658; x_wconf 80' lang='lat' dir='ltr'><strong>Eadem</strong></span> <span class='ocrx_word' id='word_1_843' title='bbox 2794 5601 3001 5659; x_wconf 82' lang='lat' dir='ltr'><strong>Pollux.</strong></span> 
     </span>
    </p>
   </div>
   <div class='ocr_carea' id='block_1_119' title="bbox 342 5665 1913 5747">
    <p class='ocr_par' dir='ltr' id='par_1_119' title="bbox 342 5665 1913 5747">
     <span class='ocr_line' id='line_1_120' title="bbox 342 5665 1913 5747; baseline -0.012 -7"><span class='ocrx_word' id='word_1_844' title='bbox 342 5679 494 5741; x_wconf 82' lang='lat' dir='ltr'><strong>facit.</strong></span> <span class='ocrx_word' id='word_1_845' title='bbox 522 5675 753 5747; x_wconf 79' lang='lat' dir='ltr'><strong>Vulgata</strong></span> <span class='ocrx_word' id='word_1_846' title='bbox 788 5665 957 5731; x_wconf 68' lang='lat' dir='ltr'><strong>editio</strong></span> <span class='ocrx_word' id='word_1_847' title='bbox 985 5673 1058 5728; x_wconf 80' lang='lat' dir='ltr'><strong>ita</strong></span> <span class='ocrx_word' id='word_1_848' title='bbox 1080 5665 1247 5728; x_wconf 19' lang='lat' dir='ltr'><strong>Vbabet</strong></span> <span class='ocrx_word' id='word_1_849' title='bbox 1274 5687 1288 5723; x_wconf 90' lang='lat'><strong>:</strong></span> <span class='ocrx_word' id='word_1_850' title='bbox 1319 5667 1507 5722; x_wconf 74' lang='lat' dir='ltr'><strong>Gloria</strong></span> <span class='ocrx_word' id='word_1_851' title='bbox 1547 5665 1736 5719; x_wconf 78' lang='lat' dir='ltr'><strong>Libani</strong></span> <span class='ocrx_word' id='word_1_852' title='bbox 1767 5667 1836 5720; x_wconf 82' lang='lat' dir='ltr'><strong>ad</strong></span> <span class='ocrx_word' id='word_1_853' title='bbox 1865 5678 1913 5721; x_wconf 76' lang='lat' dir='ltr'><strong>te</strong></span> 
     </span>
    </p>
   </div>
  </div>
