3968 6198
312 195 454 261 4029

1309 203 1407 264 DE
1447 202 1920 266 INVENTIONE
1950 206 2261 269 SANCT/E
2293 211 2592 275 CRUCIS.

3441 219 3582 285 4039

309 312 404 368 ἐπὶ
417 311 516 382 τὴν
533 309 754 381 Ῥώμην
767 311 844 374 ὡς
859 309 1194 382 εύνοήσαντα
1209 310 1302 366 τὸν
1341 311 1590 384 Ἡρώδην
1621 314 1758 383 μετὰ
1783 314 1870 384 βου

1978 367 1980 375 ,
2014 330 2078 370 ex
2103 328 2327 374 senatus
2370 320 2610 384 decreto,
2674 319 2876 376 Judaeze
2931 336 3109 391 regem
3159 323 3424 391 declarat,
3460 331 3573 385 dia-

307 403 410 476 λῆς
422 404 520 474 τῆς
544 403 851 474 συγκλήτου
870 403 1220 458 ἀναδείκνυσι
1245 404 1471 475 βασιλέα
1491 405 1592 472 τῆς
1620 404 1901 471 Ἰουδαίας,

2011 407 2168 462 detna
2214 411 2381 466 etiam
2436 413 2734 480 imponens.
2781 413 2878 468 Hie
2924 424 3102 470 autem
3149 415 3578 491 Hierosolymam

309 493 556 565 περιθεὶς
573 492 728 563 αὐτῷ
746 493 840 547 καὶ
853 493 1112 563 διάδημα.
1131 488 1304 557 Οὗτος
1327 494 1384 547 δὲ
1405 493 1601 557 ἐπιϐὰς
1617 496 1728 558 τοῖς
1743 495 1870 564 Ἱερο

2009 499 2348 566 ascendens,
2387 501 2716 572 Iuda-isque,
2745 507 2888 573 quod
2911 515 3058 560 esset
3097 488 3413 578 extraneus,
3452 527 3575 567 cum

310 583 438 638 σολύ
447 583 690 654 μοις,καὶ
704 582 975 637 Ἰουδαίων
991 583 1066 654 μὴ
1082 580 1426 654 βουλομένων
1445 585 1512 638 αύ
1520 585 1609 638 τὸν
1624 584 1898 652 δέξασθαι,

306 676 384 741 ὡς
405 675 704 745 ἀλλόφυλον
735 675 884 742 δντα,
914 675 1143 740 πολλοὺς
1172 676 1304 749 παρ’
1327 676 1506 731 αὐτῶν
1536 676 1896 744 κατέσφαξεν,

2007 591 2300 647 admittere
2331 593 2664 660 nolentibus,
2696 595 2894 650 ntultos
2921 595 3063 652 illico
3093 597 3382 668 jugulavit,
3435 613 3575 657 tem-
3661 624 3664 626 ·

2007 683 2539 752 plumque-diripuit,
2573 696 2624 739 et
2659 695 2926 755 potestate
2974 689 3114 742 male
3163 690 3417 756 abutens,
3459 710 3576 748 om-

319 769 805 842 λαφυραγωγήσας
831 767 932 838 τὴν
955 768 1111 822 πόλιν
1140 769 1235 822 καὶ
1261 769 1321 822 τὸ
1348 769 1392 821 is
1403 767 1514 838 ρδν,
1559 768 1810 839 πονηρῶς
1840 769 1870 821 δ

2003 789 2100 829 nes
2123 775 2361 829 tribuum
2394 786 2447 828 et
2467 775 2804 830 familiarum
2835 779 3254 847 descriptiones,
3277 782 3347 836 ab
3389 782 3574 838 Bsdm

307 862 664 932 χρησάμενος
697 860 764 928 τῇ
801 856 1045 930 ἐξουσίᾳ,
1087 857 1268 921 πάσας
1314 859 1413 921 τὰς
1439 857 1551 912 τῶν
1578 854 1759 926 φυλῶν
1803 874 1870 909 κα

2002 879 2174 936 usque
2202 868 2538 935 temporibus
2567 877 2940 934 conservatas,
2988 871 3309 936 combussit.
3361 890 3428 929 ne
3477 889 3574 930 co-

306 954 418 1008 τῶν
469 951 645 1022 γενῶν
701 951 884 1005 αὐτῶν
936 952 1038 1015 τὰς
1093 951 1418 1020 ἀναγραφὰς
1471 950 1569 1014 τὰς
1641 951 1751 1004 ἀπὺ
1796 949 1893 1003 τοῦ

310 1045 520 1114 Ἐσδρα
568 1043 938 1113 ἀνακειμένας
1001 1041 1135 1113 πυρὶ
1206 1041 1517 1096 κατέκαυσε
1554 1078 1570 1106 ,
1640 1040 1779 1110 πρὸς
1831 1040 1892 1094 τὺ

311 1137 530 1208 μηκέττι
542 1135 751 1204 γνῶναι
799 1135 927 1195 τοὺς
954 1131 1243 1194 Ἰουδαίους
1274 1172 1289 1198 ,
1329 1132 1395 1185 ἐκ
1441 1118 1602 1196 ποίας
1656 1135 1892 1204 πατριᾶς

307 1229 469 1292 slew,
491 1229 556 1280 ἐκ
595 1226 757 1290 ποίας
790 1223 986 1295 φυλῆς,
1009 1223 1104 1277 καὶ
1131 1223 1277 1286 τίνες
1305 1223 1447 1277 εἰσιν
1471 1224 1522 1276 οἱ
1547 1223 1888 1294 αὐτόχθονες,

307 1317 402 1371 καὶ
436 1316 580 1380 τίνες
617 1318 666 1369 οί
695 1315 980 1384 λεγόμενοι
1014 1313 1246 1386 γειῶραι
1276 1312 1412 1384 (29),
1461 1315 1556 1368 καὶ
1603 1313 1704 1385 τὴν
1737 1315 1886 1385 lepa-

305 1410 468 1480 τικὴν
499 1407 698 1478 στολὴν
740 1405 845 1460 ὑπὸ
885 1406 988 1476 τὴν
1044 1406 1180 1460 ίδίαν
1215 1405 1490 1478 σφραγῖδα
1518 1407 1762 1472 ἐπέθετο,
1794 1407 1888 1460 καὶ

303 1500 492 1556 λοιπδν
528 1489 974 1569 ἁδεῶςασήμοις
1030 1497 1175 1551 τισὶν
1213 1497 1307 1550 ἐπὶ
1343 1497 1621 1568 χρήμασιν
1680 1500 1887 1563 ίκανοτς

301 1591 405 1664 τὴν
431 1588 848 1662 ἀρχιερωσύνην
875 1588 1245 1660 ἐπίπρασκεν.

1999 956 2190 1024 gnosei
2219 956 2450 1025 amplius
2477 966 2654 1026 posset
2680 971 2710 1010 a
2761 954 2963 1012 Iudaeis
3004 973 3076 1032 ex
3113 975 3347 1029 quanam
3395 965 3570 1032 patria

1999 1048 2250 1118 prognati
2311 1057 2514 1115 essent,
2569 1063 2633 1103 ex
2691 1063 2798 1119 qua
2857 1051 2997 1105 trib
3065 1060 3119 1106 et
3176 1053 3402 1122 quinam
3461 1057 3574 1110 sint

1997 1138 2340 1209 αὐτόχθονες,
2375 1140 2429 1195 in
2455 1149 2598 1195 terra
2634 1140 2722 1198 illa
2755 1141 2886 1205 sati,
2916 1142 3047 1197 etin
3083 1143 3256 1198 lucem
3289 1147 3440 1213 editi,
3471 1149 3566 1217 qui

1999 1241 2128 1282 vero
2150 1228 2399 1283 dicantur
2417 1227 2669 1299 γειῶραι,
2699 1229 2981 1284 adventitii
3009 1238 3067 1284 et
3095 1231 3381 1300 aseriptitii
3407 1247 3423 1297 ;
3457 1243 3568 1288 sto-

1995 1317 2102 1373 lam
2133 1321 2186 1374 in
2215 1335 2366 1376 suam
2401 1327 2726 1389 potestatem
2751 1320 2980 1388 redegit,
3017 1333 3084 1374 ac
3126 1320 3194 1374 de
3223 1332 3423 1375 eastern
3448 1323 3570 1376 sine

1991 1417 2166 1477 metu,
2193 1411 2440 1468 obscuris
2469 1410 2816 1480 quibusdam,
2871 1425 3071 1481 magno
3120 1410 3320 1481 pretio,
3367 1413 3562 1467 summi

1985 1504 2283 1560 sacerdotii
2313 1503 2630 1574 dignitatem
2661 1503 2924 1560 vendidit.

377 1683 572 1746 Ἔτους
603 1681 662 1735 δέ
689 1677 1125 1751 τεσσαρακοστοῦ
1153 1678 1410 1748 δευτέρου
1443 1679 1724 1750 Καίσαρος
1763 1679 1870 1734 Δύ-

2045 1681 2468 1753 Quadragesimo
2517 1689 2695 1735 autem
2743 1681 2987 1736 secundo
3025 1695 3169 1734 anno
3201 1681 3429 1736 Caesaris
3453 1682 3566 1734 Au.

301 1772 535 1842 γούστου
562 1769 753 1842 ἐξῆλθε
778 1772 909 1842 παρ’
930 1769 1098 1824 αὐτοῦ
1127 1769 1312 1840 δόγμα
1334 1770 1750 1840 ὑπογράφεσθαι
1773 1773 1881 1827 πᾶ·

303 1882 407 1920 σαν
431 1863 530 1936 τὴν
555 1861 902 1933 οἰκουμένην.
941 1860 1095 1932 Αὕτη
1130 1862 1164 1931 ἡ
1195 1861 1491 1932 ὑπογραφὴ
1527 1861 1720 1933 πρώτη
1762 1864 1884 1932 ὲγέ-

299 1973 444 2022 νετο,
471 1955 547 2020 ὥς
569 1970 736 2025 φησιν
757 1953 880 2026 ιερὰ
905 1952 1012 2007 τῶν
1033 1951 1388 2022 Εὐαγγελίων
1415 1953 1646 2024 ἱστορία.
1666 1954 1884 2028 Ταύτην

297 2047 358 2103 δέ
394 2047 511 2118 --τὴν
560 2043 888 2116 ἀπογραφὴν
946 2043 1113 2114 ἤγουν
1149 2043 1471 2116 φορολογίαν
1510 2047 1540 2100 6
1566 2047 1782 2118 Καῖσαρ
1805 2047 1884 2113 ὡς

299 2137 643 2208 εύνουστάτῳ
690 2135 798 2190 τινὶ
845 2136 941 2190 καὶ
979 2135 1224 2207 μεγίστῳ
1270 2137 1370 2205 τῆς
1429 2137 1732 2210 συγκλήτου
1794 2140 1884 2194 ιν..

297 2229 537 2300 εχεὶρισε
565 2227 829 2298 Κυρινίῳ,
856 2227 916 2280 δν
949 2227 1285 2299 κατέστησεν
1333 2229 1642 2301 ἡγούμενον
1683 2231 1884 2304 Συρίας

297 2319 417 2389 ἦτοι
454 2317 553 2388 τῆς
586 2316 866 2382 Ἰουδαίας,
907 2319 966 2371 ἐν
1015 2316 1252 2389 ὑπατείᾳ
1284 2319 1715 2394 τρισκαιδεκάτῃ
1765 2321 1878 2394 (30)

297 2411 610 2481 Αὐγούστου
644 2413 737 2467 καὶ
760 2410 1084 2480 Συλουανοῦ,
1115 2411 1237 2467 καθ’
1264 2413 1332 2485 ἢν
1358 2413 1624 2470 ὑπατείαν
1681 2417 1711 2470 6
1767 2418 1882 2472 Κύ-

299 2519 414 2572 ριος
441 2505 473 2574 ἡ
483 2502 598 2572 μῶν
625 2503 833 2576 Ἰησοῦς
861 2503 1098 2576 Χριστὸς
1123 2503 1389 2574 ἐγεννήθη
1423 2506 1482 2558 ἐν
1511 2504 1760 2577 Βηθλεὲμ
1779 2507 1881 2578 τῆς

305 2593 586 2660 Ἰουδαίας,
623 2595 765 2649 κατὰ
796 2595 895 2666 τὴν
923 2593 1262 2668 προφητείαν
1281 2632 1300 2660 ,
1326 2594 1406 2666 τῷ
1437 2597 1743 2668 τριακοστῷ
1786 2599 1880 2654 καὶ

293 2688 462 2759 τρίτῳ
491 2687 602 2742 ἔτει
638 2688 738 2758 τῆς
774 2687 1050 2759 βασιλείας
1073 2686 1316 2758 Ἡρώδου
1364 2688 1459 2742 τοῦ
1493 2689 1875 2762 Ἀντιπάτρου,

291 2781 358 2848 τῇ
388 2779 496 2852 πρὸ
537 2778 682 2834 ὀκτὼ
709 2779 1008 2834 Καλανδῶν
1037 2779 1403 2851 Ἰανουαρίων.
1423 2781 1738 2850 Ἐπιφάνιος
1768 2784 1826 2838 δέ
1849 2784 1879 2838 6

294 2868 469 2938 μέγας
503 2869 612 2940 (3i)
670 2871 766 2924 καὶ
798 2870 941 2940 ίερδς
966 2871 1074 2924 τῶν
1105 2871 1371 2941 Κυπρίων
1392 2871 1711 2939 ἐπίσκοπος,
1733 2873 1880 2942 ἀγω-

293 2959 552 3023 νιστικῶς
598 2959 872 3014 ἐνίσταται
917 2961 1417 3032 διαϐεϐαιούμενος,
1445 2963 1527 3018 ὅτι
1576 2964 1684 3035 πρὸ
1729 2965 1874 3019 ὀκτὼ

290 3049 450 3104 εἰδῶν
480 3049 806 3121 Ἰανουαρίου
823 3050 1046 3121 γέγονεν
1072 3055 1106 3124 ἡ
1130 3052 1362 3125 ἀληθινὴ
1389 3055 1605 3124 γένεσις
1631 3055 1726 3110 τοῦ
1751 3058 1868 3110 Κυ-

295 3140 412 3212 ρίου
455 3139 616 3211 ήμῶν
643 3143 818 3213 Ἰησοῦ
879 3144 1118 3216 Χριστοῦ
1165 3146 1230 3200 ἐκ
1273 3145 1374 3218 τῆς
1418 3148 1581 3214 ἁγίας
1604 3149 1868 3206 Θεοτόκου

289 3229 388 3283 καὶ
414 3229 768 3300 ἀειπαρθένου
801 3233 1043 3305 Μαρίας.
1071 3235 1134 3289 Οἱ
1163 3235 1221 3290 δὲ
1246 3235 1424 3291 λοιποὶ
1452 3238 1656 3303 πάντες
1685 3239 1869 3294 0:630-

293 3336 383 3389 φοι
415 3319 526 3392 (52)
570 3320 880 3378 διδάσκαλοι
928 3325 1029 3395 τῆς
1075 3327 1239 3394 ἁγίας
1295 3329 1390 3381 καὶ
1439 3330 1735 3401 καθολικῆς
1777 3334 1870 3387 καὶ

289 3411 653 3482 ἀποστο).ικῆς
680 3414 1033 3484 Ἑκκλησίας,
1064 3417 1139 3480 ὡς
1167 3417 1226 3483 ἐξ
1256 3419 1376 3482 ένὺς
1405 3421 1670 3489 στόματος
1693 3463 1707 3488 ,
1739 3423 1871 3495 ὠρί-

292 3518 454 3555 σαντο
477 3497 618 3556 εἶναι
638 3505 738 3574 τὴν
760 3505 1036 3572 γενέθλιον
1062 3507 1274 3577 ἡμέραν
1296 3507 1389 3562 τοῦ
1412 3509 1648 3579 Χριστοῦ
1669 3514 1733 3583 τῇ
1759 3513 1866 3584 πρὸ

287 3589 433 3644 ὀκτὼ
470 3591 767 3646 Καλανδῶν
803 3593 1169 3664 Ἰανουαρίων.

362 3679 525 3734 Ἀλλὰ
556 3682 776 3736 πάντων
808 3683 909 3751 μὲν
939 3682 1038 3748 τὰς
1071 3685 1299 3756 χρήσεις
1333 3687 1429 3741 ἐπὶ
1464 3688 1557 3742 τοῦ
1604 3690 1873 3760 παρόντος

291 3771 631 3840 παραγαγεῖν
659 3770 876 3842 καιροῦ,
911 3771 1180 3842 παρέλκον
1199 3773 1460 3844 ἠγοῦμαι.
1491 3775 1623 3828 Οὐδὲ
1645 3774 1753 3846 γὰρ
1775 3792 1872 3828 τα-

288 3856 386 3909 νῦν
417 3859 545 3929 περὶ
575 3857 768 3912 τούτου
803 3860 929 3930 ἡμῖν
976 3862 1004 3914 6
1051 3860 1375 3930 λόγος.’Ένα
1401 3861 1456 3916 δὲ
1485 3863 1756 3933 ἐπίσημον
1787 3863 1869 3917 δι-

286 3947 552 4002 δάσκαλον
583 3950 944 4018 παραγαγὼν,
974 3950 1033 4004 δν
1061 3949 1154 4005 καὶ
1191 3953 1353 4018 αὐτὸς
1395 3955 1422 4007 6
1457 3953 1600 4018 θεῖος
1634 3955 1869 4024 Ἐπιφά-

285 4054 398 4102 νιος
433 4041 776 4109 παρήγαγεν,
803 4040 880 4103 ὡς
908 4041 1313 4111 συνηγοροῦντα
1339 4044 1452 4106 τοῖς
1473 4042 1652 4112 λόγοις
1673 4043 1862 4109 αὐτοῦ,

285 4127 598 4198 καταλείψω
626 4131 738 4194 τοῖς
767 4130 1188 4200 ἐντυγχάνουσιν
1224 4132 1495 4203 αἱρεῖσθαι
1524 4133 1585 4186 τὸ
1617 4134 1859 4204 ἄμεινον.

1984 1777 2152 1850 gusti,
2191 1775 2326 1830 exiit
2367 1773 2438 1828 ab
2489 1786 2554 1827 eo
2604 1771 2864 1838 edictum,
2907 1781 2964 1826 ut
3007 1772 3413 1827 describeretur
3442 1773 3568 1828 uni-

1981 1883 2174 1926 versus
2193 1867 2343 1922 orbis
2372 1863 2438 1919 η.
2469 1863 2595 1920 liae
2616 1877 2742 1918 vero
2771 1863 3066 1933 descriptio
3093 1864 3265 1934 prima
3293 1863 3434 1920 facta
3457 1875 3565 1932 est,

1981 1969 2042 2016 ut
2073 1967 2304 2016 testatur
2337 1971 2495 2013 sacra
2548 1954 2960 2025 Evangeiiorum
2995 1955 3240 2019 historia,
3274 1971 3438 2025 quam
3470 1957 3568 2012 de-

1981 2052 2356 2122 scriptionem,
2413 2050 2518 2105 hoc
2559 2057 2663 2113 est,
2705 2061 2906 2104 census
2949 2049 3314 2114 exactionem,
3355 2047 3562 2116 Caesar,

1983 2151 2042 2198 ιιι
2089 2141 2606 2198 benevolentissimo
2651 2146 2706 2194 et
2731 2137 2966 2192 maxime
3007 2151 3072 2192 ex
3113 2149 3302 2194 senatu
3327 2138 3564 2209 Cyrenio

1980 2231 2354 2294 demandavit,
2376 2243 2536 2298 quem
2555 2228 2744 2298 Syria,
2777 2226 2831 2282 id
2859 2236 2942 2281 est
2994 2224 3558 2295 Ιυιιεεαιῳιωίεοοηι,

1980 2322 2261 2380 consulatu
2291 2319 2520 2390 Augusti
2545 2315 2664 2374 Xlll
2682 2327 2738 2372 et
2766 2315 3004 2386 Sylvano
3029 2326 3153 2371 tunc
3176 2317 3294 2386 ejus
3319 2317 3559 2387 collega;

1981 2428 2091 2484 quo
2147 2412 2314 2467 etiam
2369 2410 2650 2467 consulatu
2711 2417 2871 2464 natus
2925 2419 3010 2464 est
3055 2408 3316 2466 Dominus
3372 2421 3561 2466 noster

1979 2501 2136 2560 Iesus
2155 2502 2403 2558 Christus
2428 2502 2480 2556 in
2506 2500 2775 2556 Bethleem
2801 2497 3024 2566 Iudaee,
3040 2500 3195 2570 juxta
3217 2504 3558 2572 prophetam,

1979 2611 2124 2652 anno
2155 2594 2432 2650 tricesimo
2461 2593 2622 2649 tertio
2660 2591 2923 2658 Herodis,
2955 2591 3225 2662 Antipatri
3281 2593 3400 2661 lilii,
3434 2604 3560 2648 ante

1979 2685 2124 2742 diem
2178 2696 2432 2742 octavum
2488 2681 2858 2738 Kalendarum
2920 2681 3190 2738 Januarii.
3238 2683 3557 2753 Quanquam

1978 2779 2241 2832 adversus
2310 2777 2412 2832 hoc
2474 2775 2814 2845 Epiphanius
2876 2773 3200 2845 Cypriorum
3270 2777 3558 2846 episcopus

1978 2868 2176 2923 acriter
2199 2864 2814 2936 iusurgat,conllrmans
2836 2875 2963 2919 ante
2989 2865 3128 2920 diem
3153 2864 3333 2918 iduum
3357 2863 3562 2919 Janua-

1981 2958 2182 3012 riarum
2214 2971 2342 3012 vere
2388 2955 2726 3010 nativitatem
2747 2954 2962 3010 Domini
2996 2956 3168 3008 nostri
3195 2952 3326 3009 Jesu
3351 2954 3556 3010 Christi

1975 3064 2041 3106 ex
2065 3058 2252 3106 sancta
2277 3047 2505 3119 Deipara
2525 3062 2586 3102 ac
2607 3061 2822 3116 semper
2843 3045 3048 3116 virgine
3066 3044 3237 3099 Maria
3265 3045 3554 3100 accidisse.

1975 3142 2170 3200 Ceteri
2201 3157 2332 3197 vero
2360 3154 2554 3195 omnes
2595 3137 2762 3193 divini
2806 3138 3056 3193 doctores
3093 3149 3296 3192 saneta:
3321 3137 3558 3193 catholi-

1974 3251 2054 3293 ca:
2081 3243 2138 3292 et
2166 3233 2478 3305 apostolicae
2510 3229 2790 3296 Ecclesia,
2812 3244 2920 3285 uno
2945 3229 3091 3284 velut
3111 3245 3206 3285 ore
3231 3230 3557 3286 deﬁnierunt

1978 3326 2212 3382 natalem
2247 3322 2446 3380 Christi
2492 3321 2662 3379 luisse
2698 3321 2842 3379 diem
2890 3330 3143 3376 octavum
3189 3319 3554 3378 Kalendarum

1976 3414 2242 3472 Januarii.

2045 3674 2222 3744 Atque
2263 3672 2505 3731 omnium
2555 3671 2774 3743 quidem
2839 3673 2908 3730 de
2952 3675 3058 3730 hac
3108 3690 3168 3730 re
3224 3677 3553 3733 sententiam

1975 3763 2224 3836 proferre
2249 3762 2578 3833 superﬂuum
2609 3764 2662 3819 in
2697 3766 3109 3835 praesentiarum
3140 3766 3426 3834 existimo;
3454 3783 3553 3824 ne-

1975 3871 2081 3926 que
2103 3857 2248 3910 enim
2276 3855 2341 3910 de
2383 3855 2486 3910 hoc
2509 3856 2663 3911 nobis
2693 3871 2876 3913 sermo
2903 3856 3186 3914 institutus
3217 3870 3321 3913 est.
3373 3857 3551 3914 Unum

1975 3962 2108 4003 vero
2151 3962 2262 4017 pra:
2317 3947 2531 4012 caeteris
2575 3946 2839 4017 insignem
2895 3948 3172 4004 doctorem
3237 3948 3550 4015 adducens,

1974 4052 2133 4108 quem
2195 4037 2359 4092 etiam
2405 4037 2519 4107 ipse
2551 4037 2886 4109 Epiphanius
2939 4049 3131 4097 testem
3187 4040 3390 4105 laudat,
3429 4051 3550 4096 tan-

1969 4147 2132 4202 quam
2186 4131 2473 4188 sententize
2505 4147 2616 4186 sua:
2663 4131 3552 4200 adstipulatorem,lcetorirelin-

293 4217 536 4291 Ἐφραὶμ
561 4219 740 4274 τοίνυν
780 4221 810 4274 6
846 4221 1039 4293 Σύρος,
1067 4222 1166 4294 οὐχ
1192 4225 1221 4278 6
1248 4222 1428 4296 τυχὼν
1455 4224 1550 4280 καὶ
1574 4225 1738 4290 αὐτὸς
1761 4224 1862 4296 τῆς

1978 4235 2129 4291 quam
2171 4220 2446 4288 liberum,
2498 4231 2715 4287 utrum,
2767 4230 3024 4292 tanquam
3081 4223 3296 4289 melius,
3351 4222 3553 4293 eligere

352 4375 397 4409 "
425 4375 556 4432 Luc.
590 4391 648 4441 ll,
691 4377 714 4431 ι
749 4391 904 4449 seqq:

1798 4465 2031 4526 NOTE.

351 4561 464 4633 (29)
529 4561 602 4633 De
654 4561 764 4627 his,
809 4561 1088 4633 quar__hoc
1120 4561 1588 4633 loeodlexander
1641 4563 1853 4633 scribit,

1957 4571 2063 4617 tem
2112 4561 2390 4617 Christum
2423 4571 2606 4616 natum
2653 4575 2773 4616 esse
2799 4576 2940 4617 coss.
3002 4561 3255 4618 Cornelio
3288 4561 3544 4628 Lentulo,

280 4629 502 4685 consule
541 4629 898 4702 Nicephorum
948 4629 1044 4702 li_b.
1079 4649 1094 4686 ι
1146 4630 1349 4686 Eccles.
1401 4632 1525 4702 hist.
1555 4647 1674 4702 cap.
1706 4631 1770 4695 9;
1794 4641 1850 4686 et
1956 4641 2009 4685 et
2045 4631 2264 4686 Valerio
2290 4630 2520 4702 Messala
2566 4646 2663 4685 seu
2691 4630 3005 4702 Messalino,
3033 4635 3414 4687 circumcisum
3446 4649 3545 4685 att-

280 4702 590 4770 Eusebium,
619 4697 710 4756 lib.
753 4717 766 4754 ι
793 4699 928 4753 Hist.
963 4697 1276 4770 Ecclesiast.
1309 4716 1429 4770 cap.
1472 4701 1523 4753 Ἰ.
1551 4697 1690 4756 διιήι
1747 4716 1845 4754 au-

279 4782 387 4824 tem
414 4769 641 4838 γειῶραι
671 4770 866 4841 iidem,
901 4769 992 4838 qui
1022 4770 1254 4840 γέωρες,
1291 4769 1444 4841 terra:
1473 4787 1565 4825 seu
1595 4785 1846 4841 agrorum

275 4841 550 4909 custodes,
586 4838 954 4909 γεω-φύλακες,
990 4838 1265 4909 μέτοικοι,
1299 4840 1576 4909 πάροικοι,
1605 4838 1840 4909 aduente,

275 4907 820 4979 luquiliui;ysubpe;
881 4907 1103 4979 exponit
1148 4907 1446 4979 Hesychius
1493 4907 1845 4979 γείτοναςγέξ

269 4977 438 5048 ἄλλου
465 4979 677 5043 γένους,
699 4978 790 5044 qui
819 4979 959 5048 apud
980 4977 1544 5034 lsraelitas’vocantnr
1571 4978 1847 5048 προσήλυ-

271 5065 380 5110 τοι,
405 5047 533 5118 item
565 5046 854 5118 rabies-sp}.
885 5047 992 5114 τὴν.
1013 5048 1115 5117 γῆν
1139 5046 1847 5118 διαπονουμένουςέῳιίὶεν-

273 5133 391 5170 rum
431 5116 629 5172 colunt.
679 5115 847 5180 Exod.
886 5131 974 5186 ut
1013 5115 1032 5172 ι
1072 5115 1169 5170 Ἔν
1194 5134 1252 5170 τε
1300 5115 1413 5181 τοῖς
1462 5115 1720 5186 γειώραις
1751 5119 1846 5171 καὶ

273 5186 562 5258 αὐτόχθοσι
616 5187 712 5258 τῆς
748 5186 874 5258 γῆς,
903 5185 1114 5258 advenis
1159 5199 1204 5240 et
1233 5187 1494 5256 indigenis
1539 5185 1711 5241 tet-rae.
1743 5188 1842 5243 Ub.i

273 5254 679 5327 Tlteodgretttsi
716 5254 952 5325 γειὼραν
983 5257 1075 5309 τὸν
1114 5254 1450 5327 προσήλυτον
1477 5259 1846 5327 προσηγόρευ.

275 5342 369 5378 σεν
399 5342 414 5357 ο
443 5325 668 5396 Ceoram
697 5327 994 5396 nominavit
1013 5325 1356 5396 proselytum.
1391 5329 1474 5380 Ab
1501 5329 1606 5382 illis
1641 5325 1850 5393 verbis,

272 5394 726 5464 ἐπανερχόμενος,
756 5394 941 5448 eadem
971 5395 1176 5450 Pollux.

343 5466 458 5534 (50)
495 5467 565 5520 De
624 5464 959 5534 consulibus,
996 5467 1098 5519 sub
1147 5467 1346 5534 quibus
1387 5477 1546 5521 natus
1593 5466 1852 5521 Dominus

269 5533 397 5588 vide
442 5533 730 5590 illustriss.
767 5533 1085 5599 Buronium,
1118 5533 1174 5590 in
1209 5538 1488 5601 Apparet»
1523 5536 1592 5590 ad
1623 5538 1852 5591 Annales

271 5603 672 5660 ecclesiasticos.
700 5603 818 5675 Ipse
838 5602 1220 5660 Cassiodorunt
1240 5607 1506 5676 sequitur,
1533 5607 1853 5663 existimau-

1955 4707 2065 4772 tent
2089 4701 2322 4756 Kalend.
2351 4699 2876 4772 Januariis,_quibus
2902 4703 3178 4772 Augustus
3202 4703 3543 4772 consulatum

1952 4769 2220 4840 decimum
2271 4772 2491 4840 tertium
2526 4769 2726 4840 inierit,
2761 4769 3238 4840 collega'Plautio
3275 4769 3538 4840 Sylvano.

1951 4837 2085 4892 Cum
2110 4839 2416 4893 Alexandro
2457 4838 2588 4892 facit
2620 4837 2950 4905 Epiphanius
2977 4839 3028 4890 in
3063 4837 3541 4902 Panarioﬂueres.

1954 4907 2044 4972 51,
2075 4919 2125 4962 et
2151 4923 2215 4961 ex
2253 4908 2646 4961 recentioribus
2663 4907 3000 4974 Ottupltrius,
3038 4907 3333 4961 Comment.
3375 4906 3534 4961 Fast.

1954 4976 2053 5030 lib.
2087 4992 2147 5031 ιι.
2189 4978 2262 5031 De
2303 4991 2449 5046 anno
2476 4978 2688 5043 imperii
2741 4978 2970 5046 Augusti
3026 4988 3077 5030 et
3129 4978 3277 5045 regni
3311 4976 3542 5031 llerodis

1954 5047 2072 5115 lege
2097 5046 2344 5101 eumdem
2373 5045 2683 5100 Barouintu.
2712 5045 2910 5099 Eadem
2940 5048 3098 5100 verba
3148 5055 3276 5100 sunt
3304 5047 3543 5101 Pollucis

1951 5129 2006 5169 et
2029 5115 2323 5170 Alesandri
2367 5116 2491 5171 inde
2519 5132 2533 5168 :
2567 5117 2762 5179 Ἐτους
2785 5115 2866 5181 δέ,
2900 5131 3067 5184 usque
3102 5116 3243 5170 κατὰ
3271 5116 3370 5185 τὴν
3403 5131 3537 5185 προ-

1953 5203 2200 5254 φητειαν.

2029 5256 2139 5326 (31)
2189 5255 2410 5319 Eadem,
2464 5269 2584 5326 quae
2625 5255 2935 5324 Epiphauii,
2979 5255 3077 5308 fuit
3133 5255 3317 5324 Opinio
3373 5255 3540 5326 ,Εεν-

1957 5325 2191 5393 ptiorum
2234 5325 2665 5380 existimantium
2693 5325 2968 5380 Christum
3017 5334 3198 5378 natum
3230 5341 3352 5380 esse
3376 5325 3532 5380 scitu

1955 5392 2043 5447 die
2092 5392 2360 5452 Januarii.
2415 5393 2632 5446 Bch-Ilit
2681 5395 2818 5448 hanc
2867 5395 3193 5450 sententiam
3248 5409 3353 5449 non
3379 5395 3541 5448 modo

1956 5463 2201 5530 Ephraem
2238 5465 2435 5520 citatus
2465 5466 2530 5514 ab
2556 5464 2883 5528 Alexandro,
2911 5466 3084 5520 sed'et
3103 5475 3322 5519 sanctus
3345 5463 3539 5520 liiero-

1958 5548 2154 5603 ttyutus
2190 5533 2396 5603 incap.
2438 5547 2454 5586 ι
2489 5531 2688 5603 Εῑεοίι.

2039 5550 2154 5588 mus
2190 5550 2242 5586 tn
2273 5550 2335 5587 ca
2382 5571 2396 5585 .
2438 5550 2454 5586 ι
2489 5550 2688 5587 uecu.

2029 5602 2142 5672 (52)
2177 5602 2308 5660 Sch.
2343 5550 2594 5675 geoe6pot
2630 5604 2871 5676 Πατέρες
2905 5607 3025 5676 καί,
3059 5613 3168 5658 etc.
