3968 6198
402 233 543 303 ιθειι

1626 225 2069 291 ALEXANDRI
2100 225 2451 286 MONACHI

3542 213 3687 278 1.032

407 352 664 412 voluerit.
695 347 944 420 Ephrrem
974 347 1144 418 igitur
1173 345 1366 417 Syrus,
1392 360 1498 398 non
1523 341 1766 411 vulgaris
1790 351 1846 394 et
1880 341 1994 410 ipse
2022 359 2035 400 λ

2141 338 2382 404 ὕσεδείας
2411 335 2756 401 διδάσκαλος,
2781 339 2838 390 ὲν
2867 333 2944 406 τῷ
2970 334 3052 397 είς
3075 333 3175 404 τὴν
3201 332 3360 404 νίκην
3383 331 3478 387 τοῦ
3509 334 3692 401 φωτός

415 443 637 517 pictatis
680 443 892 504 doctor,
920 439 972 492 in
1020 450 1298 502 sermone,
1327 435 1416 503 qui
1450 443 1535 489 est
1564 433 1632 488 de
1661 431 1800 487 iocis
1828 430 1996 484 vieto-

417 540 519 602 ria,
554 537 624 591 ita
669 535 844 602 inquit
881 548 896 584 :
935 548 954 582 ι
991 527 1046 582 1η
1079 528 1202 583 Ιωιο
1234 527 1464 580 Xantico
1504 539 1690 580 mense
1716 521 1998 591 conceptio

358 679 365 708 γ
420 629 530 685 laeti
578 626 785 680 fruetus
821 631 1004 689 (atque
1042 619 1180 674 lucis
1214 617 1351 672 facta
1403 627 1527 683 est;
1579 625 1704 672 tunc
1745 614 2002 670 celeriter

365 717 372 762 1
417 719 736 775 discurrens
775 713 972 783 caligo,
1017 727 1121 766 non
1165 712 1339 781 potuit
1395 709 1657 764 illustrem
1707 707 1830 775 eius
1866 721 2002 762 con-

417 810 724 879 ceptionem
770 806 1085 861 obscurare.
1141 822 1161 856 ι
1214 803 1281 857 Et
1308 809 1426 870 post
1453 800 1559 854 alia
1608 817 1624 854 :
1679 817 1701 851 ι
1733 797 1791 852 lu
1845 805 2002 852 antro

420 912 549 956 nata
607 909 694 954 est
758 899 870 959 lux,
925 912 1044 967 qua:
1104 905 1323 951 nostras
1371 892 1658 963 dissipavit
1710 890 2002 955 tenebras;

421 1008 628 1058 mense,
674 1006 782 1061 quo
827 991 1063 1044 tenebrae
1120 987 1394 1049 desinunt,
1445 994 1567 1040 orta
1600 984 1759 1038 nobis
1787 991 1870 1037 est
1915 981 2007 1034 lux

423 1083 512 1137 illa
570 1081 926 1152 iutclligibilis
1007 1077 1356 1146 mobilisque.
1399 1074 1780 1144 Conceptiouis
1827 1083 2007 1126 autem

422 1175 540 1243 eius
559 1173 765 1228 mensis
803 1171 1016 1242 aperuit
1057 1169 1214 1224 nobis
1233 1170 1480 1238 ﬁguram,
1509 1167 1664 1235 cujus
1708 1164 1921 1235 Moyses
1952 1163 2004 1216 in

427 1267 650 1336 scriptis
677 1265 789 1320 suis
815 1263 1082 1328 meminit,
1111 1262 1414 1316 nativitatis
1441 1274 1572 1313 vero
1601 1257 1842 1324 ejusdem
1863 1271 2015 1309 meu-

426 1361 502 1415 sis
523 1358 772 1414 similiter
785 1354 1101 1410 nobisillius
1120 1354 1306 1422 figura:
1317 1351 1630 1423 mysterium
1647 1349 1961 1404 declaravit.
1987 1365 2007 1400 ι

500 1452 755 1508 Nascitur
793 1451 961 1520 igitur
989 1447 1250 1501 Dominus
1292 1456 1477 1499 noster
1496 1443 1656 1501 Jesus
1681 1443 1933 1498 Christus
1962 1441 2016 1493 in

428 1545 702 1600 Bethleem
747 1542 966 1605 Judaere,
1015 1539 1436 1610 quadragesimo
1474 1539 1713 1593 secundo
1735 1548 1881 1589 anno
1909 1534 2021 1587 im-

435 1637 572 1706 perii
625 1635 850 1704 Augusti
889 1632 1140 1693 Caesaris,
1176 1629 1462 1684 consulatu
1500 1644 1662 1697 supra
1685 1627 1832 1682 dicto
1868 1643 1882 1679 :
1914 1641 2009 1678 an-

2096 430 2242 502 λόγῳ
2278 424 2382 482 ὦδέ
2413 445 2612 499 φησιν’
2652 445 2672 479 ι
2697 427 2785 480 Ἐν
2835 425 2914 496 τῷ
2956 422 3208 494 Ξανθικῷ
3249 422 3308 477 δὲ
3477 422 3691 493 φαιδρῷ

2097 519 2360 590 σύλληψις
2410 518 2506 573 τοῦ
2553 517 2780 590 φαιδροῦ
2827 514 3044 586 καρποῦ
3082 515 3178 570 καὶ
3223 515 3441 583 φωτός·
3472 515 3592 567 τότε
3623 513 3692 584 δὴ

2099 611 2308 683 δραμδν
2333 610 2504 678 ὀξέως
2528 610 2592 664 τι
2624 611 2812 672 σκότος
2843 608 2944 662 οὐκ
2970 609 3190 677 ἴσχυσεν
3218 606 3542 678 ἀμαυρῶσαι
3587 605 3692 676 τὴν

2101 705 2371 775 φωτεινὴν
2399 703 2682 773 σύλληψιν.
2717 722 2735 754 ι
2771 702 2880 755 Καὶ
2912 701 3030 772 μεθ’
3050 701 3216 771 ἕτερα
3237 717 3252 733 ο
3289 718 3307 751 ι
3329 700 3418 753 Ἑν
3448 699 3527 769 τῷ
3554 715 3696 768 σπη-

2099 798 2242 869 λαίῳ
2275 796 2499 866 γέγονεν
2545 796 2578 865 ἡ
2611 795 2830 864 γένεσις
2857 793 2952 846 τοῦ
2979 791 3181 863 φωτὸς,
3207 791 3304 844 τοῦ
3332 790 3394 843 τὸ
3421 790 3698 860 ἡμέτερον

2106 890 2296 952 σκότος
2323 886 2804 949 διασκεδάσαντος.
2833 884 2945 937 Καὶ
2969 882 3047 952 τῷ
3067 881 3199 952 μηνὶ
3220 883 3277 934 εν
3301 875 3347 949 ᾧ
3363 881 3616 934 λείπεται
3638 880 3700 934 τδ

2107 981 2299 1042 σκότος
2329 978 2604 1032 ἀνέτειλεν
2625 978 2758 1047 ἡμῖν
2780 974 2899 1042 φῶς
2919 974 3108 1043 νοητὸν
3137 973 3233 1026 καὶ
3254 973 3531 1042 κινητικόν
3559 973 3696 1041 (33).

2123 1071 2183 1125 '0
2210 1071 2312 1140 τῆς
2346 1068 2668 1138 συλλήψεως
2700 1065 2870 1121 αὐτοῦ
2908 1064 3014 1135 μὴν
3042 1063 3401 1135 ήρμήνευσεν-
3431 1064 3568 1133 ὑμῖν
3606 1063 3702 1115 τδν

2107 1161 2302 1224 τύπον,
2326 1157 2385 1211 ὃν
2427 1157 2669 1226 Μωῦσῆς
2713 1155 2804 1210 διὰ
2853 1153 3198 1224 γραμμάτων
3241 1154 3480 1224 ἐμήνυσε
3504 1168 3521 1182 ’
3552 1153 3650 1207 καὶ
3674 1155 3705 1207 ὁ

2116 1252 2222 1323 μὴν
2267 1250 2369 1320 τῆς
2415 1250 2683 1318 γενέσεως
2720 1248 2885 1301 αὑτοῦ
2931 1245 3133 1317 ὁμοίως
3168 1245 3432 1315 ἐδήλωσεν
3471 1246 3611 1316 ἡμῖν
3645 1244 3704 1296 εδ

2118 1345 2438 1416 μυστηρίον.
2473 1359 2494 1394 ι

2186 1437 2442 1488 Γεννᾶται
2468 1429 2648 1487 τοίνυν
2673 1432 2704 1486 ό
2729 1431 2931 1501 Κύριος
2959 1429 3118 1503 ἡμῶν
3149 1429 3360 1507 Ἰησοῦς
3383 1429 3627 1500 Χριστὸς
3646 1429 3710 1481 ὲν

2118 1528 2366 1600 Βηθλεὲμ
2413 1527 2517 1597 τῆς
2559 1522 2820 1588 Ἰουδαίας
2866 1523 2948 1594 τῷ
2990 1522 3413 1594 τεσσαρακοστῷ
3461 1521 3711 1590 δευτέρῳ

2122 1621 2233 1674 ἔτει
2256 1620 2354 1688 τῆς
2385 1617 2660 1689 βασιλείας
2697 1615 3009 1682 Αὐγούστου
3039 1615 3337 1685 Καίσαρος,
3374 1612 3716 1683 ὲνῦπατειᾳ,

434 1743 505 1782 no
534 1742 662 1780 vero
707 1725 988 1793 trigesimo
1027 1723 1190 1777 tertio
1212 1721 1445 1776 Herodis
1492 1687 1760 1788 Antipatri
1810 1717 1950 1781 lilii;
1989 1729 2020 1770 a

2141 1713 2188 1782 τῇ
2207 1687 2704 1781 προγεγραμμένῃ,
2723 1709 2876 1772 ἔτους
2899 1708 2957 1762 δὲ
2983 1705 3308 1776 τριακοστοῦ
3331 1705 3515 1775 τρίτου
3533 1701 3714 1774 Ἦρώ-

433 1815 714 1885 subjugata
751 1828 911 1883 porro
946 1811 1180 1882 Egypto
1227 1823 1373 1862 anno
1400 1808 1699 1870 tricesimo,
1723 1816 1847 1859 ante
1876 1805 2020 1865 diem

435 1915 682 1962 octavum
701 1904 1060 1959 Kalendarum
1083 1900 1485 1962 Ianuariarum,
1518 1906 1577 1952 ut
1612 1896 1826 1950 Patrum
1861 1896 2025 1950 habet

437 1998 682 2062 traditio,
705 1997 922 2067 quando
938 1994 1077 2064 Magi
1101 2001 1368 2048 venerunt
1391 1989 1849 2060 Hierosolymam,
1875 1999 2024 2057 quas-

439 2098 644 2152 renles,
675 2091 767 2158 qui
826 2087 939 2155 jam
997 2095 1156 2140 natus
1204 2091 1351 2147 erat,
1385 2081 1604 2151 Regem,
1661 2079 1816 2147 cujus
1868 2077 2024 2132 stella

440 2186 509 2238 ab
531 2185 756 2238 Oriente
816 2182 896 2236 eis
951 2193 1126 2247 usque
1176 2176 1241 2230 ad
1291 2174 1529 2228 inda-am
1588 2173 1692 2226 iter
1749 2178 2026 2225 monstra-

440 2282 612 2326 verat.
649 2271 816 2325 -Cum
892 2277 1072 2322 autem
1149 2264 1260 2334 jam
1333 2263 1386 2317 in
1437 2263 1728 2316 civitatem
1821 2258 2024 2327 regiam

446 2364 802 2428 accederent,
871 2359 1194 2427 stellamque
1268 2356 1478 2410 itineris
1543 2355 1735 2409 ducem
1808 2352 2026 2406 amisis-

451 2464 606 2518 sent,
659 2451 912 2515 solliciti,
967 2465 1035 2506 εκ
1087 2449 1282 2503 incolis
1321 2447 1389 2501 de
1422 2455 1551 2500 nato
1604 2457 1775 2514 puero
1833 2444 2028 2512 quaesi-

446 2555 668 2609 verunt,
719 2545 996 2600 ccelestcm
1042 2540 1204 2597 simul
1260 2540 1368 2595 illis
1424 2539 1528 2594 via:
1557 2537 1750 2592 ducem
1785 2548 2028 2590 comme-

447 2647 746 2694 morantes.
788 2633 1035 2689 Herodes
1082 2647 1214 2687 vero
1238 2645 1361 2688 cum
1392 2645 1559 2700 sagax
1583 2639 1637 2686 et
1664 2629 1837 2684 solers
1855 2636 2024 2692 esset,

2122 1805 2215 1858 δου
2244 1803 2338 1857 τοῦ
2369 1803 2752 1873 Ἀντιπάτρου,
2790 1801 3071 1870 ὑποταγῆς
3098 1800 3154 1853 δὲ
3179 1797 3456 1868 Αἰγύπτου
3480 1814 3715 1869 τριακοο

2124 1896 2235 1968 στῷ
2264 1896 2395 1962 ἔτει,
2422 1898 2489 1966 τῇ
2524 1896 2630 1966 πρδ
2671 1893 2816 1946 ὀκτὼ
2845 1891 3140 1946 Καλανδῶν
3170 1890 3517 1960 Ἰανουαρίων
3571 1889 3718 1942 κατά

2122 1990 2250 2052 τοὺς
2288 1987 2559 2056 Πατέρας,
2589 1987 2678 2039 ὅτε
2703 1985 2798 2038 καὶ
2824 1985 2874 2037 οί
2901 1983 3080 2050 Μάγοι
3110 1982 3474 2051 παρεγένοντο
3498 1982 3585 2042 είς
3617 1979 3720 2032 Ἱε-

2129 2079 2423 2152 ροσόλυμα,
2463 2075 2756 2148 ζητοῦντες
2787 2074 2878 2127 τὸν
2909 2072 3170 2143 τεχθέντα
3195 2071 3442 2141 βασιλέα,
3471 2062 3535 2123 οὗ
3565 2071 3661 2123 καὶ
3689 2069 3719 2121 ό

2124 2174 2301 2245 ἀστὴρ
2327 2169 2748 2226 άπδἋνατολῶν
2778 2168 3060 2238 ὡδήγησεν
3090 2165 3287 2228 αὐτοὺς
3319 2164 3424 2227 ἕως
3445 2163 3550 2233 τῆς
3579 2164 3717 2216 ’1ου-

2125 2262 2730 2332 δαίας.“Επι6άντες“δὶ
2756 2263 2823 2332 τῇ
2867 2255 3226 2330 βασιλευούσῃ
3277 2256 3432 2309 πόλει
3479 2256 3581 2308 καὶ
3625 2255 3726 2308 τοι

2127 2360 2319 2430 όδηγδν
2347 2356 2736 2418 ἀπολέσαντες,
2779 2350 3109 2422 θρηνοῦντες
3137 2348 3367 2420 ἠρώτων
3387 2350 3516 2410 τοὺς
3562 2347 3722 2400 αὑτό-

2127 2449 2345 2520 χθονας,
2375 2444 2735 2518 γνωρίζοντες
2763 2440 2950 2504 αὐτοῖς
2979 2440 3076 2494 καὶ
3101 2439 3192 2492 τδν
3217 2437 3467 2510 οὐράνιον
3496 2437 3720 2507 ὁδηγὸν.

2129 2541 2294 2596 Ὅθεν
2313 2533 2559 2600 ’ἀκούσας
2583 2537 2613 2589 ό
2645 2528 2914 2606 Ἡρώδης,
2945 2531 3118 2594 δεινὸς
3145 2529 3242 2595 ὢν,
3275 2529 3508 2600 συνῆκεν
3540 2530 3615 2599 μή
3643 2525 3724 2581 ei:

2128 2655 2218 2693 ναι
2246 2635 2308 2688 τδ
2335 2633 2563 2704 σημεῖον
2595 2627 2959 2700 ἀνθρώπινον.
2994 2623 3214 2679 Πολλῶν
3239 2623 3371 2694 γάρ,
3393 2622 3552 2691 φησι,
3600 2639 3724 2690 γεν-

449 2727 744 2784 intellectis
798 2726 917 2790 his,
976 2725 1160 2780 statim
1217 2722 1604 2777 animadvertit
1662 2721 1875 2793 signum
1930 2719 2031 2774 hoc

2141 2727 2405 2801 νηθέντων
2431 2727 2490 2779 ὲν
2517 2719 2878 2793 Ἰερουσαλὴμ
2922 2717 3211 2789 βασιλέων,
3261 2715 3356 2768 ὲπ*
3372 2715 3550 2798 οὐδενὶ
3600 2714 3723 2767 τού-

448 2833 790 2889 nequaquam
827 2819 1120 2872 humanum
1157 2830 1300 2871 esse.
1330 2815 1543 2869 Etenim
1563 2829 1684 2867 cum
1718 2811 2032 2882 Hierosoly-

2141 2796 2240 2873 των
2271 2817 2446 2888 ἀστὴρ
2473 2813 2646 2884 ἐφάνη
2677 2813 2738 2865 ὲν
2759 2812 2826 2881 τῇ
2857 2807 3142 2878 Ἀνατολῇ.
3161 2796 3568 2876 Ἑμπόνωςόὖν
3585 2805 3724 2873 ἔρω-

452 2913 556 2968 mis
572 2909 958 2985 quamplurimi
994 2917 1152 2962 antea
1174 2921 1329 2971 reges
1345 2905 1457 2960 nati
1487 2905 1735 2967 fuissent,
1755 2915 2029 2973 nunquam

2141 2913 2200 2984 τή
2210 2927 2308 2972 σας
2328 2910 2454 2971 τοὺς
2471 2904 2832 2975 Γραμματεῖς
2863 2899 3128 2970 μανθάνει
3152 2899 3215 2951 ὲκ
3237 2897 3337 2966 τῆς
3359 2896 3722 2966 προφητείας,

453 3006 524 3060 οὶ)
553 3018 883 3074 quemquam
926 3015 1114 3055 eorum
1151 2999 1304 3053 stella
1333 3000 1387 3053 in
1423 2997 1648 3052 Oriente
1677 3001 2027 3065 apparuerat.

2141 3003 2218 3056 δτι
2263 2999 2356 3053 τὸν
2405 2995 2638 3068 Χριστὸν
2669 2993 2777 3046 ἔδει
2809 2988 3139 3061 γεννηθῆναι
3187 2989 3247 3041 ὲν
3300 2985 3584 3057 Βηθλεέμ·
3633 2987 3725 3037 καὶ

454 3095 805 3165 ln’terrogatis
823 3093 988 3163 igitur
1003 3089 1414 3160 diligentissime
1430 3088 1658 3152 Scribis,
1672 3097 1735 3140 et
1759 3083 2035 3155 prophetia

2141 3093 2314 3163 λάθρα
2356 3089 2590 3149 καλέσας
2641 3085 2766 3147 τοὺς
2815 3083 3041 3149 Μάγους
3075 3079 3352 3150 ἡκρίϐωσε
3384 3077 3519 3145 παρ’
3550 3075 3726 3129 αὐτῶν

458 3190 638 3250 discit,
657 3187 712 3239 in
733 3184 1003 3239 Bethleem
1031 3182 1182 3236 nasci
1205 3181 1483 3235 Christum
1506 3189 1778 3248 oportere.
1804 3177 2020 3232 Vocatis

461 3281 642 3348 itaque
695 3277 833 3332 clam
891 3275 1081 3345 Magis,
1119 3288 1357 3327 ‘summo
1402 3271 1580 3326 studio
1638 3285 1733 3325 eos
1788 3271 1853 3324 de
1919 3279 2040 3323 ortu

462 3370 634 3428 stella:
689 3367 1067 3438 interrogavit,
1125 3379 1328 3434 eosque
1371 3363 1498 3419 dolo
1548 3363 1644 3418 abs
1701 3377 1761 3417 se
1806 3361 2039 3423 dimisit,

467 3461 726 3526 maxima,
763 3469 939 3527 utpar
979 3465 1118 3522 erat,
1150 3458 1288 3510 dona
1321 3455 1646 3520 decernens,
1668 3461 1726 3507 ut
1753 3463 2037 3522 pomquam

466 3565 692 3622 puerqu
732 3547 1091 3611 invenissent,
1129 3545 1230 3599 sibi
1263 3546 1312 3598 id
1347 3543 1749 3599 renuntiarent.
1775 3541 2044 3598 Caeterum

467 3641 628 3697 simul
677 3649 842 3708 atque
899 3637 1007 3692 illis
1060 3637 1255 3706 iterum
1309 3635 1571 3702 pristinus
1615 3632 1705 3686 ille
1742 3632 1842 3685 via:
1889 3631 2047 3686 iudex

469 3733 834 3803 apparuisset,
891 3732 1125 3783 maxima
1177 3742 1300 3781 cum
1363 3725 1547 3780 laetitia
1604 3723 1776 3793 ipsius
1829 3723 2048 3776 ductum

470 3836 599 3881 sunt
635 3825 802 3880 secuti
852 3824 903 3876 in
953 3820 1256 3885 Bethleem,
1298 3819 1628 3886 inventoque
1659 3825 1739 3871 tot
1771 3815 1872 3870 sibi
1908 3814 2051 3868 votis

469 3914 708 3984 expetito
759 3911 943 3980 Rege,
987 3921 1218 3976 eumque
1261 3905 1416 3959 dOnis
1469 3903 1584 3958 suis
1633 3901 1902 3968 venerati,
1952 3915 2048 3970 per

471 4004 632 4060 aliam
674 4004 838 4066 viam,
897 4009 959 4054 ut
985 3999 1054 4053 ab
1099 3995 1290 4067 angelo
1333 3994 1471 4066 jussi
1503 4001 1681 4059 erant,
1738 3993 1791 4046 in
1849 4001 2052 4046 terram

473 4112 627 4153 Suam
661 4094 859 4149 reversi
901 4100 1050 4150 sunt.

544 4183 698 4240 Tune
722 4187 883 4241 etiam
929 4181 1155 4251 Joscph,
1190 4178 1374 4234 divino
1403 4177 1634 4242 monitu,
1671 4174 1724 4228 in
1763 4173 2053 4244 .‘Egyplttm

476 4293 599 4334 cum
637 4290 804 4347 puero
831 4289 894 4327 ac
925 4280 1099 4326 matre
1131 4270 1305 4340 ipsius
1333 4266 1589 4336 profugit,
1627 4265 1716 4319 ubi
1755 4265 1919 4320 etiam
1953 4277 2056 4316 us-

2141 3187 2234 3241 τὸν
2263 3182 2455 3254 χρόνον
2481 3180 2580 3249 τῆς
2611 3173 2900 3243 ἐπιστολῆς
2929 3171 3025 3226 τοῦ
3055 3172 3282 3241 ἀστέρος
3306 3168 3442 3238 (34),
3474 3169 3573 3222 καὶ
3593 3167 3728 3238 δόλῳ

2143 3275 2459 3333 ἀπέστειλεν
2493 3272 2724 3336 αὐτοὺς,
2761 3267 3068 3337 ταξάμενος
3102 3265 3306 3327 αὐτοῖς,
3340 3263 3416 3325 ώς
3433 3261 3606 3325 εἰκὸς,
3635 3261 3731 3313 δω-

2151 3368 2278 3441 ρεὰς
2311 3365 2594 3436 μεγίστας,
2635 3361 2783 3422 ὅπως
2818 3355 2954 3409 ἐπὰν
2999 3353 3206 3424 εὕρωσι
3249 3353 3309 3405 τδ
3353 3350 3589 3416 παιδίον,
3631 3354 3729 3406 ἀπο

2147 3459 2473 3529 αγγείλωσιν
2501 3453 2777 3524 αύτῷ,Ὠς
2811 3450 2868 3503 δὲ
2899 3448 3062 3500 πάλιν
3093 3444 3263 3514 ἐφάνη
3300 3444 3484 3506 αὐτοῖς
3510 3443 3538 3494 ό
3563 3442 3732 3495 πάλαι

2148 3549 2467 3619 καθοδηγῶν
2497 3546 2716 3608 αὐτοὺς,
2753 3540 2892 3611 μετὰ
2921 3539 3098 3609 χαρᾶς
3131 3537 3370 3606 μεγάλης
3396 3535 3571 3604 τούτῳ
3600 3535 3731 3603 ἡκο-

2149 3641 2421 3710 λούθησαν
2447 3639 2554 3700 ἕως
2585 3635 2852 3706 Βηθλεὲμ,
2874 3632 2970 3684 καὶ
2994 3629 3248 3699 εὑρόντες
3274 3627 3364 3680 τὸν
3397 3625 3736 3696 ποθούμενον

2150 3731 2410 3793 Βασιλέα,
2435 3728 2532 3783 καὶ
2559 3724 3040 3798 προσκυνήσαντες
3063 3720 3225 3773 αὑτὸν
3257 3721 3314 3772 ὲν
3335 3717 3554 3786 δώροις,
3580 3717 3740 3787 ἔχρη.

2156 3823 2496 3896 ματίσθησαν
2524 3819 2630 3872 ὑπὸ
2664 3815 2923 3886 ἀγγέλου,
2954 3812 3049 3866 καὶ
3086 3811 3152 3865 δι’
3179 3809 3346 3880 ἄλλης
3375 3808 3499 3863 ὁδοῦ
3529 3807 3748 3878 ἀνεχώι

2157 3929 2328 3988 ρησαν
2366 3913 2446 3976 εἰς
2483 3908 2580 3982 τήν
2624 3907 2758 3961 ἰδίαν
2788 3904 2994 3979 χώραν.
3501 3897 3510 3902 ’

2226 4180 2362 4234 Τότε
2392 4177 2486 4231 καὶ
2510 4175 2538 4230 ὁ
2565 4173 2782 4245 Ἰωσὴφ,
2821 4134 2962 4226 κατὰ
2979 4170 3040 4224 τὸ
3061 4169 3203 4223 θεῖον
3232 4167 3585 4238 πρόσταγμα,
3614 4163 3748 4233 (psti-

2161 4290 2248 4342 γει
2280 4272 2360 4332 εἰς
2387 4269 2662 4336 Λίγυπτον
2699 4263 2836 4336 μετὰ
2875 4262 2972 4316 τοῦ
3014 4260 3228 4314 παιδίου
3259 4261 3350 4311 καὶ
3384 4257 3480 4328 τῆς
3511 4256 3760 4325 μητέρος

480 4385 586 4441 que
625 4345 691 4424 ad
719 4367 924 4422 obitum
964 4362 1193 4417 Herodis
1211 4359 1488 4441 remansit.
1519 4357 1858 4426 Colliguntur
1878 4356 2035 4409 auten

2164 4362 2351 4426 αὐτοῦ,
2384 4361 2477 4414 καὶ
2507 4355 2576 4430 ἦν
2605 4358 2723 4410 ἐκεῖ
2749 4355 2853 4418 ἕως
2883 4354 2982 4424 τῆς
3008 4350 3265 4418 τελευτῆς
3295 4345 3560 4418 Ἡρώδου.
3615 4346 3752 4402 Συν-

479 4435 550 4516 ἐι)
605 4461 835 4514 adventu
878 4454 1156 4525 Magorum
1212 4461 1269 4507 et
1310 4435 1568 4504 illusione
1623 4447 1852 4501 Herodis
1895 4458 2066 4515 usque

483 4554 550 4609 ad
580 4552 807 4606 reditum
847 4549 899 4601 in
938 4547 1208 4617 regionem
1249 4557 1400 4597 suam
1432 4540 1558 4594 anui
1594 4540 1726 4594 duo.
1760 4538 1911 4594 Tunc
1947 4537 2054 4593 Ile-

485 4643 924 4707 rodes,incensus
961 4639 1064 4703 ira,
1092 4635 1382 4691 infantium
1421 4631 1619 4688 caedem
1650 4647 1935 4702 aggressus
1957 4639 2064 4696 est,

486 4735 764 4791 tricesimo
789 4731 978 4800 quinto
1012 4728 1161 4797 regni
1192 4726 1274 4781 sui
1317 4739 1480 4779 anno.
1506 4724 1701 4779 Statim
1729 4737 1856 4776 vero
1883 4720 2068 4774 divina

487 4842 652 4905 super
694 4839 823 4880 eum
865 4820 1058 4875 incidit
1105 4819 1425 4885 indignatio,
1452 4815 1743 4883 multisque
1772 4823 1826 4867 ct
1863 4811 2071 4882 gravis-

488 4903 641 4976 simis
694 4915 865 4972 morbi
915 4913 1072 4968 malis
1132 4908 1494 4976 excruciatus,
1540 4922 1570 4962 e
1627 4909 1734 4960 vita
1788 4903 2060 4970 discessit,

489 5023 777 5082 postquam
822 5006 1040 5075 triginta
1067 5012 1126 5058 et
1155 5015 1280 5057 octo
1315 5015 1486 5055 annos
1513 4997 1659 5068 regni
1705 4993 2068 5065 gubernacula

493 5103 775 5159 tenuisset.
815 5096 1054 5166 Reliquit
1097 5102 1276 5148 autem
1327 5099 1561 5160 quatuor
1611 5089 1751 5142 ﬁlios
1791 5085 1940 5154 regni
1989 5083 2071 5138 sui

492 5205 656 5262 atque
698 5188 1060 5256 improbitatis
1105 5185 1380 5239 haeredcs.
1413 5180 1565 5234 Tunc
1617 5179 1802 5246 itaque
1849 5174 2104 5244 Joseph,‘

491 5301 562 5340 ex
622 5282 804 5339 divino
862 5277 1197 5350 praescripto,
1249 5288 1372 5329 cum
1416 5285 1586 5343 puero
1656 5285 1720 5325 ac
1779 5277 1952 5322 matre
2009 5280 2076 5319 ex

2166 4455 2391 4523 άγονται
2432 4451 2492 4503 δὲ
2532 4451 2596 4502 ὲκ
2624 4449 2723 4517 τῆς
2749 4444 2984 4513 ἀφίξεως
3014 4441 3123 4495 τῶν
3161 4434 3368 4506 Μάγων
3394 4436 3488 4489 καὶ
3521 4433 3620 4488 τοῦ
3651 4437 3755 4502 ἐμ-

2168 4541 2412 4615 παιγμοῧ
2441 4539 2535 4595 τοῦ
2566 4537 2805 4609 Ἡρώδου
2837 4537 2932 4589 καὶ
2975 4533 3075 4603 τῆς
3113 4533 3194 4595 είς
3226 4530 3326 4610 τὴν
3356 4527 3542 4600 χώραν
3571 4527 3772 4579 αὐτῶν»

2168 4634 2429 4688 ἐπανόδου
2477 4631 2573 4700 ἐτη
2622 4628 2735 4682 δύο.
2781 4627 2914 4679 Τότε
2964 4622 3237 4694 θυμωθεὶς
3288 4621 3317 4672 ό
3361 4617 3611 4689 Ἡρώδης
3658 4616 3759 4688 τὴν

2172 4723 2486 4798 μιαιφονίαν
2532 4721 2641 4774 τῶν
2694 4717 2905 4788 νηπίων
2967 4713 3268 4784 εἰργάσατο
3314 4710 3392 4778 τῷ
3446 4705 3771 4778 τριακοστῷ,

2172 4797 2409 4884 πέμπτῳ
2442 4811 2544 4880 τῆς
2596 4805 2878 4880 βασιλείας
2926 4803 3092 4858 αὐτοῦ
3140 4802 3274 4855 ἔτει.
3304 4799 3517 4860 Εὐθέως
3539 4797 3602 4849 δὲ
3639 4813 3765 4867 μεν·-

2171 4904 2303 4977 ῆλθε
2356 4901 2614 4971 θεήλατος
2662 4894 2800 4966 ὀργὴ
2852 4893 2939 4946 ἐπ’
2966 4892 3152 4958 αὑτὸν,
3197 4890 3292 4942 καὶ
3322 4890 3381 4941 ὲν
3417 4887 3770 4959 ἀρρωστίαις

2175 4974 2438 5063 πονηραῖς
2485 4986 2878 5056 ἐξεταζόμενος
2928 4979 3274 5052 κατέστρεψε
3311 4981 3402 5032 τὸν
3446 4978 3580 5046 βίον,
3610 4974 3767 5046 τριάς

2176 5101 2341 5139 κοντα
2385 5081 2531 5135 ὀκτὼ
2575 5080 2671 5150 ἔτη
2717 5076 2996 5150 κρατήσας
3042 5072 3142 5143 τὴν
3171 5070 3344 5142 ἀρχὴν
3389 5067 3573 5122 αὐτοϋ.
3613 5069 3766 5119 Κατ-

2181 5173 2336 5226 έλιπε
2371 5171 2427 5224 δὲ
2461 5170 2734 5241 τέσσαρας
2768 5167 2916 5228 υἱοὺς
2949 5162 3224 5231 διαδόχους
3254 5161 3351 5230 τῆς
3397 5157 3559 5212 αὐτοῦ
3612 5157 3771 5226 βασι-

2176 5266 2331 5329 λείας
2364 5281 2423 5318 τε
2473 5263 2567 5318 καὶ
2616 5259 2899 5330 πονηρίας.
2940 5254 3074 5310 Τότε
3125 5253 3190 5324 δὴ
3233 5253 3320 5306 διὰ
3343 5250 3774 5321 προστάγματος

2013 5447 2244 5506 ΝΟΤίΕ.

573 5582 684 5650 ('55)
745 5579 903 5650 Sch,
931 5587 1133 5650 tantum
1165 5574 1349 5650 ,_tpt7_);
1398 5571 1710 5650 νικητικόν.
1763 5569 1932 5624 Paulo
1960 5576 2102 5640 post,

505 5655 528 5707 ό
557 5642 676 5721 γὰρ’
707 5649 1022 5718 συλλήψεως
1056 5646 1222 5703 αὑτοῦ
1246 5642 1356 5717 μὴν
1394 5642 1706 5714 ἑρμηνε-ύει.

2188 5563 2376 5690 λ,(54)
2431 5560 2622 5618 Pollux
2650 5562 2750 5632 τῆς
2789 5558 3084 5630 ἐπιστολῆς
3127 5556 3223 5613 τοῦ
3271 5555 3504 5627 ἀστέρος
3550 5552 3776 5607 ἐπιστο-

2221 5652 2307 5690 τις.

2221 5652 2307 5707 ης·
