3968 6198
283 297 428 362 4033

1251 296 1354 360 DE
1392 297 1865 362 INVENTIONE
1888 297 2194 360 SANCTAE
2221 301 2516 364 CRUCIS.

3413 309 3559 373 4034

281 417 491 490 κυρίου
521 415 827 486 ἐπανῆλθεν
850 415 909 483 ἐξ
935 415 1214 484 Αἰγύπτου
1243 417 1442 489 Ἰωσὴφ
1470 417 1610 488 μετὰ
1628 417 1720 471 τοῦ
1745 433 1870 470 παι-

1987 417 2212 489 rEgypto
2232 419 2410 481 rediit,
2429 435 2551 474 eum
2579 418 2832 491 pucrjam
2855 420 3386 490 quadriennisesscl,
3413 425 3568 478 habi-

277 513 395 567 δίου
440 513 536 565 καὶ
579 511 681 581 τῆς
731 511 992 582 μητέρος,
1015 510 1182 564 αὐτοῦ
1214 512 1366 575 ὄντος
1394 511 1740 582 τετραετοῦς,
1779 511 1874 563 καὶ

278 603 604 675 κατῴκησεν
651 605 732 666 είς
774 602 1054 674 Ναζαρὲτ,
1090 602 1385 673 ’Λρχελάου
1447 601 1876 674 τετραρχοῦντος

276 697 382 767 τῆς
414 695 699 758 Ἰουδαίας.
729 693 891 748 Οὕτω
933 694 1046 766 γὰρ
1091 694 1384 749 ἐκαλοῦντο
1422 696 1471 749 oi
1507 695 1602 750 τοῦ
1635 695 1876 766 Ἡρώδου

279 789 405 849 υίοὶ,
423 787 720 858 Ἀρχέλαος
750 779 930 850 οὗτος,
955 786 1052 839 καὶ
1077 785 1346 856 Ἡρώδης,
1374 787 1469 840 καὶ
1489 785 1754 849 Φίλιππος
1777 783 1874 837 καὶ

276 877 558 936 Λυσανίας
577 915 593 940 ,
621 876 710 928 διὰ
741 875 803 928 τὸ
829 874 1064 927 ἕκαστον
1095 873 1275 927 αὐτῶν
1308 874 1454 944 ἔχειν
1484 873 1744 942 τέταρτον
1777 869 1876 941 μέ-

281 986 374 1042 ρος
401 969 502 1038 τῆς
533 965 832 1036 βασιλείας.
868 965 959 1036 Τῷ
1001 966 1057 1020 δὲ
1087 965 1258 1036 ὀγδόῳ
1303 964 1416 1018 ἔτει
1446 965 1558 1034 (55)
1590 963 1690 1034 τῆς
1723 961 1877 1032 βασιο

278 1061 426 1123 λείας
461 1057 782 1128 Ἀρχελάου,
813 1057 1018 1129 ἦρξατο
1051 1057 1080 1109 6
1113 1056 1317 1124 Κύριος
1350 1057 1409 1109 ἐν
1449 1053 1529 1126 τῷ
1557 1052 1692 1125 ίερῷ
1734 1051 1875 1105 διδά-

282 1166 458 1212 σκειν,
485 1146 657 1201 ἐλθὼν
681 1148 739 1200 ἐν
771 1147 922 1217 μέσῳ
947 1145 1058 1199 τῶν
1087 1145 1426 1199 διδασκάλων
1444 1185 1459 1211 ,
1494 1143 1569 1198 ὢν
1607 1142 1743 1196 ἐτῶν
1771 1141 1874 1196 δὼ-

277 1241 416 1295 δεκα
437 1240 580 1294 κατὰ
605 1239 702 1309 τὴν
723 1237 1046 1308 σωματικὴν
1075 1237 1314 1308 ἠλικίαν.
1335 1234 1632 1291 Κατελθὼν
1653 1235 1710 1289 δὲ
1732 1233 1875 1304 μετὰ

278 1333 392 1388 τῶν
425 1335 569 1388 κατὰ
602 1333 763 1403 χάριν
793 1331 998 1400 γονέων
1025 1331 1192 1384 αὑτοῦ
1213 1333 1295 1394 εἰς
1321 1331 1421 1402 τὴν
1434 1330 1714 1401 Ναζαρὲτ,
1739 1328 1876 1399 μετὰ

279 1425 344 1478 ού
377 1424 513 1478 πολὺ
541 1426 570 1477 6
603 1423 804 1494 Ἰωσὴφ
845 1422 996 1476 τέλει
1028 1421 1124 1478 τοῦ
1171 1421 1288 1492 βίου
1321 1424 1593 1492 ἐχρήσατο
1615 1461 1632 1488 ,
1667 1417 1876 1490 νομιζό-

283 1537 448 1591 μενος
481 1518 588 1572 ύπδ
615 1516 834 1571 πάντων
861 1510 1004 1572 εἷναι
1030 1515 1214 1586 πατὴρ
1246 1513 1340 1567 τοῦ
1373 1499 1604 1585 Κυρίου.

351 1611 664 1683 Διαρκέσας
693 1607 748 1662 δὲ
782 1608 810 1660 6
848 1607 1141 1678 Ἀρχέλαος
1188 1604 1269 1658 ἔτι
1307 1604 1555 1660 ἐνιαυτὸν
1601 1604 1700 1658 ἕνα
1748 1621 1880 1658 κατ-

281 1701 442 1757 έλυσε
492 1701 586 1755 τὸν
641 1700 757 1770 βίον
793 1697 870 1770 μὴ
902 1695 1239 1765 καταλείψας
1271 1694 1631 1765 κληρονόμον.
1667 1692 1878 1762 Αὔγου-

1985 511 2224 578 tavilquc
2261 512 2313 563 in
2348 509 2638 576 Nazareth,
2692 513 2958 567 Archelao
2991 513 3186 570 Judzeze
3217 518 3566 573 tetrarchiam

1979 598 2282 656 obtinente.
2361 602 2698 672 (Tetrarchae
2768 605 2912 659 enim
2960 607 3291 662 vocabantur
3337 608 3570 665 Herodis

1983 691 2078 745 lilii
2108 692 2410 748 Archelaus
2431 694 2553 754 iste.
2592 693 2856 760 Herodes,
2884 693 3160 765 Philippus
3188 706 3242 751 et
3280 695 3566 768 Lysanias,

1979 785 2122 852 quod
2141 784 2339 854 cuique
2361 795 2554 853 quarta
2580 800 2706 854 pars
2738 789 2890 857 regni
2911 789 3186 858 assignato
3214 789 3379 860 eral.)
3405 791 3567 847 Octa-

1980 888 2048 928 vo
2074 884 2255 930 autem
2291 879 2440 946 regni
2483 877 2652 946 ipsius
2681 893 2825 932 anno
2857 880 3021 948 cmpit
3065 879 3323 937 Dominus
3349 883 3402 937 in
3432 893 3565 937 tem-

1981 964 2069 1034 plo
2114 969 2564 1032 docere,venieus
2592 970 2642 1023 in
2668 970 2904 1024 medium
2929 973 3234 1036 doctorum,
3267 989 3442 1030 annos
3466 975 3569 1028 ha-

1980 1056 2114 1112 bens
2148 1058 2258 1128 jam
2297 1061 2580 1115 duodecim
2611 1066 2906 1117 secundum
2949 1066 3286 1135 corporalem
3321 1077 3563 1130 nitatem,

1981 1149 2248 1219 rediitque
2269 1151 2324 1206 in
2351 1151 2622 1209 Nazareth
2651 1169 2773 1209 cum
2798 1154 2924 1220 illis,
2959 1158 3046 1226 qui
3082 1173 3175 1226 per
3201 1161 3432 1229 gratiam
3463 1177 3564 1230 pa-

1981 1251 2162 1299 rentes
2197 1241 2316 1309 ejus
2358 1259 2479 1300 esse
2525 1256 2860 1302 meruerant.
2908 1248 3019 1304 Nec
3065 1250 3233 1304 multo
3271 1263 3392 1322 post
3429 1254 3564 1308 ohiit

1977 1327 2198 1401 Joseph,
2226 1333 2295 1387 ab
2323 1337 2575 1391 omnibus
2599 1346 2752 1406 pater
2777 1337 2988 1394 Domini
3020 1341 3384 1397 existimatus.

2048 1600 2351 1660 Archelaus
2406 1616 2566 1666 vero,
2602 1614 2885 1674 postquam
2919 1622 3084 1660 unum
3132 1608 3313 1664 adhuc
3363 1625 3566 1664 annum

1980 1701 2262 1759 superstes
2309 1691 2531 1758 luisset,
2585 1697 2750 1750 etiam
2797 1711 2828 1751 e
2876 1697 3011 1754 vivis
3045 1700 3319 1764 discessit,
3363 1703 3567 1758 nullum

286 1812 410 1857 στος
459 1794 516 1849 δὲ
561 1795 590 1845 6
638 1793 858 1862 Καῖσαρ
909 1789 1255 1859 πεντήκοντα
1285 1787 1345 1851 ἒξ
1375 1788 1544 1857 ἥμισυ
1594 1787 1878 1848 ἐνιαυτοὺς

1987 1784 2252 1840 limredem
2304 1785 2636 1856 relinquens.
2667 1790 2945 1858 Augustus
2992 1792 3145 1858 item,
3173 1795 3567 1865 quinquaginta

283 1884 579 1956 πληρώσας
606 1883 948 1952 ἐτελεύτησε,
983 1879 1267 1950 παραδοὺς
1315 1879 1416 1949 τὴν
1466 1877 1744 1949 βασιλείαν
1780 1879 1877 1932 Τι-

284 1976 457 2046 ϐερίῳ
487 1973 566 2044 τῷ
589 1972 691 2043 υἱῷ
721 1965 1023 2026 αύτοῦΠΗν
1049 1967 1106 2021 δέ
1135 1968 1164 2020 6
1196 1965 1403 2037 Κύριος
1422 1965 1544 2018 τότε
1568 1965 1704 2020 ἐτῶν
1729 1964 1882 2020 δεκα-

283 2067 472 2122 πέντε.
507 2063 758 2134 Τιϐέριος
786 2063 843 2115 δέ
875 2063 904 2115 6
934 2063 1152 2132 Καῖσαρ
1187 2059 1411 2130 γνήσιον
1438 2055 1590 2126 φίλον
1618 2055 1756 2127 ἔχων
1790 2055 1880 2110 τὸν

283 2159 539 2222 Πιλάτον,
574 2155 878 2228 ἡγούμενον
911 2154 1010 2225 τῆς
1041 2152 1300 2216 Ἰουδαίας
1339 2149 1651 2215 ἀπέστειλε,
1688 2150 1784 2202 καὶ
1810 2145 1878 2220 ἦν

283 2253 403 2305 ἐκεῖ
420 2251 522 2313 ἕως
545 2250 643 2318 τῆς
673 2247 932 2317 τελευτῆς
957 2244 1052 2299 τοῦ
1078 2245 1376 2314 Καίσαρος.
1396 2243 1485 2294 Ἐν
1513 2241 1626 2294 ἔτει
1655 2241 1712 2293 δὲ
1739 2240 1878 2310 πέμ-

285 2361 410 2413 πτῳ
439 2341 535 2394 καὶ
571 2339 782 2409 δεκάτῳ
824 2339 922 2406 τῆς
958 2336 1258 2408 ἡγεμονίας
1295 2335 1548 2404 Τιϐερίου
1577 2331 1876 2402 Καίσαρος,

284 2435 428 2489 κατὰ
477 2432 575 2503 τὴν
626 2430 721 2485 τοῦ
767 2428 1102 2496 Εὑαγγελίου
1156 2426 1362 2497 φωνὴν,
1415 2419 1579 2496 ἦλθεν
1626 2422 1880 2493 Ἰωάννης

284 2525 430 2581 κατὰ
456 2521 803 2592 ἀποκάλυψιν
833 2519 926 2576 τοῦ
959 2519 1095 2575 Θεοῦ
1137 2515 1432 2590 κηρύσσων
1468 2515 1753 2586 βάπτισμα
1785 2529 1882 2584 με·

283 2618 504 2681 τανοίας
534 2617 592 2670 ἐν
625 2616 724 2688 ὅλῃ
751 2616 818 2684 τῇ
859 2610 1112 2682 Ἰουδαίᾳ,
1144 2611 1237 2663 καὶ
1285 2605 1590 2676 ἐϐαπτίσθη
1616 2607 1644 2659 6
1676 2604 1879 2676 Κύριος

286 2713 378 2766 ὑπ’
400 2708 590 2774 αὐτοῦ,
621 2707 696 2770 ῶν
725 2706 864 2759 ἐτῶν
891 2704 1211 2776 τριάκοντα,
1241 2701 1338 2756 καὶ
1365 2697 1570 2771 ἧρξατο
1600 2695 1703 2768 τῆς
1737 2695 1879 2750 κατὰ

283 2802 346 2858 τὸ
377 2799 708 2869 Εύαγγέλιον
740 2793 1150 2869 πραγματείας.
1181 2863 1184 2866 _

353 2885 464 2944 Ἦν
494 2889 550 2942 δέ
578 2885 826 2958 Ἡρώδης
859 2884 978 2938 κατ’
1003 2885 1209 2937 ἐκεῖνον
1251 2877 1344 2934 τδν
1393 2896 1486 2932 και
1497 2877 1591 2949 ρδν
1625 2873 1876 2930 ἐκϐαλὼν

288 2980 387 3054 τὴν
428 2980 568 3034 ἰδίαν
594 2979 848 3045 γυναῖκα,
880 2974 1155 3043 θυγατέρα
1177 2967 1343 3025 οὖσαν
1376 2967 1570 3039 Ἀρέτα
1597 2965 1692 3020 τοῦ
1725 2964 1879 3036 βασι-

1983 1890 2076 1930 sex
2113 1875 2274 1931 anuis
2298 1891 2420 1931 cum
2442 1876 2668 1932 dimidio
2690 1878 2939 1949 expletis,
2961 1893 3206 1938 mortuus
3234 1894 3319 1939 est
3347 1885 3570 1941 Tiberio

1982 1965 2093 2020 ﬁlio
2147 1981 2373 2034 regnum
2415 1967 2659 2035 tradens,
2703 1981 2932 2039 eratque
2963 1981 3090 2027 tunc
3117 1973 3378 2030 Dominus
3397 1993 3569 2032 anuo-

1982 2073 2102 2112 rum
2149 2059 2480 2128 quindecim.
2526 2057 2773 2132 Cumque
2827 2061 3080 2120 Tiberius
3127 2080 3340 2123 summo
3382 2083 3571 2124 amore

1981 2147 2214 2202 Pilatum
2255 2159 2700 2217 prosequeretur,
2740 2166 2890 2217 eum,
2944 2162 3003 2208 ut
3049 2152 3248 2212 Judmae
3287 2171 3567 2226 praeesset,

1982 2240 2151 2304 miéit,
2194 2249 2358 2311 atque
2388 2241 2457 2295 ibi
2499 2252 2870 2298 commoratus
2909 2255 2995 2300 est
3031 2261 3202 2316 usque
3229 2249 3295 2302 ad
3335 2248 3568 2306 Cmsaris

1983 2343 2232 2388 mortem.
2293 2331 2563 2390 Caeterum
2638 2349 2781 2388 anno
2848 2336 3064 2392 decimo
3115 2339 3306 2408 quinto
3365 2339 3568 2394 Tiberii

1981 2424 2405 2492 Ca*saris,juxta
2426 2425 2703 2494 Evangelii
2738 2428 3134 2494 testimonium,
3163 2430 3309 2484 venit
3331 2428 3570 2487 Joannes

1978 2531 2045 2572 ex
2096 2517 2277 2572 divina
2327 2517 2678 2583 revelatioue,
2721 2518 3047 2586 baptismum
3099 2521 3436 2590 pmuiteutiae
3467 2540 3568 2577 an-

1981 2608 2234 2663 nuntians
2275 2624 2370 2678 per
2409 2609 2720 2664 universam
2747 2607 3011 2676 Judrcam,
3037 2626 3067 2664 a
3108 2627 3217 2680 quo
3257 2613 3419 2668 etiam
3467 2613 3573 2670 Du-

1981 2699 2158 2752 tniuus
2176 2699 2478 2767 baptizatus
2496 2709 2602 2766 est,
2633 2716 2898 2755 annorum
2919 2701 3032 2768 jam
3057 2703 3305 2773 triginta,
3338 2720 3568 2775 qumque

1977 2790 2046 2846 ad
2091 2789 2370 2859 Evangelii
2413 2791 2690 2860 negotium
2725 2803 2996 2861 spectant,
3033 2804 3120 2849 est
3150 2795 3466 2864 auspicatus
3495 2797 3564 2851 “.

2048 2879 2212 2936 Juxta
2239 2883 2380 2936 idem
2412 2892 2624 2952 tempus
2637 2882 2880 2940 Herodes
2902 2885 3186 2958 conjugem
3207 2903 3234 2940 a
3255 2903 3314 2956 se
3341 2889 3569 2958 expulit,

1978 2987 2098 3041 qua:
2147 2984 2262 3026 erat
2301 2973 2406 3026 lilia
2445 2975 2625 3030 Aretze
2667 2975 2808 3046 regis
2842 2975 3076 3041 Arabiae,
3125 2978 3282 3048 cujus
3321 2980 3574 3036 meminit

287 3075 426 3136 λέως
458 3068 746 3142 Ἀραϐίας,
779 3066 909 3135 περὶ
937 3058 998 3119 οῦ
1032 3067 1060 3117 6
1093 3062 1305 3126 Παῦλος
1333 3063 1390 3115 ἐν
1422 3063 1490 3132 τῇ
1513 3058 1653 3130 πρὸς
1680 3059 1876 3128 Κοριν-

1987 3063 2184 3120 Paulus
2240 3065 2292 3118 in
2340 3063 2576 3132 Epistula
2631 3067 2698 3122 ad
2742 3065 3145 3132 Corinthios",
3178 3079 3572 3140 acet-paratque

290 3165 440 3226 953m;
475 3161 734 3232 ὲτνιστολῇ
779 3158 967 3231 μνείαν
999 3157 1321 3228 ἐποιήσατο,
1355 3153 1451 3208 καὶ
1484 3149 1666 3206 λαϐὼν
1702 3149 1882 3220 Ἥρω-

290 3257 444 3311 διάδα
485 3255 584 3326 τὴν
635 3255 870 3322 γυναῖκα
916 3251 1186 3304 Φιλίππου
1219 3247 1316 3302 τοῦ
1343 3246 1576 3316 ἀδελφοῦ
1603 3244 1770 3298 αὑτοῦ
1802 3243 1883 3297 ἔτι

291 3351 496 3415 ζῶντος
530 3345 794 3401 αύτοῦ.⁹0
823 3344 882 3398 δέ
915 3343 1092 3415 κῆρυξ
1123 3341 1224 3412 τῆς
1265 3340 1529 3410 ἀληθείας
1567 3338 1822 3406 Ἰωάννης
1855 3341 1883 3392 6

291 3439 623 3509 Βαπτιστὴξ,
661 3438 736 3506 μὴ
785 3437 969 3506 φέρων
1019 3437 1118 3504 τὴν
1168 3433 1422 3496 ἀτοπίαν,
1470 3430 1717 3501 σφοδρῶς
1771 3433 1884 3492 τοῖς

293 3533 540 3602 ἐλέγχοις
575 3527 776 3599 ἐπῆλθε
801 3527 882 3596 τῷ
911 3524 1154 3595 Ἡρώδῃ.
1173 3524 1232 3576 '0
1257 3522 1700 3592 δέ,άκατασχέτῳ
1726 3520 1883 3590 θυμῷ

292 3624 540 3694 ληφθεὶς,
567 3619 928 3691 χαριζόμενος
945 3619 1010 3687 τῇ
1043 3613 1310 3685 μοιχαλίδι
1326 3612 1425 3684 τὴν
1445 3611 1776 3684 παρρησίαν,
1795 3611 1884 3664 τὸν

293 3716 584 3786 προφήτην
632 3709 1062 3778 ἀπεκεφάλισεν,
1107 3705 1222 3759 ἀλλ’
1251 3705 1356 3759 οὐκ
1395 3706 1478 3768 είς
1519 3701 1739 3773 μακρὰν
1785 3700 1884 3772 τὴν

293 3808 450 3878 δίκην
494 3802 859 3874 εἰσεπράξατο
899 3798 1012 3853 τῶν
1061 3793 1548 3868 τολμηθέντων.Ἦ
1573 3798 1698 3866 ’γὰρ
1745 3793 1885 3865 γυνὴ

295 3898 460 3954 αὑτοῦ
495 3897 706 3966 ἀτίμως
734 3891 1026 3962 διιυχθεῖσα
1056 3889 1326 3962 ἐπορεύθη
1367 3888 1506 3959 πρὸς
1540 3885 1632 3940 τὸν
1659 3885 1884 3956 Ἀρέταν

291 3995 386 4047 τὸν
414 3991 628 4062 πατέρα
669 3988 864 4060 αὐτῆς,
900 3987 997 4039 καὶ
1041 3983 1139 4056 τὴν
1193 3982 1315 4053 βίαν
1359 3977 1777 4059 ᾲπωδύρετο.’0
1805 3977 1883 4042 δὲ,

291 4087 370 4151 ὡς
422 4083 757 4156 ύϐρισμένης
809 4081 908 4149 τῆς
967 4076 1240 4146 θυγατρὸς
1290 4072 1457 4128 αὑτοῦ
1485 4111 1501 4138 ,
1557 4068 1884 4140 συναγαγὼν

291 4180 477 4234 πάντα
502 4177 596 4229 τὸν
621 4173 748 4227 λαὸν
775 4171 960 4236 αὑτοῦ,
1009 4168 1246 4239 ἐπῆλθεν
1294 4165 1382 4219 ἐπ’
1415 4165 1581 4218 αὐτὸν
1613 4167 1692 4228 είς
1718 4163 1882 4216 πόλε-

298 4289 423 4343 μον,
459 4270 552 4322 καὶ
594 4263 866 4333 κατέκοψε
916 4262 1097 4314 πάντα
1140 4260 1210 4313 τὰ
1255 4257 1646 4328 στρατεύματα
1689 4252 1877 4316 αὐτοῦ,

1984 3154 2344 3210 Herodiadem
2363 3155 2596 3226 Philippi
2633 3156 2817 3214 fratris
2849 3160 2930 3213 sui
2961 3173 3214 3225 uxorem,
3241 3161 3360 3231 ipso
3395 3161 3574 3217 adhuc

1981 3248 2127 3303 vivo.
2166 3246 2354 3303 Ρη·οο
2387 3260 2571 3304 autem
2616 3251 2866 3307 veritatis
2895 3249 3140 3307 Joannes
3166 3253 3428 3322 Baptista,
3467 3267 3575 3308 non

1985 3341 2166 3396 ferens
2211 3350 2415 3397 tantam
2463 3343 2542 3397 rei
2593 3343 3022 3413 improbitatem,
3077 3345 3256 3414 palam
3307 3343 3574 3400 Herodem

1983 3435 2210 3489 sceleris
2237 3437 2508 3503 coarguit.
2543 3434 2988 3506 llle,impotentia
3013 3437 3178 3491 animi
3202 3438 3396 3496 victus.
3427 3439 3578 3493 adul-

1987 3534 2119 3581 terae
2145 3527 2480 3596 gratiﬁcans,
2501 3528 2821 3596 prophetam
2852 3529 3030 3597 capite
3051 3530 3345 3585 truncavit.
3373 3527 3572 3582 Verum

1988 3631 2095 3669 non
2154 3617 2247 3670 diu
2303 3626 2409 3670 tam
2464 3615 2659 3670 nefarii
2691 3631 2856 3670 ausus
2893 3630 3113 3686 pmnam
3157 3616 3367 3687 ell‘ugit.
3429 3617 3578 3672 Uxor

1985 3705 2130 3759 civim
2183 3705 2300 3775 ejus
2336 3705 2406 3759 ita
2459 3706 2692 3775 turpiter
2731 3704 2905 3773 ejecta
2953 3707 3020 3760 ad
3077 3708 3328 3762 Arctam-
3361 3718 3574 3779 patrem

1987 3793 2251 3865 confugit,
2295 3793 2660 3864 injuriamque
2721 3795 2825 3850 sibi
2877 3795 3080 3850 illatam
3129 3806 3429 3867 conquesta
3470 3808 3575 3865 est,

1988 3887 2099 3956 qui,
2131 3895 2189 3938 ut
2238 3885 2402 3939 ﬁliam
2443 3883 2642 3954 injuria
2682 3883 2932 3940 all'ectam
2985 3887 3378 3953 ulcisceretur,
3427 3889 3573 3944 omni

1993 3976 2190 4048 populo
2233 3991 2334 4030 suo
2382 3987 2712 4047 congregato
2753 3988 2945 4031 contra
2989 3979 3162 4046 ipsum
3209 3977 3262 4031 in
3296 3986 3574 4031 certamen

1992 4069 2294 4133 descendit,
2331 4081 2660 4136 omnemque
2706 4067 2824 4135 ejus
2869 4069 3171 4123 exercitum
3216 4068 3434 4131 delevit,
3467 4078 3577 4121 ter-

1990 4174 2216 4228 ramque
2256 4161 2374 4226 ejus
2426 4159 2548 4228 igne
2597 4169 2818 4214 vastans
2849 4160 3183 4230 aubjugavit.
3235 4158 3343 4214 Sed
3393 4174 3462 4214 ne
3493 4157 3576 4214 sic

1987 4252 2204 4321 quidem
2239 4251 2474 4306 ilcrodes
2502 4252 2834 4322 improbitati
2870 4254 3085 4306 modum
3113 4251 3297 4322 posuit
3323 4251 3394 4304 ⁸⁸.

299 4367 392 4419 καὶ
418 4365 518 4434 τὴν
557 4360 740 4432 χώραν
772 4357 935 4414 αὑτοῦ
967 4356 1100 4428 πυρὶ
1145 4354 1418 4426 παραδοὺς
1453 4351 1895 4424 ᾐχμαλώτευσεν.
1946 4347 2090 4402 Ἀλλ’
2114 4347 2236 4402 οὐδὲ
2284 4346 2458 4412 οὕτως
2506 4348 2784 4404 ἐπαύσατο
2823 4351 2852 4402 6
2882 4347 3128 4419 Ἡρώδης
3183 4350 3284 4420 τῆς
3315 4344 3578 4418 πονηρίας

295 4455 486 4514 αὐτοῦ.

370 4555 461 4606 Ἐν
492 4551 602 4604 ἔτει
646 4546 702 4600 δέ
749 4543 894 4600 ὀκτὼ
919 4541 1018 4597 καὶ
1056 4539 1266 4609 δεκάτῳ
1294 4537 1546 4610 Τιϐερίου
1578 4536 1879 4606 Καίσαρος,

2058 4534 2213 4586 Auno
2235 4539 2415 4585 autem
2451 4528 2659 4583 decimo
2690 4537 2884 4582 octavo
2910 4525 3114 4581 Tiberii
3157 4523 3423 4590 Cmsaris,
3468 4521 3572 4580 Ile.

309 4641 552 4718 Ἡρώδου
585 4639 643 4694 δὲ
678 4635 939 4706 εἰκοστῷ,
971 4631 1398 4705 ἡγεμονεύοντος
1443 4629 1672 4684 Ποντίου
1719 4627 1885 4680 Πιλά-

297 4755 394 4792 sou
443 4739 540 4807 τῆς
575 4732 864 4794 Ἰουδαίας,
898 4727 1088 4796 γέγονε
1141 4723 1201 4776 τὸ
1247 4725 1514 4794 σωτήριον
1562 4721 1733 4784 πάθος
1780 4719 1887 4790 πρὸ

305 4826 607 4896 δεκατριῶν
655 4820 947 4878 Καλανδῶν
983 4815 1333 4887 Ἀπριλλίων.
1363 4812 1606 4866 Πὲπονθε
1639 4811 1694 4865 δὲ
1727 4813 1753 4864 ὁ
1779 4809 1890 4862 Κύ-

309 4933 424 4988 ριος
473 4914 631 4985 ἡμῶν
661 4912 868 4983 Ἰησοῦς
914 4908 1151 4981 Χριστὸς
1203 4905 1346 4976 ὺπέρ
1396 4904 1554 4976 ἡμῶν
1600 4902 1886 4966 ἑκουσίως,

308 5008 440 5073 Θεὸς
485 5008 561 5062 ὣν
605 5005 858 5078 ἀληθινὸς
903 5004 998 5057 καὶ
1044 4999 1362 5071 ἄνθρωπος,
1392 4997 1503 5054 τῶν
1529 4999 1586 5051 ἐν
1617 4995 1765 5067 αὐτῷ
1795 4993 1889 5047 δύο

1988 4624 2132 4677 rodis
2149 4637 2276 4676 vero
2291 4620 2567 4686 vicesimo,
2591 4619 2914 4690 pra-sidente
2937 4615 3137 4673 Iudaea:
3158 4614 3348 4671 Pontio
3377 4614 3573 4684 Pilato,

1986 4715 2241 4769 salutaris
2259 4711 2460 4767 Christi
2488 4712 2669 4780 passio
2693 4718 2778 4765 est
2797 4717 3128 4780 perpetrata,
3167 4707 3384 4762 decimo
3414 4706 3575 4761 tertio

1987 4807 2258 4862 Kalendas
2289 4806 2512 4876 Aprilis.
2539 4805 2738 4859 Passus
2766 4813 2851 4857 est
2873 4813 3057 4856 autem
3090 4801 3355 4855 Dominus
3387 4808 3575 4853 noster

1985 4898 2146 4954 Jesus
2187 4899 2470 4960 Christus,
2515 4909 2614 4964 pro
2664 4902 2850 4948 nostra
2893 4893 3089 4957 Salute,
3141 4902 3334 4960 sponte
3374 4904 3471 4944 sua
3510 4904 3575 4943 ac

1991 4989 2292 5054 voluntate,
2317 4987 2458 5042 Deus
2489 4997 2649 5039 verus
2679 4993 2844 5052 atque
2869 4983 3030 5037 homo
3052 4982 3344 5044 easistens,
3368 4977 3576 5033 duabus

377 5186 425 5221 ³⁸
448 5185 580 5244 Luc.
609 5201 691 5254 Ill,
749 5189 775 5240 1
811 5201 968 5257 seqq.
1049 5185 1092 5217 "
1125 5181 1168 5237 ll
1209 5182 1336 5238 Cor.
1367 5194 1444 5246 al,
1475 5177 1566 5232 52.
1644 5174 1690 5206 '°
1718 5169 2008 5240 llegesipp.
2043 5167 2135 5220 lib.
2167 5181 2228 5232 ιι,
2266 5179 2317 5219 c.
2384 5163 2452 5216 12
2478 5180 2492 5228 ;
2520 5161 2741 5230 Joseph.
2787 5158 2882 5214 lib.
2914 5171 3072 5222 xvm,
3129 5170 3250 5227 cap.
3285 5153 3340 5210 7.

1823 5279 2062 5338 NOTAE.

380 5395 496 5470 (35l
531 5394 988 5470 SChL‘tptgixov‘t-a
1015 5393 1112 5446 καὶ
1131 5391 1273 5446 ἐπτὰ
1300 5389 1397 5459 ετη
1427 5379 1890 5470 διακράτησαςῃξν

309 5459 400 5540 τῇ
423 5469 618 5540 ἀρχῇ.Δ
647 5459 892 5540 Triginta
925 5472 975 5519 et
1005 5473 1195 5540 septem
1220 5476 1405 5540 _annos
1452 5459 1890 5540 regii-untdentttl;

313 5536 442 5605 Quae
470 5536 679 5600 ‘le'Ctio,
721 5538 766 5590 si
833 5551 936 5589 non

314 5602 648 5663 cbul'ormior
703 5617 808 5660 est.
870 5605 946 5658 Ita
969 5614 1022 5658 et
1079 5602 1291 5656 Pollux.

1997 5377 2145 5431 niqu
2194 5370 2456 5439 sequitur,
2514 5366 2605 5436 qui
2661 5364 2800 5420 idem
2863 5361 3088 5439 tradidit
3271 5373 3309 5439 l_,
3350 5369 3482 5439 tom.
3532 5358 3574 5424 l,

1998 5430 2122 5515 cap.
2151 5444 2214 5498 2i
2276 5430 2796 5515 ῬιιιιανίἱξιιυοιἩιιι
2838 5431 3108 5515 sententia
3163 5430 3418 5515 Qill‘isllls.
3446 5433 3581 5515 (illi-DS

2001 5500 2596 5594 ial'ilumtnodomannos
2649 5509 2700 5594 in
3028 5500 3580 5594 tit-alisl‘lintlllilﬁl‘1}!ng

1363 5570 1698 5666 Uegé"u1.;_.'
1717 5570 1898 5666 ibim
2002 5570 2106 5641 non
2144 5583 2342 5666 placet.
2371 5581 2504 5666 llide
2534 5570 3208 5666 Barou.lociﬁiinquetu
3249 5580 3304 5626 et
3344 5571 3410 5626 de
3432 5570 3578 5637 aliis,

315 5643 848 5733 ἷῗὶιί.
1051 5643 1896 5740 subd-int“;leHBderTChristum
2002 5672 2123 5728 qua:
2145 5643 2458 5709 'Alcxander
2494 5657 2702 5714 narrat,
2736 5644 2989 5700 consulas
3014 5643 3158 5697 licet.

315 5731 650 5820 csVIEgvpto
681 5731 959 5804 reversmu
992 5744 1158 5800 fuisse
1198 5739 1590 5810 quadricuncm
1617 5771 1634 5801 ,
1664 5731 1899 5802 Epipha-
