3968 6198
529 246 673 311 4039

1763 234 2067 297 ΑιΕΧΑΝ
2076 232 2213 296 DRI
2234 231 2586 296 MONACHI

3585 247 3676 314 illiti

517 356 704 414 annos
745 361 1000 424 quatuor,
1033 349 1118 405 vir
1147 355 1395 402 austeras
1438 353 1493 400 et
1523 343 1761 399 maxime
1785 343 2051 414 superbus
2088 357 2104 405 ;

2251 358 2418 412 μερος
2467 341 2562 394 καὶ
2607 338 2727 393 λίαν
2778 337 3142 409 ὗπερήτρανος.
3169 338 3342 412 Τούτῳ
3392 342 3681 418 διαϐληθεὶςδ

531 461 717 502 coram
781 444 885 498 hoc
946 440 1151 494 Pilatus
1208 445 1522 500 accusatus,
1587 431 1814 490 Romam
1859 432 2028 495 venit,
2057 441 2116 484 ut

533 552 754 595 causam
793 536 1017 598 diceret,
1069 539 1234 598 atque
1276 543 1343 582 eo
1374 526 1717 580 miseriarum
1747 523 1917 586 venit,
1948 532 2005 576 ut
2033 522 2112 575 sui

533 631 703 700 ipsius
733 622 1000 681 homicida
1037 621 1358 676 eliiceretur.
1393 617 1567 671 Judmi
1627 631 1756 669 vero
1787 615 2025 685 quotidie
2061 614 2115 668 in

534 720 766 788 majores
797 730 975 771 rerum
1012 712 1444 784 perturbationes
1476 707 1964 776 confusionemqne
2023 706 2119 760 de-

533 811 908 872 volvebantur,
951 816 1011 859 ut
1057 802 1327 858 innumeri
1355 816 1543 855 eorum
1593 814 1621 852 a
1659 797 1918 852 Romanis
1951 797 2120 850 inter-

537 901 846 955 licerentur.
875 897 1055 951 Cmsar
1089 904 1270 948 autem
1304 892 1466 946 alium
1503 889 1796 954 Herodem,
1824 887 2120 944 Aristobuli

536 993 726 1057 tilium,
761 989 978 1043 nomine
999 986 1288 1056 Agrippam
1317 1024 1332 1046 ,
1366 997 1545 1054 regem
1585 981 1786 1037 Iudaeae
1803 979 2119 1047 declaravit,

537 1085 589 1138 in
638 1097 761 1136 eum
821 1097 982 1133 unum
1036 1094 1227 1132 omnes
1277 1077 1602 1131 tetrarchias
1657 1073 1964 1129 conferens.
2027 1072 2122 1128 llic

537 1173 724 1228 multis
779 1171 1224 1241 gravissimisque
1277 1167 1432 1221 malis
1481 1164 1774 1236 discipulos
1809 1164 2016 1220 Christi
2043 1164 2122 1219 af-

537 1263 690 1318 fecit.
751 1260 1011 1316 Jacolnlm
1078 1260 1298 1330 quidem
1386 1257 1611 1311 fratrem
1677 1253 1889 1310 Domini
1942 1255 2122 1327 gladio

539 1354 840 1420 interfecit,
882 1354 1037 1421 juxta
1086 1357 1344 1407 Aetorum
1399 1349 1824 1419 apostolicorum
1875 1349 2122 1404 testimo-

539 1447 710 1509 nium,
742 1446 833 1517 qui
871 1455 924 1500 et
956 1444 1170 1498 Petrum
1198 1444 1263 1498 de
1289 1443 1467 1497 medio
1500 1442 1688 1496 tollere
1708 1456 1996 1512 aggressus
2018 1453 2122 1506 est,

539 1542 640 1596 nisi
676 1550 872 1608 prmter
911 1537 1220 1606 opinionem
1251 1534 1496 1590 omnium
1526 1549 1590 1588 ex
1613 1533 1863 1588 manibus
1883 1533 2000 1598 eius
2029 1547 2126 1602 per

538 1641 786 1688 sanctum
836 1630 1082 1700 angelum
1137 1628 1327 1683 fuisset
1361 1639 1601 1695 ereptus.
1638 1623 1746 1679 Nec
1795 1626 1946 1694 prius
1973 1638 2002 1676 a
2029 1637 2125 1676 ne-

2225 432 2488 496 Πιλᾶτος,
2539 432 2959 503 παραστάσιμος
3014 430 3272 503 ἀνηνέχθη
3316 435 3388 498 εἰς
3419 437 3591 510 Ῥώμην
3622 449 3686 500 καὶ

2225 528 2304 590 είς
2349 526 2617 590 τοσαύτας
2674 525 3098 598 περιπέπτωκεν
3143 526 3368 594 ἀνάγκας
3397 531 3478 582 καὶ
3502 540 3687 603 περιστά.

2227 635 2362 682 σεις,
2397 619 2538 673 ὥστε
2585 620 2746 673 αὑτὸν
2776 617 3038 688 φονευτὴν
3083 617 3269 671 ἑαυτοῦ
3313 620 3552 686 γενέσθαι.
3576 629 3623 678 0i
3653 630 3691 682 ἃ

2239 710 2478 765 Ἰουδαῖοι
2520 712 2599 774 είς
2648 713 2900 781 μείζονας
2949 709 3173 774 ἀταξίας
3221 711 3692 786 ἐξετράπησαν,ῶπε

2226 803 2456 865 πολλοὺς
2484 803 2660 856 αὐτῶν
2688 803 2793 856 ὑπὸ
2809 801 3098 872 Ῥωμαίων
3125 803 3461 873 ἀναλωθῆναι.
3476 808 3526 860 ’0
3544 809 3695 866 Bilbi-

2230 915 2332 970 σαρ
2370 885 2618 968 Ἡρώδην
2645 895 2803 950 ἄλλον
2837 891 3264 966 Ἀριστοϐούλου,
3296 896 3380 949 τὸν
3400 897 3626 970 Ἀγρίππα
3643 903 3693 956 λι.

2227 987 2479 1058 γόμενον,
2514 985 2741 1056 βασιλέα
2791 983 2891 1054 τῆς
2925 981 3182 1046 Ἰουδαίας
3233 984 3471 1051 ἀνέδειξε,
3502 991 3698 1057 παραδοὺς

2229 1080 2378 1152 αὐτῷ
2414 1082 2594 1142 πάσας
2623 1077 2722 1142 τὰς
2747 1077 3098 1148 τετραρχίας.
3131 1068 3294 1140 Οὗτος
3317 1077 3472 1142 δεινὸς
3490 1079 3553 1132 ὣν
3573 1084 3698 1136 iuro-

2230 1173 2374 1226 ποίει
2403 1174 2528 1236 τοὺς
2566 1170 2813 1243 μαθητὰς
2838 1170 2930 1223 τοῦ
2964 1168 3424 1239 Χριστοῦ.Ἀνεῐλε
3453 1171 3503 1226 δὲ
3526 1170 3700 1226 Ἱάκωὸιν
3758 1197 3765 1216 ι

2227 1266 2322 1318 τὸν
2347 1264 2576 1333 ἀδελφὺν
2596 1262 2689 1315 τοῦ
2716 1261 2921 1334 Κυρίου
2947 1261 3214 1332 μαχαίρᾳ,
3238 1262 3372 1314 κατά
3392 1261 3480 1332 τὴν
3504 1261 3622 1329 ἱερὰν
3637 1264 3701 1315 nia

2232 1355 2496 1426 Πράξεων
2553 1355 2756 1424 φωνὴν,
2787 1354 3149 1424 ἐπιχειρήσας
3199 1351 3485 1405 Θανατῶσαι
3523 1353 3601 1406 καὶ
3639 1353 3701 1407 Πί-

2231 1466 2379 1520 τρον,
2437 1449 2485 1500 εί
2537 1446 2613 1518 μὴ
2665 1445 2981 1516 παραδόξως
3007 1445 3074 1497 δι’
3098 1444 3325 1513 ἀγγέλου
3361 1444 3504 1512 ἁγίου
3541 1444 3703 1515 etiam

2233 1542 2297 1594 ὲκ
2327 1541 2434 1594 τῶν
2462 1540 2662 1610 χειρῶν
2686 1538 2872 1592 αὑτοῦ.
2905 1539 3014 1591 Καὶ
3046 1538 3145 1591 οὐκ
3183 1537 3445 1592 ἐπαύσατο
3473 1536 3526 1590 δὲ
3547 1539 3570 1590 ό
3589 1555 3705 1605 πραι-

2238 1651 2303 1704 ρη
2315 1633 2471 1702 μένος
2502 1631 2750 1701 Ἡρώδης
2793 1629 3283 1700 ἀλαζωνευόμενος,
3311 1629 3411 1692 ἓως
3436 1621 3490 1682 οὗ
3513 1627 3595 1696 τῆς
3617 1628 3708 1691 θείας

542 1724 693 1778 fariis
735 1723 850 1776 suis
891 1696 1183 1776 c—onatibns
1220 1719 1428 1774 destitit
1462 1718 1696 1772 tumidus
1722 1732 1788 1772 ac
1821 1729 1999 1770 saevus
2025 1714 2130 1768 lie-

2251 1696 2388 1794 ῑίκης
2437 1696 2631 1794 πεῖραν
2682 1696 2862 1790 ἔλαϐε,
2889 1723 2984 1776 καὶ
3023 1696 3310 1794 γενόμενος
3353 1719 3708 1795 σκωληκόϐρωτος

543 1817 724 1881 rodes,
755 1832 917 1886 quam
969 1815 1204 1870 divinam
1253 1814 1304 1867 in
1355 1828 1415 1868 se
1468 1813 1603 1866 iram
1651 1821 1738 1865 est
1779 1818 2067 1880 expertus,
2098 1823 2129 1862 a

543 1911 927 1978 vermibusque
948 1915 1310 1976 consumptus
1359 1903 1679 1974 exspiravit.

613 2003 788 2070 Atque
842 2001 944 2054 hoc
988 1999 1206 2068 quidem
1248 2007 1492 2066 tempore
1536 1993 1792 2057 .lacohus,
1819 1991 2127 2064 quiJustus

545 2104 601 2150 et
628 2093 796 2148 frater
850 2091 1058 2146 Domini
1087 2091 1393 2153 dicebatur,
1429 2088 1657 2158 primus,
1698 2103 1763 2142 ex
1791 2086 2134 2141 ordinatione

546 2186 774 2250 divina,
847 2182 1348 2253 Hierosolymorum
1444 2181 1730 2249 cpiscopus
1800 2180 2133 2232 constitutus

549 2275 964 2332 fueratJndzeis
994 2285 1174 2329 autem
1213 2274 1264 2328 in
1287 2272 1544 2341 majorem
1576 2272 1820 2340 quotidie
1854 2260 2136 2325 confusio;

546 2385 671 2426 nem
720 2367 1113 2433 incidentibus,
1150 2367 1314 2421 multa
1348 2375 1534 2419 contra
1583 2363 1795 2418 Domini
1837 2360 2136 2432 discipulos

550 2461 688 2516 mala
732 2458 1030 2514 machinati
1069 2467 1211 2512 sunt.
1267 2465 1510 2522 Quorum
1563 2473 1790 2527 magnus
1821 2470 2080 2510 nmncrns
2105 2469 2135 2509 a

552 2548 812 2606 llomanis
841 2558 1064 2602 necatus
1093 2557 1198 2600 est.
1239 2545 1494 2612 Suscepit
1522 2560 1672 2608 vero,
1703 2553 1762 2596 ut
1796 2545 1959 2596 etiam
1985 2541 2137 2598 testis

551 2649 636 2696 est
661 2640 888 2706 Paulus,
919 2639 1059 2693 alius
1095 2638 1326 2707 Agrippa
1362 2633 1562 2691 .lmlreze
1603 2652 1824 2706 regnum
1851 2636 1898 2667 “
1933 2651 1946 2700 ;
1985 2650 2134 2688 mor-

555 2742 647 2787 tuo
677 2743 857 2786 autem
885 2731 1014 2784 Caio
1035 2771 1050 2795 ,
1087 2729 1346 2784 Claudius
1379 2740 1500 2798 post
1535 2745 1658 2784 eum
1693 2728 2002 2798 imperavit,
2037 2741 2138 2781 an-

2233 1814 2478 1886 ἐξέψυξε.

2301 1994 2446 2051 Κατ’
2473 1995 2681 2049 ἐκεῖνον
2711 1993 2766 2048 δὲ
2794 1993 2886 2047 τὸν
2915 2012 3008 2048 και
3017 1995 3110 2066 ρδν
3142 1994 3390 2058 Ἰάκωϐος
3418 1994 3444 2046 ὁ
3477 1994 3643 2058 δίκαιος
3660 1997 3710 2048 ui

2233 2090 2456 2162 κληθεὶς
2481 2087 2709 2156 ἀδελφὸς
2735 2085 2830 2140 τοῦ
2867 2087 3076 2158 Κυρίου
3113 2085 3325 2158 πρῶτος
3351 2081 3416 2158 ἦν
3449 2085 3711 2147 κατασταθεὶς

2238 2183 2560 2244 ἐπίσκοπος,
2590 2180 2730 2232 κατὰ
2781 2179 3082 2247 πρόσταξιν
3105 2177 3264 2242 Θεοῦ,
3308 2178 3401 2248 τῆς
3429 2177 3712 2250 Ἰεροσολύμων

2238 2272 2400 2341 ἁγίας
2430 2270 2778 2340 Ἐκκλησίας.
2814 2270 2938 2323 Τῶν
2969 2271 3024 2323 δὲ
3059 2268 3330 2323 Ἰουδαίων
3369 2269 3590 2333 ἀτάκτως
3626 2285 3714 2338 σξρι-

2241 2363 2419 2436 μένων
2444 2363 2586 2417 κατά
2619 2361 2730 2415 τῶν
2771 2362 3032 2432 μαθητῶν
3060 2362 3155 2415 τοῦ
3189 2358 3414 2432 Κυρίου,
3439 2359 3650 2414 πλειόνων
3668 2376 3716 2409 ιι-

2237 2457 2351 2511 κῶν
2382 2454 2776 2526 ἐπειράθησαν.
2823 2456 2936 2509 Καὶ
2981 2455 3117 2523 γοῦν
3151 2453 3352 2525 πλῆθος
3383 2451 3506 2506 πολὺ
3539 2451 3621 2504 tia?)
3643 2450 3716 2504 Ῥω-

2241 2549 2420 2622 μαίων
2452 2543 2916 2619 κατεσφάγη.“Ην
2943 2547 2999 2600 δὲ
3028 2547 3191 2611 ἄλλος
3213 2543 3520 2617 Ἆγρίππας
3558 2540 3718 2613 παραλι-

2237 2642 2352 2696 6ὼν
2397 2641 2498 2713 τῆν
2547 2639 2824 2709 βασιλείαν
2870 2640 2969 2710 τῆς
3001 2638 3274 2699 Ἰουδαίας
3301 2639 3329 2692 ὁ
3355 2635 3487 2690 κατά
3530 2635 3602 2688 τὸν
3631 2633 3718 2698 ἀγιιι

2239 2730 2476 2788 Παῦλον.
2503 2730 2768 2784 ’Δπέοανε
2797 2729 2853 2782 δὲ
2889 2730 3072 2792 Γάϊος,
3100 2728 3195 2781 καὶ
3219 2727 3516 2781 ἐϐασίλευσε
3546 2721 3720 2781 Elatiae;

552 2841 654 2880 nos
683 2824 1114 2894 quattuordecim.
1144 2820 1260 2877 Hoc
1293 2831 1536 2890 tempore
1569 2836 1760 2891 magna
1816 2819 1990 2876 fames
2043 2835 2137 2891 per

2251 2823 2359 2878 ἀντ’
2389 2822 2555 2877 αὑτοῦ
2591 2822 2686 2894 ἐτη
2720 2820 3126 2891 δεκατέσσαρα.
3146 2820 3271 2874 Ἐπὶ
3306 2819 3470 2888 τούτῳ
3506 2816 3671 2885 ἐγένετο
3685 2813 3720 2864 λι·

553 2915 863 2970 universum
926 2924 1194 2969 terrarum
1254 2913 1442 2967 orbem
1497 2913 1744 2978 accidit,
1813 2921 1872 2965 nt
1920 2913 2137 2980 Agabus

2251 2914 2345 2986 μὸς
2365 2914 2536 2986 μέγας
2565 2915 2649 2982 ἐφ’
2669 2911 2797 2982 ὃλην
2819 2914 2919 2984 τὴν
2935 2910 3292 2984 οἰκουμένην,
3316 2909 3451 2964 κατά
3479 2908 3564 2979 τὴν
3589 2921 3721 2977 amr;

551 3013 712 3059 antea
751 3005 1080 3059 vaticinatus
1127 3001 1391 3058 fuerat".
1438 3000 1594 3058 Tunc
1633 3000 1804 3057 Judaei
1846 3003 1899 3056 in
1933 3001 2137 3057 rabiem

2251 3008 2391 3062 τείαν
2433 3005 2683 3074 ’Δγάδοω
2721 3004 2859 3057 Τότε
2894 3003 3146 3057 Ἰουδαῖοι
3178 3003 3259 3066 είς
3292 3001 3478 3073 μανίαν
3500 2997 3722 3086 aperte/rit.

552 3097 800 3152 conversi
856 3095 980 3152 dolo
1031 3109 1194 3166 super
1244 3110 1425 3151 rerum
1471 3096 1744 3149 venalium
1801 3105 2044 3152 mercatu
2086 3096 2143 3153 in

554 3197 776 3242 mutuas
815 3187 988 3242 cades
1036 3197 1423 3257 proruperunt.
1463 3187 1580 3253 Quo
1627 3195 1902 3256 permotus
1935 3186 2141 3252 Caesar,

554 3280 704 3334 misit
749 3279 816 3334 ad
854 3279 1092 3349 gentium
1128 3280 1434 3349 principes,
1474 3289 1532 3333 ut
1589 3279 1789 3333 nemini
1831 3277 2142 3333 Judaorum

553 3379 864 3441 parcerent,
924 3386 1032 3440 quo
1067 3369 1270 3426 factum
1331 3380 1457 3436 est,
1512 3378 1573 3424 ut
1621 3369 1808 3438 ingens
1856 3367 2145 3423 multitudo

555 3476 746 3517 eorum
792 3461 1226 3528 interficeretur,
1272 3443 1573 3530 domusque
1629 3474 1693 3516 ac
1748 3458 1904 3516 liberi
1951 3458 2146 3529 przeda

557 3566 780 3619 essent,
814 3555 882 3610 ab
909 3553 1062 3610 Italia
1091 3555 1255 3610 etiam
1291 3569 1354 3610 ac
1386 3557 1556 3610 Roma
1597 3553 1782 3610 multis
1804 3558 1980 3624 ptenis
2016 3568 2146 3608 eru-

559 3648 815 3717 ciatuque
850 3647 1008 3715 ejecti
1029 3689 1045 3714 ,
1075 3664 1195 3720 qua:
1222 3649 1406 3703 omnia
1453 3648 1561 3704 illis
1585 3658 1804 3720 propter
1829 3644 2068 3702 nefarios
2092 3646 2144 3700 in

559 3739 836 3794 Christum
862 3755 1027 3794 ausus
1051 3741 1390 3796 acciderunt.

631 3829 860 3884 Moritur
885 3832 1102 3888 interim
1135 3831 1426 3900 Claudius,
1454 3839 1575 3902 post
1616 3846 1776 3902 quem
1806 3829 1947 3885 Nero
1975 3831 2147 3900 impe-

563 3924 702 3977 rium
751 3925 1020 3993 suscepit,
1069 3933 1258 3979 tenens
1313 3925 1443 3979 illud
1495 3939 1671 3980 annos
1713 3925 2144 3994 quatuordecim.

563 4015 661 4070 llic
693 4015 988 4071 sceleratus
1016 4015 1287 4085 inprimis,
1321 4027 1376 4072 et
1407 4018 1451 4072 si
1486 4017 1610 4086 quis
1641 4017 1776 4072 alius
1798 4057 1815 4080 ,
1867 4015 2148 4072 effemina-

564 4119 650 4164 tus
686 4109 804 4175 fuit,
861 4111 954 4180 qui
991 4109 1198 4179 primus
1243 4111 1676 4179 persecutionem
1722 4108 1775 4163 in
1804 4107 2149 4163 Christianos

565 4203 843 4258 excitavit.
871 4203 1086 4259 Occidit
1111 4214 1290 4259 autem
1324 4203 1543 4258 Petrum
1587 4212 1641 4258 et
1664 4201 1914 4265 Paulum,
1947 4199 2148 4256 Christi

566 4293 926 4361 apostolorum
987 4294 1280 4363 principes,
1326 4293 1629 4363 nmitosque
1673 4308 1740 4348 ex
1793 4293 1962 4362 stirpe
2007 4305 2146 4356 sua,

2250 3101 2386 3170 δόλῳ
2431 3098 2573 3152 κατά
2599 3098 2700 3167 τῆς
2728 3097 2936 3167 ἀγορᾶς
2969 3095 3240 3168 ἀλλήλους
3279 3092 3613 3162 κατέσφαζον.
3633 3080 3723 3159 ἒςΐῦ

2251 3190 2495 3259 κινηθεὶς
2519 3191 2548 3242 ό
2581 3189 2798 3258 Καῖσαρ
2823 3187 3116 3242 ἀπέστειλε
3147 3190 3263 3250 τοῖς
3304 3185 3408 3238 τῶν
3434 3183 3581 3240 ἐθνῶν
3607 3180 3724 3251 ἄρχω·

2254 3299 2337 3336 σιν
2370 3281 2604 3350 ἀφειδῶς
2629 3277 2938 3352 χρήσασθαι
2964 3281 3083 3343 τοῖς
3119 3276 3415 3343 Ἰουδαίοις,
3439 3275 3524 3330 καὶ
3544 3273 3641 3334 λαὸς
3657 3272 3723 3323 btt-

2251 3373 2338 3439 νὸς
2385 3373 2446 3439 ἐξ
2477 3373 2658 3428 αὐτῶν
2707 3371 2973 3445 ἀνῃρέθη,
3015 3373 3120 3427 καὶ⁸
3165 3373 3217 3426 οἱ
3261 3368 3398 3425 οῐκοι
3429 3367 3581 3422 αὐτῶν
3605 3361 3723 3418 καίει

2250 3465 2418 3520 τέκνα
2446 3465 2665 3535 ἐγένετο
2695 3466 2778 3530 είς
2813 3464 3129 3537 διαρπαγὴν
3148 3506 3166 3530 ,
3199 3464 3296 3519 καὶ
3323 3462 3425 3518 ἀπὸ
3453 3461 3540 3531 τῆς
3581 3451 3724 3512 Ἰταλίας

2253 3560 2349 3613 καὶ
2381 3556 2599 3630 Ῥώμης
2645 3557 2786 3628 μετά
2829 3556 3042 3611 πολλῶν
3081 3555 3318 3627 θλίψεων
3347 3553 3440 3608 καὶ
3482 3547 3652 3620 ζημιῶν
3683 3542 3727 3603 ἐξα

2253 3648 2584 3722 εὸλήοησαν.
2600 3648 2785 3705 Ταῦτα
2813 3648 3012 3722 συνέϐη
3041 3650 3233 3714 αὐτοῖς
3256 3647 3344 3703 διὰ
3369 3645 3464 3718 τὴν
3489 3643 3558 3707 είς
3582 3634 3727 3710 Χριπὶν

2252 3745 2485 3815 τόλμαν.

2325 3835 2589 3899 Κλαύδιος
2617 3834 2674 3890 δὲ
2697 3835 2960 3902 ἀπέθανε,
2985 3833 3083 3890 καὶ
3112 3834 3309 3906 Νέρων
3335 3830 3642 3888 ἐϐασίλευσεν
3663 3818 3732 3876 ἀπ’

2255 3923 2418 3979 αὐτοῦ
2445 3924 2537 3994 έτη
2560 3925 2962 3996 δεκατέσσαρα.
2980 3918 3154 3991 Οὗτος
3172 3923 3405 3997 πονηρὸς
3425 3918 3489 3995 ἦν
3504 3921 3582 3976 καὶ
3598 3918 3733 3982 λάτνθίο

2255 4014 2304 4066 εί
2332 4013 2422 4066 καί
2441 4031 2522 4076 τις
2539 4013 2718 4078 ἄλλος.
2741 4015 2914 4078 Αὐτὸς
2942 4015 3166 4086 πρῶτος
3190 4017 3412 4087 ἤγειρεν
3439 4009 3640 4079 διωγμὸν
3655 4001 3734 4057 κατά

2254 4105 2364 4160 τῶν
2386 4105 2748 4176 Χριστιανῶν.
2767 4106 2970 4161 Ἀνεῖλε
3015 4107 3074 4161 δὲ
3121 4109 3331 4179 Πέτρον
3359 4107 3448 4161 καὶ
3477 4102 3648 4158 Παῦλον
3667 4095 3737 4152 tria;

2256 4198 2587 4270 κορυφαίους
2620 4197 2727 4252 τῶν
2751 4199 3071 4254 ἀποστόλων
3097 4200 3194 4254 τοῦ
3223 4201 3267 4254 Χ
3275 4197 3477 4272 ριστοῦ,
3495 4195 3574 4251 καὶ
3593 4186 3737 4248 πολλαὶς

2255 4290 2313 4345 δὲ
2342 4291 2451 4344 τῶν
2473 4290 2753 4363 προγόνων
2782 4290 2917 4362 (42).
2943 4293 3037 4346 καὶ
3066 4293 3293 4364 ἑτέρους
3315 4291 3531 4353 πολλοὺς
3549 4288 3634 4341 τῶν
3651 4278 3739 4352 apti-

564 4399 688 4438 cum
751 4385 872 4438 aliis
928 4384 1152 4439 infinitis
1224 4385 1562 4455 principibus
1616 4394 1835 4437 senatus
1883 4383 2137 4452 perdidit.

2251 4401 2362 4438 των
2384 4387 2484 4451 τῆς
2515 4385 2817 4454 συγκλήτου
2841 4384 3118 4439 ἀπώλεσε.
3147 4385 3286 4438 Τότε
3311 4383 3510 4455 Φῆστος
3535 4369 3740 4447 ὁὴγεμὼνι

566 4473 720 4529 Tunc
763 4475 926 4530 etiam
961 4474 1178 4538 Festus,
1217 4473 1414 4527 ludam:
1440 4474 1615 4528 adimc
1658 4471 2034 4542 prafecturam
2065 4471 2160 4525 ob-

567 4565 767 4630 tinens,
808 4566 912 4620 vita
945 4564 1164 4620 functus
1185 4575 1287 4620 est.
1311 4563 1480 4620 Judaei
1515 4573 1722 4628 autem,
1746 4575 1964 4635 accepla
1995 4579 2161 4619 occa-

565 4655 719 4712 sione
761 4670 866 4727 qua
898 4655 1156 4711 Romana:
1193 4655 1477 4711 servitutis
1521 4669 1551 4709 a
1593 4670 1652 4710 se
1698 4654 1888 4726 jugum
1921 4655 2159 4726 depelle-

567 4757 712 4817 rent,
766 4747 999 4818 majores
1049 4747 1204 4817 longe
1252 4757 1308 4802 et
1367 4747 1740 4811 absurdiores,
1785 4762 1948 4817 quam
1995 4755 2154 4801 antea

567 4846 744 4894 motus
781 4839 1116 4904 excitarunt,
1163 4837 1500 4908 fratremque
1533 4836 1740 4891 Domini
1767 4834 2027 4892 Jacobnm
2060 4836 2146 4888 in-

567 4937 933 4994 teremerunt,
973 4929 1211 4998 reliquos
1252 4943 1383 4984 vero
1426 4927 1719 4997 discipulos
1775 4927 1940 4998 virgis
1977 4940 2148 4982 caesos

565 5023 699 5076 urbe
751 5037 849 5076 sua
885 5021 1230 5089 expulerunt,
1265 5019 1590 5089 qui,divina
1635 5017 1963 5074 revelatione
2003 5018 2172 5082 docti,

568 5115 620 5168 in
666 5114 842 5169 locum
886 5112 1108 5170 Jordaui
1141 5114 1445 5184 proximum
1506 5122 1882 5177 recesserunt,
1932 5110 2149 5181 iiiieque

567 5207 889 5262 commorati
940 5216 1088 5273 sunt,
1115 5208 1184 5262 ob
1218 5206 1358 5262 mala
1408 5221 1529 5276 qua:
1572 5205 1691 5262 urbi
1735 5204 2045 5277 impendere
2069 5203 2150 5260 eis

569 5295 712 5352 Deus
739 5297 1088 5366 praedixerat.

2259 4474 2340 4528 ἔτι
2365 4473 2608 4545 κατέχων
2625 4474 2722 4543 τὴν
2738 4473 2839 4544 τῆς
2868 4473 3132 4538 Ἰουδαίας
3155 4472 3358 4545 ἀρχὴν.
3390 4456 3741 4545 ἐτελεύτησενῦ

2255 4565 2314 4620 δὲ
2349 4544 2607 4630 Ἰουδαίοι,
2644 4565 2838 4634 καιροῦ
2891 4544 3228 4635 δραξάμενοι
3280 4563 3379 4634 τῆς
3430 4544 3743 4630 ἀναρχίαςιὶπῖ

2255 4656 2418 4712 πλέον
2445 4656 2541 4727 τὴν
2566 4655 2792 4727 αὔξησιν
2815 4656 2916 4727 τῆς
2936 4655 3171 4720 ἀταξίας
3199 4657 3534 4726 ἐποιήσαντο.
3551 4645 3746 4701 ’Δπέκτειο

2252 4767 2350 4804 ναν
2383 4750 2440 4804 δὲ
2474 4749 2730 4804 Ἰάκωϐον
2769 4748 2862 4802 τὸν
2890 4747 3122 4816 ἀδελφὺν
3171 4747 3268 4802 τοῦ
3316 4745 3535 4817 Κυρίου,
3560 4737 3637 4792 καὶ
3670 4727 3745 4786 105i

2252 4842 2475 4914 “me;
2512 4841 2763 4911 μαθητὰς
2798 4839 3163 4911 μαστίζοντες
3210 4837 3440 4902 ἐδίωξαν
3475 4833 3566 4903 τῆς
3595 4825 3746 4914 πόλεις’

2253 4909 2348 4988 καὶ
2381 4909 2556 4999 αὐτοί,
2588 4932 2729 4986 κατά
2775 4909 3124 5000 ἀποκάλυψιν
3174 4929 3338 4993 Θεοῦ,
3367 4924 3674 4996 ἀνεχώρησαν

2253 5025 2353 5097 τὴν
2379 5026 2688 5097 περίχωρον
2711 5023 2806 5079 τοῦ
2842 5023 3133 5095 Ἰορδάνου,
3167 5025 3396 5078 κάκεῖσε
3426 5012 3679 5087 διέτριϐον,

2253 5093 2324 5172 τά
2358 5093 2623 5187 μέλλοντα
2647 5119 2714 5188 τῇ
2748 5093 3161 5174 πόλειήεσεσθαι
3183 5113 3355 5180 κακὰ,
3380 5109 3512 5166 κατὰ
3541 5103 3625 5176 τὴν
3644 5093 3749 5170 “96"

2256 5210 2417 5281 ῥησιν
2450 5207 2548 5262 τοῦ
2585 5207 2814 5278 Κυρίου.

636 5414 687 5447 ³⁸
713 5414 789 5469 De
825 5428 932 5484 quo
980 5428 1100 5485 cap.
1131 5429 1238 5468 xxv
1267 5422 1322 5469 et
1351 5428 1474 5468 xxvi
1511 5412 1632 5468 Act.
1709 5413 1756 5444 "
1800 5409 1923 5467 Act.
1961 5427 2041 5477 XI,
2078 5412 2103 5466 l
2135 5426 2291 5484 seqq.

2087 5527 2322 5586 ΝΟΤᾸΕ.

637 5620 750 5690 (ιῖ)
786 5619 914 5692 Dav.
966 5622 1194 5686 πολλοὺς
1226 5622 1283 5676 δὲ
1323 5622 1432 5676 τῶν
1463 5623 1571 5692 πρὸ
1608 5621 1783 5690 γένος.
1829 5621 1980 5676 Fort.
2017 5622 2154 5689 πρὸς

571 5689 745 5757 γένος.
799 5689 1194 5760 δεῖξιιςίμτῶν
1231 5689 1534 5763 προγόνων.
1577 5689 1681 5748 sed
1734 5693 1950 5759 melius,
2009 5692 2146 5762 πρὸς

2263 5621 2444 5690 γένος,
2499 5624 2731 5691 cognati.
2789 5623 2996 5685 Pollux,
3036 5623 3244 5677 occidit
3274 5623 3418 5674 viros
3460 5627 3508 5671 et
3550 5605 3754 5667 mulieres

2258 5691 2354 5746 σύν
2377 5709 2436 5746 τε
2466 5692 2646 5758 ἀλλοις
2675 5693 2888 5765 μυρίοις
2917 5694 2998 5766 τῷ
3024 5695 3173 5764 γένει
3209 5693 3550 5765 προσήκουσι.
