3950 6200
299 284 434 352 4041

1204 298 1207 305 ’
1293 276 1393 338 DE
1429 274 1905 341 INVENTIONE
1944 274 2248 336 SANCT/E
2280 276 2576 337 CRUCIS.

3409 278 3553 344 4039.

366 401 498 454 Τότε
539 397 661 453 ὅλον
705 394 766 449 τὸ
814 392 965 457 ἔθνος
1002 393 1100 463 τὴν
1127 390 1266 463 πρὸς
1297 389 1602 461 Ῥωμαίους
1631 390 1873 442 ἀποστα-

2050 387 2223 456 Atque
2253 387 2354 442 hoc
2398 388 2615 458 quidem
2668 398 2929 457 tempore,
2967 389 3220 445 universa
3250 389 3556 450 Judaeorum

148 534 159 545 .
192 498 197 503 ’
294 482 418 546 σίαν
445 490 788 561 εἰργάσαντο.
806 484 1112 558 Ἀγρίππας
1142 483 1197 537 δὲ
1228 483 1407 552 φυγὰς
1436 483 1609 554 ῷχετο
1645 481 1735 534 ἐπὶ
1777 479 1877 548 τὴν

308 582 545 652 Ῥώμην.
581 581 714 633 Τότε
740 579 932 648 Νέρων
965 577 1022 630 ὲν
1056 577 1193 646 ὀργῇ
1236 575 1333 628 καὶ
1374 572 1533 643 θυμῷ
1564 571 1771 644 ἔγραψε
1800 571 1879 642 τῷ

293 674 393 745 τῆς
427 670 600 743 Ἑῴας
648 666 939 739 στρατηγῷ
987 665 1433 737 (Οὐεσπασιανὸς
1460 664 1517 717 δὲ
1541 660 1609 736 ἦν
1638 664 1699 716 τὸ
1727 680 1878 731 τηνι-

295 768 493 834 καῦτα)
531 752 768 817 κελεύων
818 760 980 813 αὑτὸν
1019 758 1355 828 συνεγείρειν
1405 760 1586 811 πᾶσαν
1632 755 1731 826 τὴν
1776 754 1880 807 ὑπ’

295 858 445 928 αὐτῷ
475 851 1205 928 στρατιὰν,καταλαμ6άνειν
1232 850 1330 920 τὴν
1346 850 1602 904 Ἰουδαίαν
1625 849 1751 920 γῆν,
1779 848 1880 901 καὶ

296 950 465 1022 ἄρδην
495 947 760 1001 ἀπολέσαι
785 946 977 1015 αὐτήν.
1005 946 1069 997 Οί
1093 943 1148 997 δὲ
1175 943 1460 1012 δυνάμενοι
1484 942 1593 997 τῶν
1609 941 1878 995 Ἰουδαίων

294 1041 649 1101 ἀκούσαντες,
677 1035 977 1091 κατέλαϐον
1009 1034 1110 1105 τὴν
1144 1033 1522 1103 Ἰερουσαλὴμ,
1554 1033 1651 1087 ἆτε
1676 1033 1879 1103 ὀχυρω-

292 1134 463 1204 τάτην
486 1127 651 1185 οὖσαν
672 1133 785 1192 τοῖς
810 1129 1019 1197 τείχεσι
1038 1128 1131 1180 xui.
1154 1126 1387 1197 πύργοις
1414 1125 1692 1194 μεγίστοις
1712 1128 1881 1195 ἠσφα-

291 1223 574 1293 λισμένην.
594 1222 652 1274 '0
680 1221 737 1275 δὲ
768 1218 1075 1289 στρατηγὸς
1108 1216 1398 1289 προλαϐὼν
1425 1217 1523 1286 τὴν
1554 1216 1760 1289 χώραν,
1781 1218 1879 1271 πάι

294 1334 393 1379 σας
425 1316 524 1377 τὰς
556 1316 738 1375 πόλεις
777 1313 878 1381 τῆς
912 1311 1168 1373 Ἰουδαίας
1188 1309 1598 1380 καταστρέψας,
1640 1310 1876 1376 ὲξανεῖλε

291 1409 447 1477 πυρί.
478 1403 814 1475 Καταλαὸὼν
848 1404 905 1456 δὲ
937 1401 1033 1472 τὴν
1071 1400 1424 1473 Ἰερουσαλὴμ
1451 1402 1545 1454 καὶ
1588 1400 1879 1471 πολιορκή-

292 1517 392 1561 σας
426 1497 595 1569 αὐτὴν
632 1495 878 1550 ἐνιαυτὸν
905 1497 1021 1557 ἕνα,
1055 1496 1147 1547 καὶ
1178 1494 1346 1547 πολλὰ
1378 1498 1750 1565 μηχανήματα
1779 1510 1876 1546 καοι

290 1587 671 1649 τασκευάσας,
699 1583 852 1637 οὐδὲν
888 1584 1075 1653 ῐσχυσε
1118 1584 1341 1653 ποιῆσαι
1360 1624 1375 1648 ,
1403 1584 1492 1637 διὰ
1523 1584 1622 1652 τὴν
1652 1584 1748 1654 τῆς
1777 1584 1877 1636 πό-

291 1679 429 1741 λεως
451 1677 753 1747 ὀχυρότητα
778 1692 792 1706 ⁸
825 1674 962 1730 ἀλλὰ
988 1674 1081 1728 καὶ
1108 1675 1417 1740 ἐξελθόντες
1446 1677 1495 1729 oi
1538 1675 1633 1744 τῆς
1665 1675 1874 1740 πόλεως

1982 479 2199 533 natione
2233 479 2585 535 defectionem
2614 496 2642 534 a
2675 480 2933 535 Romanis
2961 482 3293 552 inccptante,
3322 485 3557 558 Agrippa

1982 570 2214 641 fugiens,
2259 572 2486 629 Romam
2539 574 2946 645 proficiscitur:
2982 585 3105 630 tunc
3137 576 3303 645 Nero,
3344 592 3558 636 summa

1981 662 2060 716 ira
2103 678 2167 717 ac
2213 664 2397 719 furore
2436 667 2713 730 incensus,
2758 666 2823 722 ad
2859 665 3242 737 Vespasianum
3287 673 3558 726 exercitus

1980 755 2272 812 Orientalis
2325 759 2512 813 ducem
2567 760 2803 829 scripsit,
2850 768 2906 814 ut
2948 775 3015 814 ex
3049 771 3288 826 tempore
3340 779 3556 821 omnem

1979 845 2277 900 exercitum
2320 856 2479 914 cogat
2509 847 2575 900 ad
2602 845 2911 902 Iudaeorum
2938 859 3139 903 terram
3174 851 3555 915 invadendam.

1981 939 2307 1007 penitusque
2338 939 2742 994 devastandam.
2784 939 3092 996 .ludtrorum
3132 959 3259 997 vero
3292 946 3559 1012 potentis-

1981 1030 2130 1095 simi,
2154 1029 2313 1097 hujus
2335 1030 2693 1085 reicertiores
2717 1030 2865 1097 facti,
2888 1032 3338 1104 Hierosolymam,
3359 1043 3416 1090 ut
3438 1052 3561 1106 quae

1980 1124 2111 1176 urbs
2164 1122 2360 1192 triplici
2404 1136 2562 1177 muro
2596 1133 2743 1177 esset
2778 1125 3174 1192 munitissima,
3212 1128 3561 1199 turribusque

1981 1215 2234 1271 maximis
2275 1224 2409 1283 tuta,
2437 1215 2538 1270 sibi
2581 1215 2831 1285 praesidio
2864 1231 2927 1270 ac
2968 1221 3372 1288 propugnaculo
3397 1237 3563 1292 cepe-

1979 1314 2128 1358 runt.
2187 1305 2765 1375 Vespasianus‘autem
2800 1307 3075 1361 exercitus
3126 1310 3231 1363 dux
3286 1314 3562 1382 regionem

1981 1398 2263 1461 invadens,
2303 1413 2493 1453 omnes
2537 1399 2787 1453 civitates
2810 1398 3012 1454 Judzcac
3043 1417 3105 1455 ac
3139 1395 3373 1459 Galilzea:
3395 1407 3561 1476 depo-

1981 1486 2217 1552 pulatus,
2261 1489 2385 1557 igne
2433 1489 2661 1548 delevit.
2702 1490 3135 1563 Hierosolymam
3190 1496 3350 1551 etiam
3394 1514 3565 1569 expu-

1980 1593 2149 1645 gnare
2188 1596 2496 1650 aggressus,
2537 1600 2660 1638 cum
2709 1600 2828 1638 eam
2875 1601 3075 1640 annum
3109 1588 3375 1660 integrum
3406 1594 3565 1649 obse-

1982 1668 2167 1735 disset,
2196 1672 2503 1742 multasque
2528 1675 2652 1729 belli
2682 1677 2962 1732 machinas
2993 1678 3058 1732 ad
3091 1695 3210 1733 eam
3245 1698 3565 1754 expugnan-

292 1736 571 1837 αἰφνιδίως
604 1736 831 1829 πολλοὺς
858 1764 1097 1836 ἔπληξαν
1132 1736 1240 1818 τῶν
1273 1736 1873 1836 ῬωιλαίωνίΚαταϐὰς

1982 1760 2103 1814 dam
2151 1765 2533 1830 exstruxisset,
2586 1768 2743 1840 nihil,
2797 1783 3021 1838 propter
3072 1771 3400 1841 singularem
3448 1778 3567 1846 ejus

291 1860 351 1914 δὲ
398 1862 478 1923 εἰς
522 1858 858 1928 Καισάρειαν
886 1858 1296 1922 Οὐεσπασιανὸς
1342 1858 1556 1930 ἀφῆκεν
1588 1858 1879 1913 ἀναλαὸεῖν

294 1954 386 2009 τὸν
427 1956 679 2024 στρατόν.

378 2224 468 2277 Ἐν
506 2222 723 2284 τούτοις
742 2220 798 2273 δὲ
842 2218 1082 2291 ἀνῃρέθη
1116 2218 1310 2290 Νέρων
1355 2219 1447 2272 ἐπὶ
1476 2218 1577 2288 τῆς
1623 2218 1873 2291 Ῥώμης,

296 2317 393 2370 καὶ
426 2316 695 2386 ἐκράτησε
729 2314 935 2375 Γάλὸας
974 2313 1150 2383 μῆνας
1185 2310 1250 2375 ζ’.
1292 2313 1564 2375 Κάκεῖνος
1594 2311 1835 2383 ἀνῃρέθη
1859 2352 1875 2378 ,

296 2409 391 2458 καὶ
447 2406 750 2476 ἐκράτησεν
796 2405 825 2456 ὁ
884 2403 1061 2456 Ὄθων
1112 2405 1302 2472 τρεῖς,
1355 2401 1449 2454 καὶ
1493 2401 1631 2471 μετὰ
1680 2401 1874 2455 τοῦτον

295 2493 542 2556 Βιτάλιος
574 2495 849 2563 ἐκράτησε
878 2493 1053 2563 μῆνας
1082 2493 1252 2563 τρεῖς.
1302 2492 1390 2543 Ἑν
1424 2491 1604 2559 πολλῷ
1634 2487 1728 2544 οὖν
1764 2509 1879 2548 κιν-

294 2588 436 2657 δύνῳ
454 2590 547 2638 λαὶ
578 2586 960 2655 ἀκαταστασία
988 2584 1097 2636 τῶν
1130 2584 1475 2653 πραγμάτων
1496 2584 1874 2654 ὑπαρχόντων,
1897 2616 1908 2626 ο

297 2680 391 2732 καὶ
430 2678 720 2749 βαρϐαρων
745 2678 904 2730 τινῶν
929 2679 1291 2745 ἐπικειμένων
1327 2679 1394 2747 τῇ
1424 2678 1709 2749 Ῥωμανίᾳ
1738 2677 1873 2750 (43),

298 2771 328 2822 ὁ
362 2768 503 2821 κατὰ
527 2768 624 2838 τὴν
661 2767 834 2837 Ἐᾠαν
862 2766 1092 2836 στρατὸς
1119 2766 1325 2818 ἄκοντα
1353 2766 1444 2816 τὸν
1468 2768 1877 2820 Οὺεσπασιανὸν

296 2856 490 2925 ἔστεφε
533 2857 780 2926 βασιλέα,
810 2855 1112 2908 συναινέσει
1147 2857 1364 2908 πάντων
1398 2855 1541 2907 κατά
1566 2858 1665 2926 τὴν
1723 2857 1876 2911 Ἀνα-

293 2949 458 3018 τολὴν
511 2946 810 3017 ἀρχόντων.
858 2946 1135 3016 ’Δπαὶρων
1190 2946 1247 2997 δὲ
1295 2947 1389 2997 ἐπὶ
1441 2947 1541 3018 τὴν
1618 2947 1873 3020 Ῥώμην,

294 3040 563 3110 χειμῶνος
620 3038 741 3109 ὥρᾳ
765 3077 780 3103 ,
818 3039 942 3101 τοὺς
993 3037 1141 3101 υἱοὺς
1174 3037 1340 3090 αὑτοῦ
1378 3038 1538 3091 Τίτον
1568 3041 1663 3093 καὶ
1697 3042 1870 3111 Δομε-
1902 3074 1945 3132 C

291 3136 477 3188 τιανὸν
512 3135 800 3205 Καίσαρας
839 3133 1157 3200 ἀναδείξας,
1211 3134 1301 3186 τὸν
1337 3134 1435 3205 μὲν
1460 3136 1620 3189 Τίτον
1651 3137 1871 3209 πολιορ-

294 3228 543 3298 κήσαντα
596 3227 950 3298 Ἱεροσόλυμα
971 3226 1232 3280 κατέλιπε
1258 3269 1275 3294 ,
1308 3230 1636 3299 Δομετιανὸν
1666 3230 1721 3283 δὲ
1768 3232 1873 3284 άπ-

292 3319 531 3373 έστειλεν
562 3324 642 3384 εἰς
688 3322 1044 3391 ἐκστρατείαν
1078 3322 1171 3374 ἐπὶ
1199 3324 1327 3386 τοὺς
1371 3323 1702 3395 βαρϐάρους.
1746 3327 1871 3395 Ἐγ-

292 3413 539 3480 γίζοντος
570 3413 625 3466 δὲ
654 3414 820 3467 αὑτοῦ
855 3416 957 3485 ἤδη
988 3418 1053 3484 τῇ
1105 3414 1297 3487 Ῥώμῃ
1320 3456 1334 3479 ,
1368 3417 1396 3467 ό
1428 3419 1606 3469 ἐκεῖσε
1643 3421 1874 3486 στρατὸς

293 3506 435 3575 μετὰ
460 3506 559 3573 τῆς
608 3507 916 3577 συγκλήτου
944 3543 959 3567 ,
1007 3506 1291 3567 ἀνελόντες
1321 3508 1413 3559 τὸν
1443 3507 1706 3577 ἄνταρτον
1727 3551 1741 3574 ,
1777 3513 1874 3564 σὺν

291 3595 499 3665 εὐωχίᾳ
530 3595 765 3667 μεγίστῃ
791 3597 884 3646 καὶ
912 3593 1126 3661 κρότοις
1154 3594 1496 3660 συνήντησαν
1527 3595 1696 3662 αὐτῷ.
1726 3594 1876 3648 Καθ-

290 3675 472 3738 εσθεις
523 3676 580 3728 δὲ
626 3677 720 3727 ἐπὶ
770 3674 864 3728 τοῦ
892 3674 1086 3745 θρόνου
1124 3673 1434 3742 κατέσφαξε
1487 3676 1695 3738 πάντας
1747 3677 1876 3739 τοὺς

291 3768 598 3831 ἀτάκτους,
660 3767 757 3819 καὶ
803 3766 1065 3835 ἐξαίφνης
1113 3766 1181 3819 τὰ
1225 3765 1519 3833 Ῥωμαίων
1563 3764 1721 3829 αὖθις
1771 3769 1871 3821 ἐπ-

291 3857 622 3930 ανωρθώθη,
664 3858 757 3911 τοῦ
807 3857 1139 3928 Δομετιανοῦ
1196 3856 1689 3927 ἐξολοθρεύσαντος
1744 3860 1872 3924 τοὺς

294 3951 760 4020 ἐπανισταμένους
787 3949 1121 4019 βαρϐάρους.

368 4135 849 4206 Πολιορκουμὲνης
884 4135 939 4187 δὲ
970 4134 1067 4205 τῆς
1101 4133 1459 4202 Ἰερουσαλὴμ
1485 4134 1577 4186 ἐπὶ
1613 4134 1709 4205 ἔτη
1738 4135 1832 4190 δύο
1852 4176 1870 4203 ,

289 4224 490 4287 πάντες
531 4223 582 4273 οί
635 4223 694 4273 ὲν
731 4222 868 4291 αὑτῇ
917 4222 1061 4291 λιμῷ
1091 4223 1405 4293 ἐτάκησαν,
1460 4221 1531 4274 τὰ
1585 4223 1750 4277 τέκνα
1773 4227 1873 4279 αὑ-

289 4316 400 4368 τῶν
435 4313 702 4382 φαγόντες
731 4316 789 4365 ὲν
819 4316 884 4381 τῇ
912 4312 1227 4383 πολιορκίᾳ.
1289 4313 1625 4385 Παραλαϐὼν
1666 4316 1730 4369 δὲ
1777 4318 1874 4370 αὑ-

1984 1855 2135 1908 nrbis
2189 1856 2570 1923 munitionem,
2628 1858 2842 1917 efﬁcere
2884 1863 3080 1931 potuit.
3121 1863 3260 1931 Quin
3289 1868 3389 1935 ipsi
3420 1871 3568 1927 cives

1980 1947 2125 2000 ultro
2158 1949 2473 2015 eruptiones
2519 1948 2817 2016 facientes,
2864 1954 3062 2011 multos
3106 1955 3384 2016 Romanos
3417 1964 3566 2020 cecil-

1981 2035 2196 2088 derunt.
2235 2033 2598 2105 Vespasianus
2632 2040 2815 2111 itaque
2855 2042 3161 2102 Caesaream
3208 2049 3567 2121 descendens,

1979 2126 2264 2192 exercitui,
2294 2136 2352 2181 ut
2372 2143 2431 2183 se
2462 2130 2731 2197 reticeret,
2756 2137 3026 2202 permisit.

2052 2217 2236 2272 Romae
2292 2219 2510 2276 interim
2579 2223 3092 2295 Nero,jugnlatur,
3165 2232 3566 2305 imperavitque

1979 2308 2148 2365 Galba
2178 2324 2392 2365 menses
2408 2322 2640 2380 septem,
2668 2316 2759 2383 qui
2791 2328 2844 2370 et
2874 2318 2989 2388 ipsc
3014 2335 3186 2376 ctesus
3216 2333 3320 2377 est.
3354 2324 3567 2394 Regna-

1979 2400 2058 2453 vit
2097 2400 2294 2456 deinde
2322 2400 2467 2457 Otho
2515 2419 2732 2460 menses
2761 2415 2894 2473 tres,
2940 2419 2995 2464 et
3034 2422 3156 2480 post
3186 2413 3286 2467 hos
3319 2413 3567 2473 Vitellius

1981 2506 2193 2546 menses
2247 2492 2488 2549 totidem.
2532 2496 2715 2552 Rebus
2745 2498 2928 2569 itaque
2980 2503 3032 2556 in
3079 2520 3293 2562 summo
3323 2511 3566 2577 periculo

1980 2585 2410 2658 confusioneque
2467 2590 2706 2645 maxima
2776 2594 3091 2651 constitutis
3127 2638 3144 2663 ,
3208 2601 3564 2673 barbarisque

1981 2677 2258 2734 nonnullis
2276 2681 2327 2735 in
2361 2683 2659 2737 Romanam
2678 2685 2943 2741 ditionem
2967 2690 3322 2759 irruentibus,
3359 2698 3561 2763 cumis,

1979 2769 2072 2836 qui
2115 2771 2166 2823 in
2200 2769 2424 2827 Oriente
2469 2783 2597 2829 tunc
2640 2785 2779 2841 erat,
2828 2782 3124 2848 exercitus,
3177 2782 3564 2856 Vespasianum

1979 2860 2112 2913 nihil
2145 2862 2251 2917 tale
2291 2866 2627 2935 cupientem,
2678 2869 3061 2939 imperatorem
3089 2879 3395 2944 coronavit,
3431 2896 3567 2937 con—

1979 2963 2140 3004 sensu
2183 2967 2248 3007 ac
2288 2954 2568 3010 voluntate
2603 2960 2847 3015 omnium
2892 2963 3087 3019 ducum
3131 2965 3424 3027 Orientalis
3463 2975 3567 3027 mi-

1979 3040 2132 3097 litize.
2178 3042 2407 3100 Romam
2443 3046 2608 3117 igitur
2636 3050 2738 3106 sub
2775 3052 2989 3108 initium
3039 3056 3235 3114 hiemis
3274 3061 3562 3130 decedens,

1980 3134 2118 3190 filios
2135 3152 2264 3192 suos
2284 3138 2464 3192 Titum
2485 3150 2539 3194 et
2571 3142 2935 3199 Domitianum
2975 3147 3220 3205 Caesares
3256 3152 3565 3222 declarans,

1981 3228 2514 3287 illnmin'obsidionc
2556 3234 3040 3309 llierosolymitana
3117 3243 3360 3314 reliquit,
3424 3248 3569 3304 hunc

1974 3318 2031 3373 in
2067 3333 2349 3376 externam
2393 3325 2639 3380 militiam
2688 3340 2876 3384 contra
2925 3331 3187 3389 barbaros
3214 3338 3383 3401 misit,
3414 3356 3569 3394 cum-

1976 3431 2083 3483 que
2114 3417 2223 3485 jam
2255 3418 2443 3473 Romae
2479 3424 2893 3492 propinquaret,
2925 3442 3135 3495 omnes,
3167 3432 3258 3499 qui
3296 3439 3426 3488 tunc
3461 3436 3571 3492 illic

1978 3508 2229 3568 aderant,
2265 3508 2480 3561 milites
2510 3510 2727 3565 sublato
2755 3514 2972 3580 aemulo,
3022 3516 3293 3586 simulque
3321 3530 3568 3587 senatus,

1976 3609 2101 3647 eum
2153 3596 2320 3651 ntulto
2345 3598 2628 3666 applausu,
2672 3616 2973 3673 magnaque
3021 3606 3210 3661 laetitia
3240 3611 3571 3679 excipientes

1977 3682 2315 3739 deduxerunt
2339 3704 2356 3751 ;
2376 3689 2470 3754 qui
2493 3688 2654 3743 simul
2670 3706 2733 3745 ac
2763 3691 3038 3760 faStigium
3061 3697 3274 3768 imperii
3302 3716 3570 3759 conscen-

1978 3773 2183 3837 disset,
2242 3778 2494 3846 protinus
2561 3794 2754 3838 ninnes
2814 3800 2996 3841 rerum
3072 3791 3566 3858 perturbandarum

1978 3876 2231 3923 auctores
2266 3868 2497 3940 iugulari
2556 3875 2834 3945 praerepit,
2880 3889 3045 3948 atque
3073 3881 3147 3936 ita
3184 3895 3384 3953 printer
3413 3903 3565 3959 spem

1979 3973 2068 4013 res
2104 3959 2349 4015 Romana
2397 3973 2484 4019 est
2514 3967 2715 4022 mirum
2759 3969 2809 4023 in
2860 3974 3078 4027 modum
3125 3989 3398 4048 reparata,
3441 3982 3565 4038 bar-

1977 4052 2181 4108 barisa
2218 4052 2528 4112 Domitiano
2572 4059 2945 4117 internecione
2993 4064 3207 4121 deletis.

2047 4144 2182 4202 Cum
2237 4156 2417 4202 autem
2456 4150 2691 4205 biennali
2740 4153 3022 4210 obsidione
3062 4156 3563 4232 Hierosolymorum

1978 4240 2110 4295 nrbs
2144 4251 2505 4309 premeretur,
2545 4260 2611 4300 eo
2664 4248 3008 4304 necessitatis
3048 4266 3261 4320 omnes,
3295 4257 3387 4325 qni
3423 4259 3474 4312 in
3499 4276 3563 4315 ea

1976 4340 2153 4399 erant,
2184 4336 2391 4392 redacti
2421 4346 2569 4402 sunt,
2603 4348 2662 4392 ut
2690 4337 2832 4395 fame
2865 4343 3227 4410 tabescentes,
3254 4365 3383 4405 suos
3413 4352 3562 4419 ipso-

287 4406 386 4476 τὴν
410 4406 438 4457 ὁ
464 4405 686 4473 Καῖσαρ
705 4443 721 4467 ,
755 4403 1075 4471 κατακόψας
1099 4404 1189 4455 τὸν
1222 4403 1348 4456 λαὸν
1372 4404 1462 4456 τὸν
1486 4405 1542 4457 ἐν
1572 4408 1711 4477 αὐτῇ
1728 4449 1742 4472 ,
1778 4410 1871 4462 καὶ

1981 4439 2097 4477 rum
2158 4426 2361 4481 liberos
2414 4440 2639 4497 propter
2702 4430 3006 4489 obsidionis
3065 4440 3346 4506 angustias
3401 4442 3567 4499 edere

291 4494 592 4557 σκυλεύσας
638 4495 819 4547 πᾶσαν
876 4494 1014 4563 μετὰ
1045 4492 1140 4547 τοῦ
1187 4494 1317 4548 λαοῦ
1346 4494 1488 4565 (M)
1541 4499 1677 4569 πυρὶ
1726 4517 1866 4570 παρ-

285 4587 475 4641 έδωκε.
509 4586 643 4638 Τότε
676 4585 969 4655 ἐπληρώθη
1004 4586 1031 4637 ό
1065 4584 1221 4652 λόγος
1253 4584 1348 4638 τοῦ
1383 4587 1626 4657 Κυρίου,
1679 4591 1741 4654 ὁ,
1783 4594 1867 4646 οὐ

284 4678 370 4747 μὴ
390 4677 756 4747 ἀφεθήσεται
793 4680 963 4742 λίθος
997 4677 1097 4730 ἐπὶ
1118 4679 1293 4731 λίθον
1324 4677 1395 4732 ἐν
1418 4678 1594 4748 αὐτῇ.
1628 4682 1766 4746 Τοὺς
1810 4684 1866 4736 δὲ

289 4768 675 4836 αναιρεθέντας
690 4767 1051 4836 διαγράφουσι
1072 4784 1218 4828 τινες
1236 4768 1312 4829 είς
1336 4769 1653 4837 τριακοσίας
1669 4773 1867 4841 μυριά-

283 4858 399 4920 δας.
426 4859 580 4912 Μετὰ
612 4858 669 4911 δὲ
700 4857 798 4928 τὴν
825 4859 1030 4911 ἅλωσιν
1064 4858 1164 4925 τῆς
1196 4858 1404 4919 πόλεως
1433 4859 1594 4911 πάλιν
1626 4861 1860 4914 επανελο

285 4952 470 5016 θὸντες
501 4955 551 5006 oi.
586 4956 766 5007 πιστοὶ
792 4956 870 5015 εἰς
896 4954 994 5022 τὴν
1022 4954 1186 5019 ἁγίαν
1227 4952 1365 5004 Σιὼν
1387 4994 1401 5016 ,
1473 4955 1870 5025 προεϐάλλοντο

286 5042 540 5114 δεύτερον
570 5045 871 5096 ἐπίσκοπον
911 5041 1300 5111 Ἱεσορολύμων
1334 5042 1583 5112 Σιμεῶνα
1608 5085 1621 5106 ,
1651 5045 1742 5098 τὸν
1770 5049 1866 5103 τοῦ

286 5134 505 5186 Κλεόπα
532 5133 626 5187 τοῦ
662 5137 719 5186 ὲν
747 5132 1099 5200 Εὐαγγελίοις
1127 5133 1509 5204 ἐμφερομένου
1534 5176 1548 5200 ,
1587 5137 1865 5211 αὐτόπτην

286 5228 381 5279 καὶ
407 5228 683 5297 ἀκροατὴν
711 5267 725 5288 ,
763 5226 858 5279 καὶ
885 5226 1103 5295 ἀνεψιὸν
1150 5226 1463 5298 ὑπάρχοντα
1492 5230 1585 5283 τοῦ
1631 5232 1863 5305 Κυρίου.

285 5319 536 5383 Κλεόπας
567 5321 624 5373 δὲ
659 5320 887 5389 ἀδελφὸς
923 5315 993 5392 ἦν
1029 5318 1121 5372 τοῦ
1158 5319 1302 5372 κατὰ
1332 5321 1493 5393 χάριν
1525 5327 1732 5396 πατρὸς
1765 5327 1861 5382 τοῦ

356 5436 401 5467 ’⁸
429 5435 623 5489 Matth.
682 5449 826 5497 xxiv,
860 5431 917 5486 2.

1973 4528 2317 4587 cogerentur.
2341 4517 2510 4589 Capta
2554 4536 2685 4576 vero
2719 4524 2870 4586 urbe,
2909 4528 3217 4598 papuloqne
3249 4534 3393 4588 omni
3417 4533 3561 4598 fuso,

1971 4606 2156 4663 Cassar
2186 4610 2329 4665 illam
2359 4627 2424 4667 ac
2453 4613 2600 4668 cives
2631 4615 2901 4683 prmlatns
2924 4618 3044 4688 igne
3077 4626 3380 4680 succendit.
3411 4626 3566 4684 Tunc

1972 4704 2120 4757 exitu
2161 4706 2548 4772 comprobatus
2594 4715 2677 4761 est
2718 4706 2927 4763 Domini
2964 4726 3146 4767 sermo
3181 4733 3194 4770 :
3239 4714 3364 4771 Non
3396 4720 3564 4775 relin-

1971 4805 2161 4862 quetur
2180 4794 2317 4863 lapis
2342 4810 2499 4863 super
2520 4794 2755 4863 lapidem
2783 4802 2836 4853 iu
2859 4816 2922 4854 ea
2947 4801 3013 4855 ⁸⁸.
3038 4802 3177 4857 Sunt
3203 4809 3291 4872 qui
3318 4810 3560 4877 tradunt,

1975 4884 2283 4937 occisorum
2331 4898 2615 4939 numerum
2648 4886 2864 4957 trigesis
2904 4900 3121 4946 centum
3163 4892 3332 4951 fuisse
3367 4899 3556 4955 millia.

1974 4970 2106 5024 Post
2169 4973 2508 5027 devastatam
2562 4982 2741 5029 autem
2791 4978 2978 5032 urbem
3040 4983 3330 5040 redeuntes
3368 5003 3559 5046 omnes

1975 5062 2162 5118 fideles
2222 5064 2276 5118 in
2341 5062 2518 5132 Sion,
2570 5078 2826 5123 crearunt
2887 5075 3182 5129 secundum
3250 5080 3559 5151 episcopum

1975 5150 2285 5209 Simeonem
2316 5155 2483 5210 filium
2517 5157 2785 5229 Cleophis},
2813 5161 2966 5232 cujus
3001 5164 3053 5218 in
3082 5163 3378 5239 Evangelia
3409 5150 3563 5226 men-

1976 5245 2049 5298 tio
2099 5245 2215 5313 fit;
2256 5246 2348 5317 qui
2384 5248 2672 5304 Dominum
2725 5252 2901 5321 ipsum
2967 5254 3200 5325 viderat,
3251 5262 3556 5329 audiverat,

1971 5334 2200 5408 «jusque
2252 5341 2610 5397 consobrinus
2654 5339 2854 5399 fuerat.
2897 5344 3168 5417 Cleophas
3204 5366 3335 5407 vero
3385 5352 3558 5411 frater

1781 5514 2008 5574 NOTAE.

363 5600 475 5673 (ις)
496 5598 628 5651 Cod.
659 5598 796 5673 Βίην.
833 5594 1344 5673 ἐπι-κειμένξωνκτῆς
1385 5597 1682 5673 Ῥωειανίᾳ.
1736 5604 1866 5661 Sch.

283 5665 382 5738 τῆς
427 5669 787 5740 Ῥωμανίαςᾲο
826 5667 1041 5734 scripsi,
1076 5669 1141 5736 τῇ
1181 5665 1648 5740 Ῥωμανίᾳ.’8ιιιιί
1686 5687 1868 5731 autem

290 5753 338 5795 et
389 5757 509 5815 quae
540 5738 889 5802 antecedunt,
929 5749 983 5791 et
1011 5753 1130 5805 quae
1173 5738 1471 5806 sequuntur
1508 5758 1756 5815 exrcrpta
1800 5762 1869 5802 ex

566 5829 839 5895 PATROL.
872 5833 993 5896 Gn.
1025 5835 1366 5898 LXXXVII.

1973 5613 2209 5671 Polluce.

2048 5686 2161 5759 (id)
2192 5686 2327 5742 Cod.
2367 5689 2495 5743 Sch.
2526 5690 2665 5760 μετὰ
2691 5691 2784 5745 τοῦ
2821 5695 2971 5763 ναοῦ,
3003 5713 3119 5750 cum
3158 5701 3377 5769 templo.

3126 5858 3240 5918 127
