3968 6198
479 226 623 292 4ῦ43

1700 234 2145 297 ALEXANDRI
2183 236 2527 299 MONACHI

3546 254 3661 321 ltili

482 345 587 399 fuit
626 343 797 413 patris
819 342 1118 398 secundum
1155 342 1390 412 gratiam
1420 342 1636 400 Domini
1665 347 1859 401 nostri.
1898 346 2066 401 Colli-

2184 350 2399 420 Κυρίου.
2437 351 2773 418 Συνάγονται
2808 349 2866 402 δέ
2900 352 3297 421 τεσσαράκοντα
3344 359 3428 430 ἐτη
3468 364 3558 420 ἀπὸ
3587 372 3661 427 τοῦ

483 445 681 504 guntur
703 448 834 490 vero
864 433 991 488 anni
1025 433 1383 503 quadraginta
1422 449 1451 488 a
1489 434 1792 492 Salvatoris
1822 438 2074 506 passione

485 541 654 594 usque
680 526 747 579 ad
799 523 1228 580 devastationem
1267 522 1788 596 Hierosolymorum.

560 613 929 681 Vespasianus
983 620 1162 667 autent
1205 627 1382 668 rerum
1412 615 1620 684 potitus
1659 616 1945 683 imperavit
1978 633 2076 671 an-

481 720 585 761 nos
624 705 836 769 decem,
889 700 1129 771 fatisqne
1178 704 1473 769 concessit,
1522 705 1917 774 imperavitque
1951 715 2076 776 post

483 812 605 849 eum
655 794 811 849 Titus
853 794 997 849 filius
1039 810 1211 849 annos
1249 807 1380 862 tres,
1420 810 1593 866 eoque
1643 808 1859 855 mortuo
1895 798 2076 855 Domi-

486 889 691 952 tianus,
732 887 880 942 illius
925 888 1114 951 frater,
1151 887 1363 954 imperii
1405 890 1771 957 gubernacula
1803 899 1888 947 est
1923 908 2077 947 asse-

485 992 664 1035 cutus.
697 979 798 1047 Qui
820 995 1012 1035 rursus
1037 981 1090 1034 in
1115 978 1331 1035 Iudaeos
1368 997 1618 1050 magnam
1645 985 2084 1052 persecutionem

483 1072 768 1135 excitavit,
814 1087 1004 1127 onmes
1052 1075 1145 1141 qui
1174 1087 1238 1127 ex
1284 1073 1431 1143 regia
1489 1076 1659 1144 stirpe
1695 1086 1856 1130 erant
1895 1076 2075 1144 inqui-

485 1181 612 1221 rens
654 1182 668 1218 :
700 1166 764 1219 de
802 1163 1024 1219 Christo
1053 1164 1198 1219 enim
1231 1164 1521 1228 didicerat,
1568 1166 1711 1234 quod
1757 1182 1823 1220 ex
1856 1165 2075 1223 Davidis

487 1259 737 1328 prosapia
773 1258 1151 1321 descenderet,
1183 1272 1554 1327 magnumque
1588 1274 1651 1312 ac
1696 1258 1878 1314 nobile
1907 1275 2075 1330 genua

484 1351 752 1416 haberet,
818 1350 1072 1419 quodque
1127 1349 1344 1417 quidam
1413 1360 1596 1404 essent
1648 1350 1808 1421 hujus
1871 1363 2074 1406 sectam

487 1443 827 1510 proﬁtentes,
868 1442 957 1511 qui
991 1442 1350 1510 praedicarent
1384 1441 1661 1495 Christum
1716 1458 1895 1513 regem
1930 1459 2074 1497 sem-

489 1536 784 1601 piternum,
817 1546 1007 1586 omnes
1037 1529 1138 1584 sub
1169 1530 1310 1585 ctelo
1332 1539 1627 1599 potestates
1658 1531 2071 1597 dissoluturum,

488 1626 769 1695 solumque
794 1633 1166 1692 regnaturum.
1198 1623 1563 1688 Quamobrem
1600 1624 1678 1675 ira
1710 1620 2076 1678 inﬂammatus

2177 444 2452 515 σωτηρίου
2484 442 2692 507 πάθους
2719 442 2821 507 ἕως
2849 445 2948 512 τῆς
2983 442 3227 511 ἁλώσεως
3260 448 3611 527 Ἱεροσολύμων,

2259 614 2608 668 Ἐϐασίλευσε
2638 614 2695 671 δὲ
2720 613 2750 666 ὁ
2780 614 3191 682 Οὐεσπασιανὸς
3210 625 3450 692 xputem;
3470 628 3551 702 ἔτη
3570 633 3673 691 δέκα

2174 708 2270 762 καὶ
2296 709 2535 762 ἀπέθανε
2558 748 2571 769 ,
2597 710 2691 761 καὶ
2716 707 3036 762 ἐϐασίλευσε
3062 708 3217 774 Τίτος
3242 714 3269 765 ὁ
3293 716 3395 780 υίὸς
3418 720 3561 777 αύτοῦ
3584 727 3674 781 ἀντ’

2174 802 2339 855 αὑτοῦ
2370 802 2463 871 ἔτη
2506 803 2635 871 τρία
2665 803 2760 856 καὶ
2789 802 3029 855 ἀπέθανε
3056 825 3070 839 ο
3105 806 3198 857 καὶ
3218 806 3533 866 ἐϐασίλευσεν
3558 819 3582 869 ὁ
3604 820 3679 872 Δο-

2178 895 2427 962 μετιανὸς
2478 896 2506 947 ὀ
2555 893 2785 964 ἀδελφὸς
2838 893 3003 947 αὐτοῦ
3056 896 3166 950 ἀντ’
3215 900 3400 963 αὑτοῦ,
3423 907 3509 959 καὶ
3551 909 3679 965 πάλιν

2173 987 2415 1056 διωγμὸν
2459 988 2634 1055 μέγαν
2664 989 2777 1052 τοῖς
2812 986 3088 1051 Ἰουδαίοις
3115 990 3395 1061 ἐπήγειρεν
3414 1034 3427 1059 ,
3455 996 3682 1069 ἐπιζητῶν

2172 1080 2300 1141 τοὺς
2336 1080 2399 1170 ἐκ
2424 1077 2715 1149 βασιλικῆς
2735 1080 3082 1148 συγγενείας
3112 1082 3347 1154 ἐμηνύθη
3362 1086 3500 1156 αὐτῷ
3511 1090 3568 1142 τὰ
3585 1094 3684 1163 περὶ

2173 1170 2412 1241 Χριστοῦ
2438 1209 2453 1233 ,
2484 1171 2566 1223 ὅτι
2598 1172 2681 1223 ἐκ.
2696 1170 2790 1224 τοῦ
2815 1170 2980 1225 Δαυῒδ
3014 1172 3244 1244 ὑπάρχει
3269 1216 3283 1241 ,
3314 1178 3403 1230 καὶ
3433 1179 3562 1247 μέγα
3597 1183 3684 1251 ἔχει

2173 1267 2364 1330 γένος,
2405 1262 2600 1324 οἵτινές
2652 1264 2758 1316 είσι
2792 1263 3283 1333 χριστιανίζοντες,
3325 1269 3414 1321 καὶ
3436 1273 3687 1339 καταγγέλ-

2173 1354 2358 1418 λοντες
2405 1352 2614 1426 Ἰησοῦν
2663 1354 2900 1427 Χριστὸν
2935 1355 3160 1425 βασιλέα
3190 1356 3423 1422 αἰώνιον,
3473 1361 3687 1430 μέλλοντα

2175 1445 2468 1500 καταλύειν
2494 1446 2678 1511 πάσας
2706 1447 2807 1511 τὰς
2837 1447 2943 1501 ὑπὸ
2967 1449 3058 1501 τὸν
3085 1450 3308 1520 οὐρανὸν
3330 1451 3592 1522 δυνάμεις,
3619 1459 3689 1509 καὶ

2177 1536 2338 1607 μόνος
2380 1536 2569 1607 μέλλει,
2615 1538 2944 1608 βασιλεύειν.
2996 1540 3279 1610 Θυμωθεὶς
3317 1542 3372 1595 δὲ
3413 1546 3440 1597 ὁ
3487 1544 3689 1615 βασιλεὺς

2178 1630 2274 1683 ἐπὶ
2302 1629 2477 1701 τούτῳ
2496 1671 2511 1691 .
2538 1631 2788 1685 ἐκέλευσε
2823 1633 2898 1703 μὴ
2924 1632 3024 1704 ζῇν
3055 1634 3411 1704 Χριστιανούς
3431 1651 3445 1663 ·
3471 1636 3685 1690 ἀποστεί-

493 1721 788 1787 imperator
867 1716 1037 1769 edixit
1106 1730 1172 1768 ne
1244 1715 1367 1782 quis
1417 1714 1852 1768 Christianorum
1922 1715 2073 1769 vivus

2184 1723 2272 1785 λας
2302 1721 2359 1774 δὲ
2403 1723 2485 1786 είς
2525 1723 2897 1795 Ἰεροσόλυμα,
2920 1727 3044 1789 τοὺς
3097 1727 3350 1794 ἐγγόνους
3387 1727 3577 1793 Ἰούδα,
3617 1730 3689 1784 τοῦ

490 1813 928 1880 relinqueretur,
964 1809 1292 1874 tnittensque
1342 1805 1773 1878 Hierosolymam
1797 1846 1812 1870 ,
1849 1818 2075 1874 nepotes

488 1903 639 1958 Judte
704 1901 888 1956 fratris
921 1900 1130 1953 Domini
1171 1900 1386 1953 vini-tos
1415 1898 1641 1951 Iimnatn
1680 1898 2074 1964 addneijussit,

490 2010 630 2065 quos
670 1995 737 2048 de
798 1991 1020 2048 Christo
1055 2005 1328 2059 regnoque
1367 1990 1536 2057 ipsius
1570 1990 1946 2059 interrogavit.
1992 1988 2073 2042 Illi

491 2096 670 2142 autem
716 2086 1112 2155 responderunt
1183 2097 1290 2137 non
1318 2097 1440 2137 esse
1485 2090 1763 2136 terrenum
1802 2081 1944 2136 illius
1988 2096 2077 2135 re-

489 2193 653 2244 gnum
702 2176 796 2230 sed
845 2174 1091 2237 cteleste,
1126 2171 1474 2241 futurumque
1516 2181 1573 2224 ut
1616 2172 1669 2225 in
1729 2185 2076 2225 consumma.

493 2270 638 2325 tione
678 2265 1002 2323 saeculorum
1037 2264 1248 2319 veniret
1283 2278 1408 2319 cum
1443 2263 1613 2333 gloria
1641 2263 1887 2330 judicare
1930 2264 2079 2317 vivos

491 2373 546 2417 et
594 2369 872 2424 mortuos,
937 2368 994 2412 et
1048 2357 1356 2412 retribuere
1418 2355 1718 2425 unicuique
1776 2356 2075 2411 secundum

491 2468 657 2525 opera
692 2468 811 2509 sua.
838 2452 957 2517 Quo
999 2450 1207 2514 audito,
1243 2448 1425 2503 Caesar
1454 2448 1649 2502 timore
1678 2448 1963 2517 perculsus
1986 2463 2079 2503 eos

493 2565 521 2602 a
548 2547 783 2605 vinculis
799 2542 1069 2608 dissolvit,
1095 2549 1151 2598 et
1180 2541 1622 2612 persecutionem
1650 2539 1707 2595 in
1737 2540 2078 2596 Christianos

496 2638 781 2710 repressit.

563 2730 667 2788 Hic
698 2736 1050 2798 posteaquam
1080 2724 1370 2794 imperium
1399 2738 1574 2780 annos
1598 2723 1908 2794 quindecim
1937 2724 2079 2777 obti-

494 2823 725 2886 nuisset,
769 2820 1013 2876 moriens
1059 2817 1348 2874 discessit.
1386 2816 1493 2873 Pro
1525 2832 1634 2888 quo
1686 2816 1860 2871 Nerva
1913 2832 2078 2871 unum

494 2914 757 2969 duntaxat
804 2925 1040 2980 regnans
1084 2924 1286 2964 annum
1348 2910 1511 2964 etiam
1568 2909 1821 2974 moritur,
1867 2916 2083 2979 etpost

495 3024 618 3062 eum
652 3005 925 3074 Traianus
967 3019 1141 3060 annos
1173 3005 1363 3075 viginti
1402 3005 1712 3075 imperavit.
1756 3001 1858 3058 Hic
1891 3011 2079 3057 contra

496 3099 840 3156 Christianos
874 3096 1311 3166 persecutionem
1345 3098 1637 3151 maximam
1672 3111 1896 3151 movens
1945 3093 2084 3147 mnl-
2108 3066 2153 3128 θ

500 3206 584 3248 tos
633 3192 895 3262 martyrio
928 3189 1131 3254 aﬂecit,
1182 3203 1353 3258 usque
1386 3191 1543 3255 adeo,
1591 3198 1652 3243 ut
1685 3188 1788 3258 ipsi
1842 3187 2083 3257 gentium

499 3284 770 3355 principes
808 3282 1020 3353 fatigati
1076 3296 1287 3346 eorum,
1321 3280 1414 3351 qni
1456 3281 1774 3352 martyrium
1805 3280 2080 3346 subibant,

501 3375 869 3437 multitudine,
910 3374 977 3427 ad
1014 3372 1287 3428 Cursarem
1328 3372 1380 3426 id
1434 3371 1702 3427 referrent
1745 3371 2084 3427 Christiano-

502 3485 727 3542 rnmqne
778 3467 1014 3523 libertati
1072 3466 1177 3520 boc
1219 3464 1593 3520 testimonium
1637 3465 1850 3528 darent,
1903 3462 2082 3517 omnia

498 3578 595 3618 eos
630 3577 699 3617 ex
752 3559 938 3614 debito
992 3556 1173 3627 legum
1200 3556 1519 3625 prmripto
1548 3552 1751 3621 facere,
1792 3553 1902 3609 nisi
1941 3551 2085 3623 quod

498 3654 777 3711 Christum
802 3653 1071 3706 duntaxat
1098 3648 1278 3704 solum
1321 3648 1490 3703 Deum
1524 3648 1933 3704 conﬁterentur.
1956 3644 2087 3702 Haec

501 3747 726 3804 audiens
754 3745 1056 3812 imperator
1082 3741 1450 3808 persecutioni
1480 3741 1642 3795 linem
1671 3740 1949 3810 imposuit.
1973 3737 2087 3792 Sub

499 3856 565 3895 eo
595 3847 778 3893 autem
816 3834 1004 3889 Romae
1060 3832 1331 3903 lgnatlus,
1376 3832 1749 3887 Antiochenus
1771 3831 2082 3899 episcopus,

502 3930 825 4001 martyrium
877 3940 1072 3997 passus
1106 3933 1214 3990 est,
1260 3936 1318 3980 et
1372 3923 1595 3979 Simeon
1630 3923 1883 3993 Cleopha
1921 3922 2085 3987 ﬁlius,

501 4020 678 4076 artatis
709 4017 1029 4073 vicesimum
1076 4030 1240 4086 supra
1265 4016 1621 4071 centesimum
1666 4029 1869 4069 annum
1892 4029 2083 4085 agens,

502 4113 571 4168 ab
597 4112 779 4167 Attico
815 4109 1075 4179 quodam,
1122 4108 1239 4162 viro
1273 4107 1572 4171 consulari,
1606 4107 1659 4161 in
1687 4121 1903 4162 crucem
1932 4117 2088 4160 actus

499 4215 607 4262 est.
664 4204 869 4259 Eodem
913 4210 1166 4270 tempore
1210 4199 1416 4267 Judaei,
1493 4200 1562 4256 ad
1615 4209 1930 4256 consuetam
1983 4197 2085 4254 sibi

506 4296 782 4352 vesaniam
840 4295 1151 4356 redeuntes,
1191 4307 1373 4361 regem
1396 4291 1500 4346 sibi
1532 4308 1724 4347 creare
1765 4292 1882 4346 ausi
1935 4300 2082 4346 sunt.

2174 1814 2408 1884 ἀδελφοῦ
2461 1813 2557 1869 τοῦ
2607 1814 2851 1886 Κυρίου,
2888 1816 2981 1868 ἐπὶ
3027 1817 3127 1887 τὴν
3170 1816 3382 1888 Ῥώμην
3416 1818 3690 1887 ἀπήγαγεν,

2174 1906 2271 1961 καὶ
2322 1907 2682 1978 ἐπηρώτησεν
2733 1908 2931 1970 αὐτοὺς
2961 1910 3091 1979 περὶ
3120 1908 3211 1962 τοῦ
3250 1910 3473 1980 Χριστοῦ
3499 1912 3583 1964 καὶ
3618 1911 3691 1979 τῆς

2175 1997 2342 2050 αύτοῦ
2370 1996 2670 2067 βασιλείας.
2696 1998 2760 2050 Οί
2786 1997 2842 2050 δέ
2871 1998 3243 2068 ἀπεκρίναντο
3275 1999 3346 2070 μὴ
3373 1995 3499 2055 εἶναι
3522 2002 3606 2068 τὴν
3625 1999 3692 2070 βαι

2177 2089 2384 2142 σιλείαν
2434 2088 2599 2142 αὐτοῦ
2653 2089 2932 2158 ἐπίγειον,
2979 2089 3097 2142 ἀλλ’
3140 2091 3485 2161 ἐπουράνιον,
3524 2093 3692 2162 μέλλειν

2176 2182 2233 2234 δὲ
2272 2182 2330 2232 ἐν
2352 2183 2415 2251 τῇ
2454 2180 2738 2252 συντελείᾳ
2771 2181 2879 2234 τῶν
2911 2179 3126 2235 αἰώνων
3158 2181 3406 2253 ἔρχεσθαι
3432 2184 3554 2253 μετὰ
3573 2184 3692 2254 δόξης

2177 2276 2364 2345 κρῖναι
2413 2272 2622 2337 ζῶντας
2651 2275 2746 2327 καὶ
2778 2274 3037 2344 νεκροὺς,
3081 2275 3177 2328 καλ⁵
3222 2276 3499 2329 ἀποδοῦναι
3525 2278 3693 2343 ἑκάστῳ

2178 2365 2321 2419 κατὰ
2348 2365 2417 2418 τὰ
2447 2365 2586 2436 ἔργα
2618 2365 2808 2419 αὐτοῦ.
2837 2365 3024 2419 Ταῦτα
3048 2367 3288 2432 ἀκούσας
3312 2369 3341 2420 ὁ
3376 2370 3573 2439 Καῖσαρ
3595 2408 3607 2430 ,
3630 2370 3694 2421 καὶ

2178 2458 2417 2530 ἔμφοϐος
2454 2458 2781 2529 γενόμενος,
2813 2458 3088 2515 ἀπέλυσεν
3116 2463 3312 2526 αὐτοὺς
3330 2502 3344 2528 ,
3371 2462 3462 2516 καὶ
3490 2461 3571 2516 τὸν
3593 2460 3697 2515 κατὰ

2179 2550 2288 2605 τῶν
2321 2550 2665 2622 Χριστιανῶν
2690 2550 2934 2622 διωγμὸν
2964 2552 3271 2609 ἐκώλυσεν.

2266 2748 2531 2803 Ἀπέθανε
2554 2749 2609 2803 δέ
2630 2750 2958 2821 Δομετιανὸς
2976 2752 3310 2823 βασιλεύσας
3329 2752 3421 2823 ἐτη
3442 2748 3701 2814 δεκαπέντε,

2183 2839 2279 2892 καὶ
2318 2838 2566 2911 Νερουᾶς
2613 2841 2965 2896 ἐϐασίλευσεν
2999 2843 3121 2896 ἀντ’
3155 2843 3319 2899 αὐτοῦ
3363 2844 3473 2907 ἔτος
3497 2843 3565 2896 ἓν.
3603 2845 3701 2895 Ἀπ-

2184 2931 2342 2985 έθανε
2372 2932 2429 2986 δέ
2455 2932 2702 3003 Νερουᾶς
2721 2977 2735 3001 ,
2770 2935 2869 2987 καὶ
2897 2934 3257 2991 ἐϐασίλευσεν
3285 2937 3399 2990 ἀντ’
3430 2934 3577 2989 αὑτοῦ
3599 2936 3705 3002 Τρα-

2185 3024 2337 3086 ϊανὸς
2392 3023 2485 3093 ἐτη
2512 3025 2736 3079 εἴκοσιν.
2793 3020 2966 3089 υῦτος
3011 3027 3259 3098 διωγμὸν
3295 3029 3386 3082 ἐπὶ
3433 3028 3554 3080 πολὺ
3602 3024 3703 3078 κατὰ

2188 3110 2531 3181 Χριστιανῶν
2554 3113 2785 3184 κινήσας
2801 3154 2816 3179 ,
2854 3115 3146 3185 μάρτυρας
3175 3115 3517 3185 παμπόλλους
3539 3113 3707 3182 sedven-

2191 3221 2284 3259 σεν
2308 3244 2324 3268 ,
2365 3203 2507 3257 ὥστε
2534 3206 2662 3269 τοὺς
2690 3204 2958 3277 ἄρχοντας
2986 3208 3100 3262 τῶν
3133 3209 3307 3263 ἐθνῶν
3334 3208 3705 3267 ἀποκακίσαντις

2186 3298 2263 3369 τῷ
2321 3297 2514 3369 πλήθει
2566 3298 2675 3351 τῶν
2712 3300 3144 3372 μαρτυρούντων
3183 3303 3474 3370 ἀναγαγεῖν
3505 3299 3570 3370 τῷ
3585 3298 3708 3351 αὐτο-

2187 3390 2417 3462 κράτορι
2436 3431 2451 3453 ,
2477 3392 2895 3464 μαρτυροῦντας
2929 3397 2995 3466 τῇ
3023 3394 3140 3448 τῶν
3172 3395 3505 3466 Χριστιανῶν
3541 3390 3706 3445 ἐλευθε-

2189 3483 2281 3555 ρία
2302 3522 2318 3547 ,
2354 3485 2437 3536 ὅτι
2488 3485 2663 3538 πάντα
2698 3484 2840 3538 κατὰ
2879 3486 3082 3555 νόμους
3115 3489 3250 3551 τοὺς
3298 3488 3589 3558 πρέποντας
3625 3482 3711 3536 δια-

2189 3574 2530 3645 πράττουσι,
2595 3576 2833 3646 Χριστδν
2891 3572 2949 3630 δὲ
3012 3578 3180 3646 μόνον
3244 3577 3377 3631 Θεὸν
3426 3572 3709 3647 ὁμολογοῦσι.

2187 3665 2377 3719 Ταῦτα
2410 3665 2650 3728 ἀκούσας
2679 3668 2708 3719 ὁ
2736 3667 3099 3739 αὐτοκράτωρ
3148 3669 3357 3722 ἔπαυσε
3387 3669 3474 3723 τον
3509 3664 3714 3734 διωγμόν.

2201 3756 2588 3828 Ἐμαρτύρησε
2617 3758 2674 3812 δέ
2704 3758 2975 3812 ἐπάύτοῦ
3000 3761 3057 3812 ἐν
3095 3759 3291 3833 Ῥώμῃ
3327 3760 3569 3827 Ἰγνάτιος
3590 3759 3615 3811 ὁ
3636 3752 3717 3808 ἐπί·

2190 3866 2394 3913 σκοπος
2442 3850 2774 3920 Ἀντιοχείας
2792 3891 2807 3912 ,
2839 3852 2932 3905 καὶ
2955 3852 3176 3922 Σιμεὼν
3205 3854 3235 3906 ὁ
3261 3852 3356 3907 τοῦ
3385 3852 3617 3914 Κλεόπα,
3638 3847 3718 3901 ὁὲν

2205 3940 2472 4011 Ἱεροσολύ
2483 3958 2605 4011 μοις
2631 3942 2935 4005 ἐπίσκοπος
2953 3983 2967 4005 ,
2994 3944 3339 4015 σταυρωθεὶς
3359 3981 3373 4004 .
3391 3942 3464 3996 ὢν
3485 3940 3605 3994 ἐτῶν
3627 3938 3720 3991 ἐκο-

2198 4032 2292 4085 τδν
2330 4033 2427 4088 καὶ
2457 4034 2663 4086 εἴκοσιν
2687 4074 2701 4098 ,
2748 4034 2842 4086 ἐπὶ
2884 4035 3135 4089 Ἀττικοῦ
3166 4054 3314 4100 τινος
3331 4033 3601 4090 ὑπατικοῦ.
3621 4025 3720 4085 Κατ’

2184 4125 2398 4177 ἐκεῖνον
2420 4125 2511 4178 τὸν
2536 4124 2729 4195 καιρὸν
2758 4124 3004 4178 Ἰουδαῖοι
3028 4129 3094 4197 τῇ
3126 4127 3289 4195 σφῶν
3320 4126 3483 4198 μανίᾳ
3505 4123 3722 4196 χρώμενοι

2191 4216 2503 4287 ἐτόλμησαν
2535 4216 2764 4287 βασιλέα
2793 4217 3005 4271 ἑαυτῶν
3032 4218 3237 4289 στῆσαι
3260 4262 3276 4287 ,
3296 4220 3383 4288 ἐφ’
3404 4211 3448 4286 ᾧ
3484 4209 3726 4286 κινηθεὶςδ

2195 4311 2559 4381 αὐτοκράτωρ
2584 4309 2913 4363 ἀπέστειλεν
2944 4311 3219 4381 ἄρχοντας
3251 4311 3537 4383 στιϐαροὺς
3558 4309 3635 4361 ἐπ’
3659 4302 3727 4357 αὖ·

504 4388 619 4453 Qtta
691 4401 750 4440 re
800 4395 1108 4438 commotus
1184 4384 1481 4452 imperator
1541 4388 1610 4439 ad
1657 4400 1751 4440 eos
1805 4385 2081 4455 praefectos

2192 4402 2317 4463 τοὺς
2338 4442 2353 4465 ,
2389 4402 2587 4465 οἵτινες
2621 4405 3018 4473 χειρωσάμενοι
3044 4403 3137 4459 τὸν
3166 4403 3546 4475 προϐληθέντα
3571 4397 3727 4469 τύραν-
3838 4410 3839 4417 ‘

504 4478 774 4534 νίοῖθιὶιοε
812 4474 998 4565 imis“.
1052 4475 1165 4543 (Ιιιῖι
1206 4483 1365 4543 (⁸³1³⁸0
1408 4482 1664 4544 tyrannm.
1722 4491 1819 4545 Ρθτ
1868 4490 2085 4529 omnm
2122 4474 2141 4475 ί
2195 4507 2282 4543 νον
2311 4491 2412 4543 ἀνὰ
2466 4492 2647 4543 πᾶσαν
2690 4490 2878 4545 λοιπὸν
2929 4492 3029 4562 τὴν
3072 4474 3411 4565 οἰκουμένην
3449 4491 3726 4546 διώκοντες,

505 4568 763 4624 mundum
798 4564 1018 4621 Juduaos
1053 4566 1310 4635 deinceps
1332 4577 1742 4648 persequentes,
1774 4566 2086 4621 innumera-

492 4662 666 4718 .bileut
702 4672 897 4713 eorum
949 4657 1347 4712 multitudinem
1380 4657 1725 4713 occiderunt.

583 4751 855 4808 Defuncto
876 4760 1056 4806 autem
1085 4749 1345 4819 'l‘rajann,
1381 4764 1480 4820 pro
1508 4766 1576 4805 eo
1603 4749 1783 4806 Elius
1800 4751 2083 4806 Adrianus

499 4844 694 4914 viginti
738 4853 793 4897 et
847 4857 1012 4897 unum
1062 4858 1237 4897 annos
1292 4842 1597 4912 imperavit.
1660 4841 1763 4897 Hic
1814 4858 1938 4897 cum
1992 4843 2091 4896 atl-

505 4951 662 4992 versa
708 4935 955 5005 corporis
1011 4935 1323 4990 Valetudine
1377 4945 1649 5003 uteretur,
1702 4945 1874 4991 totum
1932 4950 2092 4989 mun-

505 5028 631 5083 dttm
705 5027 1020 5098 peragravit
1082 5027 1226 5082 malo
1303 5042 1401 5082 suo
1467 5029 1768 5083 remedium
1815 5041 2087 5099 quarens.

507 5118 798 5190 Postquam
841 5135 971 5175 vero
1001 5120 1069 5174 ad
1118 5131 1368 5176 sanetam
1411 5120 1688 5175 civitatem
1734 5121 2090 5191 pervenisset,

508 5214 843 5284 vidissetque
871 5230 991 5268 eam
1021 5215 1239 5283 penitus
1271 5214 2091 5281 devastatam,Christiandrum

503 5307 769 5361 duntaxat
798 5321 903 5359 una
936 5306 1171 5375 quadam
1206 5307 1276 5361 ibi
1324 5306 1553 5361 ecclesia
1610 5308 1923 5372 constituta,
1960 5306 2099 5360 inte-

504 5412 655 5464 gram
691 5398 758 5453 de
789 5412 928 5452 novo
959 5399 1167 5453 exstrui
1206 5399 1519 5462 mandavitr,
1570 5408 1798 5470 excepto
1851 5401 2088 5467 templo;

502 5505 611 5558 quo
634 5488 906 5545 intellecto
944 5487 1118 5545 Judaei
1168 5490 1406 5560 undique
1431 5490 1696 5560 gentium,
1745 5490 1894 5543 brevi
1952 5502 2089 5543 tent—

2198 4582 2374 4653 πλήθη
2410 4583 2758 4653 ἀναρίθμητα
2791 4582 2899 4638 τῶν
2940 4584 3217 4639 Ἰουδαίων
3251 4583 3606 4653 κατέσφαζον.

2278 4753 2540 4808 Ἀπέθανε
2563 4754 2620 4808 δέ
2653 4755 2943 4826 Τραϊανὸς,
2971 4757 3065 4811 καὶ
3091 4758 3451 4811 ἐϐασίλευσεν
3479 4754 3587 4809 ἀντ’
3605 4744 3731 4805 αὐτοὖ

2194 4845 2377 4909 Αἴλιος
2419 4845 2701 4917 Ἀδριανὸς
2730 4848 2904 4903 εἴκοσι
2935 4850 3033 4904 καὶ
3063 4849 3122 4902 ἓν
3155 4850 3303 4914 ἔτος.
3353 4846 3521 4911 Οὗτος
3563 4841 3733 4913 περιείη

2194 4935 2295 4998 τὰς
2324 4935 2528 5007 χώρας,
2559 4937 2829 5009 λωϐηθεὶς
2873 4939 2935 4992 τδ
2968 4939 3127 5011 σῶμα
3163 4942 3263 4994 καὶ
3300 4942 3478 5010 ζητῶν
3510 4954 3619 4989 τινα
3646 4935 3733 4983 ἐπι·

2198 5028 2424 5099 κουρίαν
2468 5028 2565 5082 τοῦ
2594 5029 2823 5095 πάθους.
2871 5030 3075 5085 Ἐλθὼν
3098 5032 3154 5085 δέ
3192 5033 3342 5086 κατὰ
3367 5033 3464 5103 τὴν
3492 5029 3638 5097 ἁγίαν
3665 5019 3737 5074 πόο

2198 5120 2282 5173 λιν
2307 5162 2321 5184 ,
2351 5122 2446 5175 καὶ
2478 5122 2599 5178 ίδὼν
2632 5124 2802 5195 αὐτὴν
2824 5123 3207 5196 ὴδαφισμένην
3233 5165 3248 5188 ,
3287 5125 3458 5196 μόνην
3481 5122 3534 5175 δέ
3553 5119 3638 5190 τὴν
3660 5111 3737 5167 τῶν
3838 5140 3839 5151 ι

2195 5215 2543 5285 Χριστιανῶν
2574 5216 2871 5287 ἐκκλησίαν
2916 5217 3216 5288 ἱσταμένην
3239 5260 3254 5283 ,
3286 5218 3537 5272 ἐκέλευσε
3563 5207 3740 5276 κτισθῆ·
3838 5250 3839 5265 χ

2194 5324 2281 5359 ναι
2305 5307 2404 5379 τὴν
2436 5307 2590 5361 πόλιν
2621 5308 2781 5380 ὅλην,
2810 5311 3085 5381 παρεκτὸς
3108 5309 3205 5363 τοῦ
3238 5309 3398 5364 ναοῦ.
3435 5304 3741 5361 Ἀκούσαντες
3838 5300 3839 5319 ¹

2198 5398 2256 5451 δὲ
2302 5400 2546 5453 Ἰουδαῖοι
2578 5400 2956 5473 συνερρύησαν
2988 5404 3051 5456 ἐκ
3088 5402 3295 5466 παντὸς
3328 5401 3544 5463 ἔθνους,
3584 5394 3665 5450 καὶ
3698 5392 3740 5441 ἐν

2196 5489 2362 5562 ὀλίγῳ
2386 5492 2562 5563 χρόνῳ
2590 5494 2801 5563 ταχέως
2828 5494 2950 5546 λίαν
2976 5490 3203 5563 ἐκτίσθη
3229 5494 3371 5565 (ιε).
3391 5492 3543 5547 Ἀλλὰ
3568 5480 3739 5539 uti).th

2019 5604 2247 5665 NOTAE.

578 5707 691 5776 (45)
722 5706 853 5762 Cod.
889 5706 1016 5760 Stlt.
1043 5708 1262 5772 πυκνῶς
1293 5707 1413 5760 λίαν
1447 5707 1777 5776 συκιιεικίσθη.
