3968 6198
268 303 393 369 ίοιὶὗ

1212 299 1311 358 DE
1342 288 1815 357 INVENTIONE
1855 285 2161 347 SANCTAE
2191 283 2484 344 CRUCIS.

3381 269 3452 332 to
3470 250 3525 332 εδ

266 409 615 483 ἐκϐακχεύων
668 408 869 471 αὐτοὺς
918 407 950 462 δ
977 407 1216 479 πονηρὸς
1264 408 1511 476 δαίμων,
1543 403 1645 459 οὐκ
1660 402 1842 456 είασεν

1962 411 2097 466 tore.
2127 411 2193 451 eo
2226 392 3009 459 confluxerunt,celeriterque
3037 376 3233 444 civitas
3258 395 3339 441 est
3358 386 3533 440 auditi-

266 506 448 568 αὐτοὺς
496 502 727 574 ἠρεμεῖν
750 540 766 565 ,
804 498 941 554 ἀλλὰ
991 499 1332 563 ἀποστάντες
1391 497 1491 568 τῆς
1550 493 1840 566 Ῥωμαίων

269 597 534 668 ὑποταγῆς
558 634 575 659 ,
610 594 962 662 κατέστησαν
998 589 1217 654 ἑαυτοῖς
1245 586 1555 658 στασιώτην
1588 584 1710 640 τινὰ
1743 601 1844 638 κα-

269 687 516 759 λούμενον
541 682 926 755 Βαρχωχίϐαν.
955 682 1144 737 Ταῦτα
1174 681 1415 744 ἀκούσας
1440 682 1469 733 ό
1494 680 1713 748 Καῖσαρ
1736 676 1843 731 ἀπ-

269 783 498 837 έστειλεν
520 780 606 833 ἐπ’
631 778 830 840 αὐτοὺς
852 774 1197 849 στρατόπεδα
1226 772 1543 843 πάμπολλα,
1564 772 1658 825 καὶ
1682 768 1842 823 πολυ-

269 872 488 944 χρονίως
537 868 894 937 ἐπολιόρκουν
949 868 1049 937 τὴν
1079 865 1272 926 πόλιν,
1314 864 1420 928 ἕως
1463 867 1526 919 οὐ
1578 859 1724 932 λιμῷ
1748 859 1845 915 καὶ

266 963 384 1036 δίψῃ
404 961 670 1033 διεφθάρη
698 960 806 1024 πᾶς
834 959 863 1012 ὁ
898 957 1028 1022 λαὸς
1059 959 1121 1012 ἐν
1150 956 1313 1027 αὐτῇ.

328 1136 478 1207 Αὕτη
532 1135 677 1187 ἐστὶν
736 1133 770 1203 ή
819 1130 1026 1201 ἐσχάτη
1080 1129 1366 1199 ἐρήμωσις
1408 1127 1509 1198 τῆς
1560 1126 1843 1191 Ἰουδαίας.

268 1228 480 1291 Πάντας
522 1224 632 1294 γὰρ
676 1224 804 1288 τοὺς
856 1220 1149 1285 Ἰουδαίους
1193 1218 1585 1291 ἐξολοθρεύσας
1626 1217 1723 1271 καὶ
1768 1219 1848 1280 εἰς

269 1320 497 1389 παντελῆ
537 1318 773 1390 ἐρημίαν
822 1313 1174 1385 καταστήσας
1217 1312 1317 1382 τὴν
1363 1311 1555 1378 πόλιν,
1593 1310 1848 1364 ἐκέλευσε

162 1404 187 1421 “
269 1418 375 1477 τοῖς
406 1411 633 1481 Ἕλλησι
666 1407 920 1479 κατέχειν
946 1405 1141 1477 αὐτὴν,
1170 1403 1388 1476 γράψας
1405 1402 1568 1473 νόμον
1587 1402 1850 1472 δογματι-

267 1505 373 1568 κῶς
423 1501 737 1565 κελεύοντα,
780 1497 984 1570 μηκέτι
1034 1498 1163 1561 τοὺς
1216 1494 1507 1556 Ἰουδαίους
1550 1492 1850 1562 ὀφθαλμοῖς

266 1590 393 1661 ὁρᾷν
429 1589 531 1659 τῆς
572 1585 835 1657 πατρῴας
875 1585 979 1655 γῆς
1008 1582 1069 1636 τὸ
1103 1583 1321 1653 ἔδαφος.
1358 1582 1423 1636 Oi
1466 1582 1524 1636 δὲ
1561 1583 1849 1653 οἰκήτορες

267 1682 371 1736 τῶν
403 1680 792 1753 Ἰεροσολύμων
815 1679 875 1744 ἐξ
903 1677 1218 1748 ἀλλοφύλων
1240 1676 1601 1747 τυγχάνοντες
1647 1674 1851 1746 στήλην

1946 497 2090 544 cata.
2157 485 2357 541 Verum
2413 484 2589 540 malus
2637 486 2835 540 iterum
2893 482 3082 552 genius
3132 480 3237 534 illis
3295 486 3532 533 mentem

1945 576 2207 646 eripiens.
2256 575 2473 645 quietos
2507 588 2629 629 esse
2659 591 2762 628 non
2790 573 2939 627 sivit.
2962 574 3158 641 itaque
3200 588 3226 622 a
3260 568 3535 625 ilomano-

1951 683 2072 721 rum
2129 666 2449 721 deﬁcientes
2503 665 2756 736 imperio,
2798 665 2899 721 sibi
2931 680 3030 736 pro
3061 679 3184 733 rege
3213 663 3534 717 seditiosum

1948 756 2273 825 quemdam,
2328 754 2752 811 Barchaclteban
2817 757 3073 822 nomine,
3108 755 3529 809 constituerunt.

1946 848 2102 916 Quod
2132 849 2319 904 statim
2363 857 2424 903 ut
2449 847 2637 904 Caesar
2671 850 2899 915 audivit,
2940 863 3136 918 magno
3166 846 3218 900 in
3251 854 3344 901 eos
3377 860 3536 900 exer-

1948 943 2060 995 citu
2118 941 2322 1007 misso,
2367 940 2559 998 urbem
2608 956 2795 995 eorum
2846 941 3035 995 tandiu
3084 939 3322 1002 obsedit,
3362 938 3535 993 donec

1950 1047 2164 1099 omnes,
2195 1036 2287 1103 qui
2319 1034 2371 1089 in
2401 1050 2467 1090 ea
2502 1045 2683 1101 erant,
2718 1034 2864 1089 fame
2905 1042 2964 1089 et
2990 1033 3078 1089 siti
3112 1034 3532 1088 conﬁcerentur.

2016 1127 2195 1194 Atque
2227 1125 2342 1180 bmc
2374 1125 2476 1181 fuit
2505 1126 2690 1180 ultima
2722 1125 2963 1181 Judatcae
2996 1124 3170 1195 gentis
3204 1124 3530 1179 devastatio.

1951 1213 2224 1273 Omnibus
2260 1218 2407 1272 enim
2437 1217 2643 1274 Judmis
2685 1217 3057 1273 internecione
3081 1216 3257 1282 caesis,
3294 1216 3534 1285 urbeque

1951 1307 2019 1361 ad
2071 1321 2278 1363 meram
2312 1308 2665 1364 solitudinem
2710 1309 2824 1380 jam
2878 1310 3121 1372 redacta,
3174 1321 3363 1361 rursus
3411 1321 3531 1361 eam

1952 1399 2302 1467 instauravit,
2350 1412 2405 1457 et
2434 1418 2467 1456 a
2513 1400 2719 1456 Graecis
2758 1399 2998 1456 habitari
3043 1399 3322 1469 praecepit,
3366 1399 3532 1469 legem

1952 1491 2035 1547 eis
2083 1492 2466 1567 praescribens,
2523 1507 2628 1563 qua
2681 1507 2945 1561 expresse
2992 1492 3306 1558 cavebatur,
3351 1492 3536 1546 necui

1951 1584 2183 1653 posthac
2212 1582 2524 1639 Iudaeorum
2566 1585 2759 1654 patriae
2799 1585 2982 1639 solum
3017 1584 3193 1640 oculis
3225 1583 3425 1638 intueri
3465 1583 3537 1638 li-

1952 1685 2127 1733 ceret.
2161 1675 2361 1731 lncolaa
2407 1687 2593 1730 autem
2626 1676 3138 1748 Hierosolymitani,
3171 1684 3411 1731 externae
3442 1689 3539 1729 na-

266 1773 343 1846 τῷ
379 1773 742 1844 αὐτοκράτορι
771 1771 996 1844 ἵδρυσαν
1030 1772 1090 1823 ἐν
1125 1769 1277 1840 αύτῷ
1302 1769 1379 1841 τῷ
1410 1769 1540 1841 ἱερῷ
1566 1769 1718 1838 παρᾶ
1748 1768 1848 1839 τὴν

1962 1770 2118 1826 tionis
2147 1769 2424 1834 homines,
2459 1769 2773 1824 columnam
2822 1770 3135 1837 imperatori
3172 1770 3224 1822 in
3255 1768 3371 1839 ipso
3400 1778 3538 1823 tem-

268 1866 473 1938 ὡραίαν
506 1865 702 1935 πύλην,
726 1866 817 1919 καὶ
833 1863 1169 1935 ἀμείψαντες
1200 1863 1260 1916 τὸ
1282 1862 1456 1932 ὄνομα
1483 1861 1583 1931 τῆς
1615 1860 1846 1927 πόλεως,

269 1959 531 2014 ἐκάλεσαν
585 1958 754 2027 αὐτὴν
815 1957 906 2009 ἐπὶ
958 1956 1039 2027 τῷ
1092 1955 1321 2025 ὀνόματι
1377 1953 1472 2007 τοῦ
1523 1952 1851 2025 κρατοῦντος

273 2050 479 2107 Αἰλίαν.
525 2050 590 2102 ἸΙ
619 2050 676 2102 δέ
724 2050 831 2120 πρὸ
859 2048 1063 2102 τούτων
1084 2047 1195 2102 τῶν
1216 2047 1426 2120 χρόνων
1457 2049 1516 2102 ἐν
1557 2046 1852 2118 Ἰεροσολύ-

273 2157 391 2209 μοις
413 2138 543 2206 άγία
566 2138 865 2204 Ἐκκλησία
881 2138 942 2203 ἐξ
969 2138 1237 2210 Ἐϐραίων
1263 2139 1506 2191 συστᾶσα
1528 2138 1852 2208 ούκέδέχετο

273 2227 570 2279 ἐπίσκοπον
627 2226 1022 2299 ἀπερίτμητον.
1100 2226 1242 2293 Τοὺς
1287 2227 1344 2281 δὲ
1402 2230 1630 2298 χρόνους
1672 2228 1883 2282 αὐτῶνκ

274 2316 614 2387 συγχωρήσει
646 2332 737 2386 μοι
765 2318 798 2387 ή
825 2316 1043 2387 ὁσιότης
1079 2316 1235 2387 ὑμῶν
1269 2317 1612 2387 ἀπορήσαντι
1641 2317 1718 2387 μὴ
1746 2316 1855 2370 δια-

273 2408 534 2477 σημᾶναι,
569 2406 629 2459 ού
665 2406 774 2476 γὰρ
820 2406 886 2460 ἂν
914 2406 1153 2471 εὐκόλως
1173 2406 1328 2478 εὖροι
1358 2424 1444 2471 τις
1494 2405 1737 2462 πώποτε.
1773 2407 1855 2461 Τὰ

270 2497 327 2550 δέ
373 2498 615 2568 ὀνόματα
658 2497 837 2551 αὐτῶν
870 2500 986 2551 ἐστι
1036 2498 1232 2553 ταῦτα.
1274 2498 1498 2570 Πρῶτος
1536 2497 1792 2562 Ἰάκωϐος
1825 2499 1855 2553 ὁ

272 2588 363 2642 τοῦ
385 2590 591 2661 Κυρίου
621 2589 871 2659 ἀδελφὸς,
904 2589 1118 2660 Σιμεὼν
1148 2593 1176 2644 ό
1195 2591 1288 2644 τοῦ
1313 2591 1556 2656 Κλεόπα,
1600 2592 1854 2655 Ἰοῦστος.

271 2683 501 2753 Ζαχαῖος
535 2682 668 2755 (46),
707 2683 928 2751 Τοϐίας,
958 2685 1241 2757 Βενιαμὶν,
1278 2685 1549 2754 Ἰωάννης,
1583 2685 1851 2749 Ματθίας,

272 2773 560 2841 Φίλιππος,
622 2776 879 2841 Σενέκας,
956 2775 1208 2843 Ἰοῦστος,
1239 2777 1438 2848 Λεϐῆς,
1484 2778 1856 2848 Ἐφρῆς,⁹1ω-

272 2865 425 2938 σὴφ,
485 2866 708 2932 Ἰούδας.
770 2862 933 2923 Οὗτοι
1000 2871 1205 2934 πάντες
1265 2871 1330 2922 ἐκ
1398 2873 1499 2940 τῆς
1555 2872 1858 2943 περιτομῆς

271 2959 543 3031 ὑπῆρχον,
582 2960 713 3015 δέκα
747 2963 841 3018 καὶ
874 2963 1037 3016 πέντε
1069 2963 1160 3017 τὸν
1181 2962 1437 3035 ἀριθμόν.
1463 2964 1570 3017 Καὶ
1603 2965 1858 3033 συνάγον-

271 3069 363 3107 ται
396 3055 505 3106 άπδ
534 3055 633 3125 τῆς
670 3055 928 3119 ἁλώσεως
969 3056 1361 3129 Ἰεροσολύμων
1384 3096 1400 3123 ,
1436 3057 1541 3121 ἕως
1573 3057 1671 3127 τῆς
1696 3056 1856 3110 ὑστέ-

276 3162 376 3214 ρας
411 3144 731 3217 πολιορκίας
760 3149 851 3202 καὶ
887 3151 987 3222 τῆς
1005 3151 1113 3204 τῶν
1155 3150 1426 3206 Ἰουδαίων
1455 3150 1667 3214 τελείας
1698 3148 1855 3204 ἐκϐο-

273 3234 373 3305 λῆς
400 3234 492 3308 ἐτη
519 3239 855 3310 πεντήκοντα
874 3241 1018 3295 ὀκτώ
1045 3241 1181 3313 (47).

358 3495 424 3549 Ἦ
450 3495 509 3547 δέ
547 3497 690 3550 κατὰ
721 3498 821 3565 τὴν
866 3498 1057 3551 Αἰλίαν
1098 3502 1342 3555 συστᾶσα
1380 3503 1513 3571 ἁγία
1563 3506 1859 3575 Ἐκκλησία

274 3586 336 3651 ἐξ
359 3584 529 3639 ἐθνῶν
575 3587 917 3656 τυγχάνουσα
948 3626 963 3651 ,
1020 3589 1238 3659 πρῶτον
1285 3591 1522 3663 καθιστᾷ
1558 3594 1859 3649 ἐπίσκοπον

272 3675 335 3740 ἐξ
385 3674 556 3729 ἐθνῶν
600 3677 864 3746 Μάρκον,
906 3676 1075 3747 ἄνδρα
1123 3679 1265 3731 κατὰ
1308 3680 1488 3735 πάντα
1533 3683 1856 3750 ἁγιώτατον.

272 3765 557 3829 Μαθόντες
579 3765 636 3817 δέ
661 3767 725 3817 ἐκ
752 3766 1109 3837 παραδόσεως
1142 3768 1193 3821 oi
1233 3772 1416 3823 πιστοὶ
1436 3771 1528 3824 τὸν
1571 3773 1735 3827 τόπον
1762 3775 1857 3829 τοῦ

272 3858 434 3925 ἁγίου
477 3857 721 3926 Γολγοθά
767 3861 1119 3931 κεχωσμένον
1158 3861 1240 3915 ἔτι
1282 3863 1378 3917 καλ⁵
1414 3864 1596 3936 ἀφανῆ
1652 3870 1860 3939 τυγχά-

272 3965 456 4011 νοντα,
475 3950 758 4020 ἐρχόμενοι
771 3951 895 4004 καθ’
907 3952 1122 4023 ἡμέραν
1139 3956 1452 4026 σεϐασμίως
1470 3960 1858 4029 προσεκύνουνο

271 4039 415 4109 ὅπερ
445 4039 778 4110 θεωροῦντες
807 4041 859 4093 oi
890 4040 1298 4114 εἰδωλολάτραι,
1324 4045 1418 4097 τοῦ
1448 4045 1697 4100 διαϐόλου
1723 4048 1858 4101 ὑπο-

271 4131 563 4196 ϐάλλοντας
595 4133 799 4201 αὐτοῖς,
839 4133 1200 4207 ᾠκοδόμησαν
1221 4138 1399 4191 ἐκεῖσε
1439 4140 1566 4193 ναὸν
1587 4140 1665 4211 τῷ
1695 4142 1863 4210 ἁγάλ-

272 4236 413 4291 ματι
442 4220 538 4289 τῆς
564 4219 881 4291 ἀκαθάρτου
906 4221 1164 4294 δαίμονος
1208 4226 1552 4298 Ἀφροδίτης.
1601 4229 1861 4284 Κωλυθέν

267 4310 330 4364 δὲ
355 4310 419 4363 τὸ
446 4310 555 4364 τῶν
584 4311 929 4381 Χριστιανῶν
954 4313 1159 4385 πλῆθος
1200 4311 1303 4386 τῆς
1329 4320 1387 4371 ἐν
1411 4317 1489 4388 τῷ
1529 4319 1684 4392 τόπῳ
1722 4338 1861 4393 προ-

271 4402 405 4456 όδου
431 4442 447 4467 ,
483 4403 754 4471 ἄγνωστοι
808 4407 921 4469 τοῖς
965 4406 1181 4471 πολλοῖς
1209 4408 1396 4462 λοιπὸν
1430 4411 1480 4464 οἱ
1516 4411 1665 4480 άγιοι
1705 4412 1861 4467 τόποι

269 4498 540 4565 ἐγίνοντο.

356 4680 622 4733 Ἀπέθανε
648 4680 707 4735 δὲ
741 4680 1020 4753 Ἀδριανὸς
1043 4723 1058 4745 ,
1098 4682 1196 4736 καὶ
1220 4683 1574 4738 ἐϐασίλευσεν
1609 4687 1862 4741 Ἀντωνῖ-

264 4786 363 4831 νος
404 4773 433 4822 ό
466 4770 713 4842 Εὐσεϐὴς
758 4773 875 4828 ἀντ’
911 4773 1079 4827 αὑτοῦ
1103 4775 1277 4829 εἴκοσι
1319 4777 1528 4830 καὶδύο
1556 4779 1674 4852 ἐτη.
1707 4781 1862 4833 Μετὰ

264 4861 461 4915 τοῦτον
478 4862 536 4916 δέ
562 4864 789 4935 Μάρκος
805 4866 1119 4937 Ἀουρήλιος
1146 4867 1377 4938 ούῆρος,
1400 4868 1461 4921 δν
1486 4871 1582 4923 καὶ
1622 4872 1869 4925 Ἀντωνῖ-

264 4969 367 5015 νος
393 4954 424 5003 ὁ
452 4954 566 5018 υίὸς
591 4956 759 5008 αὐτοῦ
800 4959 897 5011 σὺν
928 4959 1025 5011 καὶ
1058 4959 1276 5030 Λουκίῳ
1306 4961 1523 5033 ἀδελφῷ
1555 4962 1861 5034 διαδέχεται

261 5041 369 5113 ετη
393 5045 867 5114 τεσσαρακαίδεκα
890 5047 1026 5118 (48).
1053 5048 1306 5120 Διωγμοῦ
1328 5052 1385 5106 δὲ
1405 5053 1722 5123 κινηθέντος
1740 5054 1868 5107 πολ-

260 5133 359 5187 λοὶ
400 5134 662 5203 γεγόνασι
721 5139 999 5212 μάρτυρες
1054 5140 1307 5207 θανόντες
1359 5144 1658 5217 προθύμως
1723 5148 1867 5221 ὑπὲρ

259 5225 540 5292 Χριστοῦ.
584 5229 799 5301 Σημεῖα
844 5232 902 5285 δὲ
952 5233 1164 5303 μεγάλα
1230 5235 1463 5303 ἐγίνετο,
1514 5236 1656 5292 ὥστε
1705 5240 1866 5294 αὐτὸν

258 5316 367 5372 τδν
414 5320 670 5393 Καίσαρα
719 5325 970 5397 Μάρκον,
1022 5327 1120 5381 σὺν
1167 5330 1330 5382 παντὶ
1372 5330 1451 5401 τῷ
1495 5332 1865 5405 στρατεύματι

260 5410 486 5479 αὐτοῦ,
524 5416 719 5470 σπάνει
775 5416 973 5480 ὓδατος
1022 5417 1287 5489 μέλλοντα
1328 5419 1764 5497 διαφθείρεσθαι,
1795 5429 1863 5499 τῇ

1951 1861 2040 1931 plo
2079 1870 2412 1927 statuerunt,
2465 1876 2632 1931 prope
2678 1872 2891 1929 portam
2923 1860 3263 1930 Speciosam,
3299 1876 3530 1915 nomen-

1951 1968 2060 2023 que
2107 1954 2466 2008 immolantes
2506 1953 2771 2019 civitatis,
2817 1955 2886 2006 ab
2933 1954 3281 2022 imperatoris
3317 1952 3538 2007 nomine

1951 2045 2152 2102 Eliam
2203 2045 2573 2123 appellarunt.
2633 2045 2841 2101 Sancta
2900 2057 3106 2111 autem,
3161 2063 3281 2116 quae
3329 2058 3455 2110 ante
3488 2049 3535 2099 id

1954 2141 2169 2201 tempus
2220 2132 2400 2187 fuerat
2465 2132 2859 2204 Hierosolymis
2928 2134 3200 2201 Ecclesia,
3265 2136 3535 2189 neminem

1956 2222 2059 2276 nisi
2111 2222 2495 2279 circumcisum
2557 2227 2624 2279 ad
2673 2225 2914 2294 episcopi
2966 2242 3164 2283 munus
3221 2228 3534 2293 admiserat.

1954 2314 2117 2369 Dabit
2173 2326 2351 2371 autem
2408 2318 2620 2370 veniam
2669 2319 2940 2372 sanctitas
2993 2327 3084 2372 tua
3116 2359 3131 2385 ,
3199 2319 3246 2373 si
3302 2328 3536 2387 tempus,

1954 2417 2065 2471 quo
2119 2402 2354 2472 quisque
2401 2416 2591 2458 eorum
2654 2402 2775 2470 fuit,
2829 2421 2953 2460 cum
2996 2406 3173 2461 minus
3200 2418 3536 2478 compertum

1959 2494 2214 2558 habeam,
2273 2510 2381 2550 non
2434 2497 2910 2563 demonstravern,
2962 2508 3154 2569 utpote
3210 2502 3355 2570 quod
3397 2500 3537 2554 haud

1957 2584 2120 2640 facile
2151 2601 2181 2640 a
2210 2601 2488 2659 quoquam
2539 2589 2772 2644 inveniri
2823 2592 3087 2660 potuerit.
3129 2593 3397 2646 Caeterum
3443 2608 3543 2649 no-

1960 2678 2107 2735 mina
2162 2679 2379 2735 illorum
2422 2685 2541 2737 haec
2596 2692 2774 2738 sunt:
2832 2684 3040 2751 primus
3086 2682 3323 2739 Jacobus
3374 2686 3543 2740 frater

1962 2770 2202 2833 Domini,
2257 2772 2380 2827 dein
2419 2772 2640 2828 Simeon
2691 2774 2835 2828 ﬁlius
2874 2774 3149 2845 CleOpltac,
3185 2773 3399 2842 Justus,
3433 2775 3544 2831 Za-

1961 2862 2167 2928 chaaus,
2196 2862 2424 2933 Tobias,
2468 2865 2770 2932 Beniamin,
2805 2865 3068 2933 Joannes,
3099 2868 3380 2936 Mattltias,
3412 2869 3545 2924 Phi-

1964 2955 2165 3026 lippus,
2196 2955 2429 3025 Seneca,
2466 2957 2677 3024 .Iustus,
2709 2956 2864 3025 Levi,
2913 2959 3145 3029 Ephres,
3179 2960 3408 3031 Juseplt,
3443 2960 3545 3017 Ju-

1967 3048 2107 3116 das;
2156 3049 2248 3118 qui
2289 3065 2485 3117 omnes
2539 3051 2853 3121 quindecim
2884 3067 2951 3108 ex
2981 3053 3402 3109 circumcisione
3432 3055 3548 3110 fue-

1961 3153 2112 3198 runt.
2142 3143 2485 3213 Colliguntur
2509 3155 2691 3199 autem
2725 3161 2754 3199 a
2797 3147 3106 3201 vastatione
3140 3145 3547 3219 Hierosolymo-

1961 3252 2083 3291 rum
2139 3253 2317 3305 usqne
2372 3239 2438 3292 ad
2498 3240 2641 3295 hanc
2668 3249 3004 3309 postremam
3039 3242 3401 3307 obsidionem,
3450 3241 3551 3298 Ju-

1961 3332 2312 3400 daaorumque
2343 3332 2588 3385 ultimam
2621 3332 2972 3401 eiectionem,
3001 3333 3129 3388 anni
3155 3335 3548 3405 quinquaginta

1960 3433 2104 3475 OCHL

2035 3510 2235 3565 Sancta
2280 3511 2499 3566 interim
2544 3511 2785 3567 Ecclesia
2834 3512 2994 3568 Elite
3049 3516 3375 3579 constituta,
3426 3532 3550 3570 cum

1962 3615 2028 3655 ex
2057 3601 2313 3671 gentibus
2347 3612 2514 3668 esset,
2568 3604 2801 3670 primum
2848 3621 2914 3659 ex
2950 3606 3204 3676 gentibus
3244 3617 3398 3662 creat
3430 3608 3549 3677 epi-

1962 3708 2185 3763 sc0pum
2224 3693 2463 3748 Marcum
2516 3695 2761 3759 nomine,
2799 3697 2974 3751 virum
3028 3699 3154 3754 vita:
3183 3701 3550 3757 sanctimonia

1964 3785 2284 3854 cumprimis
2325 3787 2710 3856 conspicuum.
2755 3790 3026 3845 (Steterunt
3085 3792 3296 3861 ﬁdeles,
3332 3812 3454 3851 eum
3483 3812 3551 3851 ex
3638 3771 3653 3779 ’

1967 3877 2261 3931 traditione
2294 3877 2561 3942 majorum
2598 3879 2776 3934 locum
2832 3883 2974 3938 sacri
3010 3885 3213 3939 montis
3240 3885 3547 3955 Golgotltze,

1963 3971 2054 4040 qni
2096 3969 2210 4038 jam
2267 3970 2537 4031 obscurus
2588 3985 2654 4024 ac
2705 3973 2936 4028 obrutus
3006 3986 3145 4043 erat,
3205 3978 3546 4045 didicissent,

1964 4060 2209 4131 quotidie
2242 4060 2310 4113 ad
2340 4060 2488 4114 illurn
2530 4063 2874 4130 accedentes,
2921 4067 3169 4136 religiose
3201 4071 3506 4125 adorabant
3533 4091 3547 4126 ε

1965 4153 2106 4221 quod
2140 4151 2436 4209 idololatrze
2469 4155 2800 4223 conspicati,
2844 4157 3067 4213 diabolo
3102 4175 3196 4215 eos
3223 4161 3542 4232 instigante,

1965 4246 2132 4300 aedem
2184 4245 2296 4299 illic
2342 4254 2539 4300 statuae
2610 4248 2998 4318 impnrissima:
3043 4254 3159 4307 dea:
3189 4253 3415 4313 Veneris
3470 4259 3554 4312 di-

1967 4344 2144 4388 catam
2173 4344 2644 4405 construserunt;
2690 4340 2961 4408 prohibita
2989 4352 3179 4413 itaque
3208 4345 3555 4404 Christiano-

1892 4451 1938 4507 υ
1969 4441 2085 4478 rum
2132 4425 2503 4492 multitudine,
2562 4444 2631 4484 ne
2659 4430 2727 4484 ad
2774 4446 2896 4488 eum
2945 4433 3123 4489 locum
3168 4449 3352 4507 posset
3396 4455 3557 4497 acce-

1966 4516 2116 4579 dere,
2174 4516 2417 4586 ignorari
2465 4521 2686 4577 laudent
2726 4537 2757 4579 a
2792 4526 2981 4582 multis
3010 4544 3172 4584 sacra
3222 4530 3341 4587 loca
3370 4548 3555 4606 coepe-

1966 4617 2116 4661 runt.

2039 4698 2281 4755 Moritur‘
2316 4713 2498 4758 autem
2543 4706 2841 4770 Adrianus,
2885 4720 2939 4764 et
2970 4710 3092 4766 loco
3117 4713 3237 4784 ejus
3270 4715 3553 4785 imperavit

1963 4789 2279 4846 Antoninus
2322 4793 2472 4859 Pius,
2522 4813 2699 4853 annos
2734 4801 2868 4854 duos
2902 4813 2956 4855 et
2985 4804 3172 4872 viginti
3208 4823 3223 4858 :
3253 4818 3377 4874 post
3406 4808 3551 4862 hunc

1965 4897 2096 4937 vero
2127 4883 2343 4938 Marcus
2378 4887 2640 4943 Aurelius
2678 4889 2872 4955 Verus,
2919 4893 3008 4946 cui
3046 4896 3210 4949 etiam
3241 4896 3554 4956 Antoninus

1969 4974 2111 5029 ﬁlius
2141 4990 2265 5029 cum
2306 4975 2475 5033 Lucio
2533 4980 2706 5036 fratre
2759 4984 3008 5039 succedit
3061 5001 3158 5056 per
3197 5004 3372 5046 annos
3418 5007 3554 5062 qua-

1967 5062 2311 5134 tuordecim;
2365 5083 2605 5139 cumque
2650 5071 2842 5143 ingens
2877 5080 3191 5145 persecutio
3215 5092 3363 5137 esset
3404 5095 3550 5149 orta,

1966 5156 2131 5244 multi.
2173 5162 2443 5231 martyrio
2477 5162 2654 5220 allecti
2693 5179 2841 5232 sunt,
2878 5168 3006 5225 forti
3062 5172 3405 5246 inl‘ractoque
3432 5180 3556 5232 ani-

1964 5262 2051 5300 mo
2085 5236 2186 5318 pro
2219 5247 2442 5309 Christo
2470 5257 2789 5315 morientes.
2832 5259 3022 5333 Magna
3067 5274 3250 5320 autem
3280 5236 3435 5338 signa
3467 5270 3558 5324 tie-
3664 5255 3667 5259 7

1973 5338 2129 5407 bant,
2161 5350 2241 5408 ut,
2286 5357 2410 5400 cum
2456 5346 2577 5418 ipse
2633 5348 2933 5420 imperator
2978 5353 3216 5425 Marcus,
3267 5373 3393 5414 cum
3432 5362 3556 5415 uni-

1974 5446 2135 5488 verso
2163 5436 2408 5492 exercitu
2451 5439 2507 5494 in
2536 5442 2836 5498 maximum
2883 5445 3179 5504 discrimen
3206 5460 3354 5508 esset
3382 5453 3555 5507 addu-

1839 5582 2074 5645 NOTAE.

262 5661 830 5792 cmagis).Nicepltorus
869 5676 921 5730 in
961 5675 1241 5742 Chronico,
1276 5674 1571 5733 Zacharias
1620 5696 1718 5751 pro
1752 5679 1861 5735 Za-

2178 5685 2314 5772 ¹(Σο-εί.
2341 5689 2529 5772 Οςγρι.
2555 5693 2707 5772 Ferr.
2735 5697 2828 5769 ἔτη
2860 5701 3218 5772 πεντήκοντα.

2040 5756 2151 5828 (ιε)
2175 5755 2359 5814 Pollux
2396 5755 2493 5833 ε’τη
2533 5764 2618 5819 ιϐ’.
