3968 6198
494 250 634 315 4047

1708 256 2156 317 ALEXANDRI
2192 250 2536 322 MONACHI

3555 280 3662 349 1048

490 375 634 429 elus,
671 374 738 416 ne
768 358 996 430 penuria
1025 374 1181 431 aqua:
1228 374 1418 417 omnes
1450 361 1759 432 interirent,
1798 364 2071 418 Christia-

2185 365 2285 421 τῶν
2342 369 2685 439 Χριστιανῶν
2724 371 2857 441 εὐχῇ
2909 373 3305 447 περισωθῆναι.
3352 383 3434 437 τοῦ
3471 388 3583 444 Θεοῦ
3616 401 3665 449 έν

431 466 441 477 ·
491 470 684 514 norum
717 455 969 527 precibus
996 454 1069 508 sit
1094 461 1470 519 conservatus,
1517 454 1628 511 Deo
1660 454 1717 511 in
1752 454 1888 513 locis
1914 472 2071 528 aqua:

490 547 811 622 expertibus
869 546 1145 617 ingentem
1197 543 1328 612 ipsis
1373 545 1603 601 imbrem
1648 547 1918 605 mittente.
1954 548 2069 606 Mo-

491 644 633 700 ritur
681 648 861 697 autem
922 639 1116 703 Verus,
1166 640 1255 694 cui
1290 640 1342 694 in
1394 639 1688 708 imperium
1738 639 2072 700 Commodes

490 735 735 794 succedit
779 749 877 806 per
906 748 1082 789 annos
1107 733 1419 789 duodecim.
1466 730 1599 788 Post
1626 748 1787 803 quem
1818 733 2071 802 impera-

491 826 569 880 vit
598 824 856 879 Pertinax
887 838 1105 879 menses
1136 838 1227 878 sex
1260 863 1277 889 ,
1311 831 1436 893 post
1459 822 1603 877 hunc
1622 820 1871 876 Severus
1895 834 2070 875 annos

488 916 839 983 octodecim;
898 914 1001 971 sub
1047 931 1155 984 quo
1204 916 1368 969 etiam
1422 916 1657 968 maxima
1692 912 2071 984 persecutione

487 1006 747 1067 excitata.
807 1004 960 1060 multi
1018 1003 1218 1073 ubique
1272 1002 1516 1059 locorum
1580 1000 1827 1070 martyrii
1878 999 2069 1057 laurea

488 1105 618 1151 sunt
644 1096 919 1151 coronati.

559 1207 677 1265 Hoc
724 1224 861 1265 vero
902 1207 1179 1264 exstincto
1216 1208 1525 1263 Antoninus
1576 1204 1862 1261 Caracalla
1897 1220 2072 1262 annos

488 1310 695 1373 septem
769 1299 1079 1371 imperavit,
1150 1312 1389 1370 eumque
1461 1296 1745 1366 excipiens
1800 1295 2073 1352 Macrinus

489 1407 657 1448 unum
726 1388 951 1458 aunu'm,
1011 1401 1066 1446 et
1128 1400 1250 1462 post
1291 1391 1436 1444 hunc
1492 1389 1633 1443 alius
1699 1387 1827 1443 item
1894 1388 2070 1442 Ante-

490 1481 654 1538 ninus
702 1495 878 1536 annos
920 1480 1012 1547 Η,
1071 1479 1270 1535 deinde
1301 1476 1612 1533 Alexander
1640 1491 1814 1532 annos
1848 1477 1939 1552 l5.
1992 1475 2071 1531 Illi

488 1582 643 1636 vero,
678 1567 771 1639 qui
803 1567 870 1622 ab
897 1567 1121 1621 Adriani
1158 1565 1411 1636 imperio,
1455 1564 1507 1618 in
1543 1564 1764 1619 civitate
1815 1562 2071 1629 Eliensi,

488 1660 558 1715 ad
614 1660 962 1728 episcopatus
1015 1655 1290 1724 fastigium
1350 1654 1526 1709 evecti
1581 1666 1733 1716 sunt,
1780 1664 2073 1724 sequentes

2172 457 2423 529 ἀνύδροις
2475 459 2665 524 τόποις
2722 460 3141 528 ἀποστείλαντος
3191 468 3366 534 αὐτοῖς
3417 474 3495 529 τὸν
3527 479 3666 542 ὑετόν.

2174 548 2612 621 ’Τελευτήσαντος
2640 550 2697 604 δὲ
2733 552 2950 622 Οὐήρου
2987 552 3286 625 διαδέχεται
3315 562 3406 633 τὴν
3424 567 3670 637 ἡγεμονίαν

2173 640 2464 735 Κόμμοδος
2497 642 2594 713 ἔτη
2628 642 2859 735 δώδεκα.
2905 644 3040 697 Μετ’
3066 646 3224 701 αὐτὸν
3256 650 3547 711 ἐϐασίλευσε
3568 664 3677 735 Περ-

2172 732 2326 800 τίνλξ
2379 734 2557 804 μῆνας
2600 734 2680 800 ἐξ.
2730 737 2882 790 Μετὰ
2928 735 3114 790 τοῦτον
3160 739 3457 797 ἐϐασίλευσε
3484 732 3675 820 Σεσῆρς

2173 821 2267 893 ἐτη
2325 823 2457 877 δέκα
2513 826 2607 877 καὶ
2650 824 2796 879 ὀκτώ
2852 826 2979 897 ’ἐφ’
3032 822 3132 896 οῦ,
3191 828 3420 902 διωγμοῦ
3489 840 3680 907 μεγάλου

2174 914 2488 985 κινηθέντος
2518 955 2532 980 ,
2568 915 2755 971 πολλοὶ
2810 919 2953 973 κατά
2987 920 3163 975 πάντα
3202 921 3361 979 τόπον
3416 927 3682 1002 spumam-

2176 1023 2297 1061 σαν.

2244 1203 2453 1258 Τούτου
2496 1204 2555 1260 δὲ
2599 1205 3027 1278 τελευτήσαντος
3071 1210 3382 1273 Ἀντωνῖνος
3415 1213 3688 1283 Καράκαλος

2173 1294 2269 1366 ἐτη
2292 1294 2454 1360 ἐπτὰ,
2480 1297 2761 1369 Μακρῖνος
2778 1297 2971 1351 τοῦτον
3003 1299 3376 1371 διαδεξάμενος
3397 1303 3689 1360 ἐϐασίλευσεν

2173 1385 2293 1451 ἔτος
2322 1387 2401 1441 ἐν.
2451 1389 2559 1444 Καὶ
2609 1390 2727 1460 μετ’
2766 1388 2933 1442 αὑτὸν
2976 1389 3285 1456 ’Λντωνῖνος
3318 1393 3465 1457 ἄλλος
3491 1393 3575 1466 ἐτη
3597 1413 3691 1450 τεσ-

2176 1478 2570 1548 σαρακαίδεκα.
2604 1478 2952 1535 Ἐσασίλευσε
3004 1483 3143 1551 μετά
3167 1482 3350 1537 τοῦτον
3405 1485 3695 1559 Ἀλέξανδρος

2176 1568 2273 1640 ἐτη
2299 1569 2432 1642 τρία
2477 1570 2576 1624 καὶ
2628 1570 2785 1633 δέκα,
2850 1574 2914 1627 οι
2970 1571 3030 1626 δὶ
3088 1572 3232 1627 κατὰ
3276 1574 3372 1646 τὴν
3431 1577 3595 1632 Αἰλίαν
3623 1594 3695 1647 γει

2174 1659 2392 1731 νόμενοι
2446 1661 2737 1717 ἐπίσκοποι
2790 1663 2888 1717 ἀπ’
2936 1664 3217 1735 ’Δδριανοῦ
3280 1666 3375 1734 τῆς
3425 1666 3691 1737 βασιλείας,

491 1753 713 1805 fuerunt
759 1747 1047 1814 :Iarcus,
1099 1747 1412 1812 Cassianus,
1475 1744 1718 1813 Publius,
1777 1745 2066 1812 Maximus,

2185 1747 2316 1807 >510!
2339 1754 2446 1807 είσι
2467 1769 2480 1783 ·
2515 1755 2766 1827 Μάρκος,
2802 1756 3136 1823 Κασσιανδς,
3159 1756 3440 1824 Πούπλιος,
3462 1760 3695 1830 Μάξιμος,

490 1844 760 1910 Julianus,
820 1842 1010 1905 Caius,
1059 1840 1314 1897 Julianus
1373 1841 1536 1905 alter,
1578 1839 1794 1910 Capito,
1858 1840 2075 1907 Valens,

496 1936 869 2002 Dolichianus,
922 1932 1243 2000 Narcissus,
1285 1934 1377 2003 qui
1430 1932 1719 1989 Narcissus
1762 1934 2076 2004 apostolicis

493 2029 710 2086 dotibus
746 2028 1068 2098 cumprimis
1113 2025 1365 2091 illustris,
1394 2034 1451 2080 et
1484 2025 1685 2080 silentii
1716 2040 1781 2081 ac
1824 2026 2079 2081 solitudi-

495 2123 579 2178 nis
623 2137 835 2191 amans,
885 2124 1258 2193 episcOpatum
1300 2121 1567 2175 deserens
1608 2120 1659 2173 in
1710 2120 1955 2190 ignotum
2000 2120 2076 2175 lo-

494 2232 617 2273 cum
652 2216 917 2288 profugit,
965 2225 1021 2271 et
1059 2229 1182 2270 cum
1217 2214 1308 2269 diu
1360 2215 1703 2284 multumque
1728 2228 1759 2269 a
1787 2213 1990 2283 populo
2024 2223 2080 2267 et

495 2315 770 2386 episcOpis
814 2312 959 2368 illius
1003 2310 1298 2381 provinciae
1344 2312 1609 2382 quaesitus
1658 2325 1764 2365 non
1806 2309 2080 2365 invenire—

498 2420 608 2473 tur,
665 2408 997 2472 subrogatur
1047 2404 1102 2457 in
1151 2402 1272 2470 ejus
1314 2402 1493 2457 locum
1525 2404 1811 2472 episcopus
1836 2402 1989 2468 Dius,
2026 2412 2080 2456 ct

497 2510 620 2569 post
659 2514 782 2552 cum
818 2495 1190 2562 Germanion;
1226 2495 1351 2549 huic
1385 2496 1627 2549 succedit
1672 2493 1926 2550 Cordias;
1967 2492 2081 2547 Sub

501 2597 603 2648 hoc
642 2589 933 2646 Narcissus
958 2591 1179 2651 iterum,
1209 2596 1469 2658 tanquam
1492 2603 1557 2642 ex
1594 2588 1796 2659 adytis,
1825 2596 2077 2659 apparet,

500 2686 714 2756 fuitque
747 2699 873 2739 cum
910 2682 1084 2736 electo
1111 2682 1392 2751 episeopo,
1432 2688 1591 2734 aetate
1617 2680 1915 2734 admodum
1947 2696 2079 2751 pro-

502 2790 677 2844 vecta,
731 2778 800 2830 ita
868 2786 929 2829 ut
986 2774 1297 2828 tricesimus
1345 2789 1374 2825 a
1419 2771 1700 2826 Dominica
1741 2773 1992 2841 passione
2026 2775 2078 2826 in

472 2872 883 2940 episcoporum
930 2866 1127 2920 ordine
1172 2866 1393 2919 vixerit.
1428 2864 1694 2932 Episc0po
1716 2873 1924 2926 autem,
1959 2878 2079 2916 cum

499 2978 608 3033 quo
643 2968 1015 3016 cumnioratus
1057 2958 1258 3022 fuerat,
1310 2955 1587 3020 defuncto,
1628 2966 1683 3009 et
1725 2953 1984 3009 Narcisso
2014 2954 2080 3006 ad

500 3065 801 3108 extremam
886 3060 1223 3106 senectutem
1294 3048 1405 3117 jam
1482 3062 1771 3115 progresso
1835 3046 2080 3117 (centum

501 3145 646 3198 enim
681 3151 737 3197 et
775 3140 1048 3195 sexdecim
1100 3154 1271 3193 annos
1313 3140 1677 3206 excesserat),
1710 3137 2081 3191 Alexandrum

501 3231 791 3303 quemdam
832 3230 1170 3299 episcopum,
1205 3230 1270 3283 ah
1310 3228 1416 3281 alia
1461 3228 1767 3298 provincia,
1802 3226 2082 3297 religionis

502 3337 656 3392 ergo,
709 3320 776 3374 ad
829 3333 983 3373 sacra
1039 3318 1155 3374 loca
1202 3320 1538 3382 venientem,
1568 3331 1669 3385 pro
1705 3317 1846 3385 ipso,
1891 3332 1957 3370 ex
1997 3318 2082 3369 di-

503 3418 627 3469 vina
708 3412 1043 3467 revelatioue
1124 3412 1439 3481 episcopum
1517 3409 2081 3480 llierosolymitanum

504 3507 865 3568 constituunt,
905 3504 1094 3559 multis
1137 3519 1261 3557 eum
1292 3503 1361 3557 ad
1405 3502 1459 3556 id
1503 3502 1980 3557 cohortationibus
2010 3501 2085 3554 in-

506 3597 758 3662 citantes,
800 3596 893 3665 qui
946 3594 1161 3648 tandem
1199 3595 1465 3664 martyrio
1509 3604 1945 3648 consummatur.
1985 3594 2085 3645 At-

504 3706 611 3761 que
656 3690 742 3744 his
793 3687 1129 3756 temporibus
1182 3682 1425 3740 Ecclesia
1480 3684 1571 3739 Dei
1608 3683 1719 3738 alta
1765 3698 1901 3753 pace
1937 3682 2084 3737 frue-

504 3784 685 3848 batur,
745 3796 812 3836 eo
859 3782 1001 3849 quod
1043 3788 1219 3834 mater
1281 3777 1652 3849 imperatoris,
1689 3775 1939 3843 Manium,
1998 3776 2082 3844 pia

506 3874 797 3927 admodum
826 3868 917 3922 Dei
943 3867 1141 3923 cultrix
1168 3876 1310 3921 erat.

578 3978 892 4036 Alexandro
937 3987 1119 4032 autem
1159 3978 1227 4032 ab
1275 3976 1508 4048 imperio
1532 3977 1856 4044 decedente,
1898 3993 2089 4033 susce-

506 4077 583 4141 pit
614 4074 743 4128 illud
796 4070 1126 4127 Maximinus
1174 4084 1274 4141 per
1305 4083 1477 4126 annos
1508 4079 1642 4125 tres.
1675 4069 1774 4125 llic
1808 4071 2005 4126 acerbe
2032 4070 2084 4123 in

505 4168 796 4224 Alexandri
851 4164 1115 4219 t‘ainiliam
1198 4164 1474 4229 invectus,
1534 4164 1970 4235 persecutionem
2029 4165 2084 4218 in

506 4261 850 4316 Christianos
882 4258 1252 4322 resuscitavit,
1301 4257 1675 4327 praesidesque
1709 4256 2084 4323 Ecclesiarum

508 4355 575 4406 de
605 4351 783 4405 medio
829 4350 940 4404 tolli
979 4350 1255 4419 praecepit,
1307 4361 1563 4421 tanquam
1618 4350 2086 4418 blasphemiarum

2190 1845 2497 1911 Ἰουλιανὸς,
2558 1847 2720 1910 Γάϊος
2757 1886 2773 1911 ,
2857 1848 3143 1913 Ἰουλιανὸς
3187 1850 3369 1921 ἐτερος
3399 1889 3414 1913 ,
3467 1851 3696 1912 Καπίτων.

2176 1937 2427 2007 Οὐάλης,
2486 1938 2798 2009 Δολιχιανδς
2856 1938 3173 2011 Νάρκισσος
3225 1940 3355 2010 (49).
3420 1934 3575 2002 Οὗτος
3618 1941 3699 1995 δέὀ

2177 2026 2485 2097 Ναρκισσὸς
2524 2029 2898 2094 ἀποστολικοῖς
2922 2034 3235 2103 χαρίσμασι
3278 2031 3697 2103 λαμπρυνόμενος,

2179 2120 2272 2172 καὶ
2316 2121 2413 2191 τῆς
2464 2122 2693 2192 ἡσυχίας
2732 2122 2898 2193 ἐρῶν,
2948 2124 3285 2195 καταλείψας
3314 2125 3408 2196 τὴν
3452 2125 3701 2196 ἐπισκοπὴν

2179 2213 2259 2275 είς
2313 2213 2626 2281 ἀγνώστους
2679 2217 2880 2280 τόπους
2921 2217 3159 2288 ἀπέδρα.
3209 2218 3382 2271 Πολλά
3431 2218 3699 2288 ζητηθέντος

2179 2304 2285 2357 ὑπὸ
2311 2304 2405 2356 τοῦ
2435 2303 2563 2357 λαοῦ
2591 2306 2816 2360 καὶτῶν
2848 2309 2949 2377 τῆς
2980 2309 3256 2380 ἐπαρχίας
3282 2310 3575 2364 ἐπισκόπων
3597 2350 3611 2377 ,
3637 2311 3703 2363 καὶ

2183 2397 2259 2467 μὴ
2295 2395 2650 2467 εὑρεθέντος,
2696 2398 3060 2469 προϐάλλεται
3109 2401 3413 2456 ἀντάύτοῦ
3461 2404 3703 2464 ἐπίσκοπος

2181 2485 2325 2551 Διὸς,
2355 2486 2475 2556 μετ’
2507 2487 2672 2540 αὑτὸν
2698 2488 3043 2560 Γερμανίων.
3070 2492 3280 2546 Τοῦτον
3306 2492 3586 2563 διαδέχεται
3604 2493 3705 2562 Γορ-

2178 2576 2319 2640 δίας.
2357 2576 2484 2631 Ἐπὶ
2505 2578 2717 2647 τούτου,
2745 2579 2935 2653 ὥσπερ
2968 2581 3027 2647 ἐξ
3064 2583 3280 2637 ἀδύτων
3304 2624 3318 2650 ,
3344 2585 3498 2638 πάλιν
3525 2582 3708 2651 ἀναφαί-

2181 2685 2334 2722 νεται
2361 2670 2694 2741 Νάρκισσος.
2729 2673 2836 2725 Καὶ
2859 2668 2929 2745 ἦν
2968 2676 3065 2728 σὺν
3083 2675 3167 2747 τῷ
3191 2675 3594 2748 χειροτονηθέντι
3616 2676 3709 2728 ἑπι-

2185 2759 2377 2831 σκόπιρ
2417 2762 2595 2831 γέρων
2645 2763 2780 2816 πολὺ
2822 2765 3106 2836 ὑπάρχων,
3148 2767 3225 2831 ὡς
3245 2763 3385 2820 εῐναι
3418 2766 3567 2819 αὑτὸν
3589 2781 3709 2836 τρια-

2185 2853 2377 2906 κοστὸν
2408 2854 2517 2906 ἀπὸ
2558 2854 2652 2907 τοῦ
2682 2857 2951 2928 σωτηρίου
2999 2858 3232 2922 πάθους.
3264 2856 3371 2911 Τοῦ
3405 2856 3461 2911 et
3493 2857 3577 2910 σὺν
3598 2854 3710 2923 αὐτῷ

2186 2946 2486 2999 ἐπισκόπου
2513 2947 2893 3012 τελειωθέντος
2919 2950 3013 3002 καὶ
3038 2951 3136 3003 τοῦ
3176 2951 3485 3021 Ναρκίσσου
3517 2949 3713 3019 ὑπέργη-

2190 3039 2474 3107 ράσαντος,
2499 3034 2566 3110 ἦν
2597 3039 2708 3110 γὰρ
2729 3041 2869 3095 ἐτῶν
2928 3042 3127 3096 ἑκατὸν
3171 3042 3475 3108 ἑξκαίδεκα,
3516 3041 3711 3107 Ἀλέξαν-

2186 3129 2311 3200 δρόν
2334 3148 2454 3185 τινα
2500 3132 2797 3186 ἐπίσκοπον
2818 3134 2927 3187 ἀπὸ
2961 3136 3159 3205 ἑτέρας
3206 3136 3390 3206 χώρας
3435 3133 3634 3189 ἐλθόντα
3657 3134 3713 3193 είς

2187 3224 2561 3294 προσκύνησιν
2608 3225 2719 3279 τῶν
2764 3226 2935 3294 ἁγίων
2980 3230 3208 3295 τόπων,
3254 3229 3370 3282 ἀντ’
3419 3225 3570 3282 αὑτοῦ
3607 3224 3713 3278 κατὰ

2186 3314 2528 3384 ἀποκάλυψιν
2575 3315 2713 3369 Θεοῦ
2751 3319 3083 3371 καθιστῶσιν
3124 3321 3427 3373 ἐπίσκοπον
3472 3312 3715 3387 Ἱεροσολύ·

2191 3422 2329 3476 μων,
2364 3407 2531 3460 πολλά
2561 3408 2723 3461 αὑτὸν
2770 3410 3283 3479 παρακαλέσαντες,
3317 3412 3459 3473 ὅστις
3502 3410 3583 3461 καὶ
3610 3421 3713 3474 μαρ·

2186 3498 2360 3568 τυρίῳ
2415 3497 2645 3570 ὕστερον
2681 3501 3005 3555 τελειοῦται.
3056 3504 3201 3555 Κατ’
3256 3505 3495 3565 ἐκείνους
3539 3500 3590 3552 δέ
3624 3499 3718 3559 τοὺς

2190 3590 2416 3662 χρόνους
2459 3592 2652 3663 είρήνη
2687 3592 2860 3664 πολλὴ
2892 3594 3145 3669 ὑπῆρχεν
3184 3597 3243 3648 ἐν
3286 3598 3401 3660 ταῖς
3426 3592 3716 3661 Ἐκκλησὶαις

2185 3682 2284 3736 τοῦ
2316 3682 2471 3737 θεοῦ.
2495 3680 2602 3738 Ἦν
2641 3686 2749 3757 γὰρ
2778 3688 2811 3758 ἡ
2846 3688 3027 3760 μήτηρ
3054 3689 3150 3741 τοῦ
3194 3688 3604 3760 αὐτοκράτορος,
3629 3684 3719 3738 Ma-

2195 3776 2351 3845 μαία,
2385 3776 2642 3850 θεοσεὸὴς
2668 3780 2809 3835 λίαν.

2278 3977 2641 4053 Ἀλεξάνδρου
2693 3981 2750 4035 δέ
2806 3981 3272 4047 καταπαύσαντος
3303 3981 3402 4053 τὴν
3436 3978 3615 4052 ἀρχὴν.
3640 3973 3726 4026 δαν

2190 4073 2405 4145 δέχεται
2438 4075 2535 4145 τὴν
2589 4075 2889 4146 ἠγεμονίαν
2931 4074 3246 4143 Μαξιμῖνος
3281 4075 3381 4145 ἐτη
3435 4072 3571 4143 τρία.
3600 4060 3729 4124 οὗτος

2194 4167 2379 4231 κακῶς
2435 4167 2511 4238 τῷ
2574 4167 2924 4238 Ἀλεξάνδρου
2958 4167 3094 4238 οἴκῳ
3139 4169 3498 4241 χρησάμενος
3536 4157 3729 4229 διωγμὸν

2193 4258 2386 4329 ἤγειρε
2414 4259 2555 4310 κατά
2588 4260 2693 4311 τῶν
2732 4259 3095 4329 Χριστιανῶν,
3130 4262 3232 4313 καὶ
3278 4261 3408 4323 τοὺς
3436 4252 3732 4329 προεστῶτας

2195 4350 2303 4402 τῶν
2343 4349 2681 4419 Ἐκκλησιῶν
2717 4350 3059 4420 ἀναιρεῖσθαι
3092 4352 3455 4422 προστάττει,
3476 4350 3548 4411 ὡς
3570 4343 3733 4400 αἰτίους

509 4444 562 4497 in
600 4442 733 4498 deos
782 4457 912 4497 suos
953 4453 1226 4496 auctores.
1275 4440 1352 4495 Eo
1401 4452 1617 4495 mortuo
1659 4440 1960 4495 Romanum
1995 4458 2080 4495 as-

2195 4441 2301 4496 τῶν
2329 4443 2407 4506 εἰς
2430 4444 2554 4506 τοὺς
2605 4444 2762 4506 θεοὺς
2792 4444 3175 4515 βλασφημιῶν.
3212 4446 3422 4500 Τούτου
3449 4444 3505 4499 δὲ
3530 4437 3737 4503 τελεώ-

508 4536 742 4603 sumpsit
793 4534 1079 4602 imperium
1131 4532 1407 4603 Pupienus
1461 4543 1678 4588 etcum
1729 4549 1793 4588 eo
1827 4531 2088 4587 Balbinns

511 4642 728 4683 menses
768 4638 899 4680 tres.
956 4625 1052 4681 His
1094 4626 1340 4680 succedit
1390 4624 1695 4680 Gordianus
1744 4642 1918 4681 annos
1971 4644 2087 4691 sex,

510 4729 630 4789 past
664 4735 787 4776 eum
847 4718 1125 4789 Philippus
1171 4718 1475 4788 imperator
1519 4734 1693 4774 annos
1728 4729 1958 4788 septem.
1992 4718 2090 4772 Hic

509 4811 726 4866 demum
757 4824 884 4866 vere
917 4811 968 4863 in
998 4808 1282 4864 Christum
1328 4809 1581 4865 credidit.
1625 4810 1825 4865 Verum
1873 4810 2089 4876 Decius,

434 4960 439 4964 ,
510 4902 708 4958 diaboli
760 4903 1051 4970 minister,
1101 4918 1227 4957 eum
1277 4902 1624 4971 interimeus,
1670 4903 1958 4973 imperium
1997 4920 2094 4973 per

392 5022 403 5027 -
510 5010 684 5049 annos
737 4996 873 5051 duos
915 4996 1176 5051 obtinuit.
1225 4994 1340 5051 Sub
1397 5010 1505 5065 quo
1552 4996 1681 5050 dum
1736 4996 2092 5052 acerbissima

511 5087 816 5157 persecutio
853 5096 1001 5161 esset
1034 5098 1249 5155 exorta,
1284 5088 1553 5142 innumeri
1587 5088 1788 5157 ubique
1817 5090 2092 5159 martyrio

510 5191 642 5235 sunt
679 5179 888 5236 ειπεριί.
919 5181 994 5234 Eo
1032 5190 1215 5235 autem
1265 5196 1368 5234 una
1403 5196 1524 5234 cum
1555 5180 1745 5235 liberis
1779 5180 2091 5244 interfecto,

510 5271 696 5326 Callus
734 5283 791 5327 et
827 5271 1153 5327 Volusianus
1193 5273 1244 5325 in
1292 5272 1582 5342 imperium
1631 5286 1729 5343 per
1778 5280 1891 5328 tres
1918 5286 2093 5326 annos

510 5364 837 5429 succedunt,
887 5373 1006 5435 post
1034 5379 1171 5434 quos
1228 5361 1550 5419 Valerianus
1601 5373 1657 5419 et
1700 5361 1958 5419 Galienus
2005 5378 2094 5418 se-

2197 4548 2389 4595 σαντος
2416 4533 2523 4585 τῶν
2567 4532 2853 4605 Ῥωμαίων
2887 4537 3061 4606 ἀρχὴν
3096 4537 3525 4608 παραλαμϐάνει
3575 4530 3735 4584 Hoeni-

2196 4639 2282 4684 vo;
2318 4625 2410 4676 καὶ
2434 4624 2692 4690 Βαλὸῖνος
2717 4612 2891 4696 μῆνάς
2925 4630 3093 4698 τρεῖς.
3126 4629 3378 4691 Τούτους
3400 4630 3456 4681 δὲ
3484 4626 3736 4692 διαδέχεται

2200 4715 2487 4786 Γορδιοινὸς
2514 4718 2699 4789 ἕτηιέξ.
2721 4720 2875 4773 Μετά
2899 4719 3090 4773 τοῦτον
3111 4721 3392 4783 Φίλιππος
3425 4716 3740 4785 αὐτοκράτωρ

2197 4796 2291 4878 ἔτη
2314 4810 2455 4861 ἐπτά
2480 4810 2829 4865 ἐϐασίλευσεν
2859 4826 2875 4843 ·
2902 4807 3057 4876 οὗτος
3083 4816 3331 4883 γνησίως
3363 4811 3662 4866 ἐπίστευσεν
3682 4802 3741 4862 εἰς

2197 4901 2431 4971 Χριστόν
2458 4917 2471 4931 ·
2508 4888 2635 4954 ’ἀλλ’
2668 4904 2695 4956 ὁ
2744 4904 3023 4975 ὑπηρέτης
3058 4904 3153 4958 τοῦ
3189 4907 3415 4959 Σατανᾶ
3448 4904 3625 4964 Δέκιος
3650 4894 3743 4950 1:05-

2196 5010 2287 5045 τον
2313 4994 2642 5058 ἀποκτείνας
2671 4996 2905 5066 κατέσχε
2925 4998 3025 5067 τὴν
3052 4996 3341 5067 βασιλείαν
3380 4997 3476 5067 ἐτη
3506 4993 3616 5049 δύο.
3647 4982 3745 5042 Ἐπὶ

2197 5084 2410 5149 τούτου,
2433 5084 2674 5156 διωγμοῦ
2705 5087 2944 5157 χαλεποῦ
2989 5088 3333 5161 κινηθέντος.
3361 5090 3464 5142 οὐκ
3485 5082 3745 5154 εὐαρίθμη·

2194 5192 2279 5228 τοι
2311 5176 2452 5230 κατά
2477 5178 2678 5242 τόπους
2707 5179 3118 5252 ἐμαρτύρησαν.
3160 5180 3375 5237 Τούτου
3407 5180 3465 5235 δέ
3492 5177 3584 5232 σὺν
3621 5165 3747 5226 παισὶ

2200 5268 2669 5338 κατασφαγέντος,
2688 5270 2992 5344 διαδέχεται
3019 5272 3122 5346 τὴν
3154 5272 3448 5344 βασιλείαν
3467 5267 3652 5327 Γάλλος
3672 5259 3750 5315 καὶ

2203 5361 2552 5427 Βουλισιανδς
2593 5364 2692 5435 ἐτη
2720 5366 2862 5437 τρία,
2917 5366 3011 5420 καὶ
3057 5367 3285 5430 τούτους
3329 5366 3389 5419 δὲ
3427 5352 3749 5432 Dempta”;

1749 5565 1790 5621 ρ
2036 5538 2269 5598 sums.

583 5634 1197 5717 (‘9').Nouncouveuiunt
1230 5634 1342 5687 haec
1366 5646 1486 5717 cum
1505 5632 1917 5717 enumeratione
1939 5631 2096 5717 Nice-

517 5701 755 5776 piiori'in
799 5702 1061 5760 Chronico
1091 5720 1110 5757 :
1140 5720 1299 5774 quem
1336 5704 1474 5758 ride.
1522 5703 1658 5759 Cod.
1692 5704 1821 5758 Sch.
1852 5716 1976 5772 pOst
2017 5701 2104 5759 Ju-

2207 5634 2428 5711 lianum,
2464 5635 2624 5711 habet
2653 5637 2754 5693 hos
2778 5638 2872 5711 :A'O
2904 5638 3220 5711 Σύμμαχος,
3253 5640 3422 5704 Γάϊος
3444 5640 3637 5710 ἕτερος,
3664 5627 3749 5682 8³⁸

2217 5708 2421 5777 πήτων,
2460 5706 2700 5779 Οὐάλης,
2725 5706 3056 5782 Δολιχιανδς,
3090 5706 3437 5781 Νάρκισσος,
3465 5706 3566 5766 etc.
