3968 6198
246 318 386 384 40-29

1207 327 1303 389 DE
1346 329 1818 392 INVENTIONE
1853 330 2159 393 SANCT/E
2184 334 2479 396 CRUClS.

3375 334 3514 399 ιοιο

245 432 340 487 καὶ
374 431 615 502 Γαληνὸς
653 431 763 504 (50)
814 433 1121 505 διαδέχεται
1154 437 1250 510 ἔτη
1293 439 1613 496 δεκαπέντε.
1661 431 1833 506 Οὗτος

1944 452 2176 512 quuntur
2217 459 2316 514 per
2348 460 2518 502 annos
2551 445 2881 517 quindecim.
2908 447 3004 505 Ille
3027 462 3218 521 magna
3255 450 3308 504 in
3350 449 3518 506 Chri-

243 524 486 598 διωγμδν
519 524 693 596 μέγαν
714 524 858 580 κατά
888 526 1233 597 Χριστιανῶν
1261 531 1503 603 ἧγειρεν.
1532 534 1671 588 Ὑπὸ
1701 535 1835 608 βαρ·

246 618 432 690 ϐάρων
477 618 541 673 δὲ
583 617 1150 691 αίχμαλωτισθέντος,
1204 623 1373 690 όυίδς
1419 624 1587 681 αὑτοῦ
1631 626 1836 682 ἔπαυσε

246 713 342 765 τὸν
370 712 634 783 διωγμόν.
805 713 817 731 ’

332 806 421 860 Ἑν
446 806 503 860 δὲ
530 804 691 877 Αίλίᾳ
705 806 1055 877 Ἀλέξανδρος
1072 810 1432 881 μαρτυρήσας
1460 811 1837 883 Μαρζαϐάνην

249 894 493 965 διάδοχον
514 896 616 964 τῆς
644 897 987 968 λειτουργίας
1008 899 1290 968 κατέλιπε,
1320 901 1416 955 καὶ
1436 900 1626 956 τοῦτον
1675 903 1839 970 Ὑμέ-

250 1005 402 1052 ναιος
428 989 759 1060 διαδέχεται.
803 992 963 1045 Μετά
989 992 1228 1062 Γαληνδν
1267 993 1531 1060 Κλαύδιος
1551 995 1836 1050 ἐϐασίλευ-

251 1097 346 1136 σεν
372 1082 466 1151 ἔτη
490 1080 602 1135 δύο.
629 1082 740 1135 Καὶ
766 1081 957 1136 τούτου
970 1082 1214 1154 διάδοχος
1242 1085 1481 1157 κατέστη
1518 1087 1838 1160 Ἀουρηλια-

250 1169 343 1233 νδς
397 1170 490 1241 ἔτη
525 1171 607 1236 ἓξ.
670 1171 830 1225 Μετά
873 1172 1064 1227 τοῦτον
1111 1173 1346 1240 Τάκιτος
1384 1177 1481 1230 καὶ
1525 1176 1837 1249 Φλωριανὸς

251 1262 565 1334 ικράτησαν
597 1263 773 1333 μῆνας
795 1264 974 1319 ἐννέα.
1004 1265 1207 1319 Τούτου
1243 1267 1452 1338 Πρόϐος
1478 1268 1837 1341 διάδοχος-γέ-

257 1371 414 1424 γονεν
465 1355 561 1425 ἐτη
592 1354 673 1421 τε.
714 1356 917 1411 Τούτου
950 1356 1009 1411 δὲ
1041 1357 1465 1429 τελευτήσαντος
1509 1361 1608 1433 τὴν
1635 1364 1838 1433 ἡγεμο-

252 1448 372 1503 νίαν
427 1450 644 1517 ἐδέξατο
699 1451 887 1523 Κάρος
937 1452 1034 1506 σὺν
1066 1454 1185 1515 τοῖς
1232 1454 1369 1518 υἱοῖς
1402 1453 1575 1507 αὑτοῦ.
1614 1455 1838 1528 Καρίνῳ

252 1543 351 1596 καὶ
380 1541 747 1614 Νουμεριανῷ
776 1542 872 1614 ἐτη
901 1542 1015 1599 δύο.
1051 1543 1208 1598 Μετὰ
1249 1545 1474 1609 τούτους
1513 1546 1838 1619 μετέρχεται

172 1648 206 1719 ς
249 1635 533 1707 βασιλείαν
566 1636 953 1708 Διοκλητιανδς
990 1638 1087 1692 καὶ
1150 1637 1495 1708 Μαξιμιανδς
1521 1641 1696 1695 εἴκοσι
1742 1642 1838 1696 καὶ

250 1719 314 1782 ἓν
328 1730 472 1793 ἔτος.
492 1729 617 1783 ’E‘tri
638 1728 847 1784 τούτων
873 1730 903 1783 ό
919 1729 1222 1801 βαρύτατος
1237 1732 1331 1785 καὶ
1359 1732 1703 1804 μακρότατος
1727 1735 1838 1789 τῶν

250 1820 600 1891 Χριστιανῶν
647 1820 838 1890 γέγονε
878 1795 1140 1893 διωγμὸς,
1169 1824 1229 1876 ὲν
1252 1814 1302 1891 ᾧ
1348 1795 1714 1895 ἀναρίθμητοι
1744 1826 1836 1880 καὶ
1867 1795 1911 1850 Β

249 1913 445 1985 Κυρίῳ
504 1915 650 1985 μόνῳ
699 1915 1045 1986 ὲγνωσμέναι
1098 1916 1361 1986 μυριάδες
1414 1918 1830 1989 ἐμαρτύρησαν.

261 2003 353 2058 Ἐν
380 2004 540 2075 Αἰλίᾳ
568 2005 929 2078 δὲ’Υμέναιος
953 2007 1054 2078 τὴν
1085 2006 1428 2079 λειτουργίαν
1452 2009 1834 2076 καταπαύσας,

251 2096 436 2152 Ζαύδα
464 2098 717 2169 διάδοχον
765 2099 932 2154 αὐτοῦ
958 2100 1375 2169 καταλέλοιπεν,
1407 2101 1502 2156 καὶ⁵
1524 2102 1715 2157 τούτου
1742 2121 1836 2156 τε-

248 2190 634 2262 λευτήσαντος,
655 2193 883 2265 Ἕρμων
906 2194 997 2248 τὸν
1024 2194 1214 2267 θρόνον
1228 2195 1493 2267 κατέσχεν
1531 2196 1834 2274 Ἰεροσολύ-

246 2300 391 2351 μων.

319 2461 387 2516 οι
411 2460 469 2515 δὲ
498 2462 625 2534 περὶ
668 2463 1054 2538 Διοκλητιανὺν
1098 2468 1193 2522 καὶ
1220 2465 1568 2539 Μαξιμιανδν
1588 2468 1682 2522 τὸν
1710 2467 1834 2521 επί-

245 2555 389 2625 κλην
444 2555 784 2627 Ἑρκούλιον,
817 2558 955 2628 μετὰ
984 2559 1046 2613 τὸ
1098 2559 1418 2614 ἀποκτεῖναι
1472 2559 1674 2625 αὐτοὺς
1724 2561 1835 2615 τῶν

186 2656 192 2663 ·
247 2646 419 2716 ἀγίων
444 2647 646 2712 πολλὰς
678 2649 982 2721 μυριάδας,
1014 2650 1205 2723 ὥσπερ
1243 2653 1404 2723 κόρον
1442 2650 1701 2715 λαϐόντες
1722 2653 1834 2706 τῶν

250 2738 461 2801 κακῶν,
489 2742 555 2809 τῇ
592 2739 867 2813 ὑπερϐολῇ
891 2741 992 2809 τῆς
1013 2741 1278 2806 ἀπονοίας
1299 2742 1582 2811 ἀρθέντες,
1620 2744 1837 2814 προφά-

248 2845 331 2883 σει
358 2828 673 2896 θεοσεϐείας
687 2833 979 2905 άλιτάρχαι
1002 2834 1307 2905 γενόμενοι,
1371 2837 1436 2889 ὲκ
1489 2834 1836 2905 συνθήματος

245 2922 516 2977 ἀπέθεντο
567 2924 629 2977 τὸ
658 2924 929 2995 βασίλειον
950 2966 967 2992 ,
991 2927 1087 2981 καὶ
1120 2928 1202 2992 εἰς
1249 2927 1524 2999 ἰδιωτικὴν
1560 2927 1837 3000 διαγωγὴν

247 3015 688 3085 κατεστάθησαν.
719 3017 1064 3087 Μαξιμιανδς
1111 3020 1225 3090 (51)
1274 3021 1304 3074 ό
1332 3021 1626 3092 λεγόμενος
1666 3022 1835 3076 Γαλέ-

250 3108 517 3203 progigni.
552 3109 852 3203 Βίαξέντιος
878 3114 907 3166 ό
936 3112 1053 3175 υἱὸς
1086 3113 1183 3167 τοῦ
1225 3101 1540 3195 ξΕρκουλίου
1569 3117 1834 3187 κατέσχον
1863 3142 1909 3203 C

251 3197 354 3267 τὴν
394 3198 710 3271 Ῥωμαϊκὴν
734 3202 1031 3271 ἠγεμονίαν
1061 3204 1159 3277 ἔτη
1182 3188 1358 3262 ἐννέα.
1380 3207 1437 3261 '0
1473 3207 1572 3278 μέν
1605 3225 1686 3262 τοι
1717 3209 1839 3262 Μα-

251 3292 500 3363 ξιμιανὸς
544 3296 603 3348 ὲν
643 3298 756 3361 τοῖς
803 3297 907 3369 τῆς
961 3298 1138 3372 Ἐᾠας
1166 3302 1358 3375 μέρεσι
1395 3301 1687 3373 διέτριϐεν,
1730 3303 1839 3358 όδὲ

250 3385 551 3452 Μαξέντιος
577 3391 634 3442 ἐν
656 3392 796 3464 αὐτῇ
830 3396 897 3465 τῇ
931 3383 1121 3468 Ῥώμῃ
1146 3399 1213 3467 τῇ
1253 3397 1464 3468 μεγάλῃ
1492 3397 1559 3450 τὰ
1592 3399 1840 3468 βασίλεια

250 3478 570 3547 ἐποιήσατο,
597 3480 762 3552 θῆρες
789 3485 975 3555 ἄγριοι
1007 3482 1157 3540 οὗτοι
1182 3489 1274 3541 καὶ
1308 3491 1417 3542 πᾶν
1468 3485 1608 3552 εἶδος
1638 3490 1840 3552 κακίας

256 3571 677 3641 μετερχόμενοι,
728 3575 823 3629 καὶ
866 3577 1116 3647 σφοδρῶς
1165 3579 1308 3632 κατὰ
1344 3579 1456 3632 τῶν
1498 3581 1841 3650 Χριστιανῶν

252 3662 691 3733 ἀπιμαινόμενοι.
745 3665 1175 3721 Συνεϐασίλευσε
1230 3668 1287 3721 δὲ
1332 3670 1519 3733 αὐτοῖς
1556 3672 1700 3724 κατά
1741 3672 1841 3742 τὴν

252 3753 552 3825 Βρετανίαν
599 3755 833 3823 Κὼστας
882 3761 912 3813 ό
965 3761 1161 3830 μέγας,
1193 3762 1222 3814 ό
1259 3761 1355 3815 τοῦ
1401 3762 1644 3833 μεγάλου
1682 3765 1839 3817 Κων-

254 3846 536 3901 σταντίνου
571 3849 754 3921 πατὴρ
777 3891 791 3913 ,
831 3851 972 3922 ἀνὴρ
1017 3852 1085 3905 τά
1120 3853 1301 3908 πάντα
1347 3853 1712 3925 γαληνότατος
1746 3855 1843 3910 καὶ

255 3938 561 4006 πραότατος
590 3979 606 4004 ,
672 3942 958 3996 εὐσέϐειαν
1006 3945 1440 4017 ἀσπαζόμενος,
1492 3948 1586 4001 καὶ
1648 3946 1843 4001 εἴδωλα

251 4029 687 4103 μυσαττόμενος,
714 4034 810 4087 καὶ
832 4034 955 4090 λίαν
976 4036 1103 4102 τοὺς
1120 4038 1486 4107 Χριστιανοὺς
1507 4038 1842 4110 ἀποδεχόμε-

251 4138 364 4186 νος.

335 4214 395 4269 '0
434 4215 492 4270 δὲ
532 4217 946 4282 Κωνσταντῖνος
978 4218 1059 4274 ἔτι
1097 4220 1361 4293 ὑπάρχων
1396 4224 1529 4287 παῖς
1560 4220 1716 4293 παρά
1762 4222 1847 4293 τῷ

247 4306 351 4377 τῆς
387 4306 553 4377 Έῴας
577 4310 825 4381 τυράννῳ
847 4310 1125 4382 ἐτρέφετο,
1171 4313 1559 4383 παιδευόμενος
1590 4314 1687 4386 τὴν
1726 4315 1844 4370 Ἐλ-

247 4394 480 4466 ληνικὴν
507 4399 701 4467 σοφίαν
726 4440 742 4463 ,
781 4401 905 4456 ὅθεν
936 4402 1089 4474 αύτῷ
1123 4405 1216 4458 καὶ
1249 4408 1309 4460 ἐν
1355 4406 1687 4479 Παλαιστίνῃ
1727 4407 1841 4462 δντι

1938 530 2146 586 stianos
2164 534 2542 601 persecutione
2567 546 2846 605 grassatus
2864 544 2965 592 est.
2981 534 3115 592 Cum
3139 546 3319 594 autem
3343 552 3373 592 a
3390 538 3459 594 ba
3469 556 3517 591 r-

1939 622 2086 679 baris
2107 633 2254 680 esset
2272 625 2631 698 interceptus,
2657 628 2799 684 [ilius
2820 627 2940 699 ejus
2962 629 3326 700 persecutioni
3357 618 3518 687 linem

1940 713 2088 770 fecit.

2011 807 2174 865 Elia
2196 807 2414 865 interim
2454 810 2764 868 Alexander
2793 812 3058 885 martyrio
3086 813 3332 870 sublatus
3374 815 3519 871 Nar-

1939 904 2186 958 zabanen
2229 918 2605 960 successorem
2657 905 2711 960 in
2758 907 3065 962 ministerio
3117 921 3219 961 suo
3275 909 3516 977 reliquit,

1941 1011 2104 1065 quem
2162 996 2362 1053 deinde
2421 996 2745 1069 llymenteus
2793 999 3020 1067 excipit.
3075 998 3203 1055 Post
3232 999 3519 1056 Galienum

1939 1086 2201 1142 Claudius
2255 1088 2546 1157 imperavit
2597 1104 2772 1145 annos
2817 1089 2978 1157 duos,
3026 1089 3187 1160 cujus
3232 1104 3524 1146 successor

1940 1190 2160 1236 creatur
2200 1182 2550 1249 Aurelianus,
2601 1183 2881 1250 imperans
2925 1198 3098 1239 annos
3147 1198 3267 1247 sex,
3318 1191 3525 1252 etpost

1940 1264 2325 1324 eum‘Tacitus
2358 1282 2482 1324 cum
2524 1267 2776 1325 Floriano
2809 1285 2992 1326 rerum
3023 1271 3180 1340 potiti
3212 1279 3341 1324 sunt
3370 1286 3523 1325 men-

1939 1373 2028 1413 ses
2055 1372 2275 1414 novem.
2294 1357 2404 1415 Hos
2423 1359 2632 1415 Probus
2653 1361 2980 1416 subsecutus
3000 1370 3085 1415 est
3100 1376 3194 1431 per
3210 1375 3381 1415 annos
3402 1375 3529 1420 sex.

1938 1467 2004 1507 eo
2032 1463 2214 1506 autem
2250 1467 2281 1508 e
2318 1454 2455 1508 vivis
2486 1452 2726 1519 sublato,
2760 1453 2995 1524 suscepit
3032 1453 3317 1523 imperium
3354 1453 3524 1509 Carus

1939 1560 2064 1601 cum
2085 1545 2211 1601 ﬁliis
2234 1545 2437 1602 Carino
2455 1555 2509 1601 et
2528 1545 2859 1602 Numeriano
2887 1560 2981 1616 per
2998 1560 3172 1601 annos
3208 1547 3366 1601 duos.
3393 1545 3522 1602 Post

1941 1636 2062 1693 illos
2120 1637 2409 1707 imperium
2461 1638 2694 1708 adeptus
2740 1647 2825 1695 est
2864 1637 3253 1702 Diocletianus,
3291 1649 3346 1694 et
3395 1655 3517 1694 cum

1941 1728 2035 1785 illo
2078 1730 2442 1787 Maximianus
2488 1747 2663 1793 annos
2715 1732 2909 1803 viginti
2946 1742 2998 1787 et
3030 1748 3224 1787 unum.
3278 1732 3390 1788 Sub
3439 1734 3524 1787 Itis

1938 1820 2270 1891 gravissima
2296 1831 2353 1878 et
2394 1822 2712 1893 longissima
2738 1823 2791 1877 iu
2828 1822 3179 1878 Christianos
3209 1824 3525 1891 persecutio

1938 1923 2130 1969 exorta
2177 1921 2283 1981 est,
2326 1930 2433 1985 qua
2467 1914 2694 1971 inﬁnitae
2735 1931 2799 1971 ac
2841 1914 2939 1971 soli
2992 1914 3105 1971 Deo
3136 1917 3365 1986 cognita:
3404 1929 3523 1988 my-
3628 1956 3634 1962 -

1940 2007 2120 2064 riades
2180 2009 2503 2079 martyrium
2571 2008 2901 2064 subierunt:
2958 2007 3289 2080 Hymenaeus
3341 2021 3520 2065 auten.

1938 2097 2292 2168 episcopatus
2343 2098 2653 2168 ministerio
2685 2097 2800 2166 jam
2839 2096 3161 2163 defunctus,
3191 2097 3433 2153 laudant
3465 2097 3519 2152 in

1939 2190 2167 2247 Eliensi
2237 2163 2474 2246 civitate,
2510 2204 2886 2259 successorem
2929 2189 3172 2258 reliquit.
3224 2191 3400 2260 Atque
3455 2204 3519 2244 eo

1940 2296 2159 2339 mortuo
2202 2281 2438 2338 Hermou
2490 2284 2677 2339 sedem
2713 2281 3083 2353 episcopalem
3121 2279 3520 2352 Hierosolymis

1935 2376 2197 2434 obtinuit.

2008 2469 2312 2539 Postquam
2380 2476 2563 2523 autem
2611 2465 2981 2523 Diocletianus
3031 2476 3085 2523 et
3130 2467 3519 2529 Maximianus,

1936 2570 2305 2635 cognomento
2359 2559 2667 2626 Herculius,
2714 2559 2916 2615 occisis
2966 2560 3152 2615 multis
3202 2568 3520 2616 sanctorum

1936 2655 2201 2721 millibus,
2235 2652 2419 2709 satiati
2465 2652 2870 2722 quodammodo
2907 2649 3148 2720 ﬂagitiis,
3174 2667 3295 2722 quae
3327 2665 3521 2722 perpe-

1939 2755 2244 2812 traverant,
2287 2743 2625 2808 viderentur,
2685 2742 2976 2799 immodica
3045 2742 3245 2797 tuentis
3298 2742 3518 2797 vesania

1937 2840 2094 2893 actos
2125 2836 2339 2908 imperii
2388 2835 2590 2891 taedere
2625 2836 2811 2906 erepit,
2846 2834 2990 2915 quod
3016 2836 3117 2890 sub
3150 2834 3369 2905 pietatis
3433 2848 3520 2887 re-

1940 2929 2270 3001 ligionisque
2318 2936 2610 2995 praetextu,
2680 2941 2749 2982 cx
2800 2928 3108 2996 composito
3163 2927 3520 2996 deponentes,

1940 3021 1993 3075 in
2037 3021 2204 3074 vitam
2239 3019 2507 3088 privatam
2567 3022 2963 3090 ’remlgrarunt.
3005 3016 3136 3072 Post
3176 3031 3313 3085 quos
3350 3014 3524 3070 Maxi-

1943 3114 2179 3177 mianus,
2211 3113 2305 3183 qui
2341 3113 2505 3167 etiam
2553 3110 2805 3168 Galerius
2847 3109 3157 3175 dicebatur,
3210 3119 3265 3165 et
3301 3108 3527 3163 Maxcn-
3588 3159 3603 3167 ,

1941 3208 2049 3262 tius
2095 3205 2242 3260 ﬁlius
2286 3205 2565 3269 Herculei,
2618 3204 2912 3275 imperium
2957 3203 3320 3258 obtinuerunt
3349 3217 3526 3257 annos

1939 3315 2158 3355 novem.
2230 3298 2590 3353 Maximianus
2652 3308 2833 3354 autem
2891 3297 2944 3352 in
2993 3295 3217 3352 Oriente
3269 3293 3530 3350 versaba-

1938 3404 2047 3450 tur.
2106 3392 2410 3449 Maxentius
2476 3406 2608 3447 vero
2697 3391 2751 3446 in
2826 3388 3217 3460 augustissima
3305 3386 3529 3442 civitate

1938 3488 2208 3550 Romana,
2276 3487 2545 3556 imperiali
2622 3484 2950 3553 fungebatur
3015 3496 3267 3545 munere,
3334 3480 3530 3535 bellua:

1940 3597 2074 3637 sane
2112 3577 2545 3640 immanissima),
2582 3578 2785 3645 quique
2825 3577 2878 3628 in
2925 3589 3086 3629 omne
3116 3572 3413 3641 impietatis
3440 3586 3530 3638 ge-

1942 3689 2045 3727 nus
2098 3678 2505 3742 pervenerant;
2557 3668 2830 3739 imprimis
2882 3678 3065 3722 autem
3124 3673 3315 3720 contra
3369 3663 3530 3719 Chri-

1941 3767 2154 3820 stianos
2181 3763 2543 3818 insanientes.
2576 3759 2856 3829 Regnavit
2897 3774 3018 3812 cum
3060 3757 3197 3827 ipsis
3226 3756 3280 3811 in
3310 3755 3529 3810 Britan-

1941 3857 2031 3911 nia
2061 3857 2333 3912 Constans
2377 3864 2625 3924 magnus,
2658 3852 2748 3921 qui
2789 3850 3131 3906 Constantini
3166 3849 3348 3919 magni
3379 3857 3530 3918 pater

1943 3950 2068 4016 fuit,
2100 3949 2185 4003 vir
2208 3964 2306 4019 per
2333 3949 2515 4002 omnia
2547 3944 2957 4016 placidissimus
2979 3958 3045 3996 ac
3072 3942 3524 4000 humanissimus.

1942 4043 2200 4113 pietatem
2228 4039 2584 4109 amplectens,
2616 4047 2674 4093 et
2699 4036 2842 4113 idola
2887 4037 3214 4098 detestans;
3253 4032 3527 4089 Christia-

1943 4150 2044 4190 nos
2074 4147 2297 4204 quoque
2335 4145 2448 4201 prae
2481 4128 2697 4184 caeteris
2725 4128 2926 4183 charos
2956 4128 3184 4182 habens.

2012 4225 2406 4281 Constantinus
2463 4230 2647 4276 autem
2694 4220 2875 4274 adhuc
2933 4233 3067 4287 puer
3113 4216 3255 4288 apud
3287 4215 3529 4272 Orientis

1946 4328 2238 4390 tyrannum
2294 4314 2670 4376 educabatur;
2726 4313 2780 4367 in
2842 4311 3177 4369 Graecanicis
3227 4308 3531 4379 disciplinis

1944 4407 2195 4476 apprime
2243 4408 2568 4459 instructus.
2622 4400 2778 4457 Unde
2830 4403 3031 4457 accidit
3076 4402 3244 4473 quod,
3309 4417 3433 4457 eum
3473 4403 3527 4456 in

246 4488 345 4545 καὶ
392 4489 710 4560 θεωροῦντι,
753 4493 856 4547 ὅσα
906 4496 1209 4566 πάσχωσιν
1254 4498 1304 4552 oi
1352 4498 1531 4554 δοῦλοι
1569 4501 1831 4572 Χριστοῦ,

1944 4497 2230 4553 Paltcstina
2290 4506 2641 4559 versaretur,
2706 4495 3022 4564 videretque
3094 4509 3260 4561 quam
3325 4494 3522 4549 acerba

243 4581 501 4640 ὶδάκνετο
525 4584 559 4654 ἡ
584 4583 757 4657 ψυχή.
789 4582 900 4640 Ἦν
921 4588 1032 4658 γάρ
1059 4590 1425 4662 μισοπόνηρος
1454 4594 1520 4646 ὲκ
1554 4594 1831 4650 παιδόθεν.

243 4673 350 4729 Τὸν
377 4674 435 4729 δὲ
465 4677 846 4748 Διοκλητιανὺν
870 4679 930 4732 ἐν
968 4680 1251 4753 Δαλματίᾳ
1281 4682 1535 4750 διάγοντα
1563 4686 1832 4740 κατέλαϐε

242 4762 506 4834 θεήλατος
555 4766 718 4841 ὀργὴ,
746 4770 843 4824 καὶ
877 4770 1146 4839 όγκωθεὶς
1200 4774 1261 4826 τὸ
1311 4773 1476 4844 σῶμα
1527 4777 1608 4839 είς
1657 4776 1835 4830 πολλὰ

241 4855 621 4926 διερρήγνυτσ
653 4860 820 4933 μέρη,
861 4866 961 4931 τῆς
1015 4862 1337 4935 βλασφήμου
1370 4865 1536 4919 αὑτοῦ
1579 4867 1834 4939 γλώσσης

242 4945 516 5019 σαπείσης
539 4951 599 5004 ὲν
634 4952 715 5024 τῷ
742 4953 982 5028 λάρυγγι
1014 4956 1183 5010 αὑτοῦ
1216 4959 1313 5012 καὶ
1367 4959 1571 5031 πλῆθος
1612 4963 1829 5035 σκωλή-

241 5058 358 5095 κων
379 5041 770 5115 ἀναϐρισάσης.
799 5047 988 5113 Οὕτως
1011 5049 1291 5122 ἀπέρρηξε
1323 5051 1384 5104 τὸ
1416 5052 1653 5124 πνεῦμα.
1685 5054 1744 5110 '0
1772 5056 1830 5108 δὲ

256 5131 572 5204 Ἐρκούλιος
615 5138 672 5190 ὲν
702 5138 903 5211 Ταρσῷ
940 5141 1041 5211 τῆς
1083 5143 1338 5206 Κιλικίας
1365 5142 1700 5216 κατέστρεψε
1736 5145 1828 5199 τὸν

238 5224 380 5296 βίον.
424 5226 483 5279 ’0
509 5226 567 5281 δὲ
595 5229 856 5301 Γαλέριος
886 5232 1251 5303 Μαξιμιανὺς,
1287 5233 1481 5305 ὥσπερ
1510 5235 1696 5290 ἄδειαν
1720 5238 1820 5290 λα-

233 5316 372 5384 ϐὼν,
388 5317 565 5385 ἀθέως
588 5319 706 5393 ἄμα
730 5325 823 5379 καὶ
848 5324 1235 5395 ἀπανθρώπως
1251 5326 1518 5398 ἐκέχρητο
1535 5330 1601 5400 τῇ
1629 5344 1828 5403 τυραν-

235 5408 360 5467 νίδι.
417 5411 861 5488 Γυναικομανοῦς
893 5420 1002 5492 γάρ
1055 5421 1348 5491 γενομένου
1398 5420 1561 5475 αὑτοῦ
1604 5421 1827 5493 ἀγῶνας

1942 4588 2151 4644 Christi
2195 4588 2437 4644 cultores
2484 4597 2823 4657 paterentur,
2868 4586 3110 4655 graviter
3145 4585 3331 4640 animo
3369 4586 3529 4641 indo-

1943 4684 2210 4748 lesceret;
2246 4681 2426 4734 fuerat
2459 4683 2604 4736 enim
2660 4680 2727 4735 ab
2785 4679 3130 4735 ineunabulis
3191 4678 3526 4748 improbitati

1943 4776 2379 4838 iuiensissimus,
2434 4774 2817 4841 malorumque
2864 4788 2993 4827 osor
3035 4773 3361 4827 acerrimus.
3397 4770 3521 4826 Dio~

1940 4866 2235 4923 cletianutn
2296 4866 2517 4920 interim
2586 4867 2639 4918 in
2702 4864 2970 4917 Dalmatia
3033 4872 3283 4929 agentem
3340 4861 3522 4925 divina

1938 4959 2180 5013 vindicta
2215 4956 2501 5025 corripuit.
2558 4953 2693 5010 Nam
2726 4968 2848 5009 cum
2898 4966 3132 5022 corpore
3162 4952 3405 5022 graviter
3437 4952 3523 5006 in-

1940 5049 2249 5113 tumuissct,
2288 5047 2341 5101 in
2378 5046 2561 5101 varias
2588 5053 2770 5115 partes
2813 5043 3094 5112 disruptus
3125 5053 3230 5106 est,
3261 5041 3524 5107 blasphe-

1938 5154 2136 5209 ntaque
2157 5139 2275 5207 ejus
2306 5138 2490 5208 lingua
2519 5136 2574 5191 in
2604 5144 2828 5206 gutture
2857 5143 3229 5204 putrescente,
3258 5143 3314 5191 et
3335 5149 3364 5189 a
3400 5147 3527 5189 ver-

1939 5236 2107 5290 mium
2146 5231 2496 5286 multitudine
2550 5238 2897 5298 cousumpta,
2936 5228 3100 5281 vitam
3140 5228 3344 5282 amisit.
3386 5225 3523 5281 Her-

1937 5328 2111 5382 culius
2151 5339 2280 5379 vero
2314 5320 2469 5377 Tarsi
2501 5322 2554 5376 iu
2587 5321 2776 5377 Cilicia
2818 5320 2964 5373 fatali
3002 5320 3331 5374 necessitate
3359 5318 3518 5373 abre-

1937 5431 2061 5489 ptus
2091 5428 2195 5475 est.
2231 5419 2485 5476 Galerius
2530 5425 2712 5468 autem
2769 5414 3150 5482 Maximianus,
3203 5411 3521 5468 velutomtzi

1753 5606 1987 5666 ΝοτΑῖ.
2102 5562 2105 5563 ν

453 5708 663 5788 Pollux,
696 5715 1007 5788 Γαλλιηνός.

304 5779 417 5853 (51)
452 5780 620 5849 Qtlt‘tu
654 5779 1141 5849 Alexander‘vueat
1189 5790 1571 5848 Maximiantttu
1602 5835 1619 5859 ,
1646 5793 1688 5847 is
1732 5802 1808 5846 est
1852 5791 2117 5843 Maximus
2149 5801 2412 5857 tyrannus
2441 5784 2699 5840 Orientis.
