3968 6198
521 270 652 334 4051

1708 279 2146 342 ALEXANDRI
2194 281 2539 342 MONACHI

3582 293 3701 358 4052

513 390 773 459 deposito
805 401 974 453 metu,
1008 388 1172 459 impie
1206 389 1368 446 simul
1399 399 1452 447 et
1476 390 1771 448 inhumane
1802 393 2082 465 tyrannide

2197 394 2354 463 ἔσχον
2391 397 2437 446 οἱ
2497 395 2593 446 ὐπ’
2643 390 2807 445 αὐτοῦ
2858 391 3156 456 τελοῦντες,
3209 395 3305 447 ποῦ
3350 398 3570 468 κρύψωσι
3618 407 3699 469 τὰς

511 496 644 539 usus
672 491 775 537 est.
798 480 1039 550 Cumque
1074 480 1129 535 in
1160 481 1390 538 feminas
1428 484 1885 554 impotentissime
1911 487 2082 543 ferre-

508 575 824 637 tur.subditi
844 574 1011 642 ipsius
1036 576 1084 628 id
1103 574 1469 643 potissimum,
1488 576 1635 630 omni
1650 590 1775 631 cura
1795 594 1858 631 ac
1881 579 2079 643 studio,

512 667 849 726 nitebantur,
914 673 973 718 ut
1021 665 1199 718 locum
1246 677 1550 734 quaererent
1576 668 1663 722 ubi
1699 683 1897 723 uxores
1925 681 1989 722 ac
2020 668 2085 722 ιι-

507 759 609 811 lias
640 771 770 812 suas
803 768 833 811 a
877 765 1171 827 conspectu
1225 760 1443 827 tyranni
1495 759 1858 825 occultarent,
1911 773 2083 828 eoque

507 852 815 913 dementiae,
875 851 1181 905 dmmonum
1226 848 1415 903 fraude
1472 849 1784 909 devenerat.
1838 858 1898 903 ut
1944 849 2082 903 nihil

507 950 748 1006 gustare,
786 940 1110 994 inconsultis
1158 939 1416 1002 oraculis,
1456 940 1702 1000 auderet,
1738 939 2081 995 Christianos

508 1041 687 1085 autem
730 1031 974 1085 funditus
1016 1032 1391 1100 delerijussit,
1438 1033 1598 1101 idque
1642 1048 1746 1087 non
1795 1033 1970 1088 solum
2014 1034 2083 1088 ob

505 1124 864 1194 impietatem,
913 1140 1016 1192 qua
1066 1134 1203 1187 erat,
1260 1127 1354 1179 sed
1387 1124 1575 1187 etiam,
1620 1134 1676 1177 ut
1710 1123 1959 1180 fortunas
1984 1140 2081 1180 eo-

506 1232 623 1268 rum
661 1216 943 1284 diriperet.

577 1352 821 1417 Cumque
890 1352 1096 1405 videret
1136 1351 1554 1406 Constantinum
1611 1352 1799 1417 majori
1856 1353 1907 1406 in
1964 1353 2082 1408 dies

500 1450 660 1496 male
704 1441 911 1507 augeri,
959 1442 1356 1510 prudentiaque
1392 1443 1613 1511 egregie
1650 1443 1856 1507 ornari,
1906 1444 2081 1509 suspi-

500 1545 651 1590 cans,
684 1541 848 1598 atque
896 1531 1031 1582 adeo
1081 1546 1177 1599 per
1208 1542 1385 1583 sortes
1433 1531 1483 1583 id
1517 1541 1822 1598 suSpeetum
1857 1530 2078 1595 habens,

500 1635 597 1689 per
628 1635 750 1671 eum
800 1620 1067 1682 futurum,
1104 1630 1161 1671 ut
1206 1620 1501 1687 aliquando
1547 1620 1791 1689 tyrannis
1839 1634 1935 1674 sua
1967 1621 2079 1673 dis-

2204 486 2355 548 ιδίας
2374 484 2619 555 γαμετὰς
2647 485 2740 537 καὶ
2768 484 3075 554 θυγατέρας
3104 483 3209 537 ἀπὸ
3234 484 3504 556 προσώπου
3536 497 3698 565 τυράν.

2194 595 2303 630 νου,
2353 576 2446 638 Et;
2481 574 2735 628 τοσοῦτον
2767 575 2823 628 δὲ
2850 571 2919 646 ἦν
2949 575 3251 644 ὲντετηκὼς
3280 579 3383 630 τῶν
3424 579 3702 643 πλανώντων

2195 667 2358 721 αὐτὸν
2386 666 2660 736 δαιμόνων
2684 666 2887 737 ἀπάτῃ,
2912 666 2987 730 ὡς
3021 667 3094 735 μὴ
3139 668 3413 736 ἀνέχεσθαί
3442 687 3571 736 τινος
3596 676 3702 742 γεύ.

2195 755 2389 810 σασθαι
2419 757 2547 810 ἀνευ
2590 755 2847 824 μαντείας
2879 770 2894 784 ⁸
2924 754 3032 808 τῶν
3063 754 3120 808 δὲ
3146 755 3470 826 Χριστιανῶν
3513 764 3703 818 πανολε.

2191 845 2347 916 θρίαν
2370 846 2622 915 γενέσθαι
2671 844 3005 917 προσέταξεν
3030 885 3046 910 ,
3084 846 3146 898 οὐ
3204 848 3357 915 μόνον
3382 848 3467 903 διὰ
3488 850 3574 920 τὴν
3598 854 3707 906 ἀσέ-

2190 938 2343 991 ϐειαν
2372 937 2560 1004 αὐτοῦ,
2592 936 2725 990 ἀλλά
2753 936 2848 990 καὶ
2874 936 2963 989 διὰ
2985 936 3045 989 τὸ
3086 936 3317 1006 ἁρπάσαι
3355 939 3420 992 τά
3438 939 3711 1011 ὑπάρχοντα

2193 1029 2393 1085 αὐτῶν.

2254 1341 2477 1396 Βλέπων
2508 1341 2565 1395 δὲ
2586 1340 2677 1393 τὸν
2708 1342 3115 1396 Κωνσταντῖνον
3140 1340 3500 1412 προκόπτοντα
3530 1343 3601 1405 είς
3626 1343 3705 1411 μέ-

2183 1436 2341 1504 γεθος
2388 1434 2487 1503 τῆς
2532 1434 2746 1504 ἡλικίας
2791 1435 2886 1488 καὶ
2917 1433 3131 1487 συνέσει
3181 1432 3600 1502 κεκοσμημένον,
3632 1434 3707 1487 καὶ

2183 1527 2551 1591 ὑποπτεύσας,
2580 1525 2778 1595 μᾶλλον
2800 1525 2856 1577 δὲ
2881 1524 3321 1596 μαντευσάμενος
3343 1524 3496 1576 αὐτὸν
3509 1524 3706 1578 καταλύ-

2182 1633 2282 1686 την
2311 1615 2525 1686 μέλλειν
2554 1610 2890 1684 ἐσεσθαίτῆς
2918 1615 3234 1686 τυραννίδος
3265 1615 3449 1678 αὐτοῦ,
3479 1614 3601 1685 δόλῳ
3626 1615 3706 1668 αὐ·

501 1712 821 1766 solveretur.
886 1707 1008 1759 dolo
1060 1708 1233 1775 ipsum
1279 1706 1592 1760 lnteriicere
1639 1716 1722 1761 est
1772 1720 2075 1777 aggressus.

2185 1708 2276 1761 τὸν
2305 1706 2613 1761 θανατῶσαι
2647 1707 2921 1763 διενοεῖτο.
2961 1706 3122 1759 Ἀλλά
3156 1705 3277 1776 θείᾳ
3300 1705 3591 1777 προμηθείᾳ
3626 1722 3707 1775 μα-

505 1799 705 1854 Verutn
748 1799 990 1868 juvenis,
1038 1799 1218 1852 divina
1275 1800 1608 1866 providentia
1672 1800 1854 1853 dolum
1911 1801 2080 1867 ipsius

2188 1799 2296 1852 θὼν
2342 1799 2372 1851 ὁ
2427 1799 2546 1861 νέος
2584 1797 2753 1859 δόλον,
2788 1797 2865 1860 ὡς
2904 1799 2933 1850 ὁ
2957 1796 3121 1853 Δαυῖδ
3168 1797 3311 1866 φυγῇ
3344 1794 3437 1866 τὴν
3475 1796 3706 1866 σωτηρίαν

500 1904 869 1959 ιιτωιιοειιιιιιε,
904 1892 1164 1957 ραι-ιιιιῆυ
1201 1889 1441 1954 Davidis,
1469 1890 1589 1960 fuga
1625 1891 1849 1945 salutem
1882 1893 2077 1960 quaesi-

2186 1890 2498 1962 ὲπορίσατο.
2556 1887 2664 1941 Τοῦ
2705 1889 2761 1941 δὲ
2805 1890 3070 1958 τυράννου
3117 1888 3199 1951 είς
3247 1887 3472 1957 ἄμετρον
3515 1886 3705 1949 ἀτοπίας

497 1982 571 2035 vit
607 2000 620 2036 :
663 1991 892 2052 tyranno
943 1994 1124 2035 autem
1178 1982 1288 2050 jam
1337 1982 1391 2034 in
1436 1998 1703 2035 summum
1752 1980 2075 2050 ﬂagitiorum

2185 1982 2443 2044 ἐκϐάντος
2474 1981 2567 2034 καὶ
2594 1983 2707 2044 τοῖς
2726 1982 3072 2051 Χριστιανσῖς
3102 1978 3349 2049 σφοδρῶς
3376 1979 3700 2044 ἐπικειμένου,

498 2074 769 2142 ingresso,
805 2066 1103 2141 contraque
1127 2072 1478 2127 Christianos
1506 2073 1821 2142 gravissima
1853 2085 2076 2141 quaeque

2185 2078 2218 2144 ἠ
2268 2073 2387 2127 θεία
2435 2072 2559 2143 δίκη
2605 2071 2796 2125 τοῦτον
2831 2069 3138 2141 ἀνεχαίτιζε
3164 2072 3402 2142 μάστιγα
3427 2068 3539 2122 κατ’
3573 2067 3704 2121 αὐτοῦ

498 2163 779 2230 moliente,
830 2163 1069 2217 vindicta
1126 2163 1311 2217 divina
1363 2176 1590 2217 conatus
1631 2165 1746 2230 ejus
1793 2162 2072 2233 perfregit,

498 2254 797 2321 punitionis
853 2268 967 2308 suae
1030 2250 1299 2321 ﬂagellum
1346 2252 1399 2306 in
1453 2269 1575 2305 eum
1627 2254 1877 2318 mittens;
1921 2253 2073 2308 ulcus

498 2344 642 2396 enim
698 2344 1036 2397 teterrimum
1079 2342 1380 2397 secundum
1431 2351 1620 2411 partes
1663 2345 1923 2406 occultas,
1953 2357 2072 2411 qua!

500 2432 740 2487 libidinis
791 2434 892 2503 ipsi
926 2434 1193 2487 ministra
1247 2432 1489 2498 fuerant,
1526 2445 1765 2497 enatum,
1795 2435 1938 2489 omni
1969 2448 2072 2504 ope

500 2529 735 2579 humana
786 2525 1056 2579 valentius
1099 2525 1148 2579 ei
1197 2524 1479 2589 constitit,
1517 2540 1748 2595 cumque
1792 2527 2075 2595 putredine

497 2625 553 2671 et
583 2618 951 2687 graveolentia
997 2626 1179 2687 partes
1234 2618 1343 2672 illa:
1398 2618 1594 2672 merito
1629 2620 1827 2672 invasa:
1859 2619 2075 2687 penitus

498 2709 946 2778 depascereutur,
1006 2712 1393 2780 vermiumque
1449 2710 1533 2765 vis
1572 2710 1747 2779 magis
1798 2712 2077 2780 magisque

2180 2168 2495 2235 ὐπεφιεῐσα.
2516 2163 2716 2229 Ἕλκος
2742 2165 2850 2235 γὰρ
2869 2163 3107 2234 χαλεπὸν
3132 2165 3258 2217 κατ’
3282 2163 3409 2217 αὐτὸ
3431 2162 3523 2231 τῆς
3544 2160 3703 2216 ἀκολα-

2179 2258 2299 2322 σίας
2331 2256 2572 2329 κρυπτὸν
2617 2256 2805 2328 μόριον
2847 2256 3111 2323 ἀναφυὲν,
3169 2257 3413 2324 κρεῖττον
3449 2252 3609 2321 πάσης
3634 2252 3703 2303 ἀν·

2178 2348 2455 2421 θρωπίνης
2513 2346 2705 2417 τέχνης
2749 2345 3007 2411 κατέστη.
3085 2344 3278 2413 Νομῆς
3312 2342 3367 2397 δὲ
3413 2342 3499 2394 καὶ
3531 2338 3702 2407 σήψεως

2176 2438 2271 2493 καὶ
2319 2438 2583 2501 δυσωδίας
2624 2435 2937 2507 δεινοτάτης
2974 2435 3335 2505 διαλασούσης
3376 2434 3495 2496 τοὺς
3526 2431 3700 2493 τόπους,

2181 2528 2483 2601 σκωλήκων
2513 2528 2570 2582 δὲ
2598 2528 2838 2598 πλήθους
2857 2527 3254 2596 ἀναδεδομένου
3274 2567 3288 2592 ,
3312 2522 3378 2597 ἦν
3401 2524 3503 2596 γὰρ
3521 2524 3603 2577 καὶ
3631 2537 3701 2573 πον

2178 2623 2450 2693 λύσαρκος
2486 2624 2514 2675 ὁ
2535 2620 2783 2685 δείλαιος,
2801 2622 2881 2683 είς
2902 2620 3252 2690 ἀπελπισμὺν
3265 2619 3442 2673 λοιπὸν
3458 2612 3700 2686 ἐληλυθὼς,

2182 2712 2364 2766 ἔκειτο
2388 2712 2568 2782 θέαμα
2598 2709 2832 2764 έλεεινδν
2859 2711 2996 2764 πᾶσι
3022 2712 3138 2773 τοῖς
3170 2710 3299 2781 περὶ
3330 2706 3503 2763 αὐτόν.

496 2815 832 2860 accresceret
868 2804 1178 2875 (eratenim
1224 2803 1408 2859 infelix
1446 2802 1533 2858 ille
1561 2807 1727 2859 obeso
1792 2804 2077 2859 admodum
2130 2807 2398 2876 corpore),
2454 2805 2506 2860 in
2562 2803 2996 2874 desperationem
3049 2804 3275 2858 tandem
3328 2799 3571 2863 incidens,
3626 2796 3702 2850 mi-

495 2894 784 2948 serattduin
813 2897 1045 2959 eunetis,
1075 2894 1166 2965 qui
1204 2895 1349 2951 illum
1376 2898 1745 2962 intuebantur,
1770 2895 2136 2965 spectaculum
2161 2897 2412 2968 praalmit.

570 3029 803 3099 Pupugit
849 3040 1028 3084 autem
1064 3040 1190 3083 tunc
1223 3034 1460 3085 animant
1511 3032 1655 3086 illius
1690 3031 1966 3100 cogitatio,
1998 3032 2068 3086 ob

2249 3034 2384 3087 Τότε
2422 3031 2486 3101 δὴ
2514 3030 2692 3084 ἔννοιά
2731 3048 2814 3094 τις
2844 3027 3182 3100 ὐπεισῆλθεν
3217 3019 3385 3094 αὐτῷ,
3420 3024 3492 3097 ὡς
3521 3021 3611 3092 ἄρα
3636 3018 3699 3071 διὰ

505 3120 733 3189 injustas
765 3122 817 3172 in
845 3119 1188 3173 Christianos
1212 3123 1387 3174 caedes
1422 3123 1689 3176 exercitas
1719 3121 1820 3175 sibi
1848 3121 1963 3175 haec
1992 3120 2070 3175 di-

2185 3124 2265 3177 ιὸν
2299 3090 2486 3177 ἄδικον
2524 3123 2633 3176 τῶν
2659 3090 3005 3194 Χριστιανῶν
3035 3090 3220 3190 ’φόνον
3246 3090 3350 3173 uno
3372 3090 3464 3187 τῆς
3484 3090 3617 3174 ’θείας
3645 3107 3699 3162 δί’

505 3208 629 3260 vina
671 3206 882 3276 justitia
934 3210 1197 3260 Θνιιιιιδδιε.
1242 3209 1422 3273 Quare
1472 3211 1740 3278 extemplo
1759 3210 1938 3264 edicta
1984 3224 2078 3279 per

508 3298 795 3352 universas
818 3298 981 3352 urbes
1024 3300 1407 3369 promulgavit,
1457 3310 1513 3355 ut
1560 3317 1748 3358 omnes
1781 3302 2078 3357 Christiani

507 3389 677 3445 libere
708 3391 1132 3458 dimitterentur,
1167 3394 1457 3463 omniaque
1483 3395 1767 3461 intrepide,
1801 3409 1900 3463 pro
1930 3407 2082 3448 more

507 3495 630 3547 suo,
665 3479 1136 3549 administrarent,
1160 3492 1213 3536 et
1247 3482 1315 3535 ab
1344 3483 1595 3536 omnibus
1631 3483 1683 3536 iu
1713 3484 1916 3537 honoro
1959 3497 2083 3553 pre-

505 3574 692 3643 tioque
730 3574 1087 3640 haberentur,
1141 3585 1304 3645 utque
1354 3592 1450 3643 pro
1501 3574 1852 3645 imperatoris
1909 3575 2083 3630 salute

507 3665 650 3733 apud
682 3665 851 3719 Deum
887 3668 1137 3735 precibus
1182 3666 1605 3720 intercederent.
1657 3665 1861 3733 Quibus
1888 3665 2082 3720 celeri-

508 3765 594 3808 ter
626 3755 884 3825 peractis,
923 3756 1066 3809 illico
1117 3755 1301 3810 divina
1348 3772 1472 3825 erga
1508 3772 1675 3825 genus
1702 3758 1995 3811 humanum
2026 3772 2086 3812 se

506 3848 798 3901 clementia
831 3850 1092 3912 ostendit,
1149 3850 1352 3913 illeque
1380 3850 1469 3916 qui
1492 3848 1603 3918 jam
1656 3858 1959 3903 extremum
1994 3850 2087 3903 du-

508 3938 669 3991 eebat
697 3938 970 4007 spiritum,
1006 3939 1165 3992 saluti
1193 3939 1436 3991 redditus
1467 3949 1569 4002 est,
1599 3947 1652 3991 et
1675 3939 1741 3991 ab
1781 3939 1960 3992 ulcere
1995 3939 2088 3991 illo

510 4029 830 4085 diilicillimo
891 4030 1322 4084 Christianorum
1375 4029 1626 4098 precibus
1686 4039 1912 4083 sanatus
1981 4040 2084 4090 est,

513 4131 715 4192 prater
741 4123 983 4176 omnium
1012 4122 1360 4177 sententiam.
1385 4119 1586 4175 Verum
1616 4122 1837 4177 vulnere
1862 4124 2086 4176 necdum

509 4215 670 4285 plene
714 4216 782 4269 ad
831 4217 1142 4269 cicatricem
1184 4224 1395 4280 coacto,
1432 4215 1482 4267 in
1534 4212 1857 4268 (lateriorem
1902 4228 2089 4267 amen-

509 4309 668 4371 tiam,
704 4306 919 4361 diabolo
976 4306 1154 4373 ipsum
1207 4307 1469 4374 agitante,
1522 4315 1781 4376 tyrannus
1828 4306 2089 4375 impulsus

2176 3230 2282 3284 κης
2314 3213 2463 3283 αὐτῷ
2504 3212 2727 3282 συνέϐη.
2762 3210 2981 3275 Εὐθέως
3021 3209 3119 3264 οὖν
3170 3205 3485 3277 κατέπεμψε
3514 3197 3697 3273 προστά-

2177 3319 2363 3373 γματα
2402 3301 2544 3357 κατά
2576 3303 2757 3357 πᾶσαν
2793 3299 2948 3355 πόλιν
2985 3298 3322 3354 ἀναλύεσθαι
3343 3296 3462 3357 τούς
3487 3293 3697 3362 Χριστια·

2178 3401 2325 3465 νούς,
2361 3399 2457 3453 καὶ
2501 3398 2763 3469 πράττειν
2804 3395 3195 3466 καταθυμίωςν
3226 3394 3295 3448 τά
3332 3391 3447 3446 κατ’
3482 3388 3599 3449 ἔθος,
3630 3382 3697 3436 καὶ

2182 3489 2288 3544 ὐπὸ
2332 3492 2550 3545 πάντων
2597 3487 2884 3559 τιμᾶσθαι,
2935 3485 3283 3557 παρακαλεῖν
3308 3499 3365 3535 τε
3390 3480 3479 3533 καὶ
3503 3471 3698 3546 εὐχεσθαι

2182 3583 2380 3645 αὐτοὺς
2432 3582 2573 3651 ὑπὲρ
2624 3582 2791 3636 αὐτοῦ
2842 3578 3273 3650 αὐτοκράτορος.
3321 3573 3496 3628 Ταῦτα
3538 3568 3699 3637 γέγονεν

2182 3675 2279 3728 καλ⁸
2304 3673 2507 3736 εὐθέως
2537 3675 2570 3743 ἡ
2604 3672 2726 3726 θεία
2745 3670 3129 3741 φιλανθρωπία
3187 3665 3472 3723 ἐδείκνυτο.
3501 3659 3599 3715 Καὶ
3628 3654 3703 3707 πά-

2182 3766 2267 3819 λιν
2304 3768 2332 3819 ὁ
2368 3768 2425 3818 ὲν
2466 3764 2725 3835 ἐσχάταις
2775 3763 3073 3825 ἀναπνοαῖς
3098 3759 3372 3830 γεγονὼς,
3413 3750 3554 3814 αὖθις
3589 3746 3706 3814 ὑγιὴς

2184 3855 2278 3909 xui.
2344 3854 2624 3926 ῥωμαλέος
2687 3854 2920 3924 ὑπῆρχε,
2960 3852 3066 3906 τοῦ
3133 3847 3518 3923 χαλεπωτάτου
3560 3842 3703 3896 ἕλκους

2184 3945 2394 3999 ἐκείνου
2442 3946 2509 4014 τῇ
2541 3946 2673 4016 εὐχῇ
2698 3943 2806 3998 τῶν
2850 3944 3211 4014 Χριστιανῶν
3257 3939 3557 4014 παραδόξως
3588 3934 3703 3997 ὑγια·
3812 3950 3821 4016 i

2186 4035 2403 4098 σθέντος
2420 4033 2601 4093 ,Ἀλλά
2622 4036 2695 4104 μή
2726 4052 2814 4087 πω
2834 4034 2927 4089 τοῦ
2951 4033 3271 4107 τραύματος
3296 4031 3469 4093 καλῶς
3496 4017 3703 4079 συνουλὼ-

2187 4141 2402 4189 σαντος,
2452 4126 2534 4187 εἰς
2598 4122 2924 4195 μειζοτέραν
2965 4125 3170 4195 μανίαν
3220 4122 3457 4187 κινηθεὶς
3498 4116 3588 4169 ὑπὸ
3637 4107 3702 4161 τοῦ

2185 4214 2533 4287 ἐνεργοῦντος
2560 4215 2653 4268 τοῦ
2690 4216 2748 4269 έν
2781 4215 2930 4286 αὐτῷ
2969 4215 3282 4273 διαδόλουώ
3316 4215 3561 4283 τύραννος
3580 4214 3699 4272 προσ·

2184 4308 2440 4378 τάγματα
2480 4309 2615 4362 ἄθεα
2659 4310 2752 4362 καὶ
2786 4308 2983 4379 νόμους
3031 4306 3505 4380 πεπληρωμένους
3537 4296 3704 4368 ὡμότη-

511 4408 618 4465 est,
675 4398 963 4467 edictaque
1016 4413 1081 4450 ac
1133 4397 1278 4467 leges
1348 4397 1690 4452 crudelitatis
1745 4397 2082 4465 plenissimas

2187 4417 2277 4464 τος
2312 4400 2580 4472 ἔγραψεν,
2619 4404 2677 4455 ὲν
2715 4396 2797 4465 οἷς
2830 4402 3085 4454 ἐκέλευσε
3122 4401 3262 4470 μήτε
3295 4398 3391 4468 ζῇν
3428 4394 3554 4466 μήτε
3597 4384 3703 4439 πολι·

512 4491 757 4561 scripsit,
785 4490 982 4559 quibus
1009 4490 1356 4544 Christianos
1393 4489 1703 4559 rcipublica:
1742 4482 2088 4543 administra-

516 4583 683 4647 tione,
735 4583 844 4634 imo
884 4582 994 4634 vita
1037 4580 1335 4651 prohibuit,
1382 4595 1562 4650 neque
1592 4580 1649 4635 in
1701 4579 2088 4635 babitabilibus

517 4688 692 4744 neque
725 4673 777 4727 iu
816 4674 1048 4727 desertis
1100 4671 1234 4725 locis
1282 4671 1477 4741 degere
1525 4671 1797 4742 permisit,
1848 4670 2085 4740 Alioqui,

511 4766 710 4834 inquit,
762 4765 815 4818 in
852 4780 987 4834 pace
1019 4766 1224 4833 vivere,
1253 4774 1307 4818 et
1340 4765 1503 4819 rebus
1554 4763 1809 4818 secundis
1842 4761 1947 4817 frui
1981 4776 2085 4817 non

513 4860 831 4927 poterimus,
870 4860 973 4911 nisi
1033 4859 1252 4927 penitus
1297 4854 1741 4913 Christianorum
1778 4871 1947 4926 genus
1995 4856 2087 4910 de-

513 4946 709 5002 leatur.
746 4949 923 5016 Atque
958 4949 1031 5001 ita
1055 4947 1497 5002 Christianorum
1523 4957 1698 5002 status
1738 4947 1808 5002 ab
1836 4948 2089 5002 omnibus

506 5036 619 5105 jam
666 5055 762 5104 pro
791 5038 1077 5106 desperato
1129 5034 1458 5093 habebatur.
1497 5038 1764 5094 Caeterum
1808 5037 1947 5093 Deus
1975 5036 2087 5107 pla-

512 5126 705 5180 smatis
758 5129 840 5179 sui
886 5143 1233 5196 nequaquam
1287 5128 1489 5180 oblitus
1541 5137 1647 5182 est.
1710 5126 1923 5180 Etenim
1975 5122 2085 5180 tum

512 5215 698 5269 videre
731 5215 927 5269 licebat
994 5217 1337 5272 ()In'istianos
1386 5218 1651 5287 gregatim
1698 5218 1935 5286 undique
1966 5232 2086 5271 cum

516 5304 700 5360 liberis
745 5317 800 5361 et
858 5312 1117 5362 uxordans
1153 5309 1219 5360 ad
1271 5317 1501 5363 mortem
1548 5310 1708 5379 cogi,
1766 5309 1862 5364 sed
1906 5310 2086 5364 divina

510 5399 719 5466 iustitia
755 5415 877 5453 mox
913 5402 1200 5453 consilium
1238 5401 1607 5471 improborum
1656 5401 1939 5471 dissipavit
1973 5421 1983 5455 :
2022 5418 2085 5455 ex

513 5492 767 5545 Ulllliiblls
822 5493 967 5545 enim
1022 5493 1155 5547 locis
1198 5494 1404 5561 hostes,
1443 5494 1801 5548 barbarorum
1832 5494 2087 5558 insultus,

516 5580 710 5647 futues,
737 5592 897 5637 terrae
937 5585 1234 5649 siccitates,
1255 5584 1591 5656 gravissima:
1624 5594 1828 5654 pestes,
1857 5598 2087 5639 mortes-

514 5687 620 5740 que
682 5673 1091 5744 intempestiva},
1145 5689 1341 5747 praeter
1388 5680 1846 5748 exspectationem
1887 5719 1909 5744 ,
1959 5681 2085 5733 oriri

2186 4493 2439 4546 τεύεσθαι
2470 4492 2852 4564 Χριστιανοὺς,
2883 4494 3019 4564 μήτε
3047 4493 3224 4545 οἰκεῖν
3247 4492 3305 4544 ὲν
3333 4488 3477 4557 πάσῃ
3492 4484 3552 4554 τῇ
3572 4479 3703 4532 οἰκον·

2189 4586 2349 4657 μένῃ,
2382 4585 2519 4655 μήτε
2574 4587 2632 4637 έν
2676 4587 2797 4648 ταῖς
2845 4585 3073 4655 ἐρήμοις
3109 4598 3125 4615 ⁸
3169 4582 3348 4643 ἄλλως
3385 4583 3516 4648 γὰρ,
3564 4566 3701 4640 φησὶν,

2187 4676 2307 4730 οὐδὲ
2341 4666 2441 4749 ζῇν
2472 4677 2565 4729 καὶ
2586 4676 2875 4745 εὐημερεῖν
2905 4674 2975 4735 οὐ,
2996 4671 3277 4743 δυνάμεθα
3304 4709 3321 4737 ,
3372 4669 3418 4722 εἰ
3452 4665 3521 4738 μὴ
3547 4658 3703 4749 ad“:

2189 4767 2295 4841 φθῇ
2332 4743 2407 4822 te"
2423 4767 2577 4837 γένος
2763 4763 3123 4836 Χριστιανῶν.
3160 4764 3277 4817 Καὶ
3318 4758 3385 4834 ἦν
3401 4756 3570 4811 λοιπὸν
3595 4743 3705 4841 mei

2188 4837 2495 4931 ἀνθρώποις
2520 4857 2911 4929 ἀπηλπισμένα
2947 4855 3015 4909 τά
3036 4854 3404 4925 Χριστιανῶν.
3455 4850 3511 4903 Ὀ
3537 4845 3585 4899 δὲ
3611 4837 3706 4896 Θεδς

2190 4953 2290 5005 οὐκ
2314 4950 2610 5004 ἐπελάθετο
2638 4948 2732 5002 τοῦ
2754 4949 2959 5002 οἰκείου
2996 4948 3322 5019 πλάσματος
3349 4963 3364 4978 ·
3396 4940 3462 5015 ἧν
3491 4938 3586 5009 γὰρ
3612 4931 3703 5019 idsi?

2189 5040 2452 5111 ἀγεληδὸν
2517 5038 2849 5109 συρομένους
2895 5039 3022 5102 τοὺς
3076 5018 3442 5108 Χριστιανοὺς
3490 5018 3704 5111 πανδημεέ

2190 5108 2287 5185 σύν
2314 5108 2532 5199 γυναιξί
2555 5108 2613 5182 τε
2636 5132 2731 5183 καὶ
2755 5130 2969 5193 τέκνοις
2999 5128 3094 5183 ἐπὶ
3133 5128 3229 5182 τὸν
3266 5126 3507 5181 θάνατον.
3549 5108 3701 5174 ’Δλῖἧ

2190 5221 2308 5275 θεία
2339 5222 2460 5292 δίκη
2488 5225 2587 5285 τὰς
2617 5222 2810 5291 βουλὰς
2849 5222 2959 5275 τῶν
2987 5221 3207 5291 ἀνόμων
3239 5216 3540 5273 διεσκέδασε
3564 5223 3577 5238 ⁸
3605 5220 3703 5259 π²ν⁸

2187 5316 2354 5386 τοιχοῦ
2388 5316 2498 5387 γὰρ
2540 5315 2768 5386 πόλεμοι
2796 5318 2891 5371 καὶ
2922 5315 3324 5377 ἐπαναστάσεις
3355 5307 3615 5383 βαρϐάρων
3630 5297 3701 5381 ξὺν

2190 5409 2345 5471 θέως,
2378 5407 2530 5478 λιμοί
2577 5423 2635 5459 τε
2671 5406 2892 5476 σφοδροὶ
2929 5408 3024 5461 καὶ
3058 5405 3264 5475 αὐχμοὶ
3291 5401 3554 5472 λοιμοίτε,
3575 5392 3701 5459 ἄωροι

2190 5499 2409 5553 θάνατοι
2433 5497 2585 5566 ἄφνω
2613 5495 2954 5567 ἐπέσκηψαν,
2977 5499 3054 5561 ὡς
3087 5496 3163 5567 μὴ
3192 5496 3387 5565 ἀρκεῖν
3406 5491 3519 5549 τοὺς
3542 5483 3700 5548 ζῶντας

2191 5590 2417 5645 θάπτειν
2439 5591 2564 5653 τοὺς
2583 5587 3090 5661 νεκροὺς,κεραυνοί
3113 5602 3173 5638 τε
3209 5585 3307 5639 καὶ
3326 5581 3557 5653 φόϐητρα
3574 5568 3699 5661 initt-

2192 5694 2388 5747 ποντα,
2420 5679 2559 5733 ὥστε
2611 5679 2840 5735 ἕκαστον
2883 5678 3075 5731 ἑαυτοῦ
3119 5676 3288 5745 μόνον
3328 5666 3595 5744 μεριμνᾷνυ
