3968 6198
260 271 403 336 4053
1222 275 1319 333 DE
1351 268 1824 336 INVENTIONE
1868 276 2175 335 SANCT/E
2198 276 2492 335 CRUCIS.
3384 263 3525 328 illi-4

218 412 230 422 -
264 384 435 448 οὕτως
472 384 734 456 ἄπρακτα
773 381 995 454 ἔμειναν
1026 383 1091 437 τὰ
1132 384 1223 437 τοῦ
1268 387 1535 457 τυράννου
1562 387 1838 458 προστάγ-

1972 387 2072 442 iste
2109 396 2258 452 sunt,
2314 387 2368 440 in
2420 393 2648 448 tantmn,
2683 392 2740 438 nt
2768 382 2874 437 vivi
2920 378 3250 450 sepeliendis
3296 377 3525 431 mortuis

271 491 437 547 μα’ἒα·
1955 492 2062 533 non
2109 475 2440 532 sufﬁcerent.
2498 460 2701 529 Crebra
2756 475 2884 528 item
2938 469 3162 525 fulmina
3199 478 3255 525 et
3277 475 3524 538 portenta

267 537 723 630 immittebantur,
768 577 836 619 ex
868 576 978 634 quo
1021 561 1224 619 factum
1270 572 1353 620 est
1385 578 1441 622 ut
1492 568 1720 637 quilibet
1751 564 1823 621 de
1856 568 2020 623 rebus
2050 567 2165 624 suis
2214 566 2440 624 solliciti
2470 565 2695 630 fuerint,
2731 562 3059 635 tyrannique
3119 537 3289 631 iussa-7
3330 559 3527 617 infecta

271 662 692 731 permanserint.

350 774 411 828 '0
438 775 493 827 δὲ
526 773 595 827 τὰ
645 773 825 827 πάντα
870 773 1105 844 χρηστὸς
1140 774 1551 839 Κωνσταντῖνος
1599 775 1836 844 διεσώθη

2027 771 2417 829 Constantinus
2455 780 2640 825 autem
2674 782 2769 839 per
2793 770 2977 822 omnia
3011 767 3441 822 humanissimum
3467 779 3534 821 ac

272 867 407 936 πρὸς
421 867 512 919 τὸν
546 867 742 918 οἰκεῖον
758 867 992 937 πατέρα.
1010 867 1069 919 ’0
1094 867 1152 919 δέ
1179 868 1475 938 δεξάμενος
1506 867 1670 920 αὑτὸν
1698 866 1852 936 ὑγιῆ,

275 957 367 1008 καὶ
387 955 556 1009 πολλά
576 956 654 1024 τῷ
670 957 789 1027 Θεῷ
818 957 1241 1029 εὐχαριστήσας,
1275 959 1393 1028 μετ’
1415 959 1477 1012 ού
1500 957 1635 1010 πολὺ
1666 957 1723 1011 δὲ
1744 974 1855 1010 πα-

282 1046 470 1117 ραδοὺς
496 1047 643 1116 αύτῷ
666 1047 766 1117 τὴν
790 1046 1088 1117 βασιλείαν,
1117 1048 1415 1119 μετήλλαξε
1444 1049 1534 1103 τὸν
1565 1048 1699 1120 βίον.
1737 1049 1854 1103 Ἀνο

276 1138 549 1210 ηγορεύθη
566 1139 623 1192 δὲ
639 1140 893 1210 βασιλεὺς
909 1143 937 1193 6
953 1142 1124 1211 μέγας
1144 1144 1518 1206 Κωνστατίνος
1537 1144 1594 1196 ἐν
1608 1142 1686 1212 τῷ
1703 1143 1857 1215 πρώ-

278 1247 356 1299 τῳ
381 1231 612 1302 ἐνιαυτῷ
640 1234 737 1300 τῆς
752 1232 1130 1301 διακοσιοστῆς
1163 1234 1571 1303 ἑϐδομηκοστῆς
1625 1235 1851 1307 πρώτης

285 1321 665 1391 Ὀλυμπιάδος,
698 1325 825 1392 μηνὶ
850 1324 1075 1395 Ἰουλίῳ,
1101 1328 1321 1396 εἰκοστῇ
1362 1327 1460 1379 καὶ
1494 1326 1744 1398 πέμπτῃ.
1796 1327 1855 1380 '0

282 1413 336 1466 δὲ
368 1414 668 1480 Μαξέντιος
703 1416 1073 1485 πονηρότατος
1119 1417 1337 1472 πάντων
1385 1418 1493 1470 τῶν
1538 1417 1643 1487 πρὸ
1691 1417 1863 1471 αὑτοῦ

1957 867 2399 936 benignissimus,
2428 868 2568 933 apud
2621 872 2829 929 patrem
2855 862 3010 917 vivus
3041 869 3124 915 est
3154 869 3535 928 conservatus,

1958 973 2119 1027 quem
2180 956 2269 1011 ille
2318 971 2512 1010 sanum
2570 954 2919 1022 validumque
2983 953 3287 1023 suscipiens
3351 951 3538 1006 multis

1963 1052 2071 1105 Deo
2095 1048 2287 1120 gratiis
2331 1047 2494 1113 actis,
2553 1061 2661 1099 non
2699 1045 2870 1100 multo
2905 1052 3050 1115 post,
3095 1060 3217 1099 cum
3252 1043 3327 1099 llli
3358 1043 3536 1113 impe-

1960 1142 2098 1195 rium
2150 1140 2485 1205 tradidisset,
2539 1138 2706 1191 vitam
2758 1152 2879 1191 cum
2926 1147 3103 1192 morte
3156 1135 3535 1191 commutavit.

1959 1232 2188 1288 Creatus
2219 1242 2396 1286 autem
2426 1241 2509 1285 est
2552 1231 2851 1299 imperator
2881 1229 3274 1284 Constantinus
3310 1241 3538 1298 magnus

1961 1338 2105 1377 anno
2156 1323 2331 1393 primo
2372 1321 2711 1394 Olympiadis
2762 1321 3155 1376 ducentesima;
3204 1318 3539 1390 septuagesi-

1963 1431 2065 1470 mae
2119 1417 2306 1485 prima:
2364 1430 2547 1469 mense
2620 1414 2785 1476 Julio.
2848 1415 2936 1468 die
2995 1412 3256 1467 vicesimo
3322 1411 3534 1480 quinto.

280 1506 516 1573 γεγονὼς
556 1507 683 1570 τοὺς
727 1511 791 1578 τῇ
841 1505 1026 1579 Ῥώμῃ
1071 1508 1415 1571 ἐνοικοῦντας
1454 1509 1720 1579 ἀπέτριϐε
1762 1511 1858 1562 καὶ

1972 1506 2267 1561 Maxentius
2297 1522 2445 1571 vero,
2489 1508 2753 1570 omnium,
2792 1508 2883 1575 qui
2930 1516 3056 1559 ante
3095 1505 3270 1574 ipsum
3297 1505 3539 1572 impera-

283 1594 520 1663 μάλιστα
542 1596 670 1660 τοὺς
701 1598 1082 1668 Χριστιανούς.
1107 1600 1341 1663 Πολλοὺς
1361 1600 1455 1653 οὖν
1483 1599 1593 1653 τῶν
1622 1600 1858 1670 πρώτων

1972 1607 2179 1661 verunt,
2252 1595 2522 1663 pessimus
2580 1610 2644 1650 ac
2697 1597 3121 1651 scelestissimns
3185 1612 3306 1650 cum
3372 1603 3540 1660 esset,

282 1686 547 1753 φονεύσας
579 1726 595 1750 ,
624 1690 721 1742 καὶ
775 1688 1003 1750 πολλοὺς
1026 1691 1299 1761 ἐξορίσας,
1320 1691 1419 1755 τὰς
1449 1692 1635 1754 οὐσίας
1672 1692 1855 1745 αὐτῶν

1972 1689 2161 1744 multos
2217 1687 2401 1742 Ruina!
2447 1678 2847 1742 commorantes
2878 1690 3160 1752 exstinxit,
3215 1697 3271 1743 et
3321 1687 3542 1757 putissi~

281 1775 600 1848 διήρπαζεν.
650 1780 727 1850 Τῇ
793 1780 851 1834 δὲ
905 1782 1043 1852 αὐτῇ
1103 1782 1200 1834 τοῦ
1254 1782 1515 1853 Γαλερίου
1571 1782 1855 1853 χρώμενος

1972 1795 2107 1833 mum
2156 1779 2517 1836 Christianos.
2597 1780 2730 1834 Ctttn
2798 1779 2980 1847 itaque
3038 1778 3235 1833 multos
3288 1791 3375 1834 er
3412 1778 3541 1838 illis.

281 1869 552 1941 ἀκολασίᾳ
583 1871 784 1935 πολλὰς
812 1872 919 1926 τῶν
962 1874 1265 1945 ὲλεύθέρων
1302 1875 1579 1943 γυναικῶν
1611 1876 1853 1946 ἐμίανεν,

1972 1888 2161 1941 eosque
2207 1874 2511 1944 prmcipuos
2575 1873 2895 1939 occidisset,
2969 1872 3283 1942 multosque
3353 1870 3546 1926 exsilio

282 1962 477 2033 ἐτέρας
515 1963 572 2017 δέ
621 1964 832 2034 μυρίας,
878 1967 1261 2038 ἀνοσιουργίας
1313 1969 1407 2022 καὶ
1456 1968 1855 2041 ἀρῤητοποιῖας

1974 1966 2292 2029 nultasset,
2348 1966 2485 2020 bona
2548 1967 2906 2034 fortunasque
2975 1965 3239 2020 invadens
3301 1962 3544 2032 diripuit,

281 2052 641 2121 ἐπιτηδεύων,
674 2056 946 2126 ἀφόρητος
977 2058 1143 2110 πᾶσιν
1177 2058 1415 2128 ὑπῆρχε,
1445 2060 1730 2127 γοητικαίς
1750 2075 1855 2111 κα-

1972 2063 2120 2125 ttque
2173 2057 2384 2122 eadem,
2431 2071 2535 2125 qua
2573 2056 2825 2112 Galerius
2887 2054 3308 2125 intemperantia
3361 2069 3534 2118 usus,

282 2145 714 2213 κομαγγανείαις
766 2146 1069 2216 χρώμενος.
1139 2148 1247 2200 Τοῦ
1311 2147 1368 2201 δέ
1417 2148 1656 2218 μεγάλου
1710 2150 1865 2204 Κων-

1972 2145 2169 2199 multas
2200 2145 2463 2213 ingenuas
2488 2144 2743 2199 mulieres
2772 2144 2915 2200 ftede
2953 2142 3373 2205 contaminavit,
3406 2141 3546 2195 alia-

282 2233 561 2287 σταντίνου
598 2236 666 2289 τά
736 2235 922 2306 βόρεια
975 2238 1068 2292 καὶ
1114 2238 1306 2292 δυτικά
1357 2241 1496 2310 μέρη
1539 2238 1642 2303 ἕως
1701 2240 1865 2294 αὐτοῦ

1972 2252 2077 2307 que
2116 2237 2168 2291 id
2223 2250 2394 2306 genus
2436 2235 2584 2290 mille
2630 2233 2833 2305 ﬂagitia
2886 2247 3229 2304 perpetrans,
3286 2247 3406 2301 qua:
3439 2231 3544 2286 dlci

280 2323 664 2380 τοῦὬκεανοῦ
721 2328 1128 2393 ὑποτάξαντος,
1182 2326 1252 2401 ἦν
1300 2333 1490 2403 εἰρήνη
1541 2330 1712 2403 πολλὴ
1771 2332 1865 2388 καὶ

1972 2328 2123 2384 nefas
2148 2328 2243 2392 sit,
2274 2326 2633 2382 intolerabilis
2672 2326 2890 2379 cunctis
2919 2340 3046 2379 esse
3087 2324 3275 2394 coepit,
3309 2323 3550 2392 magica-

284 2413 561 2485 θυμηδεία
590 2417 701 2487 (52)
734 2419 828 2471 καὶ
873 2420 1213 2484 κατάστασις
1244 2421 1303 2474 ἐν
1324 2422 1420 2493 ὅλῃ
1450 2423 1517 2493 τῇ
1556 2423 1676 2475 κατ’
1701 2422 1863 2477 αὐτὸν

284 2507 594 2582 οἰκουμένῃ.

1971 2436 2090 2476 rum
2146 2419 2344 2474 artium
2378 2418 2699 2489 imposturis
2740 2418 3072 2486 impotenter
3109 2416 3347 2471 deditus.
3379 2414 3551 2470 Cum-

1963 2534 2069 2589 que
2122 2513 2520 2570 Constantinus
2587 2526 2837 2579 magnus,
2915 2510 3315 2578 Septentrionis
3381 2515 3546 2577 atque

284 2603 596 2665 occidentis
672 2615 852 2674 partes
909 2620 1079 2675 usque
1141 2606 1210 2662 ad
1263 2605 1538 2665 Oceanum
1586 2611 1910 2682 subegisset,
1978 2626 2174 2682 magna
2225 2623 2330 2679 pax
2382 2621 2446 2663 ac
2503 2606 2624 2661 laeta
2684 2604 3047 2674 tranquillitas
3099 2603 3166 2658 iis
3215 2599 3552 2670 regionibus,

288 2710 407 2764 quae
439 2695 538 2761 ipsi
571 2699 853 2762 parebant,
887 2705 970 2752 est
1002 2708 1224 2753 exorta.

357 2807 421 2860 Οί
439 2808 496 2861 δὲ
515 2807 730 2879 Ῥώμης
750 2811 1031 2883 οἰκήτορες
1048 2813 1233 2882 δέησιν
1245 2814 1383 2885 πρὸς
1395 2814 1554 2870 αὐτὸν
1565 2816 1867 2873 ἐστείλαντο

285 2900 757 2972 παρακαλοῦντες,
779 2904 854 2973 μὴ
887 2905 1138 2973 παριδεῖν
1170 2904 1269 2977 τὴν
1299 2906 1508 2978 μητέρα
1542 2907 1651 2960 τῶν
1708 2909 1865 2980 βασι-

286 2992 426 3046 λέων
460 2993 567 3045 άπὸ
594 2993 837 3063 ἀπηνοῦς
870 2996 1160 3066 τυράννου,
1205 2998 1405 3069 μᾶλλον
1433 2999 1490 3051 δὲ
1521 3000 1858 3072 σαρκοϐόρου

289 3083 481 3153 θηρίου
511 3085 910 3157 ἀπολλυμένην.
944 3089 1130 3144 Ταῦτα
1175 3090 1414 3155 ἀκούσας
1442 3093 1470 3143 6
1507 3092 1679 3161 μέγας
1708 3093 1864 3146 Κωνο

2043 2818 2202 2875 Cives
2255 2813 2488 2871 Romani
2547 2814 2687 2868 inter
2736 2814 2850 2867 haec
2904 2811 2970 2864 ad
3015 2825 3138 2865 eum
3191 2809 3551 2880 supplicatum

1972 2911 2303 2965 mittuntur:
2356 2922 2423 2961 ne
2475 2923 2596 2961 eam
2635 2906 2847 2969 urbem,
2878 2920 2999 2973 qua:
3051 2914 3224 2956 mater
3257 2902 3551 2969 imperato-

1934 3052 1941 3058 .
1974 3016 2092 3054 rum
2126 2999 2322 3063 fuerat,
2371 3006 2600 3067 quasque
2627 3012 2658 3050 ει
2696 2996 2933 3064 pessimo
2973 3005 3203 3064 tyranno
3241 2993 3353 3061 jam
3385 2992 3554 3045 ferme

1972 3090 2231 3161 perierat,
2296 3090 2576 3159 despectui
2646 3088 2897 3144 haberet.
2961 3089 3172 3155 Quibus
3232 3086 3551 3150 intellectis,

295 3177 573 3239 σταντῖνος
628 3179 721 3230 καὶ
767 3179 1137 3251 συμπαθήσας
1171 3183 1379 3246 αὐτοῖς.
1437 3184 1721 3255 ἐφρόντιζε
1773 3184 1865 3239 τοῦ

1974 3159 2366 3238 Constantinus
2397 3194 2645 3247 magnus,
2680 3178 3033 3233 miseratione
3079 3178 3294 3231 illorum
3333 3178 3552 3241 ductus.

292 3269 653 3342 ἐλευθερῶσαι
718 3274 919 3340 αὐτοὺς
970 3278 1035 3331 ὲκ
1085 3278 1185 3347 τῆς
1240 3279 1530 3347 δουλείας,
1584 3280 1775 3334 ἐδεδίει
1812 3279 1871 3334 δὲ

288 3359 447 3413 τοῦτο
480 3362 568 3415 διὰ
597 3364 697 3428 τάς
726 3367 980 3436 γοητείας
1018 3370 1114 3421 καὶ
1152 3370 1319 3422 αὐτοῦ
1370 3371 1868 3441 κακομαγγανείας.

300 3452 442 3521 Ἤδη
480 3453 590 3521 γάρ
613 3456 690 3517 ὡς
722 3457 892 3510 πολλὰ
930 3460 1162 3530 ἀνέτεμε
1208 3461 1397 3514 παιδία
1448 3464 1717 3533 προφάσει
1774 3463 1873 3532 τῆς

294 3542 557 3612 ἀθεμίτου
589 3545 753 3598 αὑτοῦ
792 3548 1075 3616 μαντείας.
1145 3551 1236 3603 Ἐν
1275 3551 1445 3621 πολλῇ
1484 3548 1578 3606 οῦν
1631 3554 1873 3624 φροντίδι

290 3634 387 3687 καὶ
409 3633 601 3703 σκέψει
621 3635 920 3707 ὑπάρχοντι
947 3636 1102 3709 ὤφθη
1134 3639 1292 3712 αύτῷ
1316 3644 1373 3696 ἐν
1397 3643 1603 3715 κάμπῳ
1631 3645 1874 3713 διάγοντι

295 3724 434 3794 μετὰ
471 3724 581 3777 τῶν
622 3729 971 3795 στρατιωτῶν
1011 3730 1144 3801 περὶ
1184 3732 1535 3804 μεσημϐρίας
1560 3736 1874 3808 στηλοειδὴς

296 3814 528 3884 σταυρὸς
563 3817 627 3869 ἐκ
651 3817 829 3885 φωτὸς
869 3822 1381 3893 κατεσκευασμένος
1422 3824 1557 3895 (5'5),
1610 3828 1669 3879 ἐν
1700 3819 1744 3894 ᾧ
1773 3828 1872 3879 έπ-

292 3907 623 3977 ιγέγραπτο,
653 3926 671 3960 ι
695 3910 784 3962 Ἐν
811 3911 986 3983 τούτῳ
1007 3913 1153 3968 νίκα.
1194 3934 1214 3967 ι
1257 3917 1533 3987 Ἔμφοϐος
1559 3918 1616 3971 δὲ
1646 3920 1873 3990 γενόμε-

294 4015 383 4061 νος
411 3999 439 4050 6
466 3999 740 4069 βασιλεὺς,
768 4002 956 4073 ἠρώτα
984 4004 1111 4067 τοὺς
1139 4006 1235 4059 σὺν
1265 4006 1415 4078 αὐτῷ
1436 4051 1452 4074 ,
1489 4009 1538 4062 εἰ
1588 4010 1874 4063 καὶλαύτοί

291 4107 347 4143 τι
369 4090 679 4147 ἐθεάσαντο.
707 4094 769 4146 Οἱ
800 4094 857 4147 δὲ
907 4095 1341 4166 ὁμολογήσαντες
1374 4099 1473 4169 τὴν
1518 4100 1692 4171 αὐτὴν
1722 4100 1875 4171 αύτῷ

293 4182 601 4253 ἑωρακέναι
650 4184 942 4251 ὀπτασίαν,
974 4187 1098 4240 τότε
1139 4189 1167 4240 6
1204 4188 1460 4257 βασιλεὺς
1498 4191 1876 4263 ἀναρρωσθεὶς

291 4271 372 4342 τῷ
401 4275 731 4344 φρονήματι,
764 4277 1000 4348 θάρσους
1031 4296 1091 4351 τε
1117 4280 1214 4333 καὶ
1251 4282 1563 4353 προθυμίας
1589 4284 1874 4348 ἀνάπλεως

294 4358 387 4434 ἦν.
416 4363 495 4433 Τῇ
543 4363 598 4416 δέ
660 4365 888 4440 ἐπιούσῃ
923 4371 1079 4423 νυκτὶ
1118 4374 1346 4436 ἐπιστὰς
1378 4376 1407 4427 6
1462 4374 1665 4446 Κύριος
1719 4370 1874 4429 εἶπεν

1973 3291 2039 3331 ex
2093 3273 2356 3329 servitute
2405 3272 2527 3326 illos
2576 3271 2632 3325 in
2689 3270 2997 3325 libertatem
3047 3285 3295 3325 asserere
3333 3272 3387 3325 in
3439 3271 3557 3326 ani-

1974 3380 2122 3418 mum
2159 3362 2393 3427 induxit,
2444 3362 2498 3415 in
2530 3377 2638 3432 quo
2680 3371 2862 3416 tamen
2894 3363 3263 3432 aggredienda
3299 3377 3406 3416 non
3440 3378 3555 3417 me-

1975 3454 2234 3508 diocriter
2267 3452 2596 3522 trepidabat,
2648 3460 2866 3522 propter
2887 3454 3108 3522 magicae
3137 3453 3295 3515 artis,
3325 3467 3429 3521 qua
3465 3450 3555 3506 ille

1976 3544 2272 3597 instructus
2327 3555 2464 3607 erat,
2519 3543 2797 3613 improbas
2850 3544 3097 3599 teclmas.
3155 3542 3551 3598 Videbatenim
3616 3536 3623 3543 ’

1976 3636 2248 3704 quomodo
2296 3634 2540 3689 inﬁnitos
2588 3650 2787 3702 pueros
2821 3638 2887 3689 ad
2931 3635 3195 3689 nefariam
3228 3636 3555 3689 incantatio-

1976 3742 2100 3782 nem
2154 3742 2309 3784 suam
2358 3727 2747 3799 perﬁciendam
2791 3729 3164 3784 dissecuisset.
3201 3730 3334 3783 Cum
3369 3727 3554 3798 itaque

1978 3820 2032 3875 in
2064 3834 2276 3875 summa
2309 3837 2440 3874 cura
2483 3829 2648 3889 atque
2684 3822 2849 3877 animi
2902 3821 3269 3876 sollicitudine
3304 3836 3555 3877 versare-

1978 3921 2087 3979 tur,
2117 3913 2230 3967 visa
2275 3913 2373 3980 ipsi
2432 3923 2513 3967 est
2544 3929 2667 3967 cum
2721 3915 2990 3978 exercitu,
3045 3915 3097 3968 iu
3151 3931 3343 3983 campo
3376 3916 3554 3984 agenti

1976 4020 2165 4059 versus
2197 4005 2474 4059 meridiem
2517 4020 2650 4058 crux
2679 4021 2744 4060 ex
2775 4005 2896 4060 luce
2928 4006 3251 4072 clarissima,
3292 4006 3557 4061 columna:

1978 4093 2044 4147 ad
2081 4093 2297 4146 modum
2341 4093 2506 4159 facta,
2538 4109 2660 4147 cum
2694 4096 2797 4148 hac
2832 4096 3186 4163 inscriptione
3230 4113 3243 4149 :
3295 4115 3313 4147 ι
3358 4094 3415 4149 ln
3453 4097 3554 4151 hoc

1977 4184 2130 4253 signo
2165 4184 2341 4238 vince.
2407 4203 2424 4236 ι
2457 4185 2572 4250 Qua
2619 4201 2676 4240 re
2708 4188 2971 4241 attonitus
3001 4187 3315 4255 imperator,
3353 4189 3553 4256 quaesi-

1976 4277 2057 4330 vit
2086 4292 2150 4330 ex
2179 4277 2304 4339 illis,
2338 4279 2429 4347 qui
2464 4294 2585 4331 cum
2634 4278 2756 4348 ipso
2787 4289 2964 4345 erant,
2999 4296 3124 4332 num
3156 4290 3208 4333 et
3245 4282 3347 4348 ipsi
3378 4281 3557 4333 simile

1978 4369 2107 4438 quid
2138 4368 2419 4432 vidissent,
2476 4370 2567 4438 qui
2605 4386 2795 4423 omnes
2847 4373 3315 4425 consentientibus
3359 4373 3555 4427 animis

293 4453 445 4525 αὐτῷ
477 4469 489 4484 ⁸
532 4456 749 4526 Χρῆσαι
797 4460 874 4530 τῷ
900 4462 1125 4529 φανέντι
1166 4465 1381 4536 σημείῳ
1406 4504 1421 4529 ,
1449 4466 1545 4521 καὶ
1578 4466 1674 4539 έσῃ
1706 4468 1865 4522 νικῶν

1978 4462 2106 4517 fassi
2148 4472 2279 4518 sunt
2302 4464 2549 4517 eamdem
2582 4464 2684 4517 sibi
2715 4480 2950 4532 speciem
2979 4464 3151 4520 fuisse
3186 4467 3353 4520 visam
3383 4484 3396 4520 :
3431 4479 3556 4519 tum:

299 4544 512 4610 πάντας
561 4548 687 4611 τοὺς
736 4549 963 4620 ἐχθρούς
1002 4569 1116 4608 σου.
1157 4554 1403 4627 Ἡμέρας
1453 4557 1509 4610 δὲ
1571 4560 1865 4630 γενομένης

1977 4554 2271 4623 imperator
2299 4555 2664 4611 sollicitudine
2698 4557 2979 4619 liberatus,
3004 4559 3296 4626 animoque
3328 4576 3389 4612 ac
3417 4560 3553 4613 bona

292 4635 525 4705 ἀμελητὶ
559 4637 843 4707 σχεδιάσας
875 4644 1127 4714 σταυρὸν,
1158 4644 1335 4716 ὅσπερ
1372 4647 1535 4716 μέχρι
1568 4648 1670 4717 τῆς
1698 4650 1872 4719 σήμε-

296 4737 391 4790 ρον
420 4724 479 4775 ἐν
512 4727 625 4788 τοῖς
667 4726 955 4796 βασιλείοις
1005 4732 1336 4801 φυλάττεται
1374 4777 1389 4801 ,
1430 4736 1684 4790 ἐκέλευσε
1738 4756 1871 4809 προ-

295 4810 528 4879 άγεσθαι
592 4819 755 4872 αὑτὸν
800 4822 882 4884 είς
926 4822 1017 4876 τὸν
1072 4824 1328 4896 πόλεμον.
1396 4827 1456 4880 Ὅ
1513 4829 1570 4881 δὲ
1601 4828 1872 4902 δυσσεϐὴς

293 4903 578 4974 τύραννος,
600 4908 880 4981 θαρσήσας
917 4916 1029 4978 τοῖς
1066 4915 1320 4987 δαίμοσιν
1355 4919 1546 4987 αὐτοῦ,
1609 4921 1706 4974 καὶ
1773 4938 1868 4989 γε-

297 4993 559 5063 φυρώσας
588 5000 679 5052 τὸν
714 5004 1062 5073 παραρέοντα
1111 5009 1355 5080 ποταμὸν
1393 5009 1617 5074 πολλαῖς
1649 5012 1867 5079 ναυσὶν,

297 5084 526 5156 ἐξῆλθεν
550 5092 630 5153 είς
656 5092 911 5164 πόλεμον.

1974 4661 2072 4714 spe
2115 4645 2304 4714 plenus
2356 4658 2437 4701 est
2494 4649 2756 4714 redditus,
2806 4649 2892 4702 cui
2948 4649 3112 4703 etiam
3160 4653 3346 4704 eadem
3399 4663 3555 4705 nocte

1976 4747 2160 4792 astans
2206 4739 2484 4799 Dominus,
2530 4748 2585 4791 ut
2628 4741 2783 4807 signo
2826 4740 2931 4792 sibi
2978 4740 3094 4792 viso
3145 4751 3409 4803 uteretur,
3444 4756 3554 4793 mo-

1979 4830 2115 4895 nuit,
2163 4830 2403 4884 futnrum
2464 4830 2607 4883 enim
2658 4837 2715 4883 ut
2761 4834 3002 4883 omnium
3038 4846 3259 4884 suorum
3316 4832 3494 4886 hostia
3524 4855 3548 4877 .ι

1978 4921 2251 4990 potiretur
2278 4920 2525 4973 victoria.
2566 4919 2917 4973 llluccseente
2944 4921 3124 4989 itaque
3153 4923 3259 4986 die,
3295 4923 3555 4974 conlinu')

1978 5028 2221 5078 crucem,
2280 5026 2399 5081 qua:
2452 5026 2624 5080 usque
2673 5012 2851 5067 adhuc
2897 5013 2949 5065 in
3014 5013 3160 5081 regia
3217 5025 3550 5077 asservalur,

1977 5105 2243 5170 construi,
2270 5116 2326 5159 et
2353 5114 2482 5160 ante
2520 5120 2578 5159 se
2613 5105 2664 5158 in
2707 5106 2905 5160 bellum
2960 5106 3202 5175 praeferri
3235 5106 3419 5176 jussit.
3450 5104 3554 5160 lm-

301 5173 424 5240 pius
481 5191 607 5232 vero
674 5192 953 5251 tyrannus,
1005 5189 1207 5271 auxilio
1262 5191 1563 5245 daemonum
1630 5208 1855 5252 suorum
1893 5198 2147 5263 confisus,
2204 5195 2448 5264 ﬂuvium,
2503 5198 2595 5265 qui
2686 5199 3104 5269 praeterfluebat,
3200 5213 3364 5271 ρυιιιο
3424 5200 3551 5269 jun—

299 5280 433 5336 gcns
458 5276 669 5344 magnis
704 5279 919 5335 navium
959 5268 1147 5351 copiis,
1172 5284 1239 5339 ad
1270 5300 1502 5357 pugnant
1542 5293 1825 5356 processit.

1803 5468 2032 5528 NOTAE.

520 5609 709 5695 foll-nx
744 5612 1001 5695 θυμηδία,
1031 5621 1161 5695 cod._
1194 5617 1320 5695 Bav.
1351 5620 1637 5692 θυμηδεία.

374 5679 486 5751 (55)
522 5681 595 5738 De
633 5684 733 5739 hac
781 5679 994 5742 visione
1020 5679 1570 5748 crucisConstantino
1616 5696 1869 5750 divinitus

1972 5630 2173 5751 olélata,
2234 5632 2352 5687 vide
2399 5635 2487 5689 lib.
2531 5647 2566 5689 tt
2602 5633 2677 5691 De
2734 5650 2914 5691 sancta
2959 5654 3146 5705 vace,
3202 5655 3313 5709 cap.
3369 5637 3435 5694 ΞΟ
3502 5650 3553 5691 ct

1982 5714 2013 5750 ο
2057 5739 2069 5751 .

1982 5714 2069 5753 Ol.
