3968 6198
441 272 585 337 4055
1652 283 2034 345 ALEXAND]

2141 284 2476 347 MONACHI
3511 295 3625 361 4056

514 388 815 443 Commissa
861 405 1037 458 pugna
1083 389 1289 445 inimici
1334 390 1532 447 virtute
1579 395 1760 451 crucis
1798 400 2016 454 contriti

2194 400 2478 471 Συμϐολῆς
2520 401 2576 455 δὲ
2645 402 2964 471 γενομένης,
2997 402 3369 475 συνετρίϐησαν
3412 407 3501 460 ὑπὸ
3547 415 3628 481 τῆς

441 488 591 545 sunt,
621 479 963 549 maximaque
996 497 1181 536 eorum
1236 493 1390 552 parte
1432 486 1635 548 occisa.
1674 489 1863 559 reliqui
1894 506 2017 546 cum

2141 490 2215 544 τοῦ
2259 492 2495 564 σταυροῦ
2530 493 2814 564 δυνάμεως
2848 494 2896 545 οἱ
2937 494 3240 548 ὑπεναντίοι
3261 537 3276 560 ,
3308 498 3394 551 καὶ
3431 516 3630 554 κατακο-

444 579 677 639 tyranuo
738 587 927 645 versus
976 573 1256 627 civitatem
1309 574 1585 645 fugerunt,
1623 596 1853 650 cumque
1886 599 2019 652 pons

2141 582 2319 645 τέντες
2344 584 2394 636 οἱ
2433 583 2699 651 πλεῖστοι,
2730 586 2778 636 οἱ
2829 583 3001 637 λοιποὶ
3047 584 3142 636 σὺν
3180 585 3254 656 τῷ
3284 588 3534 659 τυράννῳ,
3572 592 3636 655 ὡς

444 662 794 717 multitudine
840 663 1004 716 nimia
1054 664 1354 730 fatisceret,
1402 667 1452 720 in
1491 667 1713 724 flumine
1742 675 2020 741 perierunt

2141 674 2215 728 :ttt
2268 675 2367 746 τὴν
2418 677 2573 729 πόλιν
2626 676 2846 744 ἔφυγον,
2874 677 2973 745 τῆς
3034 676 3089 729 δὲ
3146 678 3373 748 γεφύρας
3409 680 3641 741 κρείττονι

443 756 581 809 sicut
623 755 829 808 Pharao
873 765 1157 827 tyrannus.
1204 757 1392 828 Itaque
1426 774 1651 816 cernere
1698 774 1818 816 erat
1848 773 2017 818 totum

2141 767 2347 838 ῑυνάμει
2426 767 2859 839 διαρῤαγείσης,
2913 767 3400 838 κατεποντίσθησαν
3474 771 3525 821 ὲν
3575 769 3642 841 τῷ

448 846 667 899 ﬂuvium
704 847 860 915 equis
886 848 1044 901 simul
1074 859 1233 918 atque
1263 851 1631 908 insessorihus
1660 866 2017 911 constratum.

2141 858 2374 928 ποταμῷ
2400 860 2544 912 κατὰ
2584 859 2675 911 τὸν
2706 859 2910 929 Φαραὼ
2950 860 3265 929 πανστρατί.
3315 861 3418 913 Καὶ
3451 856 3513 931 ῆν
3540 862 3647 915 ἰδεῖν

442 935 601 990 Cives
663 946 843 988 autem
919 935 1150 990 Romani
1209 937 1626 993 Constantinum
1699 951 2018 994 coronatum

2141 949 2240 1003 ἱλον
2258 949 2347 1002 τὸν
2370 949 2611 1019 ποταμὸν
2630 967 2696 1003 πε
2703 950 2808 1019 πλη
2818 967 2894 1020 ρω
2900 951 3059 1020 μένον
3070 951 3249 1003 ἵππων
3262 951 3355 1003 σὺν
3370 953 3645 1017 ἀναϐάταις.

445 1042 639 1097 magna
674 1042 796 1082 cmn
847 1028 1054 1092 latitia,
1103 1028 1405 1099 faustisque
1450 1031 1935 1087 acclamationibus
1966 1033 2019 1086 in

2141 1041 2187 1095 Π
2235 1041 2311 1109 δὲ
2342 1028 2557 1093 πολῖται
2626 1043 2726 1111 τῆς
2774 1042 2991 1111 Ῥώμης
3048 1040 3474 1109 στεφανώσαντες
3517 1042 3655 1097 αὐτὸν

443 1119 632 1174 urbem
712 1129 1093 1187 susceperunt,
1152 1137 1482 1190 crucemque
1529 1122 1773 1177 victoriae
1828 1132 2021 1177 aucto-

2141 1131 2456 1195 ιὶσεδέξαντο
2477 1133 2612 1202 μετὰ
2640 1132 2814 1203 χαρᾶς
2841 1132 3081 1202 μεγάλης
3099 1132 3192 1185 καὶ
3216 1131 3593 1203 εὐφημιῶν,τόν
3605 1150 3653 1186 τι

442 1228 581 1279 rem,
616 1214 999 1282 imperatorem
1035 1229 1161 1268 vero
1188 1215 1383 1269 salutis
1422 1228 1533 1268 suae
1565 1223 1892 1269 assertorem
1923 1230 2019 1284 ap-

2141 1222 2402 1275 ttxomtbv
2476 1222 2711 1293 σταυρὸν
2782 1224 2877 1277 καὶ
2953 1222 3045 1275 τὸν
3109 1223 3398 1292 νικηφόρον
3466 1222 3658 1291 βασιλέα

440 1306 735 1375 pellaruut.
774 1305 923 1362 Tunc
960 1309 1216 1377 praecepit
1264 1309 1559 1377 imperator
1608 1308 1866 1378 reliquias
1896 1324 2024 1362 san-

2141 1316 2347 1385 τωτῆρα
2392 1313 2816 1377 ἀποκαλοῦντες.
2873 1315 3008 1367 Τότε
3061 1316 3091 1366 ό
3130 1312 3377 1382 βασιλεὺς
3438 1314 3659 1367 ἐκέλευσε

441 1408 654 1452 ctorttm
717 1408 1017 1471 martyrum
1067 1400 1118 1453 in
1176 1416 1342 1453 uuunt
1399 1399 1660 1463 conferri,
1719 1412 2023 1469 magnaque

2141 1406 2457 1477 ςυναχθῆγαι
2491 1407 2559 1461 τὰ
2630 1406 2861 1477 λείψανα
2907 1407 3018 1459 τῶν
3072 1406 3245 1474 ἁγίων
3283 1405 3559 1475 μαρτύρων
3587 1408 3664 1458 καὶ

441 1505 564 1545 cum
617 1492 972 1545 veneratione
1013 1490 1307 1561 sepultura:
1350 1492 1510 1555 tradi,
1553 1501 1608 1544 et
1651 1491 1851 1561 injuria
1892 1488 2023 1543 alle-

2141 1501 2246 1571 ist;
2274 1502 2419 1570 ταφῇ
2446 1499 2618 1553 ταῦτα
2640 1500 3041 1570 παραδοθῆναι,
3079 1498 3173 1550 καὶ
3211 1501 3321 1561 τοῖς
3366 1498 3663 1567 ἀδικηθεῖσιν

441 1585 549 1640 clis
604 1583 897 1639 facultates
950 1601 1077 1640 suas
1131 1585 1365 1640 restitui.
1424 1584 1783 1639 Cclebrarunt
1840 1591 2020 1637 autem

2141 1589 2222 1651 τὰς
2252 1589 2443 1653 οὐσίας
2489 1588 2668 1642 αὐτῶν
2718 1587 3047 1657 ἀποδοθῆναι
3084 1602 3101 1616 °
3158 1586 3253 1639 καὶ
3301 1582 3437 1655 ἦσαν
3472 1586 3667 1652 ἄγοντες

440 1675 636 1727 festum
678 1674 921 1727 victoriae
954 1684 1121 1743 partae
1151 1685 1357 1742 septem
1383 1685 1669 1742 perpetuos
1696 1675 1833 1741 dies,
1872 1690 2021 1729 sum-

2141 1679 2395 1734 :tttvtxtov
2471 1680 2665 1751 ἑορτὴν
2732 1679 2872 1732 ἑπτά
2936 1680 3150 1749 ἡμέρας
3212 1677 3550 1748 γεραίροντες
3592 1676 3670 1728 τὸν

441 1765 549 1819 tuis
581 1764 833 1819 laudibus
862 1775 1024 1836 atque
1055 1765 1261 1819 honore
1292 1765 1493 1820 Christi
1525 1781 1742 1820 crucem
1782 1766 2019 1822 afﬁcient-

2141 1773 2363 1843 σταυρὸν
2395 1772 2490 1826 τοῦ
2528 1744 2789 1843 Χριστοῦ.
2829 1744 3001 1836 Οὗτος
3052 1744 3123 1843 ῆν
3185 1744 3410 1840 ἕϐδομος
3456 1768 3669 1832 ἐνιαυτὸς

442 1867 549 1912 tes.
580 1857 757 1924 Atque
794 1857 911 1912 lucc
950 1858 1183 1925 septimo
1230 1871 1375 1910 anno
1425 1857 1638 1927 imperii
1672 1858 2018 1915 Constantini

2141 1863 2230 1930 τῆς
2261 1861 2540 1932 βασιλείας
2569 1862 3004 1917 Κωνσταντίνου.

443 1949 779 2002 acciderunt.

513 2039 719 2104 Quibus
747 2040 1000 2107 cognitis,
1028 2039 1277 2096 Galerius
1317 2039 1678 2095 Maximianus
1704 2056 2022 2111 progressus

442 2130 689 2185 οιςιιιιιιοιιι
738 2132 864 2187 belli
915 2132 1086 2187 aleam
1140 2135 1389 2200 tentavit,
1430 2143 1596 2203 atque
1639 2134 1712 2187 ita
1746 2135 1961 2202 paulum
1990 2152 2019 2191 a

444 2221 774 2275 Christianis
825 2224 1216 2290 persequendis
1277 2222 1560 2279 abstinuit.
1620 2221 1846 2294 Magnus
1891 2241 2023 2280 vero

2200 2042 2632 2106 Ταῦταὰκούσας
2660 2042 2962 2115 ὁΓαλέριος
2989 2040 3342 2111 Μαξιμιανδς
3368 2036 3676 2109 ἐξεληλύθει.

2144 2135 2449 2205 Ἐξεδέχετο
2499 2135 2611 2207 γὰρ
2650 2136 2745 2189 καὶ
2796 2135 2959 2199 αὐτὸς
3006 2134 3098 2187 τὸν
3132 2133 3299 2187 αὐτὸν
3350 2131 3505 2203 μόρον
3537 2172 3551 2196 ,
3601 2131 3677 2183 καὶ

2134 2227 2327 2296 μικρὸν
2356 2226 2565 2299 ἀπέστη
2593 2226 2694 2293 τῆς
2722 2227 2863 2281 κατὰ
2878 2227 2988 2279 τῶν
3019 2224 3370 2296 Χριστιανῶν
3395 2220 3680 2291 ἀπειλῆς.⁹υ

441 2315 830 2369 (Συηειοιιιίηυε
871 2314 924 2368 in
972 2315 1156 2370 crucis
1188 2315 1563 2370 iuvictissimis
1609 2316 1778 2370 armis
1807 2331 2022 2371 omnem

445 2420 595 2475 spent
653 2421 946 2472 reponens,
997 2415 1192 2461 contra
1244 2406 1420 2477 ipsum
1472 2407 1662 2473 movit,
1724 2407 2025 2476 habuitque

443 2512 630 2552 secum
678 2497 946 2553 Licinium
992 2498 1045 2552 in
1087 2498 1227 2553 bello
1253 2507 1445 2553 contra
1479 2509 1745 2568 tyrannos
1790 2500 2021 2564 socium,

444 2590 537 2660 qui
564 2607 675 2661 pra:
710 2605 769 2644 se
816 2588 1047 2656 ferebat,
1088 2591 1242 2659 quasi
1280 2604 1311 2643 a
1356 2588 1792 2645 Christianorum
1834 2591 2025 2644 decre-

449 2684 516 2738 tis
544 2683 917 2752 iustitutisque
949 2698 1059 2736 non
1091 2696 1317 2751 prorsus
1360 2680 1706 2736 abhorreret.
1736 2680 2025 2751 Tyrannus

445 2782 626 2828 autem
676 2773 901 2846 magicis
935 2772 1049 2826 suis
1076 2772 1392 2842 imposturis
1421 2781 1567 2827 totus
1598 2772 1941 2839 incumbens,
1973 2773 2025 2826 in

446 2866 621 2920 aciem
658 2874 851 2923 contra
900 2872 1145 2918 sanctum
1184 2864 1571 2931 imperatorem
1617 2864 1906 2931 processit,
1941 2865 2026 2917 in-

449 2956 621 3011 lluitis
674 2955 902 3017 militum
958 2957 1130 3024 copiis
1157 2953 1423 3024 imprimis
1468 2956 1792 3024 COIISpiCtttlS
1816 2995 1828 3009 .
1860 2953 2028 3009 Cum-

447 3062 556 3119 que
606 3047 753 3100 acies
806 3045 920 3111 jatn
996 3045 1499 3109 committerentur,
1557 3044 1869 3099 defensores
1944 3058 2028 3115 ty-

450 3136 640 3202 ranui,
669 3127 962 3204 conspecto
1002 3134 1328 3189 venerabilis
1381 3133 1561 3188 crucis
1613 3135 1768 3202 signo
1818 3145 2031 3190 nostro-

448 3243 570 3284 rum
640 3228 897 3295 impetum
967 3240 1072 3278 non
1133 3225 1495 3289 sustinentes,
1551 3224 1604 3281 in
1672 3225 1852 3295 fugam
1917 3228 2026 3283 acti

447 3330 602 3388 sunt,
648 3330 961 3389 quantaque
1001 3326 1294 3387 potuerunt
1332 3316 1612 3372 celeritate
1644 3326 1793 3388 terga
1848 3328 2030 3376 verte-

450 3421 615 3476 runt,
673 3409 1041 3481 imperatoriis
1095 3408 1357 3462 militibus
1418 3422 1630 3480 summo
1676 3423 1771 3463 eos
1818 3419 2015 3464 conatu

422 3542 429 3549 -
455 3502 913 3576 insequentibus,

449 3600 836 3668 imperatorem
882 3592 1270 3664 confugerunt.

526 3696 725 3765 Impius
773 3709 901 3749 vero
950 3694 1230 3755 diadema,
1280 3705 1389 3760 quo
1436 3689 1689 3760 indignus
1738 3698 1885 3756 erat,
1916 3704 1945 3743 a
1974 3705 2032 3747 se

452 3786 749 3859 abjiciens,
800 3802 867 3840 ne
926 3787 979 3839 in
1032 3783 1156 3853 fuga
1212 3793 1394 3853 posset
1452 3783 1710 3852 agnosci,
1772 3790 2032 3851 tanquam

453 3878 738 3949 gregarius
806 3876 961 3930 miles
1015 3874 1250 3942 aliquis,
1309 3874 1453 3928 inter
1496 3873 1737 3939 reliquos
1782 3872 1923 3939 fuit,
1966 3889 2032 3931 ex

458 3985 568 4023 uno
603 3978 782 4023 autem
814 3968 936 4021 vico
976 3965 1028 4020 in
1064 3964 1229 4030 alium
1266 3964 1579 4034 profugiens
1602 4002 1617 4028 ,
1654 3979 1824 4034 seque
1848 3966 2032 4021 occul-

456 4073 617 4124 tans,
659 4060 746 4114 vix
791 4074 914 4115 cum
959 4057 1148 4127 paucis
1178 4057 1372 4115 amicis
1424 4056 1598 4111 nudus
1653 4058 1858 4121 evasit,
1907 4073 2038 4111 con-

453 4162 815 4224 gregatosque
869 4151 1092 4213 deorum
1142 4165 1362 4206 suorum
1439 4149 1646 4204 scilicet
1699 4149 2039 4214 sacerdotes,

459 4248 751 4314 pmphetas
772 4285 791 4311 ,
846 4252 997 4297 vates
1020 4282 1037 4306 ,
1067 4252 1122 4297 et
1156 4239 1506 4310 quotquot'in
1534 4240 1879 4297 vaticinando
1904 4240 2039 4299 clari

459 4338 829 4401 habebantur,
873 4349 1093 4398 omnes,
1124 4333 1269 4387 velut
1316 4334 1642 4400 impostores
1691 4347 1756 4385 ac
1785 4333 2040 4401 decepto-

2130 2320 2186 2373 δὲ
2208 2319 2462 2389 μέγιστος
2483 2322 2889 2382 Κωνσταντῖνος
2919 2318 3146 2391 0αρρὦ
3178 2318 3256 2385 τῷ
3288 2316 3530 2386 ἀηττήτῳ
3558 2312 3681 2381 ὅπλῳ

2131 2412 2224 2466 τοῦ
2246 2414 2501 2483 σταυροῦ,
2531 2413 2791 2485 ὥρμησεν
2813 2413 2900 2466 ἐπ’
2929 2411 3114 2465 αὐτόν.
3138 2407 3269 2480 Εἶχε
3281 2410 3336 2461 δὲ
3369 2407 3458 2461 καὶ
3481 2406 3683 2460 Λικίνιον

2135 2505 2589 2575 συμπολεμοῦντα
2644 2506 2791 2576 αὐτῷ
2850 2504 2998 2559 κατὰ
3036 2504 3153 2557 τῶν
3203 2503 3501 2571 τυράννων,
3542 2511 3682 2566 προσο

2133 2596 2457 2667 ποιούμενον
2497 2598 2785 2669 χαίρεσθαι
2823 2600 2937 2660 τοῖς
2987 2596 3406 2666 Χριστιανικοῖς
3435 2592 3684 2660 δόγμασιν.

2151 2686 2210 2739 'U
2235 2687 2291 2739 δὲ
2324 2687 2587 2757 τύραννος
2616 2692 2737 2753 ταῖς
2764 2690 3050 2759 γοητικαῖς
3082 2688 3332 2746 ἀπάταις
3378 2680 3688 2751 ἐπερειδόμε-

2135 2796 2246 2842 νος.
2285 2781 2699 2851 παρατάξεσθαι
2745 2780 2825 2850 τῷ
2863 2780 3079 2833 εὐσεϐεῖ
3142 2779 3359 2849 βασιλεῖ
3411 2771 3693 2843 ἐξελήλυθεν

2141 2871 2505 2942 ἀναριθμήτῳ
2537 2874 2733 2944 πλήθει
2765 2874 2876 2925 τῶν
2900 2865 3692 2944 στρατοπέδων.νρανταζόμενοςο

2146 2964 2451 3034 Γενομένης
2483 2966 2538 3019 δὲ
2580 2968 2677 3034 τῆς
2719 2966 3019 3034 συμϐολῆς,
3042 2966 3142 3017 καὶ
3165 2963 3265 3015 τοῦ
3287 2961 3471 3027 τιμίου
3501 2951 3695 3024 σταυροῦ

2056 3097 2099 3155 c
2145 3056 2430 3123 φανέντος,
2455 3059 2501 3112 οξ
2530 3057 2621 3110 τοῦ
2638 3059 2901 3127 τυράννου
2928 3055 3300 3119 ὑπασπισταὶ,
3319 3052 3416 3121 τὴν
3434 3043 3695 3119 προσϐολὴν

2141 3146 2216 3215 μὴ
2233 3146 2574 3215 ἐνέγκαντες,
2595 3150 2913 3221 ἐτράπησαν
2943 3150 3020 3210 είς
3050 3147 3265 3216 φυγὴν.
3287 3146 3384 3198 καὶ
3398 3144 3446 3195 oi
3465 3141 3557 3210 μὲν
3575 3137 3711 3205 ἔφευ-

2138 3251 2233 3302 γον
2260 3239 2402 3290 κατὰ
2421 3238 2606 3309 τάίος,
2627 3240 2677 3292 οἱ
2703 3240 2759 3292 δὲ
2777 3239 2917 3292 κατὰ
2941 3238 3147 3309 κράτος
3173 3229 3626 3297 ὲδίωκον,πολλῶν
3639 3243 3699 3294 χι-

2144 3323 2345 3382 λιάδων
2362 3330 2469 3383 τῶν
2482 3332 2741 3385 ἐναντίων
2764 3329 3224 3383 καταπεσουσῶν.
3245 3329 3311 3381 Oi
3323 3326 3503 3380 λοιποὶ
3519 3318 3705 3377 καταλι-

2148 3419 2345 3484 πόντες
2368 3422 2459 3477 τὸν
2479 3422 2741 3495 τύραννον
2772 3420 3214 3493 προσεχώρησαν
3250 3418 3332 3490 τῷ
3362 3413 3701 3483 αὐτοκράτορι.

1012 3498 1304 3568 multisque
1355 3498 1571 3557 illorum
1650 3500 1837 3566 caesis,
1897 3502 1989 3571 qui

2147 3510 2302 3568 clade
2356 3514 2544 3585 reliqui
2598 3513 2849 3577 fuerunt,
2911 3522 3210 3584 tyrannum
3302 3511 3607 3565 deserentes
3656 3501 3708 3553 ad

2227 3695 2283 3750 '0
2311 3696 2368 3750 δὲ
2398 3694 2662 3763 δυσσεϐὴς
2692 3694 2853 3764 ῥίψας
2876 3692 2936 3747 τδ
2964 3692 3276 3763 βασίλειον,
3329 3683 3504 3761 οὗπερ
3532 3684 3713 3749 magno;

2141 3790 2457 3858 ἐτύγχανεν,
2487 3787 2562 3848 ib;
2593 3787 2657 3840 ἂν
2689 3787 2763 3856 μὴ
2792 3785 3107 3855 ἐπιγνωσθῇ
3166 3784 3423 3854 φεύγων.
3463 3774 3714 3849 περιερχό-

2144 3896 2302 3951 μενος
2332 3878 2389 3932 δὲ
2427 3877 2534 3931 ἀπὸ
2559 3875 2753 3947 κώμης
2794 3877 2875 3937 είς
2902 3874 3095 3945 κώμην
3139 3870 3246 3928 καὶ
3302 3866 3720 3942 κρυπταζόμεννις

2148 3971 2300 4041 μόλις
2334 3969 2450 4040 μετ’
2471 3969 2665 4036 ὀλίγων
2697 3966 2806 4021 τῶν
2833 3967 3225 4020 εὐνουστάτων
3254 3963 3496 4032 διεσώθη
3527 3955 3718 4028 γυμνός·

2146 4059 2477 4128 Συναγαγὼν
2503 4058 2560 4110 δὲ
2584 4059 2709 4121 τοὺς
2740 4058 2905 4126 ἱερεῖς
2928 4055 3038 4108 τῶν
3066 4054 3245 4124 δῆθεν
3269 4053 3442 4117 θεῶν,
3492 4050 3584 4106 καὶ
3624 4043 3724 4105 τούς

2144 4153 2447 4223 προφήτας,
2485 4151 2577 4204 καὶ
2610 4151 2734 4212 τούς
2764 4150 3003 4219 μάντεις,
3033 4149 3134 4200 καὶ
3192 4150 3330 4211 τοὺς
3385 4146 3479 4199 ἐπὶ
3535 4136 3727 4211 μαντείᾳ

2148 4243 2533 4315 βεϐοημένους,
2560 4241 2651 4303 οὓς
2681 4240 2873 4312 πρώην
2901 4238 3136 4307 ἀγαπῶν
3169 4239 3371 4309 ἐτίμα,
3402 4236 3479 4300 ὡς
3511 4227 3729 4288 ἀπατεῶ-

2147 4352 2244 4396 νας
2302 4335 2395 4388 ttat
2449 4334 2719 4395 πλάνους,
2775 4326 3094 4393 ἐπιϐούλόυς
3132 4331 3186 4384 θ’
3224 4328 3434 4384 ἑαυτοῦ
3492 4320 3732 4392 σωτηρίας

456 4441 581 4493 res,
634 4426 935 4493 salutisque
984 4440 1095 4483 suae
1146 4424 1497 4479 insidiatores
1536 4422 1839 4493 iugulavit.
1868 4422 2034 4481 Cum-

2146 4425 2507 4495 κατέσςραξεν.
2535 4426 2813 4480 Μέλλοντα
2842 4425 2901 4478 δὲ
2929 4423 3110 4485 ζῶντα
3149 4424 3239 4484 είς
3274 4424 3379 4485 τὰς
3431 4422 3616 4491 χεῖρας
3659 4406 3731 4463 τοῦ

455 4517 700 4587 quejam
747 4517 904 4570 vivus
960 4516 1012 4569 in
1046 4515 1282 4569 Caesaris
1330 4529 1519 4569 manus
1564 4521 1713 4569 esset
1772 4524 2039 4569 venturus

462 4608 739 4679 (instabat
791 4607 936 4662 enim
987 4607 1086 4676 ipsi
1137 4606 1314 4667 adhuc
1366 4605 1607 4675 bellum)
1645 4619 1753 4671 ,eo
1806 4605 2041 4669 miseria:

464 4701 645 4755 divina
671 4716 794 4755 eum
841 4698 1079 4761 vindicta
1120 4696 1421 4764 corripiens
1477 4693 1716 4767 redegit,
1762 4705 1819 4750 ut
1865 4693 2044 4763 proje-

467 4805 594 4851 ctus
651 4795 705 4850 itt
768 4794 943 4851 solum
1001 4793 1227 4862 supinus
1270 4806 1426 4860 opem
1482 4790 1819 4859 imploraret,
1869 4802 2044 4858 neque

459 4903 582 4944 eam
616 4904 643 4941 a
678 4902 950 4957 quoquam
1002 4896 1465 4957 consequeretur,
1509 4881 1721 4935 flamma
1765 4891 1944 4935 autem
1978 4895 2049 4943 ex,

467 4979 673 5036 intimis
715 4979 1050 5043 visceribus,
1094 4976 1451 5044 medullisque
1490 4988 1762 5039 accensa,
1810 4972 2039 5026 incredi-

462 5074 601 5130 biles
646 5072 698 5128 ei
755 5074 995 5144 graviter
1039 5068 1357 5133 anhelanti,
1408 5076 1465 5121 et
1510 5080 1650 5120 nunc
1702 5066 1844 5130 huc,
1905 5080 2049 5118 nunc

464 5165 593 5223 illuc
635 5179 758 5221 sese
798 5162 1036 5225 vertenti
1084 5160 1298 5215 dolores
1346 5166 1598 5235 pareret,
1664 5157 1738 5211 ita
1793 5164 1853 5215 ut
1907 5155 2046 5215 oculi

464 5260 516 5315 ei
567 5258 852 5316 exsilirent
884 5258 938 5311 in
994 5266 1225 5319 terram,
1286 5266 1598 5321 cmrumque
1662 5249 2047 5319 relinquerent.

400 5400 403 5403 .
471 5350 714 5407 Flamma
766 5360 946 5403 autem
974 5348 1065 5403 illa
1108 5348 1321 5402 interna
1358 5344 1409 5398 in
1450 5344 1776 5398 immensum
1806 5340 2051 5409 quotidie

468 5446 820 5509 ardescente,
891 5444 964 5497 ita
1035 5441 1087 5496 ei
1140 5454 1339 5510 corpus
1415 5437 1777 5506 computruit,
1833 5443 1891 5487 ut
1942 5434 2054 5502 jam

471 5537 685 5591 ossibus
722 5551 827 5589 non
877 5531 1422 5601 haereret,ultroque
1462 5538 1691 5583 mortem
1739 5525 2049 5589 advocaret,

470 5632 633 5691 atque
677 5625 783 5677 hoc
813 5626 972 5676 tuodo
1027 5631 1170 5676 totus
1237 5619 1326 5677 ille
1368 5618 1491 5677 tabe
1552 5628 1806 5686 peresus,
1841 5612 2058 5677 tandem

471 5714 633 5771 vitam
697 5716 935 5787 abrupit,

2146 4516 2410 4587 βασιλέως
2464 4517 2728 4585 ἐμπεσεῖν
2766 4514 3041 4584 (ἐπέκειτο
3065 4516 3187 4581 γὰρ
3225 4512 3389 4581 αὐτῴ
3423 4513 3505 4563 ἔτι
3548 4511 3575 4560 ὁ
3604 4504 3731 4557 πόλει

2149 4609 2295 4680 μος),
2329 4608 2679 4680 προλαϐοῦσα
2708 4607 2967 4676 θεήλατος
3001 4606 3145 4676 ὀργὴ
3183 4605 3376 4668 οὕτως
3412 4602 3577 4657 αὐτὸν
3591 4595 3737 4660 διέθη-

2146 4718 2265 4766 κεν,
2288 4700 2364 4762 ὠς
2400 4697 2614 4752 κεῖσθαι
2645 4697 2807 4757 αὐτὸν
2831 4698 3013 4766 πρηνῆ
3046 4695 3146 4748 ἐπὶ
3173 4696 3278 4746 τοῦ
3316 4694 3559 4763 ἐδάφους
3584 4686 3739 4751 δεόμε-

2148 4810 2240 4848 νον
2268 4792 2618 4861 ἐπικουρίας,
2641 4792 2736 4843 καὶ
2770 4789 2846 4860 μὴ
2878 4786 3258 4857 τυγχάνοντα.
3296 4785 3444 4851 Φλδξ
3476 4783 3534 4836 δὲ
3555 4782 3614 4834 ὲκ
3662 4771 3741 4844 βά-

2149 4885 2275 4948 θους
2302 4884 2411 4937 τῶν
2445 4883 2767 4952 σπλάγχνων
2802 4880 2897 4934 καὶ
2942 4878 3160 4949 μυελῶν
3230 4877 3413 4931 αὐτοῦ
3474 4869 3745 4939 ἀναφθεῖσαι

2149 4976 2509 5037 ἁνυποίστους
2540 4972 2688 5043 αὐτῷ
2718 4973 2815 5035 τὰς
2858 4970 3051 5037 ὀδύνας
3094 4970 3361 5023 ἐνεποίει
3393 4964 3745 5036 ἀσθμαίνοντις

2150 5069 2247 5122 καὶ
2285 5067 2409 5138 τῇδε
2430 5068 2653 5118 κάκεῖσε
2702 5062 3224 5133 περιστρεφομένῳ,
3287 5061 3443 5115 ὥστε
3492 5053 3749 5127 ἀμφότερα

2150 5160 2220 5224 τά
2250 5157 2473 5228 ὄμματα
2502 5154 2669 5209 αὐτοῦ
2704 5153 3008 5223 ἐκπηδῆσαι
3032 5153 3125 5205 ἐπὶ
3153 5153 3269 5223 τὴν
3299 5152 3413 5223 γῆν
3464 5148 3563 5203 καὶ
3601 5155 3748 5197 κατα-

2152 5248 2329 5302 λιπεῖν
2360 5248 2523 5302 αὐτὸν
2557 5245 2779 5315 τυφλόν..
2810 5244 2925 5312 Τῆς
2952 5244 3011 5309 δὲ
3056 5242 3218 5295 ἔνδον
3245 5241 3462 5311 φλογὸς
3501 5239 3583 5302 εἰς
3621 5234 3767 5309 ἄπει-η

2158 5361 2249 5415 ρον
2268 5341 2663 5410 ἐξαπτομένης,
2683 5340 2741 5393 αἱ
2774 5338 2973 5409 σάρκες
3007 5333 3183 5388 αὐτοῦ
3226 5334 3649 5401 συνεσάπησαν,
3675 5317 3753 5375 ιιι

2154 5436 2265 5489 τῶν
2290 5434 2492 5489 ὀστέων
2522 5429 2949 5502 ἀπεχωρίζοντο,
2984 5428 3126 5482 ὥστε
3174 5427 3275 5496 ἐφ’
3330 5423 3539 5480 ἑαυτοῦ
3584 5421 3753 5502 ἐπικτ-
3854 5450 3855 5459 η

2154 5526 2413 5581 λέσαςθαι
2452 5524 2543 5577 τὸν
2570 5524 2818 5578 θάνατον.
2848 5520 3034 5586 Οὕτως
3058 5519 3113 5573 δὲ
3139 5518 3216 5572 δι’
3268 5519 3406 5573 ξλου
3443 5499 3755 5571 κατασαπεὶς

2158 5616 2437 5698 ἀπέρρηξε
2472 5617 2571 5687 τὴν
2596 5615 2797 5686 ψυχήν.
