3968 6198
230 256 375 323 4061

1204 257 1299 317 DE
1342 252 1816 317 INVENTIONE
1856 248 2165 311 SANCT/E
2204 246 2505 308 CRUCIS.

3386 248 3531 312 40ςῖ

232 372 291 427 δὲ
330 370 432 425 σὺν
459 368 646 431 αὐτοῖς
679 369 708 421 6
737 364 1096 437 πανεύφημος
1120 366 1216 418 καὶ
1256 367 1430 436 μέγας
1487 366 1827 419 Κωνσταντῖ·

1950 362 2095 418 etiam
2127 359 2370 415 interfuit
2419 359 2533 427 ipse
2565 357 2652 411 ille
2704 372 2933 427 magnus
2994 360 3346 428 omniumque
3379 378 3518 430 pra:-

230 478 349 525 νος,
409 458 506 512 καὶ
544 455 611 529 δὴ
650 457 751 528 τῆς
810 454 1123 519 ὑποθέσεως
1166 455 1507 528 κινηθείσης.
1559 455 1836 527 ἔγγραφον

236 551 479 615 πίστεως
544 548 764 602 ἔκθεσιν
791 547 1123 619 ἐξήνεγκαν,
1165 546 1264 617 τήν
1291 547 1433 600 κατά
1464 548 1648 600 πᾶσαν
1705 547 1834 601 Ἐκ-

234 645 470 716 κλησίαν
523 642 826 716 ὀρθοδόξως
887 640 984 695 νῦν
1015 639 1530 712 ἀπαγγελλομένην.
1589 641 1729 705 Τοὺς
1780 641 1836 695 δὲ

238 739 372 810 περὶ
406 739 625 809 Ἀρειον
642 734 1006 806 ἐπιμένοντας
1034 736 1099 805 τῇ
1125 734 1416 806 κακοδοξίᾳ
1449 736 1636 805 ἀπεκή
1648 736 1834 806 ρυξαν,

239 831 341 885 καὶ
366 828 659 900 ἐξώρισαν,
692 829 789 882 καὶ
827 825 1319 898 ἐχειροτονήθησαν
1366 827 1548 899 ἕτεροι
1586 829 1705 881 ἀντ’
1742 830 1836 882 αύ-

233 920 371 974 τῶν.
438 918 943 989 Φιλοτιμησάμενος
990 916 1049 969 δὲ
1105 918 1133 968 6
1185 915 1441 985 βασιλεὺς
1502 919 1838 983 ἐπισκόπους

236 1016 337 1067 καὶ
363 1011 759 1082 ἀσπασάμενος
789 1009 1028 1064 ἀπέλυσε
1060 1009 1178 1079 μετ’
1208 1011 1431 1080 εἰρήνης
1461 1011 1541 1072 είς
1576 1010 1675 1074 τάς
1700 1011 1836 1076 ίδίας

237 1106 560 1177 παροικίας,
615 1102 826 1175 χαίρων
872 1100 969 1155 ἐπὶ
989 1102 1055 1172 τῇ
1111 1099 1400 1173 συμφωνίᾳ
1436 1100 1547 1156 τῶν
1601 1100 1836 1171 Ἐκκλη-

240 1214 400 1252 σιων.

312 1467 769 1540 Παρεκελεύσατο
795 1466 854 1521 δὲ
895 1466 975 1539 τῷ
996 1467 1099 1541 τῆς
1142 1466 1335 1531 Δίλίας
1376 1466 1664 1536 ἐπισκόπῳ
1710 1467 1835 1520 Μα-

240 1561 427 1633 καρίῳ
457 1560 691 1633 παρόντι
722 1563 782 1616 ἐν
836 1562 907 1632 τῇ
932 1561 1161 1632 συνόδῳ,
1186 1562 1281 1613 καὶ
1311 1558 1421 1612 τῶν
1462 1557 1836 1612 ἁποστολικῶν

240 1653 535 1723 δογμάτων
581 1652 1015 1725 ὑπερμαχοῦντι,
1056 1651 1403 1724 ἀναζητῆσαι
1440 1651 1530 1704 τὸν
1572 1649 1836 1713 ζωοποιὸν

1942 450 2102 505 conio
2170 448 2524 514 dignissimus
2568 445 2975 502 Constantinus.
3022 449 3265 516 Cumque
3300 466 3386 505 res
3419 460 3528 503 tra-

1940 537 2084 591 ctari
2118 546 2298 605 empta
2348 546 2512 599 esset,
2552 536 2674 591 lidei
2703 536 3097 606 expositionem
3139 538 3335 594 litteris
3368 557 3527 594 tuan-

1940 630 2124 681 datam
2179 628 2500 692 ediderunt,
2532 642 2652 697 qua:
2713 642 2860 683 nunc
2910 628 3009 683 rite
3069 644 3164 698 per
3217 630 3526 687 universam

1938 717 2235 774 Ecclesiam
2283 720 2686 787 pronuntiatur.
2729 719 2839 773 Eos
2870 728 3054 774 autem
3104 720 3195 789 qni
3253 724 3308 773 lu
3355 736 3522 787 prava

1938 811 2053 865 Arii
2100 810 2355 881 opinione
2394 822 2842 880 permanserant,
2877 826 2906 865 a
2938 827 3037 866 suo
3080 826 3311 881 corpore
3343 813 3528 867 absci-

1939 902 2168 967 derunt,
2225 902 2526 972 exsilioque
2586 904 2961 969 damnarunt,
3052 902 3177 957 aliis
3230 901 3286 956 in
3342 918 3531 958 eorum

1937 992 2113 1047 locum
2151 994 2390 1059 creatis;
2450 994 2691 1049 maximo
2744 1004 2926 1049 autem
2975 994 3183 1049 honore
3235 996 3535 1069 imperator

1936 1086 2227 1155 episcopos
2291 1085 2578 1150 alliciens,
2647 1102 2854 1157 eosque
2913 1103 3076 1156 quam
3138 1088 3537 1142 humanissime

1937 1177 2323 1247 complectens,
2380 1179 2854 1249 congregationem
2902 1194 3027 1235 cum
3066 1194 3199 1248 pace
3250 1179 3523 1246 dissolvit,

1939 1271 2163 1339 gavisus
2219 1286 2387 1341 supra
2442 1271 2661 1326 modum
2695 1281 2919 1343 propter
2973 1272 3287 1327 unanimem
3340 1270 3532 1326 Eccle-

1937 1365 2016 1419 sia
2027 1380 2143 1416 rum
2193 1378 2548 1419 consensum.

2012 1454 2292 1511 Mandavit
2320 1464 2504 1511 autem
2559 1452 2800 1511 Macario
2828 1453 3062 1510 Elieusi
3115 1459 3396 1525 episcopo,
3435 1452 3527 1522 qui

1936 1558 1992 1604 et
2025 1549 2142 1619 ipse
2195 1549 2407 1621 synodo
2453 1546 2805 1611 interfuerat,
2853 1559 2907 1602 et
2941 1564 3039 1617 pro
3067 1547 3387 1617 apostolicis
3433 1548 3535 1600 do-

1938 1641 2216 1711 gmatibus
2257 1640 2460 1695 acriter
2510 1647 2873 1710 pugnaverat,
2909 1650 2968 1693 ut
3002 1640 3054 1692 in
3102 1637 3321 1691 vivifica
3371 1651 3536 1691 cruce

246 1715 486 1818 σταυρὸν
514 1785 530 1811 ,
560 1746 657 1798 καὶ
785 1715 1088 1815 θεόληπτον
1111 1715 1325 1815 μνῆμα,
1352 1742 1446 1796 καὶ
1470 1743 1679 1805 πάντας
1706 1741 1837 1805 τοὺς

1950 1732 2239 1801 qumrenda
2271 1731 2641 1802 sepulcroque
2691 1731 2879 1785 divino
2935 1746 3000 1785 ac
3042 1730 3272 1799 reliquis
3330 1730 3536 1785 sanctis

248 1838 441 1906 ἁγίους
470 1837 692 1901 τόπους,
727 1838 825 1891 καὶ
874 1838 1002 1902 τοὺς
1046 1838 1242 1901 ἀλλους
1272 1835 1609 1899 ἐπισκόπους
1636 1834 1838 1905 ὁμοίως

248 1930 628 2003 προετρέψατο
660 1930 1014 2000 αἰτήσασθαι,
1053 1931 1107 1983 εί
1135 1948 1189 1983 τι
1238 1931 1443 2001 συνορᾷ
1484 1929 1623 1999 πρὸς
1653 1929 1837 1998 ἀπαρ-

246 2023 447 2093 τισμὸν
473 2022 703 2087 ἕκαστος
727 2012 835 2095 τῆς
860 2023 996 2087 ἰδίας
1035 2023 1361 2095 Ἐκκλησίας
1394 2039 1409 2053 θ
1461 2018 1529 2093 ἦν
1567 2020 1623 2074 δὲ
1653 2023 1840 2074 ἐννεα-

248 2115 575 2180 καιδέκατος
600 2114 700 2187 τῆς
715 2116 995 2187 βασιλείας
1027 2115 1193 2170 αὑτοῦ
1216 2115 1480 2179 ἐνιαυτὸς,
1510 2116 1600 2169 ὅτε
1622 2114 1840 2182 ἐγένετο

250 2212 285 2281 ἡ
316 2210 460 2264 κατὰ
498 2210 737 2263 Νίκαιαν
765 2209 1006 2273 σύνοδος.
1039 2210 1195 2263 Μετά
1232 2210 1407 2265 ταῦτα
1445 2208 1771 2263 ἀπέστειλεν
1809 2207 1839 2261 6

252 2303 507 2374 βασιλεὺς
541 2302 736 2357 ἑαυτοῦ
766 2302 985 2374 μητέρα
1023 2303 1244 2372 Ἑλένην
1274 2303 1374 2372 τὴν
1400 2302 1717 2366 ἀξιέπαινον
1744 2299 1840 2354 καὶ

251 2394 478 2465 θεοφιλῆ
509 2396 591 2459 εἰς
624 2394 973 2465 Ἱεροσόλυμα
1010 2395 1150 2463 μετά
1199 2386 1544 2465 γραμμάτων
1580 2393 1676 2446 καὶ⁵
1701 2409 1839 2462 χρη-

255 2482 447 2554 μάτων
475 2481 740 2551 ἀφθονίας
786 2483 919 2554 πρὸς
949 2483 1040 2536 τὸν
1068 2483 1356 2552 Μακάριον
1392 2481 1503 2554 (57)
1539 2481 1839 2552 Ἰεροσολύ-

252 2593 394 2647 μων,
430 2574 525 2628 ἐπὶ
557 2574 888 2645 ἀναζητήσει
942 2575 1036 2629 τοῦ
1070 2573 1335 2640 ζωοποιοῦ
1381 2573 1540 2639 ξύλου
1585 2573 1719 2643 (58),
1743 2572 1841 2627 καὶ

251 2668 511 2739 οἰκοδομῇ
550 2667 660 2721 τῶν
691 2667 863 2736 ἁγίων
887 2668 1094 2732 τόπων,
1133 2666 1307 2737 αὐτῆς
1340 2666 1717 2738 αἰτησαμένης
1740 2666 1841 2737 τῆς

253 2759 549 2831 βασιλίδος,
598 2758 916 2829 φασκούσης
967 2758 1238 2812 ὀπτασίαν
1300 2756 1455 2810 θείαν
1511 2759 1840 2829 ἑωρακέναι,

249 2851 585 2907 κελεύουσαν
637 2852 774 2922 αὐτῇ
826 2851 897 2903 τὰ
941 2850 1294 2922 Ἰεροσόλυμα
1350 2848 1700 2914 καταλαϐεῖν,
1746 2849 1843 2903 καὶ

249 2944 381 3006 τοὺς
412 2942 601 3009 ἁγίους
630 2942 829 3004 τόπους
859 2943 940 3006 είς
973 2943 1090 3011 φῶς
1128 2944 1359 3012 ἀγαγεῖν
1395 2942 1710 3014 χωσθέντας
1737 2939 1845 2994 ὑπὸ

1944 1823 2328 1893 religiosisqne
2358 1822 2495 1878 locis
2529 1822 2932 1893 investigandis
2953 1837 3172 1878 omnem
3200 1821 3535 1891 diligentiam

1938 1914 2247 1970 abltiberet.
2276 1914 2456 1969 Etiam
2492 1915 2628 1969 alios
2657 1917 2943 1983 episcopos
2978 1923 3069 1969 est
3115 1915 3439 1969 adhortatus
3479 1924 3539 1968 ut

1941 2014 2159 2077 peteret
2188 2005 2587 2075 unusquisque,
2607 2005 2752 2075 quod
2780 2005 2846 2059 ad
2873 2003 3265 2074 perfectionem
3298 2019 3410 2060 suae
3434 2004 3539 2059 Ec-

1942 2097 2129 2154 clesiae
2159 2097 2533 2154 necessarium
2558 2112 2686 2154 esse
2720 2107 2994 2153 cerneret.
3042 2098 3324 2167 Agebatur
3352 2106 3535 2151 autem

1941 2192 2189 2248 decimus
2235 2206 2412 2247 nonus
2443 2191 2659 2262 imperii
2694 2190 2813 2260 ejus
2871 2207 3050 2247 annus
3075 2231 3091 2256 ,
3121 2192 3342 2262 quando
3391 2191 3537 2245 facta

1941 2291 2025 2338 est
2058 2281 2299 2352 synodus
2325 2278 2569 2338 Nicazna.
2589 2280 2721 2336 Post
2740 2284 2880 2337 hanc
2899 2282 3052 2337 misit
3079 2282 3381 2352 imperator
3420 2297 3537 2336 ma-

1943 2382 2081 2429 trem
2104 2389 2261 2429 suam
2297 2368 2583 2440 Helenam,
2604 2374 2888 2429 mulierem
2908 2374 3057 2429 omni
3087 2374 3305 2429 laudum
3331 2389 3534 2444 genere

1942 2465 2378 2531 ornatissimam,
2417 2480 2548 2520 cum
2582 2467 2801 2533 litteris,
2863 2482 3174 2537 magnaque
3197 2469 3444 2536 pecuniae
3487 2484 3538 2519 vi

1943 2558 2010 2613 ad
2039 2557 2340 2613 Macarium
2378 2554 2683 2613 Eliensem
2707 2559 3051 2628 episcopum,
3091 2568 3150 2614 ut
3182 2575 3288 2614 una
3315 2575 3436 2615 cum
3474 2576 3540 2615 eo

1942 2650 2222 2706 vivificum
2252 2651 2457 2721 lignum
2500 2651 2892 2722 investigaret,
2925 2666 3197 2721 sacraque
3218 2652 3335 2706 loca
3366 2651 3542 2706 ωαξη-

1943 2742 2046 2799 ciis
2095 2752 2415 2809 exornaret,
2448 2743 2502 2797 id
2550 2744 2728 2812 ipsum
2777 2750 3112 2813 exposcente
3163 2745 3538 2812 imperatrice,

1943 2844 2340 2903 asserenteque
2370 2835 2611 2890 divinam
2656 2836 2920 2890 visionem
2967 2834 3076 2891 sibi
3118 2836 3542 2907 oblatam,qum

1938 2927 2171 2998 jusserit
2201 2937 2263 2982 ut
2299 2926 2730 2998 Hierosolymam
2774 2941 2898 2983 sese
2941 2928 3247 2996 reciperet,
3302 2937 3355 2980 et
3380 2942 3541 2982 sacra

248 3033 362 3086 τῶν
396 3031 638 3102 ἀνόμων,
671 3032 765 3085 καὶ
788 3034 1017 3102 ἀφανεῖς
1045 3034 1392 3103 γενομένους,
1422 3032 1517 3085 ἐπὶ
1554 3031 1843 3095 τοσούτους

1950 3019 2065 3075 loca
2089 3017 2158 3073 ab
2186 3017 2453 3087 improbis
2482 3017 2701 3080 obruta,
2733 3026 2787 3071 et
2815 3024 2967 3070 tanto
2996 3026 3240 3085 tempore
3267 3030 3335 3069 ex
3368 3015 3544 3070 homi-

250 3123 503 3195 χρόνους.
550 3121 756 3177 Μαθὼν
797 3124 855 3179 δέ
898 3126 926 3178 6
979 3124 1278 3187 ἐπίσκοπος
1340 3125 1685 3195 ἀφικομένην
1742 3124 1843 3194 τὴν

1950 3126 2080 3166 uum
2112 3110 2425 3179 cognitione
2459 3119 2649 3178 erepta
2685 3109 2738 3163 in
2773 3109 2952 3164 lucem
2997 3109 3281 3164 educeret.
3312 3108 3543 3178 Episco-

257 3213 528 3285 βασιλίδα,
564 3216 662 3267 σὺν
687 3216 787 3285 τῆς
819 3215 1089 3287 ἐπαρχίας
1117 3216 1438 3282 ἐπισκόποις
1460 3217 1745 3288 ἀπήντησε
1776 3218 1842 3286 τῇ

258 3305 493 3377 βασιλίδι
537 3307 673 3378 (59).
706 3309 925 3373 Εὐθέως
982 3308 1039 3363 δέ
1084 3308 1529 3382 παρεκελεύσατο
1550 3312 1666 3374 τοῖς
1720 3312 1844 3363 ἐπι-

254 3396 482 3458 σκόποις
513 3398 610 3467 τὴν
640 3398 866 3468 ζήτησιν
896 3397 992 3451 τοῦ
1032 3399 1370 3468 ποθουμένου
1419 3399 1578 3465 ξύλου
1609 3401 1846 3470 ποιήσα-

256 3488 411 3543 σθαι.
455 3486 828 3557 Ἀπορούντων
862 3480 920 3541 δέ
970 3490 1189 3543 πάντων
1227 3493 1356 3560 περὶ
1399 3491 1493 3543 τοῦ
1532 3492 1722 3555 τόπου,
1753 3493 1849 3544 καὶ

253 3580 432 3635 ἄλλων
457 3578 635 3641 ἄλλως
684 3579 744 3645 ἐξ
776 3578 1015 3648 ὑποψίας
1036 3580 1428 3649 διηγουμένων,
1456 3581 1485 3631 6
1513 3582 1613 3650 τῆς
1639 3581 1848 3645 πόλεως

256 3670 556 3734 ἐπίσκοπος
615 3670 823 3734 πάντας
874 3670 1177 3740 παρεκάλει
1234 3672 1466 3744 ἡσυχίαν
1523 3672 1699 3741 ἄγειν,
1752 3675 1849 3726 καὶ

180 3794 189 3802 -
258 3760 683 3831 σπουδαιότερον
737 3759 1097 3831 εὐχὴν“ὑπέρ
1140 3759 1333 3815 τούτου
1383 3761 1461 3832 τῷ
1510 3761 1629 3833 Θεῷ
1675 3779 1849 3832 προσ-

260 3852 470 3921 φέρειν.

331 3944 540 3998 Τούτου
598 3944 656 3998 δὲ
696 3944 992 4015 γενομένου
1042 3944 1248 4009 εὐθέως
1310 3944 1523 4016 ἐδείχθη
1583 3944 1765 3999 θεόθεν
1821 3948 1850 4000 6

258 4036 422 4099 τόπος
459 4035 535 4106 τῷ
565 4036 872 4107 ἐπισκόπῳ,
899 4040 957 4090 ἐν
976 4029 1021 4105 ᾧ
1044 4037 1228 4108 ἵδρυτο
1257 4037 1359 4107 τῆς
1393 4036 1709 4109 ἀκαθάρτου
1734 4036 1852 4092 δαί-

262 4143 424 4197 μονος
444 4129 473 4181 6
494 4127 620 4191 ναὸς
650 4127 745 4182 καὶ
770 4127 832 4180 τὸ
852 4127 1100 4200 ἄγαλμα.
1125 4128 1261 4183 Τότε
1291 4130 1325 4200 ή
1348 4130 1639 4199 βασίλισσα
1660 4131 1726 4201 τῇ
1751 4129 1852 4199 βα-

261 4215 442 4286 σιλικῇ
474 4216 734 4287 αὐθεντίᾳ
761 4216 1044 4288 χρωμένη,
1074 4216 1459 4287 συναγαγοῦσα
1486 4218 1691 4290 πλῆθος
1720 4219 1852 4272 πολ-

259 4307 370 4361 λῶν
404 4308 667 4378 τεχνιτῶν
716 4309 813 4363 καὶ
871 4309 1123 4381 ἐργατῶν
1183 4310 1470 4364 ἐκέλευσεν
1518 4314 1581 4365 ἐκ
1634 4311 1852 4383 βάθρων

1947 3216 2050 3273 pus
2085 3211 2268 3257 autem
2299 3199 2391 3254 ubi
2436 3198 2705 3254 intellexit
2763 3200 3169 3270 imperatricem
3192 3201 3308 3272 jam
3337 3204 3544 3257 adven-

1949 3302 2091 3359 tare,
2129 3307 2256 3347 cum
2280 3290 2842 3361 comprovincialibus
2869 3293 3145 3363 episc0pis
3172 3292 3388 3347 obviam
3415 3310 3544 3365 pro-

1950 3386 2135 3440 cessit.
2174 3382 2373 3440 Statim
2404 3399 2535 3438 vero
2563 3386 2646 3440 eis
2679 3385 2936 3454 iniunxit,
2974 3394 3032 3440 ut
3053 3387 3120 3441 ad
3151 3386 3544 3442 inveniendum

1952 3481 2332 3535 desideratum
2385 3481 2568 3535 crucis
2599 3480 2805 3550 lignum
2855 3495 2915 3534 se
2952 3488 3096 3535 totos
3126 3483 3341 3536 darent.
3378 3482 3542 3536 Dubi-

1952 3574 2194 3628 tantibus
2220 3586 2351 3627 vero
2382 3572 2636 3626 omnibus
2670 3585 2837 3641 super
2865 3572 2999 3638 hoc,
3027 3572 3265 3641 aliisque
3302 3574 3448 3627 aliud
3477 3589 3543 3627 ex

1952 3663 2270 3734 suspicione
2346 3664 2933 3729 commemorantibus,
3003 3663 3275 3719 Macarius
3353 3679 3546 3720 omnes

1952 3756 2141 3825 quieto
2171 3770 2297 3812 esse
2334 3755 2518 3811 animo
2541 3755 2728 3826 jussit,
2763 3765 2818 3811 et
2847 3756 3244 3812 intentissimas
3273 3755 3382 3812 Deo
3415 3771 3542 3825 pre-

1953 3862 2045 3902 ces
2077 3848 2296 3904 oﬂ‘erre.

2024 3938 2145 4006 Quo
2173 3940 2342 4004 facto,
2377 3938 2663 3996 confestim
2695 3938 2961 3995 divinitus
2997 3939 3155 3995 locus
3183 3939 3274 3995 ille
3295 3941 3549 4009 episcopo

1954 4032 2236 4088 revelatus
2273 4044 2379 4099 est,
2410 4033 2463 4087 in
2489 4047 2601 4103 quo
2635 4032 2815 4087 locata
2844 4041 2964 4087 erat
3000 4032 3392 4102 impurissimae
3436 4035 3550 4087 deat

1953 4125 2179 4194 effigies.
2198 4124 2354 4181 Tunc
2381 4125 2723 4195 imperatrix,
2746 4124 3096 4192 imperatoria
3117 4134 3274 4178 utens
3308 4123 3550 4178 auctori-

1957 4225 2092 4285 tate,
2128 4233 2325 4290 magno
2381 4232 2610 4272 nmnero
2654 4216 2913 4287 Opilicum
2960 4225 3015 4271 et
3063 4216 3442 4286 operariorum
3479 4229 3547 4271 ex

1956 4309 2327 4365 fundamentis
2353 4310 2617 4364 daemonis
2655 4307 2816 4364 istius
2859 4307 3123 4378 templum
3152 4308 3397 4363 subverti
3423 4306 3547 4375 jus-

260 4398 643 4472 ἀνατραπῆναι
667 4402 759 4457 τὸν
789 4403 892 4473 τῆς
907 4402 1161 4473 δαίμονος
1202 4402 1329 4457 ναὸν
1355 4403 1492 4475 (60).
1525 4403 1620 4457 καὶ
1654 4403 1843 4457 τούτου

1956 4402 2027 4457 sit
2054 4418 2068 4456 :
2096 4402 2242 4471 quod
2274 4400 2437 4456 simul
2462 4409 2626 4471 atque
2644 4399 2896 4456 elfectum
2925 4411 3029 4468 est,
3064 4401 3314 4470 apparuit
3338 4401 3435 4456 Dei
3461 4417 3550 4457 se-

261 4494 556 4564 γενομένου
587 4498 831 4567 ἀνεφάνη
863 4498 923 4551 τὸ
951 4497 1096 4551 θεῖον
1128 4498 1341 4568 μνῆμα,
1382 4498 1478 4551 καὶ
1499 4498 1526 4551 6
1551 4498 1719 4563 τόπος
1750 4498 1845 4552 τοῦ

260 4583 525 4654 Κρανίου,
547 4588 641 4641 καὶ
667 4588 743 4659 μὴ
764 4588 1003 4659 μήκοθεν
1033 4593 1185 4661 τρεῖς
1216 4589 1442 4659 σταυροὶ
1472 4592 1839 4661 κεχωσμένοι·

263 4674 551 4743 ἐπιμελῶς
587 4678 644 4730 δὲ
700 4679 1097 4749 ἐρευνήσαντες
1154 4674 1312 4749 εὗρον
1359 4681 1455 4733 καὶ
1487 4679 1615 4742 τοὺς
1660 4679 1841 4749 ἥλους.

277 4766 521 4819 Ἐκεῖθεν
553 4767 741 4820 λοιπὸν
770 4769 1051 4838 ἀμηχανία
1079 4769 1174 4821 καὶ
1220 4769 1401 4838 θλίψις
1444 4769 1714 4824 κατέλαϐε
1749 4770 1849 4839 τὴν

267 4856 537 4929 βασιλίδα,
566 4860 938 4929 ἐπιζητοῦσαν
995 4863 1146 4923 ποῖος
1202 4861 1311 4932 ἄρα
1348 4858 1416 4931 ἦν
1453 4861 1482 4913 6
1519 4859 1850 4923 Δεσποτικὸς

210 5020 229 5029 κ
270 4951 526 5021 σταυρός.
568 4950 629 5005 '0
656 4951 714 5004 δὲ
760 4952 1060 5015 ἐπίσκοπος
1098 4952 1186 5004 διὰ
1220 4953 1455 5017 πίστεως
1485 4952 1583 5024 τὴν
1612 4954 1850 5023 ἀμφιϐοο

264 5040 385 5097 λίαν
417 5044 598 5100 ἔλυσε.
620 5045 847 5098 Γυναικὶ
879 5039 1371 5118 γάρ’ἀρῤωστούσῃ
1400 5044 1508 5098 τῶν
1546 5047 1850 5115 ἐπιφανῶν,

266 5134 364 5186 καὶ
421 5135 828 5206 ἀπεγνωσμένῃ
878 5135 983 5188 ὑπὸ
1034 5136 1274 5199 πάντων,
1320 5139 1415 5190 καὶ
1464 5138 1531 5189 τὰ
1565 5137 1854 5192 τελευταῖα

263 5223 507 5299 πνεούσῃ
535 5224 904 5299 προσαγαγὼν
931 5226 1163 5291 ἕκαστον
1191 5228 1301 5281 τῶν
1330 5227 1598 5298 σταυρῶν,
1636 5229 1728 5282 τὸν
1762 5227 1858 5300 ζη-

1956 4493 2206 4564 pulcrum
2253 4503 2307 4548 et
2362 4493 2515 4548 locus
2545 4492 2830 4559 Calvariae,
2848 4504 2905 4548 et
2928 4508 3034 4548 non
3068 4494 3262 4561 procul
3291 4495 3415 4549 inde
3439 4503 3553 4549 tres

1957 4600 2153 4643 cruces
2180 4584 2451 4652 defossae;
2487 4585 2809 4655 diligentius
2826 4587 2994 4641 etiam
3023 4587 3440 4657 investigantes,
3470 4587 3555 4641 in-

1959 4687 2233 4733 venerunt
2269 4687 2326 4733 et
2352 4680 2563 4733 clavos.
2594 4676 2697 4731 Hic
2716 4692 2848 4732 vero
2866 4677 2974 4732 alia
2993 4679 3401 4748 imperatricem
3422 4692 3552 4731 cura

1960 4769 2183 4837 invasit,
2241 4770 2612 4839 inquirentem
2675 4783 2924 4838 quaenam
2963 4769 3032 4824 de
3064 4770 3242 4824 tribus
3274 4783 3400 4823 vere
3442 4767 3553 4821 Do-

1959 4860 2163 4916 minica
2188 4876 2321 4915 crux
2342 4867 2519 4915 esset:
2541 4874 2704 4930 quam
2729 4860 3126 4916 dubitationem
3152 4860 3439 4927 episcopus
3457 4874 3555 4929 per
3600 4872 3604 4895 λ

1959 4953 2121 5008 ﬁdem
2153 4950 2427 5007 dissolvit.
2449 4950 2585 5006 Cum
2616 4949 2868 5018 qutedam
2896 4951 3086 5018 prima:
3106 4948 3408 5005 nobilitatis
3437 4966 3553 5002 ma-

1965 5053 2146 5110 trona,
2179 5043 2502 5112 cunctisque
2532 5054 2681 5103 nota,
2707 5042 2946 5111 graviter
2967 5057 3032 5096 ac
3054 5043 3357 5112 periculose
3375 5057 3551 5108 argm-

1964 5144 2126 5200 taret,
2167 5134 2347 5205 '_etiam
2393 5132 2509 5189 fere
2574 5133 2828 5202 spiritum
2896 5132 3210 5199 exhalaret,
3268 5131 3550 5203 productis

1968 5227 2180 5281 duabus
2225 5226 2501 5294 crucibus,
2538 5238 2682 5293 eam,
2730 5239 2854 5294 qua:
2880 5224 3255 5294 quaerebatur,
3293 5222 3498 5277 invenit
3532 5237 3551 5277 :

1789 5385 2028 5443 NOTE.

340 5473 455 5551 (57)
484 5473 620 5531 Sch.
649 5475 793 5546 Πρὸς
842 5475 935 5529 τὸν
982 5474 1305 5549 φερώνυμον
1347 5480 1441 5533 τὸν
1489 5481 1586 5551 τῆς
1643 5481 1853 5546 πόλεως

267 5541 591 5597 ἐπίσκοπον.

486 5618 619 5693 (gon.
644 5613 790 5693 Sch._
824 5616 1005 5693 addit,
1034 5615 1391 5693 τοῦ-ἐνδόξου
1446 5621 1704 5693 σταυροῦ.

344 5684 456 5757 \59)
510 5685 655 5742 Idem
692 5689 813 5742 cod.
879 5687 1208 5757 Συναγαγὼν
1256 5684 1378 5754 τοὺς
1411 5693 1508 5762 τῆς
1572 5684 1843 5766 ἐπαρχίας

1960 5483 2314 5567 ἐπισκόπους,
2371 5482 2508 5553 μετά
2560 5484 2658 5553 τῆς
2711 5480 2935 5554 δεούσης
2992 5480 3164 5552 τιμῆς
3229 5481 3553 5553 ἀπήντησαν

1961 5554 2147 5697 anilia)
2182 5623 2327 5677 Ιιῐοιη
2362 5625 2484 5677 (ὊιΙο
2534 5623 2615 5697 Ἰξέζ
2641 5624 2885 5697 μυσαρὸν
2917 5622 3285 5695 οἰκοδόμημα,
3316 5620 3405 5677 τὸν
3426 5619 3554 5692 χοῦν

1956 5694 2145 5768 πόρῤω
2175 5712 2276 5749 που
2308 5694 2737 5766 ἀποῤῥιφθῆναι.
