3968 6198
236 288 303 353 ὅθ
315 289 384 352 65

1227 275 1327 335 DE
1385 272 1864 335 INVENTIONE
1902 273 2208 334 SANCT/E
2248 274 2545 340 CRUCIS;

3386 275 3528 340 4066

231 391 695 466 ἀναθεματισθεὶς
752 391 809 444 ὲν
860 390 926 459 τῇ
978 386 1231 441 Νικαέων
1279 384 1551 457 μετὰτῶν
1603 384 1826 456 συνθρόο

1951 401 2123 442 torum
2153 398 2316 442 sectae
2353 388 2678 444 adhaeserat.
2712 385 2814 442 Hic
2858 386 2909 440 in
2942 385 3118 441 Nicaea
3166 388 3370 457 synodo
3395 400 3530 442 con-

245 502 343 542 nov
374 484 488 557 (66)
513 480 684 539 αὐτοῦ
735 479 832 534 καὶ
880 477 1210 548 ὲξορισθεὶς,
1240 476 1380 548 μετὰ
1426 475 1620 547 χρόνον
1656 476 1712 529 δὲ
1744 476 1843 546 τὴν

256 575 673 648 φιλανθρωπίαν
721 570 817 626 τοῦ
887 568 1153 640 βασιλέως
1180 570 1258 632 είς
1320 567 1531 638 ἐφόδιον
1563 567 1841 629 λαϐόντες,

238 671 469 743 χαρτίον
502 667 780 741 βασιλικὴν
817 666 1128 735 ἀνήνεγκαν
1166 661 1243 729 τῷ
1265 661 1495 731 βασιλεῖ,
1518 659 1836 729 ὀμνύοντες,

239 765 433 833 ὅτιπερ
456 759 841 830 ύπογράφουσι
870 758 937 827 τῇ
969 753 1183 808 ἐκθέσει
1223 754 1317 825 τῆς
1344 752 1603 816 πίστεως,
1657 751 1751 805 καὶ
1785 752 1843 804 ὲν

242 855 410 908 πᾶσιν
471 849 831 906 ἀκολουθοῦσι
881 849 993 909 τοῖς
1030 845 1206 913 ἁγίοις
1245 846 1550 915 Πατράσιν.
1591 842 1838 907 Πεισθεὶς

246 946 301 998 δὲ
324 944 536 1007 τούτοις
589 943 619 995 ὁ
678 940 933 1012 βασιλεὺς
993 935 1360 991 ἀνεκαλέσατο
1400 936 1598 998 αὐτοὺς
1638 939 1703 989 ὲκ
1733 934 1836 1005 τῆς

244 1036 481 1106 ἑξορίας,
529 1034 625 1086 καὶ
689 1031 857 1100 τιμῆς
901 1030 984 1083 ὅτι
1034 1027 1268 1098 μάλιστα
1309 1026 1569 1095 πλείστης
1612 1025 1837 1094 ἠξίωσε.

245 1123 604 1195 Σχολάζοντος
641 1120 698 1174 δὲ
741 1119 836 1173 τοῦ
893 1116 1306 1172 Κωνσταντίνου
1359 1115 1567 1177 πόλεως
1623 1116 1837 1187 θρόνου,

244 1219 367 1280 ταῖς
386 1215 615 1277 οἰκείαις
649 1210 944 1283 μηχανίαις
986 1208 1270 1279 χρώμενος
1325 1207 1661 1277 τυραννικῶς
1708 1226 1840 1260 κατ-

245 1308 406 1378 έσχεν
436 1306 529 1360 τὸν
558 1307 660 1375 τῆς
697 1300 1096 1374 βασιλευούσης
1130 1298 1317 1370 θρόνον
1342 1300 1369 1351 ό
1401 1298 1680 1362 Εὐσέϐιος.
1699 1299 1842 1352 Ἑπι-

244 1398 544 1469 λαϐόμενος
572 1396 629 1448 δὲ
655 1396 754 1465 τῆς
809 1391 1058 1464 μείζονος
1114 1391 1366 1457 ἐξουσίας
1410 1392 1506 1445 καὶ
1544 1393 1670 1453 τοὺς
1708 1392 1840 1461 ὁμό-

246 1506 454 1561 φρονας
506 1486 674 1542 αὐτοῦ
738 1476 1189 1554 ἀποκατέστησεν
1254 1485 1333 1546 είς
1396 1483 1494 1546 τάς
1553 1484 1649 1553 τῆς
1715 1484 1840 1537 Ἐκ-

245 1579 475 1651 κλησίας
503 1575 831 1648 ὑπηρεσίας,
868 1574 1107 1641 ἐξεώσας
1139 1574 1268 1638 τοὺς
1301 1572 1468 1638 ἀξίως
1495 1574 1833 1647 διενεργοῦν-

245 1685 345 1732 τας
368 1668 540 1732 αὑτάς
573 1667 710 1738 (67).

1948 481 2241 535 detnnatus
2270 494 2392 535 cum
2450 479 2816 535 sectatoribus
2850 481 2984 544 suis,
3012 488 3176 547 atque
3202 481 3253 532 in
3277 479 3525 533 exsilium

1946 580 2103 624 actus
2133 581 2247 635 est,
2275 580 2461 641 postea
2495 579 2673 627 tamen
2698 573 2772 626 illi
2808 574 3198 626 humanitatem
3235 572 3528 638 imperato-

1948 662 2025 716 ris
2056 664 2123 716 ad
2155 664 2385 718 reditum
2413 666 2808 736 impetrandum
2833 664 3225 733 periclitantes,
3243 664 3530 731 epistolam

1945 756 2261 811 obtulerunt
2283 757 2385 812 hac
2406 761 2680 813 sententia
2719 774 2733 811 :
2765 757 3021 812 Juramus
3055 773 3153 811 nos
3186 756 3531 813 subscribere

1946 857 2114 919 alque
2152 848 2431 919 suscipere
2470 849 2592 904 fidei
2629 851 3048 919 expositionem,
3074 861 3238 918 atque
3271 847 3324 902 in
3351 848 3532 902 onnii-

1946 940 2052 995 bus
2080 951 2301 996 sanctos
2331 941 2522 997 Patres
2565 942 2741 1011 sequi,
2769 943 2967 1011 quibus
2994 941 3219 996 creditis
3254 959 3268 994 :
3295 942 3529 1010 impera-

1948 1041 2036 1087 tor
2067 1048 2161 1087 eos
2188 1035 2255 1087 ab
2277 1034 2470 1090 exsilio
2491 1036 2783 1098 revocavit,
2824 1034 3168 1102 maximoque
3206 1033 3413 1087 honore
3428 1044 3531 1087 cu-

1945 1126 2447 1198 mulavit.Cutnque
2465 1131 2625 1185 sedes
2638 1128 3243 1197 Constantinopolitana
3263 1135 3529 1189 vacasset,

1945 1219 2119 1273 solitis
2171 1224 2284 1276 suis
2337 1223 2544 1277 technis
2586 1231 2776 1286 utens,
2829 1220 3110 1291 tyrannice
3164 1219 3530 1289 iinperatricis

1946 1310 2097 1365 urbis
2142 1313 2393 1366 thronum
2445 1313 2735 1382 occepavit
2768 1312 3058 1377 Eusebius,
3093 1320 3149 1365 et
3178 1310 3384 1381 majore
3434 1324 3533 1381 po-

1947 1411 2145 1458 testate
2186 1404 2429 1470 obtenta,
2487 1420 2598 1459 sua:
2650 1414 2813 1458 secta:
2859 1402 3107 1457 homines
3142 1403 3207 1458 al
3270 1402 3531 1458 ecclesia-

1942 1502 2079 1553 stica
2113 1500 2411 1557 ministeria
2430 1501 2699 1571 provexit,
2735 1500 3005 1569 legitimos
3035 1498 3313 1553 ministros
3334 1511 3527 1553 eorum

1941 1590 2240 1660 expeHens.

318 1757 524 1813 Τούτου
591 1758 646 1810 δὲ
696 1756 994 1827 γενομένου
1066 1756 1210 1811 κατά
1267 1758 1586 1813 ’Λθανασίου
1650 1759 1835 1814 λοιπὸν

2015 1765 2220 1822 Deinde
2258 1777 2447 1823 contra
2474 1768 2832 1825 Athanasium
2858 1769 3298 1835 insurrexerunt,
3338 1769 3525 1826 multis

260 1848 670 1920 Ἀλεξανδρείας
700 1848 1012 1919 ἐσχόλαζον,
1040 1848 1242 1913 πολλάς
1291 1852 1415 1904 κατ’
1451 1851 1617 1906 αὐτοῦ
1654 1868 1838 1905 σκαιο-

252 1941 373 2013 ρίας
405 1940 768 2002 ἐπινοοῦντες.
809 1940 869 1993 ⁸0
920 1939 978 1993 δὲ
1027 1939 1282 2011 βασιλεὺς
1338 1942 1550 1996 δίκαιον
1591 1943 1836 2014 ἡγήσατο

247 2037 346 2091 καὶ
387 2035 707 2090 Ἀθανάσιον
738 2034 965 2090 καλέσαι
988 2036 1070 2100 είς
1098 2037 1169 2090 τά
1230 2038 1483 2106 ὲγκαίνια
1517 2037 1627 2090 τῶν
1664 2038 1835 2105 ἁγίων

249 2126 454 2181 τόπων.
486 2125 716 2180 Κελεύει
748 2121 843 2179 οὖν
874 2125 1094 2196 πρῶτον
1119 2128 1178 2180 ὲν
1208 2129 1373 2199 Τύρῳ
1421 2129 1696 2183 συνελθεῖν
1737 2120 1836 2201 τὴν

252 2215 492 2279 σύνοδον,
517 2216 611 2268 καὶ
642 2217 705 2267 τά
734 2213 875 2269 κατά
936 2214 1254 2271 Ἀθανάσιον
1295 2217 1710 2286 διασκέψασθαι,
1740 2221 1835 2275 καὶ

244 2306 393 2367 οὓτω
455 2306 578 2376 δίχα
642 2309 823 2378 πάσης
871 2307 1184 2379 διχοτομίας
1224 2312 1466 2381 ὁρμῆσαι
1517 2311 1722 2373 πάντας
1744 2313 1836 2366 ἐπὶ

248 2405 351 2477 τὴν
380 2401 597 2476 ἑορτήν.
638 2398 955 2457 Ἀπέστειλε
987 2399 1086 2453 καὶ
1121 2401 1214 2453 τὸν
1254 2401 1419 2454 αὐτοῦ
1453 2402 1671 2472 ἀνεψιὸν
1698 2404 1833 2458 Δαλ-

255 2499 449 2568 μάτιον
495 2498 742 2568 ὲπόπτην
795 2493 1053 2567 γενέσθαι
1099 2496 1199 2565 τῆς
1255 2494 1476 2549 συνόδου
1528 2496 1659 2566 (68).
1704 2498 1837 2551 Συνο

250 2591 513 2644 ελθόντων
533 2590 590 2644 δὲ
620 2589 728 2644 τῶν
750 2590 1065 2644 ἐπισκόπων
1088 2592 1147 2645 ὲν
1174 2586 1358 2662 Τύρῳ,
1390 2590 1572 2658 παρῆν
1609 2588 1706 2641 σὺν
1734 2588 1836 2643 αύ-

251 2685 362 2746 τοίς
395 2685 488 2736 καὶ
512 2683 542 2736 ό
564 2682 663 2753 τῆς
690 2680 878 2746 Αίλίας
905 2680 1205 2744 ἐπίσκοπος
1231 2679 1592 2752 Μαξιμωνᾱς,
1624 2678 1837 2748 ἀγνοῶν

252 2777 568 2829 παντάπασι
636 2775 703 2828 τά
751 2775 893 2827 κατά
946 2772 1264 2828 Ἀθανασίου
1319 2774 1689 2844 σωρευόμενα.
1748 2768 1837 2836 Ὦς

250 2863 309 2915 δὲ
333 2863 581 2935 εἰσῆλθεν
626 2863 946 2928 ’Δθανάσιος
974 2865 1051 2927 είς
1082 2865 1143 2917 τὸ
1198 2864 1498 2935 συνέδριον,
1533 2863 1832 2935 περιέστη-

255 2972 355 3009 σαν
380 2954 530 3025 αὐτῷ
555 2954 606 3006 οἱ
633 2955 1184 3026 κατήγοροι,μεγάλα
1214 2955 1307 3008 καὶ
1340 2953 1512 3026 βαρέα
1535 2955 1837 3026 αἰτιάματα

255 3048 514 3119 φέροντες
543 3046 663 3100 κατ’
699 3049 885 3111 αὑτοῦ,
923 3051 1065 3119 άπερ
1099 3048 1362 3102 ὑπέθεντο
1387 3048 1571 3113 αὐτοῖς
1598 3049 1655 3103 οί
1690 3065 1835 3121 παρ-

1942 1857 1996 1913 in
2019 1873 2143 1915 eum
2166 1859 2305 1916 dolis
2321 1861 2592 1917 confictis.
2618 1862 2923 1932 Imperator
2943 1871 3126 1917 autem
3164 1863 3230 1917 ad
3252 1862 3526 1919 Ecclesia-

1943 1965 2063 2004 rnm
2135 1951 2538 2007 dedicationem
2604 1952 2768 2007 etiam
2838 1952 3200 2007 Athanasium
3261 1953 3532 2007 advocare

1942 2056 2156 2112 aequum
2183 2044 2418 2106 censuit,
2456 2044 2803 2114 primumque
2851 2044 3081 2115 imperat
3103 2043 3231 2115 Tyri
3262 2043 3528 2115 synodum

1942 2135 2063 2204 cogi
2085 2143 2138 2189 et
2164 2134 2449 2190 Athanasii
2482 2150 2703 2190 causam
2728 2135 3051 2203 examinari,
3080 2147 3245 2205 atque
3279 2137 3353 2191 ita
3380 2135 3529 2191 omni

1944 2225 2289 2282 dissensione
2312 2227 2579 2293 deposita,
2605 2227 2799 2282 Patres
2833 2229 2899 2281 ad
2935 2228 3295 2283 dedicationis
3325 2226 3528 2283 festum

1944 2332 2262 2387 properare.
2295 2316 2444 2372 Misit
2471 2320 2539 2373 ad
2564 2319 2679 2373 haec
2708 2317 3098 2373 consobrinum
3131 2332 3286 2373 suum
3311 2318 3529 2373 Dalma-

1947 2412 2102 2474 tium,
2130 2419 2193 2465 ut
2216 2410 2407 2481 synodi
2436 2421 2712 2481 spectator
2739 2409 2988 2465 adesset:
3028 2426 3263 2481 cumque
3289 2409 3528 2480 episcopi

1945 2502 2352 2567 convenissent,
2380 2502 2481 2557 fuit
2507 2517 2629 2558 cum
2672 2502 2783 2559 illis
2810 2504 2974 2558 etiam
3015 2501 3276 2557 Eliensis
3317 2502 3531 2572 episco-
3638 2523 3650 2533 ο

1944 2594 2066 2663 pus,
2093 2594 2449 2661 Maximonas,
2505 2595 2712 2650 inscius
2763 2609 2976 2659 eorum,
3018 2609 3140 2663 qure
3188 2594 3428 2664 undique
3469 2594 3524 2647 in

1947 2686 2311 2742 Athanasium
2344 2688 2720 2742 struebantur.
2743 2685 3037 2755 Postquam
3074 2699 3203 2739 vero
3241 2686 3293 2739 in
3326 2684 3532 2752 judicio

1944 2775 2274 2831 Athanasius
2313 2777 2640 2845 comparuit,
2674 2775 3158 2830 circumsteterunt
3195 2788 3317 2827 eum
3369 2788 3531 2827 accu-

1946 2876 2187 2931 satores,
2220 2866 2406 2938 gravia
2446 2866 2676 2921 crimina
2713 2866 3087 2935 objectantes,
3133 2879 3197 2920 ea
3249 2864 3530 2929 nimirum,

1946 2973 2067 3027 quae
2087 2960 2237 3029 ipsis,
2262 2958 2355 3030 qui
2370 2958 2577 3028 judicio
2602 2968 2890 3027 praeerant,
2918 2964 3535 3029 suggesserant,nempe

1948 3051 2215 3108 Eusebius
2233 3049 2693 3120 Nicomediensis,
2711 3052 2915 3125 quique
2933 3066 3056 3106 cum
3077 3051 3194 3120 ipso
3209 3058 3368 3104 erant
3388 3049 3533 3103 idem

254 3107 409 3194 όντες
440 3107 717 3205 δικασταὶ,
746 3107 999 3202 Εὐσέϐιος
1034 3107 1070 3192 ¹ὁ
1098 3140 1468 3211 Νικομηδείας
1496 3107 1590 3194 καὶ
1624 3141 1673 3194 oi
1710 3107 1838 3212 περὶ

1951 3141 2254 3198 molientes.
2302 3143 2497 3200 Verum
2550 3142 2684 3197 nihil
2722 3107 2929 3213 iaperte
2972 3140 3302 3198 convincere
3346 3147 3536 3207 potue-

255 3230 437 3283 αὐτόν.
457 3230 593 3283 Ἀλλ’
617 3231 718 3286 ούκ
750 3233 977 3302 ἴσχυσαν
1007 3232 1304 3300 ἀποδεῖξαι,
1356 3231 1673 3288 ’Δθανασίου
1699 3234 1837 3287 ἀπο-

256 3320 612 3392 λογουμένου,
642 3325 735 3377 καὶ
764 3325 1008 3395 ἀράχνης
1057 3324 1212 3395 δίκην
1252 3323 1584 3388 διεσπῶντος
1637 3325 1705 3377 τά
1746 3325 1837 3377 ὑπ’

256 3414 435 3467 αὐτῶν
458 3417 854 3486 προτεινόμενα
873 3417 1006 3486 (69).
1037 3418 1130 3479 Et;
1158 3417 1356 3487 μανίαν
1377 3417 1432 3469 δὲ
1449 3417 1755 3487 τραπέντες
1789 3419 1837 3470 οί

257 3507 578 3576 κατήγοροι,
641 3508 726 3575 ἐφ’
781 3503 860 3568 οἷς
901 3506 1266 3577 ἐφωράθησαν
1319 3509 1677 3577 ψευσάμενοι,
1708 3525 1836 3560 συν-

258 3598 411 3666 ἑχεον
427 3595 574 3648 ἅπαν
601 3596 660 3648 τὸ
685 3596 980 3664 συνέδριον,
1004 3595 1236 3665 βοῶντες
1256 3612 1271 3626 ⁶
1300 3598 1505 3667 Ἀρατε
1532 3596 1625 3649 τὸν
1643 3598 1836 3666 γόητα,

257 3687 486 3761 γοητείᾳ
505 3687 614 3758 γάρ
634 3704 741 3740 τινι
774 3688 1120 3758 χρησάμενος
1157 3688 1365 3751 πάντας
1417 3688 1691 3758 ὲφίμωσε.
1729 3691 1841 3743 Καὶ

256 3779 522 3852 ὲφονεύθη
578 3780 644 3834 ἂν
702 3780 1038 3844 ’Δθανάσιος,
1101 3778 1150 3831 εί
1194 3778 1270 3849 μὴ
1304 3779 1333 3831 ό
1367 3777 1707 3849 ἀνεψιδςτοῦ
1739 3778 1839 3850 βα-

259 3874 452 3937 σιλέως
491 3873 762 3945 ἐξήγαγεν
800 3873 962 3926 αὐτὸν
1014 3871 1101 3925 διὰ
1146 3871 1493 3942 στρατιωτῶν
1548 3873 1612 3926 ἐκ
1657 3872 1840 3944 χειρὸς

260 3967 462 4021 αὐτῶν.

330 4060 501 4127 Λόγος
523 4057 580 4111 δὲ
612 4061 824 4129 κρατεῖ,
875 4058 958 4111 ὃτι
1010 4057 1327 4120 ’Δθανάσιος
1371 4057 1581 4111 ἐκεῖθεν
1630 4057 1839 4126 φυγὼν,

260 4144 493 4216 ἀνῆλθεν
521 4148 601 4209 είς
628 4148 725 4217 τὴν
759 4148 922 4215 ἀγίαν
959 4146 1116 4199 πόλιν
1143 4187 1158 4212 ,
1216 4148 1311 4200 καὶ
1367 4149 1600 4218 ποιήσας
1652 4148 1838 4218 εὐχὴν,

261 4238 357 4290 καὶ
385 4236 463 4308 τῷ
486 4237 625 4306 ἀγίῳ
656 4240 814 4308 μύρῳ
843 4238 1039 4308 χρίσας
1066 4239 1161 4292 καὶ
1208 4238 1444 4306 ἁγιάσας
1473 4241 1600 4301 τοὺς
1639 4238 1840 4310 εύκτη-

264 4328 412 4399 ρίονς
443 4331 624 4394 οῐκους
655 4331 761 4401 πρὸ
811 4331 920 4400 τῆς
939 4329 1049 4384 τῶν
1096 4328 1298 4383 λοιπῶν
1339 4330 1655 4383 ἐπισκόπων
1694 4346 1839 4400 παρ-

262 4420 473 4486 ουσίας,
503 4415 655 4485 οὗτος
690 4420 956 4475 κατέλαϐε
1006 4420 1099 4474 τὸν
1139 4418 1383 4491 βασιλέα,
1416 4420 1595 4474 πάντα
1620 4420 1689 4473 τά
1718 4418 1841 4472 κατ’
1874 4461 1920 4518 D

262 4511 429 4566 αὐτοῦ
458 4512 713 4580 ἐξειπών.
757 4513 816 4566 '0
848 4512 906 4566 δὲ
968 4510 1209 4576 ἀκούσας
1253 4510 1351 4565 καὶ
1396 4510 1683 4581 θαυμάσας
1732 4510 1843 4563 τῶν

262 4606 550 4662 ἀντιδίκων
577 4607 744 4661 αὑτοῦ
772 4606 870 4677 τὴν
929 4607 1219 4679 πονηρίαν,
1259 4605 1356 4660 καὶ
1380 4604 1549 4675 τιμῆς
1580 4603 1845 4674 μεγίστης

262 4697 500 4762 ἀξιώσας
520 4699 703 4765 αὐτὸν,
732 4698 870 4768 μετά
903 4697 1248 4770 γραμμάτων
1267 4694 1564 4766 βασιλικῶν
1597 4694 1851 4747 ἀπίστει-

262 4787 353 4842 λεν
376 4789 470 4843 ἐπὶ
495 4791 596 4858 τὴν
631 4789 1063 4860 Ἀλεξάνδρειαν.
1096 4788 1543 4858 Παραγενόμενοι
1562 4784 1618 4837 δὲ
1645 4786 1692 4837 οἱ
1722 4782 1847 4835 ὲπί-

266 4894 461 4933 σκοποι
518 4881 597 4942 εἰς
638 4880 1020 4948 Ἰερουσαλὴμ,
1084 4877 1325 4947 φαιδρῶς
1353 4876 1474 4928 λίαν
1523 4874 1853 4927 ἐπετέλεσαν

262 4968 365 5040 τὴν
403 4969 597 5040 ἑορτὴν
629 4967 739 5021 τῶν
794 4967 1107 5036 ἐγκαινίων.
1146 4966 1240 5021 τοῦ
1297 4963 1562 5037 βασιλέως
1592 4964 1851 5017 ἀποστεί-

264 5059 455 5124 λαντος
470 5060 729 5131 κειμήλια
750 5063 845 5115 καὶ
872 5059 1196 5114 παντοδαπά
1212 5060 1390 5130 χρυσᾶ
1418 5074 1479 5109 τε
1492 5057 1586 5110 καὶ
1608 5056 1850 5127 ἀργυρᾶ,

265 5149 435 5216 λίθοις
458 5153 662 5221 τιμίοις
686 5152 1111 5224 πεποικιλμένα,
1140 5154 1236 5206 καὶ
1265 5149 1724 5219 περιπεκτάσματα
1756 5163 1854 5200 πε-

266 5245 594 5317 ποικιλμένα
627 5247 723 5299 καὶ
781 5245 1077 5318 πολύτιμα,
1125 5246 1219 5299 καὶ
1268 5244 1529 5315 χρήματα
1579 5239 1741 5295 ἱκανὰ
1772 5241 1853 5305 είς

1948 3245 2095 3300 runt,
2123 3236 2429 3290 Athanasio
2466 3250 2526 3290 se
2557 3236 2802 3305 graviter
2838 3236 3187 3300 defendente,
3229 3244 3535 3301 eorumque

1946 3330 2342 3394 accusationes,
2368 3327 2527 3382 velut
2580 3342 2903 3381 aranearum
2941 3326 3107 3390 telas,
3138 3325 3530 3395 confringeute.

1947 3418 2127 3483 Quare
2149 3429 2499 3473 accusatores
2530 3418 2583 3471 in
2627 3419 2831 3472 rabiem
2866 3417 3029 3481 versi,
3059 3425 3351 3486 aperteque
3384 3429 3537 3471 men-

1949 3509 2090 3562 dacii
2120 3509 2377 3573 convicti,
2411 3523 2573 3561 omne
2619 3506 2882 3574 judicium
2926 3507 3347 3570 confundentes,
3384 3508 3533 3561 voci—

1949 3601 2048 3654 bus
2125 3600 2365 3654 clamare
2436 3608 2719 3668 coeperunt
2751 3597 2985 3653 :Tollite
3056 3596 3531 3666 pmstigiatorem,

1950 3691 2236 3761 praestigiis
2280 3690 2425 3745 enim
2458 3699 2617 3745 utens
2665 3705 2856 3745 omnes
2905 3689 3259 3745 dementavit.
3300 3687 3535 3759 Jamque

1949 3785 2186 3853 perierat
2233 3780 2591 3849 Athanasius,
2634 3781 2738 3837 nisi
2792 3780 3138 3851 imperatoris
3175 3779 3536 3836 consobrinus
3599 3816 3604 3822 -

1949 3884 2073 3928 eum
2112 3887 2217 3942 per
2248 3869 2452 3926 milites
2492 3884 2620 3927 suos
2649 3885 2718 3925 ex
2750 3885 2940 3928 eorum
2975 3869 3226 3927 manibus
3269 3870 3534 3925 abduxis-

1948 3973 2053 4019 set.

2021 4057 2188 4113 Fama
2217 4067 2398 4113 autem
2429 4065 2516 4112 est
2546 4055 2925 4119 Athanasium,
2958 4053 3105 4111 illinc
3127 4053 3444 4123 fugientem,
3478 4054 3534 4109 in

1949 4149 2221 4204 civitatem
2239 4156 2483 4203 sanctam
2511 4147 2846 4219 pervenisse,
2870 4146 3103 4217 meaque
3130 4147 3198 4201 ad
3233 4147 3398 4201 Deum
3419 4159 3541 4201 ora-

1951 4242 2096 4297 tione
2116 4242 2260 4297 aedes
2284 4255 2473 4297 sacras
2502 4248 2952 4312 sacro'unguento
2981 4236 3306 4308 percurrisse
3324 4244 3381 4292 et
3404 4249 3537 4290 con-

1949 4348 2215 4396 secrasse,
2278 4341 2570 4402 antequam
2624 4332 2806 4387 caeteri
2860 4330 3102 4400 episcopi
3166 4328 3536 4393 advenissent,

1949 4440 2151 4496 eosque
2175 4425 2314 4497 apud
2338 4425 2612 4480 Caesarem
2637 4423 3023 4487 antevertisse,
3056 4421 3238 4476 omnia
3271 4420 3392 4490 ipsi,
3420 4426 3540 4488 qua:

1952 4518 2057 4574 sibi
2095 4519 2358 4573 intentata
2390 4516 2607 4572 fuerant
2634 4515 2887 4581 crimina,
2921 4512 3263 4585 exponendo.
3291 4511 3423 4580 Quae
3450 4511 3539 4566 ille

1954 4610 2203 4674 audiens,
2256 4610 2557 4664 admiratus
2622 4607 3060 4663 adversariorum
3113 4604 3537 4674 improbitatem,

1956 4700 2214 4755 maximis
2261 4699 2543 4755 beneficiis
2593 4707 2758 4768 atque
2789 4699 2995 4752 honore
3033 4695 3388 4751 Athanasium
3424 4692 3542 4747 alli-

1962 4792 2132 4856 ciens,
2168 4806 2288 4845 cum
2322 4789 2521 4844 litteris
2553 4788 2819 4856 imperiali
2852 4789 3176 4842 auctoritate
3191 4785 3541 4854 conscriptis,

1959 4880 2343 4935 Alexandriam
2377 4878 2546 4932 misit.
2570 4876 2838 4931 Caeterum
2867 4891 2990 4929 cum
3009 4874 3123 4942 jam
3148 4874 3384 4943 episcopi
3415 4872 3544 4928 Hie-

1965 4973 2293 5044 rosolymam
2334 4971 2640 5033 venissent,
2676 4968 3036 5023 dedicationis
3061 4968 3254 5022 festum
3291 4964 3540 5021 celebra-

1961 5069 2107 5123 runt,
2159 5058 2488 5126 imperatore
2544 5055 2925 5124 suppeditante
2984 5070 3235 5125 magnam
3299 5053 3546 5123 pecunia:

1904 5165 1917 5175 -
1960 5148 2091 5213 vim,
2128 5161 2192 5200 ac
2237 5147 2461 5200 donaria
2498 5145 2647 5198 varia
2683 5159 2844 5199 aurea
2880 5154 2932 5199 et
2970 5152 3251 5215 argentea,
3290 5143 3547 5215 pretiosis

1961 5238 2227 5307 lapidibus
2268 5246 2494 5302 ornata,
2546 5238 2819 5308 variegata
2870 5236 3312 5323 peripetasmata,
3362 5234 3544 5307 magni

1729 5412 1965 5472 ΝΟΤᾸΞ.

358 5511 451 5578 66)
486 5510 619 5568 Sch.
660 5511 1040 5583 ξΟμοφρόνων.

363 5529 451 5578 oo)
486 5529 619 5568 aen.
669 5529 1040 5634 ‘uaerovwv.
1801 5574 1814 5591 ρ

363 5582 621 5655 67)(Ιοι1.
653 5581 782 5637 Sch.
825 5585 836 5601 ‘
884 5600 912 5633 ν
936 5583 1057 5655 ταῖς
1082 5580 1323 5655 οἰκείαις
1345 5575 1659 5652 παροικίαις
1691 5576 1855 5642 ἐξεω-

267 5650 524 5725 σας-τοὺς
557 5651 1147 5725 προχειροτονηθέντας
1183 5650 1385 5725 αὐτῶν.

340 5722 453 5796 (68)
487 5718 616 5781 Sch.
647 5718 1190 5797 Ἐπόπτηνγενέσθαι
1216 5721 1317 5791 τῆς
1345 5720 1733 5783 καταστάσεως
1751 5718 1850 5788 τῆς

1972 5503 2472 5577 συναθροιζομένης
2502 5504 2750 5560 συνόδου.

2037 5568 2159 5647 (69Ῐ
2196 5568 2339 5647 cad.
2394 5568 2523 5631 Sch.
2588 5572 3141 5647 Kataem'i'wro;_eac
3185 5568 3549 5647 συκοφαντίας

1960 5642 2162 5699 αὐτῶν.
2210 5645 2378 5699 Paulo
2416 5656 2558 5714 post,
2590 5646 2687 5700 καὶ
2748 5646 2926 5700 πάντα
2976 5643 3043 5698 τὰ
3086 5642 3209 5697 κατ’
3245 5643 3409 5697 αὑτὸν
3453 5643 3550 5696 ἀν·

1958 5716 2195 5782 εδίδαξεν
2228 5715 2411 5771 αὐτόν.
