3968 6198
274 84 305 97 ‘

172 268 181 277 .
221 234 366 305 ιοδθ
1230 233 1333 299 DE
1356 236 1827 301 lNVENTlONE
1864 239 2169 304 SANCT/E
2194 202 2494 309 senats.
3364 265 3511 334 4070

224 355 436 422 ἔφασαν
460 348 746 419 γεγονέναι
775 346 877 417 τῆς
903 347 1013 400 τῶν
1040 346 1380 417 Ἐκκλησιῶν
1393 350 1734 443 διαιρέσεως.
1752 347 1801 405 Οἳ

1929 366 2145 409 onmem
2212 355 2582 412 Ert’lesiarum
2644 361 2963 418 divisionem
3013 377 3260 424 exortam
3318 375 3505 443 fuisse,

220 444 504 516 ἀρθέντος,
538 441 639 494 οὐκ
666 440 746 495 ἔτι
777 439 932 493 ἔσται
971 440 1384 512 ἀμφισϐήτησις
1449 443 1578 512 περὶ
1613 442 1801 514 δογμά.

1919 459 2020 511 qua
2055 446 2288 512 sublata,
2319 449 2520 503 nullam
2549 452 2777 520 antpliu-z
2799 455 2863 508 de
2898 456 3242 526 dogmatibus
3269 439 3506 525 futuram

217 552 349 589 των.
399 533 458 588 '0
478 533 540 587 δὲ
569 531 866 602 κουφότητι
899 531 1127 602 γνώμης
1173 532 1550 599 ἀϐασανίστως
1584 535 1813 607 δεξάμε-

219 644 309 690 νος
334 628 463 689 τοὺς
520 624 716 693 λόγους
774 622 979 690 αὐτῶν,
1030 623 1286 678 συνέθετο
1331 624 1490 679 τοῦτο
1547 628 1811 698 ποιῆσαι,

220 718 315 769 καὶ
348 717 513 769 πάλιν
542 711 610 785 ἦν
636 715 877 786 τάραχος
925 714 1029 768 οὐκ
1074 713 1254 785 ὀλίγος
1286 717 1346 769 έν
1387 717 1484 789 ὅλῃ
1531 720 1598 789 τῇ
1631 720 1814 773 οίκου-

223 807 436 952 “inde
459 900 668 951 ἐκεῖνον
689 898 748 952 δὲ
775 898 868 952 τὸν
905 898 1102 970 καιρὸν
1148 898 1333 970 θαῦμα
1363 901 1589 970 γέγονεν
1618 904 1676 956 ὲν
1720 904 1817 958 ’ῐε-

224 985 547 1059 ροσολύμοις
578 989 759 1041 πάντα
783 987 944 1056 λόγον
987 989 1333 1060 ὑπερϐαῖνον.
1375 991 1597 1063 Ἐπειδὴ
1624 993 1734 1064 γὰρ
1756 994 1814 1047 ἑν

220 1080 284 1148 τῇ
307 1076 416 1130 τῶν
432 1077 722 1147 δογμάτων
740 1077 1045 1149 φιλονεικίᾳ
1060 1081 1272 1149 ὲκκοπὴ
1297 1081 1492 1149 γέγονε
1511 1082 1621 1135 τῶν
1642 1100 1814 1153 προσ·-
1850 1140 1859 1153 ί

219 1167 533 1239 ερχομένων
562 1171 629 1239 τῇ
671 1168 874 1235 πίστει,
924 1168 1428 1241 σκανδαλιζομένων
1472 1173 1566 1225 ἐπὶ
1606 1176 1673 1246 τῇ
1703 1174 1815 1229 τῶν

223 1260 539 1329 ἱερωμένων
567 1258 858 1331 διαφωνία,
887 1260 1186 1330 οὐρανόθεν
1230 1262 1434 1329 ἔδειξεν
1468 1266 1497 1318 ὁ
1537 1264 1647 1319 τῶν
1678 1267 1812 1320 θαυ-

225 1350 439 1423 μασίων
461 1351 615 1417 Θεὸς,
642 1353 724 1405 ὅτι
748 1353 847 1423 οὐχ
874 1354 902 1405 ὁ
923 1352 1082 1422 λόγος
1106 1354 1206 1424 τῆς
1254 1356 1335 1419 είς
1361 1355 1526 1411 αὑτὸν
1576 1357 1815 1421 πίστεως

222 1443 399 1506 αἴτιος
435 1442 547 1498 τῶν
585 1444 920 1511 σκανδάλων,
955 1445 1092 1499 ἁλλὰ
1110 1446 1220 1500 τῶν
1257 1447 1538 1518 ἀδοκίμων
1562 1448 1811 1520 ἱερέωνὴ

224 1535 489 1606 σκαιότης
542 1537 636 1589 καὶ
679 1538 781 1607 τῆς
833 1536 1103 1606 κακίστης
1137 1537 1321 1592 αὐτῶν
1344 1537 1573 1610 γνώμης
1600 1540 1634 1609 ἡ
1661 1539 1812 1593 ἀδια-

221 1626 450 1697 κρασῐα.
473 1626 777 1698 Τοιγαροῦν
822 1628 977 1697 ἄφνω
1009 1628 1265 1699 φαίνεται
1299 1630 1485 1684 ἐπάνω
1523 1630 1621 1684 τοῦ
1652 1632 1809 1700 ἁγίου

216 1716 467 1785 Γολγοθᾶ
493 1697 708 1789 ἡμέρας
744 1697 1031 1789 μεσούσης
1063 1720 1529 1790 παμμεγέστατος
1577 1697 1809 1792 σταυρὸς
1840 1697 1883 1752 Β

216 1810 285 1862 ὲκ
313 1809 494 1878 φωτὸς
552 1811 1087 1882 κατεσκευασμένος,
1118 1811 1413 1867 καλύπτων
1435 1812 1533 1886 τὴν
1552 1813 1647 1866 τοῦ
1674 1815 1813 1884 ἡμε-

215 1901 379 1970 τέρου
412 1901 569 1973 ἡλίου
606 1901 970 1973 λαμπρότητα
1021 1906 1088 1973 τῇ
1146 1902 1424 1975 ὑπερϐολῇ
1466 1903 1571 1957 τοῦ
1610 1904 1810 1974 φωτὸς,

217 1991 454 2045 ἐνώπιον
483 1994 701 2046 πάντων
727 1993 834 2047 τῶν
856 1994 956 2064 τὴν
990 1994 1145 2049 πόλιν
1162 1994 1478 2059 οἰκούντων,
1514 1995 1810 2068 μικρῶντε

220 2084 315 2138 καὶ
339 2083 613 2153 μεγάλων,
641 2083 851 2136 πιστῶν
873 2101 932 2137 τε
964 2085 1057 2138 καὶ
1080 2085 1346 2139 ἀπίστων.
1372 2086 1642 2158 Κύριλλος
1658 2089 1716 2142 δὲ
1738 2086 1810 2164 ἦν

218 2176 388 2228 τότεὸ
412 2175 520 2228 τῶν
557 2176 949 2248 Ἱεροσολύμων
986 2177 1304 2245 ἐπίσκοπος,
1339 2177 1433 2234 τὸν
1470 2179 1809 2252 ὀμολογητὴν

217 2265 562 2334 Μαξιμωνᾶν
596 2266 998 2338 διαδεξάμενος.
1035 2269 1241 2322 Τούτου
1277 2269 1544 2335 σώζονται
1571 2275 1809 2346 κατηχὴ·

220 2373 333 2419 σεις
363 2356 666 2421 δεκαοκτὼ,
716 2357 1019 2428 εύδοκίμως
1072 2364 1588 2433 συγγεγραμμέναι,
1630 2368 1690 2419 ὲν
1714 2359 1806 2429 αἷς

216 2444 281 2496 τὸ
345 2445 503 2515 ἆγιον
568 2447 846 2517 Σύμϐολον
889 2448 1239 2519 ἑρμηνεύσας
1295 2451 1518 2522 μνήμην
1563 2452 1664 2521 τῆς
1709 2452 1804 2506 τοῦ

217 2534 507 2604 ὀμοουσίου
555 2536 751 2602 λέξεως
787 2540 888 2592 ούκ
945 2542 1264 2612 ἐποιήσατο,
1331 2541 1439 2594 τῶν
1499 2546 1805 2600 καταδυνα-

219 2629 520 2682 στευόντων
551 2631 672 2683 τότε
701 2631 801 2694 τὰς
831 2618 1105 2696 συσκευὰς
1162 2632 1536 2706 ὑφορώμενος.
1579 2638 1803 2708 Ἔμεινε

217 2719 274 2773 δὲ
312 2720 459 2790 ὅμως
493 2721 590 2774 σὺν
613 2724 725 2786 τοῖς
760 2723 938 2792 ἁγίοις
987 2727 1259 2797 Πατράσι,
1290 2731 1608 2802 συνηγορῶν
1630 2734 1804 2802 ἀγρά-

218 2829 332 2880 φως
353 2815 418 2882 τῇ
466 2812 787 2885 Ἐκκλησία.
830 2810 997 2880 Οὗτος
1055 2819 1263 2891 ἔγραψε
1304 2822 1383 2892 τῷ
1410 2824 1619 2893 βασιλεῖ
1647 2827 1802 2879 Κων-

218 2906 452 2971 σταντίῳ
485 2904 730 2973 περὶτοῦ
768 2910 1060 2979 γενομένου
1089 2913 1341 2981 σημείου.
1366 2913 1623 2993 ’Ἄμεινον
1650 2915 1706 2968 δὲ
1733 2916 1801 2969 τὰ

220 2994 348 3064 περὶ
373 2993 565 3047 τούτου
597 2994 798 3060 διδάξει
843 2999 983 3054 αύτὰ
1031 3002 1126 3055 τοῦ
1173 3005 1479 3060 ἐπισκόπου
1512 3005 1583 3085 τὰ
1615 3006 1799 3079 γράμ-
1826 3026 1869 3085 ο

221 3099 390 3150 ματα,
417 3083 612 3153 ἔχοντα
645 3084 771 3140 τάδε
804 3102 817 3116 ·

293 3278 312 3311 ι
352 3260 471 3315 Ἐπὶ
502 3261 603 3332 μὲν
634 3265 729 3318 τοῦ
762 3268 1039 3341 μακαρίου
1071 3272 1164 3326 καὶ
1192 3274 1441 3346 ἀοιδίμου
1468 3278 1675 3350 πατρός
1702 3296 1795 3333 σου

214 3350 276 3404 τὸ
310 3354 577 3423 σωτήριον
606 3355 835 3433 εὕρηται
867 3360 962 3413 τοῦ
1022 3359 1290 3423 ζωοποιοῢ
1349 3368 1586 3439 σταυροῦ
1618 3369 1801 3433 ξύλον

215 3443 311 3497 ἐπὶ
342 3444 400 3497 δὲ
426 3444 546 3509 σοῦ,
578 3448 937 3504 εύσεϐέστατε
992 3454 1239 3522 βασιλεῦ.
1268 3465 1601 3533 προγονικὴν
1641 3466 1799 3519 εὐσέ-

212 3531 368 3586 ϐειαν
397 3535 786 3603 ὲπανάγοντος,
830 3542 1055 3605 εἰκότως
1092 3546 1191 3598 οὐκ
1233 3548 1299 3599 ἐκ
1331 3550 1456 3619 γῆς,
1477 3531 1593 3605 ἀλλ’
1614 3553 1670 3620 ἐξ
1704 3556 1795 3607 ού-

214 3624 382 3696 ρανοῦ
433 3626 500 3679 τὰ
557 3627 1129 3702 Θαυματουργὴματα.
1176 3637 1265 3690 Ἐν
1313 3640 1423 3712 γὰρ
1469 3646 1588 3706 ταῖς
1615 3645 1800 3713 ἁγίαις

212 3712 441 3776 ταύταις
500 3715 736 3784 ἡμέραις
792 3719 893 3788 τῆς
939 3721 1342 3798 Πεντηκοστῆς,
1381 3730 1562 3796 νόναις
1589 3735 1799 3801 Μαΐαις

214 3805 344 3873 περὶ
371 3805 565 3876 τρίτην
598 3805 751 3877 ὥραν
774 3811 1240 3880 παμμεγέστατος
1267 3822 1500 3893 σταυρὸς
1537 3825 1603 3877 ὲκ
1621 3825 1798 3893 φωτὸς

213 3898 727 3975 κατεσκευασμένος
747 3900 803 3953 ὲν
824 3902 1039 3975 οὐρανῷ
1060 3907 1315 3980 ὑπεράνω
1357 3914 1450 3967 τοῦ
1484 3916 1641 3984 ἁγίου
1673 3918 1797 3971 Γολ-

212 3984 351 4054 γοοᾶ
380 3989 476 4040 καὶ
497 3990 657 4059 μέχρι
678 3989 771 4043 τοῦ
797 3993 952 4060 ἁγίου
976 3995 1136 4066 ὅρους
1164 4001 1271 4053 τῶν
1301 4003 1529 4058 Ἐλαιῶν
1554 4008 1793 4061 ἐκτεινό-

215 4093 378 4146 μενος
409 4080 684 4147 ἐφαίνετο,
712 4083 812 4152 οὐχ
864 4085 945 4137 ἑνὶ
984 4090 1077 4141 καὶ
1122 4088 1359 4165 δευτέρῳ
1392 4096 1554 4166 μόνον
1585 4101 1793 4168 φανεὶς,

216 4165 355 4220 ἀλλὰ
386 4169 547 4221 παντὶ
575 4169 654 4239 τῷ
682 4171 781 4242 τῆς
810 4175 1018 4239 πόλεως
1068 4180 1262 4251 πλήθει
1301 4165 1659 4258 φανερώτατα
1687 4165 1796 4244 65t—

210 4255 384 4326 χθεὶς,
417 4258 529 4311 οὐδ’
562 4261 639 4324 ὡς
673 4262 739 4317 ἄν
788 4281 873 4329 τις
924 4269 1169 4339 νομίσαι,
1228 4273 1393 4339 ὀξέως
1527 4282 1622 4334 καὶ
1653 4283 1794 4339 κατὰ

1915 538 2382 606 controversiam;
2423 557 2583 611 quem
2639 544 2851 600 illorum
2910 564 3217 609 sermonem
3271 558 3363 612 ille
3423 570 3506 617 te-

1920 640 2089 689 ntem,
2120 626 2189 678 ob
2223 629 2422 683 mentis
2443 630 2666 685 nimiam
2697 634 2971 692 levitatem
3010 642 3327 711 admittens,
3370 665 3505 706 cou-

1917 717 2085 771 cessit
2129 717 2179 771 id
2234 718 2376 786 ﬁeri,
2439 730 2699 790 ortusque
2749 725 2875 781 hinc
2902 738 2986 782 est
3036 747 3133 800 per
3193 736 3503 796 universum

1916 809 2179 861 mundum
2217 812 2479 866 tumultus
2504 828 2610 866 non
2649 815 2925 874 minimus.

1987 899 2146 955 Circa
2189 901 2332 956 idem
2364 918 2495 959 vero
2523 915 2738 977 tempus
2780 925 2868 965 res
2901 913 3143 971 miranda
3186 918 3506 994 Hierosoly-

1916 989 2020 1046 mis
2054 992 2272 1058 accidit,
2307 1009 2429 1063 qua:
2465 1009 2686 1050 omnem
2714 999 3018 1057 orationem
3069 1020 3311 1076 superat.
3367 989 3501 1067 Cum

1916 1081 2063 1135 enim
2091 1080 2163 1135 ob
2191 1082 2331 1137 hanc
2361 1084 2760 1141 sententiarum
2822 1089 3223 1161 diversitatem,
3262 1101 3501 1156 variam-

1915 1186 2020 1240 que
2052 1172 2518 1243 digladiationem,
2555 1192 2748 1248 magna
2795 1179 2950 1237 fieret
2996 1184 3233 1241 divulsio
3284 1206 3497 1261 eorum,

1915 1262 2006 1332 qui
2035 1277 2225 1319 recens
2272 1266 2337 1318 ad
2371 1264 2531 1320 ﬁdem
2566 1281 2850 1335 venerant,
2898 1276 3041 1342 quod
3090 1276 3503 1340 olfenderentur

1914 1354 2015 1408 hac
2046 1357 2393 1410 sacerdotum
2427 1358 2794 1428 dissensione,
2828 1366 3071 1421 ostendit
3123 1372 3342 1428 caelitus
3393 1377 3499 1430 mi-

1915 1443 2168 1498 rabilium
2219 1445 2309 1501 ille
2337 1460 2594 1515 operator
2636 1450 2814 1520 Deus,
2875 1471 3218 1529 nequaquam
3271 1466 3497 1523 verbum

1915 1545 2117 1592 nostra:
2173 1538 2294 1593 lidei
2339 1557 2527 1595 ansam
2590 1547 2974 1603 scandalorum
3025 1556 3346 1623 praebuisse,
3404 1560 3499 1615 sed

1915 1624 2090 1679 solum
2128 1626 2532 1696 improbitatem
2560 1632 2700 1685 male
2735 1635 3089 1701 probatorum
3145 1647 3498 1702 sacerdotum

1914 1716 2276 1786 stolidamque
2334 1721 2532 1775 mentis
2564 1738 2839 1792 perversae
2894 1728 3295 1800 intemperiem.
3357 1736 3498 1793 Ecce

1915 1806 2057 1861 enim
2095 1810 2388 1877 derepente
2436 1825 2597 1880 supra
2626 1823 2876 1869 sanctum
2922 1830 3165 1875 montem
3200 1822 3495 1895 Golgotha,

1913 1897 2227 1965 mediojam
2256 1899 2364 1964 die,
2398 1904 2796 1970 pretiosissima
2844 1922 2982 1963 crux
3010 1924 3076 1965 ex
3131 1917 3373 1971 coruscis
3405 1933 3497 1971 ra-

1913 1989 2019 2045 diis
2046 1991 2296 2047 confecta
2332 1997 2601 2063 apparuit,
2631 1997 2769 2053 solis
2801 2003 2977 2057 nostri
3032 2005 3338 2062 claritatem
3393 2025 3496 2066 suo

1912 2079 2202 2149 splendore
2255 2082 2577 2151 obscurans,
2635 2086 2801 2157 idque
2857 2092 3166 2150 videntibus
3220 2100 3492 2167 omnibus,

1911 2171 2001 2239 qui
2028 2172 2301 2226 civitatem
2335 2173 2665 2241 incolebant,
2700 2179 2910 2243 pusillis
2935 2189 2989 2234 et
3031 2184 3262 2253 magnis,
3324 2187 3498 2241 fideli.

1909 2264 2012 2320 bus
2035 2276 2090 2320 et
2123 2266 2447 2322 inﬁdelibus.
2508 2269 2742 2341 Fuitque
2781 2274 2885 2329 hoc
2920 2284 3171 2346 tempore
3203 2279 3495 2349 episcopus

1908 2354 2439 2434 Hierosolymitanus
2491 2360 2754 2432 Cyrillus,
2812 2380 3099 2421 successor
3152 2368 3491 2429 confessoris

1907 2445 2250 2513 Maximonae,
2281 2448 2436 2514 cujus
2468 2452 2767 2506 etiamnum
2805 2442 2991 2509 decem
3013 2464 3070 2511 et
3090 2468 3214 2513 orto
3238 2459 3495 2519 Cateche-

1907 2553 1994 2592 ses
2025 2550 2319 2593 servantur
2342 2539 2586 2610 legitime
2634 2545 2982 2615 conscriptae,
3028 2547 3083 2603 iu
3143 2551 3341 2619 quibus
3389 2568 3491 2608 sa—

1906 2641 2057 2679 crum
2084 2627 2365 2697 explicans
2412 2631 2752 2702 Symbolum,
2808 2638 2958 2693 verbi
3018 2642 3488 2703 consummatio“:

1904 2718 2235 2773 mentionem
2272 2722 2477 2785 omisit,
2511 2725 2815 2795 principum
2858 2728 2911 2783 in
2962 2745 3041 2798 se,
3075 2733 3178 2787 nisi
3216 2735 3268 2790 id
3309 2736 3477 2792 fecis-

1905 2820 2009 2874 Sel,
2043 2810 2268 2866 insidias
2294 2822 2510 2881 paratas
2533 2815 2745 2884 videns,
2773 2822 2973 2875 mansit
3007 2833 3184 2879 tamen
3219 2841 3342 2881 cum
3369 2844 3489 2883 san-

1904 2898 2006 2952 ctis
2052 2897 2326 2968 Patribus,
2359 2902 2659 2960 Ecclesiam
2708 2923 2866 2975 voce,
2900 2927 3006 2967 non
3043 2917 3263 2986 scriptis
3292 2918 3487 2975 defen-

1904 2991 2058 3045 dens.
2096 2991 2195 3047 Hic
2226 2994 2293 3048 ad
2322 2994 2706 3065 imperatorem
2738 3002 2804 3056 de
2831 3016 2918 3069 eo,
2971 3009 3118 3075 quod
3183 3011 3484 3080 acciderat,

1901 3078 2140 3146 scripsit.
2195 3080 2411 3137 Clarius
2448 3094 2629 3139 autem
2683 3090 2923 3161 episcopi
2967 3094 3140 3163 ipsius
3190 3098 3387 3156 littera;
3431 3078 3486 3157 id

1900 3172 2205 3229 edocebunt
2232 3192 2246 3229 :
2276 3190 2357 3231 eae
2388 3178 2463 3231 ita
2494 3194 2554 3234 se
2582 3174 2781 3238 habent
2815 3200 2830 3239 :

1975 3283 1995 3317 ε
2039 3265 2307 3336 Tempore
2329 3275 2770 3338 praestantissimi
2816 3293 2884 3334 ac
2927 3280 3030 3349 piae
3073 3286 3350 3341 memoria:
3386 3303 3486 3359 pa-

1899 3357 1998 3412 tris
2027 3359 2126 3426 tui,
2190 3361 2432 3417 salutare
2458 3365 2687 3421 viviﬁca:
2725 3371 2912 3426 crucis
2949 3372 3154 3443 lignum
3203 3357 3484 3437 inventum

1897 3456 2001 3502 est.
2055 3449 2172 3504 'l‘uo
2231 3467 2363 3507 vero
2410 3464 2677 3524 tempore,
2726 3462 2973 3527 piissime
3015 3464 3335 3536 imperator,
3385 3473 3483 3528 tibi

1898 3541 2099 3591 avitam
2132 3542 2391 3596 virtutem
2438 3546 2724 3609 referenti,
2763 3552 2961 3607 merito
3019 3570 3127 3609 non
3193 3573 3261 3612 ex
3311 3568 3480 3630 terra,

1896 3627 1993 3681 sed
2027 3642 2096 3682 ex
2148 3632 2287 3687 ctelo
2317 3634 2473 3702 signa
2505 3647 2903 3696 monstrantur.
2937 3642 3122 3702 Sacris
3143 3649 3286 3703 enim
3330 3627 3483 3711 hisce

1898 3706 2251 3777 Pentecostes
2279 3724 2509 3793 diebus,
2557 3727 2729 3785 Nonis
2761 3733 2910 3801 Maii,
2953 3737 3101 3794 circa
3143 3741 3334 3798 horam
3379 3755 3483 3803 ter-

1900 3810 2052 3879 tiam,
2103 3815 2337 3870 maxima
2364 3831 2497 3872 crux
2536 3835 2604 3874 ex
2644 3821 2767 3878 luce
2796 3824 3063 3892 facta,‘de
3096 3832 3258 3900 caelo,
3315 3850 3483 3908 super

1899 3918 2115 3958 sacrum
2147 3917 2384 3964 montem
2418 3909 2709 3980 Golgotha,
2735 3932 2907 3987 usque
2945 3921 3016 3976 ad
3046 3938 3297 3982 sanctum
3332 3945 3483 3986 mon-

1900 4001 2004 4047 tem
2043 3992 2324 4053 Olivarum
2359 4010 2580 4057 extenta
2625 4009 2917 4076 apparuit;
2971 4028 3076 4066 non
3118 4016 3211 4071 uui
3243 4027 3479 4089 tantum,

1896 4089 1993 4137 aut
2030 4084 2183 4140 alteri
2217 4089 2352 4156 visa,
2406 4096 2502 4146 sed
2535 4095 2804 4153 universa:
2831 4101 3072 4159 civitatis
3138 4084 3476 4168 multitudini

1896 4175 2242 4243 apertissime
2298 4189 2542 4238 ostensa.
2595 4184 2784 4257 Neque
2815 4198 2872 4243 ut
2919 4192 3118 4262 aliquis
3171 4194 3313 4252 forte
3356 4202 3479 4255 exi-

1894 4266 2118 4322 stimare
2177 4282 2382 4339 posset,
2444 4275 2699 4332 celeriter
2775 4284 3075 4339 secundum
3133 4288 3476 4355 phantasiam

210 4349 515 4415 φαντασίαν
570 4354 967 4426 παραδραμὼν,
1025 4361 1141 4415 ἁλλ’
1192 4367 1290 4418 ἐπὶ
1339 4369 1581 4425 πλείοσιν
1623 4371 1794 4443 ὥραις

1908 4372 2247 4428 percurrens,
2282 4365 2376 4418 sed
2412 4366 2597 4421 multis
2644 4370 2794 4426 horis
2830 4387 2995 4442 supra
3047 4387 3247 4433 terram
3296 4383 3477 4439 mani-

208 4438 367 4523 ύπὲρ.
400 4442 504 4513 γῆν
546 4444 981 4518 ὀφθαλμοφανῶς
1054 4452 1429 4527 θεωρούμενος
1454 4503 1469 4525 ,
1526 4465 1622 4516 καὶ
1669 4438 1790 4531 ταῖς

208 4518 729 4604 ἀπαστραπτούσαις
753 4547 1143 4611 μαρμαρυγαῖς
1167 4518 1280 4611 ’τάξ
1310 4518 1540 4619 ἡλιακὰς
1569 4518 1791 4619 ἀκτῖνας

208 4626 535 4694 νικήσας.“Ὴ
564 4630 673 4696 γὰρ
702 4629 767 4683 ἂν
788 4635 1090 4703 νικώμενος
1108 4638 1397 4693 ύπάύτῶν
1430 4642 1787 4712 ἐκαλύπτετο,

207 4719 258 4769 si
290 4719 366 4787 μὴ
401 4719 781 4792 δυνατωτέρας
827 4725 979 4794 ἡλίου
1033 4732 1146 4792 τοῖς
1195 4731 1363 4801 δρῶσι
1422 4738 1650 4807 παρεῖχε
1692 4738 1790 4801 τὰς

207 4804 579 4875 λαμπηδόνας,
607 4809 682 4871 ὡς
706 4812 853 4863 ἅπαν
900 4812 959 4876 ἐξ
998 4816 1168 4883 αὐτῆς
1204 4819 1302 4888 τῆς
1355 4804 1515 4887 ἁγίας
1554 4804 1788 4895 Ἐκκλη-

208 4898 331 4960 σίας
354 4899 679 4969 συνδραμεῖν
706 4900 768 4952 τὺ
804 4903 1029 4971 πλῆθος,
1076 4906 1156 4976 τῷ
1192 4908 1290 4977 τῆς
1332 4910 1590 4977 θεοπτίας
1637 4910 1787 4987 φόϐῳ

207 4986 471 5057 συσχεθὲν
500 4988 559 5052 ἐξ
578 4988 808 5059 ούρανοῦ
827 4991 1011 5044 θεόθεν
1031 4998 1421 5069 γεγενημένης.
1436 5018 1458 5053 ι
1477 5002 1587 5056 Καὶ
1614 4986 1786 5058 ταῦτα

209 5077 310 5147 μιν
353 5080 381 5130 ὀ
413 5078 734 5142 ἐπίσκοπος.

289 5170 383 5224 Ἐκ
431 5170 637 5241 ταύτης
690 5172 745 5224 δὲ
787 5175 1249 5244 παραδοξοποιίας
1303 5181 1496 5237 πολλαὶ
1553 5184 1787 5256 χιλιάδες

202 5258 614 5330 προσετέθησαν
663 5263 729 5332 τῇ
776 5263 980 5317 πίστει.
1015 5265 1158 5327 Ἕως
1190 5263 1294 5325 ὧδε
1335 5273 1467 5343 περὶ
1504 5275 1599 5344 τῆς
1626 5276 1783 5345 εὑρέ-

201 5366 345 5415 σεως
403 5351 516 5423 (72)
568 5351 664 5406 τοῦ
701 5353 971 5418 ζωοποιοῦ
1013 5363 1249 5432 σταυροῦ
1295 5365 1328 5435 ἡ
1372 5365 1581 5437 ἱστορία
1617 5367 1780 5434 ἔστω,

1892 4447 2033 4505 {este
2068 4463 2384 4521 conspecta,
2414 4456 2700 4526 splendore
2752 4478 2851 4517 suo
2895 4466 3028 4522 solis
3079 4472 3263 4527 radios
3317 4474 3478 4548 longe

1892 4556 2183 4611 superans.
2215 4543 2379 4603 Certe
2403 4549 2549 4603 enim
2582 4553 2651 4607 ab
2680 4554 2789 4610 illis
2816 4570 3094 4629 superata,
3157 4543 3476 4627 abscondita
3534 4576 3543 4621 ε

1890 4632 2108 4699 fuisset,
2142 4638 2243 4693 nisi
2276 4640 2618 4697 intuentibus
2650 4645 2825 4714 ipsam
2854 4651 2969 4706 sole
3028 4654 3325 4711 lucitliores
3385 4676 3475 4715 ra-

1895 4726 2013 4781 dios
2043 4730 2382 4786 exhibuisset
2415 4750 2430 4787 :
2467 4735 2600 4789 adeo
2653 4747 2713 4791 ut
2757 4739 2902 4794 illico
2928 4744 3181 4802 universa
3239 4753 3476 4812 civitatis

1893 4817 2186 4873 multitudo
2215 4822 2282 4875 ad
2308 4832 2555 4877 sanctam
2586 4825 2884 4883 Ecclesiam
2916 4847 3286 4906 concurreret,
3328 4858 3472 4901 metu

1893 4911 2061 4968 divini
2092 4914 2251 4969 istius
2278 4917 2509 4987 prodigii
2537 4922 2752 4977 caelitus
2767 4922 2898 4986 [acti
2922 4931 3213 4997 perterriti.
3239 4950 3258 4984 ι
3296 4936 3475 5007 Atque

1893 5002 2156 5061 hactenus
2186 5007 2404 5076 quidem
2438 5010 2746 5082 episcopus.

1962 5181 2043 5238 Ex
2071 5198 2178 5254 quo
2210 5192 2317 5241 tam
2347 5190 2619 5258 stupendo
2644 5194 2910 5251 miraculo
2961 5199 3127 5254 multa
3191 5204 3470 5263 hominum

1894 5274 2055 5329 millia
2094 5278 2160 5330 ad
2190 5276 2348 5333 ﬁdem
2385 5295 2444 5335 se
2495 5283 2890 5354 applicuerunt.
2950 5290 3074 5346 llaec
3134 5296 3199 5350 de
3245 5297 3472 5356 viviﬁcm

1890 5367 2070 5423 crucis
2116 5369 2446 5439 inventione,
2491 5384 2711 5447 totaque
2763 5379 2993 5437 historia
3049 5384 3192 5441 dicta
3229 5387 3359 5455 sint,
3415 5402 3473 5447 et

1696 5500 1931 5560 ΝΟΤᾸΞ.

274 5579 385 5648 (72)
418 5580 614 5664 Addita
648 5553 773 5664 sunt
813 5602 881 5642 ex
923 5588 1068 5664 cod._
1097 5588 1287 5664 Crypt.
1343 5591 1501 5648 Ferro
1562 5595 1788 5664 scripuli

199 5659 259 5705 ut
287 5664 534 5721 apparet,
570 5654 622 5709 in
660 5656 800 5725 illos,
842 5661 934 5730 qui
970 5654 1310 5728 Quit-incum,
1343 5679 1436 5721 seu
1461 5654 1772 5738 Cyriacum,

1900 5597 2060 5684 prius,
2084 5595 2278 5684 .Iudam
2301 5600 2655 5684 appellatum,
2679 5604 3229 5684 Hierosolymitanum
3262 5613 3468 5684 episco.

1886 5684 2012 5738 pum
2043 5669 2383 5727 constituunt
2414 5687 2430 5739 ;
2462 5669 2687 5745 ejusque
2721 5669 2982 5751 auspiciis
3030 5698 3245 5741 crucem
3282 5669 3475 5743 iuvet)-
