3968 6198
504 246 611 314 407
625 250 646 313 ί

1739 248 2177 310 ALEXANDRI
2215 249 2561 313 MONACHI
2662 324 2665 325 ν

3626 247 3771 315 4072

497 378 662 419 nemo
693 360 934 431 seipsum
970 359 1204 429 decipiat
1230 373 1366 413 vana
1416 357 1725 427 referendo,
1784 361 2088 418 fabulosas-

2195 367 2288 418 καὶ
2310 366 2503 435 μηδεὶς
2530 363 2721 419 ἑαυτὸν
2746 363 3013 420 ἀπατάτω
3072 362 3442 434 ματαιολογῶν
3476 362 3769 436 ἀσύμφορα

495 469 603 525 que
631 453 970 509 narrationes
1003 451 1302 521 peregrinis
1344 451 1656 507 nominibus
1682 464 1969 519 contestas
1999 468 2089 508 ar-

496 555 757 615 gumento
803 544 928 597 huic
976 542 1287 595 inserendo.
1347 539 1536 610 Neque
1566 541 1709 595 enim
1761 542 1905 596 ullus
1954 542 2092 597 alius

498 637 788 703 episcopus
844 643 1042 703 praeter
1082 633 1368 699 praedictos
1425 632 1543 695 fuit,
1570 645 1743 700 neque
1801 631 1942 686 alius
1972 630 2088 686 Ro-

494 736 776 777 manorum
823 720 1137 788 imperator,
1204 734 1375 789 neque
1405 720 1512 774 alio
1574 720 1733 775 modo
1785 721 2089 775 veneranda

495 827 630 867 crux
677 809 1042 879 depraedicata
1072 819 1155 862 est
1182 818 1236 862 et
1287 810 1646 878 promulgata.
1700 808 1786 864 Ab
1843 813 2089 879 Augusto

494 902 638 957 enim
673 903 1018 968 imperatore,
1045 901 1143 954 sub
1193 916 1298 969 quo
1340 899 1592 954 Christus
1622 900 1919 955 secundum
1958 916 2085 955 car-

496 1008 618 1049 nem
653 1004 809 1047 natus
843 1003 945 1058 est,
982 1006 1153 1060 usque
1187 991 1252 1043 ad
1307 991 1727 1045 Constantinum
1786 991 2038 1061 Magnum
2063 1032 2077 1057 ,

498 1085 726 1154 triginta
761 1085 1004 1153 quinque
1038 1085 1396 1151 imperatores
1428 1083 1875 1136 intercesserunt.
1912 1082 2075 1136 Sinti-

499 1175 626 1231 liter
654 1194 683 1231 a
707 1176 909 1233 Jacobo
941 1178 1109 1231 fratre
1138 1176 1370 1240 Domini,
1426 1191 1596 1245 usque
1624 1178 1690 1229 ad
1730 1175 1888 1241 hujus
1921 1175 2086 1243 impe-

498 1270 667 1334 rium,
700 1270 924 1338 triginta
965 1270 1209 1338 quinque
1270 1269 1489 1320 fuerunt
1529 1266 1920 1336 Hierosolymis
1963 1266 2085 1334 epi-

499 1360 673 1428 sc0pi.
712 1359 1097 1413 Venerandam
1122 1367 1306 1411 autem
1334 1358 1476 1409 diem
1512 1355 1858 1409 exaltationis
1886 1367 2086 1409 Sancta:

499 1449 679 1503 crucis
705 1459 758 1503 et
790 1448 1151 1502 dedicationis
1198 1446 1385 1514 templi
1431 1445 1621 1499 Patres
1641 1460 1706 1499 ex
1737 1445 2085 1512 imperatorio

493 1536 649 1606 jussu
709 1537 1035 1589 deﬁnierunt
1083 1535 1378 1604 quotannis
1438 1535 1819 1588 celebrandam
1875 1536 2083 1587 decimo

502 1635 693 1696 quarto
732 1627 819 1680 die
849 1626 1203 1695 Septembris,
1244 1625 1295 1678 in
1325 1624 1585 1678 honorem
1614 1624 1813 1688 Patris,
1844 1634 1899 1677 et
1924 1622 2071 1687 Filii,

502 1726 556 1770 et
583 1714 815 1783 Spiritus
867 1714 1064 1769 sancti.
2115 1712 2158 1767 Β

574 1909 843 1977 Qnoniam
876 1923 1026 1975 vero,
1056 1908 1243 1963 divina
1276 1923 1374 1963 nos
1417 1907 1716 1977 adiuvante
1746 1910 1946 1979 gratia,
1969 1924 2094 1963 ora-

507 2003 659 2057 tione
692 2002 1060 2071 processimus
1091 2002 1158 2055 ad
1192 2001 1536 2072 splendidam
1566 2001 1693 2056 festi
1721 2004 1893 2057 nostri
1925 2004 2090 2069 diem,

504 2107 626 2164 qua:
653 2104 740 2148 est
770 2094 1013 2148 ostensio
1066 2104 1123 2147 et
1149 2093 1411 2148 exaltatio
1462 2103 1666 2148 sancta:
1718 2095 1920 2157 crucis,
1969 2108 2090 2163 age,

505 2199 771 2259 quantum
825 2188 878 2242 in
913 2187 1071 2242 nobis
1113 2197 1217 2251 est,
1269 2202 1487 2244 crucem
1535 2188 1720 2255 paucis
1765 2188 2088 2261 quibusdam

508 2280 930 2336 salutationibus
960 2294 1381 2349 prosequamur,
1418 2280 1606 2349 sicque
1633 2280 1865 2334 sermoni
1908 2270 2101 2333 nostro

504 2372 668 2427 linem
688 2374 1043 2441 imponamus.
1074 2371 1233 2443 Salve
1261 2372 1450 2441 igitur,
1480 2387 1612 2426 crus
1632 2373 1900 2440 pretiosa;
1922 2372 2089 2440 salve,

506 2462 633 2533 quia
665 2464 716 2516 in
752 2471 805 2516 te
828 2462 1093 2516 Dominus
1127 2476 1313 2517 noster
1369 2460 1530 2517 Jesus
1577 2462 1827 2517 Christus
1880 2462 2091 2516 exalta-

507 2562 600 2609 tus
634 2564 738 2622 est,
793 2554 848 2608 in
905 2568 1013 2622 quo
1069 2563 1195 2608 sunt
1251 2568 1442 2608 omnes
1495 2554 1731 2609 thesauri
1784 2555 1988 2609 laetitiae
2037 2562 2092 2608 et

507 2646 713 2715 gratias.
764 2643 948 2707 Salve,
996 2659 1134 2698 crux
1171 2645 1433 2713 pretiosa,
1467 2660 1562 2714 per
1592 2656 1646 2699 te
1682 2645 1827 2699 enim
1884 2653 2089 2700 aeterna

508 2734 695 2791 laetitia
726 2735 777 2787 in
808 2734 949 2787 ctelo
980 2733 1141 2787 simul
1172 2744 1340 2801 atque
1369 2736 1421 2788 in
1457 2743 1601 2788 terra
1626 2744 1876 2804 paratur.
1906 2732 2088 2801 Salve,

510 2839 644 2880 crux
674 2824 950 2893 pretiosa;
986 2825 1156 2888 salve,
1199 2825 1324 2892 quia
1355 2825 1444 2876 diu
1475 2832 1623 2892 ante,
1650 2835 1814 2895 atque
1844 2826 1981 2880 adeo
2021 2826 2090 2880 ab

440 2930 449 2947 '
510 2917 660 2971 omni
707 2916 973 2985 principio
1022 2914 1283 2970 Conditor
1316 2930 1494 2968 rerum
1530 2916 1583 2968 in
1633 2917 1891 2971 universa
1939 2932 2092 2972 crea-

514 3016 632 3060 tura
667 3016 810 3059 tuam
841 3008 1128 3083 iitiagiiicitt
1178 3006 1520 3073 depinxerat.
1566 3003 1748 3071 Salve,
1784 3023 1918 3061 crux
1974 3008 2088 3078 glu-
2114 3046 2157 3105 ϐ

516 3099 658 3151 riosa
682 3139 698 3162 ,
739 3097 865 3166 quia
896 3112 1086 3151 Omnes
1116 3108 1415 3165 pmestates
1440 3097 1702 3150 calorum
1734 3099 1785 3151 in
1826 3109 1914 3152 tua
1941 3099 2087 3152 exal-

515 3189 722 3242 tatioue
751 3189 1137 3241 inenarrabiles
1186 3188 1295 3240 Deo
1343 3188 1574 3257 hymnos
1625 3188 1881 3243 oﬁ'eruut.
1908 3191 2089 3256 Salve,

517 3292 671 3339 crux,
706 3293 801 3347 per
834 3288 884 3331 te
913 3279 1058 3330 enim
1090 3281 1144 3329 in
1182 3279 1523 3343 civitatibus,
1568 3280 1779 3344 insulis,
1813 3282 2092 3335 omnibus-

517 3384 625 3437 que
651 3370 959 3424 nationibus
984 3369 1238 3423 Ecclesiae
1270 3372 1697 3424 ortliodoxorutn
1739 3371 2089 3426 fundamenta

519 3464 816 3531 accipiunt.
849 3463 1028 3527 Salve,
1072 3478 1232 3525 crux,
1265 3465 1392 3531 quia
1420 3479 1515 3531 per
1545 3475 1597 3517 te
1634 3464 1817 3519 omnia
1855 3465 2091 3519 ﬁdelium

517 3569 614 3607 ora
642 3554 693 3606 in
723 3568 1003 3632 sermones
1036 3557 1101 3607 de
1138 3553 1249 3608 Deo
1297 3536 1664 3608 resolvuntur.
1711 3554 1893 3620 Salve,
1931 3570 2090 3621 crux,

516 3658 616 3715 per
645 3652 697 3697 te
728 3645 872 3696 enim
912 3644 1086 3712 angeli
1131 3658 1255 3696 cum
1308 3643 1618 3699 hominibus
1666 3660 1830 3714 super
1892 3656 2090 3699 terrain

518 3735 717 3790 choros
746 3737 1007 3789 ducentes
1056 3734 1334 3789 Christum
1362 3736 1665 3791 celebrant.
1723 3737 1905 3802 Salve,
1933 3755 2087 3805 crus,

517 3826 777 3895 quoniam
809 3841 903 3894 per
927 3834 979 3879 te
1006 3826 1254 3879 homines
1280 3827 1336 3879 in
1364 3828 1518 3882 ccelis
1552 3844 1674 3882 cum
1704 3829 1915 3897 angelis
1945 3830 2095 3884 sitni-

519 3919 648 3975 liter
682 3922 1004 3975 antebeum
1037 3922 1365 3986 consistunt,
1399 3937 1523 3976 cunt
1575 3923 1838 3979 ineﬂ‘abili
1896 3928 2095 3996 gaudio

518 4012 759 4065 euntium
815 4027 996 4065 rerum
1055 4012 1403 4067 Conditorem
1459 4014 1848 4082 gloriﬁcantes.
1911 4018 2091 4085 Salve,

516 4116 675 4170 crux,
724 4119 819 4174 per
848 4114 899 4159 te
933 4104 1077 4159 enim
1126 4106 1357 4160 Adama
1403 4107 1783 4165 maledictione
1833 4112 2095 4168 liberatus

516 4206 623 4260 est.
673 4198 874 4252 saliens
923 4205 979 4251 et
1011 4197 1293 4253 exsultans
1324 4199 1463 4253 utin
1521 4202 1844 4269 paradisum
1908 4206 2091 4271 rediit,

517 4295 736 4355 recepta
762 4286 994 4354 pristina
1025 4286 1313 4356 dignitate.
1348 4285 1531 4355 Salve,
1567 4305 1725 4358 crux,
1757 4306 1854 4361 per
1875 4302 1926 4347 te
1947 4296 2091 4348 enim

2191 457 2287 510 καὶ
2316 456 2637 527 μυθοποιίας
2657 456 2722 510 δι’
2753 457 3035 526 ὀνομάτων
3074 455 3397 527 παράξενων
3425 471 3769 526 παρεισαγα-

2190 551 2310 618 γεῖν
2337 553 2403 620 τῇ
2437 548 2713 603 ὑποθέσει.
2747 547 2884 602 Οὐδὲ
2912 548 3025 621 γὰρ
3052 546 3347 610 ἐπίσκοπος
3363 547 3551 617 ἔτερος
3578 548 3773 616 γέγονε

2191 638 2411 693 πώποτε
2444 639 2598 711 παρὰ
2618 640 2743 703 τούς
2771 638 3323 710 προγεγραμμένους.
3356 638 3478 690 οὐδὲ
3511 638 3776 708 βασιλεὺς

2189 725 2374 797 ἕτερος
2416 727 2721 798 Ῥωμαίων,
2764 727 2885 780 οὐδὲ
2935 726 3107 797 ἑτέρῳ
3132 727 3318 797 τρόπῳ
3337 728 3368 779 δ
3390 728 3573 796 τίμιος
3604 746 3774 783 σταυ-

2192 818 2285 890 ρὸς
2306 817 2832 888 ἀνεκηρύχθη.Ἀπδ
2868 817 2976 888 γάρ
3008 817 3320 886 Αὐγούστου
3349 818 3441 871 τοῦ
3477 818 3774 889 βασιλέως,

2188 911 2273 979 ἐφ’
2302 904 2366 963 οὐ
2395 911 2422 963 ὁ
2449 911 2684 980 Χριστὸς
2737 910 2881 963 κατὰ
2933 909 3114 980 σάρκα
3147 909 3479 980 (ἐγεννήθη),
3522 910 3632 972 ἕως
3677 912 3775 965 τοῦ

2191 997 2428 1068 μεγάλου
2477 998 2890 1055 Κωνσταντίνου
2944 998 3237 1067 τριάκοντα
3297 998 3458 1050 πέντε
3508 999 3777 1066 γεγόνασι

2188 1088 2450 1160 βασιλεῖς’
2472 1088 2676 1159 ὁμοίως
2704 1089 2799 1142 καὶ
2829 1088 2937 1141 ἀπὸ
2989 1086 3249 1141 Ὶακὼϐου
3292 1089 3386 1142 τοῦ
3438 1087 3774 1158 ἀδελφοθέου

2186 1180 2290 1243 ἕως
2318 1181 2416 1249 τῆς
2447 1180 2614 1250 αὐτῆς
2641 1179 2918 1248 βασιλείας
2960 1179 3257 1248 τριάκοντα
3291 1180 3449 1233 πέντε
3477 1181 3777 1248 γεγόνασιν

2177 1270 2589 1342 ’Ἱεροσολύμων
2616 1270 2931 1325 ἐπίσκοποι.
2962 1270 3073 1341 Τὴν
3114 1270 3172 1323 δὲ
3219 1270 3523 1341 σεϐάσμιον
3553 1273 3777 1342 ἡμέραν

2173 1354 2282 1434 ’τῆς
2309 1363 2569 1433 ὐψώσεως
2599 1363 2693 1417 τοῦ
2721 1365 2906 1434 τιμίου
2938 1361 3195 1433 σταυροῦ,
3226 1364 3320 1416 καὶ
3338 1362 3447 1415 τῶν
3476 1362 3779 1430 ὲγκαινίων

2186 1457 2457 1526 ὡρίσαντο
2485 1458 2534 1509 οἱ
2565 1456 2809 1526 Πατέρες
2838 1456 2979 1525 μετὰ
3015 1455 3297 1526 βασιλικοῦ
3345 1455 3782 1525 προστάγματος

2183 1545 2459 1600 τελεῖσθαι
2500 1546 2607 1600 ἀνὰ
2667 1547 2787 1609 ἔτος
2832 1546 3059 1598 ἕκαστον
3095 1548 3160 1616 τῇ
3205 1543 3786 1615 τεσσαρεσκαιδεκάτῃ

2176 1623 2281 1689 ’τοῦ
2308 1637 2682 1707 Σεπτεμϐρίου
2717 1637 2905 1708 μηνὸς,
2940 1637 3060 1708 ἣτις
3094 1636 3242 1689 ἐστὶν
3272 1638 3306 1705 ἡ
3336 1638 3441 1708 πρὸ
3464 1636 3608 1688 δέκα
3634 1635 3785 1687 ὀκτὼ

2197 1728 2490 1781 Καλανδῶν
2529 1727 2893 1798 Ὀκτωϐρίων,
2933 1730 3014 1791 είς
3058 1726 3216 1791 δόξαν
3258 1726 3489 1798 Πατρὸς,
3517 1724 3657 1779 Υἱοῦ
3688 1727 3788 1779 καὶ

2196 1818 2352 1887 ἁγίου
2381 1818 2520 1871 Πνεύ
2528 1836 2718 1888 ματος.

2290 1913 2507 1984 Ἐπειδὴ
2566 1914 2676 1981 (73)
2733 1912 2790 1965 δὲ
2822 1915 3005 1983 χάριτι
3059 1910 3195 1964 Θεοῦ
3227 1910 3658 1980 κατηντήσαμεν
3703 1909 3786 1979 τῷ

2193 2003 2337 2074 λόγῳ
2358 2005 2439 2067 είς
2468 2004 2566 2070 τὴν
2603 2003 2845 2072 εὔσημον
2884 2004 3094 2073 ἡμέραν
3119 2000 3213 2071 τῆς
3242 2002 3432 2071 ἑορτῆς
3464 2000 3631 2071 ἡμῶν
3658 2001 3785 2071 ἥτις

2193 2097 2341 2148 ἐστὶν
2367 2095 2637 2159 ἀνάδειξις
2666 2094 2761 2148 τοῦ
2794 2093 3058 2158 ζωοποιού
3115 2093 3381 2164 σταυροῦ,
3425 2096 3561 2164 φέρε
3596 2093 3783 2156 καθὼς

2190 2182 2302 2240 οἷόν
2329 2187 2387 2239 τέ
2430 2187 2597 2250 ἐστιν,
2627 2186 2799 2257 μικρά
2832 2203 2884 2238 τι
2929 2187 3349 2255 χαιρετήσαντες
3379 2183 3469 2235 τὸν
3513 2186 3779 2254 σταυρὸν,

2191 2275 2635 2347 καταπαύσωμεν
2673 2276 2766 2329 τὸν
2819 2276 2999 2344 λόγον.
3057 2274 3284 2344 Χαίροις
3311 2274 3511 2340 τοίνυν,
3571 2277 3777 2345 cra-49's

2189 2369 2358 2440 τίμιε.
2393 2369 2642 2441 Χαίροις,
2687 2370 2769 2422 ὅτι
2821 2370 2878 2420 ὲν
2901 2369 2986 2420 σοὶ
3011 2368 3039 2419 ὁ
3083 2366 3286 2436 Κύριος
3303 2365 3510 2435 Ἰησοῦς
3538 2367 3777 2437 Χριστὸς,

2191 2460 2472 2531 ὐψώθη,ὲν
2508 2456 2553 2529 ᾧ
2575 2464 2684 2514 είσι
2716 2460 2915 2522 πάντες
2947 2459 2998 2511 οἱ
3045 2458 3314 2528 θησαυροὶ
3342 2459 3440 2528 τῆς
3470 2461 3656 2529 χαρᾶς
3687 2460 3780 2510 καὶ

2189 2553 2287 2622 τῆς
2313 2553 2555 2625 χάριτος.
2594 2551 2803 2624 Σταυρὲ
2850 2551 3020 2618 τίμιε,
3062 2549 3152 2602 διὰ
3199 2548 3293 2602 σοῦ
3342 2550 3448 2619 γάρ
3485 2554 3515 2618 ἡ
3548 2549 3782 2612 ἁένναος

2189 2641 2335 2711 χαρά
2390 2643 2449 2694 ὲν
2501 2639 2716 2712 οὐρανῷ
2757 2640 2852 2693 καὶ
2888 2640 2983 2692 ἐπὶ
3010 2639 3113 2707 γῆς
3144 2637 3495 2708 βραϐεύεται.
3520 2639 3782 2709 Χαίροιζ,

2192 2731 2393 2801 σταυρὲ
2420 2732 2590 2801 τίμιε,
2620 2732 2700 2784 ὅτι
2754 2729 2962 2785 ἄνωθεν
3000 2731 3095 2806 καί
3126 2729 3186 2793 ἐξ
3222 2730 3398 2799 ἀρχῆς
3435 2732 3462 2781 ὁ
3493 2734 3783 2801 Δημιουρ-

2190 2824 2285 2891 γὸς
2314 2825 2373 2876 ὲν
2416 2823 2564 2893 πάσῃ
2590 2825 2661 2894 τῇ
2690 2822 2867 2894 κτίσει
2901 2821 2997 2892 τὴν
3019 2821 3203 2874 εἰκόνα
3230 2836 3323 2873 σου
3350 2820 3782 2891 ἐζωγράφησεν.

2190 2915 2381 2984 Χαῖρε.
2430 2914 2631 2982 σταυρὲ
2687 2911 2883 2978 ἔνδοξε,
2938 2912 3021 2964 ὅτι
3082 2913 3254 2965 πᾶσαι
3297 2912 3353 2963 αἱ
3379 2910 3648 2980 δυνάμεις
3677 2914 3786 2965 uls

2190 3004 2431 3075 οὐρανῶν
2466 3005 2560 3058 ἐπὶ
2611 3007 2677 3076 τῇ
2722 3007 2787 3075 σῇ
2852 3003 3058 3073 ὑψώσει
3096 3004 3370 3068 ἐξαισίους
3399 3001 3611 3072 ὕμνους
3643 3007 3787 3057 ἁνα-

2192 3097 2472 3167 πέμπουσι
2505 3095 2583 3166 τῷ
2612 3094 2749 3165 Θεῷ.
2781 3095 3033 3165 Χαίροις,
3054 3093 3254 3162 σταυρὲ
3275 3108 3288 3122 ·
3319 3092 3409 3147 διὰ
3443 3094 3544 3147 σοῦ
3576 3096 3693 3165 γάρ
3726 3098 3785 3159 ἐν

2192 3189 2401 3255 πόλεσι,
2437 3189 2532 3241 καὶ
2560 3191 2623 3240 ἐν
2654 3189 2858 3258 νήσοις,
2884 3186 2977 3238 καὶ
3008 3187 3065 3239 ὲν
3091 3190 3255 3239 παντὶ⁸
3274 3185 3438 3249 ἔθνει,
3456 3188 3514 3238 αἱ
3546 3188 3785 3257 Ἐκκλη-

2194 3281 2306 3332 σίαι
2331 3278 2631 3351 όρθοδόξων
2682 3276 3123 3347 τεθεμελίωνται.
3156 3277 3350 3346 Χαῖρε,
3410 3279 3656 3348 παυρέο
3697 3278 3783 3331 διὰ

2195 3376 2288 3430 σοῦ
2316 3378 2425 3447 γὰρ
2457 3378 2564 3430 πᾶν
2600 3378 2773 3446 στόμα
2807 3375 3017 3428 πιστῶν
3046 3377 3126 3437 εἰς
3158 3374 3441 3442 θεολογίαν
3471 3375 3770 3445 ἀνέῳκται.

2192 3470 2441 3540 Χαίροις,
2466 3469 2665 3540 σταυρὲ
2702 3469 2942 3538 μακάριε
2968 3482 2983 3498 ·
3015 3466 3105 3520 διὰ
3136 3465 3232 3519 σοῦ
3266 3466 3378 3537 γὰρ
3425 3465 3657 3533 ἄγγελοι
3686 3469 3770 3519 σὺν

2193 3559 2500 3629 ἀνθρώποις
2517 3561 2609 3613 ἐπὶ
2632 3561 2733 3630 γῆς
2750 3556 3068 3629 χορεύοντες
3088 3559 3177 3611 τὸν
3196 3557 3430 3627 Χριστὸν
3446 3558 3774 3626 άνυμνοῦσι.

2193 3652 2447 3724 Χαίροις,
2484 3651 2687 3721 σταυρέ
2708 3669 2723 3682 ο
2748 3652 2837 3704 διὰ
2869 3651 2964 3703 σοῦ
2993 3651 3101 3720 γὰρ
3127 3653 3183 3702 ὲν
3210 3651 3459 3719 οὐρανοῖς
3492 3648 3776 3719 ἄνθρωποι

2193 3746 2397 3817 ὁμοίως
2445 3746 2541 3801 σύν
2590 3745 2842 3815 ἀγγέλοις
2905 3745 3274 3811 παρίστανται
3329 3743 3407 3815 τῷ
3451 3741 3602 3812 Θεῷ,
3644 3746 3783 3811 μετὰ

2192 3837 2560 3907 άνεκλαλήτου
2592 3838 2764 3907 χαρᾶς
2792 3836 2883 3888 τὸν
2914 3837 3152 3904 Ποιητὴν
3202 3833 3545 3898 δοξάζοντες.
3575 3835 3787 3905 Χαῖρε,

2195 3927 2392 3998 σταυρέ
2410 3946 2423 3959 ·
2443 3927 2531 3981 διὰ
2554 3926 2649 3980 σοῦ
2674 3930 2780 3999 γὰρ
2804 3929 2832 3980 ὁ
2863 3927 3035 3996 Ἀδάμ
3059 3929 3156 3996 τῆς
3179 3926 3425 3995 κατάρας
3460 3923 3786 3993 ὲλυτρώθξ,

2196 4018 2433 4089 σκιρτῶν
2473 4018 2567 4071 καλ⁵
2597 4015 3005 4087 ἀγαλλιώμενος
3061 4017 3141 4079 είς
3192 4015 3284 4068 τὸν
3318 4014 3685 4092 παράδεισον,
3713 4015 3793 4078 ὡς

2196 4109 2495 4181 ἐλήλυθεν,
2563 4106 2859 4162 ἀπολαϐὼν
2905 4107 2966 4160 τὸ
3021 4106 3151 4159 ῐδιον
3219 4105 3454 4174 ἀξίωμα.
3510 4104 3791 4168 Χαίροις,

2198 4200 2398 4271 σταυρὲ
2415 4217 2427 4230 ·
2466 4200 2558 4253 σοῦ
2584 4200 2690 4271 γὰρ
2717 4201 2868 4253 πᾶσα
2887 4197 3169 4266 διαϐολικὴ
3186 4196 3412 4264 δύναμις
3434 4197 3801 4265 καταϐέϐλϊ,⁸

2195 4304 2306 4353 ται,
2337 4289 2430 4341 καὶ
2482 4290 2633 4342 πᾶσα
2680 4286 2971 4358 δαιμονικὴ
2995 4287 3245 4357 ἐνέργεια
3292 4287 3797 4358 καταπεπάτηται.

514 4376 695 4431 omnis
731 4376 994 4430 diabolica
1036 4387 1280 4446 potestas
1341 4390 1609 4447 prostrata
1655 4394 1760 4448 est,
1804 4394 1858 4438 et
1916 4388 2088 4442 omnis

2195 4376 2441 4447 Χαίροις,
2498 4378 2697 4448 σταυρὲ
2761 4377 2908 4445 ἅγιε·
2941 4377 3030 4429 διὰ
3083 4376 3178 4428 σοῦ
3218 4376 3325 4445 γὰρ
3383 4378 3417 4446 ή
3477 4376 3622 4440 ἁγία
3700 4384 3807 4430 καὶ

515 4467 757 4536 operatio
786 4465 1049 4522 daemonis
1085 4469 1421 4523 conculcata.
1455 4470 1636 4540 Salve,
1690 4490 1825 4529 crux
1880 4488 2087 4545 sancta,

484 4572 615 4627 -per
662 4566 715 4612 te
758 4557 904 4612 enim
963 4568 1151 4612 sancta
1214 4568 1269 4614 et
1312 4565 1787 4622 consubstantialis
1849 4568 2089 4627 Trinitas

514 4649 714 4718 ubique
763 4661 1031 4704 terrarum
1096 4651 1357 4719 creditur,
1416 4665 1688 4722 cantatur,
1753 4659 2084 4729 celebratur,

513 4739 884 4808 glorilieatur,
935 4740 1317 4809 cognoscitur.
1384 4742 1576 4808 Salve,
1643 4761 1814 4813 crux,
1872 4765 1969 4819 per
2034 4761 2085 4806 te

511 4833 655 4887 enim
683 4831 863 4887 omnis
898 4834 1077 4887 anima
1115 4836 1333 4889 Christo
1366 4839 1596 4892 credens
1621 4840 1879 4897 solvatur.

582 4922 763 4988 Salve,
781 4939 911 4978 crux
927 4963 943 4989 ,
977 4941 1071 4992 per
1092 4936 1143 4980 te
1157 4926 1299 4980 enim
1318 4926 1454 4981 bona
1510 4944 1779 4999 nunquam
1802 4935 2092 4995 auferenda

511 5016 820 5070 hominibus
854 5017 1227 5075 conferuntur.
1268 5018 1335 5073 Et
1360 5020 1489 5088 quid
1532 5022 1745 5077 tandem
1805 5026 2046 5085 dicemus
2072 5070 2088 5096 ,

2194 4465 2476 4536 ὀμοούσιος
2532 4467 2702 4537 Τριάς
2756 4467 2815 4519 ὲν
2876 4466 3037 4519 παντὶ
3086 4465 3236 4534 τόπῳ
3280 4464 3635 4527 πιστεύεται,
3692 4469 3806 4517 κεὶ

2194 4556 2404 4628 ᾄδεται,
2428 4559 2701 4629 ὐμνείται,
2734 4556 3095 4625 δοξολογεῐται
3124 4559 3219 4609 καὶ
3249 4556 3607 4626 γνωρίζεται.
3652 4559 3811 4610 Kai-

2198 4663 2333 4717 ροις,
2367 4650 2566 4719 σταυρέ
2589 4666 2603 4680 ·
2656 4648 2745 4701 διὰ
2775 4647 2869 4701 σοῦ
2899 4649 3008 4719 γάρ
3044 4650 3194 4701 πᾶσα
3228 4648 3375 4717 ψυχὴ
3402 4649 3643 4719 Χριστῷ
3700 4667 3810 4703 πις

2200 4739 2469 4793 στεύουσα
2497 4740 2747 4805 σώζεται.

2269 4921 2516 4992 Χαίροις,
2579 4922 2814 4991 σταυρέο
2868 4921 2957 4974 διὰ
3009 4921 3102 4973 σοῦ
3156 4920 3263 4991 γάρ
3315 4922 3384 4973 τά
3429 4921 3819 4993 ἁναφαίρετι

2197 5008 2377 5078 ἀγαθά
2405 5016 2515 5075 τοῖς
2540 5011 2846 5083 ἀνθρώποις
2877 5011 3199 5083 δεδώρηται.
3245 5012 3355 5064 Καὶ
3400 5015 3456 5063 τί
3500 5014 3817 5084 εἴπωμεν,

2014 5121 2254 5180 NOTAE.

510 5208 618 5253 tam
668 5199 907 5282 tradunt,
965 5201 1348 5282 modo_plane
1406 5203 1619 5261 diverso
1679 5211 1749 5263 ab
1822 5211 1930 5273 illo,
1987 5216 2076 5282 qui

505 5270 782 5324 communi
806 5271 1020 5324 Patrum
1058 5282 1112 5325 et
1155 5274 1535 5328 historicorum
1572 5293 1842 5335 consensu
1898 5270 2080 5337 lirnia-

509 5346 619 5419 t_ur.
651 5340 837 5419 Talem
866 5343 1602 5419 narrationemapocrypbis
1633 5346 1846 5406 fabellis
1867 5354 2079 5419 plenam

507 5407 575 5462 de
595 5410 1121 5489 cmucislnvcntione
1160 5407 1390 5489 legimus
1445 5407 1506 5467 in
1567 5407 1936 5489 manuscriplo
1988 5439 2081 5478 co-

505 5480 692 5533 codice
712 5477 1251 5557 Grmco'bibliotheci:
1272 5484 1628 5554 Aogustanaz,
1666 5504 1773 5557 quo
1805 5477 2081 5548 nonnulla:

505 5559 818 5625 sanctorum
876 5548 1007 5601 Vita:
1053 5548 1426 5625 continentur,
1486 5548 1649 5625 quam
1684 5548 1976 5617 'ediditnus
2026 5566 2078 5618 iu

505 5614 677 5693 llorto
703 5630 899 5673 sanctas
921 5622 1109 5684 crucis,
1160 5614 1422 5692 ιιιιιιιξψιει⁷
1457 5614 1582 5681 huic
1638 5614 1876 5685 secundo
1919 5614 2076 5687 tonio

504 5698 855 5758 tnserunnus,
896 5699 955 5744 ut
1021 5694 1066 5746 si
1121 5710 1282 5763 quem
1344 5695 1469 5749 talia
1529 5699 1819 5767 deleCIant,
1877 5705 2074 5759 habeat

2185 5216 2384 5282 quibus
2407 5233 2465 5271 se
2486 5218 2746 5273 oblectet.

2261 5286 2373 5409 (7.2)
2404 5287 2506 5354 Qui
2541 5290 2729 5342 Sclioti
2758 5290 3037 5358 exemplar
3069 5289 3301 5344 contulit
3325 5304 3448 5343 cum
3483 5290 3614 5341 cod.
3650 5289 3821 5361 Cry-

2261 5373 2292 5409 Ε
2367 5370 2586 5409 erratas.
2616 5369 2763 5409 notat
2797 5361 3139 5409 multonlura
3176 5360 3422 5409 encmuia
3476 5360 3531 5409 in
3568 5360 3681 5409 illo
3713 5376 3821 5409 Cn-

2185 5366 2292 5429 pta:
2324 5360 2586 5423 Ferratae,
2616 5369 2763 5413 notat
2797 5361 2969 5414 multo
2988 5362 3139 5429 plura
3176 5360 3422 5414 encomia
3476 5360 3531 5411 in
3568 5360 3681 5413 illo
3713 5360 3830 5413 ci)-

2185 5426 2306 5481 dice
2344 5430 2641 5490 contineri,
2699 5444 2861 5497 quam
2896 5426 3004 5484 sint
3032 5433 3085 5484 in
3119 5431 3357 5498 exempl.
3406 5430 3671 5494 Sclioui,
3723 5434 3829 5483 vel

2185 5500 2353 5549 etiam
2390 5499 2442 5551 in
2500 5499 2785 5559 Bavarico,
2839 5503 2982 5567 quod
3031 5517 3152 5554 cum
3205 5498 3334 5552 Sch.
3390 5499 3514 5552 cod.
3568 5500 3834 5569 ubique

2188 5570 2577 5635 propemodum
2609 5570 2883 5622 convenit.
2923 5570 3138 5624 Utinam
3169 5585 3295 5623 vero
3343 5570 3550 5631 utalia,
3607 5570 3723 5623 ita
3766 5581 3835 5625 et

2187 5639 2366 5691 crucis
2389 5640 2659 5705 praeconia
2691 5640 3005 5694 enotasset!
3041 5655 3153 5693 rem
3188 5640 3290 5709 piis
3312 5652 3548 5709 gratam,
3588 5643 3831 5694 cruci-

2183 5721 2289 5776 que
2318 5709 2673 5765 honoriﬁcam
2700 5711 3061 5778 przestitisset.
