3968 6198
285 299 416 364 όοΐ3

1306 285 1402 344 DE
1431 283 1898 344 INVENTIONE
1935 283 2239 347 SANCTAB
2276 284 2552 350 CRUCIS

3423 283 3566 355 407i

285 413 314 486 ἢ
343 411 396 464 τί
422 403 866 478 παραλίπωμεν;
919 396 1042 461 Πῶς
1075 395 1478 466 ἀνυμνήσωμεν
1508 393 1606 462 τὴν
1631 391 1864 486 δύναμιν

1979 395 2100 462 quid
2127 394 2449 464 loquemur?
2476 399 2755 464 Quomodo
2777 414 2872 471 pro
2886 401 3144 470 dignitate
3171 399 3422 457 Virtutem
3463 403 3566 454 l-'o'

284 478 369 558 τοῦ
399 495 733 556 Δεσποτικοῦ
753 491 1025 564 σταυροῦ;
1059 485 1130 542 Ὦ
1165 487 1336 559 ὄνομα
1369 482 1629 556 σταυροῦ,
1657 487 1716 538 ὲν
1737 478 1781 552 ᾧ
1801 487 1869 538 τά

289 592 548 666 μεγαλεῖα
572 589 682 644 τῶν
741 585 835 640 τοῦ
880 581 1116 655 Χριστοῦ
1174 578 1493 651 μυστηρίων
1525 577 1866 666 κέκρυπται,

286 664 534 754 ἀγγέλοις
601 678 908 745 αἰδέσιμον,
944 671 1040 726 καὶ
1096 667 1404 739 ἀνθρώποις
1445 664 1869 734 σεϐάσμιονιΤί

285 779 387 848 γὰρ
418 769 830 846 ἐρασμιώτερον
865 765 1130 835 ὀνόματος
1158 759 1417 831 σταυροῦ,
1449 758 1710 829 ὴδύτερον
1735 759 1868 827 Χρι-

287 871 550 932 στιανοῖςς
584 863 650 917 Τί
675 863 732 916 δὲ
763 859 956 914 τούτου
982 854 1370 926 ἐνεργέστερον
1401 853 1480 914 είς
1517 849 1866 920 θαυματουρ-

285 963 436 1030 γίαν;
464 956 709 1027 Σταυρδς
747 949 1075 1022 Ἑκκλησίας
1121 945 1394 1017 θεμέλιος.
1440 943 1681 1015 Σταυρδς
1713 943 1866 1004 θείας

283 1049 599 1112 δυναστείας
654 1047 902 1116 σημεῖον.
965 1039 1204 1111 Σταυρδς
1261 1036 1512 1106 ἀγγέλων
1579 1035 1724 1106 χαρὰ
1773 1051 1868 1087 και

284 1143 550 1216 δαιμόνων
587 1139 807 1202 πένθος.
855 1133 1097 1204 Σταυρὺς
1131 1131 1330 1202 δλετὴρ
1367 1128 1661 1200 δαιμόνων.
1691 1128 1865 1182 Σταυ-

289 1239 371 1309 pb;
409 1235 612 1298 παντὸς
641 1232 850 1303 κόσμου
897 1229 925 1282 δ
964 1225 1191 1298 φωστὴρ
1247 1223 1516 1294 ἀειφανὴς
1551 1223 1645 1276 καὶ
1675 1237 1868 1274 παντο-ι

287 1328 446 1397 φαής.
481 1322 722 1394 Σταυρδς
751 1321 929 1390 τεῖχος
949 1315 1309 1387 ἀκράδαντον,
1337 1313 1580 1386 ἀῤῥαγὲς
1609 1313 1705 1366 καὶ
1737 1313 1868 1365 ἀκα-

286 1417 658 1486 ταπολέμητον
691 1412 872 1482 πάσης
893 1410 992 1480 τῆς
1027 1405 1378 1476 οἰκουμένης.
1409 1403 1648 1474 Σταυρὸς
1677 1404 1865 1474 ἱερέων

287 1507 409 1577 δόξα
441 1507 536 1560 καὶ
569 1505 792 1577 κράτος.
830 1499 1071 1570 Σταυρὸς
1114 1495 1495 1564 στρατοπέδων
1539 1495 1862 1564 παντευχία.

281 1575 525 1670 ’Σταυρὸς
582 1575 790 1659 πόλεως
857 1591 1107 1664 φυλακτή
1119 1607 1252 1660 ριον.
1316 1589 1556 1660 Σταυρὺς
1613 1587 1863 1642 διαϐόλου

287 1691 629 1762 πανολεθρία.
657 1687 897 1758 Σταυρδς
918 1683 1066 1740 λαῶν
1099 1680 1432 1752 εὐφροσύνη.
1463 1681 1700 1753 Σταυρδς
1729 1681 1864 1750 Χρι-

1977 487 2186 542 minicae
2221 490 2404 544 crucis
2437 492 2878 548 celebrabimus?
2917 493 2962 550 Ο
3015 496 3194 550 crucis
3234 502 3467 560 nomen”,
3511 497 3564 546 in

1976 592 2083 646 quo
2113 582 2381 649 magnalia
2415 586 2794 652 mysteriorum
2833 586 3034 640 Christi
3067 589 3381 643 abscondita
3403 605 3528 649 sunt
3550 627 3564 653 ,

1973 671 2178 740 angelis
2199 677 2554 729 reverendum
2577 677 2996 749 hominibusque
3010 686 3372 740 venerandum
3392 688 3406 742 ι
3429 686 3569 752 Quid

1971 764 2118 816 enim
2160 766 2450 820 amabilius
2486 777 2570 821 est
2623 771 2838 825 nomine
2893 775 3106 836 crucis.
3161 777 3288 846 quid
3349 779 3568 833 suavius

1971 853 2318 911 Christianis?
2341 857 2480 922 Quid
2503 873 2630 912 vero
2659 876 2720 916 ea
2751 868 3024 930 potentius
3069 869 3135 922 ad
3161 869 3418 924 miracula
3440 888 3569 943 ope-

1973 946 2167 1000 randa?
2189 948 2334 1002 Crux
2356 947 2609 1006 Ecclesia:
2627 964 2707 1008 est
2737 953 3170 1014 fundamentum.
3195 961 3337 1016 Crux
3368 965 3572 1033 princi-

1971 1048 2128 1104 patus
2165 1037 2444 1092 iudicium.
2507 1039 2650 1095 Crux
2681 1043 2993 1114 angelorum
3041 1049 3287 1120 voluptas
3311 1091 3326 1113 .
3367 1053 3567 1106 daein-o-

1973 1144 2099 1181 num
2144 1129 2313 1184 dolor.
2346 1131 2490 1186 Crux
2556 1135 2826 1202 pernicies
2866 1139 3105 1210 diaboli;
3151 1145 3316 1200 totius
3386 1148 3568 1201 num-li

1970 1232 2201 1286 astrum,
2248 1238 2464 1292 semper
2501 1236 2555 1280 et
2609 1229 2805 1298 ubique
2837 1233 3218 1301 resplendeus.
3259 1237 3404 1292 Crux
3451 1256 3570 1294 nnt-

1926 1332 1932 1338 ο
1973 1327 2062 1364 tus
2103 1314 2536 1372 ittconvuisibilis
2583 1329 2640 1374 et
2702 1323 3136 1394 inexpugnabilis
3176 1330 3337 1385 totius
3395 1334 3566 1388 orbis.

1969 1403 2109 1456 Crux
2135 1407 2474 1464 sacerdotum
2513 1411 2682 1480 gloria
2721 1422 2777 1468 et
2811 1416 2995 1474 robur.
3029 1417 3177 1474 Crux
3227 1425 3567 1480 exercituum

1969 1505 2264 1552 armatura.
2301 1494 2443 1551 Crux
2479 1502 2714 1558 civitatis
2751 1506 3080 1572 prmsidium.
3132 1507 3274 1564 Crux
3334 1513 3555 1584 populo-

1970 1597 2087 1636 tum
2105 1588 2380 1654 gaudium.
2393 1592 2535 1648 Crux
2554 1593 2982 1652 Christianorum
2998 1615 3140 1670 spes.
3154 1601 3300 1658 Crux
3315 1617 3581 1676 aegrotan—

1971 1672 2105 1728 tium
2132 1678 2389 1734 medicus.
2412 1681 2552 1736 Crux
2579 1685 3038 1743 heuehahcutiutn
3067 1672 3389 1748 ﬁrmissima
3403 1696 3570 1751 salus.

289 1783 518 1840 στιανῶν
533 1781 710 1845 ἐλπίς.
735 1776 974 1848 Σταυρδς
999 1773 1373 1830 ἀσθενούντων
1400 1772 1607 1842 ἱατρός.
1633 1771 1872 1840 Σταυρδς

1979 1771 2120 1827 Crux
2159 1771 2616 1848 inaul'ragantimn
2676 1792 2882 1849 portus.
2941 1781 3570 1854 ῦτιιχ,1›ε11ίεει·ιιιιιὶιιιιι

287 1875 652 1932 εὐεκτούντων
690 1872 1028 1933 ἀδιάπτωτος
1068 1867 1272 1937 ὑγίεια.
1311 1865 1552 1936 Σταυρὺς
1611 1863 1870 1934 χειμαζο-

288 1969 528 2042 ζομένων
607 1965 796 2037 λιμήν.
879 1962 1118 2035 Σταυρδς
1173 1957 1596 2031 πολεμουμένων
1656 1957 1869 2028 εἰρήνη.

287 2061 525 2131 Σταυρδς
572 2057 867 2132 ὀρθοδόξων
893 2044 1158 2126 καύχημα
1201 2049 1598 2122 καυχημάτων.
1627 2048 1870 2118 Σταυρος

287 2153 729 2224 εἰδωλολατρείας
758 2149 1079 2212 κατάλυσις,
1109 2145 1203 2199 καὶ
1225 2143 1509 2206 εὐσεϐείας
1542 2141 1863 2211 ἀνύρθωσις.

286 2244 525 2317 Σταυρδς
579 2241 879 2313 παρθενίας
943 2237 1284 2302 διδάσκαλος,
1351 2235 1445 2288 καὶ
1512 2232 1868 2304 σωφροσύνης

1981 1883 2106 1938 pax.
2123 1868 2269 1924 Crux
2287 1869 2710 1928 orthodoxortnn
2739 1875 2991 1945 gloriatio
3005 1878 3407 1947 gloriatiouutn.
3423 1882 3572 1938 Crux

1981 1962 2296 2019 idololatriae
2313 1964 2534 2033 solutio,
2569 1967 2784 2036 pietatis
2811 1969 3152 2025 instauratio.
3181 1971 3327 2028 Crux
3348 1975 3572 2045 Virginia-

1979 2054 2102 2106 Iatis
2129 2054 2410 2126 magiSIra,
2446 2067 2498 2110 et
2522 2059 2892 2126 temperantiae
2919 2073 3125 2118 custos.
3145 2063 3286 2118 Crux
3302 2064 3568 2134 iustorum

1977 2148 2086 2194 tuta
2115 2141 2379 2212 defensio,
2411 2155 2462 2200 et
2483 2159 2822 2216 peccatorum
2843 2152 3184 2218 ptnnitentia.
3208 2152 3353 2208 Crux
3379 2170 3570 2210 mona-

1973 2231 2196 2288 chorum
2221 2247 2598 2293 ornamentum
2630 2241 2822 2310 pieque
2854 2243 3144 2298 viventium
3183 2246 3370 2315 gloria.

287 2337 479 2409 φύλαξ.
512 2333 753 2406 Σταυρδς
801 2332 1026 2386 δικαίων
1059 2329 1327 2398 ἀσφάλεια
1387 2327 1480 2380 καὶ
1523 2324 1862 2396 ἁμαρτωλῶν
1903 2325 2181 2395 μετάνοια.
2246 2327 2484 2396 Σταυρδς
2561 2330 2905 2400 μοναζόντων
2953 2335 3410 2410 ἐγκα).>.ὠπισμα,
3478 2343 3576 2398 καὶ

289 2433 500 2504 σεμνῶς
535 2431 794 2503 βιούντων
819 2428 966 2496 δόξα.

355 2528 594 2600 Σταυρὸς
639 2524 848 2596 νηπίων
909 2521 1106 2592 φύλαξ,
1164 2522 1254 2575 καὶ
1333 2521 1470 2575 νέων
1521 2518 1868 2591 σωφροσύνη,

289 2621 382 2674 καὶ
409 2619 682 2692 γερόντων
709 2615 1005 2688 βακτηρία.
1037 2613 1280 2685 Σταυρδς
1321 2612 1554 2683 πτωχῶν
1593 2611 1874 2680 ἐδαπάνη-

287 2729 376 2774 τος
407 2709 656 2774 πλοῦτος,
681 2707 1117 2779 πεπλανημένων
1167 2703 1414 2776 ἀπλανὴς
1451 2703 1666 2774 ὀδηγός.
1696 2703 1870 2755 Σταυ-
1907 2711 1912 2715 ’

289 2803 378 2873 ρὸς
403 2800 710 2862 ἀνάπαυσις
751 2800 808 2851 ὲν
851 2799 1042 2860 κόποις
1071 2797 1375 2868 ήμερινοῖς.
1417 2785 1658 2864 Σταυρὺς
1698 2791 1870 2846 ἐθνῶν

286 2891 510 2960 εὐταξία
543 2891 638 2945 καὶ
701 2889 906 2952 παντὸς
953 2887 1050 2942 τοῦ
1106 2887 1312 2957 κόσμου
1359 2884 1592 2956 γαλήνη.
1639 2884 1751 2936 Καὶ
1814 2881 1869 2934 τί

288 2988 447 3052 εἴπω,
479 2986 514 3056 ἢ
565 2985 620 3039 τί
655 2984 1094 3054 παραλίπωμεν;
1136 2983 1169 3054 ἢ
1207 2983 1325 3046 πῶς
1360 2997 1418 3034 σε
1446 2981 1868 3053 ἀνυμνήσωμεν,

293 3079 491 3148 σταυρὲ
520 3075 816 3144 ἀγιώτατε.
849 3076 970 3128 Ὅτι
997 3076 1057 3130 σὲ
1087 3076 1249 3144 μόνον
1282 3075 1390 3128 ἀπὸ
1423 3074 1602 3145 πάσης
1642 3075 1873 3137 κτίσεως

2047 2515 2192 2571 Crux
2207 2513 2548 2586 parvulorum
2569 2518 2854 2580 servatrix,
2871 2517 3131 2587 juventun
3155 2523 3464 2592 prudeuua,
3486 2540 3570 2579 se-

1981 2623 2105 2663 num
2137 2609 2586 2666 sustentaculum.
2625 2611 2767 2666 Crux
2801 2614 3217 2670 mendicantiqu
3239 2617 3572 2675 inexhausta:

1975 2703 2195 2756 divitiae.
2216 2701 2358 2756 Crux
2386 2702 2683 2756 errantium
2705 2706 2803 2758 viae
2821 2705 2978 2761 index
2999 2708 3328 2765 certissima.
3357 2709 3499 2767 Crux
3516 2713 3568 2766 in

1975 2792 2482 2862 laborequotidiano
2497 2795 2883 2865 requies.Crux
2901 2799 3179 2854 nationum
3191 2801 3498 2874 disciplina,
3516 2815 3572 2860 et

1981 2883 2162 2936 mttttdi
2183 2883 2414 2938 universi
2432 2883 2638 2940 laetitia.
2660 2887 2725 2940 Et
2741 2888 2866 2956 quid
2883 2889 3094 2946 tandem
3117 2891 3316 2962 dicam,
3335 2897 3568 2966 autquid

1981 2977 2225 3030 omittam
2248 2985 2338 3030 attl
2359 2980 2628 3048 quomodo
2649 2980 2806 3050 digne
2823 2993 2872 3038 te
2889 2982 3175 3040 celebrabo
3191 2985 3301 3040 ?Te
3315 2989 3459 3042 enim
3479 3003 3572 3043 so-

1981 3068 2084 3122 lam
2103 3069 2213 3125 Rex
2237 3085 2301 3124 ex
2315 3069 2460 3124 onmi
2480 3081 2729 3126 creatura
2745 3073 2903 3144 elegit
2923 3083 2976 3129 et
2994 3075 3124 3131 fecit
3139 3086 3471 3132 armaturam
3493 3080 3572 3132 in-

288 3169 319 3222 ὁ
344 3169 598 3239 βασιλεὺς
630 3167 940 3240 ᾑρετίσατο,
992 3168 1090 3221 καὶ
1137 3167 1408 3234 ἀνέδειξεν
1445 3166 1606 3220 ὅπλον
1632 3168 1870 3238 ἀήτητον

1979 3163 2388 3234 expugnabilem
2419 3175 2607 3220 contra
2635 3165 2903 3224 diabolum
2923 3183 2988 3224 ac
3007 3179 3232 3226 mortem
3257 3189 3272 3238 ;
3301 3173 3569 3240 quamob-

291 3261 434 3318 κατά
464 3260 556 3316 τοῦ
582 3261 828 3316 διαϐόλου
889 3262 986 3316 καὶ
1031 3261 1124 3316 τοῦ
1163 3261 1420 3317 θανάτου.
1469 3261 1561 3315 Διὸ
1609 3261 1874 3332 μακάριοι

291 3355 494 3420 πάντες
543 3356 595 3409 οἱ
653 3355 1087 3422 καταξιωθέντες
1149 3355 1278 3408 ίδεῖν
1321 3355 1422 3425 τὴν
1454 3354 1551 3424 σὴν
1579 3354 1866 3418 ἀνάδειξιν.

291 3451 364 3503 Συ
409 3445 462 3501 εί
509 3449 616 3501 τῶν
671 3447 976 3519 προφητῶν
1029 3447 1091 3500 τὸ
1133 3448 1421 3518 κήρυγμα.
1464 3445 1600 3517 Περὶ
1635 3445 1730 3498 σοῦ
1768 3443 1872 3514 γὰρ

290 3537 690 3610 ἀγαλλιώμενοι
720 3539 992 3610 ὁσημέραι
1021 3539 1306 3594 κελαδοῦσι
1330 3539 1580 3607 λέγοντες
1621 3536 1757 3607 πρὸς
1783 3537 1875 3589 τὸν

289 3631 446 3694 Θεὸν,
477 3647 496 3681 ι
541 3629 790 3694 Ἐδωκας
821 3633 932 3693 τοῖς
979 3629 1337 3700 φοϐουμένοις
1363 3646 1422 3682 σε
1459 3627 1758 3698 σημείωσιν
1778 3625 1873 3680 τοῦ

289 3725 485 3794 φυγεῖν
515 3722 624 3778 ἀπὸ
645 3724 940 3792 προσώπου
969 3721 1146 3786 τόξου.
1180 3741 1198 3774 ι
1235 3722 1306 3775 Συ
1327 3717 1377 3774 εἷ
1393 3721 1452 3774 τὸ
1483 3719 1746 3792 καύχημα
1765 3720 1876 3773 τῶν

287 3815 604 3874 ἀποστόλων
625 3831 641 3846 ·
669 3813 1032 3876 ἀδιαλείπτως
1079 3813 1190 3885 γὰρ
1218 3812 1385 3884 βοῶσι
1417 3812 1484 3866 δι’
1527 3811 1646 3876 ἑνὸς
1696 3810 1876 3866 αὐτῶν

291 3911 671 3982 ἱεροκήρυκος,
709 3925 725 3959 ι
775 3906 934 3976 Ἐμοὶ
987 3906 1044 3960 δὲ
1091 3907 1168 3976 μὴ
1198 3907 1410 3975 γένοιτο
1459 3903 1786 3975 καυχᾶσθαι,
1825 3903 1876 3956 εί

291 4001 372 4073 μὴ
395 4003 453 4054 ὲν
475 3999 554 4070 τῷ
579 3998 799 4071 σταυρῷ
821 3998 914 4052 τοῦ
937 3998 1168 4068 Κυρίου.
1203 4018 1220 4050 ι
1250 3998 1322 4051 Σὺ
1357 3994 1408 4052 εἷ
1435 3997 1544 4051 τῶν
1581 3995 1876 4067 μαρτύρων

291 4093 510 4162 στέφος.
537 4092 612 4144 Σὺ
667 4085 720 4144 εἷ
773 4089 836 4143 τὸ
891 4089 1156 4160 καύχημα
1186 4089 1294 4142 τῶν
1321 4091 1378 4142 ἐν
1409 4089 1559 4160 ὄρεσι
1597 4087 1692 4142 καὶ
1734 4104 1876 4158 σπηο

253 4228 256 4230 .
287 4183 488 4248 λαίοις,
519 4183 614 4236 καὶ
647 4184 768 4247 ταῖς
815 4181 979 4244 όπαῖς
1019 4183 1118 4251 τῆς
1151 4181 1255 4254 γῆς
1284 4182 1384 4252 τὴν
1423 4181 1600 4252 σάρκα
1627 4197 1876 4252 σταυρω-

290 4277 502 4330 σάντων
547 4276 646 4328 σὺν
707 4277 820 4339 τοῖς
878 4275 1167 4346 παθήμασι
1217 4273 1312 4328 καλ⁵
1360 4275 1480 4338 ταῖς
1530 4271 1869 4341 ἐπιθυμίαις.

288 4369 358 4422 Ὢ
377 4367 477 4434 τῆς
507 4365 880 4436 ἀνεκλαλήτου
930 4368 1107 4438 χαρᾶς
1137 4363 1474 4420 Δεσποτικοῦ
1510 4363 1746 4436 σταυροῦ
1771 4365 1783 4418 !
1813 4364 1876 4416 Ὢ

283 4457 398 4510 τῶν
435 4458 492 4510 ὲν
528 4455 684 4526 αὐτῷ
721 4457 1129 4528 ἀκαταλήπτων
1181 4454 1521 4527 μυστηρίων,
1557 4455 1653 4509 καὶ
1691 4455 1778 4507 ἵνα
1814 4452 1876 4506 τὸ
1911 4495 1953 4549 D

283 4547 382 4602 τοῦ
429 4547 753 4603 Ἀποστόλου
785 4548 1130 4620 φθέγξωμαι,
1163 4566 1182 4599 ι
1218 4543 1290 4600 Ὠ
1313 4545 1476 4616 βάθος
1505 4543 1740 4600 πλούτου
1780 4544 1876 4598 καὶ

288 4640 484 4710 σοφίας
513 4641 610 4695 καὶ
633 4641 890 4709 γνώσεως
909 4640 1070 4706 Θεοῦ,
1097 4639 1171 4703 ὡς
1211 4639 1609 4712 ἀνεξερεύνητα
1643 4637 1714 4692 τὰ
1753 4637 1878 4708 κρί-

289 4748 442 4802 ματα
467 4733 632 4786 αύτοῦ
653 4734 700 4786 lt
727 4733 882 4803 Παρὰ
905 4732 1015 4802 γὰρ
1030 4729 1124 4784 τοῦ
1143 4731 1300 4798 ξύλου
1318 4730 1706 4800 νεκρωθέντες,
1727 4727 1878 4800 παρά

286 4821 388 4875 τοῦ
419 4821 576 4888 ξύλου
607 4827 706 4895 τῆς
741 4825 1126 4894 κατακρίσεως
1173 4822 1646 4893 ἐζωοποιήθημεν.
1684 4821 1748 4872 Ὢ
1777 4821 1880 4891 τῆς

285 4913 535 4984 ἀμέτρου
561 4915 783 4987 χάριτος
812 4916 907 4970 τοῦ
935 4913 1230 4978 δεδωκότος
1253 4915 1265 4967 !
1785 4987 1794 4997 _

363 5006 494 5058 Δέον
520 5002 780 5079 οὗνὴμᾶς
807 5007 906 5078 τὴν
966 5007 1262 5078 πανέορτον
1293 5005 1498 5079 ταύτην
1543 5005 1738 5078 ἑορτὴν
1776 5022 1872 5058 συ-

287 5095 599 5167 στήσασθαι
636 5115 654 5148 ι
683 5097 740 5151 ὲν
767 5099 878 5161 τοῖς
903 5097 1239 5162 πυκάζουσιν
1265 5097 1399 5170 (74),
1432 5099 1537 5162 ἕως
1569 5093 1680 5150 τῶν
1710 5097 1874 5168 κερά-

283 5205 400 5242 των
449 5187 546 5242 τοῦ
596 5187 1007 5261 θυσιαστηρίου.
1066 5209 1086 5243 ι
1140 5191 1482 5256 Πυκάξοντες
1507 5189 1563 5242 δέ
1594 5191 1754 5253 εἰσιν,
1794 5187 1872 5253 ὣς

283 5296 459 5348 φασιν
483 5282 533 5334 οἱ
559 5282 688 5354 περὶ
710 5283 884 5337 ταῦτα
911 5281 1098 5349 δεινοὶ,
1120 5285 1188 5336 τὰ
1214 5281 1272 5350 ἐξ
1295 5283 1552 5354 ἀμελείας
1581 5282 1613 5352 ἢ
1647 5281 1874 5335 παλαιόε

362 5411 410 5445 “
441 5414 591 5468 Psal.
628 5431 736 5476 ιιι,
766 5417 820 5472 6.

1979 3269 2090 3306 rem
2121 3254 2260 3308 beati
2296 3254 2348 3309 in
2375 3255 2654 3325 primisilli
2687 3271 2877 3314 omnes
2898 3259 2988 3329 qui
3009 3259 3154 3330 digni
3181 3260 3346 3316 habiti
3366 3271 3490 3317 sunt
3519 3273 3570 3316 te

1978 3344 2198 3398 intueri.
2217 3343 2294 3398 Tu
2315 3349 2698 3418 prophetarum
2721 3363 2780 3402 es
2799 3351 3108 3418 prophetia,
3127 3351 3194 3408 de
3211 3362 3262 3406 te
3273 3353 3419 3406 enim
3439 3367 3570 3409 cou-

1979 3435 2144 3490 tinuis
2163 3437 2790 3505 vocibusproclamautes
2805 3440 3054 3508 ath-ttm
3075 3441 3352 3513 inquiunt:
3375 3442 3567 3500 «Dedi-

1979 3524 2046 3578 sti
2081 3529 2446 3583 metuentibus
2478 3539 2528 3583 te
2559 3529 3026 3600 signiﬁcationem,
3049 3533 3332 3602 ulfugiaut
3363 3549 3391 3588 ε
3426 3533 3567 3590 facie

1979 3617 2194 3669 arcus"
2261 3619 2340 3672 Tu
2373 3633 2432 3672 es
2451 3620 2739 3674 exsultatio
2759 3623 3161 3692 apostolorum;
3201 3625 3566 3682 indesinenter

1978 3705 2120 3760 enim
2137 3709 2296 3762 unius
2311 3725 2374 3762 ex
2395 3711 2500 3765 illis
2513 3725 2605 3765 ore
2618 3711 2858 3767 clamant
2875 3731 2888 3768 :
2912 3713 3068 3769 «Mihi
3091 3724 3268 3772 autem
3288 3717 3426 3774 absit
3444 3721 3562 3790 glo-

1978 3799 2109 3853 riari
2147 3799 2248 3855 nisi
2267 3801 2317 3854 in
2332 3817 2491 3856 cruce
2505 3801 2817 3860 D0tuitti”.r
2841 3805 2920 3861 Tu
2935 3822 2996 3862 es
3015 3817 3310 3881 martyrum
3325 3825 3561 3880 corona;

1981 3901 2034 3946 ttt
2058 3908 2117 3948 es
2139 3895 2384 3964 voluptas
2410 3909 2596 3950 eorum
2617 3937 2633 3964 ,
2665 3899 2760 3969 qui
2791 3899 2844 3954 in
2871 3899 3142 3959 montibus
3161 3944 3176 3971 ,
3207 3903 3481 3976 speluncis
3499 3920 3564 3962 ac

1980 3994 2137 4040 terra:
2160 3988 2408 4042 cavernis
2431 3991 2992 4064 carnemﬁcruci-liguut
3010 4010 3132 4051 cum
3149 3996 3490 4066 passionibus
3509 4009 3564 4054 et

1979 4080 2433 4149 concopiscentiis
2457 4083 2588 4138 suis.
2604 4083 2649 4140 Ο
2667 4084 2952 4144 iueﬂ‘abilis
2965 4089 3258 4144 Dominica‘.
3274 4091 3455 4146 crucis
3471 4105 3568 4146 vo-

1981 4173 2187 4242 luptas!
2209 4173 2253 4228 0
2269 4177 2658 4242 memorabilia,
2681 4195 2798 4248 qua:
2816 4181 2867 4236 in
2881 4197 2942 4235 ea
2963 4183 3275 4239 abscondita
3295 4195 3440 4250 sunt,
3455 4201 3565 4254 my-

1981 4269 2144 4323 5teria
2163 4271 2176 4323 i
2196 4271 2445 4340 denique,
2471 4283 2528 4328 ut
2549 4289 2673 4328 cum
2693 4275 2950 4346 Apostolo
2967 4278 3143 4332 dicam
3180 4298 3194 4334 :
3219 4297 3238 4330 ι
3265 4277 3312 4334 Ο
3333 4279 3564 4336 altitudo

1979 4358 2292 4415 divitiarum
2307 4364 2590 4434 sapientiae
2604 4377 2656 4422 et
2669 4367 2912 4424 scientia:
2929 4368 3050 4426 Dei!
3073 4387 3234 4443 quam
3255 4374 3564 4444 incompre-

1981 4451 2270 4508 hensibilia
2307 4466 2435 4510 sunt
2475 4457 2680 4526 judicia
2725 4460 2934 4530 ejus“!
2963 4482 2983 4514 ι
3025 4463 3128 4520 Per
3173 4447 3376 4538 lignum
3415 4466 3560 4522 enim

1982 4547 2148 4602 semel
2169 4550 2498 4618 mortiiicati,
2521 4566 2710 4608 rursus
2735 4555 3042 4627 perlignum
3062 4573 3090 4611 a
3115 4559 3562 4617 rondemnatione

1979 4640 2232 4694 viviﬁcati
2266 4658 2476 4698 sumus.
2502 4641 2545 4699 Ο
2574 4645 2832 4702 immensa
2857 4651 3025 4719 gratia
3047 4651 3183 4722 ejus,
3217 4653 3306 4722 qui
3335 4669 3433 4709 nos
3452 4655 3562 4710 sal-

1983 4733 2144 4796 vavit,
2189 4733 2428 4788 Domini!

2049 4996 2285 5069 Aiqttum
2313 4999 2494 5071 itaque
2509 5011 2610 5068 est,
2635 5009 2688 5058 ut
2703 5003 2842 5060 hanc
2859 5003 2996 5060 diem
3017 5007 3254 5064 omnium
3273 5009 3558 5068 solemnis-

1979 5091 2171 5145 simam
2206 5108 2225 5140 ι
2253 5091 2302 5146 in
2329 5093 2619 5148 condensis
2648 5099 3063 5163 coustituaums,
3087 5116 3252 5169 tuque
3274 5101 3338 5156 ad
3357 5119 3557 5160 cornua

1979 5185 2244 5240 altaris".
2274 5205 2293 5239 ι
2323 5185 2605 5242 Condcnsa
2629 5190 2952 5246 vcrodicuut
2984 5233 2999 5257 ,
3033 5195 3122 5264 qui
3161 5195 3350 5248 harum
3379 5212 3556 5250 rerum

1983 5279 2138 5349 periti
2179 5288 2346 5347 suat,
2367 5295 2428 5335 ca
2461 5295 2581 5352 qua:
2605 5321 2624 5350 ,
2663 5297 2760 5352 per
2788 5285 3091 5355 neglectum
3123 5302 3187 5342 ac
3233 5297 3557 5344 vetustatem

935 5419 978 5450 ’θ
1009 5417 1053 5472 C
1075 5419 1188 5472 dat.
1215 5434 1290 5484 vr,
1323 5417 1413 5472 14.
1473 5416 1518 5448 ⁸ο
1547 5416 1706 5472 Rom.
1749 5432 1821 5480 ιιι,
1855 5415 1943 5471 '55.
2020 5418 2063 5449 ⁸³
2090 5415 2235 5472 Psal.
2262 5416 2534 5481 cxvtt,27.

1817 5509 2048 5569 NOTIE.

358 5602 471 5674 (Ἠ)
491 5607 856 5680 Πυκάζουσιν.
885 5609 1100 5665 Scholia
1120 5609 1307 5666 Grmca
1330 5611 1601 5680 explicant
1624 5610 1874 5674 σκιάζον-

282 5687 400 5736 σιν,
429 5677 1149 5750 καλύπτουσιν,κοσμοῦσιν.
1187 5677 1413 5734 \idetur
1460 5695 1638 5734 autem
1690 5683 1871 5744 legen-

281 5745 417 5799 dum
454 5748 792 5814 πνκάζοντα,
814 5769 908 5822 pro
931 5745 1266 5815 πυκάζοντες
1287 5764 1341 5804 ιιι
1360 5751 1498 5806 infra
1521 5751 1627 5808 cui.
1647 5752 1786 5806 4085
1809 5753 1870 5806 D.

577 5847 848 5909 "PATROL.
881 5850 995 5908 Cn.
1033 5849 1378 5912 LXXXV”.

1987 5609 2263 5663 llactenus
2289 5608 2342 5661 in
2369 5608 2763 5673 Alexandrum,
2785 5610 2875 5678 qui
2913 5619 3058 5664 totus
3081 5627 3140 5663 rx
3176 5611 3396 5668 Polluce
3424 5629 3562 5671 con-

1983 5689 2424 5751 textusestaut
2465 5680 2554 5732 ille
2607 5697 2672 5735 ex
2710 5681 2833 5745 hoc,
2879 5691 2971 5735 aut
3001 5693 3227 5749 ttlt'rqtto:
3276 5702 3338 5737 t-x
3373 5688 3563 5751 tertio,

1981 5759 2041 5804 ut
2074 5749 2227 5804 initio
2267 5750 2400 5818 dixi,
2449 5764 2674 5822 excrpto
2728 5762 2906 5808 tameu
2937 5755 3170 5824 epilogo,
3196 5749 3569 5824 t-tptiucipio.

3055 5853 3167 5916 123
