3968 6198
384 245 540 311 »4079

1634 255 2079 316 ALEXAND!”
2130 256 2471 316 MONACHI

3542 254 3683 321 4080

406 361 580 414 Etiam
600 361 731 414 alios
756 361 1039 431 episcopos
1066 371 1144 418 est
1167 364 1510 427 adhortatus,
1535 376 1587 418 ut
1611 378 1813 434 peteret
1833 384 1985 423 unus-

2101 369 2502 440 προετρέψατο,
2540 366 2890 438 αἰτήσασθαι,
2925 367 2978 418 εί
3019 382 3073 420 τι
3116 368 3314 438 συνορᾷ
3340 368 3419 432 εις
3448 368 3691 442 ἀπαρτι-

407 454 666 522 quisque,
696 454 838 522 quod
865 452 931 506 ad
967 453 1360 520 perfectionem
1393 472 1503 510 sure
1532 457 1784 513 Ecclesia:
1806 477 1987 516 neces-

402 542 602 594 sarium
627 552 1024 595 esstrcertvcret.
1051 541 1319 610 Agebatur
1339 552 1517 595 autem
1542 544 1783 601 decimus
1817 566 1988 603 nonus

404 634 615 701 inperii
647 635 763 698 ejus
792 650 985 701 annus,
1035 636 1251 705 quando
1306 635 1446 692 facta
1495 648 1576 692 est
1619 640 1856 708 synodus
1894 640 1986 694 Ni-

402 743 570 781 Cﬂ‘llﬂ.
980 777 992 788 ,

472 817 715 873 Posthac
744 820 891 875 misit
926 820 1222 889 imperator
1248 833 1477 880 matrem
1513 840 1665 882 suam
1690 826 1949 884 Helenam
1971 870 1984 894 ,

400 907 682 963 mulierem
723 912 870 966 omni
911 911 1129 967 laudum
1160 930 1358 983 genere
1378 918 1751 986 dignissimam
1788 920 1988 991 Deique

401 1001 823 1057 amantissimam
842 1043 856 1067 ,
874 1019 996 1058 cum
1018 1004 1210 1059 litteris
1225 1049 1238 1070 ,
1270 1023 1570 1078 magnaque
1591 1012 1829 1080 pecunia:
1848 1013 1897 1067 vi
1920 1012 1985 1066 ad

401 1093 696 1148 Macarium
727 1096 922 1148 merito
943 1096 1045 1150 hoc
1078 1097 1295 1153 nomine
1321 1100 1632 1170 insignitum
1655 1144 1671 1166 ,
1693 1101 1986 1157 (Eliensem

397 1186 708 1256 episcopum
731 1228 745 1251 ,
783 1196 839 1241 ut
897 1204 999 1242 ttna
1040 1205 1162 1243 cum
1195 1182 1273 1243 eoi
1298 1172 1566 1245 viviticmn
1598 1193 1799 1264 lignum
1834 1195 1987 1249 inve-

397 1278 619 1347 stigaret
647 1292 913 1348 sacraque
941 1280 1183 1336 adiﬁciis
1207 1293 1514 1347 exornaret,
1549 1287 1778 1355 idipsmu
1822 1302 1987 1357 expu-

396 1378 583 1424 scente
624 1371 1007 1440 imperatrice,
1047 1385 1431 1444 asserenteque
1469 1378 1703 1432 divinam
1721 1379 1983 1434 visionem

395 1461 496 1515 sibi
530 1462 765 1517 oblatam
785 1505 802 1530 ,
828 1478 949 1533 quas
982 1466 1229 1535 jusserit,
1273 1479 1330 1523 ut
1370 1468 1739 1540 Hierosolyma
1757 1486 1875 1526 sese
1901 1488 1984 1526 re-

394 1550 597 1622 ciperet
620 1592 635 1617 ,
667 1565 721 1610 et
748 1571 903 1611 sacra
938 1556 1053 1613 loca
1083 1558 1151 1612 ab
1184 1559 1442 1627 improbis
1487 1562 1678 1616 obruta
1699 1602 1714 1627 ,
1740 1572 1795 1617 et
1836 1572 1984 1617 lauto

395 1653 642 1715 tempore
690 1663 755 1704 ex
792 1650 1071 1704 hominum
1112 1652 1419 1723 cognitione
1469 1662 1653 1723 erepta
1695 1655 1747 1709 in
1808 1654 1979 1711 lucem

393 1736 665 1790 educeret.

466 1827 765 1899 EpiscOpus
794 1840 974 1887 autem
994 1873 1008 1895 ,
1049 1833 1135 1888 ubi
1162 1835 1426 1890 intellexit
1446 1836 1840 1907 imperalricem
1864 1841 1975 1907 jam

394 1921 720 1988 adventare,
755 1939 875 1978 cum
906 1929 1459 1995 eomproviucialibus
1500 1932 1768 2003 episcopis
1792 1934 1976 1991 debito

393 2029 514 2067 cum
548 2015 752 2071 honore
790 2017 1004 2073 obviam
1062 2022 1347 2090 processit.
1399 2023 1593 2078 Statim
1626 2039 1756 2080 vero
1783 2026 1863 2081 eis
1893 2026 1980 2080 in-

378 2106 569 2179 jungit
592 2151 607 2175 ,
628 2119 684 2165 ut
705 2114 770 2165 ad
793 2112 1172 2169 inveniendum
1191 2117 1552 2171 desideratum
1575 2119 1752 2173 crucis
1776 2118 1977 2189 lignum

393 2214 453 2253 se
484 2210 625 2256 totos
655 2204 866 2258 darent.
894 2203 1274 2262 Dubitantibus
1297 2222 1427 2263 vero
1448 2210 1704 2265 omnibus
1727 2224 1887 2278 super
1904 2210 1981 2263 lo-

395 2307 485 2359 co,
531 2293 759 2365 aliisque
788 2297 933 2351 aliud
963 2313 1028 2352 ex
1065 2302 1373 2369 suspicione
1404 2304 1978 2367 commemorantibus,

396 2384 665 2442 Macarius
696 2404 884 2446 omnes
916 2393 1100 2462 quieto
1136 2408 1260 2449 esse
1287 2393 1449 2461 jussit
1476 2397 1657 2451 animo
1689 2406 1742 2452 et
1766 2397 1982 2452 sedulus

398 2480 506 2532 Deo
522 2495 711 2549 preces
734 2481 947 2538 oﬂ'crre.
976 2484 1093 2552 Quo
1124 2485 1284 2550 facto,
1313 2486 1597 2542 confestim
1622 2488 1980 2544 divinitus'lo-

396 2587 493 2625 cus
517 2573 602 2627 ille
628 2574 881 2645 episc0po
907 2578 1177 2633 revelatus
1192 2589 1297 2641 est,
1319 2580 1372 2634 in
1396 2581 1790 2650 quoproposita
1825 2591 1985 2637 erant

397 2663 747 2733 impurissimi
804 2668 1064 2724 daemonis
1088 2669 1341 2740 templum
1370 2680 1424 2726 et
1450 2670 1673 2743 eﬂigics.

476 2843 628 2900 'l‘unc
684 2846 1019 2915 imperatrix,
1064 2849 1407 2921 imperatoria
1443 2861 1601 2908 utens
1639 2854 1981 2919 auctoritate,

397 2953 591 3008 magno
634 2954 860 2994 numero
894 2943 1145 3010 opiﬁcum
1187 2953 1242 2998 et
1278 2946 1648 3014 operariorum
1685 2962 1751 3001 ex
1796 2947 1985 3001 funda-

366 3031 593 3085 ‘memis
653 3032 915 3088 daemonis
982 3034 1136 3090 istius
1184 3037 1438 3102 templum
1500 3038 1737 3093 subverti
1788 3037 1983 3107 jussit,
2014 3076 2056 3135 Ο

398 3121 544 3187 quod
582 3121 744 3177 simul
786 3132 948 3190 atque
986 3125 1242 3180 effectum
1298 3135 1417 3193 est,
1460 3122 1708 3196 apparuit
1746 3128 1985 3183 divinum

399 3227 805 3277 monumentum
825 3256 841 3281 ,
867 3226 919 3271 ct
945 3216 1094 3272 locus
1124 3217 1413 3283 Calvarize,
1458 3228 1512 3272 et
1539 3234 1645 3274 non
1669 3219 1851 3287 procul
1871 3220 1993 3275 inde

400 3320 511 3365 tres
550 3324 741 3365 cruces
779 3310 1028 3366 defossa}.
1082 3311 1397 3383 Diligentius
1438 3312 1601 3367 etiam
1670 3313 1990 3382 investigan~

402 3412 503 3465 tes,
532 3403 855 3457 invenerunt
883 3413 937 3458 et
965 3403 1166 3459 clavos.

454 3578 551 3636 llic
570 3579 814 3649 verogalia
844 3581 1238 3651 imperatricem
1264 3596 1394 3638 cura
1418 3581 1612 3635 invasit
1632 3580 1989 3650 inquirentem

406 3684 652 3737 quaenam
694 3673 760 3724 de
792 3670 964 3725 trilms
993 3685 1119 3725 vere
1153 3670 1432 3725 Dominica
1458 3686 1587 3726 crux
1615 3682 1757 3726 esset
1783 3689 1797 3737 ;
1828 3684 1990 3737 quam

401 3762 790 3817 dubitationem
813 3763 1099 3832 episcopus
1116 3778 1210 3831 per
1228 3762 1384 3817 ﬁdem
1401 3762 1665 3818 dissolvit.
1688 3763 1821 3817 Cum
1840 3777 1992 3831 quie-

402 3853 524 3909 dam
558 3853 782 3919 mulier,
818 3854 1028 3908 cunctis
1067 3863 1189 3908 nota
1217 3893 1231 3916 ,
1296 3863 1352 3908 et
1382 3853 1450 3908 ab
1476 3853 1729 3908 omnibus
1752 3851 1863 3921 jam
1896 3855 1989 3906 de-

404 3955 654 4016 sperata,
690 3947 851 4001 etiam
907 3944 1020 4001 fere
1069 3946 1318 4015 spiritum
1368 3946 1677 4012 exhalaret,
1712 3944 1991 4016 productis

404 4038 613 4093 duabus
636 4038 888 4093 crucibus
915 4080 928 4103 ,
958 4052 1077 4092 eam
1101 4077 1115 4102 ,
1151 4052 1271 4107 qua:
1308 4038 1688 4107 quarrebatur,
1740 4038 1944 4093 invenit
1971 4056 1985 4104 ;

404 4133 567 4188 simul
592 4142 753 4204 atque
780 4134 921 4188 enim
952 4133 1067 4187 sola
1100 4132 1394 4190 Dominica:
1413 4133 1590 4188 crucis
1606 4132 1793 4187 umbra
1820 4147 1990 4202 aegro-

406 4235 516 4281 tam
560 4226 758 4297 attigit,
797 4228 1041 4298 protinus
1084 4225 1266 4283 divina
1290 4227 1751 4284 virtuteexsiliens
1795 4234 1986 4298 magna

408 4318 577 4375 Deum
604 4336 735 4375 voce
764 4320 1105 4391 glorilicavit.

475 4503 795 4573 lmperatrix
829 4518 980 4567 vero,
1024 4500 1259 4555 maximo
1284 4515 1419 4555 cum
1455 4501 1676 4572 gaudio,
1704 4501 1907 4570 pariter
1934 4509 1987 4555 et

394 4596 711 4652 reverentia
730 4609 947 4649 crucem
979 4594 1246 4647 viviﬁeam
1268 4594 1571 4662 suscipiens
1594 4635 1608 4659 ,
1640 4603 1847 4664 partem
1868 4593 1987 4663 ejus

405 4701 527 4741 cum
556 4686 723 4740 clavis
751 4683 816 4738 ad
841 4683 1015 4738 lilium
1053 4682 1260 4750 retulit,
1291 4682 1551 4751 reliquam
1587 4699 1713 4739 vero
1740 4684 1985 4739 confecta

408 4780 560 4834 theca
593 4791 755 4833 aurea
788 4776 907 4846 ejus
934 4775 1171 4830 civitatis
1206 4774 1460 4846 episcopo
1484 4775 1699 4830 tradidit
1723 4775 1989 4847 inperpe-

405 4880 552 4927 tuam
579 4870 830 4926 omnibus
866 4870 1117 4940 gentibus
1166 4869 1507 4925 memoriam.
1542 4868 1673 4935 Quae
1705 4879 1988 4939 postquam

404 4965 752 5034 prrecepisset
781 4962 833 5017 in
870 4961 985 5017 loco
1008 4961 1206 5017 vivil‘tci
1253 4961 1490 5032 sepulcri
1534 4966 1790 5030 templum
1818 4960 1988 5016 aedili-

404 5057 539 5119 cari.
568 5066 621 5113 et
649 5056 792 5111 aliud
820 5056 1069 5111 similiter
1098 5055 1149 5109 in
1173 5070 1329 5111 sacro
1351 5053 1833 5125 monleGolgolha,
1860 5061 1913 5109 et
1937 5054 1989 5108 in

408 5149 719 5213 Bethleem,
739 5147 829 5200 ubi
854 5146 1115 5201 Dominus
1139 5132 1438 5201 secundum
1458 5159 1678 5200 carnem
1698 5154 1858 5201 natus
1883 5145 1993 5199 l'ue-

409 5252 537 5306 rat,
574 5250 628 5296 et
659 5241 711 5296 in
746 5248 934 5295 monte
971 5238 1271 5304 Olivarum,
1309 5238 1398 5292 ubi
1429 5237 1687 5293 Dominus
1713 5237 1991 5306 discipulis

406 5336 736 5393 benedicens
758 5374 775 5399 ,
804 5340 1113 5403 assumptus
1142 5341 1221 5387 est
1242 5371 1257 5396 ,
1288 5329 1518 5401 aliisque
1534 5329 1808 5401 przeclaris
1830 5330 1881 5384 id
1901 5343 1992 5401 ge-

409 5443 512 5484 nus
540 5424 800 5483 conlectis
818 5468 833 5494 ,
857 5425 921 5481 ad
951 5423 1117 5480 lilium
1138 5425 1317 5478 rediit.

480 5692 651 5761 Quam
678 5708 869 5767 magna
900 5709 1024 5753 cum
1051 5692 1325 5765 voluptate
1352 5692 1651 5763 suscipiens
1702 5691 1991 5750 adorandae

2075 462 2228 530 -σμον
2287 460 2516 524 ἕκαστος
2581 461 2679 528 τῆς
2730 458 2864 522 ἰδίας
2919 458 3266 529 Ἐκκλησίας.
3319 454 3429 513 Ἦν
3481 460 3537 515 δὲ
3598 464 3687 516 ἐν.

2092 552 2516 606 νεακαιδέκατον
2544 552 2661 614 ἔτος
2686 552 2784 622 τῆς
2817 551 3096 621 βασιλείας
3122 553 3309 618 αὐτοῦ,
3346 553 3434 607 ὅτε
3466 554 3685 629 ἐγένετο

2091 643 2231 697 κατά
2260 644 2500 698 Νίκαιαν
2532 643 2766 707 σύνοδος.

2144 822 2317 876 Μετά
2366 822 2542 877 ταῦτα
2595 822 2915 877 ἀπέστειλεν
2965 825 2993 872 6
3041 822 3296 892 βασιλεὺς
3350 826 3447 896 τὴν
3480 826 3681 880 ἑαυτοῦ

2066 915 2304 987 ,μητέρα
2321 915 2559 987 Ἑλένην,
2582 916 2680 987 τὴν
2702 916 3014 982 ἀξιέπαινον
3031 918 3125 971 καὶ
3150 918 3392 989 Θεοφιλῆ,
3418 922 3499 984 εἰς
3521 921 3687 990 Ἱερο-

2090 1010 2322 1080 σόλυμα,
2360 1008 2498 1080 μετά
2548 1008 2897 1080 γραμμάτων
2931 1008 3025 1062 καὶ
3051 1009 3351 1080 χρημάτων
3393 1009 3682 1076 ἀφθονίας,

2088 1104 2226 1174 πρὸς
2260 1103 2349 1155 τὸν
2382 1101 2711 1172 φερώνυμον
2734 1101 3017 1168 Μακάριον
3038 1100 3138 1170 τῆς
3162 1101 3351 1165 Αἱλίας
3381 1101 3684 1155 ἐπίσκοπον

2089 1194 2182 1250 ἐπὶ
2239 1194 2572 1263 ἀναζητήοει
2629 1192 2723 1246 τοῦ
2777 1191 3048 1256 ζωοποιοῦ
3095 1192 3256 1259 ξύλου
3312 1192 3408 1245 τοῦ
3446 1192 3683 1257 ἐνδόξου

2090 1286 2326 1358 σταυροῦ
2355 1288 2449 1340 καὶ
2476 1286 2731 1357 οἰκοδομῇ
2760 1285 2868 1337 τῶν
2892 1285 3065 1354 ἀγίων
3080 1286 3263 1339 τόπων
3283 1302 3296 1316 ο
3323 1286 3497 1354 αὐτῆς
3520 1284 3686 1338 τοῦτο

2088 1380 2393 1450 αίτησάσης
2441 1378 2540 1447 τῆς
2574 1377 2866 1447 βασιλίδος,
2888 1377 3214 1448 Δφασκούσης
3251 1378 3521 1430 ὀπτασίαν
3556 1376 3688 1431 τινὰ

2087 1468 2239 1522 Θείαν
2289 1469 2595 1538 ἑωρακέναι
2645 1467 2973 1521 κελεύουσαν
3023 1467 3161 1537 αὐτῇ
3210 1467 3278 1520 τὰ
3327 1466 3685 1535 Ἱεροσόλυμα

2086 1559 2439 1625 καταλαϐεῖν,
2471 1562 2565 1615 καὶ
2590 1562 2718 1627 τοὺς
2748 1560 2936 1629 ἁγίους
2959 1562 3159 1633 τόπους
3191 1562 3271 1623 είς
3300 1560 3416 1629 φῶς
3444 1561 3685 1628 ἀγαγεῖν

2087 1653 2397 1724 χωσθέντας
2442 1653 2548 1706 ὑπὸ
2579 1654 2689 1706 τῶν
2731 1652 2973 1723 ἀνέμων,
3000 1655 3096 1707 καὶ
3125 1654 3351 1723 ἀφανεῖς
3381 1652 3687 1719 γεγονότας

2083 1746 2179 1798 ἐπὶ
2211 1744 2499 1806 τοσούτους
2525 1743 2772 1813 χρόνους.

2155 1836 2361 1891 Μαθὼν
2401 1836 2458 1891 δὲ
2492 1837 2520 1888 ὁ
2561 1837 2861 1899 ἐπίσκοπος
2902 1836 3251 1906 ἀφικομένην
3280 1835 3379 1902 τὴν
3406 1834 3682 1907 βασιλίδα,

2087 1928 2408 1999 συναγαγὼν
2424 1931 2547 1993 τοὺς
2561 1930 2658 1999 τῆς
2675 1930 2945 2000 ἐπαρχίας
2957 1930 3309 1994 ἐπισκόπους,
3322 1928 3463 1998 μετά
3475 1927 3579 1996 τῆς
3597 1928 3686 1981 δε-

2083 2024 2251 2094 ούσης
2274 2024 2441 2093 τιμῆς
2470 2025 2787 2094 ἀπήντησεν
2808 2023 2970 2093 αὐτῇ.
2993 2022 3207 2087 Εὐθέως
3220 2022 3277 2076 δὲ
3295 2021 3681 2092 παρεκέλευσε

2084 2117 2209 2178 τοὺς
2241 2115 2572 2178 ἐπισκόπους
2603 2115 2701 2185 τὴν
2739 2114 2969 2183 ζήτησιν
3000 2112 3093 2167 τοῦ
3133 2112 3473 2183 ποθουμένου
3496 2113 3681 2178 ξύλου

2086 2209 2213 2278 ποιή
2222 2206 2437 2262 σασθαι.
2456 2204 2835 2275 Ἀπορούντων
2845 2205 2903 2259 δέ
2921 2205 3138 2258 πάντων
3158 2204 3355 2257 ἐπίτοῦ
3370 2204 3569 2266 τόπου,
3585 2203 3683 2257 καὶ

2086 2300 2250 2356 ἄλλον
2277 2299 2406 2355 ἀλλο
2435 2298 2669 2367 ὑποψίας
2699 2297 3084 2367 διηγουμένου,
3111 2298 3140 2350 6
3179 2296 3280 2366 τῆς
3310 2296 3519 2356 πόλεως
3560 2296 3683 2347 ἐπί-

2090 2405 2293 2451 σκοπος
2319 2388 2529 2450 πάντας
2561 2386 2863 2457 παρεκάλει
2907 2385 3139 2456 ἡσυχίαν
3171 2385 3344 2453 ἄγειν,
3380 2385 3477 2439 καὶ
3508 2401 3680 2437 σπου-

2088 2479 2375 2550 δαιοτέραν
2422 2477 2588 2549 εὐχὴν
2621 2478 2762 2549 ὑπὲρ
2806 2477 2998 2531 τούτου
3028 2477 3106 2547 τῷ
3150 2474 3271 2545 Θεῷ
3318 2474 3677 2546 προσφέρειν.

2088 2572 2295 2626 Τούτου
2321 2571 2382 2625 ’δὲ
2416 2571 2737 2639 γενομένου,
2764 2570 2966 2631 εὐθέως
2998 2568 3210 2637 ἐδείχθη
3247 2567 3434 2621 θεόθεν
3463 2569 3491 2619 6
3511 2565 3683 2628 τόπος

2088 2664 2166 2737 τῷ
2196 2665 2501 2735 ἐπισκόπῳ,
2541 2665 2599 2716 ἐν
2628 2656 2673 2731 ᾧ
2704 2662 2888 2733 ἵδρυτο
2914 2661 3009 2715 τοῦ
3056 2660 3369 2730 ἀκαθάρτου
3406 2657 3682 2729 ’δαίμονος

2089 2760 2118 2811 6
2148 2759 2273 2820 ναὸς
2301 2757 2395 2811 καὶ
2434 2757 2494 2809 τὸ
2528 2755 2772 2826 ἄγαλμα.

2162 2851 2295 2905 Τότε
2326 2853 2357 2921 ἡ
2390 2848 2701 2919 βασίλισσα,
2733 2850 2798 2919 τῇ
2834 2845 3086 2916 βασιλικῇ
3115 2844 3370 2915 αύθεντίᾳ
3390 2844 3683 2915 χρωμένη,

2095 2943 2479 3012 συναγαγούσα
2534 2940 2734 3009 πλῆθος
2787 2936 2922 2992 πολὺ
2955 2938 3217 3008 τεχνιτῶν
3262 2939 3357 2992 καὶ
3402 2937 3681 3008 ἐργατῶν,

2095 3038 2380 3091 ἐκέλευσεν
2406 3036 2470 3089 ἐκ
2503 3032 2719 3103 βάθρων
2746 3030 3132 3101 ἀνατραπῆναι
3166 3029 3227 3082 τὸ
3268 3029 3514 3100 μυσαρὸν
3542 3031 3685 3081 οἱκο-

2096 3129 2338 3199 δόμημα,
2370 3124 2466 3179 καὶ
2491 3124 2579 3177 τὸν
2615 3122 2741 3193 χοῦν
2775 3120 2963 3193 πόρρω
2986 3137 3086 3174 που
3119 3118 3516 3192 ἀπορριφῆναι.
3542 3117 3684 3170 Τού-

2095 3232 2188 3268 του
2242 3215 2300 3267 δὲ
2326 3212 2646 3283 γενομένου,
2690 3211 2933 3281 ἀνεφάνη
2971 3209 3033 3262 τὸ
3084 3208 3227 3262 θεῖον
3276 3208 3482 3279 μνῆμα,
3519 3209 3615 3260 καὶ
3656 3212 3687 3260 6

2094 3308 2255 3371 τόπος
2292 3306 2385 3359 τοῦ
2431 3305 2693 3377 Κρανίου.
2734 3304 2828 3358 καὶ
2868 3303 2928 3355 ού
2967 3301 3205 3371 μήκοθεν
3244 3304 3395 3372 τρεῖς
3450 3302 3685 3364 σταυροὶ

2096 3400 2495 3470 κεχωρισμένοι
2525 3418 2538 3430 ο
2573 3397 2850 3467 ἐπιμελῶς
2883 3396 2937 3449 δὲ
2973 3396 3366 3467 ἐρευνήσαντες
3394 3386 3549 3464 εὗρον
3578 3394 3685 3447 καὶ

2095 3492 2220 3555 τοὺς
2256 3491 2438 3562 ἥλους.

2177 3582 2419 3637 Ἐκεῖθεν
2447 3582 2633 3635 λοιπον
2661 3580 2941 3652 ἀμηχανία
2971 3581 3063 3634 καὶ
3083 3579 3258 3649 θλίψις
3283 3578 3553 3633 κατέλαϐε
3579 3578 3682 3647 τὴν

2096 3674 2435 3745 βασίλισσαν,
2461 3671 2848 3743 ἐπιζητοῦσαν,
2878 3675 3028 3736 ποῖος
3052 3674 3159 3742 ἄρα
3184 3672 3270 3741 εἴη
3293 3671 3322 3723 6
3348 3671 3688 3734 Δεσποτικος

2095 3769 2346 3839 σταυρός.
2392 3767 2451 3821 Ὀ
2480 3767 2537 3821 δὲ
2573 3766 2871 3829 ἐπίσκοπος
2894 3765 2980 3819 διὰ
3021 3765 3253 3828 πίστεως
3283 3764 3381 3834 τὴν
3404 3765 3690 3835 διάκρισιν

2094 3857 2302 3912 ἔλυσεν.
2338 3858 2567 3911 Γυναικλ⁵
2595 3857 2703 3928 γάρ
2734 3856 3091 3929 ἀρῤωστούσῃ
3138 3857 3245 3909 τῶν
3271 3855 3551 3926 ἐμφανῶν,
3587 3856 3693 3910 καὶ

2092 3948 2490 4021 ἀπεγνωσμένῃ
2509 3950 2614 4002 ὑπὸ
2638 3949 2874 4010 πάντων,
2898 3949 2988 4001 καὶ
3013 3948 3080 4001 τὰ
3102 3947 3383 4001 τελευταῖα
3409 3947 3685 4019 πνεούσῃ,

2093 4042 2462 4113 προσαγαγὼν
2480 4042 2743 4111 ἐκάτερον
2763 4041 2871 4094 τῶν
2896 4040 3170 4110 σταυρῶν,
3214 4041 3305 4093 τὸν
3339 4038 3691 4111 ζητούμενον

2090 4124 2260 4201 ηὗρεν
2281 4146 2294 4160 ⁸
2326 4130 2485 4201 μόνον
2507 4130 2617 4203 γὰρ
2634 4131 2861 4202 ἤγγισεν
2884 4132 2917 4198 ὴ
2942 4131 3070 4183 σκιὰ
3084 4130 3177 4183 τού
3204 4131 3476 4200 σωτηρίου
3508 4147 3656 4183 σταυ
3674 4161 3692 4172 -

2096 4220 2187 4292 ροῦ
2217 4225 2283 4293 τῇ
2318 4221 2641 4295 ἀσθενούσῃ,
2674 4223 2836 4287 εὐθὺς
2860 4224 2893 4293 ή
2920 4222 3125 4286 ἄπνους
3152 4223 3243 4275 καί
3270 4223 3528 4289 ἀκίνητος
3553 4221 3694 4293 θείᾳ⁵

2090 4312 2318 4384 δυνάμει
2375 4315 2720 4386 παραχρῆμα
2772 4315 3115 4385 ἀνεπήδησεν
3174 4314 3271 4367 καὶ
3336 4313 3548 4384 μεγάλῃ
3614 4319 3690 4384 τῇ

2019 4415 2062 4470 1)
2095 4410 2244 4477 φωνῇ
2279 4406 2481 4477 βοῶσα,
2519 4408 2612 4460 καὶ
2643 4405 2942 4471 δοξάζουσα
2967 4406 3058 4459 τὸν
3091 4406 3244 4460 Θεόν.

2176 4499 2241 4551 Ἦ
2278 4499 2335 4552 δὲ
2372 4498 2656 4569 βασίλισσα
2701 4497 2887 4570 Ἐλένη
2916 4503 2980 4568 τῇ
3010 4501 3160 4568 φωνῇ
3194 4498 3371 4570 βοῶσα
3393 4498 3487 4550 καὶ
3516 4497 3690 4562 δοξά-

2094 4592 2263 4657 ζουσα
2290 4591 2381 4645 τὸν
2402 4591 2561 4657 Θεὸν,
2594 4582 2737 4661 μετά
2763 4593 2939 4662 χαρᾶς
2969 4591 3213 4663 μεγάλης
3243 4590 3337 4644 xa‘t
3364 4589 3532 4659 φόϐου
3585 4592 3692 4647 ἀνι

2091 4685 2324 4755 ελομένη
2344 4684 2437 4738 τὸν
2461 4683 2728 4748 ζωοποιδν
2748 4684 3003 4755 σταυρὸν,
3026 4684 3191 4754 μέρος
3223 4684 3320 4752 μέν
3348 4700 3401 4735 τι
3438 4683 3539 4736 σὺν
3564 4687 3694 4746 τοῖς

2088 4778 2237 4848 ἥλοις
2263 4778 2556 4848 ἀνεκόμισε
2584 4777 2721 4851 πρὸς
2752 4777 2846 4829 τὸν
2875 4777 3060 4830 παῖδα.
3094 4775 3184 4846 Τῷ
3208 4776 3264 4829 δὲ
3288 4775 3465 4846 λοιπῷ
3495 4775 3692 4842 γλωσ-

2092 4870 2324 4941 σόκομον
2350 4870 2627 4944 ἀργυροῦν
2653 4871 2950 4941 ποιήσασα,
2975 4869 3264 4940 παρέδωκε
3284 4867 3361 4939 τῷ
3386 4867 3697 4938 ἐπισκόπῳ

2090 4962 2189 5031 τῆς
2229 4962 2459 5027 πόλεως,
2519 4964 2598 5026 εἰς
2653 4961 3001 5033 μνημόσυνον
3056 4960 3260 5022 πάσαις
3306 4960 3544 5027 γενεαῖς,
3587 4961 3695 5013 καὶ

2092 5052 2399 5106 θεσπίσασα
2430 5054 2733 5124 ἐκκλησίαν
2773 5052 3025 5122 γενέσθαι
3068 5053 3125 5104 ἐν
3151 5051 3230 5121 τῷ
3260 5049 3504 5119 ζωοποιῷ
3533 5055 3694 5123 μνή-

2096 5160 2225 5213 ματι
2262 5144 2357 5196 καὶ
2386 5143 2464 5213 τῷ
2492 5143 2634 5213 ἀγίῳ
2661 5142 2902 5212 Γολγοθᾷ
2928 5142 3023 5195 καὶ
3060 5143 3117 5194 ἐν
3148 5144 3213 5211 τῇ
3240 5138 3489 5209 Βηθλεὲμ
3508 5140 3574 5191 ἐν
3607 5142 3693 5211 τῷ

2094 5233 2366 5304 σπηλαίῳ,
2413 5234 2541 5288 ἔνθα
2566 5236 2593 5286 6
2622 5232 2823 5303 Κύριος
2863 5232 3023 5302 ήμῶν
3070 5229 3281 5300 Ἰησοῦς
3310 5229 3542 5300 Χριστος
3584 5232 3695 5302 τὴν

2093 5327 2233 5380 κατά
2293 5328 2468 5397 σάρκα
2520 5326 2773 5394 γέννησιν
2822 5324 3111 5395 ὑπέμεινε,
3145 5323 3241 5377 καὶ
3290 5326 3349 5376 ἐν
3400 5321 3516 5392 ὄρει
3568 5325 3696 5377 τῶν

2106 5417 2354 5484 Ἐλαιῶν,
2383 5415 2510 5471 ἔνθα
2535 5419 2562 5470 6
2596 5416 2797 5488 Κύριος
2825 5415 3125 5486 εὐλογήσας
3149 5415 3278 5477 τοὺς
3309 5412 3559 5483 μαθητὰς
3596 5417 3701 5467 ἁν-

2093 5509 2324 5579 ελήφθη.
2351 5510 2460 5563 Καὶ
2482 5509 2618 5563 ἄλλα
2676 5507 2848 5562 πολλά
2879 5508 3150 5577 ποιήσασα
3166 5507 3223 5559 ἐν
3256 5504 3695 5575 Ἱεροσολύμοις.

2095 5601 2389 5671 ἀνέστρεψε
2418 5601 2552 5670 πρὸς
2584 5600 2675 5653 τον
2709 5601 2890 5654 παῖδα.

2182 5693 2238 5746 'U
2267 5693 2320 5746 δὲ
2367 5692 2503 5763 μετὰ
2547 5694 2721 5765 χαρᾶς
2771 5691 2940 5762 αὐτὴν
2978 5688 3395 5760 ὑποδεξάμενος,
3430 5687 3529 5760 τὴν
3588 5691 3694 5760 μὲν
