3968 6198
265 369 384 431 40:11

1232 368 1326 427 DE
1358 360 1822 425 IN't'ENTlONE
1866 365 2173 425 SANCTJS
2206 366 2500 428 CltUCIS.

3389 362 3547 426 4082'

264 477 345 529 τοῦ
368 475 546 544 τιμίου
582 472 815 543 σεαυροῦ
851 472 1043 543 μερίδα
1077 472 1131 524 ἒν
1164 476 1339 541 χρυσῇ
1375 472 1517 542 θήκῃ
1551 469 1826 536 ἀπυθέμε-
1867 512 1876 530 ,

1986 474 2113 528 -ucis
2154 485 2355 542 partem
2384 476 2439 529 in.
2461 475 2839 530 loculisanreis
2868 478 3125 543 reposuit,
3147 491 3374 544 eamque
3411 477 3526 541 epi-

264 583 363 627 νος,
402 566 685 635 παρέδωκε
716 563 792 633 τῷ
830 564 1113 629 ὲπισκὸπῳ
1140 564 1219 622 εἰς
1246 564 1496 631 τήρησιν,
1536 560 1833 622 ὲνιαυσίαις

269 659 503 728 μνήμαις
534 656 817 727 ἑορτάζειν
840 654 936 724 τὴν
963 644 1233 718 ἀνάδειξιν
1261 653 1353 705 τοῦ
1382 653 1566 721 τιμίου
1600 651 1837 720 σταυροῦ

269 749 590 820 προστάξας.
625 749 747 801 Τῶν
777 749 832 801 δὲ
860 748 1007 818 ἥλων
1031 749 1155 809 τοὺς
1179 748 1276 815 μὲν
1300 748 1376 807 εἰς
1404 748 1503 817 τὴν
1532 746 1667 798 ἰδίαν
1687 762 1841 815 περι-

270 841 562 910 κεφαλαίαν
609 842 958 911 ἐχάλκευῖεν.
993 841 1118 901 τοὺς
1147 840 1203 890 δὲ
1249 838 1470 906 ἀνέμιξε
1510 838 1838 907 τῴνσυμὸα-

271 935 364 1007 ρίῳ
390 936 482 987 τοῦ
515 935 682 988 ἵππου
712 934 903 998 αὐτοῦ,
937 934 1023 985 ἵνα
1049 931 1311 1001 πληρωθῇ
1332 931 1389 982 τὸ
1420 930 1582 1000 ῥηθὲν
1612 929 1703 981 τοῦ
1730 932 1841 981 Ku-

272 1026 381 1094 ρίου
427 1024 514 1077 διὰ
565 1024 660 1077 τοῦ
717 1026 998 1095 προφήτου
1038 1022 1321 1088 λέγοντος·
1361 1038 1379 1069 ⁴
1428 1021 1514 1071 Ἑν
1559 1022 1625 1089 τῇ
1662 1020 1844 1091 ἡμέρᾳ

271 1116 470 1187 ἐκείνῃ,
514 1116 665 1169 ἔσται
705 1119 765 1168 τὸ
802 1115 894 1168 ἐπὶ
922 1116 1013 1167 τὸν
1066 1113 1279 1183 χαλινὸν
1328 1112 1421 1165 τοῦ
1459 1112 1651 1177 ἵππου,
1694 1113 1845 1179 ἆγιον

272 1206 457 1275 Κυρίῳ
491 1206 915 1277 παντοκράτορι.
960 1222 985 1251 ι

352 1300 410 1351 ’0
444 1298 499 1351 δὲ
544 1298 797 1368 βασιλεὺς
831 1297 1038 1368 ἔγραψε
1085 1297 1368 1365 ὲπισκὸπῳ
1407 1295 1679 1366 Μακαρίπρ
1731 1297 1848 1346 ἐπι-

281 1390 529 1443 σπεύδειν
578 1389 675 1460 τὴν
730 1390 1041 1457 οἰκοδομὴν,
1102 1391 1195 1441 καὶ
1247 1390 1482 1457 ἄρχοντα
1532 1386 1627 1440 τοῦ
1687 1388 1848 1457 ἔργου

278 1478 561 1532 ἀπέστειλε
597 1478 734 1549 μετὰ
778 1477 1057 1546 δαψιλείας
1101 1479 1420 1546 χρημάτων,
1478 1476 1850 1545 παραγγείλας

279 1570 424 1638 αὐτῷ
454 1569 751 1639 φιλοτίμως
802 1570 1086 1637 κτισθῆναι
1134 1571 1259 1631 τοὺς
1293 1569 1481 1637 ἁγίους
1525 1569 1744 1631 τόπους,
1776 1567 1849 1631 ὡς

283 1656 356 1725 μὴ
381 1650 520 1708 εἶναι
553 1655 808 1725 τοιαύτην
838 1656 1101 1725 καλλονὴν
1132 1658 1191 1709 ἐν
1222 1657 1368 1726 πάσῃ
1395 1659 1457 1726 τῇ
1486 1659 1579 1726 γῇ.
1606 1654 1851 1727 Ἔγραψε

281 1749 332 1800 δὲ
368 1751 460 1801 καὶ
494 1750 607 1811 τοῖς
633 1748 999 1818 ήγεμόσι“τῆς
1053 1750 1321 1819 ἐπαρχίας
1357 1747 1624 1809 παντοίως
1666 1746 1853 1799 συνελ-

1941 580 2105 634 scopo
2153 575 2411 635 perpetuo
2449 568 2857 623 custodiendam
2886 569 3068 635 dedit,
3109 569 3305 622 annuis
3352 567 3528 632 festis,

1944 655 2306 709 inventionem
2330 658 2506 712 crucis
2533 658 2904 713 celebrandam
2932 660 3312 727 prmsct'ibens.
3340 661 3532 715 Clavus

1943 755 2120 799 autem
2165 749 2359 815 partim
2404 749 2567 816 galea:
2612 765 2721 804 sua:
2754 749 2931 805 incudi
2976 752 3282 815 mandavit,
3338 752 3532 819 partim

1943 837 2065 906 equi
2095 837 2386 906 suilnpalis
2417 840 2741 905 immiscuit,
2767 854 2823 894 ut
2851 843 3168 909 impleretur
3192 841 3332 911 quod
3365 860 3393 895 ει
3434 844 3531 895 llo-

1945 931 2092 983 tnino
2114 946 2208 999 per
2230 932 2542 1000 prophetam
2577 932 2777 987 d'cmm
2801 935 2973 988 fuerat
3001 952 3012 988 :
3047 934 3131 987 «lu
3164 934 3249 987 illa
3294 935 3377 987 die
3414 935 3534 995 erit,

1946 1024 2085 1090 quod
2109 1039 2268 1087 super
2293 1024 2500 1078 frenum
2526 1028 2645 1093 equi
2676 1036 2790 1090 est,
2816 1037 3063 1081 sanctum
3101 1028 3325 1080 llorniuu
3368 1027 3539 1078 omni-

1958 1117 2158 1181 potenti
2179 1115 2242 1171 ³²,
2260 1134 2278 1166 ο

2019 1291 2315 1361 Imperator
2337 1296 2528 1349 deinde
2550 1295 2614 1349 ad
2642 1295 2928 1350 Ma’carium
2959 1299 3269 1364 episeoiunn
3289 1296 3501 1363 scripsit
3524 1328 3537 1351 ν

1936 1392 2007 1461 (ut
2046 1386 2455 1440 aediﬁcationem
2507 1387 2825 1456 templorum
2862 1397 3154 1442 maturaret
3175 1389 3207 1452 ,'
3230 1396 3283 1441 et
3310 1388 3542 1442 archite-

1951 1486 2096 1529 ctum
2115 1490 2179 1529 eo
2203 1477 2369 1543 misit,
2388 1494 2508 1530 eum
2531 1493 2721 1548 magno
2740 1480 2977 1545 pecuukc
2994 1480 3247 1547 pondere,
3272 1478 3357 1532 cui
3382 1479 3543 1533 etiam

1952 1566 2003 1621 in
2042 1569 2308 1622 mandatis
2359 1568 2503 1623 dedit
2531 1608 2546 1633 ,
2579 1580 2636 1622 ut
2662 1570 2943 1639 diligenter
2975 1584 3128 1623 sacra
3158 1569 3271 1622 loca
3304 1568 3545 1621 aedificiis

1952 1669 2257 1721 exornaret,
2292 1663 2360 1714 ita
2387 1649 2444 1713 nt
2468 1677 2653 1716 eorum
2677 1661 3088 1729 magnificentia:
3118 1660 3253 1714 nihil
3281 1669 3392 1713 toto
3412 1663 3544 1713 orbe

1955 1766 2053 1817 par
2094 1749 2321 1804 inveniri
2359 1762 2556 1818 posset.
2589 1748 2819 1818 Scripsit
2848 1750 3009 1803 etiam
3052 1750 3116 1801 ad
3158 1748 3439 1817 prrefectos
3486 1747 3549 1800 il-

283 1840 392 1893 θεῖν
430 1839 506 1909 τῷ
542 1841 690 1912 ἔργῳ
719 1842 780 1893 ὲκ
806 1840 898 1893 τοῦ
940 1816 1201 1909 δημοσίου
1223 1816 1413 1908 λόγου,
1448 1840 1503 1891 ἐν
1536 1856 1593 1891 τε
1612 1841 1855 1909 χρήμασι

1986 1844 2065 1897 ius
2093 1844 2403 1911 provinciae,
2438 1852 2489 1895 ut
2520 1843 2732 1911 publico
2752 1857 2857 1896 tere
2874 1852 2924 1894 et
2943 1841 3268 1909 sumptibus,
3291 1850 3343 1894 et
3377 1850 3547 1894 mate-

284 1934 374 1984 καὶ
408 1930 728 1998 ἀναλώμασι
759 1932 852 1985 καὶ
880 1931 1055 1994 ὕλαις.
1074 1927 1186 1999 flii)
1207 1932 1262 1983 δὲ
1293 1934 1317 1984 ὁ
1342 1931 1594 2001 βασιλεὺς
1618 1930 1856 1998 φαιδρῶς

283 2023 431 2088 ἄγων
458 2024 555 2088 τῆς
587 2025 1022 2094 είκοσαέτηρίδος
1046 2026 1146 2093 τὴν
1174 2025 1386 2095 ἑορτὴν,
1420 2022 1757 2100 εὐχαριστῶν
1782 2021 1858 2091 τῷ

285 2114 402 2185 Θεῷ
433 2117 573 2187 ὑπὲρ
600 2117 817 2170 πάντων
851 2117 958 2169 τῶν
986 2116 1231 2183 ἀγαθῶν,
1260 2111 1334 2168 ὧν
1377 2117 1632 2184 ἐποίησεν
1666 2117 1723 2167 ἐν
1750 2117 1860 2176 τοῖς

285 2207 497 2278 χρόνοις
523 2208 620 2276 τῆς
655 2208 929 2277 βασιλείας
965 2209 1150 2261 αὐτοῦ.
1191 2210 1521 2276 Συνάγονται
1561 2208 1616 2260 δὲ
1655 2207 1731 2260 τὰ
1765 2208 1861 2278 ἔτη

286 2300 393 2353 ἀπὸ
436 2299 533 2368 μὲν
582 2299 818 2369 Χριστοῦ
854 2301 1153 2369 παρουσίας
1202 2300 1443 2369 ’ἐωςτῆς
1474 2298 1741 2367 εὐρέσὲως
1769 2300 1861 2352 τοῦ

288 2391 549 2462 σταυροῦ,
586 2393 871 2463 τριακόσια
926 2394 1262 2463 πεντήκοντα
1311 2393 1405 2446 δύο
1464 2393 1579 2463 ἔτη.
1627 2393 1761 2447 Ἀπὸ
1808 2394 1864 2445 δὲ

300 2484 470 2553 Ἀδὰμ
502 2483 607 2546 ἕως
655 2484 952 2554 παρουσίας
1003 2485 1263 2554 Χριστοῦ,
1319 2466 1414 2554 ἕττί
1453 2485 1866 2555 πεντακισχίλια

290 2575 644 2629 πεντακόσια.
692 2575 830 2628 Καθ’
860 2576 1078 2646 ἑτέρους
1117 2576 1173 2628 δὲ
1206 2575 1620 2645 πεντακισχίλια
1669 2591 1865 2645 τετρα-

292 2667 449 2719 κόσια
484 2667 853 2738 ἑϐδομήκοντα
891 2667 1074 2720 πέντε.

376 2841 463 2894 Ἐν
492 2841 544 2894 δὲ
583 2841 739 2908 Amr.
783 2842 874 2894 τὸν
905 2839 1227 2913 φερώνυμον
1265 2842 1554 2911 Μακάρων
1602 2841 1872 2906 διεδέξατο

298 2930 649 3000 Μαξιμωνᾶς.
682 2926 851 2992 Οὗτος
876 2932 931 2984 δὲ
961 2934 1131 3001 πρᾶος
1157 2932 1295 3004 ἀνὴρ
1322 2934 1414 2986 καὶ
1442 2934 1710 3002 ἐπίσημος
1728 2934 1869 2986 λίαν.

312 3022 399 3073 Ὶοὶν
430 3021 536 3090 γὰρ
567 3020 646 3090 τῷ
682 3018 908 3091 διωγμῷ
950 3022 1148 3085 πολλὰς
1191 3024 1458 3092 βασάνους
1503 3025 1763 3094 ὑπέμεινε
1786 3024 1875 3077 διὰ

1963 1940 2039 1991 ria
2062 1938 2189 1991 illud
2224 1953 2386 2005 opus,
2417 1945 2677 2005 quantum
2723 1948 2942 2004 possent
2967 1943 3367 2002 pro-.uoverent.
3394 1929 3549 1989 (Iole-

1963 2028 2157 2084 brabat
2200 2038 2377 2082 autem
2415 2036 2540 2082 tunc
2586 2028 2881 2095 imperator
2916 2026 3192 2095 Splendide
3237 2024 3446 2095 imperii
3469 2026 3548 2079 sui

1964 2121 2284 2185 vicenualia,
2318 2121 2515 2190 gratias
2545 2136 2712 2190 agens
2734 2121 2842 2173 Deo
2873 2135 2969 2188 pro
2997 2120 3250 2174 omnibus
3271 2116 3546 2172 beneficiis

1968 2224 2207 2281 tempore
2239 2200 2448 2280 imperii
2475 2214 2525 2266 in
2562 2229 2618 2265 se
2660 2211 2888 2265 collatis.
2918 2211 3257 2279 Colliguutur
3306 2202 3493 2279 autent
3521 2222 3551 2259 a

1965 2304 2166 2359 Christi
2184 2305 2237 2358 in
2261 2320 2423 2359 carne
2446 2303 2750 2372 praesentia,
2772 2317 2940 2369 usque
2958 2302 3023 2355 ad
3053 2311 3265 2368 tempus
3290 2298 3556 2353 inventio-

1969 2396 2053 2451 nis
2115 2395 2290 2451 crucis
2338 2395 2689 2457 venerandae,
2727 2394 2852 2447 anni
2895 2390 3120 2447 trecenti
3163 2390 3552 2460 quinquaginta

1969 2490 2097 2544 duo.
2143 2488 2223 2542 Ab
2267 2486 2436 2540 Adam
2459 2501 2607 2550 vero,
2645 2484 2902 2552 usquead
2930 2493 3141 2554 tempus
3184 2498 3290 2553 quo
3310 2481 3559 2536 Christus

1970 2584 2023 2636 in
2070 2595 2232 2636 carne
2264 2577 2532 2649 apparuit,
2580 2578 2705 2631 anni
2729 2575 3012 2646 quinquies
3063 2573 3208 2629 mille
3233 2572 3553 2645 quingenti:

1971 2674 2261 2729 secundum
2292 2672 2427 2726 alios
2445 2686 2570 2726 vero
2606 2669 2893 2740 quinquies
2910 2668 3052 2723 mille
3074 2664 3453 2738 quadringenti
3472 2657 3586 2720 se-'

1972 2765 2248 2837 ptuaginta
2284 2764 2541 2833 quinque.

2044 2856 2099 2909 lu
2155 2857 2286 2909 urbe
2324 2865 2500 2908 autem
2537 2853 2675 2910 Elia
2715 2851 2981 2908 successit
3019 2850 3257 2907 Macario
3311 2849 3564 2920 episcopo

1975 2949 2296 3003 Maximinus
2328 2948 2410 3000 vir
2442 2947 2864 3016 placidissimus,
2906 2954 2960 3000 et
2992 2942 3321 2999 venerabilis
3365 2941 3418 2995 in
3453 2940 3566 3012 pri-

1979 3040 2114 3105 mis,
2148 3048 2335 3107 utpote
2401 3039 2492 3108 qui
2552 3039 2606 3092 in
2647 3037 3019 3106 persecutione
3046 3035 3273 3105 plurima
3297 3039 3566 3088 tormenta

303 3112 395 3163 τὸν
429 3112 583 3173 Θεὸν,
615 3112 818 3192 καὶτὸν
847 3112 1017 3177 δεξιὸν
1037 3113 1314 3186 ὀφθαλμὸν
1337 3115 1607 3178 ἀπολέσας
1631 3115 1874 3185 ἀπελύθη

1986 3114 2315 3201 pertulerat}
2354 3132 2479 3185 huic
2496 3130 2687 3184 oculus
2706 3130 2843 3185 alter
2870 3130 3104 3184 extritus
3130 3126 3330 3183 fuerat.
3360 3124 3562 3181 Eodem

305 3202 397 3251 ἐπὶ
428 3203 493 3270 τῇ
544 3201 803 3273 ὁμολογίᾳ
843 3203 941 3272 τῆς
986 3203 1242 3266 πίστεως.
1273 3206 1410 3258 Κατ’
1461 3207 1667 3258 ἐκεῖνον
1702 3206 1758 3259 δὲ
1786 3207 1878 3260 τὸν

306 3291 544 3361 mng
577 3294 822 3363 μακαρία
853 3295 1039 3365 Ἑλένη
1070 3299 1101 3363 ἠ
1146 3297 1437 3366 βασίλισσα
1461 3298 1613 3360 τέλος
1642 3297 1735 3350 τοῦ
1770 3298 1883 3368 βίου

308 3383 597 3454 ἐχρήσατο,
629 3386 765 3439 ἐτῶν
791 3382 928 3441 οὖσα
953 3388 1305 3456 ὀγδοήκοντα,
1337 3388 1507 3440 πολλὰ
1534 3390 1885 3459 ἐντειλαμένη

308 3471 386 3541 τῷ
413 3474 562 3525 παιδὶ
588 3476 840 3546 περὶτῆς
874 3480 953 3538 εἰς
988 3478 1221 3546 Χριστὸν
1267 3478 1569 3539 εὐσεϐείας.

381 3564 525 3623 Ἕως
554 3558 655 3616 ὧδε
706 3567 833 3634 περὶ
865 3568 963 3635 τῆς
998 3567 1270 3635 εὑρέσεως
1299 3567 1394 3619 τοῦ
1440 3565 1704 3629 ζωοποιοῦ
1736 3584 1891 3619 σταυ-

317 3655 409 3723 ροῦ
443 3657 474 3724 ἡ
506 3654 713 3725 ἱστορία
755 3656 916 3708 ἔστω.
976 3658 1083 3709 Καὶ
1135 3659 1327 3727 μηδεὶς
1383 3657 1581 3710 ἑαυτὸν
1629 3658 1894 3709 ἀπατάτω

318 3746 689 3816 ματαιολογῶν
714 3746 1008 3816 ἀσύμφορα
1038 3748 1131 3800 καὶ
1169 3746 1493 3817 μυθοποιίας
1526 3748 1591 3801 δι’
1616 3748 1894 3818 ὀνομάτων

315 3840 637 3909 παραξένων
671 3838 1022 3907 παρεισάγων
1050 3842 1116 3910 τῇ
1151 3840 1429 3893 ὑποθέσει.
1468 3838 1603 3893 Οὐδὲ
1638 3839 1749 3909 γὰρ
1772 3838 1892 3891 ὲπί-

317 3947 516 3993 σκοπος
566 3930 753 4001 ἔτερος
796 3930 1188 4001 Ἱεροσολύμων
1246 3932 1442 3999 γέγονε
1489 3930 1710 3983 πώποτε
1747 3929 1898 3999 παρά

315 4022 442 4084 τοὺς
487 4023 1011 4091 προγεγραμμένους
1036 4063 1050 4084 ,
1100 4022 1219 4074 οὐδὲ
1250 4022 1508 4092 βασιλεὺς
1541 4022 1730 4092 ἔτερος
1768 4022 1898 4074 Ῥω·

321 4114 517 4182 μαίων,
568 4113 687 4166 οὐδὲ
744 4113 851 4183 μὴν
903 4114 1075 4183 ἑτέρῳ
1122 4114 1311 4184 τρόπῳ
1348 4115 1376 4166 ὁ
1416 4116 1597 4183 τίμιος
1666 4114 1900 4183 σταυρὸς

319 4203 540 4273 εὑρέθη.
582 4203 714 4255 Ἀπὸ
759 4207 869 4275 γὰρ
892 4204 1205 4272 Αὐγούστου
1252 4204 1348 4258 τοῦ
1399 4204 1685 4274 βασιλέως,
1729 4196 1901 4271 ἐφ’οὖ
1943 4204 1953 4213 ”

314 4296 584 4366 ,ἐγεννήθη
614 4298 641 4348 ὁ
674 4296 876 4365 Κύριος
925 4297 1084 4366 ήμῶν
1147 4296 1356 4366 Ἰησοῦς
1411 4297 1647 4366 Χριστὸς
1669 4296 1729 4349 τὸ
1762 4296 1904 4348 κατὰ

323 4385 525 4455 σάρκα,
558 4385 665 4450 ἕως
705 4386 801 4439 τοῦ
856 4387 1113 4450 εὐσεϐοῦς
1142 4387 1407 4456 βασιλέως
1454 4388 1898 4451 Κωνσταντίνου,

1991 3235 2229 3293 tempore
2270 3224 2423 3278 beata
2450 3221 2652 3276 lleleua
2681 3221 2933 3288 moritur,
2960 3229 3059 3276 tnta
3072 3219 3139 3277 tis
3175 3211 3572 3283 annnm'agens

1988 3318 2398 3386 octogesiuuuu,
2435 3315 2605 3369 multa
2652 3314 2761 3368 tilio
2792 3327 2892 3368 suo
2916 3312 2985 3366 de
3009 3310 3316 3367 Christiana
3357 3308 3566 3377 pietate

1991 3408 2331 3476 praecipiens.

2066 3581 2182 3635 lluc
2214 3593 2386 3646 usque
2429 3579 2495 3631 de
2536 3576 2847 3629 inventione
2886 3582 3088 3629 sancta:
3129 3572 3316 3625 crucis
3366 3570 3572 3624 dictum

1994 3673 2087 3735 sit,
2117 3685 2172 3725 et
2203 3685 2361 3723 nemo
2385 3668 2625 3736 seipsum
2653 3666 2886 3734 decipiat
2917 3679 3055 3719 vana
3082 3661 3396 3726 referendo,
3428 3661 3581 3714 fabu-

1998 3764 2246 3830 losasque
2279 3758 2619 3812 narrationes
2664 3755 2963 3826 peregrinis
3007 3752 3317 3809 nominibus
3359 3760 3582 3806 contex-

2000 3863 2082 3909 tas
2110 3857 2432 3919 argumento
2465 3848 2594 3903 huic
2643 3847 2957 3903 inserendo.
3003 3845 3186 3914 Neque
3240 3843 3386 3900 enim
3439 3842 3581 3896 ullus

1998 3942 2136 3997 alius
2162 3940 2446 4010 episcopus
2486 3934 3012 4005 llierosolymitanus
3057 3940 3253 4003 praster
3292 3929 3582 4001 prmdiclos

2002 4033 2126 4098 fuit,
2177 4045 2356 4100 neque
2427 4028 2567 4083 alius
2615 4026 2990 4082 Romanorum
3041 4026 3359 4093 imperator,
3406 4034 3585 4090 neque

2003 4123 2111 4178 alio
2138 4122 2298 4177 modo
2328 4119 2633 4176 veneranda
2680 4131 2816 4190 crus
2848 4116 3067 4171 inventa
3098 4123 3200 4169 est.
3226 4115 3309 4167 Ab
3343 4113 3584 4181 Augusto

2003 4214 2148 4267 enim
2199 4212 2555 4281 imperatore,
2595 4207 2697 4263 sub
2730 4222 2836 4276 quo
2870 4207 3117 4262 Christus
3137 4203 3432 4261 secundum
3467 4217 3586 4259 car-

2002 4318 2125 4358 nem
2178 4304 2339 4355 uatus
2372 4307 2474 4366 est,
2519 4312 2690 4367 usque
2736 4297 2806 4351 ad
2833 4294 3277 4352 tConstantiuum
3334 4291 3586 4361 Magnum

2009 4389 2226 4459 triginta
2258 4388 2503 4457 quinque
2536 4387 2896 4456 imperatores
2937 4383 3392 4438 intercesserunt.
3418 4378 3601 4435 διετῆ-

321 4476 614 4546 τριάκοντα
649 4479 741 4530 καὶ
788 4479 951 4532 πέντε
985 4480 1242 4547 γεγόνασι
1286 4477 1547 4549 βασιλεῖς.
1585 4477 1818 4548 Ὁμοίως
1846 4478 1875 4530 δ

2009 4480 2133 4534 liter
2165 4495 2194 4533 a
2230 4477 2434 4533 Iacobo
2463 4476 2633 4532 fratre
2675 4474 2888 4531 Domini
2927 4487 3099 4543 usque
3128 4472 3195 4526 ad
3224 4470 3383 4540 hujus
3414 4469 3588 4538 impe-

324 4568 419 4620 καὶ
473 4569 582 4622 ἀπὸ
614 4568 871 4624 Ἰακώὸου
932 4570 1028 4624 τοῦ
1082 4572 1386 4625 ἀποστόλου
1418 4572 1509 4623 καὶ
1536 4568 1754 4641 πρώτου
1794 4566 1906 4622 τῶν

325 4658 639 4717 ἐπισκόπων
678 4660 783 4724 ἕως
813 4662 912 4732 τῆς
943 4662 1115 4733 αὐτῆς
1146 4661 1446 4732 βασιλείας,
1483 4661 1782 4732 τριάκοντα
1813 4660 1907 4712 καὶ

326 4752 487 4805 πέντε
545 4753 931 4824 Ἱεροσολύμων
980 4754 1272 4807 ἐπίσκοποι
1319 4755 1602 4822 γεγόνασι.
1677 4752 1789 4823 Τὴν
1849 4750 1907 4802 δὲ

329 4843 629 4913 σεϐάσμιον
682 4846 897 4916 ἡμέραν
924 4848 1033 4899 τῶν
1067 4848 1360 4914 ὲγκαινίων
1378 4846 1485 4900 τῶν
1507 4845 1680 4913 ἁγίων
1702 4843 1904 4908 τόπων,

329 4935 540 5000 καὶτῆς
563 4934 823 5004 ὑψώσεως
837 4937 933 4989 τοῦ
955 4936 1332 5007 προσκυνητοῦ
1351 4935 1612 5006 σταυροῦ,
1639 4935 1910 5007 ὡρίσαντο

327 5028 382 5080 οἱ
422 5027 665 5099 Πατέρες
717 5028 856 5098 μετά
896 5028 1174 5098 βασιλικοῦ
1206 5030 1630 5100 προστάγματος
1664 5028 1911 5098 γίνεσθαι

332 5118 437 5172 ἀνὰ
466 5117 583 5182 ἔτος
611 5118 840 5173 ἕκαστον
859 5123 924 5190 τῇ
956 5120 1524 5192 τεσσαρεσκαιδεκάτῃ
1549 5119 1643 5173 τοῦ
1666 5121 1913 5190 Σεπτεμ-

2017 4573 2181 4639 rium,
2220 4570 2438 4641 triginta
2478 4570 2723 4639 quinque
2783 4566 3004 4622 fuerunt
3048 4560 3441 4633 Hierosolymis
3478 4561 3592 4631 epi-
3661 4562 3665 4569 '

2023 4665 2196 4735 scopi.
2223 4662 2601 4717 Venerandam
2625 4669 2804 4715 autem
2836 4660 2976 4714 diem
2996 4654 3349 4713 dedicationis
3373 4661 3593 4708 sancto-

2016 4770 2138 4812 rum
2171 4755 2438 4820 locornm,
2482 4763 2538 4808 et
2567 4751 2914 4807 exaltationis
2943 4749 3231 4805 adoranda:
3261 4745 3462 4808 crucis,
3490 4742 3593 4796 P‘a-

2018 4856 2147 4911 tres,
2182 4860 2248 4900 ex
2291 4845 2643 4913 imperatorio
2678 4843 2855 4913 jussu,
2909 4839 3236 4895 definierunt
3294 4835 3593 4904 quotannis

2020 4935 2406 4992 celebrandam
2455 4935 2665 4988 decimo
2716 4938 2914 5001 quarto
2954 4929 3041 4984 die
3091 4926 3451 4996 Septembris,
3499 4925 3595 4994 qui

2019 5038 2105 5084 est
2134 5042 2269 5081 xvrn
2315 5025 2544 5080 Kalend.
2580 5023 2857 5087 Octobris,
2899 5020 2953 5076 in
3006 5020 3269 5077 honorem
3307 5015 3507 5080 Patris,
3540 5023 3591 5070 et

2024 5119 2167 5185 Filii,
2204 5129 2258 5172 et
2288 5117 2525 5188 Spiritus
2555 5115 2752 5173 sancti.
2842 5139 2855 5152 ~

332 5211 488 5282 θρίου
538 5213 727 5282 μηνὸς.
778 5216 900 5285 ἥτις
932 5215 1136 5285 ὲστὶνή
1172 5217 1278 5287 πρὸ
1306 5214 1583 5269 δεκαοκτὼ
1643 5213 1937 5268 Καλανδῶν
1989 5211 2355 5283 Ὀκτωϐρίων,
2423 5213 2503 5275 είς
2556 5208 2715 5274 δόξαν
2764 5206 2860 5261 τοῦ
2907 5204 3158 5276 Πατρὺς,
3193 5202 3287 5257 καὶ
3321 5193 3416 5256 τοῦ
3446 5198 3595 5259 Υίοῦ,

334 5307 428 5358 καὶ
459 5305 554 5358 τοῦ
589 5307 745 5374 ἁγίου
780 5308 1122 5379 Πνεῦματος.

418 5398 636 5467 Ἐπειδὴ
651 5399 708 5451 δὲ
734 5400 917 5470 χάριτι
937 5402 1030 5455 τοῦ
1054 5401 1189 5455 Θεοῦ
1220 5403 1643 5473 κατηντήσαμεν
1663 5401 1740 5470 τῷ
1769 5400 1910 5471 λόγῳ

338 5490 417 5553 είς
445 5488 544 5559 τὴν
563 5488 805 5558 εὔσημον
828 5491 1043 5562 ἡμέραν
1070 5494 1171 5563 τῆς
1198 5494 1389 5563 ἑορτῆς
1413 5492 1590 5562 ἡμῶν,
1621 5491 1742 5561 ἣτις
1768 5491 1915 5543 ἐστὶν

236 5589 241 5592 ’
294 5624 301 5627 .
342 5580 375 5650 ὴ
400 5579 668 5646 ἀνάδειξις
695 5580 791 5634 τοῦ
823 5581 1087 5646 ζωοποιοῦ
1130 5584 1387 5655 σταυροῦ,
1437 5582 1568 5653 φέρε
1600 5580 1779 5644 καθὼς
1808 5574 1920 5634 οἷόν

423 5756 467 5788 ³³
491 5755 719 5812 lar-har.
754 5774 866 5824 xiv,
893 5759 983 5817 20.

2088 5393 2354 5462 Quoniam
2369 5405 2515 5455 vero,
2534 5389 2714 5445 divina
2734 5387 3129 5457 nosadjuvante
3141 5384 3337 5453 gratia,
3352 5379 3600 5435 oratione

2022 5484 2388 5556 processimus
2435 5483 2500 5535 ad
2533 5477 2866 5547 splendidam
2907 5476 3027 5532 festi
3063 5473 3238 5532 nostri
3277 5472 3443 5536 diem,
3481 5482 3601 5538 qua).

2026 5587 2107 5635 est
2136 5575 2374 5633 ostensio
2410 5581 2463 5629 et
2516 5571 2774 5630 exaltatio
2815 5578 3014 5628 sanctae
3038 5566 3237 5633 crucis,
3283 5577 3403 5634 age,
3431 5573 3624 5627 quam.
