3950 6200
227 324 365 392 4089

1210 330 1594 394 LAUDATIO
1636 333 1717 393 IN
1761 332 2016 392 APOS'I'.
2061 328 2492 390 DARNABAM.

3344 336 3486 399 taao

229 442 681 514 significationem
702 446 890 500 demus
921 446 1097 514 :quod
1123 448 1269 502 enim
1295 449 1412 518 ejus
1445 449 1541 503 viri
1563 449 1800 517 dignitas
1829 454 1879 508 Α
1907 450 2164 500 mundum
2202 447 2510 517 deri-liquit,
2537 459 2588 501 et
2615 447 2796 500 omnia
2823 463 2940 517 qum.
2965 449 3014 501 in
3035 450 3125 502 illo
3153 463 3297 518 sunt,
3337 471 3488 523 qius-

231 535 491 606 postulat,
527 537 578 590 id
609 537 715 593 tale
741 551 844 606 est,
874 549 931 594 ut
953 555 1168 595 otnnem
1199 543 1502 598 orationem
1531 544 1598 596 ab
1628 558 1694 597 eo
1718 557 1808 595 su-

231 629 406 699 perari
431 627 719 689 fateamur.

303 719 390 774 lll.
439 719 716 776 Laudetur
751 723 916 794 igitur
960 741 989 779 a
1042 727 1200 782 nobis
1229 727 1427 781 inﬁmis
1464 742 1694 795 magnus
1725 725 1812 778 ille

237 811 520 878 apostolus
562 812 863 870 Barnabas.
896 816 1220 880 Celebretur
1249 821 1635 875 consolationis
1674 821 1815 872 ﬁlius

241 901 309 956 ab
343 901 654 956 hominibus
687 905 780 973 qui
842 907 1062 962 Christo
1103 910 1481 962 crediderunt.
1515 909 1816 963 lixtollatur

241 1009 269 1046 a
301 993 493 1060 quovis
519 993 737 1050 homine
763 997 872 1062 ille,
907 1001 997 1064 qtti
1029 1019 1057 1053 a
1091 999 1252 1054 Patre
1281 1003 1396 1070 ipso
1428 1003 1748 1060 honr-ratus.
1788 1019 1815 1054 ιι

239 1081 380 1138 Filio
413 1093 657 1150 vocatus,
683 1097 736 1140 et
767 1104 795 1140 a
820 1089 1022 1159 Spiritu
1045 1104 1232 1148 saneto
1265 1093 1534 1162 perfectus
1563 1103 1664 1149 est.
1686 1093 1822 1147 Bar-

244 1176 432 1240 nabas,
457 1176 698 1248 inquam,
737 1197 964 1250 magnus
995 1183 1248 1238 Ecclesiae
1287 1195 1497 1246 orator,
1531 1187 1620 1240 illa
1655 1201 1819 1240 eran-

245 1267 434 1336 gelica:
464 1269 865 1337 praedicationis
901 1274 1050 1338 tuba,
1082 1289 1274 1343 magna
1311 1274 1514 1330 Christi
1541 1291 1667 1338 vox,
1703 1275 1823 1344 Spi-

247 1361 384 1414 ritus
423 1362 594 1416 sancti
627 1361 859 1428 cithara,
900 1363 1091 1418 divinae
1138 1367 1326 1436 gratia.-
1357 1365 1644 1434 plectrum.
1693 1365 1824 1418 Bar-

247 1453 420 1508 nabas
454 1453 508 1507 in
535 1455 888 1524 expediendis
919 1472 1014 1526 pro
1050 1457 1268 1512 Christo
1300 1457 1452 1512 bellis
1482 1458 1634 1511 utiles
1667 1459 1827 1512 robu-

247 1545 522 1602 stissimus
549 1564 562 1600 :
591 1547 682 1616 qui
707 1563 934 1616 corpore
959 1549 1009 1602 in
1036 1564 1360 1618 corporeum
1400 1551 1632 1614 hostem,
1662 1551 1824 1604 simul

251 1651 476 1692 versans
513 1653 633 1692 cum
661 1639 1031 1708 apostolorum
1068 1641 1332 1707 exercitu,
1363 1641 1688 1693 Vtilitlis‘sitttc
1713 1657 1832 1708 pro-

251 1722 495 1798 ﬂigavit:
535 1729 624 1798 qui
658 1729 922 1784 bonarum
945 1729 1353 1800 disciplinarum
1386 1731 1668 1799 rtligiosus
1695 1745 1830 1798 prac-

251 1796 442 1885 ceptor
479 1796 712 1882 exstitit,
753 1828 808 1872 et
833 1796 1132 1874 Christiani
1177 1820 1337 1874 ovilis
1376 1796 1730 1882 dux‘certus,
1778 1827 1831 1871 et
1868 1796 1906 1849 Β

255 1909 539 1964 rationalis
575 1909 793 1978 quidant
832 1910 1029 1964 summi
1076 1911 1166 1964 Dei
1219 1912 1502 1978 paradisus
1529 1949 1543 1972 ,
1589 1909 1830 1962 omnimn

255 1999 516 2055 virtutum
568 2002 810 2072 germina
865 2001 1114 2056 florentia
1167 2003 1218 2055 in
1265 2017 1321 2054 se
1361 2002 1644 2054 continens
1687 2019 1700 2054 :
1743 1999 1832 2067 qui

258 2092 534 2164 egregium
562 2093 827 2163 quoddam
855 2094 973 2146 fidei
999 2109 1218 2162 germen
1247 2091 1665 2166 fttit,c!tat'ilatis
1685 2106 1832 2154 rosa,

259 2183 644 2239 suavissimum
671 2180 890 2236 odorem
909 2183 1184 2248 emittcns,
1217 2183 1330 2251 spei
1357 2182 1830 2249 DOSllICtll‘l‘tlpltlS,

259 2273 457 2329 divina:
500 2273 690 2344 gratiae
734 2271 942 2327 fructus
981 2274 1446 2341 jm-undissimus,
1498 2275 1641 2327 illius
1689 2275 1832 2336 vitis,

261 2380 382 2434 quae
431 2364 595 2418 vitam
637 2365 890 2418 omnibus
933 2364 1158 2434 pra-bet,
1200 2365 1402 2434 palmes
1443 2365 1636 2418 ferat-is
1674 2365 1835 2429 llllllS,

263 2457 695 2512 immortalitatis
743 2473 1026 2521 racemus,
1078 2458 1181 2510 mel
1221 2457 1526 2522 distillans,
1567 2457 1838 2524 patientia:

269 2548 730 2617 propugnaCulum
769 2551 981 2602 lirtnum
1021 2559 1184 2618 atque
1217 2549 1512 2612 iunnobile,
1553 2547 1838 2604 continen-

267 2637 356 2693 tiae
379 2649 617 2693 sectator
641 2641 710 2692 ita
743 2640 972 2704 validus,
993 2651 1048 2692 ιιι
1073 2656 1288 2694 erucem
1322 2649 1466 2710 gesta
1479 2642 1634 2704 verit,
1655 2649 1706 2692 et
1729 2642 1840 2692 ad-

267 2744 460 2785 versus
485 2729 690 2784 Christi
739 2731 1121 2785 interfectores
1162 2732 1462 2801 intrepidus
1500 2733 1704 2784 militiae
1731 2733 1839 2784 dux

269 2817 458 2884 fuerit,
500 2819 704 2874 Christi
758 2822 1002 2877 cruciﬁxi
1051 2837 1274 2890 germen
1318 2823 1384 2874 ad
1429 2821 1624 2877 ccelum
1673 2837 1844 2888 usque

267 2919 606 2980 protensmn.
663 2913 936 2969 Barnabas
979 2914 1370 2968 consolationis
1409 2915 1575 2979 filius,
1625 2913 1843 2983 pietatis

269 3003 549 3073 magister,
584 3004 706 3058 fidei
732 3005 982 3058 columna
1007 3021 1070 3060 ac
1094 3006 1392 3076 fastigium,
1427 3008 1591 3060 turris
1617 3007 1768 3060 ﬁrma
1790 3015 1846 3060 et

1911 542 2106 614 quilias
2136 541 2393 608 quasdam
2461 541 2634 602 duxit,
2677 551 2731 592 ut
2769 541 3043 594 Christum
3087 553 3292 597 tantum
3327 547 3490 600 lucri-

1911 635 2117 687 faceret
2158 633 2480 686 smculorum
2521 634 2740 700 llegcm.
2789 632 2878 686 [Ile
2917 649 3071 687 suam
3121 649 3336 690 crucem
3370 638 3489 692 sine

1916 725 2257 778 dubitatione
2296 725 2472 792 aliqua
2505 728 2760 792 portavit,
2797 735 2852 778 et
2887 735 2944 778 ιιι
2989 742 3150 782 verus
3190 729 3492 800 discipulus
3572 765 3587 800 ί

1917 824 2163 884 prompto
2199 816 2380 866 animo
2421 813 2698 868 Christum
2741 821 2961 868 secutus
2995 823 3076 868 est
3111 831 3124 868 ;
3164 817 3254 885 qui
3291 818 3493 874 dmno-
3571 821 3582 842 ⁵

1919 923 2014 961 nes
2046 905 2370 976 profligavit,
2392 915 2444 958 et
2481 905 2698 960 diabolo
2723 906 2944 959 vulnera
2976 905 3168 960 inflTxit
3197 925 3211 960 :
3245 909 3334 977 qui
3361 924 3494 980 qua-

1922 1010 2044 1052 tuor
2089 1000 2238 1052 orbis
2271 1008 2536 1051 terrarum
2574 997 2708 1052 fines
2746 999 2901 1050 firmo
2923 1008 2977 1052 ct
3007 1001 3278 1054 constanti
3307 1017 3494 1069 gressu

1923 1092 2252 1161 peragravit,
2284 1071 2334 1144 et
2370 1101 2428 1145 ut
2455 1104 2610 1145 sacer
2633 1106 2695 1145 ac
2723 1091 2916 1152 bonus,
2943 1089 3134 1159 suique
3163 1091 3370 1146 Domini
3395 1096 3496 1148 mi-

1925 1181 2098 1232 nister
2131 1180 2563 1244 amantissimus,
2595 1195 2782 1234 omnes
2817 1191 3004 1248 gentes
3037 1179 3312 1250 Evangelii
3349 1200 3502 1252 prae-

1924 1271 2196 1326 dicatione
2227 1273 2291 1325 ad
2336 1272 2538 1326 Christi
2581 1271 2737 1326 fidem
2775 1273 3066 1329 convertit.
3100 1275 3194 1328 Ille
3228 1292 3287 1330 se
3325 1278 3503 1332 domi-
3533 1315 3538 1332 .

1925 1362 2107 1414 cilium
2161 1373 2404 1432 paralmn
2442 1364 2690 1433 praebuit,
2731 1365 2784 1416 in
2820 1381 2928 1434 quo
2969 1366 3210 1434 ejusdem
3255 1371 3506 1424 essentia:

1929 1455 2199 1522 particeps
2242 1455 2526 1509 Trinitatis
2561 1455 2872 1519 habitaret,
2918 1459 3120 1527 quique
3159 1462 3358 1515 summi
3410 1461 3505 1516 Dei

1931 1543 2186 1611 templum
2215 1545 2368 1598 lierct
2409 1564 2421 1597 :
2456 1544 2752 1610 Barnabas,
2789 1546 3032 1615 inquam,
3065 1549 3389 1619 Cypriorum
3425 1552 3508 1604 in-

1929 1634 2082 1702 signe
2113 1643 2518 1702 ornamentum,
2551 1647 2606 1692 et
2639 1639 2787 1692 orbis
2823 1649 3092 1692 terrarum
3140 1654 3510 1713 propugnator

1933 1725 2388 1796 i'neXpngnabilis.
2407 1730 2496 1796 qui
2517 1728 2790 1782 Christum
2816 1733 2990 1796 ipsum
3010 1733 3204 1786 tnirnm
3223 1735 3273 1786 in
3295 1735 3510 1788 modum

1935 1816 2149 1879 dilexit,
2176 1827 2230 1870 et
2263 1833 2360 1886 pro
2385 1819 2500 1888 ipso
2519 1820 2764 1887 quotidie
2788 1821 3026 1874 animatn
3054 1826 3508 1894 suamesposnit:

1933 1908 2024 1974 qui
2057 1923 2197 1960 nunc
2234 1923 2336 1961 una
2372 1925 2492 1962 cum
2529 1910 2616 1962 illo
2647 1910 2698 1962 in
2741 1911 2893 1965 cwlis
2934 1922 3146 1982 regnat,
3183 1923 3236 1968 et
3263 1915 3516 1970 omnibus

1937 1998 2154 2052 sacculis
2196 2000 2466 2067 regnabit.

2009 2089 2097 2146 IV.
2141 2089 2357 2144 Defessa
2390 2101 2472 2143 est
2500 2093 2674 2144 oratio
2708 2103 2917 2158 nostra,
2956 2096 3080 2148 dmn
3113 2095 3510 2160 admirabilem,

1939 2181 2181 2234 divinum
2215 2191 2266 2231 et
2301 2181 2704 2248 optatissimum
2741 2183 3045 2251 apostolum
3081 2181 3382 2236 Barnabam
3407 2183 3520 2234 latt-

1940 2270 2098 2324 dibus
2155 2269 2418 2325 estollerc
2471 2272 2640 2339 cupit,
2691 2285 2854 2340 atque
2906 2275 3217 2338 contendit,
3267 2274 3520 2344 quodque

1941 2361 2135 2415 mirum
2191 2371 2295 2424 est,
2335 2362 2570 2416 nondum
2617 2363 2680 2415 ad
2717 2365 3000 2416 exordium
3043 2364 3306 2432 pervenit.
3353 2363 3520 2432 llujus

1941 2455 2086 2507 enim
2119 2453 2454 2507 admirabilis
2487 2454 2584 2507 viri
2613 2455 2801 2507 laudes
2831 2454 3066 2522 majores
3095 2466 3241 2518 sunt,
3270 2471 3430 2524 quam
3465 2467 3522 2510 ut

1946 2554 2130 2598 nostra
2180 2542 2359 2596 oratio
2404 2543 2522 2596 illas
2573 2545 2842 2613 attingere
2888 2545 3084 2612 possit.
3125 2543 3323 2597 Earum
3362 2544 3528 2615 igitur

1945 2636 2348 2702 tractationem,
2377 2648 2436 2689 ut
2460 2636 2803 2690 orationibus
2835 2637 3034 2690 nostris
3056 2635 3338 2705 majorem,
3356 2637 3524 2690 omit-

1947 2738 2142 2794 tentes,
2179 2743 2348 2798 pauca
2399 2727 2644 2798 quaedam
2677 2727 2744 2782 de
2776 2725 2892 2794 ejus
2918 2728 3025 2782 vita
3077 2737 3128 2783 et
3161 2731 3422 2800 martyrio
3459 2732 3526 2782 ab

1947 2831 2170 2876 auctore
2201 2820 2540 2876 Stromatum
2573 2820 2876 2886 Clemente,
2917 2820 3258 2891 aliorumque
3277 2833 3519 2879 veterum

1947 2914 2230 2967 hominum
2267 2913 2506 2982 scriptis,
2558 2915 2784 2981 repetita
2817 2915 2989 2980 vobis,
3022 2917 3316 2970 venerandi
3361 2919 3524 2970 andi-

1951 3015 2116 3072 tores,
2141 3019 2432 3074 exponam,
2465 3016 2519 3058 et
2556 3007 2627 3058 ita
2667 3007 2967 3062 narrationi
3006 3007 3131 3062 huic
3161 3008 3320 3062 finem
3355 3009 3529 3078 impo-

273 3096 589 3161 immobilis,
615 3095 1022 3152 fundamentum
1049 3099 1260 3160 stabile.
1285 3109 1337 3152 et
1363 3099 1579 3169 crepida
1614 3099 1844 3153 iudisso-
1875 3133 1916 3188 α
1951 3115 2162 3165 nemus,
2201 3099 2402 3153 divinis
2449 3097 2670 3154 Litteris
2702 3103 3084 3167 concedentes,
3128 3113 3188 3157 ut
3231 3103 3387 3170 hujus
3422 3104 3528 3162 viri

275 3183 478 3252 lubilis,
511 3201 701 3240 saxum
736 3188 1043 3250 immotum,
1078 3187 1671 3259 fluctuantinm‘portns
1691 3191 1849 3244 valde

282 3279 624 3343 tranquillus,
653 3281 828 3336 fidelis
865 3291 918 3335 et
953 3283 1188 3350 prudens
1225 3283 1586 3351 dispensator,
1615 3284 1848 3338 archite-

282 3380 400 3424 ctus
438 3372 808 3428 nobilissimus
839 3394 850 3427 :
893 3375 982 3444 qui
1007 3375 1280 3429 t-mlestem
1323 3377 1373 3427 in
1411 3375 1571 3429 terris
1603 3379 1853 3430 semitam

283 3461 474 3520 tenuit,
508 3471 561 3513 et
603 3476 786 3528 parem
828 3464 1034 3530 angelis
1067 3464 1230 3515 vitam
1258 3463 1410 3515 duvit
1439 3482 1452 3516 :
1491 3464 1580 3530 qui
1609 3463 1707 3514 luit
1756 3462 1856 3516 Ec-

251 3545 574 3602 'c.tcsiarum
649 3561 940 3620 patronus,
996 3553 1212 3620 adjutor
1282 3569 1612 3621 pauperum,
1673 3554 1860 3622 inopes

287 3642 499 3696 abunde
525 3644 790 3708 nutriens,
824 3643 1118 3696 viduarum
1147 3644 1471 3709 consolatio,
1497 3656 1550 3698 et
1578 3645 1852 3713 orphano‘

289 3751 406 3787 rum
439 3735 893 3802 diligentissimus
926 3747 1254 3804 procurator
1279 3752 1341 3790 ac
1373 3745 1546 3807 pater.
1583 3737 1864 3792 Barnabas

288 3822 492 3878 Christi
521 3824 905 3894 mysteriorum
934 3824 1248 3890 thesaurus,
1275 3827 1702 3880 orthodoxorum
1730 3841 1863 3881 san-

290 3927 392 3970 cla:
423 3913 516 3970 Dei
544 3915 801 3971 Ecclesia:
832 3919 1150 3987 dogmatu'm
1185 3919 1452 3982 minister,
1481 3917 1863 3986 aegrotandum

293 4007 534 4062 medicus
559 4008 822 4074 liberalis,
849 4024 1014 4064 sanos
1048 4019 1102 4063 et
1123 4009 1365 4064 Valentes
1395 4011 1668 4073 homines,
1715 4009 1866 4062 firma

293 4101 769 4169 certaque'auimi
810 4102 1152 4170 jucunditate
1229 4101 1500 4167 alliciens,
1570 4101 1866 4172 Christiani

297 4193 475 4261 gregis
505 4202 692 4248 custos
736 4193 1209 4263 vigilantissimus,
1252 4195 1304 4248 in
1341 4196 1499 4249 terris
1530 4209 1779 4256 manens,
1818 4203 1871 4247 et

297 4287 349 4338 in
404 4286 562 4340 caelis
606 4285 717 4339 vita
770 4297 932 4355 atque
999 4285 1340 4340 institutione
1387 4301 1608 4340 versans
1647 4301 1661 4338 :
1701 4287 1869 4352 quiin

301 4379 502 4431 mundo
531 4378 749 4448 pietatis
777 4379 1028 4447 dogmata
1060 4378 1208 4433 clara
1227 4389 1280 4433 et
1308 4379 1414 4432 alta
1445 4392 1578 4433 voce
1605 4377 1872 4448 pradica-

302 4471 396 4534 vit,
425 4479 480 4522 et
508 4471 564 4523 in
591 4470 747 4524 caelis
776 4469 1168 4538 sempiternam
1201 4484 1458 4524 coronam
1490 4472 1694 4539 recepit
1734 4489 1746 4524 :
1781 4469 1872 4539 qni
1907 4461 1951 4517 Ι)

300 4562 399 4616 fuit
437 4564 676 4631 gentium
711 4564 840 4631 dux,
885 4566 950 4617 ad
982 4567 1148 4619 Deum
1197 4580 1291 4622 eas
1327 4567 1651 4636 perducens,
1691 4577 1745 4620 et
1773 4565 1874 4620 Ec-

299 4655 584 4710 clesiarum
625 4658 716 4711 Dei
759 4657 1107 4713 beatissimus
1137 4673 1334 4728 praeco,
1383 4673 1606 4730 campus
1653 4659 1874 4728 quidam

303 4747 714 4805 beneolentibns
745 4751 946 4806 Christi
986 4750 1207 4807 floribus
1245 4753 1658 4816 refertissinms,
1702 4753 1873 4806 virtu-

305 4849 413 4893 tum
466 4841 743 4896 caelestem
786 4845 1006 4896 odorem
1046 4843 1369 4910 spirantium
1415 4844 1688 4911 quoddam
1725 4856 1872 4896 rose-

308 4941 440 4998 tum,
467 4931 668 4987 Christi
709 4933 1006 5004 gratiarum
1046 4947 1175 5002 ager
1208 4933 1578 5010 fertilissimus
1611 4952 1624 4987 :
1659 4933 1750 5002 qui
1797 4935 1878 4988 vi-

311 5037 418 5080 tam
464 5027 623 5080 valde
652 5027 927 5080 sinceram
980 5040 1044 5078 ac
1073 5039 1264 5093 puram
1313 5025 1366 5079 in
1395 5025 1558 5080 terris
1593 5026 1878 5096 transegit,

309 5125 418 5168 tam
450 5125 596 5171 recte
624 5115 676 5168 in
704 5126 847 5167 terra
873 5113 1084 5180 vivens,
1116 5127 1278 5182 quam
1315 5113 1492 5182 angeli
1519 5113 1615 5184 ipsi
1649 5113 1701 5168 in
1726 5114 1880 5168 caelis

308 5207 518 5260 \ivunt.
556 5207 703 5260 Idem
750 5205 1014 5258 virtutum
1045 5204 1438 5260 exercitatione
1465 5205 1712 5276 insignis,
1751 5220 1882 5260 cou-

312 5297 750 5366 templationibus
797 5305 850 5350 et
903 5297 1182 5350 miraculis
1226 5307 1515 5367 praestans,
1551 5298 1882 5368 virginitatis

310 5391 600 5458 margarita
648 5391 890 5460 quantam
944 5390 1199 5460 pretiosa,
1239 5400 1291 5444 et
1343 5393 1611 5446 castitatis
1646 5392 1885 5463 beryllus

313 5485 1076 5552 .cctissimus,"tetnperantia:
1119 5500 1328 5552 gemma
1369 5486 1679 5553 purissima,
1720 5485 1880 5540 Chri—

310 5586 450 5632 stum
479 5576 528 5630 in
558 5591 617 5628 se
651 5576 955 5640 loquentem
996 5575 1222 5639 habens,
1257 5575 1484 5630 electum
1517 5575 1606 5631 Dei
1643 5594 1754 5642 ras,
1793 5565 1905 5647 qui.

389 5751 417 5830 ‘_
445 5757 561 5814 Act.
598 5773 671 5824 st,
711 5756 798 5812 ‘24.

1955 3199 2171 3255 semper
2214 3185 2484 3240 decantati
2532 3195 2587 3239 et
2625 3187 2962 3244 celeberrimi
3027 3201 3191 3260 caput
3240 3191 3535 3260 magniﬁco

1959 3279 2050 3333 illo
2091 3280 2363 3348 prtecouio
2391 3291 2656 3334 coronent
2686 3300 2700 3336 :
2733 3280 2864 3336 Erat
2912 3281 3188 3338 Barnabas
3215 3286 3292 3339 vir
3347 3285 3536 3350 bonus,

1959 3385 2008 3426 et
2039 3373 2226 3439 plenus
2251 3371 2454 3440 Spiritu
2495 3383 2680 3428 sancto
2713 3383 2764 3430 et
2792 3376 2898 3444 ﬁde
2929 3376 2970 3430 ³.
3001 3377 3140 3442 Quid
3171 3377 3295 3430 huic
3325 3392 3539 3447 praco-

1968 3463 2054 3515 nio
2088 3479 2206 3532 par,
2237 3473 2328 3516 aut
2355 3479 2590 3528 unquam
2623 3465 2722 3518 fuit
2757 3465 2976 3519 simile?

2041 3552 2106 3605 γ.
2131 3554 2322 3604 Ortum
2344 3551 2495 3604 duxit
2513 3553 2859 3608 beatissimus
2879 3553 2969 3608 hic
2989 3554 3071 3608 vir
3087 3555 3152 3609 de
3169 3555 3540 3610 laudatissima

1967 3643 2054 3694 illa
2089 3645 2229 3695 tribu
2265 3641 2416 3705 Levi,
2452 3657 2520 3694 ex
2567 3657 2670 3710 qua
2719 3641 2894 3697 Moses
2931 3645 3222 3710 et-Aaron,
3255 3647 3432 3714 magni
3465 3648 3540 3703 illi

1970 3734 2060 3788 Dei
2103 3733 2380 3803 propheta!
2439 3743 2488 3788 et
2527 3733 2706 3803 populi
2759 3734 3050 3804 aptimates
3079 3746 3257 3791 ortum
3315 3737 3541 3802 duxere,

1971 3827 2125 3896 cujus
2151 3825 2488 3894 cognatimtis
2512 3824 2676 3879 etiam
2721 3824 2939 3880 Samuel
2970 3827 3231 3896 propheta
3271 3829 3545 3898 particeps

1971 3919 2093 3973 fuit.
2152 3919 2280 3989 Ejus
2318 3930 2496 3972 autem
2553 3919 2739 3987 proavi
2775 3919 3043 3979 bellorum
3084 3935 3246 3976 causa
3296 3935 3418 3975 cum
3475 3923 3544 3975 ad

1971 4013 2297 4083 Cypriorum
2358 4013 2632 4083 regionem
2695 4013 3096 4082 migravissent,
3149 4029 3302 4082 aequo
3364 4015 3549 4066 animo

1973 4103 2084 4156 illic.
2117 4101 2455 4157 habitabant.
2492 4102 2660 4156 Erant
2711 4113 2892 4158 autem
2939 4104 3042 4158 viri
3079 4104 3365 4158 admodum
3421 4104 3549 4158 reli-

1974 4195 2132 4266 giosi,
2169 4195 2257 4251 Dei
2288 4195 2458 4263 legem
2487 4203 2884 4258 reverentes,et
2914 4195 3066 4250 valde
3099 4181 3326 4250 divites:
3361 4211 3548 4264 quant-

1975 4291 2163 4343 obrem
2203 4295 2257 4343 et
2304 4287 2692 4358 Hierosolymis
2728 4287 3014 4342 facultates
3051 4286 3248 4342 nmltas
3299 4287 3547 4354 posside-

1976 4384 2126 4444 bant,
2159 4388 2213 4434 et
2260 4394 2447 4448 agrum
2483 4394 2650 4448 prope
2680 4379 2866 4432 urbem
2916 4378 3061 4433 illam
3105 4378 3551 4446 pulcherrimum,

1983 4488 2088 4528 non
2127 4472 2298 4527 solum
2330 4471 2570 4525 onmimn
2623 4486 2882 4540 generum
2917 4471 3208 4524 fructuosis
3258 4471 3556 4525 arboribus

1981 4564 2305 4633 elegantem,
2344 4563 2436 4617 sed
2464 4562 2815 4616 :edificiorum
2847 4561 3212 4632 magnitudine
3254 4560 3406 4616 Valde
3435 4561 3555 4614 illu—

1985 4666 2174 4708 strem.
2208 4655 2286 4708 lix
2317 4668 2423 4722 quo
2446 4654 2590 4708 enim
2625 4663 2868 4721 tempore
2893 4655 3056 4706 Isaias
3079 4654 3336 4722 prOpheta
3370 4654 3440 4706 ita
3479 4669 3556 4705 re-

1987 4746 2141 4814 liquit
2169 4745 2466 4813 scriptum:
2517 4745 2736 4810 Beatus,
2783 4746 2871 4814 qui
2899 4745 3049 4797 habet
3082 4761 3253 4798 rerum
3306 4745 3358 4797 iu
3401 4743 3552 4805 Sion,

1986 4847 2031 4890 et
2063 4841 2274 4890 domum
2307 4839 2359 4889 in
2387 4834 2683 4890 Jerusalem
2709 4853 2727 4900 ;
2758 4839 2894 4889 hanc
2928 4835 3044 4902 ejus
3079 4836 3418 4906 pt'upbctiam
3450 4835 3544 4889 lle-

1989 4930 2257 4983 bra‘orum
2311 4927 2712 4996 lilii'corporeo
2743 4941 2902 4980 sensu
2943 4929 3462 4996 interpretabantur,
3504 4937 3560 4981 ct

1990 5021 2292 5076 ditissimus
2347 5020 2576 5089 quisque
2625 5021 2789 5072 dabat
2841 5035 3088 5090 opt-ram,
3139 5029 3196 5074 ut
3247 5021 3448 5089 aliquid
3505 5021 3560 5074 in

1990 5114 2125 5168 urbe
2155 5111 2526 5180 Hierosolyma
2558 5112 2878 5180 possideret.
2911 5111 3046 5166 Cum
3087 5127 3218 5168 vero
3249 5112 3300 5166 in
3337 5111 3560 5184 Cyprio-

1992 5221 2108 5259 ιιιιιι
2144 5205 2367 5273 regione
2405 5213 2566 5258 natus
2601 5202 2743 5259 esset
2781 5203 2888 5269 hic,
2921 5205 2987 5258 de
3016 5219 3124 5274 quo
3153 5205 3464 5267 scribimus,
3509 5216 3561 5257 ιι

1991 5308 2247 5367 parentes
2275 5297 2571 5365 elegantem
2598 5313 2821 5366 puerum
2857 5297 3140 5359 vidissent,
3159 5297 3338 5350 statim
3367 5294 3564 5363 Just-ph

1991 5405 2112 5446 eum
2151 5391 2518 5455 nominarunt,
2562 5405 2786 5458 puerum
2845 5407 3000 5443 suum
3056 5389 3378 5459 patriarclnc
3422 5389 3564 5442 illius

1993 5483 2353 5552 appellatione
2391 5484 2744 5535 limioraulrs.
2796 5479 3017 5534 Factum
3052 5496 3181 5534 veru
3223 5491 3328 5543 cst,
3361 5493 3415 5532 nt
3441 5495 3564 5534 cum

1995 5577 2228 5632 nominis
2275 5576 2655 5648 appellatone,
2709 5591 2914 5629 ll.0lttlll
2949 5575 3110 5628 etiam
3141 5574 3390 5628 nobilitas
3433 5589 3563 5626 cum
