3968 6198
410 286 546 352 4091

1591 276 2035 340 ALEXANDRI
2065 274 2411 337 MONACIII

3546 271 3693 336 4092

409 403 641 466 veniret,
672 400 716 456 si
748 400 870 472 quis
896 400 1038 455 enim
1067 414 1256 455 vocem
1290 400 1450 461 hanc,
1488 395 1710 464 loscpb.
1741 396 2008 463 intcrpre-
2037 405 2081 454 Α
2116 401 2175 445 ιιι
2213 392 2546 461 ingressione
2575 398 2664 444 tua
2696 388 2913 443 famulis
2945 387 3054 442 luis
3082 386 3398 442 beacdicas.
3436 386 3566 456 Ejus
3598 404 3696 458 pa-

412 506 576 561 tetur,
620 492 857 550 inveniet
881 494 1019 546 idem
1050 492 1228 543 valere
1255 490 1395 558 quod
1423 488 1514 542 Dei
1548 488 1999 549 additamentum;

412 587 625 640 additus
664 585 806 639 enim
844 582 944 636 fuit
977 596 1008 635 a
1041 581 1150 635 Deo
1178 580 1359 650 justus
1391 580 1480 634 hic
1523 579 1604 632 vir
1632 576 2000 647 apostolorum

408 677 597 739 coetui,
629 684 682 728 et
714 689 876 728 sacro
902 683 1218 726 sanctorum
1253 671 1554 726 consortio.
1589 670 1670 724 Ad
1706 670 1820 723 haec
1848 682 2001 722 eam-

409 768 530 821 dem
582 782 791 829 vocem,
845 766 939 821 Dei
990 766 1222 837 gloriam
1281 763 1627 835 interpretari
1691 777 1998 832 possumus.

406 858 596 927 Neque
627 858 912 928 quisquam
960 868 1111 926 putet
1158 857 1381 909 verbum
1449 855 1550 907 hoc
1598 850 2000 921 exsuperantite

408 964 569 1002 causa
607 949 837 1013 dictum,
873 946 965 1001 sed
994 963 1022 1000 a
1049 947 1248 1000 divinis
1280 944 1505 999 Litteris
1532 954 1806 1013 sumptum
1837 942 1996 995 sciat.

405 1042 498 1095 Ait
534 1040 675 1093 enim
708 1038 941 1094 Paulus:
994 1037 1086 1092 Vir
1123 1053 1228 1091 non
1257 1036 1403 1089 debet
1437 1044 1595 1103 caput
1639 1044 1827 1103 regere,
1876 1048 1995 1085 cum

406 1133 474 1187 sit
524 1133 701 1199 imago
745 1141 793 1183 et
858 1130 1030 1200 gloria
1084 1128 1183 1181 Dei
1232 1128 1275 1182 ⁸.
1308 1126 1460 1194 Quod
1500 1127 1544 1181 si
1597 1126 1771 1178 virum
1805 1139 1998 1193 qut-m-

407 1241 641 1294 cunque.
686 1223 974 1291 imaginem
1032 1220 1120 1274 Dei
1172 1229 1235 1272 ’et
1283 1219 1513 1287 gloriam
1544 1216 1879 1270 lectissimus
1904 1215 1997 1269 ille

332 1308 341 1315 ’
405 1318 684 1387 aposmlus
717 1315 1027 1385 appellavit,
1061 1312 1187 1381 quid
1234 1313 1480 1366 dicemus
1525 1313 1590 1366 de
1626 1311 1729 1365 hoc
1772 1311 1890 1364 viro
1938 1308 1991 1362 in

408 1413 571 1464 rebus
608 1410 807 1463 divitiis
841 1405 1290 1477 perfectissimo?

476 1502 566 1556 VI.
597 1503 731 1556 Cum
760 1515 886 1553 vero
915 1499 1194 1553 Barnabas
1218 1499 1334 1566 ipse
1358 1495 1707 1557 adolevisset,
1737 1494 1883 1548 illum
1940 1495 1993 1548 in

406 1597 596 1650 urbem
636 1592 1070 1663 Hierosolymam
1100 1598 1355 1659 parentes
1382 1586 1775 1654 perduxerunt,
1806 1594 1859 1638 et
1891 1584 1997 1639 Ga-

407 1687 607 1740 tttalicli
673 1686 842 1753 legem
906 1698 968 1735 ac
1029 1681 1321 1749 prophetas
1376 1680 1669 1747 diligenter
1717 1677 1997 1729 edocendo

409 1781 769 1839 tradiderunt,
820 1776 909 1843 qui
960 1784 1012 1827 et
1055 1773 1301 1835 Paulum,
1338 1780 1463 1821 tunc
1498 1769 1721 1820 Sunium
1754 1768 1993 1834 appella-

409 1881 544 1939 tum,
576 1866 1016 1935 condis‘cipulnm
1062 1865 1311 1917 habebat.
1345 1859 1603 1922 Unctitlic
1630 1875 1758 1913 vero
1795 1857 1998 1911 Barna-

411 1964 508 2015 bas
575 1962 748 2030 magis
803 1959 1143 2026 proliciehat,
1180 1966 1291 2008 tttnt
1349 1953 1621 2016 doctrina,
1668 1961 1779 2005 tum
1849 1951 1997 2004 omni

410 2055 638 2117 virtute,
699 2052 937 2104 nondum
1003 2059 1182 2101 tamen
1250 2047 1315 2099 ad
1373 2044 1686 2099 Levitarttm
1750 2043 1999 2096 ordinem

409 2154 739 2216 aggregatus
794 2139 1088 2203 fuerat,eo
1137 2138 1280 2208 quod
1336 2152 1443 2189 non
1506 2145 1626 2188 erat
1674 2142 1837 2187 relate
1886 2131 1997 2196 illa,

411 2252 576 2305 quam
609 2250 669 2287 ea
723 2248 809 2286 res
846 2230 1158 2300 postulabat
1187 2246 1201 2282 :
1238 2227 1415 2279 adhuc
1444 2225 1589 2279 enim
1620 2239 1741 2277 cum
1774 2221 2001 2291 ephebis

414 2324 824 2380 numerabatur.
856 2322 970 2375 Non
999 2331 1180 2373 tamen
1210 2336 1237 2372 a
1272 2317 1474 2385 templo
1505 2314 1842 2375 discedebat,
1871 2328 1997 2367 cum

413 2419 471 2472 in
500 2416 726 2487 jejunus
758 2431 820 2468 ac
852 2413 1105 2483 prt'Ciiius
1134 2412 1221 2464 die
1268 2425 1331 2465 ac
1372 2420 1529 2463 nocte
1563 2416 1895 2461 versaretur.
1925 2406 2001 2459 Ita

411 2524 545 2564 vero
586 2513 733 2576 teges
765 2516 820 2560 et
852 2506 1058 2573 reliqua
1090 2503 1267 2557 divina
1301 2502 1504 2570 scripta
1541 2500 1857 2553 memoriter
1886 2513 2006 2568 pro-

413 2601 728 2660 nuntiabat.
754 2607 813 2652 ttt
852 2598 1154 2650 litterarum
1187 2594 1541 2649 monimentis
1568 2607 1677 2647 non
1710 2592 1999 2659 indigeret,

412 2693 760 2761 quietemque
801 2690 975 2758 ipsam
1011 2699 1118 2741 tam
1153 2687 1373 2741 charam
1412 2686 1665 2746 habebat,
1704 2694 1763 2738 ttt
1793 2694 2002 2751 tempe-
2035 2724 2045 2739 ι

414 2785 607 2838 rantiie
649 2793 876 2837 tnatrem
918 2781 1060 2834 illam
1093 2795 1213 2834 esse
1241 2780 1485 2833 duceret.
1511 2775 1853 2832 Perniciosas
1873 2792 2006 2833 vero

411 2877 690 2929 hominum
707 2873 1128 2927 consuetudines
1146 2875 1558 2934 exsecrabatur,
1574 2885 1637 2924 ac
1656 2870 2008 2925 vehementer

414 2970 672 3038 fugiebat.
701 2984 894 3037 purum
920 2976 974 3021 et
1005 2982 1032 3019 a
1062 2966 1207 3018 vitiis
1242 2964 1501 3017 intactum
1535 2964 1772 3030 seipsum
1796 2964 1867 3017 ita
1888 2975 2012 3017 con‘

2025 1735 2072 1795 B

2107 483 2283 537 titinni
2316 485 2573 539 Christus
2608 481 2867 536 Dominus
2900 494 3159 535 assensus
3190 490 3316 545 est;
3359 494 3522 549 quem
3570 496 3692 533 mu-

2105 581 2205 634 lier
2252 578 2345 632 illa
2407 575 2561 630 valde
2616 575 2737 629 lreta
2796 575 2850 629 ln
2892 573 3231 629 ctenacnlum
3258 587 3414 625 suum
3458 573 3692 642 accepit.

2103 672 2181 727 Ex
2217 672 2308 726 illo
2349 670 2513 740 igitur
2544 669 2655 733 die,
2702 668 2916 738 quoties
2956 667 3215 721 Dominus
3260 664 3692 737 Hierosolymam

2104 766 2369 828 venisset,
2410 764 2519 818 illic
2545 778 2650 815 una
2673 777 2797 817 cum
2833 760 3115 829 discipulis
3145 760 3258 813 suis
3289 759 3692 823 diversabatur,

2107 859 2429 928 quibuscum
2457 866 2506 911 et
2541 854 2747 908 Pascha
2779 853 2889 907 illic
2920 851 3069 916 fecit,
3115 849 3205 904 ubi
3234 861 3287 903 et
3311 851 3698 922 mysteriorum

2101 958 2442 1005 sacramenta
2478 950 2694 1004 eosdem
2727 946 3026 1015 discipulos
3057 960 3189 1001 suos
3215 944 3452 999 edocuit.
3494 943 3700 998 Sermo

2101 1042 2244 1096 enim
2276 1040 2494 1109 quidam
2529 1056 2557 1092 a
2592 1037 2847 1092 Patribus
2883 1035 3114 1089 traditus
3177 1035 3242 1087 ad
3278 1049 3378 1088 nos
3420 1032 3699 1101 pervenit,

2101 1131 2358 1199 eum,qui
2395 1129 2643 1199 lagenam
2687 1142 2843 1194 aqua:
2887 1125 3161 1193 portabat,
3207 1138 3365 1191 quem
3427 1123 3699 1175 Dominus

2101 1224 2216 1294 ipse
2243 1220 2524 1290 discipulis
2551 1218 2666 1273 suis
2714 1217 2974 1286 praecepit
3005 1224 3062 1268 ut
3123 1224 3508 1284 sequerentur,
3545 1211 3697 1266 Mar-

2100 1329 2222 1367 cum
2257 1313 2424 1367 ftiiSse
2465 1313 2637 1366 beata:
2669 1311 2812 1365 illius
2861 1306 3042 1363 Maria:
3089 1308 3278 1362 lilium.
3318 1305 3473 1375 Quod
3504 1318 3697 1360 autem

2101 1404 2251 1458 illum
2282 1404 2542 1457 Dominus
2573 1418 2681 1456 non
2730 1401 3049 1463 nominarit,
3100 1399 3192 1453 sed
3228 1399 3461 1455 dixerit:
3493 1395 3583 1451 Ite
3626 1398 3699 1450 ad

2099 1496 2374 1566 quemdam
2406 1495 2457 1559 ";
2509 1495 2847 1564 providentia
2899 1492 3133 1560 quadam
3168 1490 3369 1546 factum
3417 1500 3523 1555 est,
3549 1491 3701 1544 sicut

2101 1588 2296 1643 Patres
2326 1589 2499 1641 sancti
2532 1586 2707 1640 locum
2771 1586 2915 1639 hunc
2965 1586 3389 1652 interpretantes
3412 1583 3698 1649 dixerunt,

2100 1690 2159 1732 ut
2186 1696 2243 1733 re
2283 1682 2515 1733 obscure
2546 1680 2691 1733 dicta
2727 1678 2827 1732 hoc
2858 1693 2957 1731 nos
2990 1677 3234 1741 doceret,
3274 1674 3568 1728 Dominum
3599 1671 3700 1729 Je-

2102 1788 2220 1825 sntn
2274 1772 2417 1837 apud
2474 1786 2595 1825 eum
2645 1771 2936 1834 diversari,
2984 1770 3299 1840 quicunque
3346 1783 3408 1823 se
3442 1777 3700 1837 paratum

2101 1864 2326 1933 pra'het.
2356 1867 2409 1915 ltt
2441 1864 2527 1916 illo
2555 1863 2717 1928 igitur
2742 1863 2860 1930 ipso
2883 1860 3167 1916 C(Bttttcttlo
3196 1858 3455 1914 Dominus
3483 1858 3700 1913 Pascha

2103 1957 2253 2020 fecit,
2292 1958 2343 2008 in
2378 1956 2469 2009 illo
2504 1955 2758 2024 apparuit
2785 1953 3007 2008 Thmth
3033 1952 3298 2019 apostolo,
3325 1969 3446 2004 cum
3479 1966 3508 2004 a
3547 1967 3703 2005 mor-

2105 2049 2211 2104 tuis
2248 2049 2578 2102 surrexisset
2607 2049 2669 2101 ἰε
2709 2048 2856 2110 illuc,
2894 2058 3182 2117 postquam
3217 2043 3373 2101 Jesns
3400 2048 3451 2100 itt
3487 2049 3699 2102 caelum

2104 2150 2415 2207 assumptus
2450 2142 2558 2202 esi,
2584 2139 2834 2208 discipuli
2863 2156 2983 2191 cum
3015 2139 3237 2204 reliquis
3269 2138 3529 2192 fratribus
3557 2155 3700 2196 cen—

2104 2241 2216 2285 tum
2265 2231 2483 2301 viginti,
2530 2231 2580 2282 itt
2614 2230 2811 2298 quibus
2851 2240 3009 2283 erant
3055 2228 3334 2283 Barnabas
3364 2241 3418 2283 et
3448 2227 3699 2297 Marcus,

2106 2337 2171 2378 ex
2222 2334 2405 2376 monte
2438 2322 2718 2376 Olivarnm
2772 2321 3230 2375 convenerunt’:
3270 2322 3393 2376 illuc
3450 2322 3703 2390 Spiritus

2106 2424 2330 2468 sanctus
2364 2414 2414 2465 itt
2445 2412 2646 2483 linguis
2675 2414 2847 2482 igneis
2885 2411 2949 2465 ad
2993 2412 3287 2480 discipulos
3327 2414 3610 2467 desisendit
3639 2415 3698 2468 in

2106 2506 2194 2560 die
2242 2505 2595 2561 Pentecostcs
2628 2505 2671 2536 ¹⁶
2703 2521 2719 2571 ;
2751 2504 2864 2559 illic
2894 2504 3152 2556 collocata
3199 2521 3340 2557 nunc
3371 2517 3452 2559 est
3494 2520 3700 2575 magna

2106 2609 2159 2654 et
2188 2599 2532 2653 Sanctissima
2560 2599 2714 2661 Sion,
2743 2600 2985 2653 omnium
3024 2598 3387 2652 Ecelesiarum
3427 2600 3699 2652 maxima.

2181 2690 2313 2746 Vlll.
2358 2691 2510 2746 Tunc
2542 2689 2671 2746 vero
2700 2690 2976 2745 Barnabas
3020 2703 3241 2747 secutus
3272 2701 3358 2746 est
3402 2691 3702 2744 Dominum

2110 2792 2472 2837 revertentem
2509 2785 2577 2838 ab
2603 2783 2994 2855 Hierosolymis
3017 2785 3069 2837 itt
3106 2783 3406 2840 Galilaeam.
3438 2784 3573 2838 Cum
3598 2800 3709 2838 an-

2112 2885 2219 2929 tem
2260 2876 2414 2929 mnlti
2465 2876 2707 2944 undique
2765 2879 2830 2930 ad
2892 2875 3179 2930 Dominum
3225 2878 3597 2940 convenirent,
3646 2889 3708 2932 et

2110 2968 2228 3036 ejus
2259 2968 2415 3020 fidem
2441 2979 2820 3037 sequerentur,
2850 2966 2986 3020 dixit
3011 2967 3295 3035 discipulis
3323 2970 3471 3022 suis:
3500 2967 3706 3023 Messi:

412 3079 657 3128 servans,
689 3073 745 3115 ut
771 3061 985 3115 virtutis
1006 3067 1151 3114 esset
1179 3061 1452 3127 specimen
1485 3056 1779 3126 quoddam.
1800 3057 2004 3123 Quam-
2032 3080 2075 3139 ο
2112 3058 2319 3130 quidem
2351 3057 2537 3121 multa,
2570 3058 2799 3127 operarii
2838 3071 3011 3111 autem
3037 3058 3213 3125 pauci.
3246 3058 3289 3091 “
3328 3058 3515 3128 Itaque
3551 3058 3707 3116 desi-

413 3158 601 3211 obrem
634 3156 773 3222 apud
789 3168 979 3207 omnes
995 3152 1395 3206 existimatione
1413 3160 1463 3204 et
1486 3150 1654 3219 gloria
1685 3147 1931 3203 ﬂorebat.

483 3246 598 3302 VII.
658 3246 872 3300 Accidit
923 3254 1128 3305 autem,
1185 3252 1247 3295 ιιι
1283 3251 1525 3311 tempore
1582 3241 1674 3295 illo
1729 3238 1991 3323 Dominus

410 3341 569 3395 Jesus
596 3340 849 3395 Christus
891 3336 1322 3406 Hierosolymam
1375 3334 1609 3397 veniret,
1644 3342 1700 3387 et
1730 3333 1992 3405 paralyti-

412 3451 535 3489 rnm
588 3435 639 3487 itt
700 3431 977 3500 probatica
1027 3430 1234 3497 piscina
1283 3435 1523 3490 sanaret,
1565 3425 1784 3495 aliaque
1839 3425 1992 3496 signa

412 3528 581 3582 multa
627 3536 683 3580 et
715 3525 957 3594 prodigia
1023 3524 1075 3575 in
1133 3521 1333 3588 templo
1375 3522 1634 3576 ederet'.
1666 3520 1757 3573 illa
1809 3518 1996 3572 omnia

411 3634 536 3671 cum
597 3615 872 3670 Barnabas
926 3612 1172 3674 vidisset,
1221 3610 1535 3678 obstupuit,
1587 3618 1641 3663 et
1689 3608 1874 3663 statim
1927 3607 1993 3661 ad

411 3708 615 3763 Christi
650 3708 815 3777 pedes
859 3721 919 3760 se
962 3705 1182 3774 abiecit,
1230 3718 1463 3771 eumque
1495 3711 1750 3770 precatus
1783 3709 1888 3762 est,
1937 3708 1995 3753 ut

407 3803 491 3863 iiii
526 3801 897 3855 benediCerel.
926 3796 1183 3853 Christus
1216 3807 1420 3859 autem,
1453 3794 1545 3863 qui
1578 3808 1673 3848 cur
1718 3792 1995 3847 hominum

404 3904 470 3947 ct
496 3893 706 3945 animos
741 3891 986 3957 inspicit,
1016 3888 1281 3942 Barnaba:
1317 3889 1473 3940 iidem
1519 3895 1729 3957 gratam
1771 3886 1996 3948 habens,

413 3980 678 4035 benevole
731 3980 907 4048 ipsum
957 3980 1274 4045 accepit,et
1326 3975 1494 4029 divini
1541 3976 1622 4029 sui
1678 3988 2000 4044 congressus

416 4072 664 4125 eumdem
702 4070 1018 4139 participem
1066 4068 1193 4122 fecit
1223 4085 1236 4121 :
1273 4082 1446 4136 quare
1477 4066 1541 4118 ad
1571 4064 1774 4120 Christi
1812 4066 1999 4119 chari-

402 4174 583 4222 ,taletn
648 4164 818 4232 magis
874 4159 1294 4214 accendelatur.
1354 4157 1525 4223 Quam
1578 4157 1811 4224 primum
1869 4172 2001 4211 vero

398 4256 553 4313 ,adiit
601 4257 820 4308 domum
876 4252 1061 4307 Maria:
1115 4251 1307 4306 tnatris
1359 4249 1610 4315 Joannis.
1662 4251 1752 4319 qui
1789 4249 2002 4304 Marcus

402 4354 606 4417 postea
642 4347 818 4399 dit-tus
866 4354 949 4397 est
990 4362 1003 4396 :
1040 4358 1159 4412 qmc
1194 4342 1358 4395 Maria
1390 4342 1506 4409 ejus
1551 4353 1845 4395 matertera
1880 4356 2002 4395 esse

2116 3151 2298 3222 gnavit
2336 3152 2677 3222 septuaginta
2708 3150 2826 3205 illos
2859 3150 3152 3220 discipulos
3178 3190 3193 3215 ,
3226 3166 3452 3222 quorum
3489 3152 3712 3221 primus

2108 3246 2235 3307 dux,
2273 3252 2327 3298 ct
2359 3258 2603 3297 summus
2645 3251 2765 3298 erat
2797 3258 3027 3311 magnus
3070 3243 3367 3298 Barnabas.
3385 3243 3492 3302 Sed
3538 3260 3711 3299 nemo

2095 3335 2319 3388 audiens
2344 3333 2615 3403 apostolos
2637 3336 2777 3389 hanc
2816 3332 3226 3402 appellationem
3267 3335 3339 3387 illi
3377 3336 3491 3386 viro
3519 3333 3709 3400 impo—

2095 3424 2297 3487 suisse,
2326 3432 2526 3477 temere
2545 3432 2600 3474 et
2628 3422 2748 3476 sine
2768 3423 2947 3474 divino
2962 3421 3185 3475 consilio
3211 3421 3261 3474 id
3291 3420 3493 3474 factum
3522 3418 3705 3473 fuisse

2097 3517 2383 3584 opinetur:
2412 3532 2533 3568 nam
2562 3513 2977 3583 Pctrusipseilli
3007 3529 3201 3569 nomen
3228 3515 3329 3569 hoc
3344 3514 3703 3582 imposuit“,

2074 3603 2214 3685 ille,
2232 3606 2477 3673 inquam,
2499 3607 2712 3670 Petrus,
2729 3608 2818 3677 qui
2846 3607 3123 3676 persancti
3153 3607 3387 3674 Spiritus
3408 3608 3707 3661 revelatio-

2101 3713 2224 3751 nem
2251 3693 2371 3751 Filii
2407 3697 2496 3751 Dei
2530 3698 2853 3766 theologiam
2896 3699 3114 3753 edidicit
3146 3700 3209 3751 ".
3247 3698 3310 3752 Et
3340 3701 3712 3769 quemadmo-

2103 3789 2227 3841 dum
2253 3786 2497 3842 Jacobus
2517 3797 2572 3842 et
2602 3786 2838 3843 Joannes
2870 3801 3091 3857 prepter
3124 3789 3399 3854 virtutem,
3424 3789 3520 3843 lilii
3552 3793 3710 3845 torti-

2104 3882 2208 3939 trui
2255 3884 2427 3937 vocati
2487 3893 2615 3937 sunt
2660 3882 2728 3946 “,
2782 3884 2856 3937 ita
2891 3892 2942 3937 et
2973 3881 3250 3937 Barnabas
3312 3882 3531 3937 virtutis
3588 3898 3711 3937 sua:

2115 3989 2280 4029 causa
2316 3976 2457 4028 lilius
2483 3975 2879 4030 consolationis
2914 3975 3214 4046 appellatus
3241 3985 3345 4038 est,
3368 3976 3573 4045 quippe
3606 3977 3707 4045 qui

2104 4074 2327 4134 propter
2358 4067 2671 4121 sanctitatis
2716 4066 3385 4138 przrstantiam.omnibus
3422 4068 3694 4122 coitsola-

2106 4157 2239 4209 tioni
2269 4154 2393 4210 lttil.

2178 4247 2269 4303 lx.
2322 4247 2465 4303 ldem
2523 4264 2646 4305 cum
2700 4247 2940 4303 audisset
2999 4248 3287 4304 Dominum
3344 4250 3643 4304 docentem
3688 4271 3703 4306 :

2117 4339 2333 4395 Vendile
2365 4356 2481 4409 qua:
2512 4341 2814 4407 possidetis,
2853 4351 2902 4396 et
2928 4342 3049 4395 date
3091 4341 3495 4412 eleentosynum,
3521 4354 3582 4399 es
3613 4345 3703 4413 fa-

418 4435 723 4495 direbatur,
754 4432 1106 4500 quamobrem
1139 4441 1193 4483 et
1224 4430 1461 4484 Briareum
1512 4429 1771 4484 Barnaba:
1804 4446 2001 4484 conso-
2036 4422 2080 4478 Ῑ)
2116 4434 2215 4488 cite
2261 4435 2410 4488 vobis
2438 4434 2700 4497 ancculos,
2732 4435 2823 4505 qui
2858 4453 2960 4488 non
3001 4443 3349 4499 reteraacuul,
3380 4438 3698 4490 thesauru-

414 4527 635 4582 brinum
664 4524 1010 4591 appellabant
1041 4523 1082 4580 ‘.
1116 4522 1263 4576 lllant
1297 4539 1418 4575 cum
1451 4524 1710 4576 adiisset:
1747 4522 1883 4593 Age,
1916 4524 2004 4576 itt-

406 4617 559 4686 quit,
599 4615 815 4677 mulier,
850 4613 973 4667 veni
1003 4624 1057 4669 et
1083 4613 1226 4678 vide,
1260 4628 1381 4680 qua:
1412 4626 1591 4683 patres
1626 4615 1795 4668 nostri
1822 4615 2005 4670 videre

408 4711 850 4775 concupiverunt
878 4724 892 4761 :
924 4720 1053 4759 cece
1084 4704 1226 4757 enim
1254 4703 1413 4760 Jesns
1438 4707 1657 4775 qttidattt
1688 4708 1947 4776 propheta
1972 4723 2002 4762 e

416 4797 686 4853 Nexaretlt
720 4796 952 4853 Galilaea:
982 4799 1031 4850 itt
1078 4797 1278 4866 templo
1305 4806 1408 4863 est,
1434 4799 1721 4868 magniﬁca
1754 4801 2001 4869 quadam

419 4888 585 4941 edens
636 4886 917 4953 miracula,
956 4887 1045 4956 qui
1106 4889 1288 4941 multis
1337 4888 1549 4942 videtur
1577 4888 1804 4944 Messias
1859 4905 2000 4954 che,

421 4980 513 5046 qui
551 4986 814 5033 venturus
846 4990 984 5033 erat.
1029 4978 1163 5034 Cum
1214 4980 1327 5033 htec
1376 4980 1620 5035 audisset
1665 4981 2004 5035 admirabilis

420 5071 513 5125 illa
560 5071 775 5137 mulier,
827 5070 1034 5125 relictis
1069 5071 1321 5125 omnibus
1380 5072 1484 5133 his.
1517 5086 1637 5140 quin
1684 5071 1914 5127 habebat
1950 5073 2002 5125 in

421 5163 695 5229 inanibus,
728 5163 982 5233 templum
1018 5161 1108 5217 Dei
1144 5165 1279 5216 adiit
1310 5182 1324 5218 :
1360 5164 1447 5217 ubi
1494 5179 1615 5218 cum
1658 5163 1841 5219 .Icsum
1872 5176 2005 5218 tem-

420 5258 497 5328 pli
552 5256 853 5325 Dominunr
893 5258 1137 5318 vidisset,
1173 5258 1236 5310 ad
1295 5256 1409 5322 ejus
1460 5259 1623 5324 pedes
1675 5271 1732 5311 se
1786 5256 2003 5324 abiecit,

418 5365 655 5420 eumque
698 5350 777 5405 sic
810 5363 1028 5419 precata
1073 5360 1196 5405 est:
1234 5346 1287 5402 Si
1330 5351 1557 5419 gratiam
1602 5350 1803 5415 inveni,
1834 5366 1866 5403 o
1910 5349 2005 5404 ὓο·

420 5458 591 5510 naste,
624 5442 676 5496 ia
700 5451 991 5514 conspectu
1016 5450 1128 5508 tuo,
1157 5442 1276 5496 veni
1304 5441 1368 5497 ad
1399 5441 1617 5497 domum
1648 5442 1853 5497 ancillae
1878 5453 2001 5509 tute,

490 5566 512 5598 ⁵
546 5565 561 5617 Ι
602 5567 810 5629 Const,
843 5565 891 5625 7,
919 5567 971 5619 8.
1051 5567 1070 5597 ⁸
1101 5564 1256 5618 Jttnn.
1287 5568 1390 5623 v.2
1414 5580 1565 5635 seqq.

628 5638 669 5667 ιο
704 5641 818 5689 ιιρι.
858 5652 917 5695 ιι,
948 5636 963 5687 t
1000 5652 1148 5706 seqq.

443 5701 460 5729 ⁸
506 5705 634 5763 Luc.
679 5722 773 5772 λιι,
806 5707 892 5759 33.

2103 4542 2370 4595 nunquam
2421 4527 2746 4597 deﬁcientem
2795 4529 2855 4582 in
2908 4529 3050 4582 caelis
3102 4529 3186 4594 ¹³;
3240 4528 3372 4581 nihil
3422 4541 3694 4595 moratus,

2102 4622 2286 4675 statim
2326 4636 2441 4676 rem
2471 4638 2688 4677 omnem
2716 4624 3011 4691 pretiosam
3043 4639 3071 4676 a
3106 4622 3420 4693 parentibus
3459 4625 3697 4679 mortuis

2101 4711 2203 4766 sibi
2255 4711 2502 4767 relictam
2536 4714 2804 4779 vendidit,
2839 4725 2891 4770 et
2922 4716 3207 4785 egentibus
3236 4715 3515 4769 distribuit
3543 4733 3559 4770 :
3593 4718 3697 4772 sibi

2103 4817 2235 4857 vero
2257 4803 2428 4858 solum
2462 4820 2653 4874 agrum
2682 4822 2846 4860 unum
2872 4806 3193 4873 reservavit,
3217 4807 3359 4861 unde
3383 4808 3455 4862 ali
3488 4822 3701 4877 posset.

2113 4892 2306 4950 Postea
2339 4912 2468 4953 vero
2504 4913 2667 4968 quam
2708 4898 2969 4954 Dominus
3008 4916 3223 4955 crucem
3266 4916 3567 4972 perpessus
3593 4912 3705 4967 est,

2113 4997 2168 5041 et
2203 5002 2232 5040 a
2295 4989 2525 5042 mortuis
2565 4991 2879 5050 resurrexit.
2929 5007 2992 5044 ac
3028 4989 3289 5061 Spiritum
3338 5001 3600 5045 sanctum
3631 4995 3709 5048 ad

2114 5078 2411 5148 discipulos
2432 5096 2558 5134 suos
2583 5082 2755 5144 misit,
2783 5093 2913 5136 tunc
2941 5083 3154 5136 divinus
3190 5082 3467 5137 Barnabas
3488 5083 3711 5141 Christi

2115 5169 2380 5225 charitate
2434 5173 2606 5243 magis
2657 5173 3046 5237 inﬂammatus,
3077 5175 3224 5228 illuni
3282 5176 3447 5230 etiam
3497 5191 3711 5247 agrum

2114 5261 2380 5322 vendidit,
2417 5277 2650 5334 cumque
2693 5265 2916 5317 multum
2955 5266 3196 5334 pecunia:
3223 5281 3288 5321 ex
3329 5267 3449 5335 ejus
3518 5268 3719 5334 pretio

2114 5353 2435 5423 accepisset,
2465 5370 2682 5410 omnem
2713 5356 2999 5426 pecuniam
3038 5357 3179 5411 illam
3215 5358 3280 5412 ad
3315 5358 3713 5428 apostolorum

2066 5512 2069 5515 Α
2116 5445 2278 5514 pedes
2304 5447 2574 5516 deposuit,
2603 5463 2775 5518 neque
2808 5447 3102 5519 quidquam
3134 5450 3355 5506 omnino
3380 5448 3485 5505 sibi
3517 5465 3721 5504 reser-

1642 5567 1661 5595 ⁶
1687 5565 1895 5621 Cnioss.
1928 5582 1997 5631 ιγ,
2031 5558 2125 5625 Π).

1232 5639 1269 5667 ι¹
1305 5639 1468 5691 Matth
1530 5654 1603 5701 ιι,
1634 5638 1733 5700 37;
1773 5636 1903 5689 Luc.
1940 5655 1990 5701 ι,
2020 5641 2071 5693 ‘2.

2236 5570 2255 5599 ⁸⁷
2286 5570 2449 5625 Marc.
2485 5587 2593 5629 MV,
2639 5574 2697 5624 l5
2729 5587 2884 5641 seqq.
2971 5574 2992 5605 ⁸
3024 5571 3179 5628 Joan.
3221 5586 3313 5636 tu,
3347 5570 3446 5627 26.
3519 5573 3542 5605 ’
3566 5572 3717 5631 Art.

2155 5642 2194 5672 ¹²
2240 5641 2398 5694 Marc.
2439 5658 2535 5705 ut,,
2568 5642 2648 5698 l6.
2684 5651 2719 5679 ¹¹¹
2744 5647 3153 5713 Matlh.rvt,l7.
3221 5643 3261 5673 "
3292 5642 3458 5697 Marc.
3485 5659 3570 5707 tn,
3601 5645 3717 5703 εἴ.
