3950 6200
229 330 346 396 4093
1197 319 1586 383 LAUDATIO
1625 319 1707 380 IN
1747 313 2006 377 APOS’I‘.
2042 317 2478 380 causamn.—
3336 322 3479 385 401a

230 446 376 505 vam,
423 435 804 506 suo-exemplo
853 447 1044 490 omnes
1091 433 1386 502 discipulos
1431 430 1498 484 ad
1547 427 1792 484 eamdem
1825 427 1870 486 Α
1901 425 2126 492 sphemo
2153 436 2205 480 et
2234 442 2578 495 persecutore
2626 428 2720 482 illo
2748 429 2912 494 dicta,
2937 431 3230 499 obstupuit,
3267 447 3318 488 et
3363 454 3480 504 pne

227 537 462 590 virtutem
493 529 738 585 alliciens
767 527 834 582 ".
867 525 962 580 Ille
1004 535 1058 580 et
1085 539 1207 579 cum
1244 521 1411 578 Saulo
1445 519 1781 590 disputabat,
1897 515 2090 584 gamllo
2135 518 2253 588 ejus
2285 519 2462 574 vultus
2513 518 2794 591 Iacrymis,
2831 533 2889 576 ιιι
2921 522 3190 577 matutino
3229 542 3349 580 rore
3379 529 3479 580 llus

229 642 368 698 quem
411 625 479 681 ad
504 623 709 678 Christi
735 620 946 676 Domini
980 617 1138 672 [idem
1165 617 1467 687 perducere
1507 611 1786 680 cupiebat.
1897 605 2131 698 aliquis,
2171 607 2422 698 perfusus
2481 617 2565 663 est
2639 627 2671 664 ε·
2711 623 2944 681 cumque
2993 613 3142 668 illmn
3198 617 3490 684 arripiet-ns

230 719 413 774 Saulus
435 727 613 771 autem
645 729 766 768 cum
790 712 928 778 legis
949 711 1288 764 institutione
1313 705 1599 775 diligenter
1624 711 1786 770 atque

231 817 464 864 accurate
509 807 797 867 niteretur,
827 803 1136 856 Barnabam
1182 800 1356 867 ipsum
1399 807 1458 850 ut
1505 797 1786 862 dereptum

229 899 492 962 irridebat,
523 906 578 952 et
620 897 674 950 in
725 894 1002 950 Christum
1038 891 1324 944 maledicta
1362 887 1594 958 jaciens,
1651 883 1791 938 fabri

231 991 408 1054 illium,
452 990 678 1044 idiotam
717 998 772 1042 et
823 995 1090 1056 agrestem
1139 983 1411 1037 hominem
1462 977 1788 1047 appellabat,

229 1099 374 1153 quem
431 1091 488 1138 ιιι
537 1092 592 1137 et
643 1089 816 1134 morte
862 1077 1097 1132 violenta
1157 1075 1428 1127 sublatum
1487 1069 1790 1124 deridebat.

227 1175 348 1232 Cum
387 1190 513 1229 vero
543 1173 824 1235 miracula,
845 1185 964 1240 qua!
989 1183 1082 1238 per
1101 1167 1375 1236 apostolos
1395 1160 1790 1222 elﬁciebautur,

229 1275 278 1320 ct
321 1265 496 1334 populi
555 1263 956 1317 multitudinem
1007 1262 1060 1313 in
1082 1260 1196 1312 dies
1237 1257 1497 1325 majoretn
1555 1251 1618 1305 ad
1670 1250 1791 1304 tidei

227 1356 664 1426 prredicatione-m-
703 1352 1062 1408 conﬂuentem
1097 1349 1328 1412 videret,
1375 1348 1559 1400 animo
1579 1343 1794 1398 crucia-

228 1450 413 1505 batur:
495 1460 730 1515 cumque
775 1459 879 1498 una
936 1436 1058 1498 cum
1116 1439 1430 1504 Libertinis,
1478 1433 1796 1505 Cyrenensi-

230 1541 323 1595 bus
370 1550 532 1609 atque
581 1537 966 1592 Alexandrinis
1017 1549 1269 1605 maguum
1327 1531 1478 1584 illum
1537 1527 1796 1582 Ecclesiae

229 1639 488 1684 oratorem
519 1628 854 1696 Stephanum
882 1627 1108 1678 adortus
1129 1631 1296 1682 esset.
1322 1635 1496 1688 neque
1517 1619 1796 1685 sapientia:

227 1733 277 1777 et
303 1722 549 1792 Spiritui,
575 1723 666 1790 qui
691 1735 786 1788 per
809 1718 1146 1786 Stephanum
1174 1716 1517 1784 loquebatur.
1543 1712 1798 1764 resistere

227 1779 419 1882 posset,
445 1809 650 1864 insania
679 1820 730 1862 et
751 1808 932 1860 furore
959 1805 1126 1858 multo
1142 1815 1445 1871 correptos,
1469 1802 1804 1855 inordinatos
1839 1779 1878 1832 Β

228 1901 400 1972 populi
453 1901 699 1956 homines
747 1908 936 1954 contra
1013 1897 1354 1965 Stephanum
1409 1895 1800 1950 concitat-it".

227 1995 339 2062 Quo
375 1991 686 2056 interfecto,
733 1990 1166 2060 persecutionem
1201 2003 1451 2059 magnam
1511 1988 1806 2041 commovit

228 2086 486 2140 adversus
515 2081 840 2146 Ecclesiam,
869 2096 990 2150 qua:
1023 2089 1143 2133 erat
1172 2077 1587 2148 Hierosolymis.

296 2173 359 2230 ἶ.
394 2173 590 2228 Verum
630 2189 751 2246 cum
785 2174 856 2226 ita
897 2174 1205 2227 inordinate
1259 2170 1586 2226 Damascum
1639 2168 1806 2236 proii-

229 2267 519 2323 cisceretnr
570 2267 637 2320 ad
685 2266 964 2322 vexandos
1027 2274 1192 2333 atque
1245 2262 1563 2332 atlligendos
1619 2261 1805 2314 fideles

228 2351 495 2423 homines,
527 2355 784 2412 Christus
821 2355 1085 2409 Dominus
1115 2353 1262 2406 illum
1290 2352 1506 2420 dejecit,
1537 2363 1593 2406 et
1614 2353 1668 2405 in
1697 2359 1807 2404 ter-

122 2514 137 2524 _
227 2465 339 2505 ram
369 2451 621 2519 supinum
651 2450 944 2520 prostravit
969 2465 984 2502 :
1008 2445 1097 2516 qui
1140 2461 1261 2500 cum
1295 2455 1601 2514 prostratus
1636 2451 1802 2508 esset,

228 2559 348 2598 cum
378 2539 594 2594 tandem
631 2540 892 2608 cognovit
930 2554 1092 2608 quem
1125 2536 1572 2606 persequebatur,
1605 2542 1660 2590 et
1689 2535 1803 2590 visu

227 2645 486 2702 corporeo
513 2641 845 2695 excaecatus,
878 2629 1074 2683 mentis
1115 2627 1286 2682 aciem
1323 2625 1390 2678 ad
1421 2625 1541 2680 cmli
1587 2624 1806 2678 θειπὶιι-

229 2735 332 2782 tem
363 2725 587 2781 omnino
615 2722 811 2776 erexit.
837 2720 970 2775 Cum
1005 2733 1134 2774 vero
1161 2716 1590 2787 Hierosolymam
1627 2729 1808 2769 rever-

228 2833 320 2873 sus
364 2825 530 2881 esset,
566 2817 726 2870 dabat
755 2827 997 2882 operam,
1047 2821 1108 2866 ut
1139 2807 1347 2867 Christi
1385 2806 1666 2876 discipulis
1705 2807 1803 2861 ad-

227 2904 456 2960 haereret
489 2918 692 2972 :quem
747 2913 926 2955 tamen
960 2913 1158 2953 omnes
1192 2898 1288 2963 illi,
1319 2895 1687 2966 tnultamejus
1705 2911 1804 2950 sae-

227 2998 411 3053 vitiam
447 2995 825 3054 formidantes,
857 2993 1156 3062 fugiebant.
1183 2990 1256 3044 At
1279 2988 1803 3061 magnus-Barnabas

1899 706 1952 750 et
1983 695 2263 753 osculatus
2291 697 2523 753 fuisset:
2558 699 2911 770 Ecquisnam,
2957 703 3169 775 inquit,
3209 707 3398 776 Saule,
3430 722 3493 764 te-

1897 787 2087 842 docuit
2136 789 2265 842 talia
2297 791 2560 846 divinitus
2593 792 2856 863 inspirata
2890 797 3054 851 verba
3091 801 3484 865 pronuntiare?

1900 878 2100 948 Ecquis
2152 880 2244 934 tibi
2299 887 2602 950 persuasit,
2661 895 2718 938 ιιι
2746 883 2930 940 Jesum
2991 887 3330 945 Nazarenam
3385 895 3480 948 Dei

1899 969 2094 1025 Filium
2127 972 2514 1030 contitereris?
2541 976 2820 1032 Uudenam
2845 981 3148 1035 caelestium
3170 984 3482 1053 dogmattnu

1903 1071 2010 1116 tam
2065 1065 2358 1134 perfectam
2411 1069 2691 1124 scientiam
2739 1071 3026 1127 didicisti?
3061 1075 3195 1128 Tum
3241 1077 3365 1142 ille,
3397 1078 3487 1131 de-

1902 1157 2070 1210 misso
2102 1159 2274 1221 vultu,
2309 1167 2362 1212 et
2411 1158 2680 1231 lacrymas
2719 1159 2973 1228 tondens,
3019 1179 3082 1219 ac
3114 1168 3279 1221 corde
3329 1170 3487 1224 valde

1903 1260 2280 1316 compunctus,
2337 1253 2613 1319 respondit
2655 1271 2670 1308 :

2723 1253 2814 1310 Ille
2849 1255 2966 1324 ipse
3003 1257 3264 1314 Dominus
3302 1260 3484 1326 .lesus,

1909 1357 2066 1411 quem
2124 1357 2222 1412 ego
2281 1357 2538 1412 peccator
2578 1349 2881 1406 maledictis
2926 1352 3174 1407 lacessivi
3212 1365 3268 1408 et
3299 1370 3486 1423 perse-

1902 1443 2060 1488 cutus
2112 1450 2252 1496 sum.
2300 1435 2416 1490 haec
2461 1439 2643 1492 omnia
2705 1457 2791 1494 me
2821 1441 3024 1497 docuit.
3051 1443 3186 1497 Nam
3223 1457 3485 1514 tauquam

1905 1522 2153 1577 abortivo
2187 1535 2242 1578 et
2276 1527 2406 1580 mihi
2459 1531 2728 1596 apparuit,
2777 1531 2936 1596 cujus
2958 1536 3137 1588 divina
3168 1547 3221 1590 et
3246 1537 3485 1606 jucunda

1904 1628 2038 1668 voce
2090 1631 2249 1670 aures
2289 1617 2432 1686 ipsas
2486 1621 2664 1674 adhuc
2710 1637 3064 1689 personantes
3122 1627 3339 1682 habeo:
3389 1646 3494 1684 sua

1905 1707 2049 1760 enim
2078 1705 2413 1776 benignitate
2439 1711 2700 1779 singulari
2734 1724 2788 1767 et
2823 1717 3066 1768 omnium
3097 1719 3333 1772 maxima
3363 1735 3492 1786 pro-

1907 1809 2128 1853 secutus
2175 1815 2259 1853 me
2287 1800 2407 1864 fuit,
2443 1804 2639 1870 quippe
2670 1805 2762 1874 qui
2809 1807 2940 1858 mihi
2971 1817 3270 1874 prum-ato,
3297 1819 3350 1864 et
3383 1811 3488 1866 tui-

1907 1889 2214 1944 serabiliter
2233 1888 2462 1958 jacenti,
2498 1897 2737 1962 seipsum
2764 1897 3080 1962 defendens,
3113 1903 3296 1968 p0tius
3325 1919 3499 1972 quam

1908 1983 2040 2037 mihi
2091 2000 2418 2040 succensens
2462 2004 2476 2038 :
2541 1986 2728 2050 Saule,
2779 1991 2974 2058 inquit,
3040 1990 3224 2056 Suule,
3253 2010 3350 2048 cur
3407 2012 3492 2050 me

1905 2073 2432 2146 persequer-is“?l§go
2450 2094 2581 2132 vero
2609 2081 2839 2135 horrens
2881 2096 2933 2137 et
2964 2097 3232 2150 metm-ns,
3266 2103 3493 2155 respon-

1907 2169 1961 2223 di
1998 2185 2012 2223 :
2051 2167 2180 2233 Quis
2235 2183 2311 2228 es,
2363 2166 2623 2224 Domine?
2656 2170 2793 2226 Tum
2831 2175 2920 2230 ille
2970 2177 3138 2230 inulta
3173 2189 3490 2234 mansueto--

1907 2267 2032 2320 diue
2066 2277 2120 2320 et
2161 2267 2512 2320 miseratione
2547 2283 2633 2321 me
2696 2285 3031 2339 prosequens
3061 2289 3076 2324 :
3123 2271 3256 2339 Ego,
3291 2273 3487 2340 inquit,

1906 2374 2022 2412 sum
2051 2357 2206 2412 Jews
2265 2355 2604 2424 Nazarenus,
2635 2376 2788 2432 quem
2835 2373 2890 2414 tu
2935 2366 3280 2433 persequeris.
3325 2361 3408 2418 0h
3437 2365 3488 2419 id

1907 2465 2006 2519 ego
2073 2449 2402 2519 singularem
2481 2451 2600 2520 ejus
2681 2454 2991 2521 patientiam
3071 2457 3487 2526 obstopescens,

1908 2532 2195 2612 ipsumque
2239 2558 2428 2606 orans,
2482 2543 2593 2597 dixi
2636 2561 2650 2599 :
2695 2546 2962 2611 Quidnam
2999 2564 3093 2618 ego
3126 2549 3355 2622 furiam,
3384 2551 3492 2607 Do-

1907 2631 2378 2687 mine"?Tuuci|le
2412 2633 2596 2688 statim
2623 2638 2805 2690 omnia
2831 2637 2964 2704 htec,
3005 2654 3126 2708 quae
3151 2639 3288 2706 doti,
3324 2651 3378 2696 et
3406 2642 3492 2700 his

1908 2723 2060 2791 plura
2099 2738 2184 2777 me
2215 2724 2504 2779 instruxit.

1979 2811 2096 2867 XII.
2132 2813 2228 2868 llis
2273 2815 2474 2870 auditis
2504 2831 2729 2888 magnus
2761 2817 3042 2875 Barnabas
3069 2819 3296 2876 Saqu-m
3325 2837 3495 2877 manu

1907 2903 2303 2971 apprehensum
2319 2906 2551 2961 duxitad
2571 2908 2868 2974 apostolos,
2890 2911 3079 2977 eisque
3103 2913 3241 2968 dixit
3269 2931 3282 2966 :
3314 2913 3504 2979 Quare.

1907 3001 2179 3062 pastorem
2210 2990 2414 3064 fugitis,
2448 2995 2626 3063 lupum
2659 2999 3066 3054 existimantes?
3096 3001 3276 3068 Quare
3299 3005 3505 3070 gruter--

225 3090 298 3146 illi
340 3103 656 3148 occurrens.
688 3087 803 3140 ait:
839 3085 1133 3154 Quousque
1170 3085 1410 3148 tandem,
1452 3082 1638 3148 Saule,
1673 3097 1799 3150 per-
1830 3115 1878 3178 C
1911 3098 2179 3152 umorem,
2219 3097 2278 3142 ut
2334 3089 2589 3158 piratam,
2623 3089 3001 3160 propulsari”
3031 3092 3144 3147 cur
3171 3093 3492 3149 beumorem

225 3180 308 3252 gis
339 3195 458 3235 esse
497 3177 668 3234 Sani?
709 3177 890 3246 Quare
935 3178 1008 3232 ita
1059 3175 1363 3246 petulanter
1417 3175 1804 3231 beuetlciorum

225 3281 502 3326 auctorem
533 3269 718 3326 Iesum
755 3271 1357 3342 persequerisIDesine
1394 3270 1654 3326 horribile
1677 3269 1807 3323 illud

225 3365 550 3432 mysterium
581 3379 914 3433 Oppugnare,
940 3366 1085 3434 quod
1119 3381 1148 3418 a
1196 3365 1478 3434 prophetis
1510 3364 1644 3432 ipsis
1677 3363 1806 3418 olim

223 3455 370 3505 clara
401 3467 532 3507 voce
558 3456 980 3521 prmmutiatum
1015 3464 1117 3516 est.
1151 3456 1354 3507 nostris
1393 3465 1572 3508 autem
1601 3464 1810 3524 tempe-

223 3545 378 3598 ribus
433 3557 532 3612 pro
579 3555 760 3598 nostra
795 3544 974 3599 salute
1003 3544 1334 3614 patefactum
1366 3543 1485 3598 fuit.
1523 3543 1647 3600 llaec
1677 3559 1806 3600 cum

223 3637 474 3691 audisset
502 3636 718 3701 Saulus,
751 3637 818 3688 ad
851 3638 1018 3705 pedes
1044 3635 1309 3690 Barnahze
1339 3649 1397 3689 se
1435 3635 1650 3706 dejecit,
1675 3636 1812 3690 rnol-

225 3727 407 3794 tisque
458 3727 716 3796 lacrymis
753 3736 808 3780 et
849 3727 1180 3781 clamoribus
1219 3747 1233 3783 :
1271 3725 1530 3796 Ignosce,
1576 3728 1754 3797 inquit
1791 3770 1806 3794 ,

223 3818 387 3889 mihi,
421 3819 530 3874 dux
581 3819 802 3874 luminis
833 3828 888 3874 et.
929 3819 1177 3872 veritatis
1208 3821 1467 3889 magister
1511 3819 1758 3876 Barnaba
1793 3841 1806 3877 :

185 3888 483 3980 .expertus
524 3913 667 3964 enim
711 3929 852 3976 sum,
893 3919 948 3966 et
999 3928 1059 3966 re
1090 3914 1204 3981 ipsa
1235 3915 1466 3981 cognovi
1505 3930 1632 3968 vera
1675 3927 1796 3971 eSse

221 4018 354 4071 qua:
386 4012 441 4056 tu
491 4003 698 4058 dixisti.
743 4004 916 4070 Quem
955 4003 1102 4058 enim
1143 4019 1244 4070 ego
1291 4005 1590 4060 maledictis
1622 4019 1826 4076 perse-.

221 4109 423 4164 quens,
461 4094 598 4150 fabri
642 4096 812 4148 lilimn
851 4095 1212 4164 appellabant,
1255 4097 1404 4150 illuni
1456 4111 1596 4154 nunc
1639 4099 1812 4154 conti—-

220 4195 350 4244 teor
385 4187 475 4242 Dei
521 4187 622 4240 vivi
658 4186 854 4241 Filium
877 4186 1237 4254 unigenitum,
1264 4187 1503 4254 ejusdem
1537 4193 1808 4256 essentne,

221 4278 433 4349 glorite'
449 4289 502 4333 et
531 4277 651 4332 solii
674 4279 1012 4348 participem,
1036 4289 1385 4342 comternnnr,
1405 4290 1462 4334 et
1483 4283 1808 4351 principium

221 4385 474 4424 ceterum
511 4389 525 4426 :
559 4373 648 4440 qui
690 4387 813 4426 cum
851 4373 924 4424 sit
967 4371 1224 4441 splendor
1262 4373 1447 4441 glorize
1472 4413 1487 4438 ,
1519 4384 1574 4428 et
1613 4377 1808 4430 chara-

1910 3178 2198 3247 optimmn,
2226 3188 2281 3232 ut
2311 3181 2668 3248 proditorem,
2710 3185 3070 3237 exsecraunni
3099 3181 3254 3239 ?Cur
3291 3183 3495 3240 Christi

1913 3267 2178 3338 Sponsam
2209 3269 2590 3334 deducentem,
2625 3283 2682 3326 ut
2713 3273 2937 3329 thalami
2969 3277 3324 3344 direptorem,
3362 3279 3492 3348 reji-

1913 3363 2074 3417 (‘ilis'f
2148 3363 2488 3432 (Spiritualis
2544 3367 2688 3418 enim
2747 3376 2832 3421 est
2919 3370 3194 3424 tlralamus
3250 3371 3490 3425 Ecclesia

1913 3448 2052 3516 Dei.)
2088 3447 2238 3502 Hunc
2284 3464 2380 3516 pro
2437 3459 2672 3516 pastore,
2700 3453 3073 3518 gubernatore
3097 3468 3146 3506 et
3177 3471 3492 3522 propugna-

1915 3546 2031 3590 tore
2063 3537 2322 3590 Dominus
2363 3538 2466 3590 sibi
2505 3539 2726 3608 delegit.
2779 3537 2933 3594 Tunc
2973 3545 3322 3597 uarravitois
3355 3543 3496 3597 Pau-

1914 3627 2019 3690 lus,
2070 3641 2406 3696 quaecunque
2447 3628 2548 3696 ipsi
2607 3629 2924 3682 arciderant
2980 3632 3033 3685 iu
3097 3632 3205 3699 via,
3241 3636 3510 3704 quodque

1913 3717 2139 3772 vidisset
2189 3716 2466 3772 Christum
2511 3717 2820 3783 Dotninum,
2873 3731 2929 3774 et
2970 3720 3279 3792 loquentem
3308 3711 3515 3785 secum:

1913 3809 2230 3872 audivisset,
2283 3824 2347 3863 ac
2414 3811 2871 3878 quetnadmmlum
2933 3813 2984 3866 in
3040 3816 3173 3870 urbe
3239 3815 3522 3873 Damasro-

1915 3899 2115 3954 Christi
2151 3915 2345 3954 nomen
2397 3902 2570 3954 libera
2605 3905 2850 3956 oratione
2883 3906 3255 3972 przedicassct.
3307 3908 3521 3976 Itaque-

1917 4007 2020 4044 nna
2053 4006 2174 4044 cum
2211 3992 2316 4046 illis
2349 3991 2400 4044 in
2439 3993 2574 4048 urbe
2608 3992 2978 4066 Hierosolyma
3005 3995 3205 4052 Christi
3233 4000 3494 4068 praedica-

1915 4087 2118 4139 tionem
2164 4087 2476 4140 exercebat.
2531 4086 2659 4140 Erat
2687 4099 2870 4141 autem
2921 4086 3128 4145 ludatis
3179 4091 3314 4159 ipsis
3344 4093 3500 4148 valde

1913 4179 2174 4236 molestus
2225 4192 2387 4249 atque
2433 4183 2662 4248 invisus,
2693 4187 2837 4252 quod
2889 4187 2978 4254 qui
3035 4188 3147 4241 heri
3179 4198 3234 4242 et
3273 4189 3500 4244 nudiuse

1915 4273 2106 4327 tertius
2149 4271 2331 4327 Jesnm
2367 4285 2684 4344 persecutos
2744 4275 2945 4344 fuerat,
2980 4279 3068 4333 ille
3115 4279 3250 4348 ipse,
3291 4293 3518 4348 ruutato,

1914 4365 2141 4418 consilio
2219 4375 2345 4420 tunc
2415 4369 2666 4421 eumdem
2716 4370 2865 4423 illum
2916 4369 3103 4426 Jesum
3169 4371 3262 4427 Dei
3301 4373 3510 4437 Filium,
3575 4403 3580 4408 ε

220 4473 351 4518 cter
380 4454 696 4518 substantia
733 4463 1016 4518 invisibilis
1036 4465 1248 4532 Dei“,in
1263 4466 1572 4522 novissimis
1594 4469 1676 4522 Itis
1691 4471 1804 4523 die-

1915 4474 2038 4514 esse
2090 4459 2424 4528 pracdiCaret.
2482 4460 2783 4516 Consdium
2827 4465 3008 4534 itaque
3058 4467 3296 4522 inierunt
3324 4467 3514 4527 Judaei.

219 4556 334 4610 bus
367 4567 590 4626 propter
627 4572 728 4611 nos
757 4565 811 4610 et
845 4567 1085 4610 nostram
1135 4557 1368 4612 salutem
1408 4560 1646 4627 scipsum
1693 4561 1811 4616 exi-

215 4649 462 4712 nanirit,
497 4648 726 4702 formam
761 4649 901 4702 servi
934 4649 1207 4719 accipiens
1246 4650 1288 4684 "
1310 4690 1324 4715 ,
1366 4650 1468 4704 hor.
1515 4664 1598 4706 est
1633 4651 1814 4722 perfe-

214 4751 380 4794 ctum
428 4741 700 4795 hominem
764 4757 830 4796 ex
877 4755 1063 4797 sancta
1111 4741 1334 4812 Virgine
1372 4755 1424 4796 et
1463 4745 1554 4798 Dei
1586 4759 1812 4812 parente

213 4829 398 4885 Maria
423 4847 480 4886 se
509 4832 658 4897 fecit,
687 4849 790 4887 non
821 4833 1221 4897 confusionem,
1248 4848 1352 4886 non
1378 4836 1811 4898 conversionem,

213 4938 329 4979 nec
357 4925 700 4989 divisionem,
730 4935 820 4978 attt
849 4924 1248 4994 separatiopem
1293 4939 1487 4992 passus
1516 4943 1528 4978 :
1567 4935 1618 4978 et
1645 4925 1812 4994 ﬁgura

210 5014 486 5069 inventus
536 5025 594 5066 ιιι
631 5016 814 5076 Ιιοιιιο,
859 5011 1165 5065 humiliavit
1213 5011 1582 5078 semetipsum,
1639 5009 1817 5065 foetus

209 5107 495 5160 obediens
525 5120 694 5174 usque
719 5105 784 5156 ad
811 5112 1062 5166 mortem,
1083 5093 1509 5156 utorteutauten
1533 5102 1773 5158 crucis"
1796 5121 1809 5154 :

210 5196 318 5264 qui
358 5205 412 5248 et
463 5196 762 5247 resurrexit
793 5209 822 5246 a
855 5193 1084 5247 mortuis
1118 5191 1276 5246 tertia
1311 5192 1418 5255 die,
1460 5202 1513 5247 et
1561 5195 1815 5262 apparuit

210 5288 392 5340 vobis
421 5285 682 5354 apostolis
715 5284 849 5347 suis,
881 5293 935 5338 et
975 5297 1286 5353 assumptus
1318 5296 1398 5340 est
1431 5285 1482 5339 iu
1521 5287 1739 5351 malum,
1762 5299 1814 5340 et

211 5378 390 5432 sedet
423 5377 487 5429 ad
507 5378 784 5432 dexteram
808 5375 1276 5443 Patris,etrursus
1299 5379 1474 5433 Veniet
1504 5393 1624 5432 Cum
1644 5379 1812 5449 gloria

203 5467 477 5544 judicare
497 5470 646 5526 vivos
665 5479 721 5524 et
753 5480 1012 5535 mortuos,
1035 5479 1087 5524 et
1107 5473 1252 5540 regni
1270 5471 1386 5539 ejus
1406 5485 1508 5524 non
1531 5472 1633 5524 erit
1666 5472 1810 5525 linis.

299 5561 401 5616 XI.
431 5563 553 5617 Ihec
582 5581 703 5618 cum
735 5565 1025 5620 audiviSL-et
1057 5565 1272 5620 divinus
1315 5565 1588 5620 Barnabas
1619 5583 1647 5618 a
1695 5565 1810 5620 hla-

303 5680 356 5711 ¹⁶
411 5683 529 5736 Art.
574 5697 625 5731 ιι·
683 5680 750 5734 ’56
779 5699 925 5743 ue-q.
1008 5684 1048 5710 "
1079 5681 1198 5736 Act.
1237 5698 1314 5747 \l,
1387 5683 1420 5736 8

215 5765 313 5818 ιλ,
362 5753 392 5805 4
431 5767 583 5824 seqq.
619 5752 912 5818 ²¹ιιὶιῖ.ῖὶ,⁸ἱ
962 5753 1004 5780 ⁴”
1037 5755 1152 5805 .‘u't.
1193 5769 1310 5818 it'l,
1353 5759 1386 5810 ἓ

1492 5697 1550 5736 se
1573 5697 1644 5750 ,q.

1436 5770 1523 5829 »ιίι
1547 5783 1579 5821 ι.
1780 5777 1806 5802 /

1705 5685 1714 5694 ’
1774 5693 1992 5749 “llebt‘
2057 5689 2169 5756 1,5.

1916 4551 1982 4604 de
2015 4550 2179 4606 Paulo
2232 4554 2628 4610 interﬁciendo.
2664 4556 2816 4622 Quod
2847 4574 2968 4609 cum
3006 4559 3321 4613 didicissent
3367 4576 3499 4628 apo-

1919 4641 2068 4707 stoli,
2105 4659 2226 4696 eum
2267 4648 2552 4712 miserunt,
2587 4658 2645 4700 ut
2688 4649 2742 4700 in
2787 4662 2884 4701 sua
2939 4649 3112 4716 patria
3143 4648 3512 4722 Evangelium,

1915 4732 2240 4799 prtndiCarcl'
2257 4773 2271 4786 .

1986 4819 2125 4874 XIII.
2141 4822 2273 4876 Cum
2297 4837 2424 4877 vero
2447 4824 2509 4876 de
2533 4825 2640 4889 his,
2660 4824 2749 4894 qui
2780 4827 3272 4896 prtmterStephaui
3295 4829 3510 4894 ca-deu;

1917 4922 2083 4979 atque
2133 4912 2417 4980 angustias
2451 4913 2706 4982 dispersi,
2741 4916 3083 4969 Antioehiam
3123 4927 3410 4982 venerant,
3442 4930 3506 4982 et,

1915 4999 2120 5056 Christi
2155 5003 2504 5072 Evangelium
2543 5006 2988 5073 praedicaverunt,
3025 5011 3268 5065 auditum
3303 5010 3496 5072 fuisset

1915 5093 1984 5147 ab
2037 5093 2101 5148 iis
2147 5095 2238 5163 qui
2289 5105 2442 5149 erant
2492 5094 2902 5168 llicro5uly.nis,
2987 5103 3214 5171 apostoli
3279 5105 3493 5160 beatum

1919 5188 2242 5251 Barnabam,
2271 5205 2523 5257 maguum
2551 5201 2602 5243 et
2637 5206 2909 5258 potentem
2941 5193 3139 5258 virum,
3168 5198 3235 5248 a.l
3267 5197 3495 5250 Sanctis-

1917 5280 2110 5333 simum
2147 5279 2429 5343 Evrlesim,
2459 5299 2579 5350 quae
2631 5283 2740 5336 illic
2775 5295 2915 5342 erat.
2950 5299 3003 5340 ct
3047 5285 3247 5339 Christi
3275 5302 3501 5356 gregem.

1919 5377 2249 5441 paseendum
2307 5376 2568 5429 miserunt
2630 5375 2696 5430 ".
2742 5377 2842 5443 Qui
2886 5393 3006 5431 cum
3058 5378 3184 5430 illuc
3235 5380 3506 5450 tte-uisset,

1917 5467 2086 5520 nmlto
2129 5464 2439 5533 at'juntCuto
2473 5466 2566 5522 fuit
2613 5470 2922 5522 hominibus.
2965 5469 3166 5523 Christi
3216 5471 3372 5523 Iidem
3404 5487 3492 5524 se-

1917 5562 2204 5632 quentibus
2244 5582 2254 5615 :
2311 5563 2426 5630 ejus
2465 5563 2607 5615 enim
2640 5561 2822 5615 duino
2883 5563 3268 5630 praediuitioue
3299 5581 3360 5616 at:
3397 5563 3508 5618 do-..

2280 5687 2322 5719 ’ν
2359 5682 2568 5752 l'bElipp
2627 5695 2685 5746 ιι,
2723 5684 2774 5735 ti.
2855 5682 3049 5736 "tbi-.l.
3077 5683 3128 5747 8,
3159 5679 3212 5734 υ.
3289 5681 3332 5710 ³⁸
3368 5680 3506 5747 Aet,
