3968 6198
312 5774 319 5780 -
406 5746 432 5803 ί
460 5760 613 5814 seqq.

395 319 541 386 4095

1573 328 1615 384 Λ
1625 325 1985 385 LEXANDR
2002 327 2026 385 Ι
2057 324 2401 388 MONACHI

3525 340 3668 407 4096

393 435 565 488 ctrina
622 432 825 488 factum
886 443 989 496 est,
1055 441 1114 486 ιιι
1177 433 1341 487 rmilta
1398 437 1575 505 populi
1633 438 1874 492 accessio
1907 440 1972 489 ad
2004 441 2049 496 Α
2078 447 2428 494 contemnere
2464 451 2666 509 posset.
2714 442 2999 501 Derelictis
3050 446 3221 518 igitur
3259 454 3545 520 apostolis,
3576 471 3670 513 η..

392 521 669 577 Christum
716 521 891 577 fieret.
925 520 1059 576 Cum
1106 537 1234 575 vero
1285 522 1469 578 divino
1521 525 1727 594 Spiritu
1773 528 1976 583 ductus

392 614 690 678 Barnabas,
724 614 790 668 ab
836 613 971 668 urbe
1003 613 1287 681 Antiochia
1316 631 1565 685 egressus
1599 628 1767 686 esset,
1808 619 1976 675 urbes

393 719 583 758 otnnes
613 719 676 758 ae
728 704 976 774 regiones
1023 706 1354 773 peragravit,
1384 702 1589 762 Christi
1620 708 1975 780 Evangelium

394 797 555 864 longe
606 796 823 864 lateque
897 795 1225 864 dil‘fnmlens,
1307 814 1486 869 neque
1536 801 1687 869 prius
1740 802 1973 868 destitit,

393 903 554 956 quam
602 888 670 940 ad
706 887 893 942 urbem
956 888 1183 943 Romam
1215 891 1458 945 omnium
1497 893 1789 947 maximam
1820 909 1981 949 vene-

396 980 486 1031 rit.
547 977 623 1030 Ex
678 977 946 1032 universis
993 982 1139 1032 enirn
1191 981 1472 1051 discipulis
1520 981 1724 1037 Christi
1767 984 1977 1052 primus

395 1066 746 1134 Evangelium
808 1068 858 1121 in
908 1069 1039 1123 urbe
1106 1068 1275 1123 Roma
1333 1072 1661 1139 praedicavit.
1730 1072 1977 1142 Cumque

395 1156 547 1210 inulti
630 1159 696 1211 ad
784 1159 986 1212 Christi
1059 1160 1217 1213 fidem
1277 1165 1576 1226 venissent,
1640 1173 1694 1218 et
1768 1163 1978 1218 Barna-

394 1246 518 1299 Lam
572 1247 746 1315 ipsum
795 1263 1005 1301 sutmne
1038 1252 1386 1316 honorarent,
1422 1252 1657 1306 humana
1688 1254 1857 1322 gloria
1892 1271 1980 1311 re-

391 1338 558 1404 jetta,
623 1340 760 1392 clam
829 1338 1066 1411 fugiens,
1114 1341 1284 1397 Roma
1338 1344 1495 1399 exiit.
1532 1344 1742 1398 Etenim
1784 1348 1979 1402 heatus

396 1434 487 1487 ille
526 1433 611 1486 vir
660 1435 733 1487 ita
790 1448 980 1489 omnes
1035 1436 1302 1501 homines,
1334 1437 1611 1504 quierant
1648 1437 1981 1506 temporibus

399 1527 529 1589 illis,
559 1527 723 1579 animi
756 1528 1121 1581 submissione
1155 1543 1219 1582 ac
1258 1528 1525 1582 modestia
1560 1529 1874 1598 superabat,
1922 1539 1981 1584 ut

398 1619 465 1671 ad
500 1619 658 1687 hujus
694 1622 906 1675 virtutis
934 1623 1144 1675 culmen
1178 1622 1509 1690 perveniret.
1541 1622 1598 1677 ιιι
1627 1624 1769 1691 quod
1798 1623 1979 1677 decla-

398 1720 484 1763 rat
517 1711 633 1779 ejus
666 1712 921 1765 historia.
958 1712 1090 1767 Cum
1120 1714 1264 1766 enim
1292 1713 1488 1767 divina:
1522 1712 1741 1768 Litterae
1780 1714 1979 1783 ubique

2081 545 2271 584 versus
2321 541 2403 586 est
2448 533 2880 606 Hierosolymam
2917 540 2984 591 ad
3021 552 3250 596 matrem
3305 558 3483 601 suam.
3523 548 3664 604 Cum

2079 636 2207 676 vero
2232 624 2463 691 apostoli
2484 624 2762 681 Barnabas
2783 639 2836 682 et
2854 626 3054 684 Paulus
3080 648 3217 701 opus
3239 636 3670 705 complevissent

2080 714 2147 767 ad
2178 715 2323 782 quod
2357 716 2508 771 missi
2547 716 2786 783 fuerant,
2810 730 2866 775 et
2896 722 3107 777 inlinita
3146 740 3242 794 pro
3279 727 3485 784 Christi
3539 747 3669 786 cer-

2081 808 2283 860 tamina
2309 810 2726 874 sustinuissent,
2754 823 3025 866 venerunt
3058 817 3429 886 Antiochiam,
3467 825 3614 876 unde
3638 842 3667 876 a

2081 897 2260 953 divina
2286 900 2459 969 gratia
2507 902 2657 957 missi
2686 913 2814 957 sunt.
2849 906 2915 958 ad
2948 908 3454 973 gentes”.Necesse
3481 926 3669 970 autem

2081 986 2183 1043 fuit
2219 1006 2409 1045 rursus
2436 991 2707 1061 proficisci
2744 993 3176 1068 Hierosolymam
3203 1002 3268 1054 ad
3295 1002 3512 1058 Petrum
3538 1021 3673 1073 apo-

2081 1081 2276 1135 stolum
2317 1093 2539 1152 propter
2572 1085 2741 1140 falsos
2767 1088 2888 1142 illos
2918 1091 3219 1159 apostolos,
3256 1094 3347 1162 qui
3388 1096 3675 1153 docebant

2082 1171 2394 1241 discipulos,
2446 1183 2503 1229 ut
2539 1192 2598 1229 se
2626 1177 3083 1241 circumciderent
3135 1193 3190 1237 et
3251 1184 3421 1253 legem
3476 1203 3676 1242 serva-

2084 1276 2203 1318 rent
2224 1266 2289 1320 ³ο,
2313 1265 2453 1321 Cum
2486 1278 2665 1323 autem
2703 1269 2922 1326 Marcus
2950 1273 3072 1328 illos
3110 1276 3180 1329 ab
3200 1277 3460 1333 onmibus
3490 1280 3675 1335 hono-

2083 1361 2230 1408 ratos
2282 1356 2513 1423 videret,
2548 1361 2803 1430 quodque
2833 1375 2954 1431 post
2993 1365 3161 1419 multa
3213 1367 3300 1420 illa
3342 1372 3572 1425 verbera
3616 1386 3679 1428 et

2080 1447 2321 1514 pericula
2359 1450 2694 1507 robustiores
2724 1454 2852 1507 facti
2885 1454 3094 1523 essent,
3128 1468 3185 1512 et
3216 1460 3444 1531 integris
3472 1479 3683 1534 corpo-

2083 1537 2235 1591 ribus
2273 1542 2480 1608 praediti
2510 1561 2523 1597 :
2556 1546 2833 1612 propriam
2884 1546 3314 1604 imbecillitatem
3353 1569 3624 1610 accusans
3653 1596 3675 1622 ,

2082 1629 2254 1683 doluit
2287 1633 2432 1697 quod
2478 1633 2681 1689 factum
2712 1653 2741 1689 a
2772 1654 2833 1691 se
2867 1639 3070 1704 fuerat,
3108 1652 3161 1695 et
3188 1645 3254 1695 ad
3286 1643 3509 1700 Paulum
3541 1651 3677 1715 qui-

2082 1718 2204 1773 dem
2235 1722 2409 1791 ipsum
2432 1727 2652 1779 erubuit
2679 1743 2737 1781 se
2757 1730 3027 1794 conferre,
3052 1730 3359 1788 Barnabam
3387 1753 3513 1791 vero
3533 1740 3679 1794 adiit

398 1804 575 1856 virum
626 1804 772 1857 hunc
800 1820 920 1857 cum
948 1805 1141 1873 primis
1169 1804 1450 1857 nominent
1478 1819 1543 1857 ae
1584 1804 1831 1869 laudent,
1864 1806 1980 1874 ipse
2013 1787 2054 1842 Β
2088 1812 2397 1880 lacrymans
2430 1831 2445 1867 :
2481 1830 2713 1886 cumque
2762 1821 2828 1873 ad
2872 1820 2990 1888 ejus
3036 1823 3202 1890 pedes
3244 1840 3303 1879 se
3352 1828 3674 1897 abjecisset,

402 1892 604 1958 primas
637 1893 761 1947 aliis
809 1893 1134 1954 concedens,
1172 1895 1439 1948 secundas
1474 1906 1662 1963 partes
1693 1896 1976 1963 amplexus

401 1996 503 2047 est,
532 1983 819 2052 diligenter
848 1984 1087 2038 imitatus
1122 1985 1405 2038 Dominum
1439 2000 1619 2049 suum,
1661 1986 1753 2054 qui
1795 1986 1933 2041 dixit
1964 2005 1977 2041 :

401 2075 597 2128 Discite
627 2091 657 2127 α
686 2093 786 2138 me,
815 2077 937 2144 quia
966 2078 1108 2129 mitis
1138 2092 1253 2129 sum
1276 2088 1321 2130 et
1348 2076 1559 2131 humilis
1594 2082 1748 2132 corde
1777 2077 1845 2130 “.

472 2163 613 2219 XIV.
637 2166 832 2221 Postea
859 2166 1137 2220 cumidem
1165 2165 1439 2222 Barnabas
1458 2168 1523 2221 ad
1548 2164 1766 2239 IEgypti
1793 2168 1978 2223 urbem

401 2258 785 2312 Alexandriam
825 2259 1081 2322 venisset,
1114 2267 1169 2311 et
1216 2258 1309 2311 Dei
1339 2273 1649 2312 sermonem
1685 2258 1755 2312 ibi
1788 2259 1981 2327 praedi-

401 2358 598 2414 casset,
630 2349 778 2402 illinc
811 2348 963 2413 exiit,
992 2364 1288 2419 peragrans
1322 2349 1578 2420 deinceps
1605 2350 1765 2404 urbes
1790 2364 1979 2404 omnes

401 2445 579 2512 quoad
633 2443 775 2494 venit
822 2440 1273 2511 Hierosolymam.
1304 2440 1457 2496 Unde
1500 2443 1662 2496 etiam
1704 2457 1979 2513 egressus,

402 2550 654 2588 reversus
699 2544 783 2588 est
838 2534 1204 2588 Antiochiam.
1262 2533 1316 2587 lu
1373 2549 1478 2604 qua
1526 2552 1647 2589 cum
1684 2533 1777 2589 Dei
1806 2536 1978 2605 gratia

402 2628 699 2682 Ecclesium
756 2626 1112 2692 copiosiorem
1164 2625 1361 2679 factata
1415 2626 1662 2691 vidisset,
1692 2626 1850 2683 valde
1883 2644 1980 2698 ga-

399 2723 551 2775 visus
579 2730 683 2775 est.
721 2719 853 2774 Inde
884 2729 1066 2772 autem
1123 2719 1431 2783 discedens,
1466 2718 1697 2773 Tarsum
1735 2723 1883 2776 venit
1912 2723 1979 2788 ’⁵,

402 2815 629 2870 Paulum
677 2827 928 2882 qumrens
974 2830 988 2865 :
1051 2829 1214 2882 quem
1281 2814 1584 2876 inventum,
1637 2814 1977 2870 Antiochiam

402 2908 674 2977 perduxit.
731 2905 803 2960 lbi
855 2921 976 2959 cum
1013 2916 1184 2958 totum
1221 2921 1422 2959 annum
1475 2907 1896 2975 transegissent,
1926 2918 1981 2963 et

404 3002 631 3055 multant
692 2999 949 3069 populum
995 2998 1060 3053 ad
1100 2998 1302 3053 Christi
1360 2999 1705 3068 disciplinam
1741 3011 1982 3056 transtu-

2085 1915 2207 1954 eum
2248 1906 2493 1973 rogabat,
2531 1919 2585 1961 ut
2620 1912 2922 1978 superioris
2946 1919 3113 1972 errati
3155 1922 3368 1975 veniam
3400 1923 3672 1989 impetra-

2085 2003 2189 2059 ret,
2225 2003 2280 2049 et
2304 1997 2422 2065 eius
2454 2000 2708 2067 precibus
2738 2004 2945 2065 tirmior
2974 2008 3132 2064 ﬁeret
3157 2012 3211 2067 in
3241 2020 3547 2081 posterum,
3581 2014 3673 2069 fu-

2087 2096 2265 2142 turum
2303 2093 2648 2159 promittens,
2692 2106 2749 2149 ut
2780 2099 2960 2151 omnia
2988 2103 3181 2156 mortis
3203 2119 3399 2173 genera
3425 2121 3522 2175 pro
3559 2107 3676 2162 Do-

2085 2181 2218 2234 mini
2260 2183 2430 2237 nostri
2470 2182 2597 2240 Jesu
2639 2187 2844 2242 Christi
2891 2192 3108 2247 nomine
3137 2232 3153 2259 ,
3198 2204 3448 2264 prompto
3480 2198 3678 2256 animo

2082 2271 2359 2328 sufferret.
2395 2273 2573 2328 Multis
2597 2278 2680 2331 his
2704 2279 2962 2351 Iacrymis
2996 2300 3227 2353 magnus
3263 2287 3351 2339 ille
3376 2290 3676 2345 virtutibus

2082 2376 2307 2419 ornatus
2328 2365 2600 2422 Barnabas
2629 2369 2886 2436 flectitur,
2922 2388 3159 2445 eumque
3209 2378 3486 2444 hortatus,
3532 2392 3593 2433 ut
3643 2397 3679 2434 τι

2084 2456 2229 2509 luctu
2289 2459 2623 2515 desisteret:
2656 2460 2812 2527 Fiat,
2857 2464 3069 2533 inquit,
3122 2473 3268 2537 quod
3318 2470 3459 2527 Deus
3510 2472 3627 2525 vult
3658 2517 3674 2537 ,

2089 2550 2248 2602 modo
2276 2556 2329 2602 tu
2361 2561 2584 2619 paratus
2615 2555 2692 2607 sis
2720 2565 2979 2623 prtestare
3019 2562 3160 2628 quod
3199 2565 3539 2632 promiseris.

2157 2639 2295 2696 XVI.
2318 2642 2452 2697 Cum
2482 2659 2608 2699 vero
2649 2646 2851 2714 scripta
2875 2652 3240 2720 accepissent,
3274 2670 3394 2725 quae
3423 2656 3490 2711 ab
3522 2657 3679 2725 Apo-

2085 2733 2240 2788 stolis
2262 2734 2315 2788 in
2346 2735 2478 2792 urbe
2504 2735 2876 2809 Hierosolyma
2904 2740 3120 2796 decreta
3159 2742 3396 2809 fuerant,
3431 2746 3674 2802 descen-

2086 2827 2281 2880 derunt
2308 2828 2676 2889 AutiOchiam.
2711 2841 2766 2885 et
2801 2848 2906 2886 una
2957 2850 3079 2889 cum
3118 2834 3380 2892 fratribus
3421 2840 3681 2892 exsulta-

2085 2919 2215 2973 bant
2242 2919 2309 2971 ³¹.
2344 2918 2559 2976 Marcus
2590 2933 2771 2977 autem
2822 2924 2969 2993 ipsos
3013 2928 3199 2981 animo
3233 2943 3425 2998 parum
3470 2928 3675 2985 ﬁdenti

2086 3020 2303 3065 secutus
2331 3021 2433 3066 est.
2459 3010 2588 3066 Post
2620 3014 2733 3068 haec
2768 3016 2944 3069 visum
2994 3027 3077 3071 est
3110 3018 3377 3074 Barnabas
3411 3028 3467 3073 et
3498 3019 3679 3075 Paule

404 3095 905 3159 l:ssent,-cumque
968 3091 1040 3146 ibi
1097 3093 1331 3158 primum
1405 3091 1610 3148 Christi
1683 3093 2052 3185 discipulosc
2096 3117 2384 3172 peragrare
2434 3104 2597 3159 urbes
2653 3120 2867 3171 omnes,
2914 3117 2971 3161 et
3023 3109 3227 3165 fratres
3280 3110 3476 3164 visere.
3511 3108 3679 3166 Tunc

401 3174 749 3242 Christianos
784 3196 1092 3248 vocassent,
1139 3197 1301 3253 atque
1355 3185 1505 3240 illinc
1537 3188 1875 3255 accepissent
1912 3190 1979 3245 ab

405 3279 668 3338 Ecclesia,
723 3292 842 3345 qua:
899 3275 1222 3343 pauperibus
1269 3275 1681 3343 dislrihncrent,
1714 3280 1982 3334 ascende-

407 3380 532 3422 runt
588 3384 774 3421 rursus
837 3367 1266 3435 Hierosolymam
1325 3378 1522 3435 quarto
1572 3367 1786 3423 decimo
1841 3386 1983 3426 anno

406 3472 689 3528 postquam
754 3458 1011 3511 Dominus
1049 3455 1206 3512 Jesus
1239 3474 1454 3511 crucem
1513 3461 1757 3527 pertulit,
1789 3476 1982 3530 quem-

406 3555 692 3608 admodum
745 3552 937 3607 scribit
976 3550 1194 3614 Paulus,
1248 3568 1369 3605 cttm
1414 3552 1588 3607 dicit:
1645 3554 1983 3618 Quatuorde-

405 3651 503 3702 cim
555 3647 706 3700 annis
756 3658 933 3714 postea
990 3645 1407 3715 Hierosolymam
1451 3647 1662 3699 arcendi
1696 3662 1817 3699 cum
1846 3646 1984 3700 Bar-

405 3741 543 3794 mba
572 3741 636 3796 ⁸⁸.
673 3740 809 3793 Cum
847 3754 973 3792 vero
1014 3737 1374 3790 ministerium
1422 3738 1869 3806 complevissent,
1931 3747 1987 3789 et

404 3835 562 3887 tidem
596 3848 660 3885 ac
694 3832 974 3885 dexteram
1006 3829 1073 3883 ab
1103 3828 1363 3895 apostolis
1392 3828 1571 3882 datam
1623 3831 1980 3897 accepissent,

403 3937 464 3979 ut
501 3925 598 3992 ipsi
653 3924 717 3976 ad
774 3933 963 3993 gentes
1012 3922 1264 3991 profecti,
1290 3921 1325 3973 ii
1362 3935 1509 3984 vero,
1541 3920 1631 3988 qui
1666 3937 1788 3974 cum
1825 3920 1984 3977 Petro

401 4025 584 4080 erant,
616 4015 959 4071 circumcisis
1012 4014 1388 4084 praedicarent.
1430 4011 1835 4067 descenderunt
1868 4013 1983 4066 An-

404 4111 681 4176 tiochiam,
737 4110 1000 4163 habentes
1049 4105 1289 4160 Marcum
1341 4105 1652 4159 ministrum
1707 4105 1775 4158 ²⁷.
1831 4103 1984 4161 Missi

402 4212 582 4260 autem
628 4220 657 4258 a
706 4202 911 4272 Spiritu
958 4210 1151 4257 saneto
1186 4216 1252 4254 ex
1284 4201 1417 4255 urbe
1465 4199 1781 4264 Antiochia,
1821 4214 1985 4255 vene-

403 4305 532 4350 runt
578 4296 634 4350 in
680 4296 940 4365 Cyprum,
998 4302 1054 4347 et
1098 4300 1264 4346 totam
1319 4291 1553 4346 insulam
1598 4301 1982 4361 peragrarunt,

404 4371 678 4440 Salamina
729 4387 966 4453 Paphum
1000 4399 1172 4453 usque
1205 4383 1558 4453 Evangelinm
1594 4385 1975 4451 pratdicantes,

2088 3194 2364 3250 Barnabas
2396 3193 2620 3249 Paulum
2668 3199 2912 3267 rogabat,
2946 3212 3004 3254 ut
3047 3200 3290 3256 Marcum
3324 3217 3506 3258 secum
3561 3220 3677 3257 una

2088 3286 2273 3340 venire
2308 3296 2624 3354 pateretur;
2678 3290 2876 3358 quippe
2916 3304 3141 3360 paratus
3188 3301 3334 3348 esset
3379 3309 3552 3361 usque
3599 3297 3683 3351 ad

2088 3386 2314 3431 mortem
2348 3392 2443 3447 pro
2470 3376 2669 3433 Christi
2700 3380 2803 3435 [ide
2839 3392 3116 3437 certamen
3147 3384 3441 3440 sustinere.
3466 3384 3680 3441 Paulus

2087 3460 2215 3525 vero
2274 3482 2463 3526 contra
2519 3461 2742 3540 rogabat
2803 3476 3129 3542 Barnabam,
3193 3489 3251 3532 ut
3305 3495 3489 3534 secum
3560 3497 3674 3535 una

2087 3561 2327 3615 Marcum
2366 3576 2471 3616 non
2524 3563 2808 3618 haberent.
2843 3564 2983 3621 llinc
3011 3572 3231 3622 occasio
3254 3572 3503 3639 qua-dam
3540 3585 3678 3627 nata
3710 3574 3715 3578 ’

2086 3662 2190 3719 est,
2223 3665 2277 3707 ut
2308 3654 2535 3721 apostoli
2586 3672 2613 3707 a
2661 3673 2719 3710 se
2750 3658 2992 3712 ViCLSiIII
3035 3672 3442 3729 separarentur,
3483 3665 3680 3719 divina

2088 3742 2437 3797 Providentia
2477 3744 2529 3797 id
2563 3745 2766 3801 utiliter
2795 3750 3161 3816 permittente.
3205 3752 3346 3807 Deus
3368 3753 3516 3807 enim
3550 3754 3682 3823 ipse

2086 3833 2322 3887 Marcum
2361 3835 2678 3903 populorum
2709 3848 2761 3891 et
2793 3840 3035 3908 gentium
3066 3842 3353 3896 multarum
3389 3854 3679 3911 pastorem

2088 3940 2152 3980 ac
2192 3925 2505 3995 magistrum
2533 3938 2821 3984 creaturos
2850 3941 2971 3984 erat
3004 3931 3071 3984 ³³.

2158 4014 2321 4072 XVII.
2359 4016 2465 4072 Sed
2489 4033 2648 4074 nemo
2678 4021 3051 4091 imprudenter
3078 4027 3298 4095 proprio
3327 4024 3521 4081 affectu
3550 4043 3681 4083 me-

2098 4107 2284 4173 tiatur,
2344 4109 2487 4179 quod
2533 4120 2616 4166 est
2670 4111 2722 4165 in
2777 4128 2931 4167 sacra
2980 4114 3047 4169 de
3085 4116 3469 4186 Apostolorum
3523 4118 3678 4174 actis

2088 4201 2339 4264 historia,
2380 4217 2486 4271 quo
2520 4205 2639 4259 loco
2692 4205 2759 4260 de
2806 4206 2970 4261 Paulo
3009 4218 3064 4263 et
3109 4208 3361 4266 Barnaba
3411 4221 3683 4266 narratur

2088 4294 2251 4351 illud:
2284 4294 2449 4349 Facta
2476 4306 2561 4351 est
2591 4298 2860 4353 dissensio
2896 4299 2970 4353 ita
3006 4311 3065 4355 ut
3096 4303 3441 4359 discederent
3469 4307 3539 4359 ab
3577 4305 3681 4359 in-

2088 4387 2282 4441 vicem.
2321 4387 2437 4442 Non
2463 4389 2607 4443 enim
2654 4391 2720 4443 ad
2760 4391 2861 4445 hoc
2889 4391 3184 4448 iracundia:
3217 4405 3311 4450 aut
3338 4393 3539 4450 furoris
3585 4396 3681 4449 af-

401 4488 455 4530 et
487 4476 747 4530 miracula
789 4473 1052 4532 facientes
1083 4489 1096 4524 :
1153 4486 1261 4540 quo
1318 4480 1556 4541 tempore
1590 4472 1838 4543 Elymam
1875 4489 1974 4529 ex-
2011 4458 2054 4514 θ
2086 4474 2230 4529 fectu
2260 4476 2480 4546 impulsi
2536 4487 2665 4530 sunt
2736 4478 2939 4534 Christi
2977 4482 3206 4549 apostoli
3260 4483 3506 4554 (minime
3561 4484 3679 4540 hoc

401 4577 681 4624 czecarunt
719 4579 773 4620 et
804 4564 1185 4630 proconsulem
1237 4563 1487 4633 Sergium
1519 4564 1745 4619 Paulum
1778 4565 1885 4623 fide
1914 4568 1980 4623 il-

404 4660 738 4715 Ittmittarunt
774 4658 838 4710 ⁸⁸.

440 4748 559 4804 XV.
579 4747 773 4804 Postea
792 4761 1096 4815 veroquam
1113 4746 1310 4800 multos
1328 4748 1392 4799 ad
1408 4747 1611 4801 Christi
1631 4747 1977 4817 disciplinam

400 4849 806 4904 Converterunt,
855 4854 884 4893 e
914 4839 1091 4909 Cypro
1116 4839 1479 4902 discedentes,
1509 4850 1776 4895 venerunt
1814 4839 1980 4894 Pant-

401 4933 663 5003 phyliam.
698 4930 832 4986 Cum
874 4946 1002 4985 vero
1041 4914 1406 5002 Marcusiipse
1445 4932 1724 5002 apostolos
1758 4932 1987 4988 vidisset

403 5041 503 5093 pro
531 5024 806 5094 Evangelii
834 5025 1216 5094 praedicatione
1248 5025 1487 5093 pericula
1532 5026 1855 5088 subeuntes,
1888 5042 1981 5081 ne-

396 5130 510 5183 que
541 5114 731 5169 honori
763 5114 1064 5179 studentes,
1099 5114 1192 5167 sed
1218 5114 1442 5167 brevem
1463 5125 1519 5168 et
1544 5116 1805 5169 caducam
1842 5116 1983 5170 hanc

401 5205 631 5275 gloriam
682 5206 1139 5273 derelinqucntes,
1185 5206 1251 5259 ad
1286 5206 1483 5260 bellum
1512 5215 1698 5259 contra
1733 5206 1981 5261 infideles

407 5298 660 5352 homines
712 5297 1117 5366 susripieudum
1146 5312 1461 5366 properare,
1492 5297 1607 5366 ipse
1636 5298 1701 5351 ad
1743 5298 1983 5366 pericula

401 5390 687 5443 subeunda
720 5375 1028 5442 claudicare
1077 5388 1259 5456 C(Bpil,
1296 5370 1495 5457 qtiippe
1545 5388 1636 5456 qui
1670 5387 1987 5443 adolescens

400 5491 521 5534 crat
560 5478 959 5545 formidolosus,
1004 5490 1056 5534 ct
1113 5481 1404 5538 inlirmior,
1449 5496 1609 5549 quam
1656 5489 1714 5534 ut
1758 5493 1983 5535 mortem

474 5675 519 5706 “
551 5675 736 5730 Matth.
791 5694 861 5741 χι,
908 5679 998 5731 ‘20.
1080 5682 1121 5707 ’⁵
1178 5681 1293 5731 Act.
1327 5678 1516 5738 XI,23.

691 5749 734 5779 ³⁸³
768 5750 887 5805 Act.
924 5765 1007 5810 ar,
1051 5750 1069 5802 l
1108 5766 1262 5818 seqq.
1342 5749 1380 5780 ²¹¹
1430 5749 1819 5820 tbid.35.5eqq.

1596 5679 1639 5706 ’θ’
1667 5678 1842 5733 Calai.
1878 5695 1936 5734 tt.
1988 5679 2034 5730 Ι.

1899 5752 1940 5781 ³³
1970 5749 2164 5820 Ephes.
2206 5765 2279 5817 ιν,
2310 5750 2398 5804 51.

2085 4580 2185 4620 nos
2235 4567 2576 4637 cogitemus);
2618 4583 2739 4621 nam
2794 4570 2888 4638 qui
2939 4586 3160 4625 carnem
3210 4587 3332 4627 cum
3382 4570 3677 4628 affectibus

2085 4665 2138 4711 et
2184 4657 2574 4725 cupiditatibus
2606 4660 3011 4725 erucitixernnt,
3048 4663 3139 4729 qui
3191 4678 3321 4716 voce
3353 4677 3546 4730 magna
3584 4663 3673 4717 sic

2085 4765 2276 4804 omnes
2304 4750 2527 4804 Christo
2554 4753 2840 4806 credentes
2870 4755 3231 4807 admonebant
3259 4769 3273 4807 :
3301 4752 3486 4809 Omnis
3516 4771 3679 4806 antu-

2089 4842 2283 4904 ritudo,
2309 4851 2357 4894 et
2386 4843 2486 4904 ira,
2518 4853 2563 4895 et
2596 4844 2914 4911 indignatio,
2945 4856 2992 4897 et
3020 4845 3242 4905 clamor,
3268 4858 3314 4899 et
3342 4845 3677 4912 blasphemia

2088 4932 2310 4988 tollatur
2338 4952 2369 4986 a
2410 4936 2715 4989 vobis'cum
2763 4938 2906 4990 omni
2940 4936 3147 4990 malitia
3177 4940 3263 5004 ³²;
3300 4938 3389 5006 qui
3424 4938 3537 4990 lieri
3564 4954 3678 5005 po-

2091 5033 2215 5090 test,
2254 5037 2313 5079 ut
2356 5028 2432 5083 illi
2464 5029 2561 5095 ipsi
2602 5032 2652 5082 in
2690 5029 2994 5094 Itujttsmodi
3026 5030 3278 5083 allectum
3322 5031 3614 5083 inciderint
3650 5032 3681 5083 ἲ

2091 5117 2309 5172 Scimus
2335 5130 2538 5186 autent,
2593 5132 2648 5174 et
2686 5138 2751 5175 ex
2784 5122 2981 5177 divinis
3012 5121 3233 5177 Litteris
3265 5125 3676 5177 dissensionum

2095 5212 2464 5267 diversitatem
2515 5218 2886 5283 cognovimus,
2936 5226 2991 5268 et
3027 5232 3213 5269 vocem
3253 5217 3387 5270 hanc
3420 5218 3676 5285 παρηξυ-

2097 5299 2232 5369 σμὸς
2269 5301 2319 5353 in
2352 5302 2547 5355 bonam
2586 5313 2796 5371 partem
2840 5302 3011 5370 accipi
3044 5302 3283 5366 solitam,
3314 5313 3371 5354 ut
3421 5318 3539 5355 cum
3590 5303 3677 5354 ait

2095 5391 2386 5460 Apostolus
2429 5411 2444 5447 :
2483 5390 2882 5447 Cousiderenms
2923 5395 3264 5461 nosmetipsos
3315 5396 3365 5446 in
3414 5409 3677 5461 provoco-

2096 5484 2236 5536 tione
2262 5482 2561 5549 cltaritatis,
2592 5495 2641 5538 et
2669 5487 2919 5537 bonorum
2946 5503 3162 5555 operum
3195 5486 3261 5538 ³³η.
3307 5485 3452 5540 Talis
3491 5485 3581 5537 fuit
3611 5497 3675 5536 et

2113 5680 2156 5708 ’⁷
2195 5679 2439 5753 Act.__xv,
2642 5682 2685 5711 "
2735 5681 2851 5734 Art.
2887 5698 3003 5744 χιιι,
3028 5687 3055 5739 '7
3095 5700 3247 5753 seqq.
3328 5684 3373 5714 '°
3402 5683 3499 5735 Art

2480 5751 2522 5782 ³³
2564 5750 2728 5806 ΙΙιιιιι.
2767 5756 2940 5817 λ,21.

3553 5695 3672 5747 xiv,
