3968 6198
135 2994 198 3031 δ

342 222 476 288 1097

339 428 423 485 Ius
460 430 604 483 enim
643 440 957 486 accuratam
997 448 1286 490 censuram
1324 440 1660 507 requirebat,
1698 450 1924 512 aposto-

341 523 458 577 lica!
489 523 813 592 professioni
846 528 1301 583 convenientem:
1354 530 1633 588 Barnabas
1681 549 1811 588 vero
1856 536 1924 589 ad

328 618 735 671 humanitatem
763 620 1083 686 propensior
1115 630 1231 675 erat
1260 637 1275 687 ;
1313 624 1671 692 quamobrem
1701 635 1758 682 et
1787 627 1925 682 Mar-

342 724 464 764 cum
495 725 678 765 secum
716 711 944 773 hahens,
974 713 1027 766 in
1055 713 1291 785 Cyprqu
1318 718 1591 786 navigavit
1616 718 1685 776 “.

413 800 654 856 XXVIII.
687 801 932 871 Cumque
960 820 1078 857 eam
1109 806 1339 860 insulam
1373 816 1539 861 totam
1559 818 1923 880 peragrasset,

328 892 569 962 opopulos
593 894 791 957 multos
840 896 907 948 ad
962 895 1165 951 Christi
1211 896 1367 953 ﬁdem
1403 901 1689 969 convertit,
1723 911 1780 955 et
1828 903 1922 955 Sa-

345 985 601 1041 laminam
641 989 811 1052 venit,
846 989 934 1043 ubi
983 988 1257 1060 paulisper
1313 1002 1557 1048 moratus
1603 1003 1707 1059 est,
1758 997 1927 1050 edens

346 1080 631 1145 miracula,
685 1092 740 1135 et
800 1083 1106 1150 prazdicans
1166 1100 1391 1153 regnum
1449 1085 1597 1139 Dei:
1661 1103 1767 1156 quo
1807 1088 1928 1144 loco

346 1173 516 1227 turbae
547 1173 730 1228 multae
768 1175 835 1229 ad
865 1174 1068 1231 Christi
1102 1176 1260 1230 Iidem
1305 1189 1677 1235 accesserunt.
1733 1181 1927 1249 Dispu-

346 1264 494 1319 tabat
521 1276 849 1322 autemcmn
874 1266 1075 1324 Iudaeis
1108 1269 1161 1323 in
1190 1285 1459 1341 synagoga
1495 1274 1747 1326 omnibus
1787 1271 1927 1327 Sah-

342 1355 506 1421 batis,
570 1359 1277 1417 divinarum-Litterarum
1350 1361 1679 1418 testimoniis
1741 1362 1926 1419 .Iesum

347 1445 630 1505 Christum
661 1451 811 1508 illum
847 1467 970 1509 esse
1006 1454 1270 1523 probans,
1299 1468 1459 1524 quem
1492 1454 1635 1511 Deus
1663 1457 1931 1527 promise-

347 1551 454 1596 rat.
486 1543 690 1599 Omnes
724 1554 907 1601 autem
942 1545 1249 1602 Barnabam
1283 1547 1677 1602 reverebantur
1707 1561 1931 1620 propter

345 1633 587 1689 divinam
639 1634 930 1703 quamdam
971 1636 1334 1702 honestatem,
1382 1651 1502 1705 qua:
1550 1636 1601 1690 in
1641 1637 1785 1691 illius
1838 1653 1927 1692 as~

344 1737 500 1798 pectu
533 1728 768 1799 vigebat.
806 1729 939 1784 Erat
983 1729 1126 1786 enim
1159 1730 1273 1784 oris
1306 1732 1488 1800 specie
1526 1730 1687 1788 valde
1716 1736 1923 1802 gravis,

346 1820 534 1876 habitu
574 1837 641 1877 ac
671 1830 820 1876 veste
859 1822 1145 1877 admodum
1173 1824 1343 1885 tenui,
1376 1825 1678 1892 cujusmodi
1708 1824 1924 1881 illorum

344 1928 451 1984 est,
474 1919 562 1988 qui
591 1918 813 1974 delicias
841 1918 1184 1987 abjicientes,
1205 1921 1257 1974 in
1288 1920 1504 1975 virtutis
1531 1920 1926 1977 exercitatione

345 2020 656 2066 versantur.
717 2010 846 2065 Erat
903 2012 1212 2080 superciliis
1264 2014 1590 2080 contractis,
1642 2023 1698 2069 et
1752 2014 1926 2069 oculis

347 2104 675 2160 hilaritatem
710 2119 820 2173 pra:
849 2119 910 2160 se
942 2103 1264 2173 ferentibus,
1308 2121 1413 2160 non
1449 2116 1660 2161 torvum
1696 2107 1921 2175 aliquid,

347 2198 440 2252 sed
464 2210 630 2267 grave
661 2195 918 2265 quiddam
948 2197 1000 2252 in
1036 2211 1095 2253 se
1142 2198 1492 2265 habentibus,
1528 2208 1578 2252 et
1612 2207 1927 2253 reverenter

347 2289 636 2344 admodum
689 2289 946 2343 deorsum
998 2290 1392 2358 spectantibus.
1430 2290 1555 2344 Oris
1581 2290 1840 2345 honestas
1873 2301 1926 2347 et

348 2381 496 2435 labra
528 2381 749 2447 decora,
782 2379 957 2435 mellis
985 2381 1316 2435 suavitatem
1362 2381 1705 2447 distillantia,
1741 2382 1793 2435 in
1828 2397 1925 2437 eo~

348 2475 468 2528 dem
513 2473 605 2528 illo
630 2472 862 2527 inerant.
893 2471 1008 2525 Non
1063 2473 1209 2527 enim
1264 2472 1468 2542 aliquid
1513 2488 1753 2543 unquam
1797 2490 1923 2544 pro-

336 2567 654 2630 nuntiabat,
682 2564 821 2634 qnod
849 2566 987 2619 roret
1009 2577 1500 2634 supervacaneum.
1528 2565 1655 2634 Ejus
1680 2566 1928 2622 incessus

329 2657 696 2727 compositus,
730 2663 783 2711 et
813 2655 879 2711 ab
909 2654 1276 2710 ostentatione
1308 2654 1540 2720 alienus,
1574 2665 1720 2712 totus
1751 2657 1921 2712 deni—

343 2766 449 2820 que
486 2752 633 2804 omni
663 2765 727 2804 ex
768 2758 924 2820 parte
965 2748 1240 2816 apostolus
1279 2747 1559 2803 Barnabas
1613 2759 1729 2804 erat
1795 2756 1923 2809 tan-

326 2859 506 2914 quam
542 2853 687 2898 recta
728 2842 972 2911 quaedam
997 2840 1093 2896 Dei
1128 2838 1408 2907 columna,
1449 2840 1691 2893 omnium
1731 2840 1910 2893 virtu-

332 2948 458 2989 tum
485 2935 738 3001 splendor
761 2935 1003 2990 illustris.

1326 234 1718 298 LAUDATIO
1764 238 1842 298 IN
1885 238 2135 302 APOS’I‘.
2182 244 2614 306 BARNABAM.

337 336 595 408 apostolis
623 336 917 393 dissidendi
958 340 1117 405 ratio,
1160 342 1267 398 hoc
1297 357 1403 412 est,
1438 348 1528 403 Dei
1568 349 1912 406 zelus..Pau-
1946 359 1989 412 Α
2021 356 2153 409 riter
2216 358 2490 425 przeterire

3472 252 3614 316 409⁵1

2533 377 2546 410 :
2604 357 2769 411 l'nttn-i
2815 375 2943 413 vero
3015 363 3161 418 illius
3223 365 3402 419 smculi
3472 367 3614 422 bona

2030 448 2316 516 semperin
2341 449 2529 504 eodem
2558 459 2699 502 Statu
2731 465 3079 518 permanere,
3109 466 3312 510 mtcrna
3366 466 3419 511 et
3451 457 3615 512 liuent

2031 537 2236 593 nullum
2272 540 2548 595 habentia.
2603 541 2790 611 Neque
2845 546 2989 598 enim
3058 563 3286 618 regnum
3351 549 3613 603 ccelornm

2030 632 2322 702 aliquando
2348 636 2628 701 praeterire
2668 637 2868 703 poterit
2904 655 2917 690 :
2947 654 3122 707 neque
3176 639 3440 708 judicium
3482 642 3615 696 illud

2032 724 2189 778 linem
2224 725 2464 789 habebit,
2504 729 2598 781 sed
2653 744 2867 797 semper
2897 732 3021 795 erit,
3056 732 3139 786 his
3179 733 3271 802 qui
3334 737 3611 803 peccando

2030 815 2193 868 vitam
2225 827 2626 885 transegernnt,
2666 818 3031 875 immortalem
3076 837 3290 891 pmoam
3346 823 3603 883 allerens.

2028 917 2083 961 et
2116 908 2273 962 linem
2329 909 2531 962 nttllnm
2572 910 2904 966 habituram.
2948 912 3078 969 Date
3137 915 3306 985 igitur
3364 931 3608 986 operam,

2030 1010 2091 1055 ut
2120 1002 2237 1056 sine
2265 1002 2420 1072 culpa
2449 1013 2500 1057 et
2531 1002 2649 1058 lahe
2686 1004 2740 1058 in
2788 1004 2874 1058 die
2934 1005 3027 1060 illo
3076 1017 3320 1062 extremo
3370 1009 3615 1063 invenia-

2031 1095 2187 1157 miui,
2222 1109 2288 1148 ne
2320 1094 2372 1146 in
2406 1096 2708 1165 gehennam
2748 1098 3137 1168 sempiternam
3189 1100 3474 1155 decidatis.
3507 1101 3615 1154 Me-

2033 1188 2204 1241 moria
2243 1189 2490 1256 repetite,
2529 1198 2658 1258 quot
2690 1191 2843 1260 signa
2874 1200 2928 1245 et
2961 1191 3202 1262 prodigia
3234 1207 3331 1262 per
3380 1208 3464 1246 me
3496 1209 3613 1248 ser-

2032 1293 2155 1331 vum
2183 1292 2342 1332 suum
2381 1277 2521 1334 Deus
2559 1281 2674 1348 ipse
2710 1282 2851 1352 apud
2882 1298 2980 1337 vos
3002 1281 3265 1350 ell‘ecerit,
3316 1292 3370 1337 et
3397 1301 3493 1353 pro
3530 1302 3616 1339 me

2035 1369 2199 1424 Deum
2228 1380 2399 1425 orate.
2453 1371 2566 1441 Ego
2620 1373 2765 1425 enim
2800 1373 3023 1443 jamjam
3067 1374 3433 1431 immolandas
3468 1392 3610 1439 sum,

2030 1469 2086 1514 et
2119 1470 2328 1530 tempus
2360 1463 2488 1517 illud
2517 1480 2683 1533 prope
2708 1474 2817 1530 est,
2848 1482 2957 1534 quo
2990 1468 3055 1521 ab
3092 1467 3194 1521 hoc
3246 1483 3476 1537 corpore
3505 1471 3615 1524 dis-

2031 1552 2318 1608 solvendus
2348 1569 2487 1617 sum,
2521 1556 2659 1609 sicut
2693 1554 2953 1609 Dominus
2979 1565 3166 1611 noster
3189 1555 3345 1613 Jesus
3362 1558 3615 1615 Christus

2034 1643 2165 1697 mihi
2204 1642 2549 1714 signilicavit.
2580 1645 2786 1699 Bonum
2816 1649 3085 1702 certamen
3145 1652 3365 1719 certavi,
3400 1669 3615 1706 cursum

2032 1738 2415 1800 consummavi,
2438 1738 2592 1806 ﬁdem
2614 1740 2821 1794 servavi
2851 1756 2868 1794 :
2908 1757 3048 1795 nunc
3080 1742 3313 1809 reposita
3365 1745 3491 1796 mihi
3525 1746 3613 1797 'est

2029 1843 2221 1884 cat-oua
2246 1830 2493 1899 justitite,
2529 1848 2630 1885 non
2658 1831 2828 1886 soluat
2860 1842 3040 1888 autem
3074 1836 3204 1888 mihi
3237 1836 3330 1890 sed
3356 1845 3410 1889 et
3440 1838 3613 1889 omni-

2029 1920 2123 1977 bus
2152 1923 2242 1992 qui
2278 1932 2489 1992 propter
2526 1919 2726 1978 Christi
2757 1922 3136 1993 confessione»:
3163 1935 3424 1981 certamen
3450 1929 3616 1981 susti-

2030 2013 2238 2063 nuerint
2269 2011 2336 2065 ³⁷.

2101 2102 2221 2158 XX.
2258 2103 2382 2160 llmc
2405 2120 2526 2160 cum
2561 2105 2812 2172 dixisset,
2842 2123 2949 2161 una
2979 2123 3102 2163 cum
3134 2107 3392 2164 omnibus
3444 2110 3613 2164 Deum

2027 2197 2248 2251 oravit:
2279 2197 2593 2265 multusque
2646 2196 2806 2253 ﬂetus
2856 2199 3138 2253 hominum
3203 2200 3421 2267 iuit,eo
3469 2203 3613 2271 quod

2030 2289 2317 2358 Apostolus
2350 2289 2437 2343 ille
2469 2290 2688 2344 dixerat
2749 2298 2964 2359 tempus
3018 2306 3184 2361 prope
3243 2307 3387 2359 esse,
3449 2307 3612 2362 quoa

2028 2394 2257 2448 corpore
2287 2379 2666 2436 dissolvendns
2697 2380 2859 2440 foret.
2896 2380 3175 2440 Barnabas
3204 2401 3334 2441 vero
3365 2402 3488 2441 cum
3516 2401 3614 2456 pa-

2031 2486 2151 2526 nem
2186 2482 2240 2527 et
2283 2473 2506 2528 calicem
2570 2476 2916 2545 sumpsisset,
2966 2487 3021 2532 et
3086 2479 3254 2533 divini
3313 2480 3609 2534 ministerii

2028 2565 2276 2620 ordinem
2332 2577 2501 2621 totum
2543 2568 2948 2636 complevisset,
3008 2587 3113 2626 ttna
3171 2588 3295 2626 cum
3355 2568 3616 2626 fratribus

2030 2659 2298 2725 particeps
2334 2658 2509 2714 factus
2531 2668 2614 2715 est
2668 2657 3024 2716 Eucharistite
3069 2663 3473 2732 mysteriorum.
3498 2661 3616 2728 Quo

2029 2748 2174 2804 facto
2215 2749 2455 2805 Marcum
2484 2768 2667 2808 secum
2707 2753 2913 2808 habens
2951 2755 3201 2816 secessit.
3235 2764 3290 2808 et
3336 2754 3436 2822 ipsi
3469 2769 3620 2808 seor-

2030 2855 2148 2895 sum
2183 2841 2365 2895 dixit:
2407 2842 2575 2895 Ilodie
2625 2843 2926 2897 inﬁdelium
2984 2843 3299 2899 Judarornm
3369 2844 3620 2897 manibus

2032 2950 2117 2990 me
2146 2936 2514 2990 consummari
2552 2944 2807 3003 oportet:
2845 2946 2900 2988 tu
2940 2951 3067 2989 vero
3119 2945 3273 2988 extra
3338 2935 3617 2989 civitatem

417 3027 558 3082 XIX.
595 3027 693 3083 llic
731 3043 853 3082 cum
883 3029 933 3082 in
964 3027 1094 3081 urbe
1130 3026 1406 3082 Salamina
1467 3025 1669 3081 Christi
1722 3024 1924 3095 praedi-
1953 3049 1998 3109 ϐ
2030 3027 2370 3081 occidentem
2408 3042 2596 3081 versus
2638 3027 2917 3093 egredere,
2956 3035 3011 3080 et
3076 3042 3274 3096 corpus
3316 3041 3499 3079 meum
3531 3025 3619 3078 in—

345 3123 611 3177 eatiouem
648 3122 887 3188 doceret,
924 3129 1192 3177 venerunt
1225 3137 1254 3175 e
1286 3120 1442 3192 Syria
1479 3118 1648 3175 Judaei
1678 3119 1923 3189 quidam,

349 3217 438 3287 qui
467 3201 753 3272 maledicta
785 3217 836 3270 in
872 3230 994 3270 eum
1031 3215 1412 3285 conjicicntes,
1445 3229 1673 3284 qna-que
1713 3215 1781 3268 ab
1833 3215 1927 3270 illo

345 3311 670 3367 dicebantur
733 3318 1129 3380 oppugnantes,
1212 3307 1425 3361 turbam
1488 3316 1684 3362 contra
1745 3307 1921 3375 ipsum

348 3404 745 3465 excitaverunt,
782 3403 1138 3456 criminantes
1187 3399 1320 3453 nihil
1377 3400 1490 3452 veri
1540 3402 1607 3453 ab
1665 3414 1730 3454 co
1780 3399 1926 3453 diei:

351 3496 448 3551 sed
478 3509 639 3563 quem
665 3493 782 3562 ipse
817 3492 1001 3546 Jesum
1033 3490 1309 3545 Christum
1357 3489 1528 3545 fuisse
1544 3490 1770 3552 diceret,
1806 3506 1929 3544 cum

336 3589 594 3642 fallacem
638 3584 926 3654 quemdam
963 3584 1262 3647 hominem,
1297 3592 1351 3638 et
1383 3582 1491 3637 Deo
1559 3584 1657 3651 ipsi
1696 3595 1932 3640 contra-

348 3679 488 3734 rium
516 3676 705 3741 fuisse,
743 3675 938 3744 legem,
970 3673 1266 3743 prophetas
1291 3682 1344 3727 et
1377 3672 1598 3726 Sahhati
1631 3673 1930 3730 observan-

353 3775 489 3828 tiam
526 3771 927 3852 reprqbantem.
970 3768 1132 3821 Iidem
1166 3775 1221 3821 et
1254 3766 1525 3823 Darnabae
1561 3767 1929 3832 interﬁciendi

346 3863 809 3936 opportunitatem
857 3859 1235 3915 observabant.
1271 3859 1505 3914 Sanctus
1552 3875 1679 3914 vero
1728 3860 1930 3915 Christi

347 3952 628 4024 apostolus
667 3949 970 4013 Barnabas,
998 3964 1121 4002 cmn
1179 3964 1373 4003 omnes
1440 3949 1639 4003 fratres
1698 3964 1929 4015 congre-

348 4054 528 4116 gasset
558 4063 571 4102 :
602 4042 726 4103 Vos.
757 4043 954 4112 inquit,
988 4042 1141 4096 scitis
1171 4042 1442 4111 quomodo
1500 4059 1601 4094 utra
1648 4044 1928 4097 vobiscum

347 4139 496 4196 omni
520 4146 761 4207 tempore
784 4144 1032 4191 versatus
1068 4133 1284 4199 luerim,
1343 4148 1790 4205 unumquemque
1817 4136 1931 4187 ad-

352 4244 577 4285 monens
600 4239 657 4284 et
690 4228 935 4292 hortans,
968 4235 1026 4279 nt
1054 4225 1107 4279 in
1174 4224 1347 4295 gratia
1380 4233 1434 4279 et
1488 4224 1702 4279 Domini
1759 4225 1929 4280 nostri

349 4323 481 4379 Jesu
512 4321 715 4377 Christi
771 4320 874 4375 ﬁde
921 4326 1242 4373 constanter
1303 4318 1692 4387 permaneatis,
1727 4328 1782 4373 et
1812 4319 1928 4387 ejus

350 4427 615 4491 prtecepta
643 4414 971 4478 observetis,
1004 4422 1059 4467 et
1092 4413 1157 4467 ab
1185 4412 1331 4469 omni
1373 4428 1540 4481 pravo
1571 4428 1735 4482 opere
1775 4428 1928 4467 men-

353 4523 456 4568 tem
486 4521 539 4567 et
561 4526 752 4565 manus
774 4505 1095 4565 cohibentis.
1152 4503 1397 4573 Namque
1458 4517 1675 4575 oportet
1736 4521 1928 4559 omnes

351 4622 449 4661 nos
476 4604 593 4660 sisti
623 4612 750 4658 ante
787 4601 1020 4655 tribunal
1048 4598 1249 4654 Christi
1279 4599 1347 4664 ³⁸,
1404 4608 1463 4651 ιιι
1499 4598 1724 4666 recipiat
1764 4612 1931 4651 unus-

351 4698 583 4766 quisque
647 4694 866 4765 propria
916 4692 1167 4761 corporis
1219 4691 1325 4756 sui,
1376 4705 1494 4759 qua:
1554 4689 1763 4753 fecerit,
1819 4689 1934 4742 sive

352 4788 514 4854 bona,
548 4787 663 4841 sive
693 4786 833 4838 mala
870 4804 882 4839 :
917 4784 1159 4852 praeterit
1191 4783 1337 4837 enim
1379 4782 1548 4851 ﬁgura
1583 4782 1767 4835 mundi
1831 4782 1933 4835 hu-

349 4877 461 4947 jus,
488 4887 541 4932 et
575 4875 838 4930 Dominus
876 4881 1138 4927 venturus
1168 4880 1251 4926 est
1292 4872 1358 4926 de
1411 4872 1552 4925 caelo
1579 4871 1826 4938 judicare
1856 4873 1936 4924 vi-

354 4983 451 5023 vos
480 4977 534 5022 et
563 4976 827 5019 mortuos.
859 4963 1035 5017 Nolite
1059 4963 1564 5033 igiturnegligcnles
1585 4978 1727 5029 esse,
1760 4965 1938 5018 scien-

357 5072 459 5128 tes,
497 5058 641 5130 quod
673 5073 781 5125 qua
815 5057 946 5111 hora
982 5069 1091 5109 non
1146 5056 1364 5125 putatis,
1438 5055 1699 5109 Dominus
1756 5060 1939 5110 noster

280 5196 291 5205 .
356 5154 535 5209 veniet
566 5150 632 5203 ³³.
663 5148 961 5205 Ernnmas
1008 5154 1064 5201 et
1095 5148 1315 5202 labores
1349 5148 1586 5201 libenter
1622 5148 1937 5215 perieratis,

356 5248 517 5303 corda
550 5254 727 5301 vestra
762 5257 856 5312 spe
883 5239 1298 5305 conlirmantes,
1330 5242 1472 5309 quod
1528 5240 1797 5296 adventus
1830 5241 1934 5295 Do-

359 5341 488 5395 mini
516 5354 682 5410 prope
707 5337 797 5391 sit.
834 5333 1212 5389 Recordemini
1242 5349 1361 5403 qua:
1388 5332 1541 5387 vobis
1592 5348 1736 5403 δςυιιε
1801 5336 1935 5399 dixi,

358 5433 643 5502 praesentis
686 5431 808 5484 vita:
846 5444 958 5491 res,
1015 5427 1130 5482 sive
1188 5440 1482 5496 prosperae,
1536 5428 1650 5480 sive
1702 5431 1942 5482 adversa!

360 5529 492 5591 sint,
521 5527 711 5579 breves
738 5533 792 5577 et
823 5521 1056 5576 caducas
1085 5534 1226 5585 esse,
1286 5521 1577 5589 omniaque
1640 5519 1754 5575 haec
1796 5521 1941 5575 cele-

2036 3119 2219 3174 venies
2257 3137 2270 3173 :
2307 3121 2446 3189 quod
2513 3134 2633 3173 cum
2691 3118 3001 3187 sepelieris.
3038 3119 3123 3172 cvi
3158 3133 3186 3171 e
3214 3117 3417 3188 Cypro.
3448 3125 3504 3170 et
3552 3114 3621 3169 ad

2032 3211 2257 3267 Paulmn
2292 3211 2661 3282 proficiscere,
2695 3221 2748 3265 et
2788 3222 2908 3265 esto
2943 3225 3065 3264 cum
3115 3210 3224 3273 illo,
3275 3210 3453 3279 quoad
3517 3208 3620 3262 Do-

2036 3309 2213 3361 minus
2247 3322 2335 3361 rcs
2406 3316 2527 3359 tuas
2574 3304 2910 3373 diSposuerit
2968 3321 2981 3355 :
3027 3302 3268 3355 Inturnm
3310 3303 3451 3357 enim
3514 3308 3617 3362 cst,

2035 3401 2093 3454 ut
2128 3416 2320 3453 nOmen
2353 3414 2530 3452 unum
2561 3413 2657 3466 per
2713 3406 2887 3449 totum
2958 3395 3147 3449 orbem
3211 3406 3477 3450 terrarum
3538 3394 3622 3449 di-

2034 3491 2304 3560 Vulgetur.

2108 3581 2247 3635 XXI.
2283 3582 2410 3635 Post
2445 3581 2559 3633 hare
2608 3579 2889 3648 ingressus
2914 3586 2991 3630 est
3032 3576 3311 3630 Barnabas
3349 3577 3398 3629 in
3460 3591 3621 3645 syna-

2035 3692 2246 3749 gogam,
2273 3687 2328 3730 et
2373 3674 2591 3727 .ludzeos
2635 3675 2780 3741 ipsos
2831 3673 3080 3735 docebat,
3116 3671 3220 3724 illis
3279 3670 3622 3738 persuadere

2035 3771 2257 3824 studens
2321 3767 2608 3821 Dominum
2644 3765 2824 3819 Jesum
2882 3778 3004 3819 esse
3060 3761 3336 3817 Christum
3392 3763 3625 3817 viventis

2037 3862 2128 3917 Dei
2160 3860 2375 3915 Filium.
2413 3859 2486 3912 Illi
2532 3874 2657 3911 vero
2681 3855 2876 3921 .Iudtci,
2914 3856 3007 3926 qui
3037 3871 3067 3909 e
3092 3856 3249 3926 Syria
3284 3855 3412 3910 illuc
3464 3869 3621 3910 vene-

2037 3964 2180 4023 rant,
2221 3958 2405 4008 furore
2462 3953 2674 4021 perciti,
2728 3967 2759 4006 e
2824 3966 3100 4022 synagoga
3152 3958 3533 4015 surrexerunt,
3570 3958 3625 4004 ct

2036 4049 2363 4104 manibusiu
2394 4062 2514 4100 eum
2540 4046 2821 4113 conjectis,
2888 4045 2941 4098 in
3001 4044 3291 4099 obscuram
3330 4043 3623 4111 quamdam

2040 4156 2329 4213 synagogre
2363 4138 2505 4192 illius
2540 4136 2728 4193 cellam
2781 4152 2953 4204 usque
2992 4137 3056 4188 ad
3122 4135 3343 4189 multam
3410 4143 3625 4189 noctem
3699 4205 3702 4208 ἢ

2036 4234 2431 4289 custodierunt.
2465 4228 2709 4297 Cumque
2762 4228 2913 4281 illum
2976 4228 3315 4290 eduxissent,
3347 4235 3401 4282 et
3439 4224 3624 4279 multis

2037 4323 2372 4378 cruciatibus
2398 4319 2729 4383 aﬂ‘et'isscnt,
2782 4330 3058 4388 postremo
3119 4319 3313 4374 nefarii
3377 4318 3627 4373 homines

2033 4415 2284 4469 eumdem
2317 4413 2720 4482 lapidaverunt,
2787 4422 2850 4467 et
2908 4426 3139 4466 accenso
3196 4427 3326 4479 rogo
3390 4411 3625 4479 quddam

1990 4530 1997 4537 ο
2035 4522 2253 4576 magno,
2291 4505 2504 4560 beatum
2537 4503 2806 4559 Barnabte
2843 4519 3047 4573 corpus
3075 4505 3127 4556 in
3181 4520 3303 4556 cum
3375 4502 3629 4571 coniece-

2036 4608 2185 4661 runt,
2213 4606 2271 4651 ut
2311 4596 2470 4650 nulla:
2507 4596 2679 4664 ipsius
2714 4596 2964 4665 reliquia)
3036 4604 3410 4663 superessent.
3442 4594 3629 4646 Divina

2035 4705 2166 4744 vero
2186 4688 2536 4744 Providentia
2570 4686 2774 4742 factum
2807 4700 2916 4749 est,
2946 4698 3004 4739 ut
3034 4688 3262 4756 apostoli
3324 4703 3522 4754 corpus
3554 4685 3633 4738 iu-

2043 4793 2248 4853 legrnm
2275 4792 2646 4848 permaneret,
2684 4797 2859 4849 neque
2894 4781 2962 4833 ab
3003 4781 3125 4847 igne
3169 4781 3285 4848 ipso
3322 4779 3629 4832 laederetur.

2045 4873 2257 4927 Marcus
2288 4873 2472 4942 igitur,
2509 4882 2567 4925 ut
2597 4872 2878 4925 Barnabas
2946 4879 3304 4939 praeceperat,
3357 4879 3507 4924 extra
3540 4885 3633 4922 ur-

2052 4965 2170 5019 bem
2210 4979 2461 5033 egressus
2516 4963 2860 5019 occidentem
2895 4980 3084 5018 versus
3132 4980 3254 5019 cmn
3305 4965 3631 5033 quibusdam

2050 5059 2327 5121 fratribus,
2364 5058 2621 5128 reliquias
2669 5059 2843 5112 sancti
2913 5057 3173 5111 Barnaba:
3210 5058 3350 5113 clam
3385 5055 3630 5119 abstulit,

2046 5159 2099 5204 ct
2123 5151 2174 5202 in
2200 5150 2454 5217 spelunca
2484 5150 2741 5219 quadam,
2763 5150 2955 5203 stadiis
2981 5150 3093 5203 fere
3128 5151 3367 5218 quinque
3400 5150 3465 5201 ab
3498 5149 3578 5201 nrl
3604 5165 3634 5202 e

2047 5242 2303 5306 distante,
2336 5242 2607 5309 sepelivit.
2641 5240 2758 5294 Mdv
2810 5242 2862 5293 in
2902 5242 3090 5294 urbem
3152 5241 3377 5306 reversi,
3414 5240 3633 5309 planetu

2050 5346 2102 5385 ιιι
2134 5332 2386 5403 laetymis
2415 5347 2536 5386 cunt
2574 5318 2845 5399 prosecuti
2880 5342 3026 5385 sunt.

2126 5424 2287 5478 XXII.
2342 5424 2434 5477 Illo
2469 5434 2650 5477 autem
2690 5435 2931 5493 tempore.
2974 5432 3163 5479 contra
3212 5423 3501 5478 Salamina:
3541 5437 3631 5475 ur-

2052 5518 2133 5571 bis
2164 5517 2458 5570 lictslcsiatti
2499 5516 2808 5584 persecutio
2866 5532 3058 5588 magna
3094 5526 3365 5571 commota
3390 5523 3494 5579 est,
3523 5528 3631 5568 om.

434 5703 625 5758 "Act.
662 5717 751 5767 av,
780 5700 852 5757 59
927 5700 968 5734 “
1003 5698 1043 5754 ll
1086 5698 1211 5756 Cor.
1240 5714 1290 5767 v,
1332 5700 1414 5756 l0.
1495 5698 1535 5732 ’°
1593 5699 1719 5753 Luc.
1754 5682 1859 5765 xu,
1894 5699 1928 5752 1(

2051 5702 2090 5733 ³⁷
2136 5700 2442 5767 11Τὶιιξ.ιν,
2488 5701 2543 5767 7,
2576 5698 2629 5757 3.
