3968 6198
445 257 590 322 4399

1611 272 2057 334 ALEXAND!“
2089 267 2438 334 MONACHI

3567 261 3717 330 “00

451 385 654 440 nesqttu
677 367 769 424 alii
796 369 904 424 alio
935 371 1162 440 dispersi
1183 379 1330 426 sunt.
1362 372 1546 444 Itaque
1575 379 1753 432 sancti
1787 379 2020 444 apostoli
2055 385 2098 436 Α
2127 379 2305 434 debat.
2346 381 2533 448 Itaque
2565 377 2752 434 Petrus
2783 377 2872 433 ille
2899 391 3021 432 cum
3051 373 3329 445 religionis
3365 374 3550 444 specie
3581 391 3722 444 qua-

450 461 712 517 Barnaba:
755 463 1059 531 sepulcrum
1093 463 1291 517 deinde
1319 465 1562 536 ignotum
1610 479 1750 523 erat.
1799 469 2032 550 Proinde

460 553 670 609 Marcus
694 571 816 610 cum
853 572 884 610 c
912 553 1090 625 Cypro
1133 558 1460 629 navigasset,
1506 563 1572 615 ad
1607 563 1832 618 Paulttnt
1863 566 2032 628 venit,

459 647 550 721 qui
579 658 694 701 erat
721 647 940 715 Ephesi,
971 663 1206 717 eumque
1235 651 1302 706 de
1341 651 1601 708 Barnaba:
1626 656 1887 726 martyrio
1915 673 2035 711 cer-

458 740 650 792 tiorem
685 739 831 793 fecit.
870 738 923 792 Id
963 755 1086 794 cum
1127 741 1212 794 illa
1247 744 1564 810 audivisset,
1599 747 1945 818 Iacrytnavit,
1980 756 2030 802 et

453 833 690 885 lllart-nm
747 847 932 887 secum
988 837 1180 891 tenuit.
1232 834 1426 892 Postea
1479 854 1608 896 vero
1665 855 1791 896 cum
1841 840 2033 896 Petrus

362 989 368 1000 Ι
451 923 728 991 apostolus
775 925 956 978 divina
997 927 1329 982 rcvelatione
1381 927 1564 995 jussus
1604 942 1752 988 esset
1805 933 2030 988 Romam

453 1013 746 1081 prolicisci,
783 1029 966 1068 secum
1005 1017 1158 1071 duxit
1187 1029 1240 1072 et
1279 1019 1539 1086 Marcum,
1565 1039 1726 1090 quem
1765 1027 2032 1093 quodam-

455 1103 613 1154 modo
649 1104 751 1156 sibi
800 1104 967 1157 lilium
1020 1117 1302 1174 genuerat.
1355 1107 1432 1161 Illi
1467 1125 1587 1163 cum
1616 1122 1796 1165 essent
1824 1115 1874 1166 itt
1899 1115 2032 1168 urbe

454 1191 646 1255 Roma,
681 1193 1030 1264 Evange-Iium
1079 1197 1298 1254 Marcus
1351 1203 1675 1270 conscripsit
1705 1221 1720 1258 :
1758 1207 1898 1271 quod
1931 1205 2033 1260 Pe-

453 1291 572 1336 trus
603 1287 880 1351 apostolus
932 1287 1082 1357 legit,
1111 1297 1167 1344 ct
1199 1291 1383 1344 divino
1417 1291 1623 1358 Spiritu
1653 1298 1916 1363 scriptum
1942 1312 2034 1352 co-

453 1375 639 1442 gnovit
681 1387 844 1446 atque
878 1379 1218 1448 approbavit.
1253 1380 1442 1451 Itaque
1469 1383 1710 1442 Marcum
1732 1388 1907 1454 ipsum
1933 1405 2034 1458 per

454 1481 715 1522 manuum
742 1470 1139 1539 impositionem
1177 1475 1470 1540 ordinavit,
1503 1487 1558 1530 et
1588 1487 1640 1530 nt
1669 1480 1905 1532 maxime
1923 1481 2035 1536 ido-

455 1575 614 1612 ncum
662 1561 714 1614 in
757 1563 944 1617 urbem
993 1562 1212 1635 Egypli
1266 1567 1670 1634 Alexandriam,
1710 1567 1934 1640 Libyam
1979 1585 2034 1628 et

457 1649 792 1718 Pentapolim
831 1657 996 1709 tttisil.
1037 1658 1158 1722 Quo
1217 1673 1338 1712 cum
1375 1658 1588 1716 Marcus
1639 1665 1896 1728 venisset,
1931 1667 2034 1721 Do-

2140 473 2262 526 datn
2296 488 2357 528 se
2385 472 2673 536 induisset,
2704 479 2824 526 erat
2853 471 3070 540 quidem
3104 469 3321 522 assidue
3355 483 3476 521 cunt
3501 467 3724 523 Zenone

2143 565 2484 631 imperatoris
2520 579 2738 633 genere.
2787 581 2892 618 non
2947 562 3182 616 audebat
3214 569 3396 614 tamen
3435 562 3718 626 propriam

2141 658 2473 724 impietatem
2513 656 2746 725 aperire.
2779 655 3049 709 'Eumdem
3091 661 3275 707 autem
3323 651 3598 704 Zenonem
3649 655 3724 705 ad

2140 748 2378 804 Orientis
2412 757 2591 817 partes
2625 747 3060 815 proﬁciscentem
3087 752 3315 798 secutus
3341 751 3426 795 est
3453 740 3594 793 fullo
3629 740 3723 792 ille

2138 857 2310 911 usque
2339 841 2408 896 ad
2435 841 2624 895 urbem
2657 838 2998 892 Antiochiam
3026 836 3151 890 :nbi
3171 851 3295 889 cum
3329 833 3527 886 multos
3551 831 3748 918 Apul--

2140 933 2330 987 Iinaris
2377 942 2679 987 sectatores
2725 931 3046 991 invenisset,
3085 943 3190 980 una
3217 942 3341 980 cum
3383 925 3490 977 iliis
3521 935 3724 980 contra

2139 1025 2503 1092 patriarcbam
2543 1023 2904 1078 temeritatem
2952 1020 3221 1084 exercuit,
3273 1019 3543 1072 all-Versus
3593 1032 3724 1070 cum

2137 1116 2608 1172 seditiosis~iutttm
2656 1128 2929 1182 quemque
2975 1112 3250 1165 hominem
3303 1111 3587 1163 concitans
3617 1149 3632 1172 ,
3669 1118 3728 1162 et

2137 1210 2634 1266 Chalcedonensem
2675 1209 2944 1278 synodum
3003 1205 3340 1268 cottvit-ians,
3375 1217 3440 1258 ac
3483 1205 3725 1271 patriar-

2139 1304 2298 1361 cham
2327 1303 2502 1368 ipsum
2537 1299 2914 1354 Nestoriauum
2949 1298 3250 1364 appeliaas.

2101 1364 2157 1434 Γ
2209 1364 2378 1448 XXV.
2403 1392 2538 1448 Cum
2577 1391 2740 1461 igitur
2769 1391 3105 1444 Antiochcna
3133 1388 3328 1441 civitas
3357 1386 3528 1439 multa
3576 1384 3728 1438 sedi-

2141 1487 2286 1540 tione
2307 1495 2363 1540 et
2395 1485 2626 1540 tumultu
2655 1483 3085 1552 perturbat-etne,
3117 1480 3308 1534 Petrus
3331 1479 3421 1531 ille
3451 1480 3720 1532 comitem

2139 1581 2412 1636 lunonem
2451 1579 2575 1633 dolo
2599 1589 2933 1646 aggressus:
2969 1573 3106 1636 Nisi,
3142 1573 3338 1641 inquit,
3371 1571 3536 1636 hujus
3582 1571 3730 1624 civi-

2141 1671 2270 1726 tatis
2297 1671 2584 1738 episcopus
2613 1676 2974 1738 permutetur.
3021 1665 3139 1718 ﬁeri
3167 1679 3272 1718 non
3301 1673 3496 1731 potest,
3525 1673 3588 1712 ut
3623 1676 3730 1730 po—

457 1741 591 1794 ntini
626 1741 752 1797 .lesu
784 1743 985 1798 Christi
1015 1746 1370 1815 Evangelium
1409 1751 1516 1804 illis
1543 1751 1854 1822 regionibus
1895 1771 2031 1824 prm-
2063 1743 2106 1797 Β
2136 1764 2294 1832 polus
2323 1763 2510 1832 quiete
2555 1763 2723 1816 vivat.
2765 1758 3082 1827 Quinetiam
3119 1757 3344 1811 multum
3372 1755 3489 1808 auri
3519 1759 3632 1808 vim
3673 1752 3730 1807 ci

457 1832 679 1898 dicavit,
722 1837 794 1890 ita
829 1847 886 1889 ut
925 1838 1076 1891 multi
1106 1839 1172 1892 ad
1207 1839 1405 1894 Cltristi
1437 1842 1594 1894 Iidem
1624 1846 1875 1898 conversi
1919 1847 2034 1900 lue—

457 1923 589 1978 rint.
619 1921 754 1978 Cum
787 1940 916 1980 vero
958 1943 1150 1981 novem
1201 1945 1375 1982 annos
1410 1929 1500 1983 Dei
1534 1931 1691 1985 Iidem
1727 1933 1941 1990 Marcus
1979 1936 2031 1988 in

455 2029 519 2067 ea
546 2015 766 2084 regione
816 2018 1111 2085 docuisset,
1147 2021 1412 2091 martyrio
1441 2023 1493 2074 in
1532 2023 1666 2078 urbe
1705 2022 2031 2081 Alexandria

455 2105 677 2162 functus
702 2119 808 2166 est.

525 2197 714 2252 XXIII.
742 2199 908 2256 ltlnlto
957 2213 1135 2258 autem
1175 2213 1417 2273 tempore
1444 2217 1655 2276 postea,
1709 2225 1831 2264 cum
1871 2209 2032 2268 Citri-

453 2292 630 2346 stiana
665 2292 796 2348 [Ides
839 2294 997 2348 latius
1031 2296 1145 2349 l‘nsa
1177 2309 1339 2364 esset,
1369 2308 1421 2353 et.
1460 2301 1831 2370 imperatores
1865 2303 2028 2359 Chri-

453 2382 615 2437 stiani
659 2381 1027 2438 Romanorum
1085 2386 1316 2456 imperio
1368 2390 1716 2456 potirentur,
1771 2393 2035 2448 miracula

454 2475 701 2543 quaedam
750 2491 948 2546 magna
994 2476 1138 2532 Deus
1175 2479 1290 2548 ipse
1325 2479 1378 2532 in
1417 2495 1482 2534 eo
1515 2479 1637 2534 loco
1675 2482 1892 2544 edebat.
1942 2482 2033 2538 ubi

455 2567 701 2638 reliquiae
733 2570 904 2623 sancti
941 2569 1172 2635 apostoli
1211 2579 1264 2623 et
1298 2571 1546 2641 generosi
1594 2574 1852 2642 martyris
1897 2574 2034 2628 Bar-

456 2659 608 2713 nabte
667 2661 918 2728 repositae
955 2658 1191 2715 fuerant.
1239 2660 1372 2716 Nam
1415 2677 1538 2717 cum
1590 2665 1741 2720 multi
1789 2666 2038 2723 homines

455 2752 702 2822 impuros
744 2752 968 2819 spiritus
1003 2752 1268 2808 habentes
1314 2768 1410 2823 per
1456 2753 1632 2807 locum
1676 2755 1823 2810 illum
1858 2764 2036 2811 trans-

457 2842 622 2906 irent,
661 2842 887 2910 spiritus
917 2842 1020 2912 ipsi
1062 2830 1196 2898 voce
1240 2859 1432 2916 magna
1458 2845 1756 2902 clamantes
1793 2847 2038 2917 egredie-

453 2935 674 2990 bantur.
707 2934 854 2988 Multi
886 2935 1052 2989 etiam
1078 2935 1387 3006 paralytici,
1412 2945 1467 2990 et
1497 2936 1701 3000 claudi.
1757 2939 2035 3006 variisque

455 3025 664 3080 morbis
683 3034 738 3078 et
763 3024 1098 3080 cruciatibus
1128 3027 1332 3090 vexati,
1356 3027 1424 3079 ad
1447 3041 1570 3080 emn
1595 3025 1772 3082 locum
1805 3025 2034 3098 profecti

453 3118 845 3184 pernoctabant
887 3135 902 3171 :
939 3119 1034 3187 qui
1077 3133 1268 3172 outncs
1303 3119 1638 3174 curabantur
1687 3137 1702 3174 :
1753 3120 1823 3174 ob
1874 3120 2038 3190 idque

457 3207 732 3261 Salamina
791 3207 988 3262 civitas
1055 3210 1254 3278 gaudio
1321 3225 1518 3280 magno
1585 3211 2035 3278 perfundebatur.

455 3303 606 3367 Quod
637 3315 768 3356 vero
811 3301 992 3354 divina
1032 3304 1278 3372 qua-dam
1325 3303 1565 3371 potentia
1593 3304 1647 3358 itt
1690 3321 1754 3358 eo
1795 3305 1912 3360 loco
1941 3305 2040 3358 mi-

457 3393 638 3447 racula
684 3393 942 3456 elliceret,
981 3395 1032 3449 id
1092 3395 1310 3463 quidem
1356 3410 1548 3450 onmes
1589 3399 2035 3465 cognoscebant:

457 3501 704 3552 qntrnam
745 3496 921 3538 tamen
959 3497 1100 3540 esset
1129 3503 1288 3540 causa
1335 3489 1523 3557 gratia:
1552 3489 1691 3543 illius
1728 3501 1834 3542 tant
1855 3491 2040 3560 copio-

459 3593 556 3643 sae,
601 3581 649 3633 id
676 3596 1021 3649 nequaquam
1066 3582 1367 3647 intelligere
1405 3593 1677 3650 poterant.
1741 3584 2038 3652 Regionetn

457 3683 638 3725 autem
695 3675 840 3727 illam
902 3677 1158 3730 sanitatis
1210 3676 1387 3730 locum
1470 3677 1734 3747 indigenae
1803 3679 2042 3748 appella-

460 3766 608 3818 bant.

531 3853 720 3909 XXIV.
761 3855 894 3908 Cum
931 3871 1058 3910 vero
1081 3856 1274 3913 beatus
1299 3857 1598 3914 Martianus
1634 3860 1879 3922 obiissct,
1912 3875 2041 3915 san-

457 3955 556 3998 ct:c
579 3948 854 3999 memoriae
881 3943 990 4000 Leo
1035 3949 1266 4015 imperio
1297 3951 1758 4005 successitulluic
1789 3959 1906 4006 erat
1947 3966 2041 4018 ge-

460 4052 557 4090 ner
591 4036 736 4091 Zeno
763 4037 977 4092 lsaurus
1019 4055 1242 4104 genere,
1279 4043 1370 4110 qui
1403 4053 1522 4108 post
1564 4041 1802 4096 Leonem
1840 4052 1893 4096 et
1928 4045 2042 4111 ipse

461 4129 757 4196 imperator
821 4129 940 4186 fuit.
984 4128 1254 4194 Tempore
1307 4143 1484 4186 autem
1537 4133 1628 4187 illo
1679 4135 1731 4187 in
1794 4134 2044 4205 religioso

459 4220 920 4278 Acmnretensium
953 4224 1286 4277 monasterio
1337 4226 1549 4279 exstitit
1591 4227 1889 4280 monachus
1925 4228 2045 4296 qui-

457 4315 603 4377 tlattt,
650 4317 760 4383 qtti,
797 4327 851 4370 ttt
885 4315 1052 4370 Judas
1091 4318 1234 4368 inter
1267 4319 1566 4386 apostolos,
1621 4320 1820 4372 tlialtoli
1868 4335 2047 4374 mores

2137 1856 2439 1925 proposuit,
2466 1853 2518 1910 si
2547 1853 2702 1909 abeo
2732 1855 3050 1920 impetraret
3085 1849 3230 1919 quod
3253 1851 3472 1916 petebat
3503 1865 3519 1900 :
3559 1855 3724 1914 pate-

2091 1968 2100 1978 “
2137 1947 2265 2003 fecit
2292 1947 2438 2000 enim
2481 1945 2556 1998 illi
2589 1944 2880 1999 consilium
2913 1957 3093 2002 suum.
3119 1940 3258 2009 quod
3291 1951 3448 1993 antea
3473 1938 3732 1992 occulta-

2134 2048 2310 2092 verat.
2340 2037 2494 2091 Tune
2550 2033 2780 2089 Infantes
2825 2035 3090 2103 qttosdam
3125 2042 3179 2082 et
3225 2031 3510 2098 improbos
3543 2029 3728 2082 homi-

2134 2144 2254 2192 nes,
2285 2131 2378 2197 qui
2405 2127 2618 2191 eadem,
2643 2141 2761 2193 qum
2797 2126 2933 2192 ipse,
2975 2122 3308 2184 sentiebant.
3347 2121 3732 2189 persuasioni-

2135 2221 2238 2275 btts
2273 2219 2391 2274 suis
2425 2232 2608 2272 secum
2645 2215 2820 2279 duxit,
2877 2224 2928 2268 et
2959 2215 3282 2283 gravissima
3321 2211 3570 2278 qua-dam
3599 2226 3732 2264 sre-

2136 2311 2248 2366 lera
2278 2320 2470 2365 contra
2507 2308 2877 2378 patriareham
2905 2305 3052 2360 falso
3091 2304 3350 2363 (τοιιῆνιςι.
3376 2305 3441 2355 ad
3487 2303 3732 2370 impera-

2139 2412 2308 2458 torem
2333 2401 2544 2457 det-dit.
2587 2401 2694 2455 Sed
2737 2401 2856 2464 ejus
2900 2398 3104 2450 malitia
3135 2396 3269 2450 nihil
3315 2394 3573 2463 profecit,
3603 2411 3729 2445 rum

2136 2495 2431 2564 imperator
2456 2492 2881 2562 apostolicorum
2909 2490 3225 2556 tlogmatum
3244 2499 3384 2541 esset
3406 2503 3620 2556 propug
3648 2503 3727 2538 ta-

2138 2598 2241 2642 tor.
2269 2586 2459 2642 Postea
2483 2601 2610 2640 vero
2643 2599 2806 2654 quam
2861 2583 2971 2638 Leo
2998 2583 3114 2649 ipse
3143 2588 3404 2635 terrestre
3432 2573 3735 2647 imperium

2136 2662 2448 2747 dereliquit,
2481 2687 2538 2731 et
2569 2677 2634 2730 ad
2661 2674 2976 2734 immortale
3011 2673 3140 2726 illud
3179 2688 3402 2744 regnum
3427 2673 3742 2724 translatus

2135 2779 2240 2837 est,
2270 2771 2496 2838 imperio
2518 2769 2783 2824 successit
2815 2767 2985 2822 Zeno.
3018 2765 3347 2820 Antiocltetti
3406 2777 3560 2822 vero,
3589 2777 3743 2830 quos

2139 2878 2302 2934 supra
2351 2862 2610 2924 diximus.
2652 2860 2969 2929 imperatori
3017 2855 3476 2925 supplicationem
3509 2853 3744 2907 obtule-

2138 2964 2285 3020 runt,
2317 2963 2568 3026 petentes
2604 2953 2862 3007 fullonem
2913 2951 3062 3004 illum
3111 2949 3334 3003 Petrum
3370 2945 3472 2998 sibi
3519 2943 3748 3011 episco-

2139 3061 2269 3115 pum
2301 3044 2496 3100 creari.
2532 3044 2591 3098 Id
2620 3043 2762 3112 quod
2799 3041 3002 3095 factum
3027 3050 3134 3100 est,
3165 3051 3302 3091 auro
3331 3036 3447 3101 ipso
3470 3036 3747 3088 omnilms

2141 3138 2231 3208 qui
2263 3144 2421 3192 erant
2451 3135 2504 3190 in
2534 3133 2653 3188 aula
2682 3135 2851 3202 regia,
2883 3131 3265 3201 persuadente,
3293 3136 3348 3178 ut
3373 3124 3522 3179 Petri
3548 3121 3750 3180 Fullo.»

2141 3231 2228 3285 nis
2259 3229 2621 3298 patrocinimn
2673 3227 3038 3294 susciperent.
3079 3224 3276 3278 Statim
3313 3220 3474 3289 igitur
3535 3231 3601 3270 ut
3643 3217 3749 3272 Pe-

2145 3331 2260 3376 trus
2289 3321 2378 3374 ille
2401 3320 2685 3372 ordinatus
2709 3327 2795 3373 est
2822 3318 3135 3386 episcopus,
3165 3323 3408 3367 sanctam
3423 3311 3750 3364 Clusii-edo-

2143 3429 2364 3469 nensem
2389 3413 2656 3484 synmlmn
2689 3412 3037 3464 anathemate
3064 3406 3162 3460 fuit
3193 3407 3515 3456 detestatus.
3551 3401 3743 3455 Cotu-

2143 3520 2248 3574 que
2293 3504 2630 3572 Apollinaris
2671 3501 3038 3556 set-latoribus
3083 3499 3298 3568 placere
3331 3494 3617 3556 studeret,
3655 3495 3746 3563 qui

2143 3593 2540 3663 Tlteupassiaui
2575 3592 3017 3661 appellabantur,
3048 3604 3112 3642 eo
3145 3589 3285 3656 quod
3346 3586 3518 3640 Deum
3555 3587 3742 3653 ipsum

2142 3701 2360 3758 passnttt
2392 3685 2558 3738 fuisse
2583 3685 2859 3744 dit-ebant,
2897 3685 3200 3736 novitatem
3238 3682 3530 3746 quamdam
3575 3680 3752 3746 pessi-

2146 3796 2288 3834 mam
2311 3778 2637 3845 excogitavit
2671 3787 2728 3830 ut
2757 3775 2960 3845 hymno
2981 3775 3078 3836 illi,
3105 3775 3194 3842 qui
3225 3772 3514 3836 Trisag‘ou
3538 3773 3746 3839 appel-

2144 3871 2310 3934 Iatur,
2342 3872 2443 3923 hoc
2477 3869 2644 3922 etiam
2683 3869 2734 3920 in
2763 3870 2868 3919 line
2895 3867 3155 3919 adderet:
3201 3863 3302 3930 Qui
3330 3848 3641 3928 sterilitas
3678 3871 3755 3915 est

2145 3975 2356 4033 propter
2385 3976 2498 4013 nos.
2537 3958 2659 4012 [Luc
2683 3973 2805 4012 cum
2841 3956 3016 4010 sancti
3061 3953 3300 4024 episcopi
3329 3964 3381 4005 et
3413 3952 3617 4003 l‘ttlrc-s
3649 3966 3754 4005 no-

2147 4052 2245 4107 stti
2279 4051 2635 4111 audivissent,
2673 4048 2738 4100 ad
2771 4062 2994 4115 pravam
3027 4046 3172 4098 illius
3215 4043 3530 4112 opinionem
3574 4043 3760 4096 tre-Ite

2148 4143 2382 4198 nuntiant
2424 4141 2593 4194 alacri
2623 4149 2676 4192 et
2699 4149 2951 4207 prompto
2987 4137 3170 4190 :tttitttu
3199 4135 3441 4204 aggressi
3472 4145 3615 4186 sunt
3651 4154 3664 4188 :
3699 4145 3760 4187 et.

2147 4235 2383 4304 primunt
2415 4233 2631 4302 quidem
2667 4233 2864 4286 litteris
2891 4246 3014 4284 cum
3043 4231 3110 4282 ab
3145 4227 3440 4292 impietatis
3473 4230 3760 4290 voragine

2151 4342 2410 4382 remeare
2443 4327 2624 4381 conati
2671 4334 2818 4379 sunt.
2850 4325 2955 4377 Sed
2985 4339 3106 4376 cum
3132 4321 3382 4374 eumdem
3424 4335 3768 4388 repugnau-

459 4408 794 4460 imitabatur.
839 4408 918 4460 Illi
967 4425 1160 4462 nomen
1194 4420 1312 4462 erat
1343 4409 1560 4471 Petrus,
1589 4414 1678 4478 qui
1707 4413 1924 4468 fullonis
1949 4431 2040 4467 ιη’-
2068 4433 2122 4492 D
2151 4429 2254 4499 leni
2290 4419 2494 4486 majore
2517 4419 2742 4472 audacia
2783 4427 2838 4472 et
2872 4417 3183 4470 temeritate
3213 4423 3402 4466 contra
3441 4413 3616 4466 ηιμ-ιιι
3655 4429 3763 4462 or-

457 4510 566 4552 tem
613 4500 943 4561 exercebat.
1007 4512 1254 4554 sanctam
1309 4516 1434 4554 vero
1479 4503 1746 4572 synodum
1801 4507 1852 4558 in
1911 4508 2044 4562 urbe

459 4589 800 4644 Chalcedone
849 4591 1178 4645 celebratam
1236 4593 1615 4661 aversabatur,
1666 4605 1722 4650 et
1772 4575 2045 4667 dogmatis

460 4685 780 4756 Entyt-hiani
818 4694 932 4738 erat
977 4696 1368 4753 propugnator.
1426 4687 1703 4752 Ejusmodi
1746 4691 2042 4756 hominem,

456 4791 510 4832 ttt
543 4789 918 4845 corruptorem
959 4788 1010 4832 et
1039 4779 1402 4846 pestilentem,
1429 4791 1592 4849 atque
1619 4783 2044 4851 apostolicorutn

457 4873 769 4937 dogmatuttt
819 4871 1028 4922 hostem
1058 4872 1412 4936 acerrimum,
1450 4873 1566 4942 ejus
1593 4873 1696 4927 loci
1742 4875 1986 4930 homines
2017 4891 2046 4928 c

457 4965 790 5018 monasterio
840 4966 1188 5032 expulerunt.
1251 4964 1352 5032 Qui
1411 4983 1532 5019 cum
1585 4967 1732 5022 illinc
1785 4968 2046 5038 expulsus

457 5055 670 5118 fuisset,
707 5053 1241 5124 Constantinopolim
1278 5056 1560 5125 profectus
1585 5065 1690 5120 est,
1720 5063 1775 5110 ct
1803 5066 2048 5111 assenta-

460 5159 638 5200 torum
681 5148 848 5200 vitam
884 5147 1152 5212 imitatus,
1185 5149 1344 5201 mmlo
1375 5149 1538 5214 hanc,
1578 5151 1741 5203 modo
1772 5149 1920 5202 illam
1953 5149 2045 5202 do-

459 5254 610 5294 mum
663 5241 885 5306 obibat,
928 5242 1101 5294 ventri
1147 5249 1204 5294 et
1261 5241 1399 5310 gula:
1455 5243 1701 5298 serviens
1745 5263 1759 5296 :
1815 5258 2050 5312 cumque

461 5333 820 5386 exsecrabilis
851 5349 965 5387 suae
999 5333 1226 5386 lia-resis
1268 5331 1564 5400 participes
1603 5332 1852 5387 homines
1877 5347 2046 5398 quos-

461 5426 584 5477 dam
644 5425 850 5479 honore
915 5425 1172 5494 prseditos
1221 5425 1562 5491 invenisset,
1615 5424 1724 5480 illis
1771 5425 2050 5479 adlucrcre

465 5519 650 5585 coepit,
687 5533 784 5588 per
828 5533 965 5587 quos
1011 5519 1174 5571 etiam
1214 5517 1266 5571 in
1303 5518 1424 5588 ejus
1471 5517 1720 5572 notitiam
1749 5515 1918 5581 venit,
1954 5515 2048 5585 qui

466 5627 586 5672 erat
634 5632 802 5688 gener
854 5617 1220 5686 imperatoris.
1274 5615 1537 5684 patricius
1572 5622 1627 5670 ct
1673 5612 2050 5670 excubitorum

466 5725 653 5764 comes
687 5727 699 5763 :
739 5708 818 5766 sic
855 5709 998 5764 enim
1039 5707 1434 5779 appellabatur,
1467 5707 1556 5777 qui
1587 5707 1832 5761 excubiis
1863 5706 2050 5777 pnes?-

2150 4513 2441 4566 thodoxam
2476 4510 2657 4565 elierri
2689 4511 2975 4572 vidissent,
3011 4523 3224 4565 omnes,
3257 4507 3347 4571 qui
3383 4513 3509 4556 sunt
3534 4506 3593 4556 in
3616 4505 3764 4559 urbe

2151 4613 2443 4670 terrarum,
2475 4603 2741 4673 episcopi,
2767 4602 3037 4654 sententia
3065 4599 3441 4668 prommtiata.
3475 4600 3589 4666 sub
3615 4614 3767 4650 aua-

2148 4697 2392 4767 tltetnate
2425 4697 2572 4748 illum
2611 4695 2957 4763 expulerunt.

2219 4782 2408 4836 XXVI.
2441 4783 2494 4837 Itt
2525 4783 2628 4838 hac
2657 4784 2924 4836 orationis
2949 4791 3102 4848 parte
3138 4779 3371 4832 libenter
3397 4793 3518 4840 eos,
3558 4779 3658 4847 qui
3692 4795 3778 4834 ex

2147 4875 2354 4930 nostris
2384 4876 2697 4928 hominibus
2726 4891 2830 4926 non
2861 4874 3008 4934 vitio,
3047 4873 3140 4926 Sed
3179 4871 3408 4940 quadam
3444 4875 3660 4925 mentis
3689 4872 3781 4924 Ite-

2148 4969 2346 5030 vitate,
2375 4968 2669 5021 novitatem
2704 4967 2844 5019 hanc
2875 4975 3080 5018 temere
3117 4963 3412 5029 atnplevati
3463 4974 3626 5028 sunt,
3678 4965 3784 5018 his

2151 5061 2334 5122 vta-bis
2375 5059 2758 5128 compellarem
2796 5074 2810 5110 :
2849 5057 3107 5122 Quantam
3159 5069 3326 5107 causa
3367 5068 3485 5112 vos,
3523 5051 3782 5114 fratres.

2151 5152 2418 5217 adduxit,
2481 5160 2538 5204 ut
2593 5161 2740 5204 recte
2778 5151 3104 5202 sentientem
3150 5144 3372 5200 Patrum
3417 5155 3776 5200 ttostrornrn

2153 5247 2460 5300 doctrinam
2498 5241 2901 5310 relinqueretis,
2945 5251 2999 5294 et
3025 5241 3321 5292 novitatem
3363 5238 3431 5290 ab
3468 5237 3793 5296 haereticis

2154 5352 2324 5404 nuper
2349 5335 2718 5400 excogitatam
2747 5330 3155 5402 sequeremini?
3178 5330 3792 5388 Animadvertendum

2159 5430 2310 5485 vobis
2341 5439 2482 5490 erat,
2508 5424 2969 5497 quemadmmlunt
2993 5423 3171 5477 sancti
3200 5421 3395 5475 Patres
3428 5423 3612 5475 nostri
3649 5440 3798 5481 non

2157 5521 2308 5575 (ictas
2335 5519 2546 5574 fabulas
2575 5518 2769 5584 secuti,
2795 5517 2954 5571 nobis
2974 5517 3115 5570 hunc
3141 5515 3402 5585 hymnum
3433 5513 3797 5570 canenti-un

2157 5613 2517 5676 tradiderunt,
2555 5612 2648 5666 sed
2681 5611 2865 5664 divina
2917 5610 3152 5680 quadarn
3185 5604 3528 5664 reuelatione
3580 5605 3796 5668 docti.

2159 5721 2280 5778 quae
2317 5721 2422 5762 non
2461 5704 2554 5760 ttni
2599 5712 2692 5759 aut
2722 5702 2915 5770 alteri,
2954 5713 3131 5770 neque
3161 5699 3214 5755 in
3244 5699 3625 5769 aliquotem:
3661 5715 3804 5756 3-—
