3968 6198
290 302 420 367 4101

1290 298 1671 361 ΙΔΠΒΑΤΙΟ
1703 300 1784 358 IN
1827 297 2087 360 AI’OST.
2131 299 2567 360 BAKNABAM.

3433 302 3570 369 4102

291 421 436 480 guto,
483 412 577 468 sed
613 409 844 466 meridie
891 409 1008 478 ipso
1041 407 1092 462 in
1135 405 1256 460 luce
1289 406 1594 460 clarissima
1621 405 1876 460 universo
1907 410 1950 466 Α
1981 405 2217 459 insulam
2253 407 2516 467 manavit,
2557 406 2626 459 oh
2672 407 2720 459 id
2761 408 2918 478 Cypri
2954 410 3254 467 Ecclesium
3307 417 3407 467 sub
3459 420 3566 471 Au—

287 503 905 574 Constantinopolitanm
937 499 1089 553 urbis
1115 497 1534 569 populotlhristi
1566 497 1876 551 amantissi-

292 612 377 651 m0
410 595 552 650 facta
584 605 689 659 est,
731 610 839 663 quo
873 601 1118 660 tempore
1170 588 1521 643 beatissimus
1564 587 1723 641 Pater
1769 587 1879 653 cpi-

290 703 483 754 scepus
536 698 592 742 et
647 686 908 756 magister
953 699 1074 736 eum
1122 683 1312 752 primis
1359 682 1618 750 probatus
1656 679 1882 734 Proetus

287 780 912 849 Constantinopolitante
940 777 1052 830 sedi
1086 777 1433 844 praesidebat.
1462 775 1734 844 Quidquid
1779 790 1877 826 au-

289 884 393 927 tem
427 874 619 926 divina
653 873 829 940 gratia
865 878 1186 938 suggerente
1216 869 1480 921 divinitus
1531 867 1688 920 nobis
1727 882 1881 920 reve-

287 965 452 1017 latum
475 974 578 1027 est,
619 965 746 1017 illttd
777 963 921 1016 nulla
955 977 1017 1015 ex
1044 973 1194 1030 parte
1236 977 1512 1023 mancum,
1545 962 1635 1013 sed
1660 961 1882 1012 omnino

201 1063 206 1068 ’
287 1057 582 1124 perfectum
618 1067 722 1119 est,
772 1066 827 1111 et
881 1056 946 1107 ad
991 1056 1221 1108 salutem
1255 1054 1530 1113 idoneum,
1583 1069 1687 1106 non
1743 1053 1881 1105 indi-

285 1169 415 1224 gens
445 1153 804 1205 humanarum
844 1150 1379 1220 arguntentatimtnm
1409 1143 1664 1212 invenitis,
1705 1163 1881 1215 neque

287 1249 694 1310 additamento,
739 1246 824 1300 vel
865 1245 1247 1299 snhtractione
1291 1243 1493 1310 aliqua,
1566 1252 1623 1296 ut
1685 1243 1880 1296 divinze

288 1335 506 1392 Litterae
541 1339 771 1403 docent,
824 1352 948 1391 cum
993 1336 1226 1389 dicunt:
1269 1332 1542 1398 Verbum,
1585 1336 1726 1402 quod
1781 1349 1879 1403 ego

284 1429 543 1498 precipio
583 1430 677 1484 tibi
724 1429 908 1494 hodie,
947 1429 1072 1483 vide
1124 1439 1179 1482 ut
1233 1427 1361 1481 illud
1407 1427 1561 1478 valde
1595 1427 1876 1488 observes,

283 1537 463 1592 neque
491 1522 789 1591 quidquam
831 1522 1022 1585 addas,
1065 1535 1240 1588 neque
1269 1520 1336 1573 ab
1370 1533 1434 1572 co
1457 1518 1659 1586 aliquid
1693 1518 1876 1572 immi-

285 1627 441 1678 nuas,
481 1629 604 1666 cum
655 1629 842 1668 revera
899 1614 1103 1668 divinis
1130 1613 1367 1680 eloquiis
1398 1611 1607 1680 aliquid
1642 1611 1865 1674 addere,

285 1706 365 1760 vel
415 1707 723 1771 detrahere,
760 1707 1156 1775 periculosum,
1215 1706 1395 1768 ait,ct
1434 1702 1734 1771 perniciem
1787 1702 1873 1769 iis,

1988 498 2253 551 tiocltente
2279 501 2423 553 sedis
2463 501 2774 566 patriarcha
2809 518 2928 558 esse
2958 516 3193 574 Oportet,
3224 510 3569 578 quandoqui-

1986 591 2104 644 dem
2136 592 2432 657 apostolica
2470 604 2517 644 et
2551 594 2914 658 patriarrhica
2951 599 3105 651 sedes
3143 610 3248 653 est.

2057 681 2248 735 ΧΧΙΧ.
2293 685 2420 738 llaec
2453 683 2540 737 ille
2571 696 2731 740 rectae
2767 687 2890 740 tidei
2920 698 2974 741 et
3004 693 3286 745 sentcntiae
3323 691 3570 749 desertor

1984 776 2369 839 contendebat,
2416 787 2748 830 cumtamen
2798 794 2902 832 non
2948 780 3220 851 ignoraret
3259 800 3319 837 ea
3353 801 3469 854 qua:
3517 793 3568 839 in

1984 867 2118 920 urbe
2151 867 2362 936 Epheso
2385 877 2571 921 sancta
2608 867 2693 920 illa
2721 870 2978 938 synodus,
3003 871 3205 942 Cyrillo
3230 875 3568 942 pra'sidentc.

1983 958 2286 1023 definierat,
2319 975 2347 1012 a
2380 975 2438 1013 se
2475 961 2662 1013 violari
2694 971 2856 1030 atque
2879 964 3178 1031 corrumpi.
3216 967 3320 1017 Sed
3347 966 3569 1033 pietatis
3621 951 3624 954 I

1982 1066 2181 1120 priet-0,
2215 1061 2270 1105 et
2317 1053 2698 1108 sanctissimus
2752 1054 3030 1122 apostolus
3065 1055 3341 1109 Barnabas
3385 1061 3572 1127 patria:

1982 1157 2092 1196 sum
2139 1157 2447 1212 opportuno
2509 1153 2752 1214 tempore
2807 1146 3169 1210 subvenit-ns,
3233 1147 3377 1203 illius
3428 1149 3569 1204 Petri

1982 1234 2270 1288 stultitiam
2301 1235 2382 1289 vel
2416 1236 2674 1289 malitiam
2711 1237 2889 1305 potius
2929 1239 3225 1305 redarguit.
3253 1238 3384 1292 Cum
3425 1243 3570 1295 enim

1982 1330 2268 1396 epFSeopus
2303 1329 2592 1382 Salamina:
2619 1330 2802 1394 juvus
2837 1328 3024 1383 fuisset
3053 1331 3118 1384 ad
3155 1333 3352 1400 regiam
3383 1337 3568 1389 urbem

1982 1432 2039 1471 se
2069 1416 2339 1480 conferre,
2375 1429 2429 1473 et
2491 1421 2750 1471 adversus
2808 1421 3179 1474 Antiochenos
3236 1437 3421 1474 coram
3476 1438 3571 1491 pa-

1983 1507 2218 1560 triarcha
2259 1524 2479 1560 causam
2535 1512 2737 1573 dicere,
2788 1525 2897 1576 pra:
2951 1513 3146 1564 timore
3201 1515 3569 1581 torpescebat.
3642 1573 3650 1579 _

1980 1597 2226 1652 Fullonis
2266 1599 2411 1652 illius
2443 1602 2668 1655 insidias
2701 1613 2981 1671 suspectas
3015 1603 3239 1658 habens.
3270 1604 3413 1673 _Erat
3447 1619 3571 1661 tune

1985 1686 2274 1740 Salamina:
2316 1688 2463 1741 urbis
2490 1691 2778 1758 episcopus
2809 1693 3154 1750 Anthemius,
3189 1691 3274 1742 vir
3307 1707 3430 1745 cum
3461 1695 3570 1761 pri~

297 1753 365 1760 τη
418 1753 723 1771 μην-νυν,
761 1753 1156 1775 fnum-"ww,
1215 1753 1316 1768 —--.
1345 1753 1393 1757 --
1631 1753 1675 1756 ν-
1706 1753 1732 1755 η
1789 1753 1821 1756 -κ
1859 1753 1873 1769 ι
2526 1753 2537 1758 -
2678 1753 2692 1758 -
3461 1753 3472 1761 -

283 1798 375 1865 qui
417 1798 530 1850 ικνο
563 1795 792 1858 facim“,
823 1812 1070 1864 magna",
1104 1794 1293 1850 alterm
1331 1812 1344 1848 ε
1388 1809 1492 1847 non
1526 1793 1670 1846 enim
1709 1791 1744 1845 ii
1781 1809 1875 1847 su-
1909 1753 1956 1813 B
1985 1781 2088 1833 mis
2129 1779 2490 1845 admirabilis,
2523 1783 2666 1850 quod
2702 1782 2767 1834 ad
2795 1793 2998 1834 rectam
3035 1782 3191 1834 tidem
3229 1793 3280 1835 ct
3326 1785 3447 1836 vita:
3490 1784 3572 1837 in-

284 1903 437 1951 mus,
478 1890 568 1957 qui
609 1888 888 1943 (‘hristttm
939 1887 1222 1958 corrigere
1274 1885 1588 1956 possimus,
1641 1887 1734 1939 sed
1783 1887 1875 1954 qni

281 1982 502 2035 Christo
532 1980 727 2049 subjici
752 1989 806 2034 et
839 1980 1066 2035 obedire
1104 1980 1429 2036 debeamus.
1463 1977 1608 2043 "me,
1636 1978 1876 2032 etmulta

281 2073 388 2128 alia
436 2074 559 2127 licet
595 2073 664 2128 de
710 2073 812 2129 hac
853 2088 911 2129 re
960 2074 1146 2128 dicere
1197 2071 1400 2125 nostris
1447 2071 1762 2126 hominibus
1798 2070 1872 2124 ita

281 2166 666 2229 sentientibus,
717 2180 858 2234 quos
897 2165 1081 2218 doceri
1113 2165 1386 2234 cupimus,
1417 2172 1675 2218 extremae
1709 2162 1875 2218 insci-

287 2255 372 2310 tia:
396 2271 540 2317 esse,
565 2256 805 2309 liaeretici
843 2255 1086 2310 hominis
1111 2254 1410 2307 novitatem
1436 2252 1750 2306 admittere.
1774 2253 1876 2307 De-

285 2349 467 2404 sinant
500 2350 666 2421 igitur
705 2365 830 2405 cum
883 2351 1142 2404 haeretico
1189 2347 1412 2404 homine
1442 2347 1702 2416 deinceps
1750 2363 1874 2403 sen-

287 2440 408 2495 tire.

357 2529 569 2586 XXVII.
605 2532 790 2601 Itaque
835 2545 957 2586 cum
991 2529 1182 2586 Petrus
1227 2529 1320 2585 ille
1371 2531 1439 2587 ab
1467 2531 1723 2588 omnibus
1753 2533 1874 2601 cpi-

281 2624 464 2692 sc0pis
491 2625 592 2679 sub
615 2623 959 2678 anathemate
990 2621 1071 2693 (nt
1097 2621 1355 2692 diximus)
1384 2623 1673 2678 damnatus
1699 2635 1864 2688 esset,

280 2723 334 2767 et
383 2711 540 2768 Zeno
582 2724 800 2784 propter
846 2713 1180 2768 invasionem
1221 2712 1467 2770 Basilisci
1525 2716 1594 2770 ab
1644 2715 1873 2784 imperio

281 2802 607 2873 aufugisset,
634 2804 750 2872 ipse
784 2819 1002 2875 quoque
1039 2805 1254 2873 fugiens
1310 2805 1376 2858 ad
1409 2804 1596 2873 ignota
1626 2805 1871 2869 quaedam

281 2897 396 2951 loca
439 2911 498 2951 se
527 2897 777 2950 contulit.
812 2896 1008 2950 Postea
1038 2911 1169 2950 vero
1195 2909 1360 2962 quant
1402 2894 1550 2950 Zeno
1581 2896 1646 2950 ad
1694 2896 1871 2964 impe-

281 2987 420 3040 rium
464 3001 718 3040 reversus
741 2995 853 3051 est,
900 2985 1121 3040 Petrum
1157 2985 1439 3040 Fullonem
1478 2986 1780 3053 requisivit,
1817 2995 1872 3041 et

1985 1878 2290 1930 nocentium
2337 1877 2657 1944 pertineret,
2713 1875 2806 1927 sed
2857 1875 2920 1926 ad
2974 1873 3395 1942 diSptttatio::etn
3445 1892 3568 1931 cum

1981 1969 2324 2023 adversariis
2349 1967 2746 2031 sustinendam,
2782 1981 2974 2036 parum
3017 1968 3251 2022 valebat.
3280 1968 3417 2022 Cum
3466 1970 3569 2037 igi-

1981 2069 2070 2115 tur
2121 2061 2342 2132 ancipiti
2391 2063 2722 2127 cogitatione
2789 2061 3095 2125 fluctuaret,
3129 2078 3304 2132 neque
3354 2076 3568 2117 certum

1982 2150 2230 2216 haberet,
2267 2152 2396 2219 qttid
2431 2162 2638 2221 ageret,
2673 2168 2799 2204 nunt
2835 2153 3088 2208 videlicet
3117 2154 3572 2224 COnstantinopo-

1978 2241 2069 2294 lim
2124 2242 2397 2309 proﬁcisci
2466 2243 2712 2306 deberet,
2767 2258 2940 2296 necne
2992 2262 3006 2296 :
3051 2255 3207 2298 nocte
3261 2245 3313 2300 in
3361 2248 3568 2300 Sotttttis

1976 2335 2149 2388 astitit
2177 2334 2251 2386 illi
2282 2334 2525 2403 quidam,
2564 2335 2802 2387 divinam
2835 2335 3126 2404 quamdam
3169 2338 3403 2405 speciem
3456 2356 3567 2409 [ππ

1975 2442 2034 2481 se
2059 2427 2259 2493 ferens,
2286 2438 2340 2481 et
2369 2427 2590 2480 luminis
2621 2428 2914 2496 splendore
2965 2431 3134 2481 multo
3162 2429 3442 2500 effulgens,
3480 2433 3566 2485 lu-

1975 2518 2204 2586 eidaque
2254 2527 2402 2572 veste
2452 2517 2692 2582 indutus,
2741 2534 2804 2572 ac
2888 2534 3044 2572 sacro
3085 2519 3268 2572 habitu
3308 2522 3562 2580 decorus,

1975 2609 2067 2677 qui
2095 2619 2150 2662 et
2183 2608 2296 2662 haec
2329 2607 2505 2662 dixit:
2539 2607 2650 2662 Cur
2678 2607 2751 2662 ita
2788 2609 2961 2664 tristis
2992 2626 3050 2664 es
3084 2627 3249 2674 nunc,
3272 2612 3566 2682 cpiscope?

1974 2697 2256 2764 Quomodo
2276 2707 2460 2754 tantus
2494 2700 2596 2754 iste
2624 2709 2810 2768 torpor
2838 2711 2888 2755 te
2915 2703 3220 2772 corripuit?
3242 2702 3355 2758 Cur
3381 2703 3558 2759 Vultus

1977 2798 2101 2843 tuus
2160 2791 2232 2844 ita
2293 2791 2582 2846 concidit?
2619 2791 2763 2846 Nihil
2798 2793 2924 2846 mali
2979 2793 3047 2848 ab
3087 2795 3421 2852 adversariis
3455 2801 3560 2850 tuis

1974 2884 2220 2952 patieris.
2261 2883 2388 2940 "ree
2421 2902 2543 2941 cum
2577 2886 2823 2951 dixisset,
2851 2889 2920 2940 ab
2946 2888 3244 2944 Anthemio
3276 2890 3561 2956 discessit;

1975 2973 2065 3042 qni
2113 2984 2587 3042 erperrectus,_et
2627 2977 2822 3030 timore
2880 2979 3203 3045 perterritus
3253 2982 3559 3048 episcopus.

278 3077 635 3130 Antiochente
706 3075 967 3130 Ecclesiae
1026 3077 1344 3147 episc0putn
1417 3078 1692 3144 restituit,
1742 3093 1863 3133 Cum
1894 3105 1937 3161 ο
1977 3066 2027 3120 in
2057 3065 2248 3121 faciem
2283 3083 2342 3122 se
2373 3069 2665 3137 prostravit
2705 3082 2759 3122 et
2787 3069 2970 3122 multis
2999 3069 3253 3141 lacrytnis
3286 3071 3453 3125 Deuut
3488 3074 3560 3126 ita

280 3168 520 3222 nondum
561 3169 910 3224 anathemate
963 3169 1222 3224 liberatus
1256 3180 1442 3224 esset:
1472 3173 1688 3224 beatum
1738 3187 1866 3225 vero

277 3259 660 3315 Calendionem
694 3264 1061 3330 patriarchattt
1093 3263 1144 3316 itt
1172 3262 1363 3318 Oaxim
1390 3264 1632 3318 exsulem
1662 3266 1868 3332 relega-

279 3352 374 3418 vit,
409 3351 632 3408 Fullone
676 3354 768 3408 illo
796 3357 1150 3409 Antiochente
1205 3355 1352 3409 sedis
1402 3357 1774 3423 episcopatum
1818 3355 1864 3408 vi

277 3444 544 3512 capiente.
579 3445 680 3510 Qui
730 3456 789 3499 ut
829 3447 1049 3514 impius,
1077 3457 1130 3500 et
1171 3447 1372 3499 nullam
1409 3463 1562 3515 spem
1603 3448 1864 3514 reliquam

276 3534 504 3600 habens,
541 3539 879 3604 tyrannidem
944 3537 1116 3604 ipsam
1164 3538 1406 3606 impune,
1471 3537 1552 3591 vel
1604 3540 1868 3592 scelerate

279 3625 458 3694 potius
489 3629 800 3695 exercebat,
855 3628 1214 3694 interficiens,
1252 3629 1624 3697 proscribens.
1667 3640 1721 3683 et
1750 3646 1867 3682 om-

279 3731 378 3771 nes
421 3732 517 3772 eos
565 3717 780 3785 fugatis,
821 3719 911 3788 qui
948 3719 1208 3772 nolebant
1255 3736 1379 3773 cum
1429 3719 1544 3787 ejus
1591 3719 1867 3786 impietate

277 3811 704 3867 communicare.
742 3811 849 3864 Sed
896 3812 1007 3866 hate
1035 3813 1256 3880 quidem
1290 3814 1454 3866 missa
1491 3812 1708 3874 faciant,
1740 3828 1864 3866 cum

279 3899 445 3953 multa
473 3901 606 3967 sint,
638 3912 694 3955 et
727 3904 1005 3971 propriam
1057 3902 1345 3956 historiam
1383 3905 1690 3971 requirant.
1721 3904 1864 3957 Coo-

277 3992 418 4045 feret
445 4003 626 4046 autem
657 4008 716 4047 se
744 3995 922 4048 oratio
958 4005 1145 4047 nostra
1174 3996 1238 4046 ad
1283 3995 1357 4059 id,
1392 3996 1535 4064 quod
1561 3997 1734 4064 magis
1772 4013 1864 4049 ur-

275 4091 390 4153 get,
418 4093 476 4137 ttt
511 4086 688 4139 sancti
735 4085 964 4154 apostoli
1022 4085 1290 4141 Bal‘ltitlﬂﬂ
1336 4089 1566 4156 gratiam
1613 4088 1866 4142 omnibus

275 4187 457 4230 notam
511 4177 793 4241 faciamus,
839 4189 895 4233 et
943 4190 1141 4248 quanta
1185 4183 1418 4248 patriam
1450 4199 1600 4236 suam
1647 4198 1774 4235 cura
1811 4191 1866 4235 et

273 4269 606 4338 benignitate
629 4283 1008 4342 prosequatur,
1043 4274 1404 4328 declarcmus.

347 4361 589 4416 XXVIII.
655 4364 790 4418 Cum
853 4366 1088 4418 nondum
1141 4379 1427 4421 contentus
1473 4379 1619 4424 esset
1671 4371 1863 4425 Petrus

1973 3170 2225 3228 premitus
2254 3169 2338 3214 est
2375 3177 2390 3214 ε
2447 3162 2673 3216 Domine
2715 3160 2844 3215 Jesu
2883 3161 3123 3228 Christe,
3160 3163 3259 3217 Fili
3307 3165 3398 3219 Dei
3430 3166 3558 3231 vivi,

1972 3254 2166 3321 adjuva
2203 3255 2496 3310 Eeclesiam
2527 3257 2836 3310 hanc.Scio
2869 3265 3073 3321 autem,
3100 3261 3241 3326 quod
3278 3259 3424 3312 illam
3459 3260 3557 3313 ad-

1964 3345 2142 3414 jnvas.
2179 3348 2233 3400 Si
2265 3350 2400 3401 visio
2435 3350 2549 3402 haec
2599 3364 2627 3400 a
2683 3357 2735 3402 te
2785 3349 3026 3416 profecta
3065 3357 3171 3410 est,
3209 3350 3311 3408 fac,
3349 3366 3556 3418 quaeso,

1970 3448 2026 3492 ut
2059 3442 2246 3493 eadem
2298 3443 2516 3502 iterum,
2559 3455 2623 3494 ac
2678 3445 2838 3494 tertio
2884 3441 3014 3494 mihi
3071 3441 3392 3495 ostendatur
3425 3453 3479 3496 ttt
3510 3456 3560 3496 te

1971 3543 2180 3581 mecum
2218 3545 2338 3582 esse
2369 3543 2522 3582 certo
2555 3531 2698 3583 scire
2732 3532 2954 3595 possim.
3523 3509 3590 3553 ’λ

2045 3618 2211 3673 XXX.
2235 3620 2444 3673 Interea
2478 3619 2764 3688 episcopus
2783 3619 2869 3671 ille
2887 3620 3083 3672 divinis
3108 3621 3358 3688 precibus
3381 3632 3558 3676 atten-

1972 3709 2076 3762 tius
2120 3711 2364 3774 vacahat,
2397 3711 2464 3762 ab
2488 3710 2727 3762 omnium
2763 3711 3039 3763 hominum
3062 3714 3448 3780 congressione
3473 3730 3556 3767 rc-

1970 3814 2166 3857 mottts.
2186 3803 2352 3857 Nocte
2377 3813 2582 3864 autem,
2597 3818 2714 3872 qum
2728 3802 2982 3873 deinceps
3001 3818 3289 3857 consecuta
3306 3817 3409 3870 est,
3431 3822 3552 3861 cunt

1969 3897 2234 3951 astitiSset
2280 3897 2419 3950 idem
2458 3895 2546 3949 ille
2583 3896 2664 3948 vir
2691 3897 2882 3950 eadem
2917 3898 3090 3950 forma
3123 3909 3176 3950 et
3204 3900 3410 3959 habitu,
3449 3917 3555 3968 quo

1970 3996 2127 4042 antea
2183 3990 2330 4042 visus
2383 3990 2557 4042 luerat
2605 4005 2618 4040 :
2662 3986 2806 4051 Jant,
2858 3991 3052 4060 inquit,
3122 3991 3214 4043 tibi
3266 3991 3374 4044 dixi
3420 3993 3552 4046 nihil

1970 4081 2094 4134 mali
2134 4093 2184 4135 te
2220 4099 2504 4150 passurum
2535 4100 2602 4136 ex
2631 4084 2695 4136 iis
2721 4099 2840 4152 qua:
2873 4085 2966 4137 tibi
3005 4085 3302 4137 adversarii
3341 4086 3552 4137 minan-

1971 4183 2076 4227 tur.
2109 4175 2249 4227 Nihil
2288 4176 2451 4242 igitur
2495 4178 2801 4243 suspirans,
2831 4187 3081 4243 pronipto
3121 4177 3303 4229 animo
3354 4180 3418 4229 ad
3461 4193 3552 4229 ur-

1969 4267 2089 4320 hem
2144 4268 2669 4338 Constantinopolim
2717 4270 2922 4323 venias.
2973 4267 3096 4322 lla-c
3151 4285 3274 4322 cum
3305 4269 3550 4333 dixisset,

1967 4362 2240 4417 discessit.
2279 4363 2576 4432 Episcopus
2600 4378 2726 4414 vero
2752 4378 2940 4416 rursus
2968 4361 3196 4415 Domino
3222 4363 3422 4430 gratias
3443 4364 3554 4430 egit

283 4453 441 4508 Fullo
472 4455 959 4512 innumerabilibus
999 4461 1108 4513 illis
1159 4461 1336 4522 mulis,
1371 4461 1566 4531 quibus
1619 4465 1858 4519 υτίυηιίε
1897 4438 1939 4493 Ῑ)
1971 4470 2144 4523 neque
2164 4457 2455 4525 quidquam
2484 4457 2645 4510 alicui
2677 4457 2837 4520 dixit,
2864 4461 2957 4510 sed
2985 4457 3339 4526 exspectabat
3365 4469 3548 4512 tamett

274 4553 456 4612 partes
481 4545 678 4612 atlecit,
718 4547 770 4600 in
826 4551 1136 4617 provincias
1189 4551 1353 4604 etiam
1388 4554 1526 4616 illas,
1565 4569 1684 4620 qth
1724 4555 1856 4608 nihil
1965 4549 2610 4602 revelationemtertiam.
2639 4548 2806 4602 Noote
2833 4550 2992 4617 igitur
3013 4558 3380 4618 consequente
3408 4549 3548 4602 idem

272 4635 338 4688 ad
359 4653 482 4691 eum
527 4641 901 4708 pertinebant,
938 4658 1133 4696 manus
1164 4643 1374 4712 injecit.
1409 4645 1542 4698 Cum
1575 4646 1725 4698 enim
1757 4647 1858 4698 im-
1962 4641 2046 4694 vir
2078 4641 2345 4709 apparuit,
2375 4641 2464 4706 qui
2501 4641 2718 4710 gravius
2747 4656 2866 4694 eum
2896 4643 3180 4710 increpans
3211 4659 3224 4695 :
3259 4644 3549 4708 QuOttsqtte

273 4731 564 4794 peratoris,
615 4741 671 4786 et
711 4748 900 4787 eorum
932 4735 1023 4803 qui
1084 4743 1242 4788 erant
1287 4737 1426 4803 apud
1475 4737 1856 4805 itltperatorem
1962 4732 2155 4799 inquit,
2189 4749 2294 4785 non
2329 4733 2409 4784 vis
2440 4734 2664 4784 credere
2695 4733 2875 4786 verbis
2908 4734 3060 4796 meis,
3097 4749 3215 4801 qua:
3250 4735 3438 4786 dichtts
3467 4735 3552 4788 his

270 4819 519 4885 gratiosi,
566 4819 845 4874 lenitatem
899 4838 1035 4876 auro
1080 4825 1184 4877 siht
1229 4836 1640 4892 comparasset,
1688 4828 1859 4894 ipsius
1961 4823 2278 4892 complenda
2339 4825 2504 4876 sunt?
2554 4825 2906 4876 l’roliciscere
2971 4825 3020 4876 in
3088 4828 3276 4878 urbem
3338 4828 3549 4892 regiam-

273 4909 438 4963 etiam
491 4910 581 4964 Dei
623 4912 797 4979 legem
832 4913 1090 4982 deinceps
1138 4919 1486 4983 contempsit,
1534 4928 1586 4971 et
1627 4919 1856 4988 Cyprios
1960 4928 2209 4984 prompto
2240 4927 2289 4969 et
2317 4915 2482 4969 alacri
2517 4917 2698 4968 animo
2731 4933 2746 4970 :
2786 4915 2895 4968 illic
2925 4915 3069 4968 enim
3106 4931 3226 4967 cttm
3260 4916 3428 4982 gloria
3461 4932 3546 4969 re-

275 5003 520 5057 homines
556 5001 651 5056 Dei
689 5017 742 5058 et
770 5006 893 5058 iidei
919 5017 1211 5068 amatores,
1246 5022 1308 5060 ac
1345 5020 1491 5062 recta
1521 5012 1849 5074 sentientes,
1964 5009 2196 5062 verteris
2220 5047 2234 5071 ,
2271 5023 2448 5077 neque
2481 5008 2771 5075 quidquam
2805 5008 2932 5061 ntali
2960 5009 3027 5060 ah
3053 5009 3386 5063 adversariis
3420 5025 3545 5078 pas-

271 5098 526 5150 omnibus
561 5097 736 5150 modis
764 5111 964 5151 vexare
1001 5099 1282 5167 cogitavit,
1315 5103 1574 5170 quoniam
1622 5105 1738 5171 ejus
1767 5105 1854 5156 in-
1960 5115 2052 5153 sus
2087 5098 2278 5164 fueris,
2329 5115 2451 5153 cum
2515 5099 2681 5152 Deum
2722 5099 2895 5167 ipsum
2934 5111 3152 5169 propter
3188 5115 3272 5154 me
3321 5116 3548 5156 servum

271 5188 401 5242 sola:
432 5191 769 5243 habitatores
801 5190 1058 5258 pietatem
1091 5207 1119 5244 a
1155 5191 1400 5258 patribus
1433 5194 1546 5248 suis
1600 5197 1850 5248 traditam
1959 5205 2116 5243 suum
2183 5192 2256 5242 ttti
2314 5201 2668 5258 pugnatorcm
2719 5193 2944 5245 habeas.
3009 5191 3160 5245 Tunc
3207 5193 3539 5261 episcOpus:

270 5291 576 5344 servantes,
617 5282 946 5336 recusabant
981 5298 1104 5337 cum
1139 5284 1256 5351 ejus
1288 5285 1566 5352 impietate
1601 5303 1850 5341 commu-
1959 5281 2172 5346 Quaeso,
2219 5282 2412 5352 inquit,
2454 5285 2669 5337 domine
2710 5285 2803 5348 uti,
2858 5286 2964 5348 dic,
3033 5285 3156 5354 quis
3200 5300 3260 5339 es
3311 5297 3399 5348 tu,
3449 5285 3547 5354 qui

272 5373 474 5428 nicare.
508 5376 691 5444 Itaque
722 5374 886 5445 Cypri
918 5376 1098 5429 sedem
1135 5376 1556 5438 sanctissimam,
1578 5387 1629 5430 et
1662 5395 1686 5429 a
1711 5379 1854 5447 prin-
1962 5375 2074 5428 haac
2103 5389 2312 5428 mecum
2349 5375 2634 5443 loqueris?
2663 5375 2796 5429 Tum
2830 5375 2918 5429 ille
2955 5377 3026 5428 ait
3061 5394 3072 5429 :
3104 5377 3218 5446 Ego
3261 5393 3380 5430 sunt
3412 5376 3544 5429 Bar-

269 5464 414 5533 cipio
447 5465 570 5518 inde
609 5481 778 5532 usque
814 5467 880 5517 ab
909 5463 1278 5534 apostolorum
1316 5475 1558 5533 tempore
1599 5466 1847 5526 liberam,
1959 5465 2148 5529 nahas,
2176 5468 2473 5533 discipulus
2511 5469 2717 5522 Domini
2745 5471 2912 5522 nostri
2938 5469 3061 5523 Jesu
3095 5468 3321 5530 Christi,
3354 5482 3541 5536 segre-

270 5557 385 5623 ipse
408 5559 660 5626 arripere
700 5567 753 5612 et
779 5558 878 5611 sibi
922 5559 1188 5625 subjicere
1227 5574 1510 5628 aggressus
1550 5570 1652 5624 est,
1689 5561 1853 5628 idque
1957 5567 2114 5622 gntus
2149 5576 2173 5610 a
2209 5559 2409 5625 Spiritu
2458 5572 2668 5625 sancto,
2722 5570 2775 5613 ut
2811 5578 2912 5613 tina
2949 5579 3068 5614 cum
3097 5561 3262 5614 Paulo
3293 5564 3545 5625 apostolo

269 5649 336 5700 ad
364 5649 743 5713 itttperntorent
774 5651 975 5710 retulit,
1003 5650 1196 5703 lalsttm
1229 5651 1480 5703 deft-retis
1515 5669 1577 5704 ac
1613 5653 1796 5706 dicens
1833 5671 1844 5704 :

270 5736 539 5804 Quoniam
571 5742 791 5792 verbum
825 5740 910 5794 Dei
948 5738 1014 5791 ab
1039 5739 1169 5793 urbe
1197 5739 1478 5792 Antiochia
1511 5742 1573 5793 ad
1613 5743 1844 5811 Cyprum

1955 5650 2242 5703 electionis
2265 5668 2386 5702 vase
2409 5668 2603 5706 munus
2634 5655 2990 5720 apostolicum
3024 5656 3164 5705 inter
3187 5664 3371 5723 gentes
3389 5671 3546 5708 eaer-

1957 5756 2161 5795 cercm.
2219 5741 2385 5812 llujns
2439 5744 2512 5797 rei
2563 5746 2771 5815 signum
2823 5749 2922 5801 hoc
2982 5747 3182 5800 habeas
3219 5760 3232 5797 :
3269 5746 3548 5812 Egi-edem
