3950 6200
545 243 689 308 4163

1758 227 2202 292 ALEXANDRI
2249 227 2593 286 MONACIII

3585 241 3681 306 llill

548 365 703 408 extra
734 351 924 404 urbem
969 346 1308 402 occidentem
1338 356 1531 398 versus
1559 340 1749 396 stadiis
1775 321 2042 409 quinque,
2073 335 2125 388 iu
2159 337 2198 392 Α
2229 346 2335 397 est,
2367 337 2570 388 divinte
2599 314 2788 402 genus
2833 333 3048 389 divitias
3080 334 3357 401 admirans,
3394 343 3510 408 quod
3531 345 3684 414 imponi

545 462 666 498 e.uu
705 442 1000 512 regionem,
1051 452 1170 506 qua:
1202 435 1466 490 Sanitatis
1493 434 1644 488 locus
1675 430 1978 501 appellatur
2015 428 2134 496 (per

545 555 632 594 me
660 535 804 592 enim
845 535 986 588 Dens
1017 533 1130 599 ipse
1179 527 1378 582 inloco
1420 526 1509 579 illo
1542 523 1804 580 miracula
1833 521 2046 587 efficit),
2078 529 2134 574 et

545 630 650 684 sub
681 628 879 682 arbore
917 623 1123 692 Siliqua
1152 619 1378 675 eﬂ'odias
1412 638 1425 672 :
1458 618 1771 687 speluncam
1797 616 1944 668 enim
1971 620 2134 682 atque

548 737 730 777 aream
761 717 1030 780 invenies,
1089 713 1344 783 quoniam
1374 710 1486 764 illic
1517 719 1691 764 totum
1719 720 1918 776 corpus
1952 717 2134 758 meum

548 811 826 866 comlitum
858 815 966 869 est,
987 815 1034 858 et
1060 802 1408 872 Evangelium
1442 815 1602 856 manu
1631 797 1848 867 propria
1867 793 2131 863 scriptum

547 903 688 972 quod
723 915 752 954 ει
787 908 978 953 sancto
1019 895 1267 966 apostolo
1301 906 1352 948 et
1391 892 1720 960 evangelista
1747 889 2001 943 Matthato
2033 901 2134 941 ex-

549 995 690 1064 cepi.
710 992 973 1058 Quoniam
995 1005 1127 1043 vero
1149 985 1446 1042 adversarii
1469 985 1542 1037 tui
1567 999 1779 1038 sursum
1803 993 1858 1037 et
1878 982 2131 1037 deorsum

549 1089 842 1140 miscentes
879 1083 1086 1142 omnia.
1117 1091 1170 1135 et
1210 1081 1330 1150 jura
1383 1079 1628 1148 qmedam
1674 1075 2018 1154 olijicientes,
2055 1083 2136 1128 te-

547 1197 670 1233 cum
699 1179 1029 1245 disceptant,
1059 1173 1360 1228 AntiOrhiae
1401 1171 1582 1226 sedem
1629 1168 1980 1239 apostolicam
2013 1180 2135 1220 esse

549 1273 968 1332 contendentes,
999 1279 1052 1323 et
1095 1277 1149 1321 tu
1185 1265 1488 1335 contraius
1519 1274 1672 1318 tttum
1710 1261 1815 1316 illis
1839 1273 2080 1330 opponas
2113 1273 2137 1310 ε-

549 1367 618 1420 Ει
658 1379 806 1425 rrea,
858 1363 1146 1430 inquiens,
1205 1360 1361 1414 sedes
1411 1357 1706 1426 apostolica
1746 1363 1872 1409 est:
1922 1366 2047 1404 nam
2079 1361 2135 1404 et

552 1453 858 1522 apostolum
891 1451 1064 1506 habeo
1089 1452 1140 1502 in
1167 1449 1339 1518 patria
1367 1461 1505 1498 mea.
1531 1443 1623 1497 His
1647 1442 1826 1505 dictis,
1861 1439 2134 1494 Barnabas

549 1545 772 1601 discessi
785 1555 822 1601 ι.

621 1657 814 1713 XXXI.
849 1657 1148 1726 Episcopus
1179 1666 1311 1707 vero
1335 1657 1714 1718 experrectus.
1739 1645 1907 1701 Deum
1937 1644 2134 1698 adora-

549 1755 648 1816 vit,
706 1759 927 1818 totoque
971 1747 1116 1800 clero
1151 1754 1204 1818 et
1249 1743 1446 1812 popqu
1493 1740 1696 1796 Christi
1747 1737 2128 1791 amantissimo

559 1851 914 1913 congregato,
965 1837 1100 1892 exiit
1129 1815 1183 1888 ni
1210 1848 1333 1888 eum
1379 1833 1580 1894 locum,
1614 1845 1772 1900 quem
1802 1845 1898 1899 per
1929 1827 2138 1882 revela-

552 1937 757 1990 tionem
813 1931 1116 1993 didicerat,
1160 1925 1330 1981 multo
1377 1935 1662 1994 apparatu,
1709 1932 1764 1976 et
1810 1936 1970 1976 cruce
2019 1921 2137 1990 ipsa

550 2030 799 2097 praelata.
844 2025 1088 2094 Cumque
1132 2035 1323 2092 preces
1363 2018 1428 2073 ad
1455 2017 1622 2074 Deum
1673 2015 1932 2080 misisset,
1974 2012 2140 2082 jussit

555 2121 733 2174 locum
783 2115 944 2171 effodi
979 2132 992 2168 :
1030 2127 1191 2182 quem
1237 2118 1525 2180 postquam
1570 2105 1790 2176 paulum
1839 2103 2138 2165 Iodisscnt,

556 2215 884 2268 invenerunt
920 2207 1233 2276 speluncam
1301 2202 1574 2274 lapidibus
1610 2201 1966 2254 obstructam.
2025 2193 2141 2250 Illis

559 2315 738 2360 autem
767 2300 1022 2366 sublatis,
1052 2297 1308 2370 apparuit
1338 2311 1466 2350 arca
1488 2293 1574 2349 illa
1609 2309 1622 2345 :
1657 2307 1762 2362 qua
1797 2291 2029 2354 detecta,
2057 2287 2142 2340 iu-

559 2404 832 2452 vcneruut
870 2391 1217 2448 venerandos
1256 2389 1428 2446 sancti
1462 2397 1518 2443 et
1545 2383 1879 2441 venerabilis
1909 2379 2140 2452 apostoli

571 2487 835 2544 Barnabas
875 2485 1152 2554 reliquias,
1195 2496 1416 2538 suavem
1451 2480 1638 2550 gratia:
1677 2471 1980 2546 spirituqlis
2011 2474 2144 2529 odo-

564 2597 677 2636 rem
703 2580 998 2650 spirantes,
1039 2578 1368 2631 invenerunt
1400 2575 1563 2630 etiam
1597 2569 1949 2640 Evangelium
1979 2579 2144 2635 supra

563 2674 826 2728 Barnabae
859 2681 1048 2741 peetus
1075 2667 1408 2738 impositum.
1435 2663 1585 2718 Illam
1603 2677 1734 2717 vero
1760 2674 1940 2715 arcam
1973 2660 2148 2729 plum-

563 2770 666 2824 heo
688 2765 865 2836 sigillo
900 2763 1232 2818 rnnnieruut.
1265 2761 1508 2830 Cumque
1533 2759 1697 2811 Deum
1724 2754 1928 2826 precati
1965 2761 2150 2836 essent

563 2869 619 2914 et
650 2857 996 2920 adorasseut,
1031 2855 1423 2913 discesserunt,
1459 2849 1593 2904 viris
1631 2847 1900 2918 religiosis
1943 2847 1997 2902 in
2030 2829 2148 2902 loco

567 2953 661 3006 illo
693 2951 763 3006 ab
791 2951 908 3020 ipso
937 2949 1194 3018 episcopo
1225 2943 1560 3006 constitutis,
1604 2942 1696 3012 qui
1729 2940 2052 3008 vespertinis
2095 2948 2150 2994 et

569 3043 849 3098 matutinis
883 3039 1100 3112 hymnis
1133 3037 1302 3092 Deum
1329 3035 1724 3092 collandarent.
1755 3034 1848 3088 Ille
1870 3032 2034 3103 igitur
2063 3033 2148 3084 in—

569 3134 840 3202 signiores
867 3131 1153 3200 episcopos
1173 3143 1360 3183 secum
1406 3127 1635 3190 habens,
1675 3125 1826 3179 venit
1861 3124 1914 3178 in
1956 3121 2149 3176 urbem

573 3229 775 3297 regiam
805 3223 1366 3292 Constantinopolim,
1391 3230 1446 3275 et
1468 3220 1538 3274 ad
1569 3219 1892 3290 patriarcha:
1923 3217 2144 3272 domum

570 3321 836 3376 deductus
861 3331 968 3373 esu
1003 3318 1075 3370 De
1105 3317 1259 3386 cujus
1293 3315 1525 3369 adventu
1559 3329 1681 3368 cum
1721 3313 2023 3380 imperator
2053 3325 2154 3364 au-

569 3413 816 3477 divisset,
842 3409 1165 3480 patriarchae
1194 3407 1294 3477 ipsi
1329 3405 1630 3471 mandavit,
1660 3413 1718 3456 ιιι
1743 3419 1866 3458 cum
1920 3400 2150 3474 synodo,

569 3522 690 3576 qua)
726 3505 854 3560 illuc
897 3513 1248 3564 convenerat,
1295 3499 1536 3552 omnium
1575 3497 1806 3568 partium
1835 3501 2156 3572 controver-

569 3603 708 3656 siam
756 3598 1004 3662 audiret,
1043 3605 1097 3650 et
1155 3593 1302 3664 quod
1347 3593 1419 3646 illi
1467 3593 1750 3646 videretur
1816 3566 2151 3645 decerneret.

571 3693 773 3749 Coacto
827 3692 991 3760 igitur
1024 3687 1276 3752 concilio,
1306 3701 1430 3740 cum
1469 3699 1632 3739 causa
1679 3682 1764 3737 illa
1802 3691 2154 3741 tractaretur,

573 3785 872 3839 :ultersarii
919 3781 1218 3837 aﬂ‘erebant
1267 3793 1362 3832 sua
1390 3777 1535 3848 jura,
1566 3785 1624 3829 ιιι
1666 3775 1768 3829 sibi
1808 3772 2152 3835 videbantur,

575 3879 718 3948 quod
767 3877 1108 3932 Antiocltena
1156 3871 1314 3928 sedes
1353 3869 1649 3938 apostolica
1694 3878 1748 3922 et
1791 3863 2152 3935 patriarchica

574 3969 730 4022 sedes
757 3974 901 4021 esset
929 3985 942 4019 :
971 3964 1041 4018 ob
1073 3963 1232 4032 idqtte
1265 3959 1668 4015 contendebant
1699 3966 1749 4010 et
1775 3955 1908 4008 alias
1935 3953 2157 4020 provin-

574 4062 689 4116 cias
721 4061 821 4114 sibi
857 4059 1126 4124 subjectus
1151 4071 1271 4110 esse
1303 4055 1524 4108 debere.

646 4153 861 4208 XXXII.
898 4151 1021 4206 Ihec
1074 4165 1194 4203 cum
1228 4155 1558 4208 assererem,
1601 4145 1705 4208 iis,
1732 4141 1822 4210 qni
1863 4145 2158 4210 praesentes

573 4256 748 4310 erant,
787 4245 980 4300 rationi
1015 4253 1378 4299 consentanea
1423 4241 1603 4294 dicere
1637 4237 1982 4290 videbantur.
2024 4232 2159 4286 Bea-

581 4349 670 4392 tus
692 4353 823 4392 vero
861 4337 1184 4391 Anthemius
1234 4333 1448 4403 paulum
1498 4340 1762 4395 moratus,
1792 4336 1980 4378 contra
2019 4323 2156 4390 obji-

577 4431 729 4483 ciens
755 4447 768 4482 :
807 4427 873 4481 Et
891 4441 1030 4488 mea,
1059 4423 1255 4492 inquit,
1283 4423 1440 4477 sedes
1461 4420 1753 4490 apostolica
1786 4418 1886 4472 fuit
1913 4417 2036 4470 inde
2067 4429 2155 4468 us-

579 4537 683 4588 que
718 4536 745 4571 a
783 4516 1050 4587 principio
1099 4524 1153 4569 et
1191 4515 1442 4568 libertate
1478 4515 1763 4576 honorata,
1795 4509 1884 4578 qui
1913 4516 1968 4562 et
2027 4520 2159 4574 apo-

583 4612 780 4668 srulum
819 4611 992 4664 habeo
1024 4611 1074 4663 in
1106 4608 1278 4678 patria
1331 4621 1448 4660 mea
1503 4607 1714 4674 integro
1770 4615 1998 4670 corpore
2029 4614 2160 4654 con-

581 4717 839 4770 stantem,
891 4704 1284 4766 hcatissimum,
1335 4701 1573 4768 inquam,
1637 4696 1785 4750 illum
1831 4693 2158 4763 Barnaham,

581 4813 897 4858 sanctarum
953 4797 1167 4850 laudum
1226 4793 1513 4864 praeconiis
1567 4788 2004 4844 celeberrimum.
2049 4784 2162 4840 Iloc

586 4914 710 4951 cum
747 4896 1070 4948 Anthemius
1097 4887 1461 4958 opposuisset,
1510 4881 1644 4938 nihil
1691 4881 1791 4935 loci
1835 4875 2162 4932 adversariis

589 4989 835 5042 I'elirtttm
880 4994 984 5048 est,
1018 4997 1142 5037 cum
1185 4977 1446 5049 episcopi,
1493 4977 1585 5046 qui
1631 4981 1932 5043 praesentes
1983 4977 2160 5030 erant,

587 5081 806 5136 silentio
830 5073 1104 5132 Anthemii
1136 5073 1439 5126 orationem
1474 5065 1911 5121 conﬁrmassent.
1959 5057 2162 5112 Adver—

586 5173 716 5228 sarii
759 5184 889 5226 \ero
925 5167 1025 5238 ipsi
1067 5166 1264 5218 rubore
1315 5157 1540 5230 perfusi,
1587 5155 1722 5210 tnuti
1761 5157 2160 5214 remanserunt,

589 5279 852 5334 responso
887 5261 976 5315 illo
1009 5268 1117 5312 tam
1161 5255 1304 5323 justo
1327 5250 1584 5320 perculsi.
1623 5245 1747 5301 Ilmc
1777 5259 1899 5298 cum
1931 5241 2166 5310 impera-

588 5331 1024 5412 tur-audivisset,
1057 5347 1366 5416 episcopum
1403 5340 1563 5410 Cypri
1599 5337 1664 5390 ad
1689 5351 1747 5389 se
1775 5331 2025 5388 accersiri
2047 5331 2166 5397 jus-

570 5450 684 5528 ἐὴ,
725 5457 777 5502 et
803 5446 868 5500 de
915 5441 1246 5497 revelatione
1285 5434 1457 5488 sancti
1495 5428 1720 5500 apostoli
1753 5423 2012 5479 Barnahre
2044 5421 2167 5475 dili—

587 5551 776 5607 genter
825 5539 892 5590 ab
932 5550 997 5588 co
1021 5531 1287 5603 quaesitit.
1322 5527 1414 5582 Ille
1445 5525 1576 5578 nihil
1615 5536 1679 5575 ex
1720 5521 1822 5584 his,
1881 5531 1998 5584 qua:
2041 5528 2165 5566 vera

591 5639 940 5701 cognoverat,
973 5624 1282 5687 occultnt‘il,
1310 5623 1402 5676 sed
1429 5619 1620 5673 ordine
1660 5628 1771 5666 rem
1804 5623 2022 5663 omnem
2062 5606 2166 5658 im-

592 5721 828 5785 peratori
868 5718 1125 5770 nari-urit.
1165 5715 1255 5768 Ille
1306 5713 1418 5767 lta‘c
1447 5709 1690 5770 audiens,
1745 5703 1898 5756 valde
1945 5697 2162 5768 BI‘ISIIB

2241 427 2322 479 sui
2357 427 2693 492 temporibus
2738 435 2944 478 tantum
3000 427 3300 482 miraculum
3343 445 3368 483 τι
3413 431 3507 488 Deo
3544 435 3686 495 [acrum

2236 530 2612 587 cognosceret.

2313 610 2552 666 XXXIII.
2585 612 2738 666 Tunc
2771 612 3119 667 Antiocheam
3139 611 3299 668 urbis“
3309 615 3568 686 episcopqu
3593 621 3692 680 illinc

2237 704 2464 772 expulit,
2505 711 2559 756 et
2599 703 2785 772 jussit,
2839 714 2895 756 ut
2939 705 2989 756 in
3026 713 3292 773 posterum
3322 705 3462 777 Cypri
3496 711 3691 783 episcopo,

2237 797 2382 867 quod
2404 798 2470 851 ad
2499 813 2618 852 eam
2652 811 2874 850 causam
2906 797 3228 865 pertinebat,
3269 799 3386 852 nihil
3413 803 3595 857 omnino
3623 825 3696 859 tuo-

2238 889 2410 945 Iestus
2459 901 2627 944 esset.
2675 888 2902 944 Beatum
2951 905 3078 943 vero
3123 890 3439 945 Anthemium
3473 897 3696 965 episcopum

2239 983 2313 1036 ita
2343 981 2596 1052 rogavit:
2629 980 2898 1048 Quoniam
2940 982 3113 1036 sancti
3160 983 3472 1052 pontiﬁcatus
3509 988 3570 1041 tui
3608 1000 3697 1044 teru-

2238 1076 2463 1147 poribus
2519 1075 2752 1130 Domino
2782 1085 2972 1129 nostro
3020 1071 3148 1130 Iesu
3179 1073 3385 1129 Christo
3423 1079 3698 1146 placuil,s:tn-

2239 1175 2388 1221 ctum
2427 1181 2586 1221 suum
2656 1166 2960 1236 apostolum
3006 1165 3297 1220 Barnabam
3349 1168 3698 1238 revelare,jubo,

2233 1273 2446 1328 qumSu,
2476 1257 2729 1312 celeriter
2775 1257 3127 1327 Evangelium
3172 1257 3312 1322 illud,
3341 1261 3466 1329 quod
3503 1261 3699 1317 itm-utam

2237 1360 2341 1415 est,
2375 1350 2528 1404 nobis
2563 1347 2772 1404 afferri.
2815 1348 2874 1402 Id
2919 1350 2966 1403 si
3016 1347 3227 1412 feceris,
3259 1349 3379 1404 mihi
3419 1348 3514 1404 lilio
3535 1359 3604 1405 tuo
3629 1370 3701 1424 gn.

2240 1441 2508 1495 tissimunt
2547 1441 2650 1494 erit
2687 1459 2702 1494 :
2738 1439 2963 1494 habebis
3012 1441 3157 1495 enim
3187 1448 3240 1494 et
3279 1441 3512 1508 meipsum
3544 1448 3702 1513 posthac

2239 1532 2359 1599 tibi,
2401 1541 2578 1600 pater,
2627 1532 2679 1583 in
2717 1531 2973 1584 omnibus
3018 1534 3477 1601 obtemperantem.
3511 1535 3704 1592 Assertuts

2237 1633 2328 1676 cst
2363 1624 2482 1690 ejus
2527 1623 2772 1692 petitioni
2813 1623 3125 1692 episeopus,
3164 1632 3217 1675 et
3259 1625 3515 1692 quemdam
3563 1629 3702 1691 erlis,

2239 1729 2378 1783 quos
2410 1728 2592 1768 secum
2639 1714 2893 1777 habebat,
2927 1729 3033 1767 una
3072 1729 3198 1768 cum
3242 1713 3705 1784 ﬁdelissimoimpera-

2237 1807 2376 1860 toris
2409 1809 2660 1862 ministro
2687 1807 3000 1877 episcopum
3033 1807 3205 1872 misit,
3243 1808 3328 1878 qui
3356 1809 3640 1878 Evangelium
3666 1811 3706 1862 il-

2242 1895 2329 1948 lud
2377 1897 2430 1950 in
2475 1897 2665 1952 urbem
2709 1896 3242 1966 Constantinopolim
3292 1898 3564 1952 attulerunt.
3595 1899 3708 1952 Erant

2243 1997 2422 2041 autem
2456 1987 2577 2041 libri
2621 1987 2830 2042 tabella:
2858 1987 3064 2058 thyinis
3092 1987 3256 2056 lignis
3275 1988 3568 2058 compositae.
3591 1989 3708 2044 Erato

2244 2079 2440 2148 gelium
2475 2078 2604 2131 illud
2634 2078 2937 2148 imperator
2965 2078 3020 2132 in
3059 2093 3256 2134 manus
3282 2081 3505 2150 sumpsit,
3539 2089 3581 2134 et
3607 2081 3708 2135 deos.

2227 2171 2456 2224 -culatus
2477 2181 2580 2234 est,
2611 2185 2855 2239 auroque
2881 2171 3052 2224 multo
3081 2179 3396 2225 exornatum
3415 2171 3461 2224 iu
3483 2170 3635 2240 palatio
3649 2185 3709 2225 suo

2247 2263 2517 2331 reposuit,
2561 2263 2650 2317 ubi
2699 2264 2766 2318 ad
2799 2263 3130 2319 hodiernum
3181 2262 3490 2334 usquediem
3521 2274 3709 2324 servatur,

2226 2363 2300 2410 'et
2331 2357 2602 2428 inatiagna
2645 2356 2836 2426 quinta
2869 2355 3097 2413 Pascha:
3135 2355 3266 2410 feria
3306 2355 3561 2426 quotannis
3592 2356 3630 2409 i
3653 2369 3710 2422 pa-

2248 2448 2362 2502 latii
2389 2450 2630 2504 oratorio
2655 2447 3007 2520 Evangelium
3033 2463 3100 2504 ex
3139 2463 3206 2506 eo
3228 2449 3358 2504 libro
3380 2449 3610 2504 recitatur.
3634 2447 3712 2516 Epi-

2249 2549 2470 2611 sCopum
2505 2555 2634 2596 vero
2651 2537 3013 2596 .Ainthemium
3049 2541 3270 2611 magnis
3304 2541 3561 2596 honoribus
3592 2551 3712 2608 prose-

2249 2643 2430 2698 cutus,
2465 2633 2715 2703 pecuniis
2744 2628 3238 2698 hmltis'donatnm,
3263 2633 3327 2688 ad
3347 2633 3546 2687 insulam
3559 2630 3714 2702 Cyprum

2251 2725 2488 2792 remisit,
2526 2727 2687 2796 eique
2713 2713 2993 2782 mandarit
3013 2735 3090 2781 -ut
3132 2730 3318 2782 sancto
3339 2724 3550 2796 apostolo
3579 2722 3718 2775 Barna-

2255 2822 2338 2876 ha:
2383 2820 2645 2890 templum
2696 2821 2748 2872 in
2792 2833 2858 2872 eo
2897 2818 3019 2873 loco
3063 2819 3338 2888 erigeret,
3377 2817 3456 2872 ubi
3497 2813 3718 2869 veneranda

2257 2915 2428 2984 ipsius
2453 2913 2698 2980 reliquiae
2731 2911 2962 2966 inventa-
2987 2911 3228 2964 fuerant.
3259 2892 3398 2962 Multi
3425 2917 3573 2959 autem
3597 2918 3644 2957 ex
3663 2915 3720 2969 ονε

2179 3025 2220 3082 c
2257 3005 2503 3060 timatum
2537 3017 2764 3056 numero
2809 3016 2910 3072 pro
2940 3001 3084 3056 illius
3121 3000 3306 3070 templi
3343 2996 3640 3054 aedificatione
3669 3008 3720 3062 pe

2256 3097 2473 3152 cuniam
2505 3092 2883 3158 contulerunt.

2327 3185 2568 3242 XXXIV.
2613 3183 2704 3239 Ille
2751 3183 2917 3256 igitur
2949 3183 3001 3236 in
3038 3182 3282 3252 Cyprum
3321 3195 3561 3242 reversus,
3593 3173 3720 3229 multus
3762 3239 3767 3242 _

2258 3279 2500 3334 artiﬁces
2529 3287 2692 3344 atque
2719 3274 3001 3344 operarios
3021 3273 3265 3344 collegit,
3285 3266 3640 3326 etmdiﬁeatioai
3659 3277 3721 3316 non

2259 3371 2587 3426 mediocrem
2619 3383 2838 3438 operam
2866 3366 3034 3430 dedit,
3062 3376 3118 3420 et
3145 3365 3386 3436 apostolo
3417 3361 3723 3416 Barnabctem-

2261 3463 2406 3532 plum
2461 3463 2619 3515 valde
2669 3474 2922 3523 magnum
2973 3469 3084 3513 tum
3137 3457 3385 3521 miliiieio,
3431 3447 3720 3506 tummultret

2263 3555 2416 3624 vario
2440 3561 2640 3607 ornatu
2678 3551 2892 3620 insigne
2921 3551 3261 3604 construxit.
3291 3549 3368 3602 Ad
3407 3560 3511 3600 eam
3535 3556 3634 3596 vero
3653 3548 3716 3589 tra-

2263 3645 2334 3718 pli
2357 3656 2588 3714 partem.
2607 3661 2725 3714 quae
2755 3645 2819 3698 ad
2842 3644 3064 3716 Libyam
3088 3652 3331 3712 spectat,
3359 3638 3517 3693 aulam
3533 3630 3722 3706 quaunlau

2259 3739 2592 3809 composuit,
2646 3747 2877 3808 quatuor
2902 3787 2910 3791 _
2931 3737 3183 3807 porticus
3227 3737 3526 3796 habentem,
3565 3720 3726 3809 elcellu

2262 3834 2392 3890 hinc
2423 3841 2587 3902 atque
2623 3831 2775 3886 illinc
2815 3845 2846 3884 e
2877 3830 3103 3900 regione
3147 3829 3251 3885 sibi
3301 3825 3554 3897 oppositas
3595 3819 3632 3871 in
3658 3808 3728 3864 tul-1

2261 3928 2590 3990 construxit,
2623 3935 2680 3975 ιιι
2719 3925 2812 3993 qui
2857 3924 3040 3976 divina
3072 3921 3252 3976 oﬂicia
3293 3921 3345 3976 itt
3380 3913 3556 3986 templo
3579 3911 3732 3965 illomo-

2263 4018 2422 4072 nachi
2469 4017 2835 4074 celebrarent.
2872 4015 2926 4069 in
2974 4015 3081 4068 illis
3121 4015 3277 4069 cellis
3329 4010 3550 4066 habitare
3573 4001 3729 4073 possent

2263 4110 2406 4177 Quin
2439 4109 2602 4164 etiam
2654 4123 2684 4162 e
2718 4107 3004 4176 longinqua
3050 4108 3276 4175 regione
3315 4117 3460 4172 aqua:
3490 4101 3658 4152 ductum
3681 4088 3735 4138 de-

2265 4203 2428 4256 rivari
2474 4200 2622 4266 fecit,
2657 4208 2712 4253 et
2757 4199 2812 4252 in
2854 4199 3032 4252 medio
3071 4199 3216 4252 atrio
3247 4195 3497 4250 concham
3535 4179 3734 4256 quamdam

2263 4293 2683 4365 pulcherrimam
2715 4291 3044 4356 construxit,
3075 4291 3128 4344 in
3163 4304 3327 4358 quam
3352 4300 3482 4355 aqua
3515 4281 3588 4336 illa
3607 4270 3737 4365 deﬂua-

2267 4399 2370 4452 ret,
2419 4397 2480 4441 ut
2530 4397 2641 4442 tam
2685 4387 2776 4456 qni
2832 4400 2898 4440 eo
2933 4385 2986 4438 in
3029 4385 3147 4438 loco
3191 4358 3737 4440 habitahanlﬁllmﬂl‘I‘Ii

2259 4496 2489 4554 peregre
2528 4481 2832 4540 venissent,
2871 4477 3085 4531 abunde
3119 4476 3278 4544 aquis
3316 4475 3422 4528 illis
3445 4467 3539 4526 frui
3575 4462 3737 4534 possent.

2262 4576 2427 4631 Multa
2457 4577 2622 4630 etiam
2651 4575 2754 4628 alia
2803 4573 3041 4643 hospitia
3074 4569 3182 4622 illic
3212 4565 3513 4627 aniilicavit,
3541 4561 3587 4614 in
3611 4551 3739 4643 quill"s

2261 4670 2536 4742 peregrini
2565 4679 2618 4722 et
2647 4668 2887 4737 hospites
2913 4664 3147 4720 recreari
3181 4667 3423 4733 possent,
3451 4657 3516 4710 ita
3541 4660 3588 4704 ut
3614 4640 3740 4714 ql'lh'

2265 4778 2388 4816 cum
2421 4761 2568 4814 illum
2610 4759 2854 4822 vidisset,
2881 4773 3058 4826 parva:
3099 4754 3330 4823 alioujns
3362 4758 3413 4806 et
3439 4741 3654 4818 jucuka
3686 4745 3743 4783 ιη’

2263 4854 2350 4909 bis
2402 4854 2627 4923 ligurum
2661 4852 2846 4904 videre
2901 4850 3002 4903 sibi
3053 4848 3202 4902 visus
3247 4854 3415 4900 esset.
3468 4840 3584 4894 Dein
3625 4835 3745 4883 arcam

2268 4948 2449 5008 illam,
2503 4947 2554 4999 in
2596 4959 2701 5015 qua
2757 4943 3019 4998 Barnahm
3067 4939 3294 5010 apostoli
3325 4934 3550 5005 reliquis:
3589 4919 3748 5015 condite

2266 5051 2446 5103 erant,
2494 5039 2548 5092 in
2592 5039 2815 5092 dextera
2869 5050 3037 5089 sacra:
3080 5049 3186 5088 ara:
3218 5039 3372 5101 parte
3394 5019 3664 5083 collocavit.
3692 5006 3748 5078 «ιιιῖ

2269 5136 2420 5190 locus
2445 5131 2616 5186 nmlto
2651 5139 2879 5199 argento
2906 5139 2961 5184 ct
2994 5127 3316 5182 marmoreis
3337 5113 3751 5178 columnisornatus

2269 5238 2407 5280 erat.
2441 5225 2590 5278 Dicm
2623 5239 2752 5278 vero
2777 5221 2996 5285 festum,
3031 5233 3136 5288 quo
3167 5217 3312 5272 beati
3343 5207 3554 5285 apostoli
3583 5206 3753 5288 ειςνξιθ·

2273 5323 2380 5376 rosi
2419 5317 2672 5388 martyris
2705 5316 2965 5370 Barnabze
3002 5311 3260 5367 ruernoria
3315 5305 3662 5362 celebraretur,
3687 5285 3756 5339 P-‘I'

2271 5425 2382 5470 tres
2435 5416 2521 5480 agi
2582 5427 2680 5481 per
2744 5407 2986 5474 singulos
3049 5417 3220 5458 annos
3275 5386 3756 5474 constituerunt,

2272 5507 2392 5561 Iulus
2437 5495 2606 5569 Junii,
2648 5511 2706 5555 ιιι
2755 5499 2982 5554 Ilnntuui
3032 5501 3320 5550 munerant
3352 5510 3364 5546 :
3396 5499 3451 5542 ιιι
3487 5497 3598 5538 vero
3631 5474 3758 5571 (illm:

2273 5589 2745 5661 (20"5m"ﬁe"se§;
2780 5595 2864 5647 die
2906 5591 3191 5646 undecimo
3235 5587 3353 5655 ejus
3405 5553 3760 5661 mensisr‘l‘ﬁ’l

2275 5696 2378 5750 illis
2431 5689 2632 5746 ditiiur
2676 5686 2946 5752 Mesores,
3001 5694 3052 5738 ct
3098 5680 3338 5737 decimus
3379 5671 3694 5728 numeratur:
3726 5653 3762 5701 Ill

3809 3727 3812 3858 Ι
