3950 6200
222 285 366 354 4105

1216 277 1604 347 LAUDATIO
1639 280 1722 342 IN
1761 277 2025 340 APOST.
2055 273 2492 338 BERNABAM.

3355 266 3498 332 4106

227 421 409 466 autem
438 405 629 462 Asiani
657 404 928 467 homines,
963 403 1048 460 vel
1072 401 1263 472 Paphii
1300 407 1612 464 numerant,
1658 395 1806 452 deci-
1835 395 1889 453 A
1915 391 2092 446 monis
2111 399 2486 462 paupertatem
2508 387 2758 459 exiguam
2777 385 2925 441 illam
2949 384 3190 454 quidem,
3212 385 3305 441 sed
3324 401 3496 456 prom-

227 517 317 556 mo
341 513 484 554 nono
516 496 743 561 mensis,
799 494 890 564 qui
931 493 1254 563 Pbthipatus
1279 491 1499 556 dicitur,
1536 496 1592 544 et
1633 499 1810 541 nonus

226 598 569 646 numeratur.
601 586 714 642 Hoc
741 586 906 657 igitur
940 586 1069 640 anni
1100 595 1344 654 tempore
1369 586 1424 638 in
1459 597 1582 637 eum
1604 579 1807 644 locum,

227 699 389 754 quem
414 698 580 752 supra
609 680 870 746 diximus,
912 678 1144 749 gentiles
1175 676 1426 748 plurima:
1453 672 1806 735 conveniunt,

229 786 284 829 et
313 775 496 830 divina
526 771 698 830 oﬁicla
733 772 1119 828 concelebrant
1149 769 1202 824 iu
1228 769 1455 840 gloriam
1485 765 1682 829 Patris,
1713 762 1806 818 Fi-

230 862 311 928 lii,
335 873 386 918 et
422 861 659 932 Spiritus
702 862 904 927 sancti,
941 861 1028 916 cui
1058 860 1286 916 debetur
1309 858 1478 930 gloria
1516 857 1568 910 in
1617 854 1811 910 stecula

229 955 578 1009 saculorum.
603 952 796 1008 Amen.

302 1044 524 1100 XXXV.
545 1041 948 1112 'Reliquiarum
976 1043 1152 1114 sancti
1181 1041 1418 1114 apostoli
1443 1039 1708 1096 Barnabas
1732 1053 1814 1094 re-

233 1138 434 1195 velatio
460 1137 535 1192 ita
568 1151 626 1192 se
646 1137 856 1202 habuit,
891 1146 951 1190 ut
973 1137 1236 1192 diximus.
1272 1137 1403 1204 Quae
1429 1149 1560 1191 vero
1576 1135 1814 1188 miracu-

232 1230 282 1286 la
311 1231 556 1302 quotidie
609 1244 639 1284 a
677 1229 1027 1286 sanctissimo
1078 1229 1250 1299 ipsius
1294 1228 1550 1298 sepulcro
1600 1224 1816 1281 abunde

233 1323 681 1394 proﬁciscuntur,
715 1336 776 1376 ea
800 1321 844 1376 si
874 1322 999 1391 quis
1029 1321 1376 1377 conscribere
1404 1318 1553 1383 velit,
1581 1333 1648 1372 ne
1677 1316 1818 1372 mul-

197 1415 306 1500 ‘tis
333 1414 550 1482 quidem
603 1414 968 1470 voluminibus
1019 1414 1102 1486 (ut
1149 1413 1366 1484 opinor)
1409 1411 1498 1466 illa
1530 1406 1814 1478 complecti

237 1507 457 1578 paterit.
494 1505 606 1562 Nos
649 1507 816 1578 igitur
854 1507 920 1560 ad
951 1521 1165 1573 eorum,
1196 1521 1317 1576 qua:
1363 1519 1524 1574 supra
1553 1502 1812 1564 diximus,

235 1600 552 1654 memoriam
602 1598 938 1664 redeuntes,
981 1599 1156 1654 virum
1199 1599 1342 1654 hunc
1392 1596 1610 1668 pietatis
1653 1605 1816 1649 causa

231 1691 490 1747 omnibus
531 1692 918 1747 certaminibus
958 1691 1179 1762 egregie
1222 1689 1489 1756 functum,
1532 1688 1602 1744 ob
1651 1687 1816 1755 idque

238 1783 447 1839 cmlesti
486 1798 689 1838 corona
703 1783 984 1849 donatum,
1004 1783 1222 1854 hymnis
1253 1783 1453 1839 divinis
1470 1795 1814 1852 prosequan-

234 1890 376 1935 lttul',
409 1885 462 1929 et
501 1875 750 1930 eumdem
772 1875 1398 1944 beatum-praedicantes,
1421 1875 1636 1928 laudum
1672 1887 1812 1943 prae-

233 1967 409 2020 coniis
441 1966 802 2022 celebremus.
838 1967 939 2022 Hic
977 1967 1148 2036 enim,
1186 1977 1445 2037 tauquam
1488 1966 1630 2023 oliva
1666 1981 1814 2036 quae-

239 2059 366 2113 dam
399 2059 701 2124 lructil‘era,
727 2061 780 2114 in
803 2060 962 2116 domo
989 2061 1082 2116 Dei
1119 2060 1394 2131 plantatus
1419 2059 1663 2130 quotidie
1703 2057 1814 2112 fru-

232 2159 355 2205 ctus
388 2164 607 2205 suavem
647 2151 871 2206 odorem
909 2153 1182 2223 spirantes
1221 2151 1335 2208 Deo
1359 2151 1462 2221 ipsi
1495 2149 1670 2207 oﬁ'ert.
1697 2148 1814 2222 ,Hic

221 2242 622 2312 imperatorum
661 2241 860 2313 gloria,
897 2246 1241 2300 sacerdotum
1269 2242 1606 2314 iucunditas,
1638 2255 1810 2312 popu-

230 2333 404 2388 lorum
435 2334 750 2400 exsultatio,
793 2350 1005 2404 eorum,
1039 2336 1131 2408 qui
1164 2335 1433 2406 angustiis
1465 2343 1810 2405 premuntur,

231 2426 556 2494 consolatio,
587 2427 920 2485 amictorum
944 2429 1258 2500 profugiam
1294 2443 1360 2484 ac
1391 2427 1685 2492 recreatio,
1715 2426 1810 2481 de-

231 2529 568 2588 speratorum
615 2535 741 2591 spes
782 2533 946 2594 atque
989 2523 1224 2594 adiutor,
1267 2522 1678 2593 peregrinorum
1725 2534 1812 2577 re-

233 2611 413 2680 quies,
439 2613 824 2682 aegrotantium
856 2615 1150 2683 medicina,
1178 2629 1440 2671 sanorum
1459 2625 1666 2680 custos,
1698 2613 1813 2683 spi-

230 2702 509 2757 ritualium
549 2703 847 2774 gratiarum
878 2705 1022 2773 fons,
1073 2705 1333 2762 Ecclesia:
1383 2721 1593 2770 murus,
1628 2703 1810 2760 ortho-

237 2795 503 2851 doxorum
554 2797 979 2867 ﬁrmamentum,
1021 2798 1260 2854 ﬁdelium
1305 2800 1586 2855 hominum
1615 2812 1813 2868 propu-

229 2891 437 2960 gnatio,
469 2891 635 2947 totius
657 2891 808 2948 orbis
831 2901 1101 2950 terrarum
1132 2894 1316 2949 decus.
1350 2891 1618 2948 Caeterum
1654 2898 1733 2945 tot
1758 2897 1813 2944 et

231 2991 403 3037 tantas
423 2991 575 3048 sunt,
606 2983 925 3040 beatissime
954 2985 1198 3055 apostole
1223 2985 1354 3041 Jesu
1377 2983 1578 3040 Christi
1610 2981 1814 3037 Barna-

229 3075 319 3141 ba,
350 3075 536 3130 laudes
562 3084 685 3143 tua,
720 3085 778 3132 ut
804 3077 1048 3133 omnium
1074 3077 1361 3136 hominum
1390 3084 1624 3135 mentem
1648 3085 1814 3150 atque

239 3168 541 3226 orationem
571 3178 858 3244 superent.
887 3167 1249 3230 Nihilominus
1274 3183 1454 3230 tamen
1484 3173 1658 3230 nostri
1688 3187 1804 3228 ser.

544 5769 815 5834 Funus.
863 5775 978 5837 Gtt.
1032 5777 1193 5838 LXX
1212 5778 1405 5842 XVII.

1912 492 2059 553 ptam
2089 491 2258 547 certe,
2289 485 2566 550 acceptam
2601 479 2830 542 habens,
2865 491 2962 546 pro
2994 477 3151 532 nobis
3167 479 3307 544 apud
3341 492 3492 540 eum,

1913 589 2076 644 quem
2104 573 2363 638 dilexisti,
2393 572 2671 627 Christum
2703 569 3042 638 unigenitum
3078 568 3168 624 Dei
3193 567 3395 624 Filium
3439 579 3496 622 et

1914 668 2176 732 Verbum,
2211 665 2550 721 intercedere
2582 681 2685 720 non
2709 665 2978 735 graveris,
3008 673 3067 719 ut
3094 663 3183 720 ille
3203 679 3232 718 a
3259 679 3503 735 praesen-

1919 763 1954 818 ti
2000 769 2053 817 et
2103 760 2376 816 laborioso
2428 759 2530 813 hoc
2580 759 2779 814 satculo
2822 774 2923 814 nos
2965 758 3185 828 eripiat,
3234 760 3504 828 nobisque

1915 853 2197 918 concedat,
2224 861 2282 905 ut
2313 849 2692 906 remissionem
2735 858 3109 919 peccatorum,
3144 850 3497 905 clementiam

1917 958 1972 1002 et
2028 944 2462 1002 misericordiam
2509 943 2734 997 multam
2789 958 3153 1013 assequamur
3197 943 3252 998 in
3294 943 3385 998 illo
3414 943 3500 998 die

1920 1036 2178 1100 terribili,
2219 1051 2342 1092 cum
2370 1035 2584 1090 venerit
2609 1034 2860 1104 judicare
2892 1037 3043 1090 vivos
3072 1046 3128 1090 et
3153 1045 3422 1095 mortuos.

1989 1129 2232 1184 XXXVI.
2284 1129 2457 1183 Tuum
2501 1145 2628 1184 vero
2678 1143 3087 1196 successorem,
3131 1129 3222 1200 qui
3253 1140 3500 1187 sanctam

1918 1225 2102 1278 sedent
2144 1232 2290 1278 tuam
2335 1221 2626 1292 gubernat,
2673 1220 2889 1276 ﬁrmam
2933 1233 3098 1292 atque
3147 1223 3502 1288 immobilem,

1920 1316 2073 1383 cujus
2098 1323 2152 1369 et
2179 1324 2233 1370 tu
2279 1323 2647 1385 propugnator
2688 1312 2865 1382 fuisti,
2905 1314 3062 1369 ﬁdem
3106 1315 3298 1371 eodem
3341 1331 3504 1372 sensu

1923 1419 2186 1473 tuentem,
2233 1407 2550 1463 orthodoxae
2585 1407 2834 1462 veritatis
2867 1406 3168 1478 legitimum
3209 1416 3266 1463 et
3308 1423 3502 1464 verum

1919 1501 2237 1566 doctorem,
2272 1497 2575 1555 Salvatoris
2606 1499 2780 1555 nostri
2828 1499 3186 1566 imitatorem,
3227 1509 3501 1571 pastorem

1920 1603 1974 1650 et
2018 1591 2236 1646 Patrem
2277 1599 2548 1658 nostrum,
2595 1592 2688 1662 qui
2739 1605 2979 1661 przesens
3007 1599 3111 1657 est,
3165 1601 3222 1647 et
3256 1603 3502 1648 sanctam

1921 1686 2000 1740 tui
2036 1685 2356 1742 memoriam
2402 1685 2666 1742 illustrem
2693 1694 3069 1756 repraesentat,
3107 1685 3279 1740 Deum
3304 1699 3497 1750 exora,

1919 1793 1977 1836 ut
2007 1778 2193 1835 multis
2221 1794 2489 1834 annorum
2521 1778 2739 1833 circulis
2770 1777 2825 1832 in
2863 1777 3214 1834 sanctissima
3247 1785 3338 1831 tua
3373 1779 3506 1833 sede

1918 1881 2205 1928 conservet
2242 1873 2537 1937 valentem,
2580 1880 2635 1928 et
2681 1869 2934 1942 populum
2978 1869 3152 1941 ipsius
3184 1869 3236 1925 in
3271 1885 3406 1941 pace
3445 1881 3505 1926 et

1920 1965 2312 2036 tranquillitate
2361 1974 2665 2036 regentem,
2693 1966 2784 2036 qui
2815 1975 2869 2021 et
2903 1965 3150 2020 veritatis
3188 1965 3500 2022 doctrinam

1916 2061 2064 2116 omni
2095 2075 2218 2116 cum
2260 2060 2552 2114 sanctitate
2581 2068 2634 2114 et
2658 2058 2872 2130 justitia
2902 2057 3120 2129 dirigat.
3155 2058 3233 2115 Te
3259 2059 3487 2129 insuper

1915 2167 2157 2218 oramus,
2201 2162 2260 2207 ut
2286 2169 2392 2223 qua
2443 2169 2571 2208 cura
2609 2153 2842 2222 patriam
2868 2162 3014 2207 tuam
3059 2167 3280 2224 semper
3305 2167 3497 2222 prose-

1915 2252 2076 2301 cutus
2103 2260 2184 2311 es,
2215 2247 2403 2302 eadem
2431 2254 2486 2299 et
2514 2260 2659 2301 nunc
2685 2245 2831 2300 illam
2854 2246 3227 2316 prosequaris,
3267 2260 3503 2315 eamque

1919 2338 2026 2393 tuis
2067 2339 2274 2394 sanctis
2316 2337 2456 2408 apud
2489 2338 2657 2393 Deum
2705 2338 2957 2407 precibus
3002 2337 3318 2404 custodias,
3363 2349 3418 2394 et
3467 2355 3498 2392 a

1918 2427 2198 2484 scandalis
2252 2429 2596 2498 operantium
2644 2428 2991 2500 iniquitatem
3045 2428 3272 2499 eripias,
3333 2439 3393 2484 ut
3445 2430 3500 2485 in

1915 2537 2072 2594 pace,
2101 2522 2368 2578 modestia
2413 2537 2479 2577 ac
2509 2523 2712 2593 pietate
2754 2523 2919 2578 vitam
2947 2522 3000 2578 in
3040 2522 3144 2579 hoc
3179 2523 3378 2581 saeculo
3402 2524 3504 2578 du-

1914 2629 2122 2682 camus,
2149 2623 2206 2669 et
2229 2613 2662 2670 misericordiam
2693 2615 2907 2670 Domini
2934 2615 3107 2672 nostri
3129 2613 3258 2672 Jesu
3287 2614 3496 2672 Christi

1914 2715 2298 2777 exspectantes
2325 2749 2340 2775 ,
2377 2707 2446 2762 ad
2495 2715 2758 2762 aeternam
2793 2707 2940 2764 illam
2998 2709 3166 2764 vitam
3216 2709 3502 2780 pervenire

1914 2799 2211 2869 possimus,
2247 2797 2404 2869 cujus
2430 2813 2529 2854 nos
2561 2814 2752 2854 omnes
2782 2800 3078 2871 participes
3109 2800 3227 2857 ﬁeri
3249 2811 3502 2872 optamus

1914 2890 2114 2963 gratia,
2169 2891 2552 2947 misericordia
2595 2899 2651 2947 et
2687 2892 3025 2963 benignitate
3068 2891 3284 2950 Domini
3325 2891 3503 2949 nostri

1915 2983 2046 3041 Jesu
2091 2982 2297 3040 Christi
2337 3002 2351 3040 :
2391 2984 2477 3040 cui
2530 2983 2702 3055 gloria
2747 2985 2839 3051 sit,
2890 2983 3157 3056 Patrique
3208 2993 3278 3041 εον
3310 2995 3512 3041 sancto

1923 3077 2176 3152 Spiritui,
2216 3092 2358 3140 nunc
2398 3087 2453 3140 et
2482 3092 2718 3154 semper,
2753 3086 2808 3140 et
2839 3079 2888 3135 in
2918 3078 3109 3140 saecula
3151 3078 3500 3140 saeculorum.

1911 3177 2105 3232 Amen.
