4106 6474
321 368 464 430 2795

326 577 567 629 uraxime
599 585 651 628 te
683 577 986 643 admirans,
1016 579 1160 647 quod
1189 580 1563 632 munificentia
1590 590 1680 633 tua
1708 581 1776 632 ab
1804 581 1890 642 iis,

327 670 381 721 in
411 684 554 739 quos
587 684 706 723 cam
741 671 1048 734 contulisti,
1087 674 1364 740 repensari
1394 681 1645 742 nequeat.
1680 674 1727 725 ls
1753 674 1896 726 enim

327 770 558 814 ornatus
589 763 836 832 principe
885 762 1089 833 dignus
1136 776 1240 830 est,
1305 781 1410 818 una
1457 782 1584 818 cum
1649 765 1901 819 hostibus

327 852 490 905 etiarn
517 853 772 907 subditos
795 870 1078 924 superare,
1112 856 1236 909 illos
1278 859 1467 921 armis,
1501 857 1600 911 hos
1653 858 1901 910 multitu-

328 943 451 996 dine
498 945 797 1006 honorum,
848 957 1112 1016 utrosque
1158 947 1478 1003 virtutibus.
1516 948 1716 1005 Nostra
1775 966 1902 1003 vero

330 1037 484 1097 urbs.
511 1051 652 1106 quae,
690 1037 1061 1094 benefactoris
1097 1040 1330 1109 imagine
1369 1042 1567 1110 posita,
1607 1044 1726 1112 ipso
1769 1060 1903 1112 pra:-

330 1136 485 1179 sente
527 1128 751 1192 fruitur,
810 1130 1271 1197 quemadmodum
1311 1132 1614 1190 vehemens
1669 1144 1902 1199 amator,

329 1227 624 1286 conspecto
672 1235 832 1288 quem
885 1218 1083 1288 diligit,
1133 1223 1330 1289 surgit,
1383 1225 1674 1293 omnisque
1725 1228 1905 1278 aetatis

331 1310 578 1364 homines
615 1313 858 1372 excitat,
891 1321 944 1365 et
982 1322 1134 1380 pater
1185 1329 1357 1382 puero
1412 1326 1463 1368 et
1489 1333 1655 1369 senex
1713 1317 1904 1384 juveni

328 1419 448 1454 eum
486 1401 746 1468 ostendit,
773 1411 826 1455 et
853 1418 1046 1458 omnes
1067 1405 1229 1459 simul
1257 1409 1579 1474 spectaculo
1603 1409 1901 1461 exsultant.

330 1496 405 1547 Ae
460 1495 692 1571 fortasse
725 1495 946 1565 quidem
991 1497 1210 1550 videbor
1247 1514 1392 1552 unus
1433 1508 1631 1568 praeter
1679 1507 1908 1553 carteros

329 1585 394 1637 ad
449 1593 556 1636 tam
593 1585 915 1638 immensam
951 1601 1131 1639 rerum
1174 1586 1388 1640 laudem
1422 1603 1506 1640 me
1559 1596 1903 1650 convertere.

332 1685 592 1745 tantaque
627 1675 857 1730 audacia
909 1676 1180 1746 instigari,
1229 1687 1290 1730 ut
1322 1679 1407 1731 vel
1442 1680 1621 1733 medio
1653 1697 1716 1733 ex
1751 1682 1904 1735 thea-

331 1775 415 1819 tro
468 1769 826 1830 surrexerim,
862 1777 914 1821 et
950 1769 1180 1822 recitare
1229 1769 1532 1838 quidquam
1571 1772 1822 1836 audeam,
1850 1780 1904 1825 et

1589 375 1938 436 I’RUCOPII
1981 378 2134 434 (ΗΖ.
2151 378 2221 435 iii

326 489 490 538 modo
517 483 781 538 beneficia
813 495 1069 554 repenset
1106 487 1276 556 gratia
1309 486 1631 551 referenda,
1659 489 1778 540 ideo
1813 491 1891 541 vel

2016 511 2088 544 ut
2137 493 2246 543 τῶν
2285 493 2505 562 δωρεῶν
2561 495 2658 562 (ι),

3448 385 3513 447 27
3522 387 3588 448 96

2725 496 2958 566 ἀμοιϐῆς
3012 497 3209 566 ἀπορεῖ
3254 499 3364 559 τοῖς
3408 500 3590 568 έρ;τ.ι;

2003 585 2390 653 ἀμιλλωμένης
2420 601 2431 613 ·
2487 588 2580 638 καὶ
2625 587 2716 638 τὸν
2750 589 3046 656 εὐεργέτην
3097 587 3347 641 ἐντεῦθεν
3387 591 3589 658 μᾶλλον

2004 675 2272 746 θαυμάζει
2327 679 2405 729 δι’
2441 672 2516 729 ὧν
2571 673 2629 730 εὖ
2685 681 2848 741 ποιεῖ,
2905 677 3014 730 τῶν
3077 674 3135 731 εὖ
3185 680 3468 733 παθόντων
3512 700 3588 733 va-

2004 768 2185 821 κῶντα
2218 769 2313 831 τὰς
2347 769 2600 838 ἀμοιϐάς.
2649 770 2881 838 Πρέπων
2907 767 3014 839 γὰρ
3043 765 3194 832 οὗτος
3235 770 3446 839 βασιλεῖ
3498 774 3584 823 κό-

2007 879 2162 933 σμος,
2196 863 2333 931 μετά
2363 863 2468 916 τῶν
2516 862 2791 930 πολεμίων
2823 861 2915 914 καὶ
2943 863 3072 923 τοὺς
3107 863 3383 931 ὑπηκόους
3410 866 3584 932 νικᾷν,

2003 957 2128 1017 τούς
2161 956 2258 1022 μὲν
2291 958 2402 1017 τοῖς
2444 953 2650 1018 ὅπλοις,
2692 956 2818 1016 τοὺς
2845 955 2898 1006 δὲ
2927 954 3005 1022 τῷ
3033 953 3229 1022 πλήθει
3266 955 3374 1006 τῶν
3405 956 3584 1024 ὑπαρ-

2005 1049 2208 1118 χόντων
2243 1047 2486 1114 ἀγαθῶν,
2523 1047 2870 1117 ἀμφοτέρους
2903 1047 2959 1098 δὲ
2989 1050 3106 1106 ταῖς
3139 1047 3382 1116 ἀρεταῖς.
3427 1048 3488 1098 'll
3529 1049 3583 1098 δὲ

2005 1142 2251 1212 ἡμετέρα
2297 1141 2473 1204 πόλις,
2523 1141 2609 1194 διὰ
2783 1140 2993 1202 εἰκόνος
3042 1139 3205 1191 αὐτὸν
3238 1139 3585 1192 ἀπολαϐοῦσα

2004 1237 2094 1285 τὸν
2134 1232 2454 1303 εὐεργέτην,
2482 1232 2674 1302 ὥσπερ
2697 1249 2777 1292 τις
2813 1231 2984 1293 δεινὸς
3018 1232 3274 1302 ἐραστὴς,
3306 1232 3583 1284 ἀνίσταται

2006 1325 2140 1394 πρὸς
2162 1323 2260 1394 τὴν
2299 1324 2447 1389 θέαν,
2485 1325 2579 1376 καὶ
2625 1324 2802 1376 πᾶσαν
2841 1323 3057 1392 ἡλικίαν
3086 1324 3324 1390 ἐγείρει·
3369 1323 3460 1375 καὶ
3483 1340 3586 1376 πα-

2003 1419 2109 1486 τὴρ
2143 1417 2292 1469 παιδὶ
2342 1417 2628 1486 παραπᾶς
2672 1415 2767 1467 καὶ
2835 1414 3146 1485 πὲιεσδύτης
3193 1415 3299 1485 νέῳ
3331 1416 3454 1485 ἣκει
3493 1418 3585 1467 καὶ

2004 1509 2245 1562 δείκνυσι
2304 1508 2395 1561 καὶ
2440 1507 2735 1578 σκιρτῶσιν
2776 1506 2890 1575 ἅμα
2932 1510 2996 1576 τῇ
3033 1506 3147 1577 θέᾳ.
3188 1509 3346 1571 Ἴσως
3377 1509 3472 1574 μὲν
3494 1505 3584 1561 οὐν

2004 1600 2140 1664 δόξω
2175 1601 2333 1670 μόνος
2377 1599 2524 1670 παρὰ
2561 1599 2684 1660 τοὺς
2724 1596 2915 1660 ἄλλους
2942 1598 3037 1650 ἐπὶ
3077 1597 3396 1668 τηλικοῦτον
3424 1599 3584 1665 ὄγκον

2007 1694 2348 1763 πραγμάτων
2400 1693 2558 1753 ἰέναι,
2605 1691 2698 1744 καὶ
2742 1690 2994 1744 τοσοῦτον
3043 1686 3183 1744 εἷναί
3230 1709 3318 1759 μοι
3361 1692 3580 1762 θράσος,

2007 1785 2146 1840 ὥστε
2202 1787 2295 1839 καὶ
2345 1785 2572 1856 θεάτρου
2628 1783 2789 1854 μέσος
2845 1783 3139 1853 ἀνέστηκα,
3185 1785 3280 1836 καὶ
3313 1784 3494 1851 τολμῶ
3533 1801 3583 1837 τι

331 1858 580 1924 quamvis
608 1858 848 1912 minetur
873 1859 1070 1927 aliquis
1101 1860 1168 1913 ab
1202 1860 1423 1930 incepto
1475 1877 1583 1914 non
1615 1862 1900 1916 desistam.

2016 1879 2207 1945 λέγειν,
2262 1876 2363 1930 κᾶν
2429 1876 2626 1947 ἀπειλῇ
2676 1893 2759 1938 τις
2819 1878 2878 1928 οὐ
2931 1875 3230 1945 παύσομαι.
3281 1876 3353 1928 Τὸ
3394 1876 3449 1927 δέ
3488 1877 3583 1944 οὐχ

336 1947 532 2003 Verum
566 1949 667 2002 hoc
705 1963 814 2003 non
847 1959 931 2004 est
960 1949 1056 2014 ita,
1087 1952 1179 2004 sed
1215 1959 1328 2005 tota
1364 1951 1500 2006 urbs
1541 1952 1606 2005 ad
1655 1955 1904 2007 meritam

337 2055 432 2108 pro
466 2039 764 2095 benefactis
797 2042 1029 2110 gratiam
1069 2041 1411 2096 referendam
1465 2054 1750 2111 movetur;
1787 2063 1908 2115 qua:

333 2148 454 2185 eum
487 2142 706 2200 tempus
739 2149 846 2187 non
873 2131 1120 2187 sufﬁcere
1149 2134 1430 2188 existimet
1458 2143 1516 2188 ut
1550 2151 1647 2204 pro
1677 2153 1735 2191 se
1756 2138 1908 2206 quis-

333 2241 442 2295 que
472 2226 642 2288 dicat,
678 2225 922 2279 unanimi
970 2240 1163 2281 omnes
1194 2228 1466 2281 sententia
1501 2229 1739 2282 oratoris
1776 2245 1908 2282 voce

333 2316 576 2370 contenti
609 2324 737 2371 sunt
772 2334 784 2370 :
827 2316 874 2370 is
896 2318 1040 2370 enim
1071 2315 1136 2370 ad
1159 2317 1456 2372 dicendum
1483 2334 1582 2389 pro
1625 2322 1758 2374 urbe
1796 2321 1908 2374 cle-

331 2415 471 2470 ctus,
510 2421 616 2460 una
648 2421 782 2460 voce
811 2406 1056 2460 omnium
1091 2407 1328 2475 cogitata
1361 2409 1636 2478 exprimit.
1665 2410 1789 2464 Inde
1821 2427 1909 2462 au-

332 2510 463 2563 tem,
497 2499 635 2552 mira
667 2515 777 2564 res,
835 2499 998 2553 simul
1053 2509 1104 2552 et
1155 2501 1300 2554 bono
1355 2517 1440 2555 me
1483 2505 1668 2555 animo
1700 2517 1823 2556 esse
1856 2512 1911 2557 et

333 2594 547 2653 timere,
578 2591 780 2646 accidit
817 2610 829 2645 :
867 2591 1012 2661 quod
1049 2593 1194 2646 enim
1239 2591 1404 2657 facta,
1461 2609 1583 2662 qua:
1624 2594 1760 2648 nihil
1804 2594 1908 2647 lut-

301 2688 304 2690 ’
335 2685 464 2738 mile
497 2683 807 2747 continent,
849 2683 902 2736 in
937 2681 1173 2737 sublime
1199 2684 1460 2740 attollunt
1485 2686 1812 2750 orationem,
1857 2695 1911 2740 et

337 2777 537 2830 dicenti
571 2775 821 2844 expedita
851 2783 1000 2839 sunt,
1033 2790 1289 2846 magnum
1323 2777 1427 2830 hoc
1458 2785 1624 2830 estet
1667 2779 1909 2847 splendi-
1985 2778 1997 2788 '

334 2869 485 2930 dum,
537 2881 733 2936 meque
784 2866 1006 2934 adjuvat
1056 2873 1292 2921 :ntetuo
1345 2877 1548 2931 autem,
1608 2884 1674 2922 ne
1724 2883 1909 2924 rerum

339 2959 678 3014 abundantia
709 2966 763 3012 et
797 2957 1157 3012 multitudine
1207 2958 1643 3029 obstupefactus,
1695 2960 1909 3015 dicendi

337 3048 568 3102 materia
621 3049 699 3102 uti
729 3049 1007 3113 nesciens,
1041 3064 1150 3103 non
1191 3049 1374 3119 eloqui
1407 3051 1628 3105 divitias
1678 3051 1908 3120 pOSsim,

340 3150 503 3212 atque
530 3141 745 3196 consilii
778 3141 935 3210 inops
962 3156 1276 3211 appaream,
1330 3145 1472 3198 sicut
1506 3143 1559 3196 in
1612 3152 1771 3212 prato
1823 3143 1911 3212 ju-

340 3235 522 3286 rnndo
554 3242 606 3286 et
639 3233 850 3286 varium
885 3235 1252 3302 spectaculum
1284 3235 1557 3304 praebente
1589 3238 1770 3289 omnia
1797 3235 1918 3304 qui-

340 3329 462 3380 dem
490 3327 718 3398 pulchra
750 3336 882 3382 sunt
912 3338 1136 3397 aspectu
1177 3347 1189 3383 :
1229 3337 1506 3400 spectator
1530 3340 1736 3394 autem,
1791 3345 1913 3383 cum

341 3420 520 3471 oittnia
558 3418 722 3474 simul
755 3417 1048 3482 delectent,
1102 3420 1321 3474 nescius
1375 3419 1506 3490 quid
1563 3421 1819 3489 pra:ferat
1865 3431 1917 3472 et

341 3520 622 3585 decerpat,
675 3516 742 3569 ab
791 3515 1046 3569 omnibus
1099 3515 1264 3570 simul
1308 3516 1592 3571 abstinens
1637 3516 1914 3572 consistit.

343 3607 448 3661 Sed
494 3620 810 3675 quanquam
841 3619 927 3657 res
957 3605 1036 3657 sic
1067 3621 1124 3659 se
1165 3605 1381 3670 habeat,
1415 3608 1594 3659 oratio
1634 3613 1812 3660 tamen
1851 3606 1916 3658 ad

342 3700 524 3752 omnia
553 3697 730 3751 audax
763 3696 962 3750 fiducia
1000 3697 1229 3766 impleta
1261 3704 1370 3762 est,
1401 3708 1454 3752 et
1480 3698 1797 3769 petulanter
1827 3713 1918 3752 sa-

343 3792 424 3855 lit,
462 3799 516 3845 et
546 3804 655 3858 prae
701 3791 980 3859 voluptate
1030 3787 1349 3855 bacchatur,
1386 3791 1716 3860 fortunaque
1747 3792 1918 3859 magis

343 3898 505 3951 quam
536 3882 768 3936 consilio
798 3882 1102 3948 conlidens,
1145 3898 1265 3955 qua:
1301 3884 1480 3938 futura
1513 3892 1638 3936 sunt
1667 3883 1799 3938 nihil
1824 3899 1919 3938 cu-

344 3984 447 4026 rat.
479 3971 596 4036 Qua
622 3971 688 4025 de
719 3977 883 4028 eausa
940 3973 1264 4029 audebimus
1305 3973 1509 4044 aliquid
1540 3989 1704 4043 supra
1749 3974 1917 4038 vires,

344 4078 464 4128 quaa
500 4063 836 4132 indulgentia
867 4073 1051 4134 egent,
1089 4064 1260 4118 animi
1291 4065 1478 4118 studio
1509 4065 1776 4118 excusati.

415 4268 483 4323 ll.
511 4267 632 4323 Tibi
669 4268 814 4323 enim
851 4265 1078 4322 fortuna
1109 4267 1267 4337 quasi
1315 4265 1502 4322 futura
1534 4269 1670 4323 bene
1707 4269 1921 4339 prospi-

345 4362 521 4425 ciens,
571 4360 754 4414 omnia
805 4358 955 4415 dedit
1000 4375 1121 4430 quze
1178 4361 1557 4428 imperatorem
1616 4357 1921 4413 Romanum

346 4455 621 4508 decerent.
640 4449 707 4503 Et
734 4450 997 4520 primum,
1025 4459 1084 4504 ut
1115 4463 1213 4519 par
1243 4458 1383 4514 erat,
1409 4449 1630 4504 donavit
1661 4450 1916 4519 patriam,

2009 1971 2180 2034 οὕτως
2211 1970 2355 2040 ἔχει·
2392 1969 2486 2039 ὅλη
2533 1969 2588 2022 δὲ
2639 1969 2790 2032 πόλις
2833 1968 2948 2021 ἀνθ’
2992 1964 3065 2022 ὧν
3109 1965 3166 2021 εὖ
3218 1970 3412 2038 πάσχει
3451 1969 3584 2037 πρὸς

2009 2065 2246 2134 ἀμοιϐὴν
2296 2065 2526 2115 κινεῖται
2580 2061 2831 2115 δικαίανο
2877 2063 2970 2114 καὶ
3009 2059 3127 2114 καθ’
3161 2060 3390 2113 ἕκαστον
3420 2060 3586 2128 ἄνδρα.

2009 2159 2188 2226 λέγειν
2217 2156 2315 2225 οὐχ
2359 2155 2540 2207 ἱκανὸν
2587 2153 2864 2224 ἡγουμένη
2897 2154 2986 2205 τὸν
3013 2153 3226 2223 χρόνον,
3259 2155 3409 2222 κοινῇ
3453 2152 3587 2204 πάν·

2007 2265 2098 2310 τες
2120 2247 2285 2317 ψήφῳ
2319 2249 2384 2316 τῇ
2425 2247 2518 2298 τοῦ
2570 2246 2797 2316 ῥήτορος
2842 2244 3138 2313 ἀρκοῦνται
3192 2247 3341 2314 φωνῇ
3377 2261 3390 2275 ⁸
3426 2244 3453 2294 ό
3481 2245 3587 2312 γαρ

2011 2339 2150 2409 ὑπὲρ
2183 2337 2389 2400 πόλεως
2433 2335 2878 2407 προϐεϐλημένος
2920 2331 2997 2403 τῷ
3028 2335 3193 2404 λόγῳ,
3233 2337 3328 2405 μιᾷ
3375 2333 3587 2403 γλώττῃ

2007 2429 2108 2492 τάς
2160 2429 2412 2482 ἁπάντων
2458 2426 2811 2496 ὑποκρίνεται
2851 2423 3096 2495 γνώμας.
3145 2426 3240 2478 Ἐκ
3287 2424 3342 2476 δὲ
3385 2424 3588 2476 τούτων

2011 2520 2234 2591 θαρρεῖν
2267 2536 2325 2572 τε
2354 2518 2468 2586 ἅμα
2509 2517 2601 2570 καὶ
2631 2515 2859 2570 δεδιέναι
2893 2532 2959 2585 με
2992 2515 3314 2584 παραλόγως
3351 2515 3590 2582 συμϐαί-

2010 2631 2126 2666 νει·
2148 2614 2230 2667 ὄτι
2260 2612 2357 2682 μὲν
2387 2613 2496 2681 γὰρ
2527 2611 2588 2662 τὸ
2610 2610 2717 2662 τῶν
2753 2608 3115 2680 πραγμάτων,
3151 2609 3407 2661 ταπεινὸν
3437 2607 3590 2658 οὐδὲν
3643 2650 3646 2652 .

2011 2707 2371 2775 ἐφελκόμενον
2393 2707 2470 2767 είς
2490 2703 2620 2772 Wo;
2639 2701 2854 2772 ἐπαίρει
2874 2702 2963 2754 τὸν
2977 2701 3150 2767 λόγον,
3173 2699 3267 2752 καὶ
3290 2699 3363 2769 τῷ
3382 2699 3591 2765 λέγοντι

2013 2798 2150 2868 πρὸς
2170 2795 2428 2866 εὐπορίαν
2443 2794 2788 2856 καθίσταται,
2810 2794 2950 2863 μέγα
2964 2791 3122 2845 τοῦτο
3140 2792 3233 2844 καὶ
3249 2791 3494 2862 λαμπρὸν
3513 2793 3591 2851 εἰς

2014 2889 2268 2957 εὐτυχίαν
2298 2889 2438 2956 ἐμοί·
2459 2887 2669 2939 δέδοικα
2698 2885 2752 2938 δέ
2773 2885 2846 2955 μὴ
2869 2887 2934 2954 τῇ
2952 2884 3070 2938 λίαν
3090 2883 3360 2954 ὑπερδολῇ
3395 2882 3484 2934 καὶ
3515 2881 3592 2950 τῷ

2015 2977 2204 3046 πλήθει
2227 2975 2332 3028 τῶν
2361 2977 2710 3046 ὑπαρχόντων
2745 2973 3138 3042 καταπλαγεὶς,
3173 2973 3272 3024 οὐκ
3297 2971 3433 3041 ἔχων
3469 2973 3496 3024 ὅ
3535 2987 3587 3022 τι

2014 3069 2291 3138 χρήσομαι
2323 3070 2435 3131 τοῖς
2457 3065 2742 3137 παροῦσιν,
2775 3067 2852 3128 είς
2876 3065 3118 3135 ἀφωνίαν
3156 3062 3472 3134 μεταϐάλλω
3500 3065 3592 3115 τὸν

2017 3158 2264 3221 πλοῦτον,
2280 3158 2373 3210 καὶ
2390 3157 2760 3228 ἀπορούμενος
2775 3157 3276 3228 στήσομαι.Ὤσπερ
3294 3159 3350 3208 ἐν
3367 3155 3592 3225 λειμῶνι

2017 3248 2234 3322 τερπνῷ
2256 3245 2350 3302 καί⁵
2376 3249 2625 3320 ποικίλην
2651 3249 3008 3319 παρεχομένῳ
3025 3249 3119 3317 τὴν
3139 3247 3282 3309 θέαν,
3302 3245 3474 3298 πάντα
3497 3247 3594 3316 μέν

2021 3345 2098 3404 εἰς
2153 3340 2347 3403 κάλλος
2385 3342 2621 3411 ὁρᾶται·
2660 3341 2688 3392 ό
2741 3339 2798 3392 δὲ
2851 3339 3070 3408 θεατὴς,
3124 3339 3340 3390 πάντων
3393 3337 3596 3406 ὁμοίως

2020 3431 2436 3501 εὐφραινόντων,
2480 3433 2578 3484 οὐκ
2613 3430 2750 3502 ἔχων
2783 3430 2810 3481 ὃ
2835 3447 2886 3480 τι
2919 3431 3246 3499 προτιμήσει
3273 3429 3368 3482 καὶ
3399 3428 3590 3500 aptos-

2019 3538 2128 3586 ται,
2174 3522 2390 3574 πάντων
2431 3521 2632 3592 ὁμοίως
2680 3519 3018 3592 ἀπεχόμενος
3067 3521 3317 3589 ἕστηκεν.
3375 3520 3449 3571 (ὶύ
3488 3519 3593 3588 μὴν

2021 3612 2176 3673 ἀλλὰ,
2209 3612 2410 3683 καίπερ
2440 3613 2646 3665 τούτων
2668 3612 2840 3676 οὓτως
2868 3613 3118 3682 ἑχόντων,
3151 3611 3328 3665 πάντα
3355 3610 3597 3682 τολμῶν-

2021 3719 2110 3766 τες
2131 3703 2178 3755 οἱ
2199 3703 2348 3770 λόγοι
2377 3703 2470 3756 καὶ
2502 3703 2595 3754 νῦν
2619 3704 2820 3772 ὁμοίως
2857 3703 3234 3775 Θρασύνονται,
3285 3705 3380 3756 καὶ
3423 3701 3599 3772 πηδῶ-

2024 3810 2106 3845 σςν
2161 3793 2431 3856 ἀτάκτως,
2491 3794 2583 3845 καὶ
2637 3793 2825 3862 ὥσπερ
2871 3794 2958 3862 ὐφ’
2993 3794 3183 3864 ἡδονῆς
3237 3792 3596 3862 βακχεύοντες

2023 3885 2264 3956 πάρεισι,
2301 3885 2436 3955 τύχῃ
2469 3885 2665 3955 μᾶλλον
2690 3887 2721 3954 ἢ
2749 3883 2942 3956 γνώμῃ
2968 3883 3298 3956 θαρροῦντες
3317 3925 3330 3947 ,
3369 3885 3461 3936 xa‘t
3491 3883 3597 3934 τιῗιν

2025 3977 2327 4046 μελλόντων
2348 3977 2498 4028 οὐδὲν
2527 3975 3054 4046 λογιζόμενοι.”Οθεν
3078 3975 3419 4046 τολμήσομέν
3438 3993 3487 4027 τι
3506 3976 3600 4028 καὶ

2021 4069 2172 4138 παρά
2218 4067 2468 4136 δύναμιν,
2509 4068 2780 4136 ἀρκοῦσαν
2817 4071 2896 4132 εἰς
2954 4071 3284 4138 συγγνώμην
3321 4067 3420 4138 τὴν
3467 4087 3600 4138 πρα-

2023 4158 2223 4228 θυμίαν
2258 4158 2713 4229 προϐεϐλημένοι.

2096 4273 2171 4324 B’.
2197 4273 2287 4324 Σοὶ
2312 4273 2420 4342 γάρ
2449 4271 2638 4340 ὥσπερ
2691 4273 2724 4340 ἡ
2773 4273 2910 4342 τύχη
2939 4271 3119 4333 καλῶς
3147 4271 3209 4323 τὸ
3243 4271 3431 4340 μέλλον
3469 4289 3601 4342 pan-—

2026 4363 2312 4434 τευομένη,
2380 4364 2660 4434 πρέποντα
2703 4363 2880 4416 πάντα
2927 4361 3165 4430 παρέσχε
3196 4364 3259 4431 τῇ
3317 4361 3601 4431 Ῥωμαίων

2027 4453 2290 4524 ἡγεμονία
2315 4471 2328 4484 ·
2362 4454 2458 4506 καὶ
2503 4451 2739 4519 πρῶτον,
2782 4449 2968 4519 ὥσπερ
3003 4449 3130 4510 ἔδει,
3170 4448 3455 4519 χαρίζεται
3500 4466 3602 4500 πα-

346 4561 468 4616 qua:
501 4545 733 4600 aliarum
768 4551 1042 4598 terrarum
1080 4545 1395 4600 felicitatem
1423 4552 1708 4616 superaret
1742 4559 1757 4596 :
1793 4546 1912 4615 Epi-

2026 4547 2180 4618 τρίδα
2235 4545 2472 4599 νικῶσαν
2520 4542 2618 4612 τὴν
2682 4540 2788 4593 τῶν
2841 4541 3015 4595 ἄλλων
3071 4539 3450 4611 εὐδαιμονίαν’
3505 4540 3602 4609 τὴν

345 4641 603 4694 damnum
635 4637 779 4692 enim
806 4645 1011 4692 canunt
1041 4638 1361 4708 scriptores,
1387 4645 1440 4693 et
1489 4653 1613 4692 cum
1663 4638 1771 4694 illis
1803 4639 1914 4693 ela-

347 4747 501 4787 mans
536 4728 811 4786 collaudat
840 4729 1006 4797 fama,
1042 4730 1232 4785 urbem
1293 4745 1356 4783 ex
1385 4731 1711 4786 continente
1743 4732 1922 4800 proje-

2022 4639 2130 4710 γὰρ
2165 4637 2492 4706 Ἐπίδαμνον
2533 4634 2716 4705 ᾄδουσι
2768 4633 2846 4702 (εὶ)
2896 4634 2990 4703 μὲν
3032 4636 3389 4704 συγγραφεῖς,
3439 4632 3602 4701 βοῶσι

2023 4731 2079 4784 δὲ
2137 4732 2230 4784 καὶ
2281 4729 2396 4798 μετ’
2433 4728 2654 4780 ἐκείνων
2703 4727 2758 4778 αἱ
2811 4726 3011 4797 φῆμαι,
3066 4727 3218 4778 πόλιν
3265 4726 3324 4791 ἐξ
3372 4727 3602 4797 ἠπείρου

1497 4905 1723 4962 ANSSll
1752 4906 2193 4962 V'ILLOISONIS
2218 4904 2448 4962 ΝΟῚῈ.

418 5021 711 5093 (t)Eodem
742 5036 908 5093 sensu
937 5020 1226 5076 Choricius
1258 5021 1312 5075 in
1346 5020 1436 5074 illa
1462 5019 1724 5074 Oratione
1756 5020 1916 5093 fune-

349 5090 454 5154 bri,
469 5090 576 5161 qua
597 5092 844 5161 eumdem
862 5090 1210 5161 Procopium,
1229 5106 1390 5144 suum
1413 5093 1755 5161 magistrum,
1778 5092 1920 5161 cele-

346 5158 503 5225 brat,—
525 5162 665 5226 apud
698 5159 907 5213 Fabric.
941 5158 1082 5214 Bibl.
1116 5158 1282 5213 (ἔναξε.
1311 5170 1350 5212 ι.
1384 5158 1526 5221 VIII;
1555 5177 1607 5228 p.
1633 5160 1736 5214 862
1761 5159 1922 5228 :_N6v

348 5235 402 5284 ίέ
428 5223 509 5295 τίς
553 5223 612 5283 οὐ
649 5231 1149 5300 κατόπινίχωρήσει
1199 5231 1306 5281 τῶν
1339 5223 1738 5300 εἰργασμένων,
1769 5223 1843 5282 ὧν
1872 5229 1923 5281 τί

349 5304 546 5370 παρεὶς
572 5300 716 5370 τίνος
744 5299 964 5370 μνησθῶ
993 5299 1006 5363 ς

421 5369 497 5440 (2)
561 5369 822 5440 Evagrius
859 5369 1248 5440 ﬂScholasticus
1275 5408 1288 5428 .

350 5441 387 5495 1.
423 5433 500 5503 in;
534 5457 582 5493 c.
606 5433 697 5501 29,
727 5455 778 5507 p.
820 5439 942 5502 557,
969 5436 1252 5492 cd.Vales.
1290 5440 1673 5494 Amsrelodami
1705 5457 1716 5490 :
1755 5433 1922 5500 Οὗτος

349 5516 378 5563 ὁ
443 5511 790 5570 Ἀναστάσιος
843 5508 1076 5578 πατρίδα
1134 5509 1231 5578 τὴν
1284 5507 1610 5578 Ἐπίδαμνον
1671 5508 1830 5578 ἔχων,
1888 5509 1920 5578 ἢ

353 5579 651 5653 Δυρράχιον
681 5578 775 5653 νῦν
809 5578 1264 5653 προσηγόρευται,
1303 5581 1422 5653 ⁸’τήν
1453 5596 1516 5653 τε
1538 5579 1797 5653 ’Ζήνωνος
1824 5579 1922 5653 βᾳ-

355 5647 560 5717 σιλείαν
626 5650 719 5700 καὶ
775 5647 1024 5717 γαμετὴν
1063 5647 1197 5700 λιι-οὖ
1256 5648 1422 5702 αὐτοῦ
1482 5650 1760 5716 Ζήνωνος,
1823 5647 1922 5717 τὴν

365 5715 668 5788 ξΑριάδνην,
699 5715 1044 5773 ἐσοικίζεται.
1098 5721 1243 5771 Idem
1281 5721 1479 5771 ibidem
1515 5715 1676 5786 paulo
1708 5715 1917 5788 supra:

362 5787 437 5840 ’11⁷
465 5789 712 5855 Ἀριάδνη
766 5788 1208 5859 Ἀναστασίῳτδν
1270 5789 1528 5856 στέφανον
1598 5787 1918 5856 ἐπιτίθησιν,

1343 5367 1657 5423 Ecclesiast.
1717 5369 1925 5422 Hister.

2025 5020 2181 5074 οὐπω
2207 5020 2304 5088 μὲν
2337 5020 2527 5088 ἥκοντι
2566 5021 2645 5083 εἰς
2676 5021 2987 5089 γερουσίαν,
3039 5022 3096 5073 ἐν
3121 5021 3176 5074 δέ
3219 5021 3287 5090 τῇ
3335 5018 3606 5090 λεγομένῃ

2025 5091 2136 5143 τῶν
2162 5090 2548 5161 Σιλεντιαρίων
2598 5092 2760 5161 σχολῇ
2793 5091 3210 5160 καταλεγομένῳ
3240 5107 3252 5120 ⁸
3287 5107 3350 5144 ex
3382 5106 3508 5161 quo,
3542 5098 3606 5142 ut

2027 5176 2092 5232 ex
2131 5161 2221 5224 iis,
2249 5175 2369 5227 qua:
2419 5160 2558 5212 infra
2587 5160 2919 5224 notabimus,
2981 5172 3205 5232 apparet
3252 5160 3604 5214 Anastasium

2029 5231 2268 5283 obscuro
2297 5239 2484 5282 natum
2527 5232 2668 5283 loco.
2707 5231 3238 5290 Silentiarii’autem,
3276 5234 3606 5283 observante

2031 5299 2238 5353 Jacoho
2281 5299 2460 5352 Goaro
2500 5316 2552 5368 p.
2596 5301 2665 5354 55
2701 5310 2754 5352 et
2785 5302 2852 5354 56
2892 5314 3140 5354 notarum
3172 5303 3222 5353 in
3269 5300 3600 5358 Cedreuum,

2035 5368 2240 5423 Graecis
2270 5377 2397 5421 sunt
2429 5371 2769 5438 ἠσυχοποιοί,
2811 5372 2864 5424 id
2899 5382 3004 5432 est,
3034 5373 3126 5440 qui
3155 5371 3219 5423 ad
3257 5371 3605 5437 imperatoris

2030 5440 2200 5492 latera
2263 5440 2542 5494 silentium
2623 5450 2677 5493 et
2753 5443 2990 5508 quietem
3076 5443 3370 5497 indicant,
3445 5441 3602 5507 juxta

2030 5509 2316 5580 Argatliiam
2369 5508 2679 5580 futatim:
2753 5511 2850 5579 τῆς
2912 5513 3054 5580 ἀμφὶ
3103 5513 3196 5562 τὸν
3247 5508 3472 5580 βασιλέα
3526 5523 3607 5557 σι·-

2029 5575 2152 5648 γῆς.
2192 5578 2254 5631 V.
2286 5587 2339 5631 et
2369 5575 2618 5632 Fabrott.
2665 5584 2718 5632 in
2754 5575 3034 5635 Glossariu
3060 5575 3312 5633 Cedreui.
3345 5579 3603 5645 Epidam-

2031 5664 2134 5701 nus
2169 5663 2321 5708 vero.
2362 5648 2508 5702 illius
2534 5651 2728 5717 patria.
2781 5661 2896 5702 erat
2928 5654 2988 5702 ἐκ
3037 5653 3136 5719 τῆς
3178 5653 3302 5711 νέας
3343 5648 3603 5707 ἸΙπεῖρου

2032 5719 2320 5786 ἐπαρχίας,
2348 5728 2406 5770 ιιι
2437 5720 2506 5768 ait
2555 5719 2848 5772 (J/trouicon
2887 5721 3168 5786 I’aschale,
3211 5726 3275 5774 de
3307 5723 3604 5772 Anastasio

2032 5787 2320 5840 Videndum
2360 5803 2410 5855 p.
2450 5788 2552 5840 ’529
2591 5798 2636 5841 ct
2679 5806 2832 5857 seqq.
