4106 6482
552 354 686 415 2ου]

1475 353 2004 414 PANEGYRICUS
2036 354 2113 413 IN
2159 353 2314 412 IMP.
2349 353 2852 414 ANASTASIUM.

3665 353 3808 414 2802

550 465 748 535 χθῆναι
764 461 864 533 τὴν
885 467 1002 534 σὴν,
1028 461 1122 515 καὶ
1144 445 1480 532 φυλαχθῆναι
1507 461 1583 530 (9)
1609 461 1745 529 πρὸς
1762 460 1931 530 μείζω
1951 460 2130 529 ψῆφον

2239 473 2346 513 tum
2375 463 2547 526 tieret,
2585 462 2730 532 quod
2772 460 2910 515 satis
2941 465 3109 528 esset,
3152 471 3206 515 ut
3248 461 3488 530 dignitas
3533 471 3623 516 tua
3673 483 3807 518 ωε·-

549 558 648 609 xc).
675 556 989 627 κοινοτέραν
1027 556 1368 624 εὐεργεσίαν,
1399 555 1490 627 καὶ
1518 556 1683 607 πᾶσιν
1724 553 1948 623 ὕστερον
1973 553 2128 623 δῆλον

557 647 829 715 γενέσθαι,
859 647 933 709 ὼς
973 647 1038 699 τὰ
1068 648 1302 717 μέγιστα
1330 626 1461 718 παρ’
1495 646 1824 716 ἀνθρώποις,
1865 645 2130 714 βασιλέως

551 739 744 808 σχῆμα
780 737 872 789 καὶ
913 737 1103 806 ἱερέως
1157 738 1404 808 γνώμην,
1454 738 1530 799 εἰς
1575 737 1770 789 ταυτὸν
1829 734 2128 799 συλλαϐὼν,

549 829 723 895 ἅμ’ςω
756 826 1040 894 σεμνύνεις
1090 829 1154 893 τῇ
1204 825 1432 894 θατέρου
1462 827 1768 895 προσθήκῃ.
1831 825 1990 876 Ἀὶλὰ
2026 827 2131 894 μη-

548 935 707 984 πωγε
759 919 931 971 ταῦτα
955 934 970 948 ο
1024 917 1139 970 ἀλλ’
1163 917 1240 970 ἔτι
1268 919 1366 987 τῆς
1395 917 1677 978 εὐσεϐεἱας
1710 916 1960 969 τοσοῦτον
1989 911 2133 984 εἶχες

547 1011 643 1063 τὸν
663 1010 848 1072 πόθον,
887 1008 1062 1071 καλῶς
1082 1009 1236 1072 εἰδὼς
1271 1009 1346 1071 ὼς
1378 1008 1547 1078 ταύτῃ
1565 1007 1670 1060 τῶν
1699 1007 1902 1060 λοιπῶν
1923 1007 2134 1077 ἀρετῶν

547 1098 1301 1168 δαῦλλογοςέπακολουθήσει
1335 1097 1552 1169 ῥᾳδίως,
1592 1097 1782 1168 ὥσπερ
1819 1097 2134 1162 αἰδούμεναι

547 1190 762 1258 ταύτης
790 1191 887 1259 τὴν
925 1188 1059 1258 πρὸς
1081 1190 1140 1242 τὸ
1168 1192 1411 1259 κρεῖττον
1446 1189 1764 1256 συγγένειαν
1783 1205 1796 1219 ’
1829 1189 1923 1242 καὶ
1953 1189 2013 1242 οὐ
2059 1190 2138 1241 δι-

557 1280 834 1350 εψεύσθης
855 1282 946 1350 τῆς
980 1282 1221 1352 γνώμης.
1246 1281 1471 1334 Εἵποντο
1491 1287 1596 1352 γάρ
1610 1283 1702 1335 καὶ
1719 1283 1954 1352 συνῆσαν
1971 1283 2104 1352 ἁλλή

550 1372 700 1435 λαις,
739 1372 927 1441 ὥσπερ
984 1374 1158 1426 mw?”
1203 1377 1513 1444 οἰκητήριον
1539 1377 1634 1441 τὴν
1680 1375 1778 1445 σὴν
1816 1377 2138 1445 εὐτυχοῦσαι

548 1465 735 1533 ψυχήν
752 1483 764 1494 ·
791 1466 883 1517 καὶ
905 1465 991 1516 διὰ
1029 1465 1243 1517 πάντων
1270 1465 1475 1528 ὲνίκας,
1504 1463 1883 1533 φιλάνθρωπος
1907 1465 1982 1519 ὢν
2014 1466 2139 1519 ἰδεῖν

552 1571 614 1605 τε
638 1554 754 1624 ἅμα
771 1556 864 1606 καὶ
881 1555 1230 1624 πειραθῆναι,
1263 1556 1578 1625 φρονήσεως
1603 1557 1843 1626 ὲμπείρᾳ
1867 1557 1886 1587 ¹
1920 1558 2008 1608 τὸν
2028 1557 2140 1626 βίον

553 1644 818 1705 εὐθύνων,
842 1645 1080 1698 τοσαῦτα
1112 1644 1464 1715 περισκοπῶν
1491 1647 1592 1698 ὅσοι
1621 1647 1850 1715 σώφρων
1867 1647 2141 1716 ὀφθαλμὸς

554 1735 864 1803 ἐπιτρέποι,
901 1737 995 1787 καὶ
1021 1737 1208 1805 φέρειν
1231 1735 1386 1798 εἰδὼς
1410 1737 1652 1806 εὐχερῶς
1672 1738 1818 1801 ὅπως
1839 1736 1903 1790 ἂν
1932 1740 1964 1810 ἠ
2000 1738 2135 1809 τύχη

554 1826 826 1894 κρίνεται.
870 1823 1171 1896 Τοιγαροῦν
1203 1827 1256 1878 ἐν
1290 1829 1400 1889 τοῖς
1427 1826 1716 1897 βασιλείοις
1739 1830 1940 1896 διάγων
1958 1831 2137 1882 εὐδαί-
2170 1803 2209 1857 Β

558 1932 725 1984 μονος
757 1914 872 1984 βίου
913 1915 1262 1985 παράδειγμα
1293 1917 1489 1969 σαυτὸν
1529 1918 1768 1983 ὲδείκνυς
1793 1922 1903 1981 τοῖς
1933 1919 2134 1983 ἄλλοις,

553 2006 824 2075 ἄρχεσθαι
882 2008 1013 2076 πρὶν
1059 2009 1246 2077 ἄρχειν
1292 2008 1473 2071 καλῶς
1519 2009 1880 2079 ἐπιστάμενος
1907 2024 1921 2038 ⁸
1976 2009 2136 2080 εἴπερ

555 2098 759 2168 ἀρίστη
817 2098 1012 2169 μελέτη
1051 2099 1150 2167 τὴν
1205 2099 1343 2168 πρὸς
1394 2100 1456 2152 τὸ
1498 2101 1725 2164 δεόντως
1777 2101 1964 2170 ἄρχειν
2020 2101 2136 2155 ὁδδν

553 2187 859 2257 λαμϐάνειν
891 2189 954 2241 ὲκ
983 2189 1080 2258 τῆς
1117 2189 1210 2241 τοῦ
1267 2189 1445 2252 καλῶς
1495 2190 1755 2259 ἄρχεσθαι
1779 2191 1991 2259 πείρας.
2024 2192 2136 2244 Πα-

559 2281 666 2349 ρῆν
709 2281 814 2351 γάρ
864 2297 942 2332 σοι
986 2281 1080 2332 καὶ
1117 2281 1434 2350 δοκιμάζειν
1482 2283 1567 2334 ἐπ’
1599 2282 1845 2345 ἐξουσίας
1897 2283 1996 2334 ὅσα
2027 2285 2137 2344 τοῖς

557 2375 856 2440 κρατοῦσιν
912 2375 1331 2442 ἐπλημμελεῖτο,
1398 2376 1489 2426 καὶ
1541 2376 1639 2428 ὅσα
1701 2379 1836 2444 προς
1879 2375 1976 2445 τὴν
2029 2377 2138 2428 τῶν

554 2464 822 2534 ὑπηκόων
858 2465 1201 2533 εὐδαιμονίαν
1223 2465 1422 2519 ἐτέλειο
1446 2467 1543 2518 καὶ
1573 2467 1673 2527 τάς
1697 2467 1874 2528 αἰτίας
1909 2467 2137 2519 άνεσκό-

558 2573 712 2617 πεις,
745 2557 838 2608 καὶ
866 2557 1122 2624 ἀσφαλῶς
1153 2557 1462 2622 ὲπαιδεύου,
1505 2558 1692 2628 ὥσπερ
1727 2560 1783 2609 ὲν
1808 2557 2011 2628 ἑτέρων
2040 2557 2134 2611 τύ-

554 2662 686 2714 χαις
709 2645 806 2717 τὴν
831 2645 923 2699 τοῦ
956 2646 1244 2717 μέλλοντος
1278 2649 1509 2720 μελέτην
1539 2652 1881 2721 ποιούμενος.

635 2825 711 2881 Ε’.
739 2828 875 2898 Ἤδη
902 2828 960 2883 δέ
983 2847 1070 2882 τοι
1093 2831 1275 2901 παρῆν
1306 2832 1333 2884 ὁ
1354 2831 1563 2902 χρόνος,
1594 2831 1782 2902 ὥσπερ
1809 2849 1860 2884 τι
1893 2833 2054 2902 χρέος
2078 2833 2139 2886 τὸ

563 2919 844 2988 προσῆκον
907 2921 1228 2987 ἀποδιδοὺς,
1299 2925 1396 2976 καὶ·
1461 2925 1596 2996 πρὸς
1645 2925 1819 2996 ἀρχὴν
1871 2925 2139 2995 τοσαύτην

557 3010 908 3079 ἀνέλαμπες·
973 3013 1070 3066 καὶ
1146 3015 1504 3082 μετεϐάλλετο
1565 3018 1676 3079 τοῖς
1735 3017 1999 3087 ὑπηκόοις
2070 3016 2137 3069 τὰ

2236 555 2566 623 spiceretur,
2597 564 2646 607 te
2676 561 2893 608 servato
2920 553 2985 606 ad
3016 553 3192 624 majus
3225 553 3542 625 suffragium
3568 565 3621 610 et
3646 555 3812 610 bene~

2236 648 2377 700 facta
2419 662 2539 716 quae
2571 646 2733 700 latius
2771 653 3050 714 paterent;
3084 655 3243 715 atque
3277 657 3332 700 ut
3366 649 3621 702 omnibus
3648 659 3801 717 post-

2233 755 2294 793 ea
2345 748 2643 799 constaret,
2708 739 2985 807 quomodo
3038 740 3347 808 conjunctis
3405 756 3530 810 quae
3589 757 3802 797 summa

2238 829 2380 881 inter
2409 828 2659 882 homines
2689 835 2838 893 sunt,
2874 829 3016 898 regis
3043 829 3305 899 dignitate
3337 840 3391 883 et
3416 839 3595 885 mente
3626 848 3809 886 sacer-

2207 919 2399 979 dozis,
2438 928 2730 987 utrumque
2764 917 2994 972 alterius
3032 917 3338 986 adjectione
3367 919 3529 974 altius
3563 920 3806 976 tolleres.

2242 1005 2437 1061 Verum
2473 1008 2635 1078 hujus
2665 1007 2739 1062 rei
2773 1017 2990 1078 tempus
3019 1010 3265 1063 nondum
3295 1019 3538 1077 venerat,
3579 1011 3674 1067 sed
3704 1015 3803 1065 ad-

2239 1098 2347 1152 huc
2403 1097 2625 1167 pietatis
2674 1098 2875 1168 insigni
2951 1099 3230 1154 tenebar-is
3284 1101 3576 1166 desiderio,
3646 1104 3808 1171 probe

2239 1201 2442 1258 gnarus
2505 1184 2620 1240 fore
2673 1197 2728 1241 ut
2778 1188 2920 1242 hanc
2975 1187 3134 1243 facile
3193 1204 3384 1245 omnes
3432 1190 3666 1247 virtutes
3724 1209 3808 1246 se-

2241 1287 2505 1347 quantur,
2537 1279 2691 1346 quasi
2735 1288 3058 1336 venerantes
3105 1281 3225 1348 ejus
3269 1296 3393 1336 cum
3444 1283 3670 1338 numine
3716 1300 3807 1336 co-

2241 1369 2554 1441 gnationem
2581 1389 2593 1423 :
2619 1385 2795 1440 neque
2820 1379 2873 1426 te
2901 1386 2963 1425 ea
2989 1372 3174 1440 opinio
3193 1371 3402 1428 fefellit.
3428 1372 3810 1442 Sequebantur

2242 1456 2385 1532 enim
2440 1456 2604 1511 simul
2662 1472 2875 1521 omnes,
2926 1460 3081 1527 quasi
3135 1475 3425 1516 commune
3475 1462 3808 1517 domicilium

2244 1547 2483 1600 animum
2513 1557 2665 1602 tuum
2699 1557 2892 1604 nactre.
2945 1549 3008 1604 Et
3043 1555 3096 1604 in
3133 1553 3387 1608 erunibus
3435 1557 3804 1624 praei-ellebas,

2244 1639 2516 1695 humanus
2551 1650 2770 1709 aspectu
2823 1641 2987 1696 simul
3043 1653 3096 1698 et
3148 1646 3566 1712 consuetudine,
3607 1649 3810 1702 intelli-

2253 1731 2430 1799 gentia
2465 1739 2521 1786 et
2552 1732 2883 1800 experientia
2919 1737 3080 1788 vitam
3117 1735 3356 1807 dirigens
3384 1778 3399 1804 ,
3433 1749 3660 1795 eatenus
3704 1741 3812 1794 cir-

2241 1819 2606 1888 cumspiciens
2632 1836 2736 1889 qua
2769 1820 3032 1876 modestia
3065 1824 3283 1877 oculum
3313 1826 3670 1882 circumferre
3706 1845 3800 1898 pa-

2239 1911 2393 1970 titur,
2427 1921 2477 1962 et
2501 1910 2655 1965 facile
2687 1911 2923 1965 tolerare
2972 1912 3151 1964 sciens
3200 1929 3538 1984 qurecunque
3596 1915 3811 1970 fortuna

2240 2001 2416 2056 allert.
2453 2001 2639 2070 Itaque
2681 2004 2733 2056 in
2763 2003 2909 2073 regia
2941 2019 3063 2057 cum
3120 2007 3445 2072 rersareris,
3487 2008 3610 2060 vitm
3638 2007 3813 2060 felicis

2239 2095 2518 2162 exemplar
2547 2103 2597 2147 te
2626 2096 2801 2162 ipsum
2843 2097 3057 2150 caneris
3085 2097 3393 2166 prmbcbas,
3442 2114 3634 2167 parere
3690 2108 3814 2152 ante

2241 2185 2622 2253 imperandum
2657 2186 2792 2240 bene
2819 2189 3080 2252 edoctus;
3123 2188 3392 2260 siquidem
3428 2191 3630 2258 optima
3665 2207 3803 2259 pra-—

2241 2278 2454 2346 paratio
2481 2277 2548 2330 ad
2589 2285 2732 2332 recte
2765 2280 3145 2348 imperandum
3182 2282 3530 2337 consuetudo
3558 2295 3639 2337 est
3679 2283 3813 2336 bene

2241 2371 2488 2438 parendi.
2526 2369 2735 2424 Etenim
2767 2372 2975 2425 licebat
3000 2373 3098 2426 tibi
3129 2389 3463 2443 cognoscere
3496 2393 3614 2444 qlia:
3643 2377 3816 2444 impe-

2239 2471 2423 2517 rantes
2452 2479 2732 2532 perperam
2766 2465 3236 2533 administrarent,
3265 2476 3318 2522 et
3350 2486 3476 2538 quae
3510 2469 3572 2522 ad
3607 2469 3808 2524 civium

2239 2552 2556 2608 felicitatem
2595 2555 2872 2622 facerent;
2904 2565 2957 2609 et.
2988 2558 3039 2608 in
3072 2573 3259 2611 earum
3287 2574 3470 2612 rerum
3505 2574 3704 2614 causas
3730 2559 3815 2612 in-

2239 2646 2522 2714 qnirebas,
2559 2654 2612 2700 et
2640 2649 2856 2717 egregie
2886 2649 3253 2712 erudicharis,
3287 2653 3443 2720 quasi
3492 2653 3541 2704 in
3579 2653 3811 2707 aliorum

2240 2735 2458 2789 ensibus
2492 2733 2662 2788 futuri
2692 2737 3138 2791 exercitationem
3175 2739 3492 2796 instituens.
3619 2731 3624 2739 ’

2310 2827 2373 2882 V.
2417 2826 2533 2880 Jam
2567 2843 2696 2881 vero
2727 2836 2940 2897 tempus
2971 2829 3181 2894 aderat,
3221 2835 3379 2901 quasi
3410 2834 3655 2888 debitum
3707 2851 3814 2888 ex-

2239 2920 2477 2982 solvens,
2509 2927 2562 2972 et
2595 2918 2660 2971 ad
2719 2927 2928 2971 tantum
2984 2918 3268 2988 imperium
3303 2923 3590 2990 elucebas;
3627 2935 3677 2977 et.
3736 2926 3815 2976 ei-

2239 3013 2387 3064 vinm
2440 3020 2615 3064 status
2649 3011 2986 3065 mutabatur.
3015 3009 3130 3064 Non
3166 3012 3401 3066 alienum
3453 3026 3631 3069 autem
3671 3015 3818 3068 vide-

557 3102 884 3171 πράγματα.
942 3104 1198 3173 ’Ἄμεινον
1240 3105 1295 3158 δὲ
1363 3109 1470 3160 τῶν
1523 3107 1903 3178 προλαϐόντων
1965 3109 2136 3179 μικρὰ

2245 3110 2351 3166 tur,
2414 3118 2498 3154 nte
2552 3102 2828 3171 paululum
2891 3103 2942 3156 in
3008 3104 3165 3157 vobis
3215 3105 3415 3172 prioris
3483 3106 3815 3159 conditiOnis

557 3191 710 3259 ὑμᾶς
764 3193 1102 3262 ἀναμνῆσαι,
1163 3197 1255 3258 καὶ
1315 3197 1508 3262 δεῖξαι,
1570 3198 1690 3261 πῶς
1750 3216 1882 3252 ποτε
1931 3200 2138 3253 τούτων

555 3282 791 3349 ἑχόντων
822 3284 898 3346 εἰς
924 3284 1054 3354 ὅσην
1083 3288 1216 3356 ἡμῖν
1245 3289 1470 3356 ἀφῖκται
1493 3288 1818 3359 μεταϐολήν.
1849 3290 1962 3342 Οὐκ
1986 3291 2138 3344 ἐάσει

555 3374 618 3424 δὲ
655 3373 869 3438 πάντως
911 3375 979 3429 τὰ
1027 3379 1165 3445 μετὰ
1212 3379 1382 3433 ταῦτα
1425 3383 1636 3451 χρηστὰ
1680 3382 1790 3434 τῶν
1839 3384 2140 3454 προλαϐόν-

553 3484 670 3520 ⁶των
705 3467 944 3537 λυπῆσαι
982 3469 1080 3540 τὴν
1133 3473 1373 3542 μνήμην.
1413 3469 1533 3541 *Ην
1561 3474 1668 3542 γὰρ
1715 3475 1803 3526 ὅτε
1848 3478 1981 3540 τοῖς,
2025 3477 2139 3529 ὅσοι

555 3559 662 3625 τὴν
706 3558 813 3611 τῶν
859 3559 1146 3628 Ῥωμαῖων
1185 3562 1480 3631 πληροῦσιν
1523 3566 1717 3635 ἀρχὴν,
1757 3567 1856 3620 οὐκ
1896 3569 2140 3637 εὐτυχῶς

556 3646 675 3716 εἶχε
704 3650 774 3701 τὰ
806 3651 1138 3720 πράγματα·
1179 3653 1316 3707 ἀλλά
1355 3672 1437 3717 τις
1473 3655 1705 3719 ἄτακτος
1755 3658 1894 3727 ἔρως
1950 3660 2141 3712 πλεον-

557 3739 714 3804 εξίας
738 3740 979 3809 ἤκμαζε,
1026 3744 1119 3795 καὶ
1147 3743 1371 3813 γνώμης
1399 3747 1628 3799 ἀπιστία
1649 3765 1662 3778 ·
1691 3750 1783 3800 καὶ
1808 3750 2140 3818 συκοφάνται

556 3830 780 3880 πάντων
809 3831 1075 3900 ἐκράτουν
1118 3833 1252 3903 (10).
1295 3835 1352 3888 Ὀ
1393 3836 1448 3888 δὲ
1485 3837 1579 3888 νῦν
1610 3839 1904 3908 εὐδαίμων,
1941 3843 2139 3911 μικρὸν

557 3916 809 3987 ὓστερον,
840 3921 938 3981 τὰς
981 3923 1226 3990 χρηστὰς
1265 3924 1480 3989 ἐλπίδας
1535 3927 1846 3993 ἀποϐαλὼν,
1890 3931 1970 3993 εἰς
2011 3932 2139 3983 ἀτυ-

557 4006 800 4076 χούντων
835 4012 1196 4077 μετεϐάλλετο
1221 4015 1425 4084 σχῆμα.
1472 4015 1562 4070 Ἐν
1595 4017 1693 4088 ἴσῳ
1721 4020 1776 4072 δὲ
1818 4017 1884 4090 ἦν
1914 4021 2058 4089 ἔχειν
2087 4040 2138 4074 τι

556 4101 656 4152 καὶ
685 4100 1031 4170 ἀπορεῖσθαι,
1071 4103 1159 4156 διὰ
1205 4107 1300 4175 τὴν
1331 4108 1438 4159 τῶν
1469 4108 1670 4175 ὁμοίων
1712 4111 1921 4165 ἐλπίδα.
1977 4111 2138 4167 Ξένον

555 4186 614 4238 δέ
642 4205 693 4240 τι
721 4193 954 4260 πρᾶγμα
987 4194 1080 4245 καὶ
1107 4194 1257 4263 παρὰ
1286 4195 1446 4262 φύσιν
1473 4198 1716 4266 ὑπῆρχεν
1735 4216 1748 4230 ο
1777 4202 1803 4252 ὁ
1836 4200 1943 4270 γάρ
1977 4202 2132 4254 πλοῦν

553 4296 655 4342 τος
714 4283 839 4344 τοὺς
892 4286 1265 4352 κεκτημένους
1341 4287 1550 4342 ἐλύπει.
1607 4289 1763 4342 Οὕτω
1823 4291 1879 4342 δὲ
1933 4293 2138 4345 τούτων

553 4371 812 4438 ἑχόντων,
857 4377 948 4427 καὶ
979 4375 1196 4430 πάντων
1234 4380 1617 4448 ἀπειρηκότων
1655 4386 1774 4446 ταῖς
1806 4388 2134 4456 συμφοραῖς,

553 4461 752 4533 ὥσπερ
780 4463 913 4528 Θεὸς
963 4467 1029 4519 ἐκ
1069 4470 1317 4539 μηχανῆς
1350 4473 1647 4540 ἀναφανεὶς
1676 4477 1833 4545 χεῖρα
1884 4476 2136 4546 προύτει-
2168 4485 2210 4540 ῃ
2243 4471 2504 4528 tendebas
2543 4490 2554 4524 :

2246 3197 2562 3248 memoriam
2595 3208 2872 3254 revocare,
2909 3201 2964 3247 et
3019 3193 3310 3249 ostendere
3361 3204 3564 3265 quanta
3632 3212 3814 3250 rerum

2248 3285 2478 3338 mutatio
2519 3283 2664 3337 facta
2696 3284 2787 3338 sit.
2821 3284 2934 3338 Nec
2964 3299 3092 3339 vero
3117 3301 3240 3354 qua:
3269 3297 3456 3339 secuta
3496 3295 3626 3342 sunt
3675 3288 3815 3341 bona

2243 3376 2424 3430 sinent
2460 3391 2562 3431 nos
2587 3375 2913 3430 contristari
2943 3383 3326 3431 auteactorum
3366 3379 3650 3431 memoria.
3688 3377 3817 3430 Erat

2241 3469 2386 3523 enim
2415 3475 2651 3536 tempus,
2677 3483 2800 3520 cum
2831 3483 2938 3521 non
2973 3467 3111 3522 bene
3138 3483 3197 3522 se
3219 3483 3305 3521 res
3339 3467 3598 3521 haberent
3622 3484 3812 3522 eorum

2240 3559 2335 3627 qui
2364 3559 2594 3625 imperio
2627 3557 2874 3612 Romano
2913 3559 3294 3622 continentur,
3329 3557 3424 3611 sed
3479 3557 3815 3611 immodera-

2242 3658 2328 3702 tus
2354 3648 2576 3718 qnidam
2609 3647 2746 3701 lucri
2779 3663 2933 3699 amor
2966 3647 3184 3715 vigebat
3229 3659 3283 3701 et
3334 3647 3500 3700 animi
3553 3648 3813 3716 perﬁdia;

2240 3748 2292 3793 et
2327 3739 2757 3792 calumniatores
2789 3739 2971 3790 omnia
3003 3739 3286 3791 tenebant.
3334 3737 3436 3801 Qui
3469 3737 3629 3790 modo
3663 3738 3812 3799 lelix,

2241 3819 2300 3888 is'
2325 3832 2485 3902 paulo
2517 3839 2661 3900 post,
2701 3831 2844 3883 bona
2886 3845 2982 3899 spe
3015 3830 3251 3898 abjecta,
3292 3830 3623 3888 miserorum
3654 3829 3813 3884 habi-

2240 3936 2355 3979 tum
2384 3923 2668 3977 induebat.
2699 3922 2959 3990 Nihilque
2993 3923 3274 3987 intererat,
3307 3937 3422 3976 rem
3460 3922 3714 3983 haberes,
3743 3938 3815 3973 au

2239 4030 2452 4086 egeres,
2486 4029 2610 4067 cum
2666 4013 2808 4066 idem
2857 4011 2955 4066 tibi
2987 4013 3416 4082 exspectandum
3451 4023 3615 4067 esset.
3653 4012 3808 4069 Mon-

2239 4109 2335 4162 stri
2367 4107 2561 4163 similis
2577 4113 2832 4159 etcontra
2861 4114 3110 4157 naturam
3136 4103 3378 4158 conditio
3423 4115 3538 4159 erat
3577 4104 3816 4170 ;diriti-.e

2239 4200 2381 4253 enim
2417 4198 2760 4268 possidentes
2807 4196 3096 4267 angebant.
3136 4193 3295 4250 Hisce
3335 4196 3408 4248 ita
3466 4211 3524 4248 se
3566 4195 3812 4248 habenti.

2241 4292 2366 4355 bus,
2390 4289 2757 4357 omnibusque
2782 4303 2875 4356 per
2899 4286 3176 4340 miseriam
3198 4286 3640 4355 desperantibus,
3669 4287 3813 4338 sicut

2241 4383 2387 4436 Deus
2417 4398 2484 4435 ex
2535 4380 2785 4434 machina
2841 4393 3114 4446 apparens
3173 4392 3396 4430 manum
3441 4377 3811 4430 liberatricem

2593 4479 2645 4525 et
2669 4471 2756 4523 illa
2786 4470 3034 4538 protinus
3070 4468 3221 4522 finita
3253 4477 3400 4531 sunt,
3435 4475 3487 4521 et
3529 4466 3815 4521 difﬁculta-

1835 4635 2066 4692 \"ARUE
2102 4634 2392 4691 LECTION
2405 4634 2503 4688 ES.

635 4721 656 4750 ³
688 4719 814 4793 Leg.
843 4722 1104 4796 ἐμπειρίᾳ
1137 4724 1217 4779 vel
1244 4726 1302 4779 ἐν
1332 4726 1518 4797 πείρᾳ.
1561 4727 1622 4782 Ν.

1714 4817 1934 4872 ANSSII
1975 4816 2406 4873 VlLLOlSONlS
2447 4813 2675 4876 NOTAE.

550 4907 1092 4981 {repertunehquo
1139 4907 1255 4981 vide
1322 4909 1630 4966 Cedrenum
1686 4929 1737 4981 p.
1767 4913 1890 4975 557,
1924 4920 1977 4965 et
2043 4912 2123 4966 Cl.

552 4977 847 5047 'f'illaniont
888 4976 1125 5032 Histoire
1161 4979 1252 5032 des
1300 4996 1617 5046 empereurs,
1650 4976 1804 5041 ιζιί,
1829 4991 1930 5034 azt.
1971 4998 2045 5042 tv,
2073 4999 2124 5047 p.

553 5047 684 5121 53:}.
731 5046 926 5121 Multas
955 5049 1737 5121 ecclesias__Constantinopoli
1774 5046 2129 5113 restauravit,

553 5115 1006 5189 [cfercaiitg_Tlieo
1029 5120 1165 5189 |_oro,
1205 5117 1412 5172 llistor.
1445 5115 1739 5175 ecclesiast.
1767 5123 1802 5175 1.
1839 5121 1893 5184 2,
1925 5121 2124 5189 p._56|.

553 5184 770 5260 De_hoc
803 5183 1000 5260 _Victor
1029 5186 1422 5260 Tunnnnonsis
1462 5191 1513 5243 in
1549 5192 1831 5254 Chronico,
1959 5185 2062 5244 396
2108 5209 2122 5245 :

559 5274 577 5304 ι
619 5253 848 5330 Messala
909 5259 1156 5330 consule,
1187 5259 1687 5330 Constantinopoli,
1720 5253 1948 5327 iubente
1981 5261 2126 5314 Ana-

554 5327 750 5396 stasio,
789 5334 976 5376 sancta
1017 5326 1326 5396 Eraugelia,
1349 5326 1606 5395 tanquam
1641 5333 1710 5384 ab
1745 5332 1928 5385 idiotis
1964 5347 2128 5385 evan-

552 5395 771 5461 gelistis
809 5395 1186 5465 _conzposita[
1217 5399 1690 5465 reprehenduntur
1740 5411 1792 5453 et
1837 5402 2132 5455 emendau-

554 5475 692 5540 ιρι-ς
734 5483 751 5513 ι
790 5463 856 5515 de
885 5482 993 5540 quur
1041 5463 1299 5540 adeunda
1328 5471 1542 5536 egregia
1591 5470 1734 5524 Petri
1772 5469 2123 5540 Wesselingii

551 5533 912 5609 Dissertatio.
941 5535 1030 5609 Sic
1054 5539 1243 5609 eodem
1280 5533 1392 5591 fere
1421 5533 1681 5609 tempore.
1738 5549 1872 5594 teste
1899 5533 2128 5609 Evagrio

550 5606 759 5656 Hister.
793 5603 1098 5677 lt'crlesinsl.
1126 5607 1157 5657 Ι.
1201 5622 1284 5669 ιιι,
1322 5623 1372 5660 c.
1427 5603 1594 5677 5|,p.
1644 5611 1767 5669 561,
1803 5611 1955 5664 mnlti
2001 5603 2130 5663 s'an-

547 5687 764 5749 ctnruin
800 5673 1017 5749 Patrum
1053 5677 1171 5749 libri
1219 5679 1460 5744 corrupti
1496 5673 1623 5733 sunt.
1661 5697 1672 5743 ;
1721 5681 1874 5733 tunlti
1917 5696 2132 5749 quoque

552 5744 888 5812 Apollinaris
949 5746 1068 5798 lilri
1128 5757 1321 5800 sam-to
1393 5750 1691 5804 Athanasio
1759 5759 1808 5803 ct
1875 5744 2132 5817 Gregorio

2236 4909 2646 4973 Thamnatnrgo
2679 4906 2814 4960 falso
2833 4906 3055 4976 ascripti
3097 4915 3224 4958 sunt
3259 4903 3326 4976 ab
3359 4903 3675 4968 lineretieis,
3713 4908 3816 4965 hac

2237 4981 2426 5033 fraude
2465 4978 2867 5031 multitudinem
2905 4975 3067 5029 insui
3104 4975 3308 5028 erroris
3367 4977 3680 5029 societatem
3721 4979 3806 5030 iu-

2235 5049 2585 5103 ducentibus.
2621 5047 2944 5101 Anastasius
2987 5054 3192 5106 autem,
3241 5043 3401 5113 cujus
3437 5047 3685 5112 pietatem
3721 5048 3809 5103 hic

2237 5127 2520 5186 tantopere
2547 5117 2803 5186 praedicat
2835 5116 3154 5184 Procopius,
3193 5131 3300 5166 non
3358 5116 3491 5170 solis
3521 5114 3811 5184 Eutychia-

2238 5185 2427 5250 nismi,
2456 5187 2546 5241 sed
2568 5197 2622 5240 et
2643 5185 3032 5240 Manicbaaismi
3069 5187 3352 5239 erroribus
3381 5187 3619 5238 imbutus
3652 5199 3765 5238 erat
3795 5205 3808 5249 ;

2235 5262 2302 5312 de
2361 5273 2467 5326 quo
2505 5258 2628 5310 vide.
2659 5257 2740 5310 (ll.
2782 5258 2829 5309 le
2876 5257 3055 5319 Benu,
3103 5254 3337 5326 Histoire
3366 5257 3460 5326 _du
3510 5255 3806 5320 Iias-Emp.

2233 5338 2272 5380 ῑ.
2309 5324 2442 5387 Vlll,
2485 5344 2541 5395 p.
2566 5326 2669 5380 450
2701 5342 2810 5395 sq.;
2839 5327 3222 5396 Theophanem
3269 5325 3320 5376 in
3350 5324 3803 5393 Chronographia,

2274 5438 2285 5450 .
2323 5399 2442 5450 1'28.
2481 5406 2587 5450 etc.

2274 5438 2285 5450 .
2356 5415 2442 5450 τις.
2481 5415 2587 5450 etc.

2233 5415 2266 5468 Ρ
2308 5415 2384 5536 ὦ)
2419 5467 2542 5520 [hec
2575 5468 2974 5531 demonstrant,
3013 5464 3466 5536 Anastasiuurad
3503 5463 3808 5519 Antiochia:

2235 5539 2609 5607 episcopatum
2639 5540 2974 5605 propositum
3020 5536 3259 5604 quidem,
3297 5535 3390 5588 sed
3436 5551 3544 5588 non
3577 5537 3808 5591 electum

2235 5608 2427 5662 fuisse.

2308 5679 2420 5746 (10)
2455 5677 2562 5730 llos
2593 5691 2781 5730 omnes
2812 5675 2882 5726 ab
2902 5675 3046 5746 urbe
3077 5673 3251 5745 abegit
3288 5675 3630 5742 Anastasius,
3668 5676 3810 5729 reie-

2237 5745 2692 5810 rcntetledreno,
2725 5763 2774 5814 p.
2808 5745 2930 5800 557.
