1909 3078
88 182 159 214 3-"89

549 183 698 214 LAUDES
718 184 759 214 ΙΝ
779 184 832 214 SS.
850 184 981 214 CYRUM
998 184 1251 214 ETJOANNEM.

1651 186 1722 218 3390

117 242 156 272 η’.
176 237 263 272 Χρέος
278 236 305 263 δέ
324 237 398 262 ἐστιν
413 237 442 263 τὸ
459 237 596 272 ἐγκώμιον
608 246 614 252 “
634 239 680 264 καὶ
696 239 792 265 τούτου
808 240 876 273 πρὸς

963 239 989 266 8.
1011 239 1135 266 Debituin
1152 247 1217 266 vero
1236 243 1279 267 est
1291 240 1361 272 laus,
1379 244 1408 267 et
1423 241 1454 268 ad
1475 241 1558 276 hujus
1570 242 1722 269 exsolutio—

84 282 198 314 ἔκτισιν,
212 283 306 317 ἕτερον
326 283 405 309 πάλιν
423 283 574 318 ποιούμεθα
596 283 740 319 δάνεισμα,
755 284 804 319 τὴν
829 285 877 310 αὺ-

84 328 136 355 τῶν
150 327 264 362 ἀρωγὴν
275 327 471 362 ἐπισπώμενοι,
490 328 533 354 ἵνα
547 328 625 354 αὐτοὶ
639 325 705 354 ὦσιν
720 329 744 354 οἱ
760 328 878 360 διδόντες

82 382 112 400 τε
125 373 174 399 καὶ
189 374 212 399 οἱ
228 372 424 407 λαμϐάνοντες,
435 374 481 399 καὶ
497 374 559 404 τοὺς
571 373 698 407 λέγοντας
713 375 786 408 ἡμᾶς
797 374 878 407 ἁγιά-

83 420 176 452 ζοντες
187 426 193 432 ·
209 418 289 453 χρέος
299 417 345 445 οὖν
356 418 440 450 ὅντως
456 419 530 445 ἐστὶν
544 419 573 445 τὸ
586 418 722 454 ἐγκώμιον
739 420 786 446 καὶ
797 420 877 454 χρέος

83 464 235 498 παράδοξον
247 484 253 494 ,
270 464 350 499 χρέος
366 465 539 499 ἐκτινόμενον
552 465 598 491 καὶ
613 465 657 491 τὸν
675 465 814 500 χρεώστην
829 465 880 492 οὐκ

83 510 246 544 ἐλευθεροῦν
273 510 320 535 cur;
344 510 511 544 ὀφλήματος,
528 509 608 546 χρέος
635 511 879 546 ἀποπληρουμενον

83 557 128 581 καὶ
158 556 241 582 πάλιν
268 556 311 583 ἀεὶ
329 556 566 591 χρεωστούμενον,
591 557 671 592 χρέος
686 557 879 591 ἀποδιδόμενον

83 601 130 627 καὶ
145 601 306 636 προσθήκην
317 601 457 636 λαμὸάνον
471 601 624 636 αὐξήσεως,
642 602 721 636 χρέος
736 603 778 628 ἀεὶ
792 611 878 637 προσ-

84 647 234 681 φερόμενον
249 648 297 673 καὶ
311 647 360 681 τὴν
373 647 490 682 ὕπαρξιν
499 648 530 674 οὐ
544 647 638 682 μειοῦν
651 649 698 675 τοῦ
713 649 879 684 προσφέρον-

84 701 141 724 τος,
160 693 241 727 χρέος
259 694 302 720 ἀεὶ
326 694 514 728 παρεχόμενον
537 694 584 720 καὶ
608 694 743 730 πληθῧνον
763 695 818 722 τῶν
834 696 879 722 εὐ-

82 741 232 775 γνωμόνως
247 741 373 768 διδόντων
397 742 431 768 τὰ
456 742 607 777 πράγματα
618 763 624 772 .
641 744 721 778 χρέος
738 743 781 770 ἀεὶ
797 753 880 779 προσ-

83 786 235 821 νεμὸμενον
256 789 302 814 καὶ
320 787 488 822 εὐλογεῖσθαι
503 789 596 815 ποιοῦν
610 789 656 815 τὸν
680 790 878 825 προσνέμοντα.

84 832 121 858 Οὐ
142 832 258 858 παλαιὸν
275 833 304 859 δὲ
325 833 356 859 τὸ
373 834 451 868 χρέος
462 834 630 869 καθέστηκεν
643 855 649 865 ,
666 835 704 866 ὡς
729 836 776 862 καὶ
800 835 880 862 τόκον

82 877 248 912 ἐγγεννῆσαι
263 880 320 908 τοῖς
336 879 478 913 μάρτυσιν,
498 879 522 906 οἳ
547 881 594 906 καὶ
617 881 697 906 τόκον
719 881 813 907 λαὸεῖν
830 882 879 907 ἁπ-

82 924 248 956 αναίνονται,
275 924 354 951 θείων
379 925 495 951 ἐντολῶν
516 926 657 960 γενόμενοι
685 926 816 960 φύλακες,
831 928 878 953 καὶ
896 917 916 944 Β

82 970 182 1001 ταύτας
201 970 348 1004 παρελθεῖν
363 971 410 997 καὶ
425 971 492 1005 μετὰ
506 971 556 1006 τὴν
573 971 665 998 ἐνθάδε
682 972 754 1007 ζωὴν
767 972 797 998 οὺ
814 972 877 1006 βου-

82 1015 191 1049 λὸμενοι
204 1024 211 1031 ·
230 1016 287 1042 ἀλλ’
303 1017 327 1042 εἰ
342 1016 389 1043 καὶ
412 1017 508 1048 τόκους
529 1018 592 1048 τοὺς
607 1018 773 1048 ὑπευθύνους
790 1020 820 1044 οὐ
835 1019 880 1044 οέ-

82 1061 185 1093 λουσιν,
202 1061 247 1088 τὸν
263 1062 367 1088 ἑαυτῶν
384 1062 497 1097 βασιλέα
515 1062 688 1098 μιμούμενοι,
703 1064 823 1095 καὶτοὺς
834 1065 878 1090 εὖ-

82 1106 228 1141 γνώμονας
244 1108 438 1142 ἀποδέχονται,
455 1109 503 1134 καὶ
524 1109 676 1143 μέμφονται
701 1109 764 1140 τοὺς
790 1109 878 1143 ἀγνώ-

83 1160 184 1186 μονας·
201 1151 273 1179 οὕτω
296 1153 349 1188 γὰρ
369 1145 420 1180 ¹καὶ
438 1154 521 1185 αὐτὸς
541 1156 598 1185 τοῖς
613 1154 679 1180 δέκα
705 1154 815 1190 λεπροῖς
830 1154 878 1189 τὴν

81 1196 216 1232 κάθαρσιν
229 1197 433 1233 δωρησάμενος,
451 1198 498 1225 τὸν
524 1199 732 1234 ὑποστρέψαντα
755 1200 803 1225 καὶ
827 1199 878 1234 τὴν

81 1243 161 1277 χάριν
186 1244 348 1278 ὑμνήσαντα
365 1244 512 1278 ἀλλόφυλον
535 1245 599 1272 ὄντα
624 1244 805 1280 προσεδέξατο
830 1246 878 1272 καὶ

81 1288 226 1323 ἐπῄνεσεν,
244 1289 289 1315 καὶ
305 1290 421 1324 πρέπειν
436 1291 486 1324 τὴν
499 1290 604 1316 εὔνοιαν
615 1291 672 1321 τοῖς
685 1290 715 1316 εὖ
727 1291 877 1325 πάσχουσιν

81 1333 291 1369 ἐμαρτύρησεν·
302 1336 363 1367 τοὺς
384 1336 412 1362 δὲ
434 1335 542 1368 λοιποὺς
556 1336 594 1367 ὼς
623 1336 779 1370 ἀγνώμονας
797 1337 804 1369 (
814 1337 877 1362 Ἰου-

82 1379 153 1406 δαῖοι
164 1380 220 1415 γὰρ
233 1378 314 1415 ἦσαν)
332 1381 489 1415 ἐμέμψατο·
502 1382 564 1416 ἄρτι
577 1382 630 1416 γὰρ
643 1383 706 1413 τοὺς
719 1381 876 1417 ὀφθαλμοὺς

83 1426 294 1461 ἀσθενήσαντες,
308 1426 356 1458 οὓς
370 1428 384 1454 ό
397 1427 492 1462 Σωτὴρ
507 1427 602 1462 λύχνον
619 1429 665 1453 τοῦ
683 1428 781 1459 παντὸς
795 1436 877 1462 προσ-

81 1471 219 1506 ηγόρευσε
233 1471 358 1507 σώματος
369 1480 376 1487 ο
394 1473 482 1506 φωτὸς
496 1473 550 1507 γὰρ
564 1473 647 1505 ὅντως
662 1473 675 1499 ό
690 1473 793 1499 τούτων
815 1481 875 1499 στε-

85 1517 217 1552 ρούμενος
237 1518 368 1553 ὑπομένει
387 1518 437 1553 τὴν
458 1519 596 1554 στέρησιν.

121 1563 152 1590 θ’.
174 1564 230 1590 Καὶ
241 1564 378 1598 τύφλωσιν
391 1564 468 1598 ἄγειν
479 1565 622 1596 ἀκούοντες
631 1564 699 1599 πρὸς
708 1564 762 1590 τῶν
776 1564 875 1600 ἰατρῶν

84 1609 133 1644 τὴν
147 1610 302 1639 ἀσθένειαν,
320 1606 357 1636 ὧν
379 1611 403 1636 ol.
430 1611 479 1646 μὲν
499 1610 530 1636 τὸ
552 1610 638 1642 πάθος
654 1610 790 1645 ἐπίχυσιν,
805 1611 830 1636 οἱ
847 1610 875 1636 δὲ

85 1653 273 1688 πλατυκορίαν
286 1654 438 1688 ὠνόμαζον,
460 1655 590 1690 ἐκατέρου
604 1655 632 1681 δὲ
649 1655 724 1686 τέλος
738 1656 755 1690 ἡ
771 1655 877 1689 τύφλω-

86 1706 138 1729 σις,
153 1699 200 1724 καὶ
215 1698 270 1724 τῶν
285 1698 415 1732 ὀμμάτων
431 1700 447 1734 ὴ
464 1700 591 1735 στέρησις
601 1721 608 1733 ,
627 1701 672 1726 ἐπὶ
696 1701 760 1730 τοὺς
782 1700 876 1734 ἁγίους

86 1742 196 1774 τούτους
213 1743 302 1777 Κῦρον
312 1744 365 1770 ικαὶ
383 1745 508 1780 Ἰωάννην
533 1746 596 1777 τοὺς
618 1746 766 1780 εὐεργέτας
782 1747 878 1782 ὡρμή-

87 1797 184 1823 σαμεν,
205 1789 294 1821 πάσας
318 1790 396 1824 ήμῶν
419 1791 468 1822 τὰς
488 1793 553 1827 περὶ
569 1791 616 1818 τοῦ
634 1792 743 1827 βλέπειν
766 1792 877 1824 ἐλπίδας

85 1835 134 1869 τῆς
160 1835 255 1862 θεόθεν
278 1836 371 1868 αὐτοῖς
389 1837 513 1872 δοθείσης
536 1839 647 1874 χάριτος
667 1838 875 1873 ἐξαρτήσαντες,

86 1883 131 1907 καὶ
146 1882 195 1916 τὴν
215 1882 386 1917 ἀνθρωπίνην
401 1883 527 1918 βοήθειαν
543 1883 580 1910 ὡς
595 1883 695 1918 ἀσθενῆ
711 1885 758 1910 καὶ
769 1884 836 1919 πρὸς
848 1884 878 1909 ro

86 1926 168 1957 7.5.00;
185 1927 315 1953 ἀδύνατον
329 1928 535 1962 παρωσάμενοι.
555 1928 587 1954 Οἱ
599 1928 627 1954 δὲ
641 1928 689 1963 τὴν
703 1928 794 1954 πίστιν
807 1929 876 1954 ἁπο-

86 1971 227 2006 δεξᾶμενοι
242 1973 397 2006 (πιστεῦσαι
421 1973 474 2007 γὰρ
491 1973 530 1999 δεῖ
546 1973 653 2008 πρῶτον
667 1974 712 2000 τὸν
727 1974 878 2008 προσερχό-

87 2027 177 2052 μενον,
189 2019 261 2044 κατὰ
274 2018 319 2045 τὸν
335 2018 406 2044 θεῖον
424 2019 604 2053 Ἀπόστολον).
614 2021 724 2054 ταχεῖαν
738 2020 787 2053 τῆς
800 2020 877 2046 νόσου

86 2063 225 2098 παρέσχον
249 2064 297 2099 τὴν
320 2064 403 2096 ἴασιν,
421 2065 468 2090 καὶ
484 2065 547 2100 περὶ
564 2065 618 2091 τῶν
635 2065 785 2099 μελλόντων
806 2066 879 2099 ἡμᾶς

85 2108 121 2140 ὡς
138 2109 216 2135 οὐδὲν
231 2108 414 2144 πάθοιμενοῗα
430 2111 625 2145 Ἀσκληπιάδαι
639 2111 753 2145 πάσχειν
766 2111 880 2146 εἰρήκα-

88 2163 129 2181 σιν
144 2156 344 2186 ἐπιστώσαντο,
354 2156 403 2190 τὴν
426 2156 579 2192 Ὁμηρικὴν
594 2157 671 2191 ἡμῶν
685 2157 718 2183 δι’
733 2157 878 2192 ὁραμάτων

86 2201 296 2234 αἰνιγματωδῶς
311 2202 358 2227 καὶ
373 2202 525 2236 χαριέντως
540 2203 578 2234 ὡς
594 2202 670 2236 φίλον
685 2203 775 2234 αὐτοῖς
792 2210 880 2235 φυγα-

930 293 991 312 nem
1013 292 1110 312 rursus
1130 286 1247 312 alterum
1266 291 1425 313 mutuamur
1439 294 1534 314 θοι-ιιιιι
1553 295 1722 322 persequen-

931 334 971 357 tes
989 330 1134 363 auxilium,
1165 334 1194 357 ut
1221 331 1291 357 idem
1311 332 1378 365 ipsis
1401 332 1468 363 sint,
1487 336 1514 358 et
1535 332 1581 367 qui
1603 332 1670 359 dant
1695 337 1723 360 et

930 377 977 410 qui
990 376 1142 410 accipiunt,
1161 381 1187 403 et
1207 384 1258 404 nos
1274 377 1319 411 qui
1343 377 1483 411 loquimur
1508 378 1721 406 sanctiﬁcantes.

931 421 1055 448 Debitum
1069 429 1135 456 ergo
1148 430 1211 448 vere
1221 427 1261 449 est
1276 423 1346 454 laus,
1361 428 1388 449 et
1404 423 1526 449 debitum
1545 423 1722 456 admirabile;

932 469 1056 495 debitum
1068 469 1248 502 persolutum,
1261 473 1286 495 et
1295 469 1447 496 debitorem
1465 469 1584 496 ardebito
1596 469 1676 505 [non]
1688 469 1723 496 li-

932 514 1050 546 berans;
1065 514 1187 540 debitum
1202 514 1273 548 quod
1286 515 1448 548 completur,
1458 519 1485 541 et
1499 515 1596 542 iterum
1615 522 1723 549 semper

932 560 1065 592 debetur;
1085 561 1210 588 debitum
1230 561 1379 594 redditum,
1396 565 1422 588 et
1435 562 1635 596 appositiouem
1649 562 1724 588 acci-

931 607 1009 640 piens
1034 607 1211 640 incrementi;
1228 607 1350 634 debitum
1379 607 1452 641 quod
1471 615 1580 641 semper
1594 607 1721 639 otl'ertitr,

931 656 958 679 et
986 652 1169 679 substantiam
1203 660 1256 678 non
1282 652 1381 678 minuit.
1412 652 1571 685 offerentis;
1601 652 1722 679 debitum

931 698 1003 732 quod
1030 705 1137 732 semper
1154 698 1309 730 exhibetur,
1327 702 1354 725 et
1372 705 1416 725 res
1436 699 1599 733 multiplicat
1627 699 1724 726 devote

932 744 1130 778 praebentium;
1144 744 1265 771 debitum
1283 752 1390 778 semper
1408 745 1583 775 attributum,
1599 747 1626 771 et
1641 744 1724 771 bene-

932 789 984 816 diri
1003 789 1109 816 faciens
1126 790 1305 816 tribuentem.
1329 789 1388 816 Non
1402 794 1493 816 autent
1506 790 1575 817 adeo
1589 795 1667 816 vetus
1682 794 1724 816 est

931 834 1065 866 debitum,
1093 841 1124 861 ut.
1152 835 1234 861 etiatn
1265 842 1379 861 usuram
1415 835 1584 870 martyribus
1611 834 1722 869 gignat;

933 887 1089 914 quanquam
1107 879 1159 914 ipsi
1179 887 1289 907 usuram
1314 880 1439 914 accipere
1461 884 1591 913 renutant,
1614 879 1723 906 divino-

933 932 993 950 rum
1010 924 1202 951 maudalorum
1220 923 1283 951 facti
1306 924 1448 956 custodes,
1470 928 1496 951 et
1522 924 1580 951 lttec
1604 924 1724 951 transire

932 974 994 1004 post
1010 970 1080 995 hanc
1098 969 1180 995 vitam
1195 970 1331 996 nolentes.
1345 969 1449 996 Verum
1468 970 1535 1003 ipsis
1555 977 1654 997 usuras
1669 970 1725 996 exi-

931 1023 994 1047 κει-ιι
1013 1022 1028 1040 a
1048 1013 1220 1040 debitoribus
1237 1014 1345 1045 nolunt,
1362 1022 1453 1048 regem
1474 1023 1554 1041 suum
1571 1014 1723 1047 imitantes,

930 1065 957 1087 et
977 1061 1093 1087 devotos
1112 1061 1278 1095 suscipiunt,
1307 1063 1334 1086 et
1360 1060 1567 1093 reprehendunt
1586 1059 1723 1093 ingratos.

932 1106 978 1133 Sie
991 1106 1064 1132 enim
1079 1110 1105 1132 et
1121 1106 1179 1140 ipse
1193 1105 1286 1132 decem
1302 1105 1417 1139 leprosis
1433 1104 1485 1131 illis
1499 1096 1660 1139 purgatione
1672 1104 1724 1130 do-

930 1155 1005 1184 nata,
1022 1158 1083 1178 eum
1104 1151 1150 1184 qui
1166 1157 1293 1177 reversus
1318 1154 1345 1176 et
1371 1149 1487 1184 gratiam
1506 1153 1548 1176 est
1567 1150 1722 1181 confessus,

930 1204 991 1224 cum
1006 1201 1078 1223 esset
1099 1196 1256 1230 alienigena
1287 1196 1410 1229 suscepit
1425 1198 1507 1229 atque
1524 1194 1657 1226 laudavit,
1673 1194 1724 1221 de-

929 1249 1045 1276 cereque
1070 1241 1288 1269 benevolentiam
1311 1241 1410 1267 habere
1428 1241 1503 1267 circa
1525 1240 1723 1267 beneficiorum

929 1294 1083 1319 auctorem,
1102 1289 1151 1315 bos
1167 1288 1213 1322 qui
1232 1288 1300 1314 bene
1312 1287 1465 1321 patientur,
1485 1286 1611 1313 attestari
1630 1286 1724 1320 (ligna-

929 1339 973 1362 tus
990 1340 1040 1362 est.
1062 1334 1193 1368 Reliquos
1211 1337 1301 1360 autem
1325 1338 1453 1367 tanquam
1488 1333 1620 1367 ingratos,
1638 1330 1724 1358 Judaei

928 1380 998 1407 enim
1015 1384 1104 1410 erant,
1118 1379 1218 1405 merito
1233 1377 1429 1412 reprehendit;
1447 1377 1529 1404 modo
1545 1377 1647 1412 quippe
1658 1384 1725 1403 oeu-

928 1427 960 1454 lis
977 1426 1122 1456 inlirmati.
1144 1433 1213 1459 quos
1235 1424 1362 1451 Salvator
1384 1424 1468 1451 totius
1491 1424 1615 1458 corporis
1631 1422 1725 1457 appel-

928 1468 992 1498 lavit
1018 1470 1196 1502 lucernam“;
1225 1470 1293 1495 lucis
1319 1469 1392 1496 enim
1423 1476 1518 1495 revera
1539 1468 1723 1502 privationem

928 1516 1057 1546 sustinet,
1082 1515 1128 1549 qui
1148 1514 1192 1541 his
1207 1515 1331 1548 privatus
1349 1513 1498 1540 exstiterit.

964 1564 991 1591 9.
1008 1564 1040 1590 Et
1053 1563 1205 1590 cmcitatem
1223 1561 1320 1599 atl‘erre
1335 1561 1522 1588 infirmitatem
1538 1560 1608 1586 hanc
1629 1566 1644 1585 a
1668 1566 1726 1585 mc—

929 1610 1001 1637 dieis
1016 1609 1171 1639 audientes,
1185 1614 1303 1642 quorum
1322 1607 1368 1633 alii
1385 1605 1494 1640 quidem
1505 1605 1600 1631 vitium
1616 1604 1667 1630 boc
1682 1603 1724 1630 ef-

928 1653 1075 1685 fusionem,
1088 1652 1133 1678 alii
1153 1658 1219 1678 vero
1233 1649 1415 1685 platycorian,
1431 1649 1458 1676 id
1475 1652 1519 1675 est
1533 1651 1613 1675 latam
1634 1647 1725 1682 pupil-

928 1700 981 1727 lam
997 1698 1193 1729 nominabant;
1207 1697 1351 1730 utriusque
1364 1700 1454 1721 autem
1469 1694 1531 1721 linis
1543 1693 1654 1721 caecitas
1670 1696 1724 1723 est.

928 1750 955 1772 et
971 1743 1113 1771 oculorum
1128 1741 1265 1777 privatio;
1281 1740 1314 1767 ad
1330 1740 1380 1767 bos
1398 1740 1468 1767 bene
1483 1743 1629 1773 operantes
1651 1746 1716 1765 san-

928 1795 998 1821 ctos,
1021 1789 1121 1824 Cyrum
1141 1788 1249 1814 scilicet
1264 1790 1291 1814 ct
1314 1785 1459 1818 Joannem,
1477 1785 1589 1820 profecti
1615 1791 1722 1820 sumus,

930 1842 1038 1861 omnem
1050 1837 1171 1861 nostram
1186 1832 1295 1859 videndi
1310 1839 1386 1866 Spem
1399 1832 1426 1858 in
1439 1830 1575 1858 divinitus
1589 1830 1643 1856 illis
1656 1828 1722 1856 data

930 1879 1018 1914 gratia
1038 1877 1252 1912 suspendentes,
1275 1882 1302 1904 et
1326 1877 1476 1903 humanum
1501 1875 1633 1902 auxilium
1661 1880 1724 1901 tan—

929 1933 1010 1960 quam
1025 1924 1174 1953 iniit-mum,
1188 1929 1213 1950 et
1227 1927 1323 1950 contra
1336 1922 1491 1957 passionem
1502 1922 1592 1948 minus
1603 1921 1723 1947 validum

929 1971 1102 2005 repellentes.
1112 1969 1143 1996 At
1160 1969 1196 1996 illi
1212 1969 1289 1996 tidem
1305 1968 1497 2000 admittentes;
1516 1967 1628 1994 credere
1645 1967 1724 2000 quip-

930 2025 964 2052 pe
982 2017 1109 2051 primum,
1150 2015 1325 2041 accedentem
1344 2018 1462 2048 oportet,
1483 2013 1633 2041 secundum
1651 2014 1724 2047 Apo-

930 2063 1032 2090 stoluut
1057 2062 1098 2093 ¹⁰;
1117 2061 1233 2088 celerem
1255 2060 1396 2095 praebuere
1409 2060 1553 2086 sanitatem
1565 2059 1724 2093 languoris;

930 2114 957 2137 et
971 2108 1003 2135 de
1020 2108 1122 2134 futuris
1135 2108 1206 2142 quod
1224 2107 1290 2133 hinc
1304 2107 1372 2133 nihil
1387 2114 1512 2133 essemus
1529 2105 1647 2140 passuri,
1663 2113 1725 2139 qua:

930 2155 1099 2188 Asclepiaslre
1121 2161 1171 2181 nos
1183 2154 1277 2180 dixere
1294 2161 1436 2188 passuros,
1454 2157 1546 2179 certos
1563 2159 1611 2186 per
1632 2151 1727 2178 oumia

932 2201 1124 2233 reddiderunt,
1135 2200 1301 2228 bomericam
1315 2204 1436 2226 nostram
1453 2199 1602 2226 caritatem
1619 2206 1666 2232 per
1683 2197 1725 2223 vi—

86 2247 230 2278 Bao'runa;
251 2248 400 2282 τύφλωσιν,
419 2248 574 2281 δεικνύντες
597 2249 720 2285 ἐναργῶς
740 2250 776 2280 ὡς
792 2249 878 2276 πάντα

934 2247 1027 2275 siones
1041 2250 1068 2273 ct
1084 2245 1240 2280 aenigmata,
1254 2250 1283 2272 ut.
1295 2245 1350 2271 illis
1361 2249 1468 2279 gratum
1483 2248 1536 2276 est,
1553 2243 1725 2277 elluganles;

87 2293 186 2320 δυνατὰ
205 2294 245 2328 τῷ
265 2294 324 2329 θεῷ
343 2295 377 2322 τὰ
396 2297 451 2326 τοῖς
470 2294 626 2331 ἀνθρώποις
645 2296 777 2323 ἀδύνατα.

125 2425 149 2449 ι’.
168 2423 451 2458 Ἐγκωμιαζέσθωσαν
475 2422 522 2451 οὗν
548 2425 616 2460 πρὸς
632 2425 682 2460 τῆς
702 2425 781 2460 ἡμῶν
806 2425 884 2450 εὐτε-

87 2467 160 2499 λείας
175 2469 199 2494 οἱ
217 2468 367 2503 μάρτυρες,
385 2470 432 2496 καὶ
456 2469 591 2505 πρόψασις
613 2470 783 2505 εὐφροσύνης
807 2469 882 2504 γινέ-

89 2514 196 2541 σθωσαν
212 2516 268 2545 τοῖς
284 2515 429 2542 ἀκούουσιν
440 2525 447 2532 ·
471 2517 568 2551 σκιρτᾷ
586 2516 639 2551 γὰρ
660 2516 714 2543 τῶν
732 2517 835 2542 πιστῶν
850 2515 884 2542 τὰ

89 2561 250 2594 συστήματα
267 2561 358 2594 Κῦρον
374 2561 583 2596 εὐφημούμενον
600 2560 733 2596 βλέποντα
744 2581 750 2593 ,
766 2562 813 2587 καὶ
828 2561 884 2588 τῶν

90 2607 274 2633 εὐσεὸούντων
289 2607 319 2633 τὸ
331 2607 433 2642 πλῆθος
446 2607 594 2640 ἀγάλλεται
609 2607 732 2634 Ἰωάννου
749 2608 833 2642 μαθὸν
853 2608 884 2635 τὸ

89 2651 227 2685 ἐγκώμιον
238 2660 246 2667 ⁸
269 2652 298 2685 ἐξ
316 2652 491 2686 Elia-{75).le
509 2653 537 2680 δὲ
552 2654 618 2688 ἡμῖν
633 2653 678 2680 καὶ
694 2653 746 2680 τῶν
761 2653 807 2679 τοῦ
828 2653 884 2679 Κυ-

91 2698 148 2732 ρίου
164 2698 261 2732 φωνῶν
276 2698 307 2724 τὸ
322 2699 477 2734 προοίμιον,
493 2699 521 2725 αἳ
536 2699 604 2733 πρὸς
626 2699 690 2730 τοὺς
715 2699 882 2731 ἀποστόλους

89 2749 184 2778 πρώην
198 2743 349 2779 ἐλέχθησαν
361 2764 368 2775 ,
384 2745 547 2780 ἀρμόττουσι
563 2745 591 2772 δὲ
607 2745 691 2780 Κύρῳ
707 2745 754 2772 καὶ
772 2745 881 2781 Ἰωάννῃ

89 2790 145 2819 τοῖς
161 2789 306 2824 μάρτυσιν,
322 2790 369 2816 καὶ
383 2792 438 2822 τοῖς
454 2791 642 2825 μετ’ἐκεινους
654 2792 785 2823 τοιούτοις
798 2801 882 2826 προσ-

91 2835 230 2870 φέρεσθαι.
250 2835 345 2870 Ὑμεῖς
358 2836 419 2861 ἐστε
432 2836 462 2862 τὸ
477 2837 534 2870 φῶς
544 2837 590 2864 τοῦ
600 2838 702 2873 κόσμου
717 2838 804 2864 καὶτὸ
814 2838 880 2870 ἵιλας

125 2895 134 2910 ν
150 2891 293 2926 ΜΔΚΗΙΛΊ,
307 2894 353 2920 ‘22.
396 2896 417 2911 '°
429 2894 510 2922 Hebr.
533 2903 570 2929 ιιι,
587 2895 612 2923 6.
655 2895 782 2923 “Matth.
801 2896 827 2925 5.
843 2896 884 2926 lvi.

935 2285 1135 2325 inanilesque
1155 2294 1355 2321 monstrantes,
1374 2289 1446 2324 quod
1465 2289 1557 2315 omnia
1581 2287 1723 2323 possibilia

934 2338 989 2364 sint
1010 2336 1143 2368 credenti,
1160 2340 1187 2363 et
1207 2336 1279 2370 quod
1304 2335 1445 2370 possibilia
1465 2334 1580 2361 Domino
1599 2341 1659 2369 qua:
1675 2333 1726 2360 iut-

934 2383 1077 2418 possibilia
1090 2388 1153 2409 sunt
1170 2381 1241 2417 apud
1257 2382 1392 2409 homines.

970 2428 1013 2455 10.
1029 2427 1188 2454 Laudentur
1216 2427 1302 2463 igitur
1320 2431 1456 2461 martyres
1475 2434 1489 2453 a
1503 2426 1607 2453 vilitate
1619 2428 1727 2455 nostra,

933 2477 960 2503 et
975 2474 1087 2501 occasio
1119 2473 1218 2500 laetitia:
1237 2472 1417 2500 audientibus
1433 2473 1496 2504 liat;
1515 2471 1637 2507 tripudia
1653 2471 1725 2498 enim

933 2519 1038 2546 ducunt
1061 2519 1181 2546 ﬁdelium
1199 2519 1280 2547 cunei
1299 2519 1406 2546 laudari
1432 2519 1533 2554 Cyrum
1552 2518 1728 2553 conspicien-

935 2568 987 2595 tes,
1011 2567 1038 2590 et
1065 2564 1108 2598 pie
1134 2565 1272 2599 agentium
1294 2563 1443 2590 multitudo
1471 2563 1593 2590 exsultat
1612 2562 1728 2590 Joannis

933 2609 1060 2636 ediscens
1073 2610 1221 2644 prateouia.
1233 2608 1320 2637 Porro
1337 2617 1368 2636 ex
1386 2609 1554 2643 evangelicis
1568 2613 1610 2636 est
1629 2614 1656 2636 et
1674 2608 1728 2634 lto-

918 2655 1003 2682 'tnini
1019 2656 1135 2683 vocibus
1151 2656 1231 2683 nobis
1247 2656 1323 2683 verbi
1347 2655 1514 2691 principium
1535 2655 1568 2682 ad
1586 2655 1728 2689 apostolos

936 2702 1012 2735 prius
1036 2702 1150 2734 edictis;
1178 2707 1334 2736 congruunt
1349 2707 1439 2729 autem
1464 2701 1555 2729 oﬂ‘erri
1579 2701 1651 2736 Cyro
1676 2709 1727 2728 nec

936 2754 990 2773 non
1005 2751 1031 2773 et
1050 2747 1149 2774 Joanui
1168 2749 1347 2784 martyribus,
1365 2753 1391 2775 et
1406 2748 1453 2783 qui
1473 2749 1544 2775 tales
1563 2747 1638 2774 fuere
1664 2750 1726 2781 post

936 2792 1008 2819 illos.
1023 2791 1078 2820 Vos
1094 2800 1157 2820 vere
1173 2793 1242 2821 estis
1265 2793 1310 2820 lux
1329 2794 1424 2821 nmndi
1436 2794 1469 2826 ιι,
1486 2797 1512 2821 et
1536 2793 1576 2820 sal
1595 2797 1676 2819 terra:
1691 2792 1723 2823 ¹”,

935 2846 952 2866 o
972 2843 1012 2865 ter
1028 2839 1120 2867 beati:
1137 2840 1182 2867 lux
1200 2848 1260 2876 quae
1277 2849 1331 2868 non
1349 2841 1462 2873 occidit,
1477 2845 1505 2868 et
1524 2840 1563 2868 sal
1582 2839 1653 2874 quod
1668 2846 1724 2866 non

925 2898 945 2913 ”
959 2897 1023 2924 ibid.
1041 2896 1083 2924 15.
