1909 3078
215 101 285 130 3335

217 200 427 235 impugnabant,
456 207 506 226 nec
523 199 763 225 conversationem
790 198 899 225 sibimet.
925 197 1009 224 habe-

219 248 282 271 bant
297 244 478 275 contrariam,
494 243 623 276 quoniam
638 243 763 270 monachi
780 243 868 278 Cyrus
902 242 1007 275 habitu,

223 290 319 316 militis
344 296 410 316 vero
438 289 507 315 stola
522 287 642 314 Joannes
660 288 898 318 circumdaretur;
912 292 938 314 et
964 287 1009 314 ille

219 335 290 363 Ovis.
307 335 351 360 hic
368 341 432 360 vero
448 334 502 367 lupi
518 334 587 368 pelle
606 333 783 366 indueretur;
801 339 921 368 uterque
935 333 1007 359 enim

219 383 355 409 sacratus,
377 383 492 412 uterque
517 379 617 411 bonus,
634 383 749 412 uterque
775 386 870 410 verax,
893 384 1008 412 uterque

218 426 276 451 sine
295 424 400 450 macula
414 443 420 454 ,
443 429 557 457 uterque
581 424 683 457 justus,
700 429 813 458 uterque
835 424 882 450 Dei
907 425 1007 457 cultor,

219 476 332 503 uterque
349 469 537 503 simplicitate,
556 469 612 503 lege
633 476 664 495 ac
679 469 822 503 disciplina
843 476 890 495 seu
907 477 1005 502 praece-

218 519 294 549 ptore
304 516 409 548 plenus,
422 515 650 548 quemadmodum
663 515 725 541 linis
734 522 828 541 eorum
841 520 867 541 et
877 515 1009 543 divinitus

218 560 259 587 eis
281 561 343 587 data
361 560 530 586 charismata
546 560 732 586 testimonium
746 560 933 594 prtebucrunt.
949 560 1007 587 Non

218 606 290 633 enim
308 606 371 632 illos
398 610 503 631 tantum
524 605 634 632 habitus
663 605 848 638 discernebat,
876 610 1007 640 quantum

220 652 281 678 tidei
297 652 446 678 collocatio
462 651 660 686 comparabat;
678 660 729 678 nec
742 656 845 678 tantum
861 652 1009 686 repromis-

220 698 261 723 sio
277 697 437 731 separabat,
456 702 588 731 quantum
604 705 651 724 eos
675 697 761 731 pictas
779 697 941 731 enpulabat:
960 704 1010 724 nec

220 746 324 768 tantam
349 742 390 768 his
409 743 566 768 distantiam
593 747 665 769 artes
682 743 861 777 prtestabant,
879 748 1008 776 quantam

220 787 441 814 communionem
468 795 531 821 spes
547 788 676 815 donabat.
693 788 745 821 Qui
768 789 840 815 enim
855 789 890 815 ab
911 788 1006 816 cadent

221 837 285 859 sunt
303 833 394 860 habitu
412 833 474 863 ﬁtll‘,
492 833 594 860 similes
615 842 723 868 quoque
748 839 775 861 et
790 835 910 861 ntoribus
924 835 1006 867 lieut;
1023 819 1046 848 Β

220 883 246 905 ct
263 878 309 911 qui
337 878 382 904 uni
414 878 505 912 pietati
534 879 654 905 studium
679 878 879 913 impenderunt,
904 879 1007 905 eisdem

220 924 303 950 etiam
339 923 447 950 actibus
475 929 640 957 operantur;
672 930 698 951 et
733 925 779 958 qui
818 924 850 950 ad
886 924 1010 951 eamdem

220 969 338 1004 speciem
361 969 521 1003 inspiciunt,
541 968 643 996 eisdem
664 973 777 995 utuntur
791 970 945 996 annisibus.

257 1014 302 1041 Η.
320 1014 397 1042 Unde
423 1015 548 1042 Christus
568 1015 688 1042 omnium
709 1015 780 1042 Deus
797 1020 824 1042 et
844 1015 1007 1042 universita-

221 1060 257 1087 tis
281 1059 414 1087 Dominus
433 1067 464 1087 ac
487 1060 653 1093 moderator,
672 1061 717 1095 qui
738 1064 834 1087 cuncta
856 1061 930 1088 nOvit
947 1065 1010 1088 ante

220 1112 302 1141 quam
314 1110 343 1132 ut
353 1110 445 1133 essent
458 1105 565 1136 ﬁerent,
573 1106 620 1140 qui
632 1106 717 1132 corda
729 1111 869 1133 scrutatur
879 1111 905 1133 et
917 1114 1008 1140 renes,

221 1151 352 1187 quoniam
371 1159 424 1178 non
443 1151 647 1178 dormientibus
669 1151 758 1178 oculis
777 1152 883 1179 occulta
906 1152 1007 1179 humi--

222 1205 288 1225 num
302 1197 423 1231 inspicit,
436 1196 468 1223 ad
485 1203 567 1223 uuam
583 1196 696 1230 gloriam
717 1201 851 1232 martyres
867 1198 937 1224 istos
950 1205 1011 1232 per-

223 1242 313 1273 duxit,
330 1246 356 1267 et
372 1249 456 1268 unum
478 1241 588 1275 utrique
605 1241 720 1269 contulit
737 1242 852 1268 cultum.
872 1241 918 1269 Est
938 1242 1010 1269 enim

224 1289 283 1315 sine
300 1295 478 1322 personarum
494 1287 655 1321 acceptione
667 1287 763 1321 iudex,
790 1291 817 1314 et
837 1287 944 1321 pondus
964 1287 1010 1321 ju-

224 1337 297 1359 stum
315 1338 357 1359 est
373 1332 443 1367 apud
470 1340 544 1365 eum,
559 1336 586 1359 et
607 1337 707 1359 statera
723 1340 782 1366 qua:
807 1332 910 1367 injuste
932 1332 1010 1359 nutui

224 1387 278 1405 non
297 1379 461 1410 inclinatur;
485 1378 530 1412 qui
549 1378 694 1413 unicuique
719 1378 820 1405 librare
845 1379 921 1405 novit
938 1379 1011 1412 quod

223 1424 328 1458 justum
345 1430 386 1451 est
398 1424 548 1450 secundum
568 1432 646 1451 suum
663 1424 795 1455 laborem,
811 1423 892 1458 eique
905 1431 1010 1450 merce-

224 1472 285 1498 dem
303 1472 439 1506 propriam
452 1471 544 1498 donat.
561 1471 629 1497 llinc
644 1470 705 1506 Cyri
717 1470 888 1505 Joannisque
899 1472 1010 1506 parilem

226 1518 253 1545 in
268 1518 416 1545 virtutibus
433 1519 523 1545 sciens
541 1517 685 1549 honorem,
707 1525 791 1544 unum
809 1517 891 1544 etiam
914 1522 1011 1544 contu-

225 1562 257 1588 lit
276 1562 383 1596 utrique
398 1562 424 1588 in
441 1561 621 1588 sacratissimi
637 1559 719 1586 Marci
733 1560 896 1587 celebrando
911 1562 1011 1595 templo

226 1607 401 1639 sepulcrum;
420 1609 446 1631 et.
468 1605 531 1630 hinc
549 1611 598 1638 per
620 1603 805 1639 evangelicum
823 1604 911 1630 virum
924 1605 1012 1640 Cyril-

226 1650 283 1677 lum
296 1650 412 1682 scilicet,
424 1649 499 1676 illum
515 1649 625 1684 pietatis
643 1654 884 1684 propugnatorem,
900 1655 925 1677 et
942 1658 1011 1685 prte-

226 1699 376 1725 tlieatorem
407 1705 421 1724 a
451 1697 560 1732 templis
582 1697 811 1731 cvangelistarum
837 1697 1011 1731 evangelistis

227 1742 350 1769 moribus
367 1741 520 1775 corequales
533 1740 675 1767 transtulit
691 1746 834 1775 martyres,
852 1744 879 1767 et
899 1745 1010 1775 aposto-

227 1787 315 1813 lorum
345 1787 450 1813 vicinos
478 1785 639 1812 constituit:
670 1793 732 1812 nam
761 1793 808 1812 eos
835 1786 1010 1820 evangelistis

660 98 681 128 S
704 96 911 127 SOPHRONII
944 94 1197 126 PATRIARCH/E
1227 93 1429 124 HIEROSOL.

252 155 293 182 15.
311 152 364 180 Sed
391 160 441 180 nec
469 153 545 187 prius
567 152 640 179 beati
661 152 707 179 isti
739 152 862 180 moribus
890 151 1006 178 invicem
1021 153 1045 182 Α

1779 94 1844 128 3336

1095 148 1138 183 ιγ’.
1158 149 1225 176 Οὐδὲ
1249 149 1345 184 πρώην
1361 148 1411 182 μὲν
1426 149 1449 174 οἱ
1476 148 1606 184 μακάριοι
1629 149 1697 184 πρὶς
1716 149 1843 184 ἀλλήλους

1061 196 1117 226 τοῖς
1130 194 1239 230 τρόποις
1255 195 1398 228 ἐμάχοντο,
1415 193 1477 219 οὔτε
1494 194 1632 221 πολιτείαν
1648 193 1719 229 εἶχον
1732 196 1845 222 ἀντίπα-

1059 240 1104 266 λον
1115 248 1122 255 “
1141 241 1164 266 εἰ
1177 241 1223 267 καὶ
1240 240 1373 275 μοναστοῦ
1391 239 1440 274 μὲν
1456 241 1469 265 ὁ
1487 240 1576 275 Κῦρος
1594 240 1624 266 τὸ
1647 241 1750 275 σχῆμα,
1766 250 1846 277 στρα-

1058 285 1157 312 τιώτου
1181 286 1208 311 δὲ
1235 285 1331 320 στολὴν
1351 285 1476 320 Ἰωάννης
1499 286 1671 320 ἠμπέσχετο·
1691 287 1736 313 καὶ
1759 289 1773 314 ὁ
1800 289 1846 323 μὲν

1060 331 1207 365 προϐάτου,
1233 333 1247 357 ὀ
1263 331 1291 357 δὲ
1311 331 1393 357 λύκου
1416 330 1495 364 δορὰν
1521 331 1736 359 ἐνεδιδύσκοντοο
1766 334 1847 368 ἄμφω

1058 376 1112 410 γάρ
1127 377 1200 402 ἐστιν
1216 374 1290 409 ἱερὼ,
1306 375 1389 410 ἄμφω
1405 375 1509 408 ἀγαθὼ,
1523 375 1607 409 ἄμφω
1624 376 1754 411 ἁληθινὼ,
1766 377 1847 412 ἄμφω

1058 421 1208 455 ἀμέμπτω,
1225 421 1310 456 ἄμφω
1327 421 1434 452 δικαίω,
1447 421 1529 455 ἄμφω
1546 421 1670 456 θεοσεϐῆ,
1683 422 1767 456 ἄμφω
1781 424 1847 450 ἀκα-

1059 468 1120 498 κίας
1136 467 1272 500 ἀνάπλεω,
1285 468 1368 501 νόμου
1383 475 1411 492 τε
1425 466 1496 493 θείου
1513 467 1559 493 καὶ
1574 467 1686 502 διδαχῆς
1701 468 1748 495 καὶ
1764 477 1848 504 προτί

1058 515 1216 549 τάγματος,
1233 514 1269 544 ὼς
1286 514 1315 539 τὸ
1330 513 1403 545 τέλος
1420 513 1510 540 αὐτῶν
1525 514 1726 550 ἐμαρτύρησεν,
1752 516 1799 542 καὶ
1816 517 1848 542 τὰ

1059 559 1152 586 θεόθεν
1167 559 1279 585 δοθέντα
1299 559 1456 594 χαρίσματα
1467 567 1473 574 ·
1489 559 1518 584 οὐ
1538 560 1591 594 γὰρ
1604 560 1730 587 τοσοῦτον
1750 561 1848 591 αὐτοὺς

1059 606 1088 632 τὸ
1103 606 1196 640 σχῆμα
1211 605 1354 640 διὶκρινεν,
1369 605 1430 630 ὅσον
1443 606 1459 639 ἡ
1476 605 1567 636 πίστις
1584 605 1740 640 συνέκρινεν
1753 614 1760 621 ·
1783 605 1844 633 οὔτε

1059 652 1186 678 τοσοῦτον
1212 652 1311 682 αὐτοὺς
1340 651 1370 678 τὺ
1399 651 1562 685 ἐπάγγελμα
1588 651 1756 687 διεχώρισεν,
1785 653 1848 679 ὅσον

1061 697 1197 731 συνῆπτε-ιι
1212 697 1311 727 αὐτοὺς
1327 696 1342 730 ἡ
1357 696 1482 722 εὐσέϐεια
1493 703 1499 709 ·
1517 695 1578 722 οὒτε
1594 697 1728 731 τοσαύτην
1755 697 1849 728 αὐτοῖς

1061 744 1088 769 αἱ
1103 743 1195 776 τέχναι
1210 743 1341 777 παρεῖχον
1357 742 1507 772 διάστασιν,
1518 741 1583 776 ὅσην
1602 743 1744 768 κοινωνίαν
1758 744 1850 774 αὐτοῖς

1060 789 1076 823 ἡ
1094 788 1171 819 ἐλπὶς
1195 788 1352 822 ἐχαρίζετο·
1370 788 1395 813 οί
1411 788 1465 822 γὰρ
1481 788 1530 822 τῆς
1552 787 1636 822 αὐτῆς
1657 788 1783 822 ἐχόμενοι
1802 789 1849 814 πί-

1061 842 1156 865 στεως,
1172 834 1259 868 ὅμοιοι
1280 833 1325 859 καὶ
1349 834 1404 865 τοῖς
1421 834 1532 868 τρόποις
1554 835 1731 868 γενήσονται·
1757 835 1804 860 καὶ
1825 835 1851 860 ol.

1062 879 1125 914 piam
1140 879 1287 910 ἀσκοῦντες
1304 878 1455 909 εὐσέϐειαν,
1482 878 1595 913 πράξεις
1613 879 1655 905 ἀεὶ
1667 879 1772 913 ἀγαθὰς
1791 880 1850 906 δια.-

1060 924 1224 959 ἰτράττονται
1238 931 1246 938 ⁵
1262 925 1308 950 καὶ
1328 925 1352 950 οἰ
1369 924 1438 959 πρὸς
1454 924 1548 950 ἐλπίδα
1561 925 1609 958 τὴν
1624 925 1709 959 αὐτὴν
1730 925 1851 952 ἁποῦλέ-

1061 979 1168 1002 ποντες,
1182 971 1236 1001 τοῖς
1248 970 1338 1000 αὐτοῖς
1355 970 1553 1005 ἐγχειρήμασιν
1567 971 1727 1006 κέχρηνται.

1098 1016 1140 1042 ιδ’.
1154 1015 1235 1042 Ὅθεν
1258 1017 1271 1042 ὁ
1297 1015 1414 1050 Χριστὸς
1439 1017 1454 1042 ὀ
1474 1016 1528 1042 τῶν
1551 1016 1619 1042 ὅλων
1643 1016 1709 1048 Θεὸς
1733 1018 1779 1043 καὶ
1802 1017 1851 1043 τοῦ

1062 1060 1162 1091 παντὸς
1174 1061 1315 1095 Δεσπότης
1330 1062 1377 1087 καὶ
1398 1062 1541 1096 πρύτανις,
1557 1062 1572 1088 ὁ
1589 1062 1678 1088 πάντα
1698 1062 1776 1094 εἰδὼς
1796 1063 1852 1098 πρὸ

1061 1107 1112 1141 τῆς
1128 1106 1220 1132 αὐτῶν
1234 1107 1272 1136 εἰς
1285 1106 1316 1132 τὸ
1330 1105 1400 1133 εἶναι
1414 1107 1557 1140 γενέσεως,
1573 1108 1587 1133 ὁ
1609 1107 1721 1142 καρδίας
1743 1109 1791 1135 καὶ
1808 1117 1853 1134 νε-

1062 1152 1148 1187 φροὺς
1165 1152 1352 1187 ἐρευνώμενος
1367 1153 1415 1179 καὶ
1431 1153 1589 1188 ὰκοιμήτοις
1606 1153 1728 1188 ὄμμασιν
1739 1154 1774 1180 τὰ
1787 1154 1854 1189 κρύ-

1063 1206 1113 1231 φια
1125 1197 1178 1223 τῶν
1196 1196 1347 1231 ἀνθρώπων
1365 1197 1511 1233 θεώμενος,
1526 1198 1593 1233 πρὸς
1607 1198 1687 1232 δόξαν
1708 1199 1773 1234 μίαν
1789 1201 1853 1232 τοὺς

1064 1243 1205 1279 μάρτυρας
1220 1243 1334 1277 ἢγαγεν,
1351 1244 1397 1269 καὶ
1415 1244 1497 1275 σέϐας
1507 1244 1535 1270 ἒν
1552 1245 1717 1280 ἀμφοτέροις
1732 1245 1855 1281 δεδώρη-

1062 1296 1122 1314 ται·
1137 1289 1391 1323 ἀπροσωπόληπτος
1413 1290 1467 1324 γάρ
1482 1290 1555 1315 ἐστιν
1579 1290 1686 1325 κριτὴς,
1711 1291 1759 1317 καὶ
1787 1291 1853 1318 στά-

1064 1333 1142 1368 θμιον
1154 1333 1269 1364 δίκαιον,
1287 1335 1333 1360 καὶ
1347 1334 1523 1367 ζυγοστατείν
1536 1333 1606 1361 οἶδεν
1619 1335 1649 1361 τὸ
1659 1336 1772 1369 δίκαιον,
1781 1337 1854 1363 κατὰ

1063 1380 1108 1405 τὸν
1126 1379 1191 1406 ἴδιον
1204 1380 1288 1405 κόπον
1303 1381 1351 1406 καὶ
1371 1380 1416 1406 τὸν
1435 1380 1499 1406 ἴδιον
1521 1381 1610 1407 αὐτῶν
1627 1381 1722 1416 μισθὸν
1739 1382 1854 1417 χαριζό-

1065 1433 1159 1459 μενοςθ
1182 1425 1242 1452 ὅθεν
1267 1425 1362 1459 Κύρου
1378 1434 1407 1451 τε
1423 1425 1469 1452 καὶ
1489 1426 1611 1452 Ἰωάννου
1629 1426 1659 1453 τὸ
1674 1427 1806 1461 ὁμότιμον
1826 1429 1856 1454 ὲν

1064 1471 1173 1504 ἀρεταῖς
1201 1471 1403 1505 ἐπιστάμενος,
1435 1471 1482 1497 καὶ
1508 1472 1556 1497 ἕνα
1577 1473 1661 1503 τάφον
1686 1473 1855 1508 ἀμφοτέροις

1065 1516 1242 1550 ἐϐράϐευσεν,
1258 1518 1297 1548 είς
1312 1516 1341 1542 τὸ
1361 1517 1475 1551 Μάρκου
1493 1517 1539 1543 τοῦ
1553 1517 1625 1543 θείου
1645 1518 1793 1552 σεϐάσμιον
1808 1520 1855 1545 τέ-

1066 1569 1162 1593 μενος·
1178 1561 1307 1587 κάκεῖθεν
1330 1561 1363 1587 δι’
1389 1562 1484 1596 ἀνδρὸς
1511 1562 1690 1596 εὐαγγελικοῦ
1717 1564 1855 1598 Κυρίλλου

1067 1607 1116 1640 τῆς
1126 1607 1266 1638 εὐσεϐείας
1276 1607 1434 1642 ὑπερμάχου
1442 1608 1488 1634 καὶ
1497 1609 1616 1643 κήρυκος
1626 1608 1693 1643 πρὸς
1702 1607 1769 1635 νεὼν
1775 1610 1857 1643 εὐαγ-

1065 1652 1196 1685 γελιστῶν
1213 1654 1382 1688 ὁμοτρόπους
1398 1654 1562 1688 μετέστησεν
1579 1655 1729 1689 μάρτυρας,
1739 1654 1788 1680 καὶ
1802 1655 1857 1681 τῶν

1065 1699 1222 1725 ἀποστόλων
1239 1700 1407 1735 κατέστησεν
1422 1700 1545 1733 γείτονας
1555 1708 1562 1716 '
1591 1700 1716 1736 χωρίζειν
1731 1700 1787 1735 γὰρ
1809 1701 1858 1727 αὑ-

1063 1744 1126 1775 τοὺς
1142 1745 1344 1778 εὐιγγελιστῶν
1357 1745 1373 1780 ἢ
1386 1745 1544 1772 ἀποστόλων
1561 1746 1610 1772 οὐκ
1620 1745 1737 1780 ἔκρινεν
1753 1746 1795 1772 ὃτι
1819 1746 1858 1780 μή

1063 1798 1105 1821 τις
1122 1789 1151 1816 τὸ
1174 1790 1300 1825 διάφορον
1316 1790 1369 1817 τῶν
1391 1790 1538 1826 χωρισμῶν
1565 1791 1655 1822 αὐτοῖς
1673 1791 1860 1826 ὲπετείχιζεν.

228 1833 272 1859 vel
291 1833 425 1867 apostolis
455 1831 624 1866 separandos
644 1839 697 1857 non
730 1831 819 1864 duxit,
846 1832 909 1866 quia
940 1840 1110 1869 nequaquam
1145 1837 1253 1864 virtutis
1285 1836 1540 1868 dtvcrsitas,inter
1574 1844 1621 1864 eos
1653 1838 1859 1872 separationem

227 1879 346 1906 induxit.

263 1927 307 1954 15,
323 1927 376 1954 Sed
400 1925 451 1953 ista
471 1925 580 1959 quidem
609 1924 692 1951 multa
707 1928 767 1958 post
789 1928 913 1960 tempora
939 1933 1015 1961 gere-

229 1974 338 2004 bantur,
355 1971 509 1998 Tltcodosio
524 1969 650 1997 videlicet
671 1970 776 1996 minore
793 1969 973 2004 imperatore,
989 1976 1015 1999 et

229 2011 327 2052 magno
340 2016 444 2051 Cyrillo
460 2016 550 2043 sedem
567 2015 737 2042 A‘exaudrize
753 2015 928 2047 moderante,
951 2024 1013 2044 cum

230 2064 352 2091 videlicet
378 2062 434 2096 jam
462 2062 578 2096 primmn
599 2061 670 2088 Deus
687 2066 713 2088 et
730 2065 807 2096 pater
831 2062 943 2088 humani
968 2070 1015 2097 ge-

230 2111 303 2136 neris
317 2108 414 2135 fuisset
432 2107 572 2138 misertus,
588 2107 660 2142 quod
682 2106 842 2133 seductione
859 2106 1012 2134 daemonum

230 2155 345 2190 peribat,
355 2157 381 2180 et
395 2153 421 2179 in
434 2157 512 2179 terra:
530 2159 608 2179 coeno
627 2151 818 2179 miserabiliter
833 2151 1014 2184 volutabatur,

231 2202 257 2227 in
285 2199 462 2232 tenebrisque
488 2205 618 2225 sensuum
635 2196 808 2225 ambulabat,
834 2200 861 2222 ct
887 2202 1019 2223 creaturae

231 2246 318 2280 magis
329 2252 410 2279 quam
426 2243 548 2270 Creatori
562 2242 707 2273 serviebat,
721 2249 768 2276 per
781 2241 920 2276 filiumque
934 2242 1018 2275 legem

233 2292 259 2318 in
284 2290 450 2325 adjutorium
477 2288 635 2320 tribuisset;
666 2291 692 2314 ct
718 2287 849 2313 attributa
882 2287 944 2319 lex,
972 2295 1019 2321 per

232 2338 402 2368 mandatum,
420 2336 475 2362 imo
490 2343 535 2370 per
550 2336 698 2362 humanum
714 2338 740 2360 et
752 2334 898 2368 proclivem
911 2334 943 2360 ad
955 2334 1020 2360 vitia

235 2388 342 2415 nutum,
359 2382 496 2408 inﬁrmata
515 2381 609 2407 fuisset
624 2384 715 2407 etnon
733 2384 823 2414 posset
838 2380 900 2406 illos
912 2380 1019 2406 salvare

235 2432 346 2463 propter
373 2434 441 2461 quos
468 2426 549 2453 etiam
577 2433 624 2459 per
649 2425 761 2459 angelos
775 2425 835 2451 data
849 2429 875 2451 et
894 2424 920 2450 in
937 2432 1019 2450 manu

235 2473 405 2502 mediatoris.
419 2472 444 2498 id
459 2475 500 2499 est
514 2470 596 2506 Moysi
608 2471 660 2496 lata
674 2469 763 2496 fueral
779 2478 784 2496 :
803 2475 829 2496 et
845 2478 942 2496 rursus
957 2477 1018 2495 cum

232 2519 288 2553 jam
305 2523 364 2552 pou
378 2518 475 2552 legem,
493 2516 576 2543 etiam
591 2516 657 2550 legis
674 2515 786 2542 latorem
797 2514 894 2541 Filium
913 2515 1020 2542 scilicet

235 2564 337 2591 factum
356 2571 388 2591 ex
405 2563 529 2596 muliere,
548 2563 649 2589 iactum
674 2553 725 2588 sub
741 2562 798 2595 lege
816 2561 952 2592 misisset,
973 2560 1021 2595 qui

235 2618 268 2637 ex
297 2615 409 2644 paterna
433 2609 520 2643 ipsius
550 2612 646 2634 natura
670 2611 748 2634 ortus
764 2610 816 2637 cst,
831 2611 859 2634 et
879 2614 926 2641 per
940 2614 1021 2640 quem

236 2656 327 2682 omnia
344 2655 418 2685 fecit,
435 2654 535 2688 quique
565 2657 696 2688 perpetuo
723 2660 785 2679 cum
813 2652 860 2678 illo
885 2651 1019 2682 considet,

237 2707 386 2734 secumque
399 2699 578 2726 nihilominus
595 2702 728 2725 creatura:
751 2705 802 2723 non
827 2701 964 2731 perpetrm
978 2696 1023 2723 do-

237 2746 372 2778 minatur;
389 2749 416 2773 et
429 2753 490 2772 cum
500 2745 555 2780 jam
568 2748 593 2771 et
606 2744 662 2778 ipse
673 2743 804 2770 Dominus
816 2741 943 2769 Christus
959 2749 1022 2777 erga

238 2799 290 2820 nos
304 2791 537 2828 dispensationem
556 2790 730 2825 complesset,
748 2793 774 2816 ct
791 2788 934 2815 inimicum
950 2788 1022 2815 cele-

1109 1929 1148 1953 ιε’.
1170 1925 1250 1952 Ἀλλὰ
1264 1927 1297 1952 τὰ
1311 1927 1359 1961 μὲν
1376 1926 1481 1958 πολλοῖς
1496 1925 1608 1960 ὕστερον
1627 1925 1730 1960 χρόνοις
1752 1925 1862 1960 ἐπράτ-

1068 1979 1140 2003 τετο,
1154 1971 1294 1997 Θεοδοσίου
1309 1971 1356 1997 τοῦ
1371 1971 1469 2007 μικροῦ
1485 1971 1674 2005 βασιλεύοντος
1691 1972 1736 1997 καὶ
1752 1971 1863 2006 Κυρίλ-

1067 2017 1113 2043 λου
1138 2018 1184 2043 τοῦ
1208 2017 1325 2052 μεγάλου
1352 2017 1397 2043 τὸν
1417 2016 1620 2052 ’Λλεξανδρείας
1638 2017 1732 2052 θρόνον
1753 2017 1863 2043 ἰθύνον-

1068 2070 1127 2094 τος·
1149 2062 1244 2097 πρώην
1260 2063 1288 2088 δὲ
1304 2063 1354 2097 ἤδη
1370 2062 1418 2095 τοῦ
1437 2062 1506 2088 Θεοῦ
1522 2062 1568 2088 καὶ
1581 2062 1686 2097 Πατρὸς
1702 2062 1733 2087 τὸ
1749 2063 1863 2096 ἀνθρὼ-

1069 2116 1146 2134 πινον
1163 2107 1240 2141 γένος
1255 2108 1438 2143 οἰκτείραντος
1454 2108 1546 2143 ἀπάτῃ
1561 2108 1696 2142 δαιμόνων
1710 2108 1865 2143 φθειρόμε-

1070 2162 1124 2183 νον.
1142 2154 1188 2180 καὶ
1203 2155 1242 2185 εἰς
1267 2154 1319 2188 γῆν
1343 2154 1467 2185 ἐλεεινῶς
1487 2154 1691 2188 εἰλυσπώμενον
1714 2155 1743 2180 ἐν
1766 2155 1865 2181 σκότει

1071 2198 1176 2233 φρενῶν
1192 2199 1373 2233 πορευόμενον
1387 2200 1420 2233 τῇ
1450 2199 1536 2226 κτίσει
1553 2199 1683 2234 λατρεῦον
1715 2199 1793 2233 παρὰ
1818 2200 1867 2226 τὸν

1072 2243 1213 2275 κτίσαντα,
1230 2245 1278 2270 καὶ
1303 2244 1336 2270 δι’
1362 2244 1426 2270 Υἱοῦ
1447 2244 1596 2275 δεδωκότος
1619 2244 1718 2278 Θεσμὸν
1737 2246 1777 2275 είς
1797 2245 1866 2279 βοή-

1071 2289 1155 2320 θειαν,
1173 2289 1220 2315 καὶ
1235 2290 1297 2321 τοὺς
1321 2289 1479 2324 δεδομένους
1495 2290 1593 2324 νόμους
1612 2289 1655 2315 διὰ
1670 2289 1719 2323 τῆς
1737 2290 1866 2323 ἐντολῆς,

1073 2334 1174 2368 μᾶλλον
1190 2335 1217 2360 δὲ
1231 2335 1274 2362 διὰ
1286 2335 1334 2369 τῆς
1352 2335 1526 2370 ἀνθρωπίνης
1539 2335 1606 2370 πρὸς
1617 2335 1658 2362 ,τὰ
1681 2334 1756 2369 πάθη
1773 2337 1869 2369 ῥοπῆς

1072 2379 1281 2412 ἀσθενήσαντος,
1299 2380 1345 2406 καὶ
1362 2380 1399 2414 μὴ
1412 2379 1561 2413 δυναμένου
1580 2378 1678 2411 σώζειν
1694 2379 1822 2410 ἐκείνους
1835 2380 1869 2405 δι’

1072 2422 1118 2454 οὓς
1144 2423 1193 2449 καὶ
1216 2423 1251 2449 δι’
1275 2423 1398 2458 ἀγγέλων
1415 2424 1566 2458 ὲδεδώρητο
1582 2423 1630 2449 καὶ
1649 2423 1721 2458 χειρὶ
1749 2423 1869 2458 μεσίτου

1072 2467 1212 2499 Μωῦσέως
1228 2467 1402 2494 ὲτεθέσπιστο
1412 2477 1418 2482 ·
1431 2469 1481 2503 ἥδη
1497 2469 1524 2494 δὲ
1538 2468 1620 2495 πάλιν
1635 2468 1704 2502 μετὰ
1719 2469 1805 2503 νόμον
1820 2469 1870 2495 καὶ

1071 2513 1117 2539 τὸν
1134 2513 1283 2548 νομοθέτην
1298 2514 1415 2548 Χριστὸν
1431 2513 1601 2549 γεννώμενον
1617 2515 1648 2540 ὲκ
1662 2514 1806 2548 γυναικὸς,
1822 2523 1871 2548 γε-

1073 2558 1183 2593 νόμενον
1200 2559 1251 2584 vim};
1268 2559 1361 2594 νόμον,
1376 2559 1570 2594 ἐκπέμψαντος
1587 2560 1630 2586 τὸν
1651 2560 1682 2586 ἐκ
1699 2561 1749 2595 τῆς
1763 2568 1872 2594 πατρι-

1073 2604 1125 2638 κῆς
1137 2605 1220 2631 αὑτοῦ
1233 2605 1341 2638 φύσεως
1358 2606 1496 2640 γεννητῶς
1513 2606 1703 2635 ὰνατείλαντα,
1719 2605 1766 2631 καὶ
1783 2605 1823 2631 δι’
1840 2602 1875 2633 οὗ

1073 2649 1108 2676 τὰ
1121 2650 1209 2676 πάντα
1223 2651 1385 2685 πεποίηκεν,
1403 2651 1448 2677 τὸν
1466 2651 1559 2683 ἀῐδίως
1574 2651 1647 2685 αὐτῷ
1664 2651 1874 2686 συνεδρεύοντα

1075 2696 1121 2722 καὶ
1144 2696 1192 2730 τῆς
1212 2698 1261 2723 οὐκ
1282 2698 1367 2724 ἀϊδίου
1385 2698 1599 2729 συνδεσπόζοντα
1614 2697 1729 2729 κτίσεως
1741 2705 1748 2712 ’
1762 2697 1822 2733 ἠδη
1844 2699 1876 2725 δὲ

1075 2742 1220 2768 καὶ-αὺτοῦ
1236 2743 1281 2769 τοῦ
1298 2743 1433 2768 Δεσπότου
1447 2743 1565 2778 Χριστοῦ
1583 2743 1630 2778 τὴν
1645 2744 1684 2773 εἰς
1697 2743 1771 2777 ἡμᾶς
1789 2744 1875 2769 obm-

1075 2789 1172 2822 νομίαν
1187 2789 1362 2821 σελέσαντος,
1383 2789 1429 2815 καὶ
1446 2789 1495 2823 τῆς
1511 2789 1593 2816 αὐτοῦ
1610 2789 1805 2824 σωτηριώεους
1831 2791 1878 2816 ἐυε-
