1909 3078
60 161 124 193 339ῗ

506 150 657 182 LAUDES
675 148 716 179 IN
733 148 787 178 SS.
811 145 943 177 CYRUM
963 145 1010 175 ET
1027 142 1215 176 JOANNEM.

1631 134 1700 169 3393

59 217 265 254 ὰνθρωπήσεως
288 214 333 240 τὸν
359 210 460 239 σκοπὸν
478 208 718 243 ὲκπληρώσαντος,
745 204 792 231 καὶ
819 203 850 229 τὸ
864 207 878 234 Α

945 209 968 230 2r
979 201 1093 236 quidem
1106 199 1296 234 dispoliasset,
1313 195 1445 224 velociter
1457 198 1546 221 autem
1558 192 1701 227 depraeda-

979 247 989 254 ,ι
1010 247 1015 252 -
1068 252 1072 254 .
1135 249 1142 254 .
1172 251 1244 254 ,ημμ
1280 250 1338 254 -..μ
1366 245 1428 254 ,ιη-ρ.
1451 239 1567 254 νεικέοι-ιιι
1597 238 1701 254 caluum

59 249 122 301 πρὶν
136 249 278 293 ἀπολωλὸς
290 258 476 287 διασώσαντος
490 254 639 290 πρόϐατον,
648 251 695 278 καὶ
707 252 763 282 τοῖς
777 249 852 280 ἰδίοις

59 295 146 345 ὥιμοις
169 309 320 344 ὀχούμενον
341 303 380 339 τῷ
405 301 494 336 Πατρὶ
521 298 774 335 προσενέγκαντος,
805 295 854 332 καὶ

61 356 160 390 μᾶλλον
177 354 220 380 ἐπ’
235 341 310 386 αὐτῷ
325 350 341 385 ἢ
354 349 402 376 ἐπὶ
415 349 470 378 τοῖς
489 346 652 380 ἐνενήκοντα
663 343 742 369 ὲννὲα
756 342 811 372 τοῖς
823 341 853 367 οὺ

60 387 194 428 παθοῦσιν
211 399 259 434 τὴν
277 395 416 425 ἀπώλειαν
440 392 597 428 χαίροντος·
624 390 675 425 ἥδη
699 388 727 415 δὲ
746 387 793 422 τὴν
814 387 853 417 είς

62 446 177 481 οὖρανὺν
192 445 260 479 ἡμῖν
280 441 454 471 καινίσαντος
471 438 575 468 ἄνοδον,
592 436 638 462 καὶ
649 434 698 470 τὴν
711 434 751 464 είς
764 432 855 467 παρά-

62 492 149 517 δεισον
169 489 328 521 ἀνοίξαντος
351 485 466 516 εἴσοδον,
484 483 531 510 καὶ
546 481 595 517 τὴν
619 482 651 507 ὲκ
666 480 753 514 τάφου
776 478 857 505 δεδω-

64 536 141 567 κότος
159 535 325 561 ἀνάστασιν·
352 531 402 567 ήδη
424 528 565 564 σωτηρίαν
586 529 615 554 ὲν
642 526 716 561 μέσῳ
731 525 781 559 τῆς
806 523 859 558 γῆς

64 580 314 617 πρυτανεύσαντας,
333 577 380 604 καὶ
395 577 445 611 τὴν
463 573 649 608 σαλευομένην
666 569 858 613 κραταιωσαν-

87 607 95 617 ς
293 607 313 611 ..
424 607 430 611 .
566 607 569 608 ν
768 607 773 613 .

64 636 110 658 τος
127 626 276 656 Θάλατταν,
292 623 341 650 καὶ
362 622 416 649 τῶν
432 622 461 648 ὲν
477 621 546 655 αὐτῇ
571 618 728 654 δρακόντων
743 616 792 646 τὰς
811 623 858 640 κε-

66 674 154 708 φαλὰς
173 671 406 701 καταθλάσαντος,
433 667 481 694 καὶ
495 664 685 700 ἅγκιστρωτον
703 661 860 694 πολυκέφα-

66 721 112 747 λον
124 718 240 751 ἄξαντος
254 716 392 752 δράκοντα
403 722 410 729 ·
437 714 488 749 ἤδη
510 712 558 747 τὴν
582 708 737 743 διαϐολικὴν
752 708 861 741 ἀπάτην

68 764 150 792 αὑτοῦ
164 764 213 790 καὶ
226 762 256 788 τὺ
271 760 418 796 πρόσωπον
437 755 655 791 ἐκχαλὺψαντος,
680 753 728 780 καὶ
742 753 781 784 εἰς
795 751 863 777 πτύ-

69 811 110 844 ξιν
125 812 158 837 τὰ
177 809 282 844 κρύφια
297 806 345 833 τοῦ
361 805 486 840 θώρακος
503 802 706 832 εἰσελάσαντος,
720 799 768 825 καὶ
782 798 863 825 δεδω-

71 859 149 888 κότος
165 857 233 891 ἡμῖν
249 854 342 880 ἐπάνω
359 852 453 878 πατεῖν
477 850 567 883 ὄφεων
592 848 638 874 καὶ
655 845 794 880 σκορπίων
816 843 864 869 καὶ

72 904 163 937 πάσης
190 899 282 927 αὐτῶν
308 898 359 932 τῆς
383 896 542 930 δυνάμεως·
562 894 613 929 ήδη
638 893 667 918 δὲ
684 891 765 918 πάλιν
784 898 864 924 περι-

73 935 165 978 θὲντος
176 943 297 981 Χριστοῦ
314 942 433 978 φορῦεὰν
448 941 494 967 ὲπὶ
510 941 570 974 ῥῖνα
586 938 632 965 τοῦ
648 935 867 972 δράκοντος,καὶ

73 994 170 1029 κρίκον
189 992 246 1022 τοῖς
275 989 412 1025 μυκτῆρσι
436 986 642 1021 προσδήσαντος
656 1004 663 1016 ,
680 984 726 1009 καὶ
741 982 775 1008 τὰ
790 981 868 1017 χείλη

75 1027 176 1072 eam?
199 1035 390 1072 τρυπήσαντος
404 1053 411 1064 ,
427 1031 568 1067 εἰληφότος
584 1039 613 1056 τε
628 1029 710 1056 αὑτὸν
732 1028 778 1054 τὸν
801 1027 869 1053 ἁπο-

78 1085 179 1119 στὰτην
192 1082 241 1109 καὶ
255 1081 363 1116 φυγάδα
376 1079 467 1105 δοῦλον
481 1077 638 1111 γενόμενον,
665 1075 711 1101 καὶ
725 1073 869 1108 δεδεμένον

77 1132 142 1167 ἡμῖν
157 1129 253 1163 ὥσπερ
272 1125 412 1162 στρουθίον
438 1123 537 1157 παιδίῳ
550 1121 608 1156 λαῷ
632 1120 670 1155 τῷ
687 1119 735 1146 τοῦ
749 1116 869 1153 Χριστοῦ

78 1164 240 1213 ἧπιάζοντι
251 1173 395 1207 νείμαντος
406 1179 413 1186 ’
429 1169 481 1205 ἤδη
496 1168 525 1195 δὲ
539 1167 714 1197 πεπτωκότος
730 1164 870 1198 ἑωσφόρον

77 1208 124 1248 τοῦ
148 1219 224 1256 πρωϊ
246 1217 450 1248 ἀνατέλλοντος,
474 1215 521 1242 καὶ
545 1214 594 1248 τῆς
614 1213 644 1239 ὲν
668 1211 793 1246 οὐρανοῖς
811 1208 872 1234 ἐλα-

81 1267 190 1297 σθέντος
204 1265 350 1299 οἰκήσεως,
379 1261 427 1288 καὶ
453 1261 538 1287 οἰκεῖν
565 1255 805 1293 προσταττομένου
822 1253 873 1288 τὴν

81 1314 198 1341 ἄϐυσσον
210 1319 217 1326 ·
232 1311 283 1346 ήδη
300 1309 328 1336 δὲ
346 1308 440 1335 λοιπὸν
453 1307 500 1334 καὶ
515 1305 562 1332 τοῦ
577 1304 633 1331 τῶν
647 1301 805 1346 ἀποστόλων
822 1307 873 1334 κη-

83 1360 223 1395 ρύγματος
240 1345 288 1391 τὴν
306 1353 470 1389 οἰκουμένην
486 1351 672 1386 φωτίσαντος,
686 1347 734 1374 καὶ
751 1345 799 1372 τοῦ
818 1345 873 1371 τῶν

84 1389 181 1437 digitm;
195 1389 305 1429 δικτῦου
325 1400 370 1426 τὸν
387 1399 490 1433 κόσμον
501 1395 744 1431 ζωγραφήσαντος,
762 1392 810 1418 καὶ
825 1389 874 1417 τοῦ

85 1445 286 1482 nuto-totum?)
303 1444 437 1480 σμίλακος
455 1442 503 1477 τὴν
520 1439 685 1474 ἀναίσθητον
702 1437 807 1472 πλάνην
827 1436 875 1462 ὲκ-

83 1494 224 1529 τεμόντος,
241 1491 289 1518 καὶ
297 1488 436 1524 πανταχοῦ
453 1487 483 1514 τὺ
499 1486 599 1513 σεπτὸν
614 1483 781 1518 Εὑαγγέλιον
795 1482 875 1515 διαγ-

85 1528 237 1574 γέλλοντος,
251 1538 301 1562 καὶ
314 1536 405 1570 πάσης
420 1532 522 1568 σαρκὸς
539 1531 645 1567 ὁρώσης
660 1529 728 1556 Θεοῦ
743 1528 773 1554 τὸ
791 1528 878 1562 σωτή-
891 1544 913 1573 c

88 1594 159 1620 ριον·
184 1584 236 1619 ἠδη
258 1583 287 1609 δὲ
304 1584 352 1616 τῆς
374 1580 421 1607 τοῦ
445 1578 513 1605 Θεοῦ
532 1577 672 1613 βασιλείας
693 1575 723 1608 ἐξ
742 1573 876 1601 Ἰουδαίων

88 1631 218 1667 ἀρθείσης
231 1630 288 1660 τοῖς
304 1627 408 1654 ἔθνεσιν
420 1627 475 1657 τοῖς
489 1625 593 1660 ὦριμον
605 1623 695 1653 αὐτοῖς
710 1622 756 1648 τὸν
771 1620 877 1655 καρπὸν

88 1677 144 1712 Θεῷ
161 1676 201 1711 τῷ
215 1674 345 1702 δεδωκότι
361 1672 573 1708 προσφέρουσιν,
589 1669 637 1695 καὶ
650 1667 697 1694 τοῦ
709 1666 877 1694 Δεσποτικοῦ

89 1711 248 1758 ἀμπελῶνος
262 1720 325 1751 τοὺς
340 1718 404 1753 περὶ
426 1717 475 1751 τὴν
501 1715 649 1748 ἑνδεκάτην
665 1713 740 1748 ὤραν
759 1711 879 1748 ἐργάτας

89 1767 322 1802 ἀμπελοιρύλακας
338 1764 446 1799 ἔχοντος
457 1771 463 1778 ·
480 1761 526 1788 καὶ
551 1760 598 1786 τοῦ
623 1759 754 1789 πεσόντος
778 1759 818 1788 εἰς
833 1755 879 1783 εὖ·

91 1824 165 1849 γαιον
179 1815 302 1850 ἄρουραν
314 1812 473 1846 σπέρματος
486 1807 534 1841 τὴν
549 1806 636 1841 καλὴν
651 1804 779 1837 αὔξοντος
795 1802 881 1837 αὗξη-

92 1870 148 1888 σιν·
165 1861 216 1888 καὶ
231 1859 280 1894 τὴν
304 1855 495 1892 καρποφορίαν
517 1854 545 1879 ὲν
570 1852 666 1878 ἑκατὸν
683 1851 730 1877 καὶ
749 1850 881 1883 ἑξήκοντα

91 1908 138 1934 καὶ
167 1893 327 1940 τριάκοντα,
352 1900 419 1927 Θεοῦ
445 1899 562 1929 διδόντος
587 1896 626 1932 τῷ
649 1896 809 1931 σπείραντι·
833 1893 882 1920 καὶ

93 1955 200 1981 πάντων
214 1952 304 1977 πάντα
319 1947 483 1974 πωλούντων
495 1945 529 1972 τὰ
545 1945 609 1976 ἴδια,
629 1944 676 1970 καλ¹
687 1941 882 1981 λαμὸανόντων

93 1977 282 2026 ἐξίοι-άντων
312 1993 358 2020 τὸν
385 1991 534 2026 πολύτιμον
564 1990 724 2024 μάργαρον’
753 1987 801 2013 καὶ
830 1977 883 2013 τῶν

93 2042 232 2079 ὺψιπετῶν
249 2040 351 2076 ὀρνέων
376 2038 422 2064 ἐπὶ
437 2036 500 2067 τοὺς
518 2035 632 2066 κλάδους
647 2031 819 2068 σκηνούντων
836 2029 883 2057 τοῦ

95 2090 180 2126 βραχυ
185 2088 237 2114 σπό
242 2095 288 2121 pou
308 2085 461 2114 συνάπῖως.

128 2122 176 2165 ιξλ.
194 2132 280 2158 Πάλιν
308 2130 322 2156 ό
342 2129 450 2164 δράκων
472 2128 486 2154 ὁ
507 2125 612 2156 σκολιὸς
631 2123 679 2160 τὴν
702 2123 824 2158 κεφαλὴν
846 2122 885 2157 τῷ

95 2178 204 2214 σταυρῷ
220 2174 396 2205 συνθλασθεὶς
408 2174 439 2199 τὸ
452 2173 561 2208 οὐραῖον
576 2170 703 2197 ἐσάλευεν
714 2178 721 2184 ·
739 2169 785 2195 καὶ
798 2168 886 2204 ταύτῃ

904 252 949 276 tus
978 247 1088 278 fuisset.
1117 249 1144 273 et
1167 251 1245 272 ovem
1278 250 1340 278 qua:
1366 245 1429 268 ante
1451 239 1570 274 perierat
1597 238 1702 266 salvam

905 293 1017 321 fecisset
1031 312 1038 324 ,
1054 291 1182 323 Patrique
1212 289 1332 324 propriis
1346 292 1452 314 vectam
1471 285 1594 313 humeris
1609 289 1704 312 sustu-

906 340 995 371 lisset,
1011 342 1037 366 et
1052 338 1141 373 magis
1164 343 1247 371 super
1269 342 1328 362 eam
1343 341 1426 369 quam
1442 340 1526 367 super
1553 332 1704 367 nonaginta

905 393 1003 413 novem
1019 393 1079 420 qua:
1096 392 1150 411 non
1168 383 1306 418 perierant
1331 380 1486 416 gratulatus
1499 380 1614 411 fuisset;
1632 379 1705 412 jam-

907 439 960 467 que
998 439 1060 458 cum
1093 431 1120 457 in
1151 429 1251 456 corium
1285 427 1366 454 nobis
1395 433 1540 453 ascensum
1574 424 1705 451 innovas-

908 481 971 511 Set,
999 481 1026 505 et
1059 475 1178 511 paradisi
1212 474 1317 501 aditum
1352 475 1507 499 reserasset
1540 475 1568 498 et
1610 477 1706 497 resur-

909 524 1058 552 rectionem
1092 530 1124 550 ex
1148 522 1277 556 Sepulcro
1303 519 1441 552 dedisset;
1467 524 1621 551 rursusque
1644 523 1706 542 cum

911 570 1025 598 salutem
1054 570 1082 596 in
1108 567 1199 595 medio
1233 571 1312 593 terra:
1338 565 1547 599 dispensasset,
1579 567 1606 588 et.
1631 568 1707 588 mare

911 617 982 650 quod
997 615 1223 642 commovebatur
1241 612 1389 642 firmasset,
1409 615 1436 636 et
1450 610 1601 637 draconum
1617 609 1662 643 qui
1679 609 1706 635 in

912 669 944 688 eo
960 665 1039 688 erant.
1055 661 1146 694 capita
1161 658 1357 692 confregisset,
1377 657 1513 690 hamoque
1532 656 1594 682 inde
1609 655 1708 681 draco-

913 715 974 735 nem
999 707 1074 733 illum
1103 706 1150 740 qui
1169 695 1227 732 erat
1248 704 1396 731 multorum
1420 702 1540 736 capitum
1557 700 1708 731 eduxisset,

914 752 1015 780 diaboli
1027 751 1108 777 etiam
1122 749 1323 780 seductionem,
1335 755 1396 782 qua:
1409 747 1496 780 ipsius
1507 753 1616 780 quoque
1630 744 1712 771 indu-

915 799 999 825 menti
1018 797 1104 824 facies
1119 800 1179 827 est,
1198 795 1357 825 detexisset,
1376 797 1402 820 et
1427 793 1507 819 faciei
1533 792 1593 826 ejus
1617 795 1711 825 portas

916 844 1091 880 aperuisset,
1125 849 1264 876 supraque
1305 845 1451 874 serpentes
1494 843 1521 866 et
1552 838 1712 871 scorpiones

918 896 1084 924 omnemque
1097 888 1224 915 virtutem
1241 894 1335 913 eortun
1353 886 1462 912 calcare
1478 884 1619 911 dedisset:
1636 890 1712 909 cum-

919 944 972 971 que
992 936 1091 962 iterum
1107 934 1235 962 Christus
1249 934 1306 968 jam
1329 932 1481 967 capistrttm
1498 931 1571 957 circa
1584 930 1714 957 draconis

919 989 1017 1009 nasum
1034 981 1222 1015 impOsuisset,
1239 983 1266 1007 et
1282 979 1416 1005 circulum
1433 978 1459 1004 in
1477 977 1590 1004 naribus
1602 976 1716 1011 alligas-

921 1033 972 1060 set,
993 1031 1020 1055 et
1037 1026 1142 1054 armilla
1166 1026 1236 1052 labia
1267 1024 1453 1059 perforasset;
1469 1030 1587 1055 etuuqne
1605 1029 1716 1056 aposm-

922 1080 976 1100 tam
1000 1077 1027 1100 et
1049 1072 1195 1108 fugitivum
1223 1071 1346 1102 factum,
1363 1077 1483 1096 servum
1513 1069 1715 1102 sempiternum

922 1119 1087 1154 accepisset,
1105 1123 1186 1152 atque
1203 1116 1285 1144 nobis
1311 1116 1433 1142 vinctum
1460 1114 1539 1149 quasi
1564 1121 1715 1148 passerem,

923 1173 1020 1201 puero,
1045 1164 1146 1199 populo
1169 1163 1287 1195 scilicet,
1305 1162 1368 1196 quia
1384 1161 1410 1187 in
1429 1161 1490 1195 ipso
1515 1160 1625 1187 Christo
1652 1166 1718 1194 par-

923 1212 1004 1240 vulus
1020 1215 1073 1243 est,
1091 1211 1252 1242 tribuisset;
1266 1209 1314 1236 sed
1341 1212 1368 1235 et
1397 1214 1460 1234 cum
1476 1207 1531 1242 jam
1549 1205 1649 1232 lucifer
1670 1205 1718 1239 qui

924 1265 1005 1285 mane
1020 1257 1164 1284 oriebatur
1177 1255 1341 1285 cecidisset,
1358 1257 1385 1280 et
1401 1253 1435 1279 ab
1451 1252 1592 1279 hominum
1610 1250 1719 1277 habita-

926 1305 1001 1332 tione
1013 1303 1121 1339 pulsus,
1136 1303 1262 1330 habitare
1271 1301 1368 1336 jussus
1378 1299 1593 1335 apud'abyssum
1608 1297 1719 1325 fuisset:

925 1351 992 1386 quin
1008 1355 1034 1378 et
1049 1358 1111 1377 cum
1124 1349 1181 1383 jam
1195 1348 1385 1383 apostolorum
1403 1345 1563 1380 praedicatio
1583 1351 1720 1372 terrarum

927 1397 1020 1423 orbem
1053 1396 1258 1426 illuminassct,
1291 1397 1318 1420 et
1348 1391 1518 1419 verriculum
1553 1390 1721 1424 piscatorum

927 1442 1058 1468 mundum
1080 1444 1207 1467 venatum
1230 1443 1317 1469 esset,
1333 1442 1359 1465 et
1375 1439 1483 1465 sutorio
1506 1436 1614 1471 scalpro
1631 1436 1723 1462 insen-

928 1493 1018 1516 satum
1034 1495 1154 1515 errorem
1171 1486 1330 1518 recidisset;
1343 1489 1370 1511 et
1383 1485 1484 1519 ubique
1495 1487 1622 1510 sanctum
1636 1481 1724 1508 Evan-

929 1534 1028 1568 gelium
1055 1533 1245 1568 praedicasset,
1272 1531 1420 1565 omnisque
1440 1537 1505 1556 caro
1529 1529 1650 1557 salutare
1675 1528 1723 1555 Det

931 1581 1063 1613 vidisset;
1080 1587 1131 1606 nec
1159 1587 1215 1606 non
1241 1585 1303 1604 cum
1329 1577 1384 1612 jam
1399 1581 1428 1603 et
1445 1583 1559 1610 regnum
1580 1574 1626 1601 Dei
1643 1582 1657 1601 a
1675 1573 1725 1600 Ju-

932 1627 999 1654 dalis
1016 1626 1135 1653 ablatum
1152 1629 1179 1652 et
1193 1625 1322 1661 gentibus
1338 1623 1431 1651 datum
1448 1622 1563 1653 fuisset,
1587 1630 1648 1656 qua:
1665 1621 1726 1648 fru-

932 1677 1005 1700 ctum
1022 1673 1050 1699 in
1066 1676 1188 1706 tempore
1203 1678 1253 1698 suo
1267 1670 1321 1697 Deo
1345 1669 1391 1704 qui
1416 1669 1491 1695 dedit
1508 1667 1636 1700 offerunt,
1651 1671 1679 1694 et
1700 1667 1727 1694 in

933 1718 1074 1744 Dominica
1092 1717 1172 1744 vinea
1188 1723 1238 1743 eos
1267 1715 1313 1750 qui
1337 1715 1411 1740 circa
1438 1713 1610 1740 undecimam
1629 1712 1726 1737 horam

933 1771 1034 1792 venere
1052 1763 1183 1790 custodes
1197 1767 1224 1789 et
1235 1761 1376 1796 operarios
1399 1759 1554 1790 habuisset,
1580 1761 1607 1785 et
1634 1764 1728 1784 semen

935 1809 1008 1845 quod
1025 1809 1052 1836 in
1068 1799 1167 1835 bonam
1183 1813 1283 1834 terram
1303 1806 1452 1837 ceciderat,
1469 1805 1542 1831 bono
1556 1804 1730 1830 incremento

937 1856 1081 1888 crevisset,
1100 1855 1264 1889 fructusque
1277 1853 1446 1880 oblationem
1466 1860 1514 1887 per
1528 1851 1649 1884 singula,
1665 1857 1731 1877 cen-

936 1906 993 1930 tum
1008 1902 1049 1928 vel
1065 1901 1216 1936 sexaginta,
1250 1900 1307 1927 sive
1331 1899 1453 1934 triginta,
1475 1897 1528 1924 Deo
1548 1898 1593 1932 qui
1610 1897 1729 1924 semina-

936 1948 975 1975 vit
993 1947 1125 1978 dedisset,
1140 1953 1293 1980 omnesqne
1311 1945 1404 1971 munia
1421 1952 1470 1972 sua
1484 1943 1686 1974 vendidissent,
1703 1947 1731 1970 et

937 1994 1087 2029 pretiosum
1102 1993 1282 2027 margaritum
1301 1999 1348 2025 pro
1377 1990 1508 2017 omnibus
1541 1990 1729 2024 accepissent,

938 2039 971 2066 ad
989 2039 1120 2072 celsaque
1136 2037 1260 2064 volantes
1275 2044 1340 2063 aves
1355 2043 1437 2070 supra
1453 2042 1545 2062 ramos
1573 2034 1651 2069 parvi
1686 2041 1732 2061 sc-

940 2084 1033 2113 minis.
1048 2083 1153 2117 sinapis
1165 2082 1283 2114 scilicet,
1302 2082 1485 2108 habitassent.

976 2130 1020 2157 l6.
1036 2129 1137 2156 lterum
1154 2132 1297 2154 tortuosus
1311 2127 1394 2153 draco
1420 2133 1469 2161 per
1495 2132 1606 2152 crucem
1642 2125 1733 2158 capite

941 2179 1143 2210 conquassatus
1165 2173 1281 2201 caudam
1297 2173 1434 2204 movebat,
1450 2177 1477 2198 et
1502 2171 1553 2198 hoc
1587 2171 1668 2197 modo
1690 2170 1734 2197 de-

95 2225 187 2260 φοϐεἶν
205 2223 267 2253 τοὺς
284 2220 464 2250 εὖσεῦοῦντας
479 2218 617 2252 ἐνόμιζεν·
632 2216 714 2243 πάλιν
729 2216 742 2242 ὁ
759 2223 878 2250 νυκτερι-

945 2224 1044 2247 terrere
1059 2219 1102 2254 pie
1116 2222 1229 2253 agentes
1245 2217 1423 2245 existimabat
1442 2224 1449 2242 :
1463 2216 1562 2243 iterum
1578 2221 1733 2242 nocturnus

95 2270 137 2302 νὸς
151 2268 270 2303 σπορεὺς
284 2267 379 2295 σκότος
394 2265 423 2297 ἐξ
436 2264 576 2300 ἑωσφόρου
587 2263 743 2298 γενόμενος,
760 2263 788 2288 ἐν
803 2262 890 2296 σκότῳ

96 2315 220 2350 σπείρειν
235 2313 270 2340 τὰ
284 2314 337 2340 ῐδια
354 2311 518 2348 προσεπόοει
536 2309 644 2342 ζιζάνια
657 2317 663 2323 “
685 2308 767 2334 πάλιν
793 2309 826 2334 τὰ
842 2316 892 2333 πε-

96 2361 170 2388 τεινὰ
196 2360 232 2386 τὰ
259 2359 374 2393 οὐράνια
393 2357 424 2384 τὸ
446 2356 521 2392 παρὰ
541 2355 589 2391 τὴν
612 2355 670 2381 ὁδὸν
695 2355 727 2382 ὲκ
742 2353 790 2380 τοῦ
806 2352 890 2380 καλοῦ

60 2408 63 2410 “
98 2407 220 2443 σπορέως
244 2405 326 2431 πεσὸν
343 2403 495 2431 κατεσθίειν
511 2401 675 2437 ἠϐούλοντο·
699 2400 780 2428 πάλιν
808 2401 822 2426 ὁ
842 2399 890 2434 τὴν

98 2452 169 2479 Εὕαν
191 2451 332 2485 πλανήσας
356 2449 517 2484 συρίγματι,
537 2447 584 2474 καὶ
600 2446 645 2473 τον
667 2446 753 2480 Ἀδὰμ
773 2447 890 2481 ποιήσας

98 2497 231 2528 ἀντίθεον,
246 2497 261 2522 ὁ
281 2495 327 2521 τὸν
343 2494 428 2521 Ἀεελ
449 2493 583 2528 φονεύσας
598 2492 636 2524 ὡς
650 2492 764 2524 δίκαιον¹
782 2493 829 2518 καὶ
844 2491 891 2518 τὸν

99 2544 169 2570 Κάῖν
195 2541 313 2576 ἀδελφοῦ
339 2542 422 2576 φονέα
447 2540 620 2574 τευξάμενος,
635 2539 649 2565 ὁ
666 2539 711 2565 τὸν
729 2538 812 2565 πάλαι
828 2537 891 2564 λαὸν

99 2590 217 2624 ποιήσας
247 2587 412 2623 φιλόσαρκον
436 2587 483 2612 καὶ
504 2585 653 2612 ἀπολέσθαι
678 2585 892 2621 παρασκευάσας

99 2635 132 2661 δι’
146 2635 259 2666 ὓδατος·
274 2634 288 2660 ὁ
300 2633 344 2659 τὸν
360 2633 425 2668 Χὰμ
440 2632 553 2663 τελέσας
566 2631 713 2666 ἐπάρατον,
728 2631 776 2656 καὶ
790 2631 846 2661 τοῖς
862 2630 891 2656 ἐν

99 2681 212 2716 Χανὰνῃ
232 2679 282 2714 τὴν
303 2678 359 2705 τῶν
377 2678 509 2712 γλωσσῶν
528 2677 688 2712 ἐπαρτήσας
708 2675 841 2711 διαίρεσιν
854 2684 860 2690 ⁸
876 2676 890 2702 ὁ

100 2727 154 2758 τοῖς
167 2724 323 2761 ἀνθρώποις
338 2724 478 2760 πληθύνας
489 2723 525 2751 τὰ
537 2723 644 2755 εἴδωλα,
663 2722 711 2749 καὶ
725 2721 792 2748 Θεοῦ
807 2721 890 2757 χωρί-

941 2267 1026 2296 sator,
1041 2262 1159 2290 tenebrae
1175 2269 1207 2289 ex
1225 2261 1340 2288 lucifero
1360 2260 1459 2292 factus,
1474 2260 1501 2286 in
1516 2259 1638 2287 tenebris
1650 2260 1733 2286 semi-

941 2315 1006 2335 nare
1017 2315 1066 2334 sua
1076 2306 1251 2334 desiderabat
1273 2307 1396 2337 zizania;
1421 2305 1520 2332 iterum
1542 2305 1669 2332 caelestes
1686 2312 1734 2331 vo-

941 2355 1032 2380 lucres
1058 2360 1150 2380 semen
1172 2352 1245 2387 quod
1270 2359 1351 2378 secus
1372 2352 1454 2382 viam,
1482 2359 1514 2378 ex
1541 2351 1615 2378 bono
1641 2355 1734 2378 satore

941 2398 1088 2430 ceciderat,
1111 2398 1245 2425 devorare
1270 2398 1411 2430 volebant;
1426 2398 1537 2425 ,iterum
1568 2397 1614 2431 qui
1643 2401 1732 2424 tenL-t

940 2453 998 2477 eos,
1011 2445 1056 2479 qni
1074 2449 1138 2471 sunt
1152 2444 1275 2477 Christi,
1300 2445 1346 2477 qui
1376 2447 1494 2470 tentatus
1527 2447 1569 2470 est
1597 2446 1624 2470 et
1656 2443 1733 2476 vicit,

941 2496 1047 2519 tentare
1068 2492 1220 2526 gestiebat;
1250 2491 1348 2517 iterum
1378 2492 1461 2516 draco
1487 2490 1535 2524 qui
1573 2489 1655 2517 sibilo
1682 2498 1733 2518 suo

942 2537 1025 2564 Evam
1044 2537 1164 2570 seduxit,
1180 2542 1207 2564 et
1224 2537 1309 2563 Adam
1332 2536 1386 2563 Deo
1404 2535 1469 2563 fecit
1487 2537 1671 2569 contrarium,
1686 2537 1734 2571 qui

941 2586 1009 2613 A'bcl
1022 2585 1290 2619 occiditutjustum,
1307 2590 1333 2611 et
1354 2584 1421 2610 Cain
1450 2583 1618 2611 fratricidam
1639 2590 1734 2618 operm

944 2636 990 2659 tus
1005 2637 1057 2666 est,
1070 2631 1115 2667 qtti
1134 2631 1277 2666 antiquum
1293 2631 1422 2665 populum
1438 2630 1530 2658 carnis
1548 2629 1612 2656 fecit
1628 2633 1735 2656 amato-

945 2686 1014 2710 rem,
1030 2683 1056 2705 et
1068 2678 1162 2713 egitut
1173 2685 1221 2712 per
1238 2684 1336 2712 aquam
1356 2676 1474 2710 periret;
1489 2676 1535 2711 qui
1552 2676 1638 2703 Cham
1652 2675 1734 2702 male-

945 2723 1048 2752 dictum
1063 2724 1192 2760 patravit,
1209 2728 1236 2752 et
1251 2723 1295 2752 his
1307 2723 1353 2759 qui
1371 2724 1398 2750 in
1413 2722 1733 2761 Cltalaritie(7-8)repcrtt

866 2800 982 2830 NOTAE.

118 2856 186 2896 (7-8)
199 2858 230 2886 In
247 2859 345 2885 codicis
363 2859 481 2894 margine
494 2859 663 2887 Chanahari.
