1909 3078
78 149 148 182 3401

579 149 728 180 LAUDES
745 148 785 178 IN
807 148 858 178 SS.
877 148 1007 178 CYRUM
1022 148 1068 177 ET
1082 147 1272 179 JOANNEM.

1648 147 1718 180 3402

81 207 171 241 ᾤκουν
187 204 220 232 τδ
237 205 381 241 πρότερον,
398 204 438 231 ἔτι
453 205 525 232 κατὰ
541 206 592 240 γῆν
611 203 808 239 διατρίϐουσαι,
831 202 877 228 καὶ

949 203 1034 230 asiam
1049 209 1158 237 quoque
1172 203 1351 230 nominabant
1360 202 1478 230 radicem
1487 209 1548 238 qure
1558 202 1718 238 virginalem:

82 253 114 277 τὺ
128 253 178 286 τῆς
197 250 348 285 παρθενίας
369 250 560 285 διατρέχουσαι
578 250 685 276 στάδιον
697 257 704 264 ·
730 248 777 275 νῦν
790 247 818 273 δὲ
834 247 880 273 τὸν

83 297 199 331 οὐρανὸν
227 296 310 323 αὑτὸν
337 296 386 321 σὺν
409 297 466 327 τοῖς
489 296 622 332 μάρτυσιν
646 295 716 330 ὑπὲρ
740 293 880 324 εὐσεϐείας

84 341 214 367 ἀθλοῦσιν
229 340 411 376 συνὴθλησαν.

935 248 1006 274 hanc
1021 252 1048 274 et
1060 248 1142 274 trium
1159 248 1334 274 surculorum
1349 248 1474 275 arborem
1492 247 1613 282 protulit,
1624 251 1657 275 'et
1672 255 1719 274 rus

936 293 1008 326 quod
1025 292 1116 327 spicas
1131 293 1303 319 castissimus
1318 293 1396 320 aluit.
1413 292 1459 320 Ilae
1486 293 1557 328 apud
1578 292 1719 326 Canopum

934 338 1011 372 prius
1024 338 1224 370 hahitaverant,
1240 338 1330 364 adhuc
1346 337 1372 364 in
1387 342 1460 365 terra
1483 343 1682 366 conversantes
1695 344 1722 364 et

82 389 204 414 stadium
234 387 317 414 simul
332 387 498 423 virginitatis
515 392 733 421 concurrentes;
758 394 832 414 nunc
843 389 932 412 autem
950 385 1049 412 malum
1078 384 1168 419 ipsum
1200 391 1263 411 cum
1298 385 1465 419 martyribus
1484 385 1619 415 habitant,
1650 390 1722 418 quo-

83 435 158 461 niam
173 439 201 460 et
217 442 280 460 cum
307 434 477 469 martyribus
499 441 550 468 pro
575 434 677 468 pietate
708 432 881 460 certantibus
898 432 1082 457 certaverunt.

121 481 165 506 ιϐ’.
183 481 302 516 Προνοίᾳ
314 480 343 507 δὲ
366 480 414 507 τοῦ
429 480 549 515 Χριστοῦ
569 481 616 507 τοῦ
632 480 750 515 νυμφίου
764 479 879 514 γεγένη-

82 534 140 557 ται,
161 526 206 550 ἵνα
230 526 291 556 ταῖς
313 525 368 551 τῶν
384 525 509 561 ἀθλητῶν
524 526 673 560 καρτεραῖς
690 523 880 551 ἀντιστάσεσιν

87 571 267 606 στομιιιθῶσιν
282 570 470 606 ἀσθενέστερα
482 570 592 605 γύναια,
604 571 651 597 καὶ
665 571 720 602 τοῖς
734 569 883 604 νυμφοστό-

87 617 144 648 λοις
160 618 188 643 αἱ
204 617 310 651 νύμφαι
328 618 368 648 είς
382 617 515 652 νυμιρῶνοι
536 617 581 643 τον
601 616 726 651 οὐράνιον
743 614 882 641 συνεισελ-

88 663 172 689 θωσιν
184 670 191 676 ·
214 661 366 697 πληροῦται
381 662 410 688 δὲ
432 662 478 688 τοῦ
493 662 620 697 Νυμφίου
634 662 665 687 τὸ
682 661 817 696 βούλημα,
835 659 883 686 καὶ

87 709 147 742 ἅμα
162 708 228 739 τούς
245 716 275 733 τε
289 708 492 742 νυμφαγωγοὺς
506 708 553 734 καὶ
568 708 616 739 τὰς
630 712 740 742 νύμφας
759 707 819 737 ταῖς
836 706 883 732 οὺ-

89 754 345 788 ρανίαιςὲκόἐχεται
357 755 534 781 παστὰσεσιν.
553 753 686 780 Ἐνταῦθα
699 762 744 788 μοι
759 753 810 788 τὴν
824 753 879 779 τῶν

89 801 241 835 μαρτύρων
254 799 364 834 βλέπετε
381 800 527 834 μέριμναν,
546 799 593 826 καὶ
604 799 653 834 τὴν
666 799 736 834 ὑπὲρ
751 798 838 825 ἄλλων
852 800 880 825 ὲν

89 847 206 881 τοιούτῳ
226 846 315 881 καιρῷ
329 845 458 880 φροντίδα
473 845 652 880 στοχάσασθε.
673 845 710 871 Οὐ
727 846 807 879 μόνον
826 845 880 880 γὰρ

973 478 1015 505 19.
1031 477 1207 505 Providentia
1233 481 1363 512 praeterea
1377 477 1429 505 hoc
1456 477 1558 505 Christi
1570 479 1662 513 sponsi
1679 478 1721 506 fa-

936 526 1010 549 ctum
1035 525 1088 554 est,
1113 525 1144 548 ut
1168 522 1332 549 athletarum
1359 523 1545 557 perseveranti
1578 524 1719 552 resistenti

935 568 1101 599 constantia,
1117 566 1282 594 infirmiores
1305 571 1472 594 acuerentur
1500 568 1679 601 mulierculae,
1694 574 1722 597 et

936 617 997 637 cum
1015 612 1209 646 paranymphis
1229 619 1336 646 sponsa:
1360 612 1388 639 in
1411 613 1550 640 cmlestem
1569 615 1719 640 thalamum

936 655 1038 688 pariter
1052 655 1214 688 introirent;
1228 655 1357 690 impletur
1371 659 1460 683 autem
1477 657 1570 691 sponsi
1583 658 1719 690 voluntas,

936 702 963 725 et
975 706 1028 726 una
1040 707 1102 727 cum
1112 700 1325 735 ‘paranymphis,
1340 707 1458 735 sponsas
1471 709 1580 735 quoque
1598 704 1625 728 in
1641 703 1723 729 coni--

935 743 1024 770 stibus
1035 743 1154 770 admittit
1165 743 1308 771 cubiculis.
1318 743 1367 771 Hic
1380 745 1445 771 mihi
1455 749 1604 780 martyrum
1614 747 1725 780 aspicite

934 794 1040 819 curam,
1057 792 1084 815 et
1096 795 1146 822 pro
1162 789 1224 816 aliis
1245 788 1272 815 in
1292 789 1339 816 tali
1362 793 1485 824 tempore
1510 790 1723 818 sollicitudinem

934 837 1169 872 contemplamini.
1193 836 1253 863 Non
1281 836 1356 864 enim
1379 841 1487 863 tantum
1508 845 1557 872 pro
1577 845 1607 865 se
1636 839 1723 865 sancti

89 893 162 927 ὑπὲρ
177 892 284 918 ἑαυτῶν
300 892 424 926 ἠγωνίων
439 892 464 917 οἱ
482 892 565 924 ἆγιοι,
586 890 654 917 ἀλλὰ
675 890 808 917 κάκείνων
824 891 882 917 ’ἐνε-

945 882 1127 916 igonizabant,
1143 882 1191 910 sed
1209 885 1237 910 et
1255 887 1369 917 propter
1390 883 1451 909 illas
1472 883 1511 909 nil
1533 885 1625 910 minus
1643 892 1724 918 quam

91 946 140 964 κεν
160 939 212 973 οὐχ
224 935 306 972 ἦττον
322 937 426 964 ἑαυτῶν
443 937 621 963 ἐδεδοίκεισαν
631 946 637 952 ·
652 937 676 963 εί
695 936 731 972 μὴ
747 936 798 971 τῆς
811 937 886 971 σφῶν

91 984 184 1011 αὐτῶν
197 983 346 1018 ὀλιγότητι,
359 983 493 1009 κάκείνων
508 983 589 1009 αἴτιοι
603 983 735 1017 γένωνται
748 982 815 1017 πρὸς
826 981 887 1008 ἀσέ-

90 1030 179 1056 ϐειαν.
190 1027 266 1064 ’Λρα
280 1029 335 1064 γὰρ
358 1029 427 1064 πρὸς
452 1029 523 1055 πόσα
537 1029 582 1054 τὸν
598 1029 658 1055 τότε
683 1028 778 1062 καιρὸν
798 1027 887 1054 οἴεσθε

92 1074 218 1109 μερίζειν
231 1074 322 1100 αὐτῶν
335 1075 385 1109 τὴν
400 1074 536 1106 διάνοιαν;
554 1072 608 1108 ἆρα
620 1074 687 1109 πρὸς
702 1073 802 1105 πόσους
816 1074 888 1108 ἀφα-

90 1122 148 1151 νεῖς
161 1121 312 1155 λογισμοὺς
329 1120 456 1146 παλαίειν
478 1120 581 1155 αὐτοὺς
597 1120 657 1146 τότε
672 1120 812 1155 νομίζετε;
835 1117 889 1153 ἆρα

91 1166 162 1201 πρὸς
180 1166 279 1197 πόσαις
293 1166 353 1192 τότε
367 1165 532 1201 προσϐολαῖς
545 1154 592 1191 τοδ
606 1164 738 1200 φθονεροῦ
752 1165 799 1191 καὶ
813 1172 889 1198 μισο-

92 1212 179 1238 κάλου
195 1211 418 1246 προσεπλὲκοντο
433 1211 561 1246 δαίμονος
574 1220 582 1243 ;
598 1211 626 1237 '0
639 1210 688 1246 μὲν
701 1210 753 1245 γὰρ
767 1209 889 1241 διάϐολος

92 1258 144 1292 τὴν
164 1257 309 1292 παροῦσαν
332 1256 397 1288 ἴσως
419 1257 513 1288 αὐτοῖς
535 1256 608 1291 ζωὴν
624 1256 776 1287 ὑπετίθετο.
792 1255 839 1282 καὶ
852 1255 891 1287 ὡς

94 1303 163 1329 [διον
186 1302 217 1328 τὸ
239 1302 286 1328 τοῦ
309 1302 414 1336 κόσμου
441 1302 594 1328 θεόκτιστον
618 1302 710 1336 σχῆμα
732 1301 888 1336 διέγραφεν,

93 1347 173 1382 ἣλιον
187 1347 291 1380 γλυκὺν
308 1347 374 1382 ὁρᾷν
390 1347 581 1378 ἀνατέλλοντα,
596 1347 711 1381 σελήνην
729 1353 761 1372 τε
781 1346 891 1382 βλέπειν

96 1395 147 1420 σὺν
165 1393 284 1428 ἄστροισι
306 1393 350 1419 τὸν
366 1392 480 1428 οὐρανὸν
501 1392 734 1424 καλλωπίζουσαν,
750 1392 839 1428 ἀέρων
861 1400 892 1419 τε

98 1438 245 1473 προσηνῶν
256 1438 329 1473 ἔχειν
346 1438 505 1470 ἀνάπνοιαν,
522 1438 569 1464 καὶ
584 1438 636 1472 γῆν
650 1438 744 1464 πατεῖν
755 1437 803 1472 τὴν
817 1445 892 1472 παμ-

99 1484 234 1515 ποίκιλον,
251 1484 385 1510 θάλατταν
410 1483 486 1510 πλεῖν
502 1483 551 1517 τὴν
566 1483 732 1518 εὐρύχωρον,
752 1482 801 1508 καὶ
821 1482 889 1517 κρή-

99 1539 157 1562 ναις
173 1530 222 1557 καὶ
235 1531 369 1564 ποταμοῖς
383 1529 590 1565 ὲπιτέρπεσθαι,
607 1529 701 1556 ἄνθεσι
717 1529 764 1556 καὶ
775 1529 891 1563 λειμῶσι

100 1576 149 1610 τῆς
168 1576 222 1610 γῆς
247 1575 457 1608 ὲπαγάλλεσθαι,
476 1575 524 1600 καὶ
540 1575 594 1600 τῶν
609 1575 641 1600 ἐκ
655 1573 759 1601 τούτων
778 1573 893 1609 καρπῶν

101 1622 149 1656 τὴν
165 1620 318 1647 ἀπόλαυσιν
331 1619 479 1655 δρέπεσθαι
493 1627 501 1635 ο
517 1619 670 1650 θαλαττίοις
691 1620 784 1653 γοναῖς
797 1620 893 1655 ἐντρυ-

102 1667 164 1700 φᾷν,
181 1666 230 1691 καὶ
241 1665 290 1696 τὰς
303 1665 336 1691 ὲκ
349 1664 480 1699 ποταμῶν
495 1664 686 1700 καρποφορίας
698 1664 876 1700 κορέννυσθαι
885 1671 892 1679 ’

103 1710 281 1746 ἁεροδρόμοις
297 1711 408 1745 πτηνοῖς
423 1709 628 1745 διατρέφεσθαι,
644 1710 691 1735 καὶ
713 1709 791 1741 ζώων
804 1709 896 1736 ὲδωδί-

105 1765 162 1790 μων
175 1755 288 1791 ἔχεσθαι
305 1754 443 1790 βρώσεως.

137 1844 172 1871 κ’.
186 1844 243 1870 Καὶ
259 1844 347 1871 ταῦτα
363 1844 413 1878 μὲν
425 1844 439 1870 ὁ
451 1844 573 1875 διάϐολος
589 1843 653 1875 ἴσως
669 1844 829 1877 ὑπέϐαλλεν,
848 1844 897 1871 καὶ

105 1892 234 1923 πολλάκις
254 1891 324 1917 αὐτὰ
340 1891 388 1917 καὶ
401 1891 455 1926 πρὸ
468 1891 523 1917 τῶν
536 1891 681 1926 παρόντων
693 1890 806 1925 ἀγώνων
822 1891 898 1926 ἰσχύ-

104 1945 164 1963 νετο
174 1945 181 1953 ’
200 1937 251 1972 τὴν
263 1937 318 1971 γὰρ
335 1936 425 1969 ἔξοδον
437 1935 484 1962 τοῦ
501 1936 560 1963 ϐἰου
572 1936 663 1971 τηρῶν
677 1937 691 1962 ὁ
706 1937 896 1971 ἀναίσχυντος,

103 1984 174 2018 τάχα
195 1983 252 2018 γὰρ
267 1982 370 2017 ταύτην
383 1982 428 2008 διὰ
442 1982 492 2016 τῆς
507 1982 626 2018 πτέρνης
646 1982 677 2008 τὸ
694 1982 765 2008 θεῖον
788 1981 898 2016 ᾐνίξατο

103 2029 206 2063 λόγιον,
225 2030 263 2060 ὼς
281 2028 375 2055 ἐνθάδε
396 2028 545 2063 διάγωμεν,
566 2027 620 2054 τῶν
645 2027 717 2054 ἰδίων
739 2027 898 2063 προσϐολῶν

104 2076 153 2102 οὐκ
163 2074 324 2109 ἀφίσταται,
339 2074 386 2099 καὶ
401 2073 441 2104 εἰς
455 2073 499 2099 ἀεὶ
512 2073 730 2108 προσερχόμενος
746 2073 898 2108 καταισχὺ-

103 2130 189 2149 vetat.
213 2120 244 2146 Οί
264 2120 293 2145 δὲ
312 2119 408 2145 τούτου
423 2119 560 2154 πρόμαχοι
574 2119 681 2154 καὶτῆς
696 2118 780 2145 αὑτοῦ
799 2119 898 2150 κακίας

104 2167 282 2202 θεράποντες,
295 2164 428 2200 Συριανδς
442 2163 475 2200 ἦν
489 2165 502 2190 ὁ
516 2164 644 2198 θεήλατος
659 2164 707 2190 κοῄ¹
721 2165 745 2189 οἱ
760 2164 809 2191 σὺν
824 2164 900 2199 αὐτῷ

938 930 1050 961 propter
1062 933 1092 953 se
1106 926 1303 959 formidabant,
1317 934 1352 954 ne
1368 927 1597 961 pusillanimitate
1618 936 1678 960 sua,
1700 934 1727 956 et

939 972 1050 999 illarum
1069 979 1181 1008 quoque
1196 973 1229 1000 ad
1253 973 1425 1008 impietatem
1441 974 1616 1002 efﬁcerentur
1631 980 1726 1002 auclo-

938 1025 995 1046 res.
1012 1018 1164 1054 Siquidem,
1189 1026 1267 1054 rogo,
1291 1019 1325 1047 ad
1347 1024 1417 1054 quot
1448 1028 1497 1055 per
1524 1021 1594 1048 idem
1620 1026 1728 1056 tempus

939 1063 1054 1091 divisam
1080 1071 1175 1091 eorum
1211 1064 1299 1092 fuisse
1336 1065 1486 1100 opinamini
1524 1067 1663 1094 mentem?
1686 1068 1727 1092 vel

939 1109 1071 1137 adversus
1086 1113 1153 1144 quot
1168 1110 1272 1138 invisas
1287 1110 1467 1144 cOgitationes
1489 1119 1537 1139 eos
1567 1117 1632 1139 tunc
1646 1113 1729 1139 exsti—

941 1155 1007 1183 tisse
1017 1155 1135 1183 luctatos
1151 1156 1344 1183 arbitramini?
1359 1161 1407 1184 aut
1423 1161 1490 1192 quot
1507 1157 1610 1192 putatis
1641 1158 1727 1185 invidi

941 1207 968 1230 et
980 1202 1100 1230 odientis
1114 1203 1217 1230 bonum
1229 1203 1364 1230 daemonis
1381 1203 1602 1231 adnectebantur
1628 1205 1731 1231 immis-

942 1248 1089 1276 siouibus?
1108 1248 1235 1276 diabolus
1250 1248 1322 1276 enim
1338 1253 1500 1284 praesentem
1516 1250 1599 1276 vitam
1609 1251 1649 1277 eis
1661 1249 1730 1276 forte

942 1293 1136 1328 pollicebatur,
1153 1298 1180 1321 et
1208 1301 1224 1321 a
1258 1294 1313 1322 Deo
1342 1300 1462 1322 creatam
1493 1295 1588 1322 mundi
1617 1296 1730 1331 figurant

941 1339 1022 1374 quasi
1045 1340 1183 1375 propriam
1209 1340 1374 1373 ascribebat,
1389 1341 1416 1367 id
1444 1345 1487 1368 est
1505 1340 1612 1368 dulcem
1641 1342 1733 1367 ridere

943 1391 1029 1420 solem
1044 1391 1123 1424 oriri,
1141 1391 1288 1426 lunamque
1300 1398 1362 1418 cum
1393 1391 1480 1419 stellis
1506 1391 1630 1426 aspicere
1644 1399 1732 1418 venu-

945 1441 1066 1464 stantem
1085 1442 1112 1464 et
1128 1437 1217 1464 noctis
1243 1436 1371 1464 tenebras
1398 1436 1594 1467 illusit-antem,
1607 1437 1733 1470 aerisque

945 1481 1139 1510 desiderabilis
1153 1482 1254 1509 habere
1272 1481 1492 1516 respirationem,
1509 1486 1534 1508 et
1547 1486 1648 1508 terram
1678 1483 1735 1507 cal-

945 1535 1010 1555 care
1030 1527 1196 1563 pervariam.
1216 1534 1292 1555 mare
1315 1527 1444 1562 navigare
1465 1527 1627 1562 spatiosum.
1654 1527 1735 1552 inuti-

945 1575 997 1602 bus
1013 1582 1045 1602 ac
1058 1573 1220 1601 fluminibus
1236 1573 1379 1606 delectari,
1396 1580 1479 1608 super
1496 1572 1608 1600 floribus
1622 1579 1736 1599 lci-neut

945 1620 1050 1654 campis
1067 1618 1214 1647 odoriferis
1248 1618 1399 1651 exsultare,
1416 1624 1443 1645 et
1476 1626 1509 1645 ex
1532 1618 1575 1645 his
1596 1617 1734 1645 fructuum

944 1664 1121 1692 refectionem
1140 1671 1265 1698 carpere,
1290 1663 1406 1691 marinis
1428 1663 1529 1691 fetibus
1549 1663 1635 1698 (frui),
1654 1669 1680 1690 et
1703 1671 1736 1690 ex

944 1710 1107 1738 fluminibus
1120 1710 1263 1745 productis
1278 1709 1537 1737 fruetificationibus
1548 1710 1677 1740 saturari,
1690 1718 1736 1744 per

946 1764 1011 1784 acra
1034 1755 1254 1783 discurrentibus
1272 1756 1429 1783 volatilibus
1446 1755 1511 1782 aleri
1539 1754 1587 1791 [ita
1603 1755 1694 1792 cod.].
1711 1761 1738 1783 (Ἰ.

949 1801 1082 1829 habilium
1098 1809 1190 1828 eseam
1208 1801 1367 1828 animalium
1389 1801 1527 1836 persequi.

987 1847 1032 1876 20.
1050 1847 1083 1875 Et
1100 1847 1157 1874 haec
1169 1847 1279 1882 quidem
1294 1847 1420 1875 diabolus
1436 1847 1550 1874 forsitan
1564 1849 1737 1882 suggerebat,

947 1894 1012 1922 licet
1028 1894 1170 1921 multoties
1184 1902 1215 1920 ea
1233 1899 1259 1920 et
1286 1898 1349 1920 ante
1367 1898 1515 1928 praesentes
1542 1901 1643 1928 agones
1671 1894 1737 1921 offe-

948 1941 1046 1973 rendo,
1063 1939 1289 1967 confunderetur.
1307 1939 1416 1967 Exitum
1433 1941 1534 1975 quippe
1550 1941 1611 1966 vita:
1640 1941 1738 1966 obser-

948 1985 1030 2012 vabat
1052 1984 1319 2019 impudentissimus,
1339 1990 1366 2012 et
1391 1983 1462 2011 forte
1486 1984 1559 2011 hunc
1582 1991 1630 2018 per
1651 1984 1739 2010 calca-

948 2038 1041 2063 neum,
1062 2030 1184 2057 divinum
1201 2030 1309 2057 videtur
1325 2030 1440 2057 innuero
1471 2030 1609 2065 eloquium
1627 2039 1634 2057 :
1651 2031 1738 2057 donec

949 2075 1051 2110 quippe
1067 2075 1112 2101 hic
1130 2075 1230 2110 degere
1253 2075 1405 2106 noscimur,
1434 2082 1448 2101 a
1481 2075 1599 2110 propriis
1622 2075 1667 2101 ille
1686 2083 1738 2101 non

949 2127 1040 2151 cessat
1062 2122 1184 2153 insidiis,
1208 2127 1236 2150 et
1258 2130 1367 2157 semper
1390 2123 1523 2149 accedens
1551 2122 1738 2149 confunditur.

950 2168 984 2195 At
996 2174 1063 2195 vero
1077 2167 1159 2202 hujus
1174 2172 1395 2202 propugnatores
1412 2172 1438 2194 ct
1451 2168 1538 2202 ipsius
1558 2168 1668 2195 malitiae
1699 2167 1741 2193 fa-

106 2210 238 2247 μυσαρῶς
273 2210 474 2245 Ἐλληνίζοντες
512 2210 661 2244 βασιλικοῖς
700 2210 891 2246 ὑπηρετοῦντες

951 2214 1017 2240 muli
1030 2213 1165 2249 Syrianns
1182 2218 1241 2241 erat
1255 2214 1389 2241 divinitus
1415 2213 1612 2246 fulminandus,
1646 2217 1672 2240 et
1693 2213 1741 2248 qui

105 2257 328 2291 προστάγμασιν,
342 2256 467 2290 βασάνων
481 2256 530 2290 μὲν
542 2256 642 2291 ἀνοχὴν
655 2256 835 2291 ὑπηγόρευον,
851 2257 897 2283 καὶ

105 2303 159 2329 τῶν
190 2302 385 2337 ὴπειλημένων
415 2301 538 2328 θανάτων
559 2301 724 2336 ψυχοκτόνον
757 2301 897 2335 ἀνάλυσιν,

106 2349 222 2375 πλοῦτόν
247 2356 277 2374 τε
300 2347 509 2382 ἐπηγγέλλοντο,
532 2347 580 2373 καὶ
598 2347 675 2379 ἀξίας
694 2347 826 2382 παρέχειν
849 2349 898 2374 ἐπ-

106 2397 242 2429 ώμνυντο,
269 2394 316 2419 καὶ
343 2393 520 2428 πολιτάρχαις
546 2393 697 2426 ἐγγράφειν
715 2393 897 2427 ἀπήγγελλον,

107 2441 152 2467 καὶ
172 2439 360 2474 Διοκλητιανῷ
378 2439 499 2473 Καίσαρι
519 2438 675 2474 γνωρίμους
694 2440 781 2465 ποιεῖν
795 2439 900 2474 ἰσχυρί-

105 2485 192 2518 ζοντο,
206 2485 232 2512 εἰ
246 2486 306 2516 ταῖς
319 2485 408 2511 αὐτῶν
421 2484 556 2511 πεισθεῖεν
571 2484 738 2516 κελεύσεσιν,
751 2484 797 2511 καὶ
810 2484 898 2511 σέϐειν

106 2533 153 2559 σὺν
167 2532 262 2562 αὐτοῖς
279 2530 379 2565 μᾶλλον
393 2530 421 2556 δὲ
440 2529 582 2556 δυσσεϐεἰν
598 2529 784 2565 ἀναισχύντων
798 2530 899 2563 ξοάνων

107 2578 151 2604 καὶ
182 2577 321 2611 δαιμόνων
346 2575 546 2611 μορφώμασιν,
577 2576 678 2610 μᾶλλον
704 2576 732 2602 δὲ
762 2576 899 2612 δυστήνων

106 2623 259 2660 ἀνθρώπων
282 2623 432 2658 προσάγειν
454 2621 651 2657 προσκύνησιν,
668 2623 714 2648 καὶ
734 2622 811 2654 θεοὺς
830 2624 900 2650 ἁπο-

106 2670 198 2697 κα).εἶν
222 2668 289 2702 ξύλα
314 2669 394 2703 κωφὰ
421 2669 469 2695 καὶ
494 2668 656 2703 ἀναίσθητα,
675 2668 722 2694 καὶ
746 2668 814 2703 πρὸς
836 2678 899 2705 τρο-

108 2717 160 2752 φὴν
189 2717 272 2752 μόνον
295 2715 380 2751 πυρὸς
405 2714 625 2750 χρησιμεύοντα·
654 2716 722 2750 πυρὶ
747 2715 802 2750 γὰρ
830 2716 900 2743 αὐτὰ

951 2267 1013 2286 cum
1027 2267 1060 2286 eo
1068 2259 1275 2287 exsecrabililer
1289 2268 1454 2295 paganorum
1464 2259 1563 2287 ritibus
1574 2259 1740 2294 serviebant,

952 2305 1194 2339 imperialiumque
1211 2309 1411 2339 praeceptorum
1428 2304 1569 2337 ministri;
1590 2307 1743 2331 tormento-

952 2358 1012 2378 rum
1037 2351 1147 2386 quidem
1173 2351 1297 2378 inducias
1323 2351 1506 2386 denegabant,
1531 2351 1743 2386 minitantesque

953 2396 1050 2423 mortis
1066 2396 1263 2424 resolutionem
1280 2404 1341 2431 qum
1356 2397 1462 2424 animas
1477 2397 1639 2432 perimeret.
1657 2402 1683 2424 ct
1697 2397 1741 2424 di-

954 2441 1037 2469 vitias
1052 2442 1261 2476 promittebant,
1275 2442 1312 2478 [et
1333 2443 1482 2477 dignitates
1499 2443 1650 2470 tradituros
1669 2444 1744 2477 jure-

951 2486 1070 2522 jurando
1087 2487 1317 2523 alIirmabant],et
1332 2489 1403 2516 inter
1419 2489 1558 2524 principes
1574 2490 1684 2516 urhinm
1700 2491 1745 2517 in-

953 2534 1078 2562 scribere
1092 2535 1306 2569 pollicebantur.
1324 2539 1351 2561 et
1364 2534 1464 2561 Ciesari
1479 2534 1649 2562 Diocletiano
1664 2540 1744 2562 notos

953 2579 1046 2607 facere
1061 2579 1242 2611 allirmahaul,
1263 2580 1285 2606 si
1328 2580 1388 2614 ejus
1414 2580 1550 2607 duntaxat
1571 2580 1744 2615 jnssionibns

954 2626 1125 2657 obedissent,
1146 2630 1173 2653 et
1188 2626 1279 2653 colere
1308 2634 1369 2652 rum
1398 2626 1462 2659 illis,
1491 2627 1547 2653 imo
1577 2633 1642 2653 vero
1661 2625 1744 2658 impie

956 2672 1062 2706 agendo
1079 2673 1169 2700 colere
1186 2673 1258 2699 idola
1275 2677 1444 2707 paterentur,
1463 2680 1494 2699 ac
1512 2674 1666 2699 dmmonnm
1686 2672 1743 2698 for—

955 2716 1018 2749 mis,
1041 2718 1128 2751 magis
1146 2722 1236 2745 autem
1253 2717 1456 2745 delestabilium
1471 2718 1626 2750 hominum,
1642 2716 1743 2744 adora-

863 2806 974 2835 NOT/E.

145 2855 182 2891 l9)
205 2855 268 2882 llzcc
284 2854 383 2882 desunt
397 2856 423 2881 in
441 2857 534 2883 codice
553 2855 660 2883 Latino.

260 2902 395 2932 ΡΑτιιοῐη
413 2903 469 2933 Gn.
497 2903 682 2933 LXXXVII.

1456 2898 1512 2927 107
