1909 3078
170 136 242 168 3403

630 137 664 168 S.
678 136 887 166 SOPHRONII
908 136 1160 168 PATRIARCH/E
1172 138 1374 168 HIEROSOL.

1739 137 1809 169 3101

172 194 276 221 tionem
293 193 468 226 obtulissent,
484 198 512 221 et
528 194 593 220 deos
619 193 691 227 ligna
716 198 790 220 muta
805 198 832 220 ct
849 194 968 221 insensi-

1021 195 1208 228 παραδίδοται,
1234 194 1281 222 καὶ
1310 194 1374 225 τοὺς
1402 192 1518 223 οἰκείους
1547 192 1690 226 ἐφέλκεται
1714 193 1811 219 τέκτο-

172 240 251 272 bilia,
269 244 350 274 atque
364 240 396 266 ad
409 247 502 266 escam
515 238 705 266 tantmnmodo
715 239 786 272 ignis
800 238 875 266 utilia
891 247 964 266 nun-

172 289 331 319 cupasscnt.
350 283 406 319 lgni
424 291 542 318 namque
571 288 625 309 tam
654 284 712 318 ipsa
740 283 859 316 traditis,
881 291 963 318 quam

173 330 301 364 proprios
315 330 494 356 fabricatores
509 328 658 356 altrahitis.
669 328 702 355 Et
712 328 769 356 haec
784 328 894 363 quidem
913 329 962 360 illi,

172 380 198 401 ct
217 375 260 402 his
275 375 366 409 plura,
379 374 520 401 dicebant.

205 418 249 445 21.
268 420 301 445 At
324 427 388 445 vero
409 423 542 453 martyres
569 425 667 445 vocum
695 426 803 453 semper
826 425 962 445 memores

171 463 334 492 Salvatoris.
358 471 390 490 ac
416 463 616 498 discipulorum
637 463 724 498 ipsius
749 463 832 490 verba
857 463 962 497 jugiter

169 509 352 541 meditantes,
368 510 562 542 hujuscemodi
581 510 701 536 hostiutn
719 510 850 544 impetum
867 515 961 536 retun-

169 555 272 581 debant
291 563 297 581 :
314 554 370 581 Nos
389 555 473 586 enim,
492 555 632 587 dicebant,
647 564 662 581 o
676 555 772 589 judex,
793 555 960 589 repromissa

168 605 195 627 et
209 601 286 632 dona
309 607 363 628 tam
388 605 434 628 tua
449 609 531 636 quam
553 602 614 636 ejus
637 602 683 636 qui
708 609 754 636 per
773 609 822 628 vos
839 601 961 636 praecipit

168 647 293 681 loquens,
320 651 349 674 ut
376 648 458 674 noxia
487 652 514 674 et
537 655 590 674 non
618 648 763 682 profutura
793 648 958 682 respuinms.

170 702 179 717 ι
207 691 279 724 Quid
305 693 378 718 enim
403 692 530 727 proﬁciet
552 692 643 724 homo,
662 693 684 719 si
709 696 796 719 totum
827 692 958 719 mundum

168 738 303 768 lucretur,
324 738 422 765 animae
441 746 508 765 vero
533 746 588 765 sua:
608 738 803 765 detrimentum
821 737 961 771 patiatur?

167 787 214 809 aut
238 790 320 817 quam
345 783 420 810 dabit
433 785 516 811 homo
539 784 782 811 commutationem
807 792 857 819 pro
869 784 959 810 anima

167 835 216 853 sua
244 827 290 853 “‘1
330 837 339 853 ι
383 833 431 855 aut
477 829 543 863 quid
597 830 748 864 proderunt
795 829 959 857 substantia:

1016 248 1079 272 νας·
1108 241 1156 267 καὶ
1184 240 1271 267 ταῦτα
1303 239 1352 274 μὲν
1382 240 1482 266 ἐκεῖνοι
1512 239 1559 265 καὶ
1589 238 1692 265 τούτων
1717 238 1811 272 ἔλεγον

1017 285 1139 312 πλείονα.

1050 332 1102 360 κου.
1119 332 1151 358 Οἱ
1162 331 1190 357 δὲ
1215 331 1353 366 μάρτυρες
1369 331 1424 357 τῶν
1444 329 1492 356 τοῦ
1517 329 1642 363 Σωτῆρος
1659 329 1755 363 φωνῶν
1767 329 1811 354 ἀεὶ

1016 377 1244 412 μνημονεύοντες,
1260 379 1308 403 καὶ
1319 376 1373 402 τῶν
1387 376 1470 402 αὑτοῦ
1482 375 1611 410 μαθητῶν
1622 375 1664 401 ἀεὶ
1676 374 1810 409 μελετῶν-

1013 432 1059 454 τες
1074 423 1108 450 τα
1125 424 1245 458 ῥήματα,
1263 423 1365 454 τούτοις
1383 421 1437 447 τῶν
1454 422 1610 448 ἀντιπάλων
1626 421 1674 452 τὰς
1690 422 1809 456 προοδο-

1013 469 1061 499 λὰς
1070 469 1266 501 ἀπεκρούοντο.
1286 468 1383 502 Ἡμεῖς
1397 469 1461 502 γὰρ,
1471 466 1573 499 ἔλεγον,
1585 463 1607 492 ὦ
1622 466 1747 497 δικαστὰ,
1759 466 1810 496 τὶτς

1014 514 1063 545 σὰς
1082 514 1243 548 ὑποσχέσεις
1261 514 1307 540 καὶ
1323 513 1427 549 δωρεὰς
1451 513 1499 539 καὶ
1525 513 1574 543 τὰς
1589 512 1637 538 τοῦ
1661 512 1809 543 λαλοῦντος

1012 561 1044 586 δι’
1060 559 1138 595 ὑμῶν
1155 560 1202 586 καὶ
1217 559 1444 594 προστάττοντος,
1457 559 1495 589 ὡς
1511 557 1646 592 βλαϐερὰς
1661 558 1810 593 παραιτού-

1013 606 1082 640 μεθα
1097 605 1197 640 μᾶλλον
1211 604 1257 631 καὶ
1265 605 1315 631 οὐκ
1333 604 1484 638 ὲπωςρελεῖς
1497 611 1503 618 ·
1521 613 1529 628 ι
1547 603 1578 629 Ti
1593 602 1647 636 γὰρ
1661 601 1808 637 ὠφεληθή-

1013 658 1089 676 σεται
1106 649 1259 684 ἄνθρωπος,
1277 649 1324 675 ἐὰν
1341 648 1400 674 ελον
1419 648 1464 673 τὸν
1480 647 1581 681 κόσμον
1608 647 1740 682 κερδήσῃ,
1757 646 1808 679 τὴν

1010 694 1039 721 δὲ
1053 695 1141 730 ψυχὴν
1154 694 1237 721 αὐτοῦ
1255 694 1398 729 ζημιωοᾒ;
1415 693 1431 726 ἢ
1449 693 1474 719 τί
1489 693 1569 719 δώσει
1584 693 1634 724 τῆς
1649 692 1740 727 ψυχῆς
1758 693 1808 718 αὑ-

1010 739 1056 767 τοῦ
1071 748 1113 772 τις
1129 739 1322 774 ἁντάλλαγμα;
1340 749 1349 765 ι
1365 739 1380 774 ἣ
1397 738 1422 764 τί
1438 738 1574 772 ὠφελήσει
1599 737 1755 772 ὑπάρχοντα
1778 738 1807 763 έν

1010 784 1103 820 ἡμέρᾳ.
1117 784 1204 820 θυμοῦ
1217 794 1223 818 ;
1237 786 1254 820 ἢ
1270 784 1297 811 τί
1314 784 1394 811 δώσει
1409 783 1450 815 τίς
1464 782 1639 817 ἀντάλλαγμα
1657 782 1673 817 ἤ
1690 781 1729 817 τῷ
1745 781 1806 817 Θεῷ

1010 831 1144 865 ὲξίλασμα
1160 831 1258 866 ἑαυτῷ,
1271 831 1311 862 είς
1325 830 1374 865 τὴν
1392 831 1475 865 τιμὴν
1491 829 1541 864 τῆς
1568 828 1727 864 λυτρώςεως
1755 829 1808 864 τῆς

166 873 194 898 in
223 872 266 900 die
312 872 440 901 luroris?
468 879 516 901 aut
548 863 630 909 quam
661 875 737 902 dabit
765 876 830 909 quis
862 875 957 910 propi-

1009 863 1212 913 ψυχῆς-αὐτοῦς
1234 863 1297 904 Tm).
1318 863 1358 903 τὸ.
1372 863 1438 903 αὑτδ
1454 863 1524 910 ’γὰρ
1536 863 1631 910 ἄφρων
1647 875 1694 902 καὶ
1722 875 1806 907 ἄνους

167 918 307 944 tiationcm
326 926 416 952 Suam,
434 925 481 946 aut
494 920 611 954 pretium
641 920 839 956 redemptionis
860 921 958 947 animat

167 963 243 990 suae?
257 963 324 990 Nam
345 965 429 992 simul
445 965 556 1000 quidem
573 966 708 1001 insipiens
725 969 751 993 et
769 967 870 994 stultus
885 967 956 1001 peri-

165 1009 252 1042 bunt;
267 1009 519 1045 relinquentantem
534 1011 634 1038 alienis
643 1011 755 1039 divitias
771 1020 854 1045 suas;
868 1019 957 1046 neque

164 1055 237 1081 enim
254 1055 340 1090 gloria
350 1063 445 1083 eorum
456 1057 484 1084 in
501 1057 640 1084 infernum
652 1066 714 1085 cum
727 1059 780 1086 illis
793 1058 954 1092 descendet,

164 1100 211 1126 sed
228 1100 385 1135 sepulcrum
400 1102 439 1128 eis
461 1105 564 1129 aeterna
579 1103 679 1130 dooms
700 1102 847 1135 cllicietur;
863 1107 889 1130 et
901 1111 957 1131 cte-

163 1145 218 1172 lum
235 1147 345 1181 quidem
364 1152 458 1182 utpote
475 1147 577 1175 factum
594 1148 733 1181 transibit,
747 1153 774 1175 et
802 1150 875 1176 sicut
889 1150 956 1176 ami-

162 1195 223 1219 ctus
238 1198 415 1221 vclerascens
427 1193 590 1227 mutabitur,
608 1195 788 1229 temporalem
810 1195 882 1222 enim
906 1195 956 1222 ha-

162 1237 229 1264 bens
242 1239 445 1274 compaginem,
462 1240 642 1274 tempo.alem
665 1247 773 1275 quoque
788 1241 955 1268 solutionem

161 1282 288 1316 accipiet,
308 1290 370 1309 eum
395 1282 478 1316 Deus,
495 1284 542 1318 qui
567 1283 594 1310 id
612 1285 684 1311 sicut
703 1285 798 1319 pellem
823 1286 954 1318 extundit,

161 1329 334 1362 prteceperit;
350 1329 391 1356 sol
410 1334 501 1356 autem
515 1330 753 1362 obtenebrabitur,
772 1335 799 1358 et
820 1332 883 1358 luna
901 1339 954 1358 non

159 1373 233 1399 dabit
264 1373 356 1400 lumen
383 1382 476 1407 suum,
501 1383 565 1402 cum
595 1375 617 1403 is
631 1376 679 1411 qui
712 1376 788 1403 illum
801 1377 911 1411 quidem
926 1378 952 1404 in

159 1422 322 1451 pmestatcm
340 1420 403 1446 fecit
416 1420 481 1452 diei,
495 1420 566 1448 hanc
590 1429 656 1448 vero
670 1422 696 1448 in
728 1425 890 1457 potestatein
906 1430 955 1449 no-

159 1463 222 1494 ctis,
238 1465 465 1497 prmmntiaverit.
479 1466 570 1493 Stella:
587 1475 652 1494 vero
667 1468 738 1494 sicut
753 1467 816 1494 folia
834 1467 903 1495 ﬁcus
921 1468 955 1494 ab

157 1510 268 1536 a-theria
291 1511 389 1537 cadent
412 1511 519 1544 abside,
537 1519 599 1539 cum
623 1512 694 1540 Deus
714 1513 843 1545 voluerit,
858 1513 908 1548 qui
924 1513 950 1539 in
965 1535 988 1564 Ο

157 1556 235 1590 signa
254 1563 301 1583 cas
315 1563 342 1583 et
360 1562 482 1591 tempora
498 1558 591 1592 posuit
610 1567 617 1585 :
640 1563 772 1593 prmterca
789 1563 873 1591 terra,
890 1566 951 1594 qua:

156 1602 191 1627 de
207 1609 278 1636 aqua
308 1606 335 1630 et
351 1610 400 1637 per
412 1610 512 1638 aquam
530 1605 613 1631 verbo
633 1604 680 1631 Dei
697 1605 875 1632 stabilitatem
889 1612 951 1632 sus-

156 1647 240 1681 cepit,
257 1654 318 1673 cum
336 1648 468 1675 omnibus
485 1656 546 1684 quae
567 1650 594 1676 in
609 1657 640 1676 ea
658 1655 722 1677 sunt
738 1651 871 1683 cessabit,
887 1658 948 1678 cum

157 1693 276 1720 voluerit
293 1693 375 1725 Deus,
394 1695 439 1728 qui
454 1703 507 1721 non
519 1696 546 1722 in
562 1703 680 1723 vacuum
695 1695 762 1723 fecit
779 1704 850 1729 eam,
864 1697 910 1725 sed
921 1698 948 1725 in

158 1739 300 1766 hominum
314 1740 511 1768 habitationem
527 1751 534 1768 :
555 1751 565 1767 ‹
581 1741 714 1769 Adveniet
731 1743 804 1769 enim
820 1742 879 1770 dies
895 1742 950 1770 Do-

156 1786 223 1812 mini
242 1785 314 1813 sicut
331 1786 384 1818 t‘ur,
400 1786 427 1813 in
447 1795 503 1822 quo
523 1788 585 1815 εαξη
602 1795 703 1823 magno
722 1788 826 1823 impetu
856 1793 948 1817 trans-

155 1831 393 1864 ihunt,elcmenta
413 1840 477 1860 vero
498 1834 590 1860 calore
608 1834 762 1867 solventur,
785 1839 813 1861 et
833 1838 907 1861 terra
920 1838 948 1862 et

154 1878 253 1912 qurein
268 1886 300 1905 ea
318 1883 383 1906 sunt
407 1887 491 1914 opera
513 1879 718 1907 comburetur:
745 1887 832 1907 novos
855 1884 946 1908 autem

153 1923 239 1951 cmlos
250 1929 276 1951 ct
293 1932 391 1951 novam
407 1929 508 1952 terram
530 1926 682 1953 secundum
705 1925 793 1960 ipsius
809 1926 946 1961 promissa

152 1973 345 2003 exspectamus
371 1971 414 1998 ’7.
450 1980 459 1996 ι
479 1984 513 1989 -
531 1980 540 1997 ι
574 1971 640 2004 Quae
676 1972 748 1998 enim
800 1973 945 2006 videntur,

156 2016 315 2050 temporalia
361 2023 452 2050 sunt;
504 2022 607 2045 aeterna
654 2026 742 2051 vero,
785 2026 846 2054 tltltB
890 2026 944 2046 non

156 2063 327 2090 videntur“.
361 2073 370 2090 ι
404 2065 471 2097 Qua:
496 2072 606 2100 semper
639 2070 788 2100 pensantes
807 2085 814 2097 .
841 2070 868 2093 et
893 2073 946 2101 per

156 2109 352 2143 cogitationem
396 2110 555 2142 habentes,
590 2116 618 2137 et
662 2119 713 2138 uos
742 2116 843 2138 sortem
878 2119 944 2146 pro-

156 2155 243 2188 priam
258 2154 402 2182 habituros
418 2156 572 2188 credentes,
600 2156 769 2183 immaculati
789 2156 844 2184 Deo
860 2162 887 2184 et
902 2157 945 2184 in-

1007 924 1181 956 ἀπολοῦνται,
1217 923 1264 950 καὶ
1290 922 1500 957 καταλείψουσιν
1522 922 1551 948 δὲ
1576 922 1623 948 καὶ
1651 921 1806 955 ἀλλοτρίοις

1006 971 1052 997 τὸν
1070 970 1184 996 πλοῦτον
1202 969 1293 997 αὐτῶν
1303 978 1309 985 ·
1325 968 1387 995 οὔτε
1402 968 1486 1003 γὰρὴ
1501 967 1564 1000 δόξα
1579 967 1668 994 αὐτῶν
1683 969 1722 999 εἰς
1735 967 1804 1003 ᾅδην

1003 1016 1100 1048 αὐτοῖς
1123 1016 1350 1051 συγκατέρχεται,
1367 1014 1425 1041 ἀλλ’
1439 1016 1454 1041 ὁ
1477 1015 1561 1048 τάφος
1585 1014 1675 1041 αὐτῶν
1694 1014 1804 1046 αἰώνιος

1005 1062 1079 1089 οίκία
1093 1063 1185 1094 αὐτοῖς
1200 1062 1354 1098 γενήσεται.
1368 1061 1425 1088 Καὶ
1439 1060 1553 1096 οὐρανὸς
1570 1060 1619 1095 μὲν
1634 1060 1672 1092 ὡς
1687 1060 1803 1094 γενητὶς

1006 1107 1215 1142 παρελεύσεται,
1238 1106 1285 1133 καὶ
1308 1106 1376 1132 ὡσεὶ
1398 1105 1572 1141 περιϐόλαιον
1602 1105 1803 1139 παλαιούμενον

1005 1153 1205 1188 ἀλλαγήσεται’
1224 1152 1352 1187 χρονικὴν
1367 1151 1422 1187 γὰρ
1433 1151 1502 1186 ἔχων
1513 1152 1562 1186 τὴν
1576 1151 1723 1186 σύμπηξιν,
1738 1159 1803 1186 χρε-

1006 1199 1084 1234 νικὴν
1101 1199 1148 1226 καὶ
1161 1199 1211 1233 τὴν
1227 1198 1305 1225 λύσιν
1319 1198 1479 1230 είσδέξεται,
1491 1198 1531 1224 ὅτ’
1547 1197 1580 1224 ἂν
1596 1197 1662 1229 Θεὸς
1674 1197 1687 1222 ὁ
1706 1197 1801 1223 τοῦτον

1005 1245 1071 1271 ὡσεὶ
1081 1244 1173 1279 δέρῤιν
1185 1245 1308 1275 ἐκτείνας
1329 1243 1494 1270 κελεύσειεν.
1513 1243 1543 1270 Ὁ
1557 1243 1633 1278 ἣλιος
1659 1243 1688 1269 δὲ
1704 1252 1801 1269 σκοτι-

1006 1290 1148 1325 σθήσεται,
1165 1290 1212 1316 καὶ
1229 1291 1245 1325 ὴ
1265 1290 1365 1325 σελήνη
1381 1290 1412 1316 οὐ
1439 1289 1519 1316 δώσει
1537 1290 1566 1316 τὸ
1588 1290 1689 1324 φέγγος
1703 1290 1799 1324 αὐτῆς,

1005 1335 1043 1362 ὅτ’
1057 1336 1090 1364 ἂν
1103 1336 1148 1362 τὸν
1164 1336 1214 1371 μὲν
1242 1337 1282 1367 εἰς
1299 1335 1386 1370 ἀρχὰς
1403 1337 1522 1370 ποιήσας
1536 1336 1585 1368 τῆς
1605 1336 1724 1370 ἡμέρας,
1750 1336 1800 1372 τὴν

1003 1381 1033 1407 δὲ
1045 1382 1084 1412 είς
1112 1382 1198 1416 ἀρχὰς
1215 1381 1264 1416 τῆς
1282 1381 1391 1412 νυκτὸς,
1419 1381 1605 1416 ἀποφήνηται.
1621 1381 1747 1416 Ἀστέρες
1769 1381 1800 1408 δὲ

1005 1428 1043 1459 ὡς
1054 1427 1140 1461 φύλλα
1152 1427 1239 1462 συκῆς
1254 1427 1304 1462 τῆς
1316 1426 1440 1461 αἰθερίας
1454 1427 1548 1461 ἁψῖδος
1557 1427 1745 1458 ἐκπίπτουσιν,
1759 1427 1800 1454 ὅτ’

1005 1472 1038 1498 ἂν
1049 1472 1116 1503 Θεὸς
1131 1473 1198 1503 ὁείς
1223 1473 1324 1507 σημεῖα
1351 1472 1399 1498 καὶ
1422 1472 1535 1507 καιροὺς
1560 1472 1658 1503 αὐτοὺς
1685 1471 1799 1506 θέμενος

1007 1517 1147 1553 βούληται.
1171 1518 1210 1553 Γῆ
1223 1517 1253 1544 δὲ
1269 1519 1317 1544 καὶ
1336 1517 1372 1544 τὰ
1384 1519 1413 1544 ὲν
1429 1518 1497 1553 αὐτῇ
1515 1519 1603 1544 πάντα
1626 1519 1643 1553 ἡ
1656 1517 1685 1550 ἐξ
1703 1517 1799 1549 ὓδατος

1003 1563 1051 1590 καὶ
1077 1563 1111 1590 δι’
1140 1563 1236 1595 ὓδατος
1262 1564 1334 1599 λόγῳ
1350 1564 1418 1590 Θεοῦ
1435 1564 1569 1599 δεξαμένη
1593 1563 1643 1598 τὴν
1667 1563 1799 1590 σύστασιν

1002 1609 1147 1643 παύσεται,
1164 1611 1202 1637 ὅτ’
1219 1610 1252 1637 ἂν
1271 1610 1350 1645 ἐθέλῃ
1364 1609 1430 1641 Θεὸς
1443 1611 1457 1635 ὁ
1473 1609 1510 1644 μὴ
1527 1609 1567 1640 εἰς
1581 1609 1659 1636 κενου
1681 1610 1798 1644 ποιήσας

1001 1657 1095 1691 αἰτὴν,
1115 1656 1172 1683 ἀλλ’
1187 1657 1227 1688 είς
1244 1655 1395 1691 ἀνθρώπων
1418 1655 1594 1689 κατοίκησιν·
1617 1663 1626 1679 ι
1649 1654 1727 1686 ’Ἥξει
1741 1655 1798 1689 γὰρ

1001 1702 1017 1737 ὴ
1033 1701 1123 1737 ἡμέρα
1131 1701 1236 1737 Κυρίου
1246 1701 1284 1731 ὡς
1294 1700 1423 1731 κλέπτης,
1440 1695 1494 1735 ἐυῇ
1509 1699 1534 1725 οἱ
1545 1698 1655 1735 οὐρανοὶ
1672 1699 1798 1734 ῥοιζηδὸν

999 1747 1232 1782 παρελεύσονταιο
1251 1747 1373 1781 στοιχεῖα
1386 1745 1416 1771 οὲ
1440 1744 1615 1778 καυσούμενα
1633 1744 1795 1780 λυθήσεται,

999 1793 1049 1820 καὶ
1060 1792 1097 1828 γῆ
1105 1793 1152 1819 καὶ
1168 1792 1202 1819 τὰ
1217 1793 1246 1818 ἐν
1257 1792 1326 1827 αὐτῇ
1335 1791 1404 1827 ἔργα
1415 1791 1632 1826 κατακαήσεται,
1647 1790 1758 1822 καινοὺς
1766 1790 1796 1817 δὲ

997 1838 1132 1875 οὐρανοὺς
1145 1838 1192 1865 καὶ
1204 1837 1301 1872 καινὴν
1315 1837 1376 1871 γῆν,
1392 1836 1441 1863 καὶ
1453 1835 1487 1862 τὰ
1512 1835 1706 1870 ἐπαγγέλματα
1719 1836 1796 1871 αὐτῷ

999 1883 1204 1919 προσδοκῶμεν.
1219 1893 1228 1910 ι
1244 1897 1278 1903 --
1290 1893 1298 1908 ι
1309 1882 1350 1909 Τὰ
1366 1883 1421 1918 γὰρ
1439 1882 1604 1918 βλεπόμενα,
1621 1881 1794 1917 πρόσκαιραι

998 1928 1094 1955 αἰώνια
1114 1928 1153 1961 δὲ,
1167 1928 1202 1955 τὰ
1217 1929 1254 1962 μὴ
1276 1927 1437 1962 βλεπόμενα.
1454 1937 1464 1953 ι
1477 1927 1566 1962 ’Λπερ
1589 1927 1632 1953 ἀεὶ
1647 1926 1792 1961 λογιζόμεο

997 1983 1048 2006 νοι,
1079 1974 1126 2000 καὶ
1154 1973 1187 2000 δι’
1203 1974 1379 2009 ἐνθυμήσεως
1397 1973 1515 2008 ἔχοντες,
1543 1972 1591 1999 καὶ
1609 1972 1711 2007 κλῆρον
1727 1972 1795 1999 ἴδιον

997 2019 1069 2055 ἔχειν
1083 2019 1267 2052 πιστεύοντες,
1293 2019 1402 2046 ἄσπιλοι
1421 2018 1481 2053 Θεῷ
1506 2018 1554 2044 καὶ
1585 2019 1731 2052 ἀμώμητοι
1748 2018 1795 2044 εὑ-

999 2066 1110 2101 ρεθῆναι
1131 2065 1336 2100 σπουδάζομεν·
1351 2064 1385 2091 δι’
1411 2064 1425 2091 ὃ
1446 2065 1494 2096 τὰς
1511 2063 1644 2105 βασάνους
1660 2063 1738 2098 ὑμῶν
1760 2064 1793 2090 οὐ

997 2110 1165 2145 φοΰοὺμεθα,
1183 2111 1231 2137 καὶ
1247 2111 1296 2141 τὰς
1313 2110 1429 2141 ἀπειλὰς
1449 2110 1480 2136 οὗ
1495 2109 1673 2144 δεδοίκαμεν·
1689 2108 1728 2143 μῆ
1743 2117 1793 2143 φο-

996 2157 1100 2183 ϐεῖσθαι
1118 2157 1172 2192 γὰρ
1186 2156 1240 2183 ἀπὸ
1252 2156 1307 2182 τῶν
1322 2155 1526 2182 ἀποκτενόντων
1543 2155 1573 2181 τὸ
1589 2155 1681 2189 σῶμα,
1697 2154 1748 2188 τὴν
1763 2155 1794 2181 δὲ

148 2201 244 2228 violati
269 2202 421 2236 satagimus
442 2203 572 2230 inveniri.
609 2202 643 2229 Et
672 2203 776 2230 idcirco
809 2208 971 2240 tormenta;

1009 2203 1086 2238 ιυχὴν
1102 2203 1139 2238 μὴ
1151 2202 1308 2238 δυναμένων
1317 2202 1486 2233 ἀποκτεῖναι,
1504 2200 1643 2236 ἐμάθομεν
1655 2208 1662 2215 ’
1678 2201 1726 2227 καὶ
1742 2200 1793 2231 τὰς

149 2252 241 2274 Vcstra
259 2255 314 2274 non
332 2247 473 2282 timemus,
488 2252 515 2275 et
531 2248 621 2276 minas
649 2252 756 2276 vestras
778 2257 832 2276 non
847 2248 942 2277 formi-

149 2291 248 2320 damus
267 2301 274 2319 :
291 2300 344 2320 non
370 2294 470 2320 timere
485 2302 607 2328 namque
626 2295 661 2321 ab
680 2294 722 2322 his
741 2295 787 2329 qui
803 2294 943 2326 occidunt,

149 2345 261 2372 corpus,
282 2340 402 2365 animam
420 2343 511 2366 autem
527 2347 581 2366 non
595 2343 712 2375 possunt
722 2339 858 2372 occidére,
873 2340 944 2368 didi-

148 2385 250 2411 CllllUS-
268 2383 299 2410 El
312 2385 479 2418 repromissa
495 2389 586 2413 vestra
601 2393 791 2419 exsecramur,
811 2390 943 2421 tanquam

148 2436 163 2454 a
185 2428 240 2456 Deo
263 2430 430 2464 scparantia,
452 2434 478 2457 et
498 2430 671 2459 daemonibus
686 2432 864 2466 copulantia:
884 2440 943 2460 mc-

147 2476 230 2504 liores
245 2477 317 2504 enim
342 2477 421 2504 nobis
440 2478 670 2512 repromissiones
695 2478 823 2507 Christus
851 2478 942 2506 homi~

148 2529 214 2549 ιιυιιι
245 2521 402 2548 dominator
434 2522 559 2557 donabit,
588 2524 777 2552 hmreditatem
814 2524 944 2552 videlicet

147 2569 347 2602 incorruptam,
365 2573 390 2595 et
407 2568 661 2602 incontaminatam,
672 2574 700 2597 et
724 2570 942 2598 inmarcescibi—

147 2613 212 2645 lem,
226 2617 418 2641 conservatam
443 2615 470 2641 in
494 2616 586 2649 caelis;
608 2620 634 2643 et
658 2623 718 2651 qum
738 2625 747 2641 ι
767 2616 864 2644 oculus
887 2624 940 2643 non

146 2659 226 2691 vidit,
243 2667 293 2686 nec
318 2660 393 2687 auris
410 2661 524 2695 audivit,
553 2666 580 2688 ct
612 2662 638 2688 in
669 2670 716 2689 cor
735 2662 856 2689 hominis
886 2670 940 2690 non

146 2705 355 2739 ascenderunt,
392 2715 453 2741 qua:
493 2707 657 2742 prteparavit
691 2706 763 2735 Deus
803 2707 942 2743 diligenti-

148 2751 200 2776 bus
228 2757 258 2777 se
279 2750 312 2776 ¹⁹.
347 2761 357 2777 ›
386 2751 498 2779 Terreni
542 2753 623 2779 amici
669 2753 845 2787 imperatoris
883 2753 941 2780 tieri

185 2844 205 2858 ¹¹¹
219 2841 314 2871 Matth.
330 2850 386 2875 ινι,
400 2842 446 2870 ‘26.
470 2841 520 2869 Ι⁷11
535 2842 608 2871 Pctr.
625 2850 664 2877 ιιι,
681 2844 721 2876 10,
742 2845 783 2870 15.

997 2248 1157 2283 ὑποσχέσεις
1175 2247 1252 2283 ὑμῶν
1267 2246 1477 2282 βδελυττόμεθα,
1490 2245 1529 2277 ὡς
1542 2245 1712 2281 χωριζούσας
1722 2244 1792 2271 Θεοῦ

995 2295 1043 2322 καὶ
1059 2294 1248 2326 συναπτούσας
1261 2295 1317 2326 τοῖς
1332 2293 1458 2328 δαίμοσιν
1470 2301 1477 2309 ι
1499 2292 1641 2328 κρείττους
1655 2292 1709 2326 γὰρ
1724 2292 1792 2326 ἡμῖν

996 2341 1157 2376 ὑποσχέσεις
1167 2340 1284 2376 Χριστὸς
1306 2339 1361 2366 τῶν
1374 2339 1442 2365 ὅλων
1459 2338 1599 2372 Δεσπότης
1624 2337 1790 2372 δεδώρηται,

995 2386 1178 2421 κληρονομίαν
1189 2385 1327 2419 ἄφθαρτον
1341 2385 1388 2411 καὶ
1404 2384 1552 2419 ἀμίαντον,
1575 2383 1622 2409 καὶ
1639 2382 1790 2416 ὰμόλυντον

995 2431 1043 2459 καὶ
1073 2431 1232 2467 ἀμάραντον
1264 2430 1445 2465 τετηρηκέναι
1473 2430 1503 2455 ἐν
1529 2429 1665 2463 οὐρανοῖς,
1692 2428 1741 2454 καὶ
1769 2427 1787 2454 ὃ.

998 2487 1007 2504 ι
1023 2478 1163 2512 ὀφθαλμὸς
1190 2477 1240 2504 οὐκ
1265 2477 1319 2504 ἴδεν
1336 2477 1384 2503 καὶ
1411 2474 1457 2508 οὖς
1478 2476 1528 2502 οὐκ
1541 2475 1658 2511 ἧκουσεν
1680 2475 1729 2500 καὶ
1744 2475 1790 2500 ἐπὶ

994 2523 1108 2559 καρδίαν
1129 2521 1273 2557 ἀνθρώπου
1300 2522 1349 2549 οὐκ
1373 2522 1470 2556 ἀνέϐη,
1495 2521 1514 2548 ἃ.
1530 2521 1679 2556 ἡτοίμασεν
1694 2521 1708 2546 ὀ
1724 2519 1790 2551 Θεὸς

995 2571 1052 2601 τοῖς
1074 2569 1218 2604 ἀγαπῶσιν
1246 2569 1338 2595 αὐτόν.
1358 2577 1367 2594 ›
1394 2568 1533 2603 Ἐπιγείου
1563 2567 1635 2602 φίλοι
1662 2566 1790 2600 γενέσθαι

996 2615 1129 2650 βασιλέως
1146 2615 1176 2642 οὐ
1193 2615 1316 2650 θέλομεν,
1332 2615 1410 2649 γένος
1426 2614 1504 2646 ὀντες
1515 2613 1655 2645 ἐκλεκτὸν,
1674 2613 1720 2640 καὶ
1738 2612 1790 2647 βα-

997 2662 1096 2688 σίλειον
1112 2661 1276 2697 ἱεράτευμα,
1291 2661 1366 2692 ἔθνος
1387 2660 1464 2695 ἅγιον
1490 2659 1717 2696 χρηματίζοντες,
1741 2658 1790 2685 καὶ

996 2707 1060 2738 λαὸς
1072 2708 1111 2737 εἰς
1123 2707 1310 2742 περιποίησιν.
1327 2705 1492 2741 Ἀξιώμασιν
1509 2706 1567 2737 τοῖς
1580 2705 1645 2740 παρ’
1658 2704 1723 2739 ὑμῖν
1737 2703 1789 2729 οὐκ

997 2753 1127 2788 ἀξιοῦμεν
1142 2753 1334 2788 σεμνύνεσθαι,
1354 2751 1422 2778 Θεοῦ
1433 2752 1527 2783 παῖδες
1541 2751 1721 2786 ὑπάρχοντες,
1739 2749 1789 2776 καὶ

823 2845 844 2860 ¹³
857 2844 876 2870 11
889 2844 952 2871 Cor.
969 2851 1005 2876 IV,
1023 2844 1062 2870 l8.
1097 2843 1117 2859 ¹⁹
1134 2842 1185 2870 lsa.
1202 2850 1274 2875 uir,
1291 2842 1324 2875 4;
1343 2842 1349 2868 l
1365 2841 1428 2869 Cor.
1444 2850 1474 2874 ιι,
1491 2841 1516 2868 9.
