1909 3078
99 164 172 196 2ίο5

579 161 726 191 LAUDES
745 159 786 190 ΙΝ
804 160 855 190 SS.
872 159 1001 189 CYRUM
1017 158 1063 188 ET
1087 154 1273 188 JOANNEM.

1663 149 1733 180 3406

102 223 181 254 ἀξίας
194 220 264 247 κατὰ
275 219 307 246 τὸ
323 219 420 255 μέτρον
432 217 482 253 τῆς
498 217 614 249 πίστεως
630 218 747 253 ἔχοντες.
767 216 896 250 Πολιτάρ-

949 215 1094 245 nolumus,
1122 220 1183 239 cum
1223 216 1308 246 genus
1346 207 1434 235 simus
1469 208 1606 236 sanctum.
1643 205 1733 239 regale

103 275 165 301 χαις
181 265 261 300 ὑμῶν
270 266 320 291 οὐκ
342 263 514 300 εὐψυχοῦμεν
535 263 733 298 ἐγγράφεσθαι,
746 263 893 297 οὐρανοπο-

101 311 175 337 λῖται
191 310 383 344 τυγχάνοντες,
415 308 499 343 βίϐλῳ
516 308 588 343 ζωῆς
616 307 822 342 ἀναγεγράφθαι
849 315 894 332 πι-

103 355 246 386 στεύοντες
258 363 265 370 ·
281 354 341 380 ὅθεν
352 354 400 380 καὶ
412 352 569 389 θαρροῦμεν
594 353 680 379 εἰπεῖν
693 361 700 368 ·
727 362 736 377 ι
757 352 805 382 Τίς
819 351 894 386 ἡμᾶς

101 401 215 436 χωρίσει
231 399 286 426 ἀπὸ
297 400 346 434 τῆς
360 399 470 434 ἀγάπης
485 399 531 424 τοῦ
547 397 684 433 Χριστοῦ;
703 407 712 423 ι
728 397 775 423 τοῦ
790 397 821 423 ὲκ
832 396 894 423 σκό-

99 455 164 478 τους
177 447 253 481 ἡμᾶς
268 447 308 476 εἰς
320 446 349 471 τὺ
363 444 519 480 θαυμαστὸν
535 443 618 470 αὐτοῦ
635 444 694 477 φῶς
706 443 894 478 μεταστήσαν-

99 499 163 523 τος·
181 491 229 517 τοῦ
245 492 280 518 δι’
302 491 375 525 ἡμᾶς
402 491 492 525 σάρκα
523 489 741 524 πτιυχεύσαντος,
762 489 794 514 ἵν’
815 489 895 522 ἡμεῖς

101 537 301 571 ’πλουτήσωμεν
319 536 367 571 τὴν
384 535 467 562 αὑτοῦ
480 535 610 569 Θεότητα·
626 535 672 560 τοῦ
688 533 813 564 Θανέντος
824 532 894 567 ὑπὲρ

101 582 192 617 ἡμῶν,
210 582 254 608 ἵνα
266 581 379 608 θάνατον
396 582 476 616 ἡμεῖς
500 581 547 607 καὶ
573 580 675 615 φθορὰν
691 578 876 613 ἀποφύγωμεν
887 586 893 592 ·

99 626 192 660 θλίψις
214 626 260 652 τοῦ
285 627 334 661 τὴν
353 626 528 660 ἀνθρωπίνην
554 626 634 659 φύσιν
661 625 814 660 ῥυσαμένου
841 624 895 650 τῶν

101 671 240 705 θλίψεωνς
259 671 427 706 στενοχωρία
448 670 495 696 τοῦ
509 670 553 697 διὰ
568 670 744 705 στενοπορίας
761 670 833 705 ἡμᾶς
855 670 895 700 είς

100 717 150 751 τὴν
166 716 358 751 ἀπερίγραφον
385 716 467 742 αὑτοῦ
498 715 636 749 βασιλείαν
673 715 824 748 “iuvari-tog;
855 714 895 740 δι-

103 762 198 797 ωγμὸς
216 761 263 787 τοῦ
286 761 447 796 διωχθέντος
461 761 577 796 δι’ήμᾶς
593 761 639 787 καὶ
658 761 819 795 νικήσαντος
833 758 895 790 τοὺς

103 807 265 842 διώκοντας,
281 807 326 833 καὶ
345 806 440 841 μισθὸν
454 807 520 841 ἡμῖν
544 808 602 837 τοῖς
618 806 651 832 δι’
666 806 747 832 αὑτὸν
760 805 894 839 διωκομέ-

99 862 157 884 νοις
170 853 295 887 οὐρανῶν
309 852 446 887 βασιλείαν
460 852 650 887 δωρήσαντος;
677 851 757 887 λιμὸς
776 851 821 878 τοῦ
847 851 896 886 τὴν

947 260 1133 289 sacerdotium
1151 278 1158 290 ,
1184 264 1250 292 gens
1279 259 1374 283 sancta
1409 251 1524 285 vocati,
1563 254 1591 277 et
1616 249 1733 284 populus

948 307 975 333 in
1019 304 1230 339 acquisitionem
1249 301 1292 327 '°.
1324 297 1532 334 Dignitatibus,
1567 303 1628 330 quae
1661 293 1731 328 apud

947 359 998 379 vos
1030 355 1117 381 sunt,
1142 356 1196 376 non
1229 346 1367 382 poscimus
1405 343 1541 373 decorari.
1573 341 1652 377 pueri
1685 340 1734 367 Dei

948 397 1111 425 exsistentes
1126 399 1152 422 et
1168 393 1316 428 dignitates
1334 389 1484 418 secundum
1499 388 1561 415 ﬁdei
1576 392 1733 413 mensuram

948 442 1090 469 habentes.
1108 439 1250 474 Principes
1268 437 1374 464 urbium
1398 439 1551 462 vestrarum
1567 440 1623 459 non
1647 430 1734 458 anhe-

948 487 1036 514 lamus
1050 485 1173 515 inscribi,
1195 491 1257 510 cum
1276 482 1362 509 simus
1376 480 1502 507 caelestes
1519 478 1605 509 cives,
1629 481 1657 503 et
1681 483 1733 503 nos

949 532 1140 561 inscribendas
1156 530 1182 557 in
1200 529 1269 556 libro
1281 526 1344 555 vita:
1357 526 1500 553 credamus
1511 533 1520 557 ε
1539 523 1611 551 unde
1623 526 1650 550 ct
1664 529 1734 558 prae-

947 579 1082 606 sumimus
1097 576 1205 607 dicere,
1224 583 1233 600 ‹
1253 573 1319 606 Quis
1342 579 1392 599 nos
1413 570 1550 605 separabit
1571 576 1586 596 a
1600 568 1734 595 charitate

948 623 1051 651 Christi
1066 623 1099 654 “,
1129 630 1138 646 ι
1156 619 1202 655 qui
1218 618 1252 646 de
1270 617 1389 645 tenebris
1411 623 1462 642 nos
1482 613 1623 641 transtulit
1640 613 1667 639 in
1683 612 1741 652 ad-t

949 666 1074 694 mirabile
1089 666 1180 692 lumen
1196 670 1275 691 suum
1292 662 1314 677 “
1331 670 1338 694 ;
1355 660 1400 695 qui
1421 663 1532 694 propter
1552 665 1601 684 nos
1629 663 1733 692 pauper

949 714 1038 740 factus
1050 717 1101 744 est,
1118 715 1146 738 ut
1165 710 1225 744 ejus
1237 707 1378 735 divinitate
1391 704 1587 737 ditaremur";
1599 703 1644 737 qui
1659 709 1733 729 mor—

951 764 1013 785 tuus
1031 761 1073 784 est
1094 763 1143 791 pro
1164 754 1256 785 nobis,
1273 757 1303 780 ut
1321 755 1436 779 mortem
1466 757 1516 777 nos
1534 754 1561 776 et
1580 748 1735 782 corruptio-

950 811 1011 831 nem
1034 800 1221 837 eil‘ugiamus‘!
1240 798 1394 826 Tribulatio
1418 796 1493 832 ejus,
1514 795 1560 830 qui
1586 794 1734 821 humanam

950 852 1076 875 naturam
1097 853 1112 872 a
1128 844 1305 873 tribulatione
1318 841 1446 870 liberavit
1458 841 1469 867 ?
1480 848 1515 867 an
1527 838 1653 873 angustia
1664 838 1735 871 ejus,

100 898 242 932 ἡμετέραν
265 897 403 932 σωτηρίαν
424 883 613 929 πεινάσαντος,
639 883 686 923 καὶ
707 883 896 931 ’λιμώσσοντας

949 894 996 929 qui
1016 900 1067 920 nos
1093 900 1142 927 per
1170 893 1317 926 angustum
1332 889 1385 915 iter
1413 888 1440 914 in
1467 883 1735 918 incircumscriptum

101 944 177 978 ἡμᾶς
190 943 239 970 καὶ
259 943 325 978 μηδὲ
341 943 442 978 χοίρων
457 944 570 978 τροφαῖς
597 942 780 978 εὐποροῦντας
794 943 894 979 χορτά-

101 989 209 1021 ζεσθαι,
235 988 345 1023 τροφῶν
371 988 513 1015 ἀθανάτων
539 989 749 1024 ὲμπλήσαντοςς
772 989 894 1021 κίνδυνος

101 1034 148 1060 τοῦ
158 1034 289 1060 κινδύνων
303 1035 377 1069 ἡμᾶς
388 1034 611 1069 ὲξαρπάσαντος;
633 1035 755 1070 μάχαιρα
780 1035 828 1062 τοῦ
847 1044 894 1062 τυ-

101 1080 196 1111 θέντος
212 1080 282 1115 ὑπὲρ
299 1079 377 1115 ἡμῶν
403 1081 450 1107 καὶ
465 1080 638 1116 ψυχοφϐόρου
658 1081 794 1116 μαχαίρας
820 1081 895 1115 ἡμᾶς

100 1126 303 1159 Guardian-tog;
334 1135 343 1152 ι
360 1127 536 1161 Πεπείσμεθα
551 1123 609 1159 οὖν,
636 1127 674 1158 ὡς
689 1127 750 1152 οὐδὲ
770 1126 893 1157 θάνατος,

101 1171 164 1198 οὔτε
177 1172 245 1206 ζωὴ,
264 1171 326 1198 οὔτε
340 1171 462 1206 ἄγγελοι,
475 1172 537 1198 οὔτε
547 1173 630 1208 ἀρχαὶ
641 1193 648 1204 ,
666 1172 728 1198 οὔτε
748 1171 894 1203 ἐνεστῶτα,

99 1217 164 1243 οὕτε
182 1217 323 1252 μέλλοντα,
345 1217 406 1243 οὔτε
421 1217 551 1252 δυνάμεις
565 1238 572 1250 ,
604 1217 667 1244 οὔτε
698 1217 811 1252 ὕψωμα,
833 1215 895 1242 οὔτε

101 1263 198 1298 βάθος,
214 1262 276 1289 οὕτε
288 1271 330 1293 τις
342 1263 429 1294 κτίσις
445 1263 537 1298 ἑτέρα,
553 1263 699 1298 δυνήσεται
724 1262 798 1297 ἡμᾶς
809 1253 896 1296 ’χωρί-

101 1316 149 1335 σαι
166 1308 221 1334 ἀπὸ
236 1308 286 1343 τῆς
298 1308 409 1344 ἀγάπης
419 1308 466 1335 τοῦ
492 1308 560 1335 Θεοῦ
572 1309 622 1344 τῆς
634 1308 662 1334 ἐν
673 1306 784 1343 Χριστῷ
809 1306 895 1341 Ἰησοῦ

101 1354 141 1388 τῷ
156 1352 253 1388 Κυρίῳ
271 1353 360 1387 ἡμῶν.
380 1363 389 1378 ›
410 1353 454 1379 διὰ
479 1353 510 1379 τὸ
532 1353 666 1389 ὑπερέχον
695 1353 745 1387 τῆς
770 1351 896 1386 γνώσεως

102 1400 153 1426 καὶ
168 1401 214 1426 τὸν
226 1399 430 1434 ὑπερϐάλλοντα
444 1399 558 1426 πλοῦτον
575 1399 625 1434 τῆς
639 1398 722 1426 αὑτοῦ
743 1397 898 1433 φιλανθρώ-

103 1454 157 1473 που
176 1446 363 1480 χρηστότητος
373 1453 379 1460 ·
394 1446 453 1477 καὶ,
473 1445 514 1472 ὅτι
543 1454 552 1470 ι
568 1445 614 1480 Μὴ
629 1444 691 1477 ἄξια
706 1444 754 1471 τοῦ
770 1443 819 1470 νῦν
835 1452 896 1470 καί-

105 1491 154 1526 ροῦ
170 1491 205 1517 τὰ
225 1491 385 1526 παθήματα,
399 1501 409 1516 ι
436 1491 482 1517 καὶ
503 1491 519 1524 ή
548 1490 602 1517 τῶν
627 1489 769 1526 παρόντων
795 1488 898 1524 ῥοώδης

104 1537 247 1569 ἀπόλυσις,
268 1545 277 1562 ‹
298 1537 368 1571 Πρὸς
385 1536 435 1572 τὴν
458 1536 537 1569 δόξαν
561 1536 611 1572 τὴν
635 1536 674 1568 είς
695 1536 769 1570 ἡμᾶς
794 1536 898 1561 ἀποκα-

105 1581 255 1607 λύπτεσθαι
271 1580 431 1615 μέλλουσαν.
452 1590 461 1607 ι

948 928 1061 974 regnum
1086 944 1167 965 suum
1186 934 1357 963 introducit?
1375 941 1409 960 an
1429 930 1586 968 persecutio
1599 929 1671 964 ejus,
1688 928 1736 962 qui

950 984 1169 1020 persecutionem
1200 989 1301 1016 passus
1332 984 1375 1008 est
1404 983 1516 1014 propter
1535 980 1640 1009 nos,ct
1670 975 1736 1002 vicit

946 1033 1151 1066 persequentes,
1163 1031 1191 1055 ct
1202 1026 1353 1054 mercedem
1365 1024 1454 1056 nobis,
1466 1024 1512 1059 qui
1522 1025 1632 1058 propter
1648 1021 1736 1055 ipsum

946 1075 1165 1112 persecutionem
1182 1073 1311 1108 patimur.
1328 1071 1461 1098 cmlorum
1478 1075 1594 1103 regnum
1608 1065 1734 1093 dctiniit?

946 1130 980 1148 an
1001 1121 1087 1148 fames
1104 1120 1174 1154 ejus,
1198 1118 1245 1154 qui
1266 1118 1381 1144 salutem
1411 1119 1534 1142 nostram
1562 1111 1687 1143 esurivit,
1707 1113 1735 1136 et

948 1167 1046 1194 famem
1064 1166 1199 1200 patientes
1212 1172 1271 1197 nos,
1287 1167 1315 1190 et
1330 1169 1381 1190 nec
1403 1167 1548 1197 porcorum
1564 1165 1654 1188 escas.
1673 1156 1736 1191 qui-

947 1214 998 1240 bus
1026 1213 1191 1239 satiarcmur
1214 1210 1356 1241 habentes,
1376 1205 1579 1251 immortalibus
1597 1204 1670 1232 escis
1691 1210 1735 1228 rc-

947 1258 1030 1294 plcvit
1044 1258 1055 1284 ?
1077 1265 1110 1284 an
1125 1256 1236 1284 nuditas
1252 1255 1322 1290 ejus,
1345 1253 1392 1296 qui
1405 1253 1432 1280 iu
1448 1251 1534 1279 Adam
1553 1251 1684 1278 misertus
1694 1252 1735 1275 est

948 1302 1092 1335 nuditatis,
1108 1305 1134 1328 ct
1150 1301 1218 1328 stola
1230 1300 1317 1335 prima
1344 1307 1393 1326 nos
1407 1297 1519 1325 induit?
1534 1304 1567 1323 an
1582 1295 1734 1331 periculum

949 1349 1020 1383 ejus,
1039 1348 1085 1382 qui
1101 1348 1239 1383 perituros
1255 1354 1269 1372 a
1281 1344 1415 1380 periculis
1427 1351 1477 1371 nos
1497 1342 1620 1377 eripuit?
1637 1348 1670 1367 an
1681 1340 1738 1374 gla-

949 1395 1013 1422 dius
1028 1394 1100 1429 ejus,
1114 1393 1160 1428 qui
1185 1399 1235 1427 pro
1261 1391 1341 1418 nobis
1357 1390 1514 1417 immolatus
1528 1392 1580 1421 est,
1597 1391 1624 1414 el
1644 1393 1658 1412 a
1674 1392 1737 1411 cor-

949 1443 1096 1474 rumpente
1125 1438 1243 1464 animam
1268 1436 1358 1472 gladio
1389 1442 1440 1463 nos
1473 1432 1615 1461 salvavit?
1664 1429 1738 1458 Certi

949 1492 1015 1519 ergo
1030 1491 1126 1512 sumus
1147 1483 1219 1518 quod
1235 1489 1323 1517 neque
1339 1488 1425 1513 mors,
1454 1487 1541 1514 neque
1566 1478 1633 1509 vita,
1650 1483 1739 1511 neque

949 1531 1048 1567 angeli.
1071 1538 1158 1565 neque
1181 1529 1363 1564 principatus,
1378 1532 1466 1562 neque
1490 1525 1632 1556 instantia,
1651 1529 1740 1556 neque

911 1576 932 1604 C
949 1577 1052 1609 futura,
1069 1583 1158 1610 neque
1175 1577 1300 1607 virtutes,
1319 1581 1408 1609 neque
1418 1571 1544 1604 altitudo,
1563 1576 1653 1604 neque
1679 1575 1741 1603 pro-

105 1624 222 1654 fundum
237 1647 245 1659 ,
265 1633 355 1662 neque
383 1626 437 1652 alia
461 1625 551 1661 aliqua
578 1629 705 1653 creatura
732 1623 834 1659 pctcrit
855 1630 906 1650 nos
926 1630 1057 1658 separare
1071 1629 1086 1648 a
1101 1621 1236 1648 charitale
1260 1619 1319 1653 Dei,
1338 1626 1398 1653 quae
1414 1622 1456 1645 est
1471 1618 1498 1644 in
1524 1615 1634 1643 Christo
1672 1613 1737 1642 .lesu

106 1673 223 1701 Domino
238 1679 332 1701 nostro
346 1673 389 1706 ²⁵;
436 1677 550 1708 propter
564 1671 738 1700 eminentiam
761 1671 903 1702 scientia},
922 1674 949 1698 ct
977 1669 1148 1697 abundantes
1179 1666 1289 1693 divitias
1315 1663 1582 1693 misericordissima
1608 1661 1740 1688 bonitatis

108 1730 174 1753 suae,
190 1725 217 1748 et
229 1721 295 1756 quia
312 1731 322 1746 ι
341 1720 400 1748 Non
416 1725 480 1748 sunt
499 1720 641 1755 condigna:
662 1720 744 1755 hujus
766 1718 898 1754 temporis
919 1718 1080 1753 passiones»
1092 1723 1124 1743 ac
1137 1714 1311 1751 praesentium
1320 1713 1392 1741 ﬂuxa
1403 1712 1515 1748 refectio
1541 1710 1584 1746 [ex
1594 1717 1654 1737 voc.
1671 1709 1740 1735 ἁπόο

108 1768 213 1804 λαυσις]
228 1777 238 1793 ι
257 1768 292 1794 ad
317 1767 437 1794 futuram
467 1766 582 1802 gloriam
607 1774 668 1801 quae
683 1765 851 1793 revelabitur
867 1765 894 1791 iu

949 1763 994 1791 bis
1012 1763 1046 1789 ’⁵.
1068 1772 1077 1788 ι

141 1815 195 1850 κβ¹.
212 1813 323 1848 Ταύτην
346 1812 497 1848 ἐγνωκότες
525 1812 579 1838 τῶν
595 1811 681 1845 ἁγίων
698 1811 746 1846 τὴν
763 1809 859 1845 βουλὴν
874 1810 898 1836 oi.

107 1861 274 1893 δικάζοντες,
291 1859 338 1886 καὶ
352 1858 399 1886 τοῦ
421 1857 594 1894 φρονήματος
609 1856 698 1884 αὐτῶν
718 1856 898 1891 ἁγασάμενοι,

109 1907 246 1942 οἰηθέντες
263 1905 292 1932 δὲ
302 1905 339 1936 ὡς
352 1905 444 1938 λόγοις
460 1904 557 1935 αὐτοὺς
575 1902 748 1939 μεταπείθειν
758 1902 898 1933 ἀδύνατον,

109 1954 132 1979 εί
150 1953 188 1987 μὴ
205 1952 252 1978 καὶ
266 1951 368 1982 δισσοῖς
395 1949 553 1987 πειραθεῖεν
580 1948 732 1980 κολάσεσιν,
760 1948 789 1974 ὲν
810 1947 899 1980 λόγοις

108 1999 218 2033 ἀρετὴν,
244 1997 302 2024 ἀλλ’
322 1997 372 2022 οὐκ
387 1997 415 2022 ὲν
444 1996 535 2031 ἔργοις
561 1995 686 2031 ἀνδρείαν
698 1995 770 2030 ἔχειν
801 1993 899 2024 αὐτοὺς

107 2045 293 2079 λογισάμενοι,
325 2043 468 2078 ὠμοτέρας
482 2042 572 2073 αὐτοῖς
587 2041 636 2073 τὰς
655 2041 786 2076 βασάνους
813 2047 898 2074 προσο

98 2092 214 2128 ,ἐφεροιὴ
238 2090 286 2116 δύο
303 2089 389 2116 ταῦτα
415 2088 688 2123 πραγματευόμενοιε
710 2087 773 2118 τούς
794 2094 823 2112 τε
844 2085 898 2121 γὰρ

106 2136 201 2170 ἁγίους
216 2135 288 2162 οὕτω
304 2134 373 2170 πρὸς
391 2135 421 2160 τὸ
434 2133 528 2160 δοκοῦν
546 2133 638 2165 αὐτοῖς
651 2132 701 2167 τὴν
713 2132 766 2159 τῶν
779 2130 896 2158 εἰδώλων
912 2150 932 2177 Β

107 2182 295 2218 προσκύνησιν
308 2181 385 2215 ἄγειν
396 2179 530 2215 ἐνόμιζον,
548 2179 582 2206 τά
600 2187 629 2204 τε
647 2177 830 2204 συναθλοῦντα
848 2178 896 2202 καὶ

106 2227 347 2262 ουναγωνιζόμενα
363 2226 470 2260 γύναια,
482 2227 537 2257 τοῖς
553 2224 607 2251 τῶν
620 2223 758 2259 δρομαίων
769 2223 895 2256 συνεφέλ-

106 2274 202 2301 κεσθαι
219 2273 344 2307 αῖμασιν.
359 2271 428 2299 Ἀλλ’
443 2271 493 2297 οὐκ
507 2268 680 2304 ὲπιτεύξηται
699 2268 785 2300 δόλιος
808 2268 894 2302 θήρας

106 2319 176 2346 κατὰ
195 2318 226 2345 τὸ
251 2318 358 2350 λόγων
379 2315 498 2351 Χριστοῦ
513 2315 567 2350 γὰρ
586 2313 758 2350 ἀμφοτέρους
779 2313 894 2348 δύναμιν

106 2364 134 2398 ἐξ
151 2365 236 2399 ὕψους
254 2362 403 2393 ὲνδύοντος,
418 2362 452 2388 τὰ
476 2361 585 2387 ποικίλα
595 2360 650 2387 τῶν
665 2359 801 2387 δικαστῶν
821 2359 894 2394 διερ-

107 2412 241 2446 ρήγνυντο
252 2409 358 2439 δίκτυα,
371 2409 419 2434 καὶ
432 2407 485 2433 τῶν
497 2406 582 2440 ἁγίων
594 2406 622 2432 αἱ
644 2405 729 2440 ψυχαὶ
742 2405 791 2440 τῆς
805 2403 894 2438 παγί-

106 2456 147 2487 δος
162 2456 200 2487 ὼς
213 2453 354 2489 στρουθίον
382 2451 566 2488 ὲρρύσοησαν,
591 2451 696 2485 Ὥσπερ
711 2449 766 2483 γὰρ
795 2448 829 2475 τὰ
848 2457 895 2474 πε-

106 2501 186 2536 hirta
195 2500 305 2536 κύματα
323 2500 382 2530 ταῖς
394 2499 505 2533 πέτραις
524 2498 731 2532 προσρήσσοντα
745 2494 893 2527 διαλύεται,

108 2548 151 2574 καὶ
168 2547 261 2573 πλεῖον
276 2546 352 2573 οὐδὲν
366 2545 381 2580 ἦ
398 2544 498 2579 κοῦφος
516 2545 602 2578 ἀφρὸς
618 2541 810 2569 ἀποδείκνυται
825 2549 833 2557 ·
848 2541 894 2567 οῦ-

107 2603 157 2625 τως
170 2594 256 2628 Κύρῳ
267 2601 295 2617 τε
309 2591 356 2618 καὶ
371 2591 480 2626 Ἰωάννῃ
496 2590 599 2623 ἀγρίως
614 2597 644 2615 τε
661 2588 707 2614 καὶ¹
718 2587 802 2622 ὠμῶς
810 2595 894 2621 προσ-

108 2641 247 2670 senm-.5;
271 2639 294 2666 οί
312 2638 490 2670 κολάζοντες,
518 2637 565 2663 καὶ
591 2637 679 2668 πάσας
706 2633 894 2669 ὑπερϐολικῶς

107 2686 196 2717 οὖτοίς
211 2685 282 2711 ἰδέαν
295 2684 417 2718 βασάνων
433 2682 643 2718 προσφέροντες,
656 2680 694 2712 ὼς
710 2680 740 2705 οὐ
758 2678 895 2714 προσϐάλ-

142 2763 186 2789 ¹⁶1
204 2762 277 2789 Pctr.
295 2770 324 2794 ll,
341 2763 368 2789 tl.
406 2763 427 2778 "
443 2761 520 2788 llum.
537 2769 595 2791 vni.
610 2761 655 2787 55.
694 2759 824 2787 "lPetr.
841 2767 871 2792 ll,
886 2759 913 2786 9.

981 1808 1027 1835 2'2.
1040 1807 1208 1842 Hocjudices
1218 1809 1377 1833 sanctorum
1388 1803 1533 1831 consilium
1546 1806 1736 1837 agnoscentes,

950 1858 977 1881 et
991 1861 1037 1881 eos
1052 1852 1206 1887 prudentiae
1235 1851 1414 1882 admirantes,
1426 1849 1648 1882 arbitrantesque
1665 1846 1738 1882 quod

950 1898 1044 1925 verbis
1067 1905 1115 1925 eos
1129 1896 1267 1924 inﬂectere
1278 1895 1348 1922 foret
1364 1895 1474 1928 penitus
1486 1893 1667 1928 impossibile,
1683 1892 1736 1919 nisi

950 1948 977 1971 et
1004 1941 1226 1970 intolerabilibus
1243 1939 1600 1980 tentavissent_suppliciis,
1618 1935 1657 1965 in"
1676 1945 1736 1965 ser-

950 1988 1078 2015 monibus
1107 1987 1236 2014 virtutem
1247 1994 1295 2014 eos
1310 1989 1337 2014 et
1358 1994 1413 2013 non
1435 1985 1462 2012 in
1484 1984 1613 2019 operibus
1636 1983 1738 2011 habere

951 2033 1138 2061 fortitudinem
1165 2032 1343 2064 arbitrantes,
1362 2031 1519 2058 crudeliora
1533 2030 1587 2057 illis
1602 2033 1737 2056 tormenta

950 2079 1115 2112 inferebant,
1131 2079 1186 2107 duo
1205 2079 1262 2106 haec
1286 2083 1455 2113 Operautes;
1479 2076 1598 2112 denique
1625 2075 1682 2111 (10)
1700 2079 1739 2101 la-

950 2128 1012 2155 liter
1021 2131 1050 2155 et
1064 2131 1185 2159 sanctos,
1199 2127 1351 2154 secundum
1363 2126 1436 2161 quod
1448 2125 1501 2153 sibi
1515 2124 1670 2154 videbatur,
1689 2121 1738 2149 ad-

948 2173 1049 2201 ducere
1063 2173 1097 2200 ad
1124 2172 1238 2200 deorum
1264 2172 1453 2199 adorationem
1479 2170 1685 2200 existimabant.
1710 2173 1738 2195 et

949 2219 1077 2247 mulieres
1089 2227 1150 2254 quae
1160 2226 1222 2246 cum
1248 2219 1303 2246 illis
1327 2222 1502 2246 certaverant
1519 2222 1546 2244 et
1567 2223 1654 2251 passa!
1678 2215 1739 2242 fue-

946 2269 1018 2298 rant,
1048 2273 1096 2301 per
1131 2265 1243 2292 timores
1272 2273 1367 2293 eorum
1404 2258 1465 2300 (ιιιαέ
1505 2268 1580 2300 gesta
1618 2262 1736 2293 fuerant,

947 2312 1029 2339 simul
1049 2311 1186 2338 attrahere
1197 2310 1429 2339 nitebantur.Sed
1445 2318 1498 2337 non
1515 2312 1681 2337 consecutus
1696 2311 1738 2335 est

948 2358 1061 2386 dolosus
1072 2362 1224 2394 capturam,
1238 2357 1317 2393 juxta
1332 2357 1404 2392 quod
1422 2357 1555 2391 scriptum
1568 2359 1611 2382 est
1627 2364 1635 2388 ;
1651 2353 1734 2382 Chri-

949 2408 992 2431 sto
1009 2405 1081 2431 enim
1099 2409 1231 2439 utrosque
1246 2404 1348 2431 virtute
1372 2411 1404 2430 ex
1428 2402 1482 2429 alto
1499 2401 1640 2434 induente,
1659 2399 1735 2426 varia

947 2450 1070 2486 judicum
1095 2450 1164 2478 retia
1181 2451 1269 2478 scissa
1297 2453 1372 2482 sunt,
1396 2453 1424 2477 et
1450 2452 1607 2476 sanctorum
1637 2446 1736 2474 anima:

949 2495 1088 2530 delaqueo
1104 2497 1177 2523 sicut
1190 2499 1398 2530 passerercptaa
1412 2498 1477 2522 sunt
1492 2502 1500 2528 ;
1514 2494 1588 2521 sicut
1604 2493 1676 2520 enim
1687 2499 1735 2527 pe-

949 2540 1002 2575 lagi
1023 2539 1123 2568 ﬂuctus
1141 2540 1215 2568 saxis
1231 2540 1295 2568 illisi
1311 2540 1470 2572 volvuntur,
1483 2544 1508 2567 et
1524 2539 1593 2566 nihil
1617 2538 1735 2573 amplius

947 2594 1030 2621 quam
1049 2587 1123 2614 leves
1142 2594 1247 2622 spumat
1270 2591 1470 2619 monstrantur,
1484 2586 1522 2613 ita
1541 2590 1569 2614 et
1591 2583 1736 2613 carniﬁces

948 2639 1010 2659 cum
1019 2632 1089 2668 Cyro
1106 2637 1132 2660 et
1146 2632 1251 2661 Joanne
1269 2633 1398 2661 ferociter
1408 2637 1435 2662 et
1449 2633 1599 2661 crudeliter
1618 2637 1735 2665 congre-

948 2678 1066 2711 dientes,
1082 2683 1109 2707 et
1122 2686 1231 2707 omnem
1253 2680 1451 2716 suppliciorum
1467 2681 1586 2715 speciem
1613 2678 1666 2706 illis
1694 2676 1735 2703 ni-

953 2760 975 2776 "
987 2759 1184 2794 llCor.vu|,9.
1223 2762 1247 2779 “
1265 2762 1344 2791 Rom.
1358 2771 1417 2797 vui,
1431 2761 1535 2791 55-59.
1568 2762 1590 2778 "
1604 2760 1671 2789 ibid.
1690 2759 1735 2787 18.

857 2825 969 2855 NOTAE.

144 2866 199 2898 ti.in
215 2865 259 2892 Uir
278 2865 404 2893 t'iilrlicrt.
