1909 3078
131 178 134 183 Ι
153 132 222 164 3ιίῆ7

615 138 644 168 S.
659 139 866 169 SOPHRONII
884 140 1136 172 PATRIARCH/E
1151 144 1354 176 IIIEROSOL.

1714 145 1789 177 3403

151 197 236 216 tntum
261 188 419 226 inferentes,
433 193 510 227 quasi
537 201 674 229 nunquam
690 204 750 223 cum
773 196 813 224 eis
831 196 941 224 habuis-

1005 207 1083 230 οντες
1101 200 1197 234 ἔμενον
1217 201 1362 236 ἄπρακτοι,
1386 201 1438 227 ὑπὸ
1459 200 1510 233 τῆς
1536 200 1624 226 αὐτῶν
1640 201 1788 236 στερρότη-

153 239 214 261 st-nt
229 237 399 269 conflictum,
416 239 562 266 manebant
578 240 744 274 inefﬁcaces,
761 249 775 268 a
791 242 942 270 stabilitate

153 282 287 314 ipsorum,
303 291 364 317 qum
384 289 442 311 erat
461 286 486 311 in
503 286 627 319 Christo,
649 288 750 321 repulsi
769 297 776 320 ;
797 289 839 315 vel
862 289 940 324 quasi

153 336 217 353 ('nnt
231 329 355 356 turribus
372 338 433 365 qua:
452 331 588 359 devastari
606 338 746 368 nequetmt
769 334 863 362 hostes
883 342 942 361 ma-

152 374 249 400 chinas
274 375 508 408 infcrunt,semet
535 378 665 406 edomant
691 387 723 406 ac
749 379 942 412 devastant,et

152 424 266 446 conatus
280 421 320 446 sui
337 421 443 448 lucrttm
456 423 561 450 nullttm
578 424 712 452 habentes
728 426 838 452 reveriti
852 434 942 453 rever-

152 468 249 490 tuntur
263 473 269 496 ;
285 465 324 492 sic
341 470 368 492 et
380 467 526 494 carnifices
550 470 664 496 verbera
685 475 864 505 apponentes,
881 479 942 498 sese

152 509 244 536 labore
257 510 417 546 fatigabant,
428 518 455 540 et
472 521 519 541 eos
533 514 578 549 qui
589 521 761 550 acceperant,
773 517 942 544 robustiores

150 554 312 588 elliciebant,
325 561 456 586 eteorum
468 567 529 594 qua:
538 560 729 588 desiderabant
739 561 943 589 frustrabantur

150 600 316 629 intentione.
331 602 407 631 Unde
428 611 456 632 et
474 606 526 632 illa:
556 606 708 633 Salvatoris
737 615 844 642 sponsa:
864 609 942 635 insu-

150 648 266 679 perabili
282 649 384 677 indutm
396 653 562 684 constantia,
580 656 607 679 et
623 653 755 680 adversus
769 661 876 680 omnent
891 654 942 680 itn-

151 696 242 726 petutn
274 695 376 723 inimici
401 703 524 730 armatae,
552 699 714 733 fortiterque
731 700 758 726 in
787 700 942 733 spectaculo

151 739 213 765 tidei
226 747 288 766 etim
312 742 436 770 hostibus
450 744 618 777 colluctane,
635 745 799 772 inlletibiles
827 750 854 772 et
875 753 943 779 pene

152 784 343 813 intractabiles
381 795 477 822 pcenas
506 789 690 817 inferentibus
725 782 944 824 permanebnnli

152 837 206 856 non
223 834 330 858 tantum
346 833 380 860 de
394 833 508 869 ﬂagellis
526 835 591 870 ipsa:
607 837 740 867 sollicitat,
766 841 897 871 quantum
916 837 942 863 hi

151 875 197 907 qui
229 874 403 909 flagellabant
431 880 618 914 patiebantur,
652 881 793 909 laboribus
826 882 941 918 fatigati.

153 921 221 955 Spes
237 923 308 949 enirn
329 925 494 957 caelestium,
512 931 541 953 et
567 935 673 958 eorum,
692 928 739 962 qui
762 933 841 955 antea
870 929 943 963 passi

152 969 270 998 tuerant,
280 967 427 996 immobilis
434 973 461 996 et
477 969 556 998 fortis
571 971 711 1005 instantia,
720 973 889 1000 robustiores
897 981 944 1001 eas

152 1012 323 1039 monstrabat
337 1014 402 1047 (imo
415 1014 588 1049 etplagarum
607 1015 716 1044 dolores
731 1017 942 1052 exstinguebat).

184 1057 231 1085 25.
248 1058 354 1085 Diutius
377 1063 467 1086 autem
486 1068 549 1087 cum
567 1061 702 1088 adversus
724 1065 861 1096 martyres
876 1068 944 1088 con-

152 1103 317 1137 tendissent,
337 1105 460 1138 superati
478 1110 554 1138 sunt,
568 1109 595 1133 et
612 1113 630 1132 a
653 1106 798 1133 tormentis
819 1111 944 1135 cessave-

153 1153 226 1182 runt,
237 1154 263 1176 ct
278 1149 383 1184 ﬂagella
395 1150 570 1184 dimiserunt,
583 1157 612 1178 et
626 1152 749 1186 strigiles
757 1151 942 1186 proiecerunt,

153 1199 236 1229 atque
247 1194 394 1222 victricum
409 1195 450 1222 eis
466 1195 530 1222 facti
546 1202 610 1224 sunt.
624 1204 790 1224 coronarum
804 1202 942 1228 auctores,

153 1246 268 1268 mortem
286 1241 341 1269 illis
354 1249 402 1277 per
424 1242 545 1277 gladium
570 1242 731 1275 inferentes,
749 1251 811 1270 cum
836 1247 944 1270 sextum

153 1287 225 1314 diem
241 1287 357 1314 haberet
388 1288 490 1315 mensis
521 1288 566 1323 qtti
591 1289 662 1324 apud
678 1288 821 1324 [Egyptios
838 1297 944 1316 nuneu-

154 1337 236 1367 patur
260 1333 375 1365 Mcchir,
401 1337 428 1360 et
449 1334 567 1369 primutn
594 1342 626 1361 ac
655 1335 824 1362 tricesimum
855 1335 878 1362 is
898 1335 944 1369 qtti

153 1378 227 1413 apud
259 1378 400 1406 Romanos
427 1378 575 1407 Januarius
595 1380 750 1415 appellatur
767 1389 774 1406 :
791 1380 900 1415 quando
919 1383 946 1407 et

155 1425 237 1452 amici
269 1425 372 1452 (lluisti
407 1430 543 1461 martyres
571 1433 633 1453 cum
661 1430 776 1461 propter
805 1426 945 1453 Christum

156 1471 394 1506 martyrizassent,
421 1471 689 1499 animadversionem
713 1472 834 1507 capitum
849 1475 943 1506 pertu-

154 1517 254 1544 l:-runt.
270 1518 373 1545 Taliter
389 1522 500 1546 sanctos
515 1522 650 1553 martyres
666 1526 772 1553 passos,
789 1522 816 1546 et
832 1519 929 1545 trium~

993 253 1037 276 τος
1047 246 1076 272 ὲν
1083 245 1194 281 Χριστῷ
1211 247 1410 282 άντωοούμενοι
1420 255 1426 262 ’
1440 247 1456 282 ἢ
1474 246 1567 281 ὥσπερ
1578 246 1692 281 πύργοις
1706 247 1790 282 ἀπορ-

994 290 1086 325 θήτοις
1097 293 1281 326 προσάγοντες
1293 293 1341 324 τὰς
1356 293 1477 328 μηχανὰς
1494 293 1518 318 οἱ
1538 292 1661 326 πολέμιοι
1674 293 1789 324 ἑαυτοὺς

994 336 1144 372 δαμάζουσι
1160 339 1209 364 καὶ
1231 338 1418 373 λυμαίνονται,
1437 338 1532 374 κέρδος
1544 338 1620 364 οὐδὲν
1633 340 1682 373 τῆς
1697 340 1789 373 ἐγχει-

995 383 1099 417 ρήσεως
1121 383 1227 418 ἔχοντες
1248 384 1464 418 ὑποστρέφουσιν
1487 391 1494 398 ³
1509 382 1594 415 οὕτως
1621 384 1789 415 ὲπιτιοέντες

993 426 1049 456 τοῖς
1062 426 1196 461 μάρτυσιν
1209 427 1257 458 τὰς
1278 427 1370 458 αἰκίας
1394 428 1417 453 οἱ
1433 427 1536 462 δήμιοι,
1553 428 1665 458 ἑαυτοὺς
1681 427 1719 462 τῷ
1736 437 1787 454 κα-

995 471 1073 506 μάτῳ
1087 472 1264 505 κατέκοπτον,
1284 475 1330 499 καὶ
1351 473 1585 508 ρωμαλαιοτέρους
1598 474 1660 505 τοὺς
1676 474 1789 508 δεχομέ-

993 525 1055 548 νους
1070 517 1237 552 εἰργάζοντο,
1254 519 1301 544 καὶ
1316 520 1365 554 τῆς
1380 519 1434 545 τῶν
1449 519 1623 554 ποθουμένων
1649 519 1789 554 εὐρήσεως

995 563 1196 598 ἀπετύγχανον.
1209 565 1290 590 Ὅθεν
1303 565 1350 591 καὶ
1366 564 1413 591 τοῦ
1430 565 1555 599 Σωτῆρος
1569 565 1596 590 αἱ
1607 565 1711 599 νύμφαι
1722 565 1789 598 Θάρ-

995 616 1040 639 σος
1069 609 1203 643 ἀήττητον
1234 610 1423 644 ἐνδυσάμεναι,
1455 610 1501 636 καὶ
1528 610 1596 643 πρὶς
1621 611 1711 640 πάσας
1739 609 1789 636 τοῦ

995 653 1093 688 ἐχθροῦ
1111 656 1160 684 τὰς
1175 655 1263 690 ὁρμὰς
1275 655 1467 690 ὁπλισάμεναι,
1484 655 1531 681 καὶ
1552 656 1684 688 γενναίως
1701 655 1730 680 ἐν
1748 655 1789 690 τῷ

995 699 1100 735 θεάτρῳ
1124 701 1173 734 τῆς
1201 702 1319 732 πίστεως
1350 702 1406 732 τοῖς
1428 701 1584 732 ἀντιπάλοις
1607 700 1787 731 παλαίσασαι,

995 745 1113 776 extim;
1138 746 1185 772 καὶ
1201 746 1346 780 ἀχείρωτοι
1370 748 1424 778 τοῖς
1451 746 1611 778 κολάζουσιν
1632 745 1739 779 ἔμενον,
1756 747 1788 773 οὗ

994 790 1121 816 τοσοῦτον
1145 791 1198 817 τῶν
1225 791 1366 826 μαστίγων
1386 792 1587 826 φροντίζουσαι,
1614 792 1675 817 ὅσον
1687 791 1712 818 οἱ
1737 800 1790 827 μα·-

997 836 1132 868 στίζοντες
1154 837 1286 872 ἔπασχον·
1309 839 1326 873 ὴ
1343 838 1397 872 γὰρ
1410 838 1463 864 τῶν
1489 837 1622 872 οὐρανίων
1636 837 1722 869 ἐλπὶς,
1741 838 1790 864 καὶ

996 882 1050 908 τῶν
1063 883 1278 918 προπασχόντων
1289 885 1405 918 κραταιὰ
1415 884 1460 910 καὶ
1470 883 1638 918 ἁκράδαντος
1651 883 1788 916 ἔνστασις,

995 927 1186 963 ἀνδρειοτέρας
1201 928 1285 960 αὑτὰς
1309 929 1501 955 ἀπεδείκνυεν·
1525 929 1571 956 καὶ
1598 930 1624 956 αἱ
1641 929 1789 964 ἀλγηδόνες

997 975 1091 1007 αὐταῖς
1111 975 1165 1002 τῶν
1182 975 1294 1011 πληγῶν
1311 975 1504 1010 ὑπετέμνοντο.

1032 1069 1086 1100 κγ’.
1109 1067 1170 1092 Ἐπὶ
1187 1066 1254 1093 πολὺ
1272 1065 1299 1092 δὲ
1312 1061 1366 1097 τοῖς
1383 1067 1500 1101 μάρτυσι
1516 1065 1753 1100 φιλονεικήσσντες
1764 1066 1790 1092 οἱ

995 1112 1162 1144 δικάζοντες,
1178 1112 1254 1144 τέλος
1265 1112 1420 1147 ἡττήθησαν
1435 1112 1481 1137 καὶ
1494 1112 1547 1137 τῶν
1572 1111 1696 1146 βασάνων
1704 1112 1791 1138 ὲπαὺ-

997 1167 1088 1192 σαντο,
1106 1159 1153 1185 καὶ
1170 1158 1218 1190 τὰς
1234 1159 1370 1194 μάστιγας
1383 1159 1487 1190 εἴασαν,
1510 1159 1634 1189 καὶτοὺς
1654 1157 1791 1194 ξυστῆρας

997 1203 1165 1239 ἀπέρριψαν,
1180 1203 1227 1229 καὶ
1247 1202 1395 1237 νικητικῶν
1416 1202 1506 1234 αὐτοῖς
1520 1202 1659 1236 στεφάνων
1676 1204 1791 1236 γεγόνα-

998 1257 1040 1275 σιν
1053 1248 1146 1281 αἴτιοι,
1162 1248 1208 1275 τὸν
1227 1247 1270 1274 διὰ
1284 1247 1331 1274 τοῦ
1361 1247 1454 1281 ξίφους
1475 1247 1568 1278 αὐτοῖς
1593 1248 1791 1281 ἐπενέγκαντες

998 1294 1122 1320 θάνατον.
1160 1293 1280 1328 Ἡμέραν
1306 1291 1379 1328 εἶχεν
1401 1293 1484 1328 ἕκτην
1518 1293 1606 1327 ὀπαρ¹
1630 1293 1790 1328 Αἰγυπτίοις

997 1340 1099 1375 Μεχὶρ,
1115 1339 1180 1374 μίαν
1194 1339 1222 1365 δὲ
1238 1339 1283 1365 καὶ
1294 1339 1440 1374 τριάκοντα
1451 1340 1465 1365 ό
1476 1338 1552 1373 παρὰ
1569 1338 1715 1373 Ῥωμαίοις
1735 1339 1790 1366 ἰα-

997 1386 1133 1421 νουάριος.
1160 1385 1204 1411 ὅτε
1216 1384 1354 1420 μάρτυρες
1375 1384 1399 1410 oi
1425 1384 1593 1420 φιλόχριστοι
1614 1384 1657 1410 διὰ
1672 1384 1790 1418 Χριστὸν

999 1434 1224 1468 μαρτυρήσαντες
1248 1430 1370 1466 κεφαλὰς
1400 1430 1702 1465 ἁπετμήθησαν.οὕτω
1725 1431 1791 1461 τοὺς

998 1478 1093 1512 ἁγίους
1117 1477 1290 1512 ἁθλήσαντας
1320 1476 1460 1511 μάρτυρας
1479 1476 1526 1502 καὶ
1552 1476 1615 1506 τοὺς
1634 1476 1792 1507 νικητικοῦς

1000 1525 1151 1559 στεφάνους
1162 1523 1351 1559 ἁρπάσαντας,
1366 1522 1412 1548 καὶ
1426 1521 1461 1547 τά
1481 1521 1594 1556 βραϐεῖα
1611 1520 1659 1555 τῆς
1676 1521 1733 1546 ἄνω
1745 1522 1794 1547 καὶ

155 1564 247 1599 phalia
260 1565 412 1592 diademata
428 1570 601 1599 conSecutos,
626 1570 652 1592 et
663 1565 756 1592 bravia
772 1572 898 1600 supernae
912 1571 946 1591 ac

1005 1570 1077 1602 Beia;
1093 1570 1246 1600 ἀνύσαντας
1261 1569 1393 1604 κλήσεως,
1409 1569 1423 1594 ό
1440 1570 1535 1598 πιστὸς
1561 1567 1625 1598 λαὸς
1636 1566 1794 1601 ἀνελόμενοι

154 1610 254 1637 ditina:
269 1610 420 1637 vocationis
432 1610 557 1645 adeptos,
569 1611 662 1638 ﬁdeles
674 1610 767 1646 populi
791 1610 944 1643 elferentes,

156 1656 294 1683 canticum
319 1657 488 1691 triumphale
503 1657 637 1690 canendo,
652 1657 685 1684 ad
701 1656 787 1684 Marci
800 1656 944 1684 basilicam

157 1702 326 1734 detuicrunt,
339 1702 387 1737 qui
409 1702 450 1729 eis
472 1706 498 1729 et
517 1703 596 1730 fidem
614 1702 760 1734 radieavit,
777 1707 804 1729 et
814 1710 862 1738 per
876 1702 947 1729 hanc

158 1749 341 1775 certaminum
360 1748 467 1782 aperuit
490 1747 622 1781 stadium,
639 1755 670 1775 ac
696 1753 887 1783 perceptarum
907 1748 948 1776 eis

156 1794 428 1821 inunareescibiliutn
447 1801 613 1821 coronarum
626 1793 769 1821 exordium
781 1794 870 1822 factus
882 1797 925 1822 est
939 1801 946 1819 :

158 1843 227 1869 bene
241 1842 393 1877 discipulos
411 1842 543 1876 magistro
556 1841 729 1877 copulantes,
743 1845 770 1868 et
784 1841 948 1877 agonithetac

160 1897 207 1916 cos
218 1889 263 1924 qui
280 1893 451 1916 certaverant
466 1892 674 1923 prmscntantes,
688 1892 715 1915 et
730 1895 794 1915 oves
807 1887 840 1914 ad
855 1890 948 1922 pasto-

162 1943 219 1962 rem
229 1935 369 1966 dttcentcs,
382 1940 409 1962 et
425 1934 551 1970 agricola:
561 1935 668 1969 plenam
683 1934 819 1961 fructibus
834 1933 947 1968 spicam,

162 1986 243 2015 atque
259 1981 368 2016 praetori
378 1980 589 2015 insuperabiletn
605 1979 770 2007 certantium
786 1979 949 2014 phalangem

159 2026 291 2053 ferentes.
309 2026 345 2053 At
365 2026 411 2054 ille
435 2025 654 2061 gratulabundus
670 2030 799 2060 tanquam
824 2025 950 2060 proprios

160 2072 233 2099 filios
257 2077 369 2100 sanctos
384 2071 517 2106 suscepit,
536 2075 563 2099 et
580 2072 691 2106 gavisus
711 2070 793 2098 veluti
806 2070 950 2105 diligentes

161 2119 315 2146 imitatores
331 2138 338 2151 ,
354 2118 381 2145 in
407 2118 479 2145 ulnis
506 2118 657 2153 assumpsit
680 2117 718 2151 (et
737 2117 879 2145 exsultans
897 2116 950 2143 Deo

161 2164 283 2199 obtulit),
302 2164 376 2191 clare
394 2164 478 2191 missa
501 2170 566 2191 voce
585 2163 750 2198 profatuszt
774 2162 844 2190 Ecce
859 2169 909 2196 ego
926 2165 952 2189 et

162 2210 252 2245 pueri,
264 2218 333 2245 qttos
350 2210 415 2237 mihi
431 2209 542 2240 dedisti,
560 2208 632 2236 Deus
649 2209 682 2235 ²⁶.
702 2218 711 2234 ι
727 2208 805 2243 Apud
821 2215 900 2243 quem
918 2207 951 2234 fi-

162 2257 263 2284 delium
278 2261 389 2283 caterva
406 2260 556 2290 martyrum
581 2254 736 2281 recondidit
756 2261 880 2288 corpora,
897 2260 950 2280 non
966 2241 994 2270 D

163 2303 348 2330 communiter
365 2309 449 2337 agnos
470 2305 497 2328 et
513 2307 598 2336 agnas
614 2299 843 2334 conscpelientes,
867 2305 956 2332 neqtte

163 2349 247 2376 simul
262 2356 379 2384 sponsas
403 2347 504 2376 Christi
523 2351 550 2374 et
576 2345 779 2382 paranymphos
793 2345 875 2371 httmo
889 2344 955 2371 abs-

163 2395 326 2425 condentes,
339 2395 386 2422 sed
410 2393 523 2429 privatis
539 2391 791 2427 tttrosquetumulis
807 2390 956 2417 reconden-

162 2447 205 2470 tes
219 2451 226 2475 ;
240 2449 302 2468 nam
319 2442 421 2468 tribum
444 2441 544 2468 tribum
563 2446 698 2470 seorsum,
714 2442 741 2465 et
764 2437 892 2464 mulieres
909 2443 955 2463 eo-

162 2496 224 2515 rum
243 2495 368 2515 seorsum
382 2487 505 2514 dividere
524 2488 637 2513 fuerant
651 2484 752 2512 eruditi
769 2493 776 2516 ;
790 2486 956 2518 quapropter

163 2539 192 2563 et
209 2535 253 2562 hic
272 2541 384 2569 qttoque
410 2533 610 2560 festinaverunt
640 2537 752 2559 servare
777 2533 953 2565 praeceptum.

166 2581 198 2608 Et
216 2584 376 2608 sanctorum
394 2578 503 2613 quidem
522 2577 685 2608 certamina,
702 2580 729 2603 et
741 2583 851 2606 cursus,
865 2579 892 2602 et
913 2574 966 2600 lu-.

164 2626 297 2658 etamina,
309 2630 337 2652 et.
351 2625 482 2656 victoriae,
501 2623 567 2658 quin
593 2627 620 2650 et
634 2629 742 2650 coronae
764 2619 953 2648 immarcesci—

165 2673 244 2703 biles.
260 2676 288 2699 et
309 2672 335 2698 in
363 2671 464 2705 templo
492 2669 574 2697 Marci
605 2668 787 2698 sacratissimi
819 2667 955 2702 deposito,

165 2719 256 2746 taliter
278 2722 307 2744 ιιι
323 2726 369 2752 per
384 2725 470 2752 pauca
487 2717 613 2744 dicamus
638 2719 829 2743 consummata
839 2717 912 2747 sunt,
927 2718 955 2740 et

162 2766 245 2792 finem
265 2765 417 2792 habuerunt
429 2764 573 2798 insignem.

201 2854 224 2870 ’⁸
239 2852 290 2880 lsa.
307 2861 364 2883 νιιι,
387 2852 428 2879 l8.

1000 1614 1072 1650 ᾠδὴν
1087 1615 1220 1642 ἐπινίκιον
1231 1614 1350 1650 ᾄδοντες,
1366 1614 1405 1644 είς
1416 1613 1447 1639 τὸ
1460 1613 1573 1647 Μάρκου
1596 1612 1710 1647 τέμενος
1723 1613 1794 1647 ἠγα-

1000 1669 1060 1695 γον,
1076 1660 1105 1691 ὃς
1120 1661 1170 1695 τήν
1184 1668 1213 1686 τε
1231 1659 1322 1685 πίστιν
1350 1659 1441 1689 αὐτοῖς
1465 1657 1636 1692 ὲνερίζωσεν,
1664 1657 1713 1684 καὶ
1738 1657 1794 1684 τῶν

1001 1707 1071 1743 ὑπὲρ
1100 1706 1202 1741 ταύτης
1228 1705 1342 1740 ἀγώνων
1356 1705 1387 1731 τὸ
1402 1704 1507 1730 στάδιον
1529 1703 1648 1739 ἤνοιξεν,
1671 1704 1720 1730 καὶ⁸
1739 1704 1795 1730 τῶν

1001 1752 1167 1787 ἀμαράντων
1176 1751 1316 1785 στεφάνων
1335 1749 1477 1785 ἀπήρξατο
1487 1756 1494 1764 ’
1517 1748 1608 1780 καλῶς
1620 1749 1682 1779 τοὺς
1697 1756 1795 1782 φοιτη-

1001 1797 1050 1829 τὰς
1073 1797 1112 1832 τῷ
1141 1796 1292 1831 διδασκάλῳ
1311 1795 1515 1831 συνάπτοντες,
1529 1794 1576 1821 καὶ
1602 1794 1639 1829 τῷ
1655 1793 1794 1829 βραῦευτῇ

1002 1843 1204 1879 προσνέμοντες
1227 1842 1290 1873 τοὺς
1302 1840 1484 1876 ἀθλήσαντας,
1501 1838 1601 1874 καὶτῷ
1628 1839 1737 1874 ποιμένι
1759 1839 1797 1865 τὰ

1003 1889 1126 1925 πρόϐατα
1137 1889 1275 1924 φέροντες,
1289 1887 1337 1913 καὶ
1346 1886 1384 1921 τῷ
1396 1885 1511 1921 γεωργῷ
1526 1885 1561 1911 τὰ
1577 1884 1669 1918 πλήρη
1680 1884 1796 1918 καρπῶν

1003 1935 1056 1962 τῶν
1081 1934 1205 1970 σταχύων
1232 1933 1427 1969 προσάγοντες,
1459 1929 1560 1964 καὶτῷ
1577 1929 1722 1964 στρατηγῷ
1746 1929 1796 1964 τὴν

1004 1981 1058 2007 τῶν
1071 1979 1294 2015 στρατευομένων
1311 1979 1448 2013 ἀήττητον
1461 1977 1600 2011 φάλαγγα.
1626 1975 1655 2002 '0
1670 1975 1699 2001 δὲ
1712 1983 1797 2009 γεγη-

1004 2027 1058 2058 θὼς
1079 2025 1117 2057 ὡς
1129 2025 1212 2052 τέκνα
1234 2025 1335 2060 γνήσια
1352 2024 1414 2055 τοὺς
1431 2023 1525 2056 ἁγίους
1538 2022 1657 2053 ἐδέξατο,
1672 2020 1720 2047 καὶ
1734 2020 1798 2055 χαί-

1006 2079 1060 2106 ρων
1071 2071 1109 2101 ὼς
1124 2069 1246 2105 μιμητὰς
1262 2069 1385 2105 ἀκριϐεῖς
1410 2070 1438 2094 ἐν
1458 2067 1591 2101 ἀγκάλαις
1616 2064 1797 2101 προσέλαϐεν,

1005 2116 1053 2143 καὶ
1068 2114 1187 2150 σκιρτῶν
1202 2114 1240 2149 τῷ
1253 2114 1312 2148 Θεῷ
1325 2113 1510 2149 προσήγαγεν,
1529 2111 1620 2147 φωνὴν
1634 2111 1725 2146 ἀφιεὶς
1742 2111 1800 2137 δια-

1006 2161 1138 2197 πρύσιον·
1158 2170 1167 2186 ι
1192 2160 1258 2187 Ἰδοὺ
1274 2159 1328 2194 ἐγὼ
1346 2158 1439 2186 καὶτὰ
1454 2158 1548 2185 παιδία
1562 2157 1580 2184 ἃ.
1599 2166 1644 2193 μοι
1663 2157 1764 2184 ἔδωκεν
1784 2158 1800 2183 ὁ

1006 2208 1086 2239 Θεός·
1105 2217 1114 2233 )
1132 2208 1178 2234 καὶ
1191 2206 1333 2241 παρόντων
1348 2205 1413 2232 ιτῶν
1443 2204 1547 2231 πιστῶν
1562 2203 1736 2239 ὁμηγύρεων,
1765 2204 1800 2229 τὰ

1007 2254 1061 2280 τῶν
1086 2253 1232 2288 μαρτύρων
1264 2251 1401 2285 κατέθηκε
1431 2250 1559 2284 λείψανα·
1575 2249 1605 2276 οὺ
1631 2250 1707 2283 κοινῇ
1735 2249 1800 2279 τοὺς

1008 2299 1110 2334 ἀμνοὺς
1122 2299 1167 2324 καὶ
1178 2297 1228 2329 τὰς
1243 2297 1366 2331 ἀμνάδας
1384 2295 1579 2330 συνθάψαντες.
1608 2294 1661 2320 οὐδ’
1681 2294 1739 2328 ἅμα
1750 2293 1800 2324 τὰς

1008 2345 1117 2379 νύμφας
1133 2343 1252 2380 Χριστοῦ
1264 2342 1311 2368 καὶ
1327 2343 1388 2372 τοὺς
1405 2340 1607 2375 νυμφαγωγοὺς
1621 2340 1654 2374 τῇ
1669 2340 1704 2373 γῇ
1716 2347 1802 2365 κατα-

1007 2390 1174 2427 κρύψαντες,
1207 2389 1265 2416 ἀλλ’
1293 2388 1372 2419 ἰδίαις
1395 2387 1569 2422 ἀμφοτέρους
1589 2386 1678 2420 σοροῖς
1698 2384 1802 2419 θησαυ-

1009 2437 1144 2473 ρίσαντες,
1159 2435 1220 2462 ἐπεὶ
1238 2434 1325 2469 φυλὴν
1341 2433 1427 2468 φυλὴν
1444 2431 1505 2458 καῦ⁸
1522 2430 1621 2465 ἑαυτὴν
1639 2430 1686 2456 καὶ
1699 2428 1801 2458 ταύτας

1008 2485 1121 2519 διαιρεῖν
1140 2481 1350 2515 ὲπαιδεὺοησαν,
1367 2478 1507 2506 κάνταῦθα
1523 2478 1616 2512 τηρεῖν
1631 2475 1802 2502 ἐσπούδασαν

1007 2529 1037 2555 τὸ
1048 2527 1242 2564 παράγγελμα.
1261 2526 1316 2553 Καὶ
1328 2525 1382 2551 τῶν
1396 2524 1446 2559 μὲν
1464 2523 1550 2557 ἁγίων
1570 2523 1595 2548 οἱ
1612 2519 1688 2547 ἆθλοι
1703 2519 1753 2546 καὶ
1776 2521 1801 2545 ot

1008 2575 1103 2610 δρόμοι
1120 2573 1168 2600 καὶ
1182 2574 1209 2599 αἱ
1223 2572 1306 2600 πάλαι
1323 2571 1368 2598 καὶ
1388 2571 1416 2597 αἱ
1434 2570 1520 2600 νίκαι,
1541 2568 1588 2595 καὶ
1610 2567 1677 2602 πρὸς
1693 2566 1801 2597 τούτοις

1009 2622 1033 2647 οἱ
1048 2620 1202 2656 ἀμάραντοι
1220 2618 1358 2652 στέφανοι,
1374 2617 1420 2643 καὶ
1437 2617 1454 2650 ἡ
1465 2616 1494 2641 ὲν
1505 2614 1543 2649 τῷ
1556 2613 1612 2648 ναῷ
1627 2613 1741 2647 Μάρκου
1754 2611 1802 2638 τοῦ

1010 2668 1082 2695 Οείου
1095 2666 1250 2698 κατάθεσις,
1263 2665 1334 2692 οὕτω
1349 2672 1419 2696 πως,
1429 2662 1507 2694 ὡςδι”
1517 2661 1614 2695 ὀλίγων
1627 2660 1725 2691 εἰπεῖν,
1742 2659 1802 2685 ἐτε-

1011 2714 1155 2749 λέσοησαν,
1173 2713 1221 2740 καὶ
1232 2712 1319 2747 πέρας
1333 2711 1413 2745 ἔσχον
1426 2709 1574 2744 ἐπίσημον.
