1909 3078
140 146 211 178 Χῖοί)

584 147 732 177 LAUDES
751 146 791 176 ΙΝ
811 146 863 175 SS.
883 145 1012 176 CYRUM
1030 147 1077 177 ET
1096 146 1283 178 ΙΟΑΝΝΕΜ.

1704 140 1773 172 3410

176 203 216 229 κδ’
220 223 226 229 .
246 201 374 238 Εῐπωμεν
391 203 419 229 δὲ
432 202 478 229 καὶ
490 203 538 238 τὴν
554 203 659 230 ἐκεῖθεν
676 203 792 229 ἐνταῦθα
811 202 926 237 μετάθε-
941 227 942 231 η

1013 203 1058 230 ἳιί.
1073 203 1203 231 Dicamus
1217 208 1307 230 autem
1324 202 1407 230 etiam
1423 200 1485 228 inde
1495 200 1549 227 huc
1565 198 1664 226 factam
1682 203 1775 224 trans-

142 258 195 281 σιν,
211 249 260 276 καὶ
273 248 320 284 τὴν
331 249 419 276 αἰτίαν
434 249 467 275 δι’
483 249 516 284 ἥν
530 250 543 284 ἡ
560 249 704 283 μετάθεσις
721 249 843 282 γέγονεν.
860 248 938 275 Μετὰ

143 296 192 325 τὰς
209 294 309 325 πολλὰς
324 294 429 321 ἐκεῖθεν
439 295 554 330 ἡμέρας,
573 294 616 320 ἵνα
631 294 656 320 τί
672 294 720 320 καὶ
734 294 935 328 Μωσαῖσωμεν,

142 340 188 366 καὶ
201 338 283 365 τοῦτο
295 340 352 370 τοῖς
366 339 483 374 μάρτυσι
495 339 685 374 χαρισώμεθα·
701 339 938 373 ἀποδέξονταιγὰρ

141 383 216 416 ἡμᾶς
228 384 260 409 ὲν
267 384 324 414 τοῖς
333 383 423 409 αὐτῶν
431 383 580 418 ἐγκωμίοις
591 384 794 415 Μωσαῖζοντας·
812 384 911 417 μᾶλλον
920 384 935 418 ἢ

143 429 374 461 Πλατωνῖζοντας·
386 429 454 464 μετὰ
464 429 513 465 τὴν
523 430 633 457 ἐκείνων
644 430 698 456 τῶν
707 430 845 464 τυράννων
855 429 937 456 κατά-

143 473 230 507 λυσιν,
239 476 287 502 καὶ
301 476 355 502 τῶν
367 476 429 507 τοὺς
437 475 531 509 ἁγίους
544 476 716 503 χαλασάντων
731 475 878 508 ἀπώλεσιν,
891 476 938 502 καὶ

144 523 194 557 τῆς
207 522 262 549 τῶν
283 523 400 549 εἰδώλων
416 523 541 558 μυσαρᾶς
564 521 693 556 λατρείας
705 520 874 555 καθαίρεσιν,
891 520 938 546 καὶ

146 569 298 604 ἱδρυμένων
311 569 403 600 αὐτοῖς
417 569 489 595 ναῶν
505 569 552 595 καὶ
570 568 668 603 βωμῶν
681 568 730 603 τὴν
744 567 919 594 κατάπτωσιν
929 571 951 589 '!

147 615 217 649 μετὰ
242 615 292 650 τὴν
317 614 525 642 Κωνσταντίνου
552 614 599 641 τοῦ
631 612 800 649 μακαριστοῦ
828 612 936 648 πρώτου

146 661 318 697 Χριστιανῶν
336 662 383 688 καὶ
402 661 548 697 Ῥωμαίων
558 660 593 687 τὰ
606 660 735 695 σκῆπτρα
744 658 936 693 κρατύνοντος,

146 707 194 732 καὶ
209 707 265 733 τῶν
286 706 352 732 υἱῶν
370 706 536 741 μεταϐίωσιν
551 713 558 721 ·
584 705 653 740 μετὰ
669 704 719 740 τὴν
743 703 871 731 Ἰοϐιανοῦ
890 704 938 730 καὶ

146 751 344 778 Οὑαλεντιανοῦ
352 760 380 778 τε
392 752 438 778 καὶ
451 749 599 786 Γρατιανοῦ
616 750 684 784 πρὸς
695 749 768 783 ζωὴν
783 750 833 784 τὴν
847 749 939 785 κρείτ-

147 804 186 822 τω
207 797 421 831 μετανάστασιν,
452 796 521 831 μετὰ
534 794 674 822 Θεοδοσίου
689 795 736 821 τοῦ
755 795 872 830 μεγάλου
890 794 938 821 καὶ

147 841 200 867 τῶν
219 842 345 875 ἐγγόνων
368 841 436 877 πρὸς
451 841 500 877 τὴν
511 841 567 868 ἄνω
585 840 663 875 λῆξιν
682 840 821 873 ἀνάλυσιν,
842 840 936 867 Θεοδο-

148 886 207 913 σίου
235 887 283 912 τοῦ
310 887 408 922 μικροῦ
435 886 485 920 τὴν
502 886 642 921 βασιλείαν
655 885 802 916 διέποντος,
818 886 865 912 καὶ
881 886 938 912 Κυ-
951 874 975 904 Β

149 932 240 967 ρίλλου
259 932 305 959 τοῦ
318 932 390 959 Θείου
411 932 445 958 τὰ
459 932 553 958 ἐνθάδε
569 931 666 965 λογικὰ
681 931 728 957 τοῦ
742 930 861 965 Χριστοῦ
879 939 938 956 ποι-

149 978 292 1013 μαίνοντος
314 978 448 1013 πρόὅατα,
472 978 519 1004 καὶ
537 976 721 1012 μεγαλοφώνῳ
737 976 866 1010 σάλπιγγι
890 975 939 1011 τὴν

147 1024 198 1058 τῆς
218 1023 359 1055 εὐσεϐείας
373 1023 468 1057 σοφίαν
484 1023 674 1058 κηρύττοντος,
688 1022 793 1057 δαίμων
808 1031 850 1053 τις
865 1022 940 1056 ζοφε-

150 1069 196 1103 ρδς
217 1069 266 1094 καὶ
290 1068 438 1102 Αἰγύπτιος
463 1067 624 1102 ἀνεφαίνετο
649 1067 790 1102 Μενουθὴς
808 1067 938 1102 τοῦνομα,

149 1114 247 1148 κώμην
263 1114 345 1140 οἰκῶν
362 1113 411 1148 τὴν
423 1112 577 1148 ἐπώνυμον,
604 1112 708 1147 θήλεως
727 1112 837 1147 μορφὴν
854 1120 940 1147 προσο

149 1159 323 1193 ποιούμενος,
336 1159 383 1186 καὶ
395 1158 482 1194 ταύτῃ
492 1159 597 1190 δεικνὺς
608 1158 656 1192 τὴν
669 1158 772 1185 οΞκείαν
783 1157 938 1191 ἀσθένειαν,

149 1205 196 1230 καὶ
215 1205 282 1239 πρὸς
293 1204 356 1236 τοὺς
373 1204 490 1240 ἄρρενας
505 1205 538 1238 τῇ
559 1203 631 1238 ψυχῇ
649 1203 700 1238 τὴν
715 1203 856 1230 ἀσθένειαν
874 1203 942 1238 μᾶλ-

150 1250 196 1276 λον
211 1250 365 1284 ἀδράνειαν,
380 1250 411 1276 οὑ
425 1249 512 1276 σθένει
525 1250 620 1283 φυγὼν
634 1249 684 1283 τὴν
697 1249 824 1277 ἁὸύσσιον
834 1250 940 1283 ἅλυσιν,

152 1294 220 1320 ἀλλὰ
234 1293 301 1320 Θεοῦ
323 1294 495 1329 συγχωρήσει
511 1294 582 1324 τέως
602 1293 692 1325 ὲαθεὶς
709 1293 779 1328 πρὸς
802 1294 941 1329 ἡμετέραν

152 1341 311 1373 ἀσφάλειαν,
331 1339 372 1365 ἵνα
391 1340 434 1365 ἀεὶ
462 1338 688 1374 μνημονεύωμεν,
713 1338 808 1365 τούτου
823 1339 872 1370 τὰς
892 1347 942 1366 κα-

151 1384 283 1419 κουργίας
298 1384 442 1420 θεώμενοι,
459 1385 559 1411 ὁποίων
579 1385 652 1420 ἡμᾶς
668 1384 806 1419 δυσχερῶν
824 1385 941 1420 Χριστὸς

151 1432 166 1457 ὁ
183 1431 249 1463 Θεὸς
262 1431 461 1465 ἠλευθέρωσεν.
483 1426 568 1461 Οὗτος
584 1432 598 1457 ὁ
612 1430 718 1464 δαίμων
730 1430 744 1454 ὁ
756 1431 893 1460 σκοτεινὸς
904 1430 941 1462 ὡς

153 1477 312 1510 Αἰγύπτιος,
329 1477 342 1502 ὁ
363 1476 508 1512 οηλύφρων
529 1476 597 1510 ὁμοῦ
613 1477 661 1503 καὶ
678 1475 852 1510 θηλύμορφος
872 1476 942 1511 μετὰ

152 1521 248 1553 Λοξίου
262 1531 292 1548 τε
317 1522 364 1548 καὶ
377 1522 505 1557 τρίποδος
520 1521 569 1556 τὴν
593 1520 756 1556 κουφότητα,
776 1520 823 1547 καὶ
839 1520 889 1555 τῆς
913 1522 941 1548 ἐν

154 1567 260 1602 Δοδώνῃ
269 1567 349 1603 δρυὸς
362 1568 441 1602 σιγὴν
453 1566 643 1602 άνεκλάλητον,
653 1567 699 1593 καὶ
709 1567 759 1602 τὴν
770 1566 816 1592 τοῦ
830 1567 942 1593 Καστα-

154 1613 231 1640 λικοῦ
246 1613 365 1648 νάματος
387 1613 492 1647 σιωπὴν
512 1612 702 1647 ἀτελεύτητον,
715 1612 819 1638 καὶτοῦ
841 1611 942 1639 Ῥοδίου

154 1659 255 1694 ταύρου
277 1659 327 1693 τὴν
347 1653 565 1692 συγγνωσθέῖσαν
579 1658 654 1692 αὐτῷ
670 1657 775 1683 πτῶσιν
791 1657 942 1693 ἀμύκητον,

156 1706 203 1731 καὶ
219 1706 269 1740 τὴν
283 1705 402 1736 πάντων,
416 1704 452 1735 ὡς
463 1705 562 1736 εἰπεῖν,
573 1704 627 1730 τῶν
637 1703 800 1739 Ἑλληνικῶν
810 1703 944 1737 μαντείων

156 1750 330 1777 κατάσϐεσιν.
363 1749 528 1786 Ἀσκληπιοῦ
550 1758 578 1776 τε
594 1749 643 1785 τὴν
659 1749 696 1784 μὴ
711 1748 878 1775 τελευτῶσαν
900 1749 945 1775 ὲκ-

158 1797 290 1831 πύρωσιν,
314 1796 361 1823 καὶ
383 1796 438 1822 τῶν
460 1795 520 1822 κατ’
547 1795 628 1822 αὑτὸν
645 1794 743 1830 ἰατρῶν
759 1794 808 1829 τὴν
825 1793 944 1829 παντελῆ

156 1843 202 1868 καὶ
227 1842 338 1868 ἀνίατον
365 1841 490 1872 λάϐωσιν,
518 1839 700 1875 προφητεύειν
719 1841 767 1866 καὶ
786 1839 880 1871 νόσους
904 1840 946 1867 ια-

156 1886 272 1921 τρτύειν,
294 1886 393 1921 μᾶλλον
413 1887 441 1913 δὲ
466 1886 625 1921 ψευδοεπείν
646 1885 694 1912 καὶ
718 1886 871 1912 νοσοποιεῖν
887 1886 947 1912 ὲτεε

158 1933 287 1967 ρατεύετο
314 1933 453 1968 φάσμασιν
468 1940 474 1947 ’
496 1932 557 1963 Πῶς
581 1931 635 1967 γὰρ
654 1932 668 1958 ὁ
691 1931 812 1965 ψεύστης
837 1930 875 1958 ὢν
898 1931 946 1958 ἀπ’

156 1979 256 2014 ἀρχῆς,
281 1980 329 2005 καὶ
348 1978 443 2013 ψεῦδος
458 1979 489 2005 ἐκ
505 1978 559 2005 τῶν
579 1979 651 2005 ἰδίων
666 1978 764 2011 λαλῶν,
781 1979 810 2004 ὲν
832 1977 946 2013 ἀληθείᾳ

156 2033 185 2050 τε
209 2024 349 2055 παντελῶς
366 2024 415 2058 οὐχ
432 2024 591 2058 ίστάμενος;
620 2024 636 2058 ἢ
655 2023 713 2055 πῶς
727 2024 742 2049 ὁ
764 2024 814 2058 τὴν
832 2023 898 2050 ἰδίαν
913 2024 947 2059 ἢν

157 2068 228 2103 εἶχέν
250 2078 315 2096 ποτε
345 2069 383 2104 μὴ
400 2069 521 2103 φυλάξας
547 2069 644 2104 ἀρχὴν,
669 2069 726 2097 ἀλλ’
757 2069 824 2096 ὡσεὶ
852 2069 947 2104 νεκρὸς

157 2116 352 2151 ἐϐδελυγμένος
368 2117 468 2152 ριφεὶς.
482 2117 528 2143 καὶ
544 2117 663 2151 σκώληξι
681 2117 782 2152 βρύων.
797 2117 846 2145 καὶ
864 2117 946 2152 σῆψιν

157 2162 226 2196 ἔχων
251 2162 432 2198 ὑπόστρωμα,
452 2163 466 2188 ὁ
480 2164 571 2189 πᾶσαν
594 2163 698 2190 πτῶσιν
716 2162 816 2195 πεσὼν,
834 2164 881 2190 καὶ
896 2171 946 2198 με·

990 248 1134 280 iationem,
1147 252 1174 275 et
1200 255 1313 276 causam
1335 250 1446 282 propter
1462 252 1544 280 quam
1577 243 1720 271 translatio
1737 243 1776 269 fa-

989 298 1032 322 cta
1050 299 1101 323 est.
1116 295 1182 322 Post
1197 295 1295 322 multos
1311 295 1402 329 itaque
1427 293 1497 325 dies,
1511 297 1540 320 ut
1567 291 1672 326 aliquid
1693 291 1776 318 etiam

988 340 1108 368 Mosaice
1122 340 1265 372 fateamur,
1273 345 1299 367 et
1312 340 1363 366 hoc
1380 339 1546 374 martyribus
1562 337 1748 365 condonemus
1766 343 1774 368 ;

989 387 1119 421 recipient
1139 386 1210 414 enim
1234 393 1284 414 nos
1301 386 1328 413 in
1346 385 1490 420 praeconiis
1509 385 1567 412 suis
1591 383 1774 410 Mosaizantes

988 432 1080 466 potius
1094 439 1175 466 quam
1196 431 1412 463 Platonizantes,
1437 434 1500 466 post
1516 430 1625 457 illorum
1644 433 1777 465 tyranno-

988 484 1048 503 rum
1066 477 1293 508 destructionem,
1303 480 1330 503 et
1340 483 1436 504 eorum
1449 476 1494 511 qui
1502 478 1614 502 sanctos
1627 474 1778 510 punierqu

989 522 1141 554 interitum,
1158 526 1186 549 et
1205 522 1416 549 simulacrorum
1441 521 1615 549 detestabilis
1636 520 1777 548 servitutis

989 567 1199 602 depositionem,
1223 571 1251 594 et
1270 574 1379 594 ararum
1395 574 1427 594 ac
1447 567 1610 601 templorum
1642 573 1702 600 qum
1725 565 1777 600 ipsi

988 616 1109 641 statuere
1117 613 1224 640 ruinam
1235 622 1243 646 ;
1254 618 1316 647 post
1326 613 1397 640 beati
1407 612 1590 645 Constantini,
1605 612 1652 647 qui
1669 612 1776 646 primus

988 658 1160 686 Christianus
1185 658 1372 686 Romanorum
1397 662 1508 692 sceptra
1525 657 1676 690 raberavit,
1693 665 1725 684 ae
1744 658 1776 684 li-

988 704 1087 732 liorum
1118 704 1223 732 obitum
1241 713 1248 738 ;
1264 708 1327 739 post
1341 703 1481 731 Ioriniaui
1507 711 1617 739 quoque
1633 708 1660 731 et
1678 703 1778 730 Valen-

988 751 1096 784 tiniani,
1123 754 1150 778 et
1173 751 1297 778 Gratiani
1323 751 1357 777 ad
1375 750 1516 778 meliorem
1532 749 1617 777 vitam
1636 748 1778 782 migraiio-

988 804 1050 824 nem
1067 806 1074 830 ;
1088 802 1149 831 post
1164 796 1312 824 Theodosii
1327 796 1417 830 Magni
1430 803 1461 824 ac
1473 795 1590 823 filiorum
1607 794 1641 821 ad
1654 794 1778 829 requiem

989 849 1136 877 supernam
1162 835 1378 875 resolutionem;
1395 841 1550 868 Theodosio
1568 840 1672 867 M-inore
1691 840 1778 874 impe-

990 887 1060 914 rium
1083 887 1254 920 moderante,
1282 891 1310 915 et
1343 887 1437 914 divino
1469 886 1573 922 Cyrillo
1603 886 1780 913 rationabiles

989 932 1035 959 hic
1061 932 1164 960 Christi
1192 939 1259 959 oves
1289 937 1428 967 pascente.
1459 937 1486 959 et
1511 931 1686 966 magniloqua
1715 930 1780 961 tuba

990 977 1100 1012 pietatis
1123 978 1286 1012 sapientiam
1330 977 1505 1012 praedicante,
1530 977 1636 1003 daemon
1667 975 1779 1010 quidam

991 1024 1150 1051 teterrimus
1162 1028 1189 1050 et
1197 1024 1342 1059 Aigyptius
1355 1023 1504 1058 apparebat
1512 1021 1779 1051 llleuuthisuomiue,

991 1069 1135 1096 castellum
1151 1076 1166 1095 a
1187 1076 1216 1096 se
1243 1068 1466 1103 cognominatum
1487 1067 1655 1097 inhabitans,
1673 1069 1700 1092 et
1725 1065 1780 1092 for-

991 1121 1062 1140 mam
1081 1113 1188 1140 feminae
1206 1113 1320 1148 fingens,
1345 1118 1373 1140 et
1400 1113 1451 1139 hac
1471 1112 1610 1147 propriam
1634 1111 1780 1138 infirmita-

991 1163 1044 1187 tem
1063 1163 1091 1186 et
1109 1159 1324 1187 imbecillitatem
1359 1158 1553 1186 demonstrans
1580 1157 1712 1184 adversus
1732 1164 1780 1184 eos

992 1205 1038 1241 qui
1061 1213 1152 1233 mares
1175 1209 1239 1232 sunt
1252 1205 1354 1238 animo,
1370 1211 1424 1231 non
1450 1204 1554 1230 virtute
1567 1202 1674 1237 fugiens
1689 1203 1780 1237 abyssi

992 1254 1127 1281 catenam.
1145 1251 1190 1278 sed
1206 1250 1252 1278 Dei
1272 1250 1453 1285 permissione
1467 1249 1578 1277 interim
1596 1248 1629 1275 ad
1646 1248 1781 1276 cautelam

991 1299 1115 1324 nostram
1137 1296 1281 1328 dimissus,
1299 1299 1329 1322 ut
1355 1302 1463 1329 semper
1480 1302 1614 1322 memores
1629 1294 1717 1321 simus
1733 1293 1782 1319 hu-

990 1342 1036 1377 jus
1048 1342 1119 1368 mala
1136 1349 1218 1376 opera
1233 1341 1448 1375 conspicientes,
1466 1340 1595 1375 qualibus
1622 1348 1671 1366 nos
1700 1339 1782 1366 Chri-

993 1391 1053 1415 stus
1067 1387 1138 1414 Deus
1165 1387 1370 1414 dillicultatibus
1402 1386 1569 1413 liberaverit.
1598 1385 1649 1412 Hie
1674 1384 1781 1411 daemon

994 1433 1155 1460 tenebrosus
1180 1432 1251 1460 sicut
1280 1431 1426 1467 [Egyptius
1458 1431 1567 1459 feminei
1604 1439 1702 1458 sensus
1725 1434 1784 1457 erat

993 1478 1095 1513 pariter
1111 1481 1138 1505 et
1154 1478 1258 1508 formae,
1275 1481 1337 1512 post
1346 1477 1422 1504 Loxii
1440 1481 1467 1504 et
1485 1476 1600 1511 tripodis
1609 1476 1782 1506 surditatem.

993 1529 1022 1552 et
1034 1524 1197 1552 ineﬂ‘abilcm
1225 1524 1362 1552 Dodoueze
1377 1531 1495 1558 quercus
1511 1522 1739 1553 taciturnitatem,
1758 1525 1786 1548 et

994 1571 1196 1599 interruinabile
1217 1570 1347 1599 Castalici
1367 1569 1459 1597 ﬂuenti
1489 1569 1640 1600 silentium.
1667 1572 1785 1604 postque

994 1617 1093 1644 Rhodii
1112 1617 1183 1644 tauri
1197 1616 1256 1644 sine
1268 1615 1374 1650 mugitu
1389 1614 1440 1642 sibi
1455 1622 1509 1641 non
1527 1613 1649 1648 agnitum
1679 1619 1784 1642 casum,

995 1667 1023 1690 et
1042 1663 1176 1694 omnium,
1194 1662 1272 1689 utita
1302 1661 1419 1692 dicatur,
1442 1667 1612 1695 pagauarum
1639 1659 1786 1686 divinatio-

996 1716 1060 1736 nqu
1082 1707 1298 1738 exstinctionem,
1323 1706 1498 1740 Asclepiiquo
1535 1713 1589 1732 non
1614 1704 1716 1731 finitam
1742 1705 1786 1731 in-

995 1754 1220 1784 ﬂammationem,
1239 1756 1266 1780 et
1285 1752 1414 1780 similium
1433 1751 1620 1778 omnimodam
1635 1754 1661 1777 ct
1674 1750 1786 1777 insana-

996 1799 1077 1826 bilem
1095 1799 1265 1826 medicorum
1281 1798 1433 1829 lzesiouem,
1452 1798 1618 1832 prophetare
1635 1803 1666 1822 ac
1683 1795 1786 1822 mederi

997 1843 1188 1879 languoribus,
1205 1843 1259 1869 imo
1280 1842 1348 1870 falsa
1378 1841 1471 1869 dicere
1499 1849 1531 1868 ac
1558 1841 1663 1868 morbis
1677 1840 1788 1867 inlicere

996 1897 1045 1924 per
1069 1889 1263 1924 phantasmata
1287 1888 1476 1924 protendebat.
1507 1887 1574 1914 Nam
1594 1887 1731 1922 quomodo
1763 1886 1786 1912 is

997 1935 1043 1970 qui
1055 1934 1169 1962 mendax
1183 1938 1225 1962 est
1239 1934 1272 1961 ab
1290 1934 1378 1966 initio,
1396 1937 1423 1961 et
1440 1933 1613 1961 mendacium
1625 1934 1656 1958 de
1674 1932 1786 1966 proprio

997 1981 1128 2015 loquitur,
1156 1982 1184 2008 in
1204 1981 1374 2015 veritateque
1391 1988 1506 2015 prorsus
1524 1987 1578 2006 uou
1603 1983 1669 2011 stat,
1687 1978 1787 2004 verita-

999 2031 1052 2055 tem
1070 2027 1285 2055 asseveret?Aut
1299 2026 1436 2061 quomodo
1449 2027 1472 2053 is
1486 2026 1533 2061 qui
1545 2026 1686 2060 proprium
1705 2031 1785 2058 quem

998 2073 1093 2102 habuit
1110 2072 1259 2108 aliquando
1287 2072 1471 2108 principatqu
1489 2079 1541 2098 non
1568 2070 1725 2101 custodit-it,
1739 2069 1786 2095 sed

998 2119 1080 2146 veluti
1100 2122 1225 2146 mortuus
1242 2117 1416 2145 abominatus
1448 2117 1586 2151 proiectus
1609 2120 1662 2148 cst,
1676 2121 1701 2142 et
1724 2123 1788 2142 ver-

999 2165 1090 2193 mibus
1117 2167 1217 2196 scatet,
1236 2167 1263 2191 et
1287 2164 1460 2198 putredinem
1478 2163 1560 2189 habet
1587 2165 1714 2193 stratum,
1741 2161 1787 2195 qui

157 2207 241 2242 γάλην
259 2208 344 2234 νοσῶν
358 2207 407 2243 τὴν
422 2208 563 2236 ἀσθένειαν
576 2217 583 2240 ;
607 2219 616 2235 ι
635 2209 717 2236 Αὐτοὶ
730 2210 783 2244 γὰρ
807 2219 942 2245 προφητι·

998 2209 1073 2237 omni
1094 2216 1158 2238 casu
1185 2208 1266 2240 cadit,
1285 2212 1313 2235 et
1338 2208 1442 2242 ingenti
1472 2208 1581 2242 languet
1607 2206 1787 2233 infirmitate:

157 2254 212 2284 κῶς
227 2255 323 2287 εἰπεῖν,
345 2254 499 2290 ἡσθένησάν
518 2263 548 2281 τε
568 2255 615 2281 καὶ
627 2255 734 2288 ἔπεσον,
750 2264 760 2281 ι
781 2257 829 2282 καὶ
846 2257 945 2288 παντὸς

157 2299 261 2331 ἀγαθοῦ
283 2299 332 2334 τὴν
355 2299 465 2327 ἀνίατον
484 2300 669 2336 περικείμενοι
691 2301 825 2336 νέκρωσιν
841 2301 945 2336 ἑτέροις

158 2344 240 2377 βῶσιν
256 2344 375 2380 ὀρέξειεν
389 2353 397 2378 ;
419 2346 435 2380 ἢ
454 2345 577 2372 νοσοῦσιν
593 2346 663 2372 τισὶν
675 2346 841 2380 ἀλεξήσειεν,
852 2347 866 2373 ὁ
880 2347 945 2382 βοη-

158 2390 212 2415 θεῖν
226 2391 316 2426 ἑαυτῷ
332 2391 368 2426 μὴ
383 2391 545 2424 δυνάμενος;
563 2391 596 2417 Ὃ
610 2391 663 2426 γάρ
677 2400 719 2422 τις
732 2391 788 2426 ἔχει
797 2393 828 2418 ἐκ
838 2392 945 2427 φύσεως

158 2434 235 2461 τοῦτο
255 2434 354 2470 λαχὼν,
375 2435 390 2470 ἢ
419 2435 486 2470 πρὸς
514 2435 608 2470 ἐτέρου
639 2435 728 2462 λαϐὼν
753 2437 799 2462 καὶ
824 2436 946 2470 φυλάξας

158 2480 300 2514 ἀμείωτον,
313 2481 382 2516 τάχα.
395 2481 428 2508 ἂν
438 2480 556 2515 ἠδύνατο
569 2480 617 2507 καὶ⁴
632 2481 699 2515 πρὸς
712 2480 799 2508 ἄλλων
813 2482 945 2509 ἐκτείνειν

161 2525 317 2559 μετάδοσιν·
337 2526 352 2552 ὃ
365 2526 394 2553 δὲ
412 2526 449 2562 μὴ
465 2526 533 2562 ἔχει,
548 2526 606 2558 πῶς
623 2527 726 2563 ἑτέροις
744 2527 843 2554 διδόναι
865 2528 947 2564 δυνή-

159 2581 234 2600 σεται
247 2583 255 2605 ;

194 2664 242 2686 κε’.
260 2661 316 2687 Καὶ
331 2661 432 2688 τούτων
447 2661 521 2688 οὕτω
533 2660 679 2695 κειμένων,
710 2660 822 2692 πολλοὺς
850 2661 880 2688 τὸ
905 2663 944 2688 εί-

159 2705 248 2739 ὂεχῡὲς
263 2706 342 2733 τοῦτο
355 2707 492 2742 δαιμόνιον
506 2708 566 2738 ταῖς
575 2706 694 2738 ἀπάταις
712 2707 877 2742 παρέσυρεν,
898 2708 944 2734 καὶ

160 2753 368 2786 προσκαλεῖσθαι
392 2754 473 2780 αὑτοῦ
503 2753 541 2788 τῷ
569 2753 651 2789 βωμῷ
678 2753 764 2781 ἑλπίδι
794 2751 903 2789 ῥώσεως
926 2755 942 2790 ἢ

192 2844 211 2858 ’τ
234 2843 293 2870 i‘sai
328 2853 397 2871 \svt.
416 2846 441 2871 2.

1002 2264 1012 2281 ι
1033 2255 1087 2289 Ipsi
1114 2254 1198 2287 enim,

999 2305 1063 2328 sunt
1075 2305 1102 2327 et
1115 2300 1274 2328 ceciderunt
1284 2300 1322 2332 ’7;
1341 2309 1350 2324 ι
1365 2299 1507 2333 totiusque
1520 2298 1583 2324 boui
1610 2301 1652 2324 est
1670 2297 1788 2323 mortifi-

998 2347 1106 2374 catione
1132 2346 1329 2377 circumdatus,
1352 2345 1413 2372 aliis
1443 2345 1586 2372 sanitatem
1611 2342 1788 2378 porrigeret?

999 2396 1047 2419 aut
1070 2391 1262 2427 languentibus
1290 2391 1452 2424 quibusdam
1491 2394 1632 2425 praestaret
1658 2389 1788 2420 remedia,

999 2437 1044 2472 qui
1061 2436 1113 2464 sibi
1129 2436 1254 2463 auxiliari
1269 2443 1323 2463 non
1341 2435 1438 2463 valet?
1453 2435 1530 2468 Quod
1545 2434 1607 2469 quis
1627 2434 1718 2464 habet.
1732 2433 1786 2459 hoc

998 2484 1041 2510 vel
1066 2491 1099 2510 ex
1127 2486 1224 2510 natura
1239 2482 1366 2512 sortitus,
1386 2481 1427 2508 vel
1444 2481 1478 2508 ab
1498 2481 1584 2507 altero
1600 2483 1741 2514 areeptum
1764 2478 1787 2505 si

1000 2528 1161 2556 custodierit
1176 2527 1383 2559 indiminutum,
1401 2526 1524 2554 fortassis
1538 2526 1637 2560 poterit
1666 2525 1698 2552 ad
1718 2524 1787 2551 alios

1001 2576 1101 2610 quibus
1115 2574 1272 2609 impertitur
1301 2572 1448 2600 extendere
1465 2580 1470 2598 :
1488 2576 1514 2598 at
1528 2579 1595 2598 vero
1609 2571 1654 2605 qui
1673 2577 1725 2597 non
1741 2571 1788 2597 lia-

1002 2622 1057 2653 bet,
1075 2620 1213 2655 quomodo
1229 2619 1292 2647 aliis
1306 2619 1427 2646 tribuere
1451 2613 1592 2653 potuerit?

1033 2667 1077 2694 25.
1096 2665 1130 2693 Et
1150 2666 1192 2693 his
1213 2666 1250 2692 ita
1276 2665 1381 2701 positis,
1405 2665 1508 2691 multos
1534 2663 1713 2691 fmdissimum
1736 2661 1787 2687 hoc

998 2712 1162 2739 daemonium
1184 2711 1394 2744 seductiouibus
1414 2711 1472 2737 suis
1495 2709 1641 2738 abstraxit,
1659 2712 1685 2733 et
1711 2713 1786 2732 aram

997 2764 1076 2785 suam
1098 2757 1230 2791 residere,
1248 2765 1295 2792 spe
1314 2756 1480 2792 recipienda:
1502 2754 1637 2786 sanitatis,
1663 2752 1703 2780 vel
1723 2759 1784 2786 pcr-

1235 2259 1265 2280 ut
1301 2253 1460 2288 prophetico
1490 2253 1626 2283 dicamus,
1660 2252 1788 2278 inﬁrmati
