1909 3078
154 116 222 149 3411

591 118 621 148 S.
642 118 849 149 SOPHRONII
867 118 1117 149 PATRIARCHE
1134 118 1333 149 HIEROSOL.

1711 115 1783 149 3412

154 174 287 210 cipiendte
311 174 470 209 prophetiae,
497 174 596 206 suasit,
620 182 675 202 non
706 175 795 202 solum
821 175 938 202 inﬁdeli-

992 177 1159 211 προφητείας
1170 176 1321 208 ἀνέπειθεν,
1333 175 1362 202 οὗ
1374 175 1453 210 μόνον
1462 175 1620 202 ἀπιστοῦσιν
1636 175 1682 202 καὶ
1689 176 1778 210 πάντη

154 220 219 253 bus,
234 223 260 246 et
277 219 384 246 cunctis
401 219 444 246 his
460 219 506 254 qui
527 219 700 254 jussionibus
714 219 773 254 ejus
794 220 937 255 parebant,

156 265 206 293 sed
228 270 254 292 et
279 265 404 292 ﬁdelibus
429 270 456 292 et
476 265 633 292 hominibus
653 260 699 300 qui
719 265 820 293 Christi
846 270 939 300 porta-

155 310 222 337 bant
254 309 364 336 indicia.
389 308 468 336 Novit
493 309 564 336 enim
594 309 696 336 malitia
719 310 752 336 ad
776 317 806 337 se
829 310 939 337 trahere

157 354 320 388 simplicem,
339 354 465 382 fortassis
482 359 571 382 autem
588 359 615 382 et
637 362 699 382 eum
717 355 763 390 qui
786 355 820 382 ad
841 355 937 383 melio-

154 407 186 426 ra
202 407 321 434 congrue
330 402 445 434 spectat.
457 399 509 426 nisi
524 399 609 426 Deum
624 399 665 426 sui
679 399 822 427 custodem
838 399 938 426 habeat

154 448 248 471 nutus.
260 443 335 470 Alias
351 447 378 470 et
394 442 476 477 hujus
489 443 564 471 urbis
582 443 689 470 soboles
705 443 819 470 multam
836 443 939 477 simpli-

155 488 265 515 citatem
281 488 422 518 habentes,
438 492 465 515 et
486 487 513 515 in
531 488 708 523 simplicitate
723 488 815 522 potius
828 488 936 521 agnitae,

154 533 237 561 facile
250 540 265 560 a
276 533 436 561 melioribus
450 534 483 560 ad
501 534 595 568 pejora
609 537 762 566 mutantur,
776 537 804 561 et
815 533 911 561 leviter
922 540 937 559 a

154 578 246 606 noxiis
263 582 489 613 corrumpuntur,
513 585 544 606 ac
570 578 705 606 dimcilius
728 586 762 606 ex
783 577 937 605 minoribus

153 622 306 658 eriguntur,
323 625 472 650 multorum
489 623 631 650 oculorum
649 626 771 652 mentem
792 630 847 650 non
870 623 940 650 bene

152 667 290 697 oculatam
306 667 455 699 habentes;
469 667 542 694 unde
554 672 582 694 et
596 667 698 695 Paulus
715 675 778 695 cum
798 667 866 695 tales
882 665 938 694 Ga-

152 712 224 739 latas
245 711 359 739 vidisset
378 721 387 739 :
408 721 417 738 ι
441 711 534 744 Miror,
559 713 608 745 ait,
632 712 705 747 quod
734 712 776 740 sic
801 716 858 739 tam
882 713 939 739 cito

153 756 352 783 transferimini
379 757 413 784 ab
438 763 472 784 eo
489 757 534 791 qui
563 763 612 784 vos
638 756 746 784 vocavit
769 758 796 783 in
821 756 937 791 gratiam

989 219 1052 251 τοὺς
1075 220 1157 246 αὐτοῦ
1184 220 1384 255 προκειμένους
1405 219 1589 255 κελεύει-μασιν
1604 240 1611 252 ,
1634 220 1703 247 ἀλλὰ
1731 220 1781 247 καὶ

989 264 1099 295 πιστοὺς
1124 264 1171 291 καὶ
1187 264 1305 300 Χριστοῦ
1320 264 1354 290 τὰ
1374 264 1495 299 σύμϐολα
1515 265 1658 300 φέροντας.
1686 265 1779 291 Δεινὸν

989 309 1043 344 γὰρ
1058 310 1074 344 ἡ
1093 309 1176 336 κακία
1190 309 1257 345 πρὸς
1271 310 1370 345 ἑαυτήν
1383 310 1500 336 ἕλκουσα
1513 310 1559 336 τὸν
1572 311 1687 343 ἄκακον,
1703 311 1775 346 τάχα

988 355 1016 382 δὲ
1031 355 1135 381 καὶτὸν
1160 355 1301 390 ἀραρότως
1314 355 1383 390 πρὸς
1395 356 1429 382 τὰ
1443 355 1588 391 κρείσσονα
1601 356 1726 389 νεύοντα,
1749 357 1775 382 εί

991 399 1027 435 μή
1035 399 1100 426 Θεὸν
1109 399 1216 433 φύλακα
1230 409 1280 435 της
1290 400 1371 427 αὑτοῦ
1385 401 1516 435 κτήσαιτο
1525 403 1652 433 νεύσεως.
1668 401 1777 433 Ἀλλως

988 444 1017 471 δὲ
1031 445 1077 471 καὶ
1094 445 1119 471 οἱ
1139 444 1233 471 τούτου
1250 444 1296 471 τοῦ
1311 445 1416 476 ἄστεως
1443 444 1550 479 ἔκγονοι
1577 445 1643 472 πολὺ
1664 446 1695 471 τὸ
1709 445 1776 472 ἀκέ-

990 498 1066 526 ραιον
1091 490 1212 525 ἔχοντες,
1241 490 1289 517 καὶ
1317 491 1416 525 μᾶλλον
1442 491 1471 517 ἐν
1489 491 1624 525 ἁπλότητι
1643 490 1778 526 γνωριζό-

991 543 1080 570 μενοι,
1107 534 1227 569 εὐχερῶς
1247 534 1301 561 τῶν
1320 534 1439 569 ἀρίστων
1466 535 1512 561 ἐπὶ
1531 535 1566 561 τὰ
1597 535 1681 570 χείρω
1708 535 1776 570 μεθ-

991 581 1121 613 ίστανται,
1147 580 1194 606 καὶ
1213 579 1310 614 ῥᾳδίως
1341 579 1483 614 βλαὸεροϊς
1513 580 1748 615 παραφθείρονται
1767 600 1777 612 ,

989 626 1037 653 καὶ
1061 625 1200 661 δυσχερῶς
1228 626 1262 652 ὲκ
1282 625 1336 651 τῶν
1358 626 1521 660 ἡττωμένων
1545 626 1692 659 ἀνάγονται
1707 645 1714 656 ,
1730 625 1778 651 τὸν

990 671 1180 705 πολυόμματον
1207 670 1269 697 νοῦν
1295 671 1344 696 οὒκ
1375 671 1531 705 εὑόμματον
1560 670 1677 705 ἔχοντες,
1695 670 1780 696 Ὅθεν

990 715 1038 742 καὶ
1067 715 1173 747 Παῦλος
1210 715 1349 746 τοιούτους
1376 715 1440 747 τοὺς
1472 715 1595 746 Γαλάτας
1631 715 1779 749 θεώμενος.

994 758 1172 794 (Θαυμάζω,
1189 760 1282 794 φησὶν,
1301 760 1359 791 πῶς
1376 759 1462 790 οὕτως
1474 759 1579 794 ταχέως
1602 758 1779 794 μετατίθεσθε

152 801 256 828 Christi
266 801 305 833 ¹⁸;
323 810 333 827 ι
356 806 383 828 et
402 805 464 835 post
479 802 592 841 multam
613 801 777 834 doctrinam,
793 802 940 836 sapientis-

992 805 1044 831 ἀπὸ
1057 804 1104 831 τοῦ
1120 805 1283 836 καλέσαντος
1298 805 1368 840 ὑμᾶς
1390 806 1420 831 ἐν
1436 805 1527 840 χάριτι
1545 804 1663 839 Χριστοῦ
1678 812 1685 819 ·
1703 814 1711 829 ι
1730 804 1779 830 καὶ

153 847 308 881 simamque
333 846 556 879 admonitionem,
571 851 770 881 consequenter
784 854 832 874 eos
849 847 942 875 insen-

994 849 1063 885 μετὰ
1074 850 1174 885 πολλὴν
1189 849 1363 877 διδασκαλίαν
1377 851 1424 877 καὶ
1440 850 1600 884 σοφωτάτην
1615 849 1780 884 παραίνεσιν

152 896 227 919 satos
251 899 312 919 esse
340 891 503 919 testiﬁcatus
526 897 579 920 est.
610 892 697 919 Porro
725 900 786 919 cum
812 891 941 920 Hebraeos

993 895 1106 926 εἰκότως
1126 896 1218 927 αὐτοῖς
1233 896 1424 931 ἐμαρτύρησεν
1439 897 1469 922 τὸ
1485 896 1598 931 ἀνόητον
1609 904 1617 911 ·
1638 895 1779 930 Ἐϐραίους

152 937 223 964 lacte
240 937 329 964 adhuc
352 945 443 973 egere,
460 942 487 966 et
506 938 701 966 inexercitatos
721 939 822 965 habere
844 939 941 966 anima:

153 990 253 1010 sensus
289 982 324 1009 ad
348 983 544 1011 discretionem
573 984 638 1011 ntali
667 988 694 1012 et
723 984 787 1011 boni
815 983 939 1017 vidisset,

152 1026 303 1054 imbecilles
318 1027 417 1054 merito
431 1032 457 1055 et
473 1028 603 1063 parvulos
620 1028 772 1056 nominavit
788 1030 822 1055 ".
842 1028 942 1056 Corin-

152 1071 219 1099 thiis
232 1076 335 1105 autem,
347 1073 393 1107 qui
405 1073 568 1107 deprehensi
579 1073 690 1101 fuerant
704 1081 766 1101 cum
779 1074 942 1109 periclitan-

153 1117 227 1144 tibus
243 1124 339 1152 sapere
357 1127 364 1145 :
383 1127 392 1144 ι
412 1118 519 1151 Timeo,
537 1119 637 1154 inquit,
652 1126 687 1146 ne
700 1118 784 1151 forte,
797 1119 869 1147 sicut
883 1127 942 1146 ser-

152 1170 222 1198 pens
242 1163 352 1191 seduxit
366 1163 449 1191 Evam
474 1165 503 1192 in
527 1165 628 1193 astutia
653 1172 715 1198 sua,
729 1169 942 1200 corrumpantur

153 1217 251 1238 sensus
265 1211 349 1238 vestri
365 1217 380 1238 a
398 1211 575 1245 simplicitate
587 1215 615 1239 et
626 1211 763 1244 castitate,
776 1220 837 1246 qua:
850 1215 893 1240 est
914 1212 940 1238 in

152 1255 262 1283 Christo
286 1257 319 1284 “.
347 1266 357 1283 ι
377 1257 516 1292 Sapientia
537 1265 647 1292 quoque
663 1258 783 1284 animum
812 1257 859 1292 qui
883 1258 942 1285 sine

153 1301 259 1328 malitia
275 1306 318 1328 est
331 1300 410 1328 facile
421 1303 602 1329 transmutari
623 1301 700 1333 dicit,
714 1305 742 1329 et
762 1302 866 1328 idcirco
884 1301 941 1328 dari

153 1346 282 1372 astutiam
303 1346 504 1379 innocentibus,
527 1347 620 1382 pueris
637 1353 728 1374 autem
744 1352 772 1374 et
792 1347 941 1381 juvenibus

153 1390 337 1425 prudentiam,
352 1398 518 1426 sensumque
529 1399 561 1418 ac
576 1392 755 1419 intellectum.

189 1435 234 1462 26.
255 1436 308 1463 Sed
326 1436 372 1464 ille
391 1437 511 1471 Cyrillus
528 1438 665 1472 egregius,
685 1442 779 1472 pastor
793 1437 892 1470 bonus,
911 1441 938 1464 et

153 1481 255 1509 Christi
282 1481 348 1509 boni
377 1483 495 1518 pastoris
518 1482 671 1517 discipulus
692 1486 719 1510 et
738 1487 869 1516 sectator,
890 1485 939 1518 qui

992 940 1022 967 δὲ
1041 940 1150 975 βλέπων
1175 941 1214 966 ἔτι.
1231 941 1381 976 χρῄζοντας
1403 941 1548 975 γάλακτος,
1569 941 1616 968 καὶ
1632 940 1722 974 γυμνά
1743 940 1778 966 τὰ

991 987 1039 1019 τῆς
1054 985 1143 1020 ψυχῆς
1158 985 1323 1021 αίσθητήρια
1336 986 1404 1021 πρὸς
1416 987 1552 1022 διάκρισιν
1570 986 1654 1013 καλοῦ
1670 986 1717 1013 καὶ
1730 985 1779 1012 τοῦ

992 1031 1113 1067 χείρονος
1128 1031 1249 1067 ἔχοντας,
1269 1032 1383 1066 νοθροὺς
1408 1032 1491 1063 ἀξίως
1508 1031 1554 1058 καὶ
1573 1031 1686 1064 νηπίους
1712 1030 1779 1056 ὠνό-

994 1084 1097 1111 μασεν
1113 1076 1269 1112 Κορινθίοις
1287 1079 1343 1109 τοῖς
1356 1076 1538 1112 προλαὸοὓσιν
1559 1078 1707 1111 σωφρονεῖν
1719 1084 1777 1102 κιν-

991 1121 1158 1154 δυνεύουσιν,
1175 1131 1185 1147 ‹
1203 1122 1249 1157 Μή
1274 1130 1332 1153 πως
1355 1121 1393 1153 ὡς
1406 1123 1420 1148 ό
1435 1123 1507 1157 δφις.
1524 1121 1587 1157 ἔφη,
1607 1121 1779 1156 ἐξηπάτησεν

993 1166 1064 1194 Εὕαν
1079 1167 1108 1194 ὲν
1128 1167 1162 1202 τῇ
1183 1166 1336 1202 πανουργίᾳ
1364 1167 1445 1193 αὐτοῦ
1459 1186 1466 1198 ,
1485 1166 1582 1201 φθείρῃ
1601 1166 1635 1192 τὰ
1656 1166 1779 1199 νοήματα

993 1212 1068 1247 δμῶν
1083 1212 1137 1238 ἀπὸ
1152 1212 1202 1247 τῆς
1221 1211 1373 1247 ἁπλότητος
1393 1212 1440 1239 καὶ
1455 1211 1504 1246 τῆς
1517 1211 1665 1245 ἀτνότητος
1679 1209 1727 1244 τῆς
1739 1210 1780 1240 εἱς

991 1261 1036 1284 τον
1050 1256 1177 1291 Χριστόν.
1194 1266 1203 1282 ι
1222 1256 1254 1283 Ἦ
1270 1256 1298 1283 δὲ
1308 1257 1392 1290 Σοφία
1403 1257 1451 1283 τὸν
1461 1257 1545 1283 κακδν
1560 1254 1622 1282 νοῦν
1637 1254 1781 1289 εὐμαρῶς,

993 1303 1084 1337 φησὶν,
1098 1301 1319 1337 μεταλλεύεσθαι,
1333 1301 1381 1327 καὶ
1393 1301 1438 1327 διὰ
1446 1300 1524 1327 τοῦτο
1542 1300 1643 1327 διδόναι
1658 1307 1778 1334 πανουρ-

992 1347 1054 1381 γίαν
1077 1347 1202 1377 ἁκάκοις,
1237 1347 1330 1373 παισὶν
1357 1345 1386 1371 δὲ
1406 1345 1454 1371 καὶ
1480 1344 1551 1376 νέοις
1577 1344 1607 1371 τὸ
1636 1343 1780 1379 φρόνημα,

992 1391 1117 1425 αἴσθησίν
1130 1400 1160 1417 τε
1176 1391 1223 1418 καὶ
1241 1390 1346 1417 ἔννοιαν
1356 1389 1567 1424 ἐπαγγέλλεται.

1027 1439 1082 1468 κς’.
1099 1435 1169 1462 Ἀλλ’
1185 1436 1199 1461 ό
1214 1435 1359 1466 θεσπέσιος
1376 1434 1508 1470 Κύριλλος
1521 1435 1535 1460 ό
1552 1434 1654 1468 ποιμὴν
1670 1435 1683 1459 ὸ
1699 1433 1779 1464 καλὸς

993 1482 1040 1507 καὶ
1055 1480 1170 1516 Χριστοῦ
1190 1480 1236 1506 τοῦ
1256 1479 1339 1506 καλοῦ
1356 1479 1485 1514 ποιμένος
1502 1478 1625 1514 μαθητὴς
1648 1478 1695 1504 καὶ
1714 1477 1779 1504 ὰκόι

154 1533 261 1560 semper
290 1530 317 1553 et
352 1526 405 1554 diei
430 1532 557 1554 caumate
582 1527 768 1558 cremabatur.
795 1533 823 1555 et
847 1529 937 1556 nectis

992 1527 1093 1558 λουθος,
1109 1527 1152 1552 ἀεὶ
1173 1526 1212 1560 τῷ
1231 1525 1279 1560 τῆς
1299 1525 1405 1560 ἡμέρας
1422 1525 1544 1560 καύματι
1567 1524 1778 1558 συγκαιόμενος,

153 1572 240 1606 glacie
257 1572 453 1607 stringebatur,
472 1573 574 1609 quique
597 1575 631 1601 ab
647 1574 735 1602 oculis
752 1583 877 1602 somnum
895 1583 939 1602 re—

153 1617 271 1652 pellebat
292 1622 318 1645 et
342 1619 492 1651 avertebat,
509 1623 539 1646 ut
554 1620 766 1648 lucubranttbus
784 1621 891 1649 visibus
909 1625 937 1648 et

153 1663 228 1697 vigili
245 1668 335 1690 mente
352 1664 503 1691 custodiret
517 1672 595 1698 oves,
616 1674 651 1693 ne
670 1665 743 1693 l'urto
760 1666 857 1694 ablatae
877 1666 938 1694 fne-

153 1710 209 1736 rint
227 1713 254 1736 et
271 1714 468 1742 mactarentur,
484 1713 511 1737 et
528 1711 718 1744 perderentur,
741 1713 784 1739 vel
807 1719 823 1739 ιι
842 1711 937 1739 bestiis

153 1760 334 1789 caperentur;
351 1755 391 1782 sic
405 1755 476 1782 enitn
493 1759 519 1782 et
532 1755 618 1783 furem
630 1761 658 1783 et
672 1756 758 1784 feram
774 1757 937 1790 Nestorium,

153 1799 286 1826 latronem
303 1799 384 1827 simul
408 1804 435 1826 et
454 1799 546 1834 lupum
572 1801 722 1836 perspexit,
740 1805 767 1830 et
789 1810 804 1829 ιι
824 1802 938 1828 mandra

153 1845 293 1872 insecutus
316 1849 368 1877 est,
384 1850 464 1880 atque
488 1845 652 1874 incliicacem
674 1848 778 1882 pepulit
801 1848 836 1875 ab
860 1847 936 1879 ovili.

153 1889 253 1917 illaesas
279 1897 343 1917 oves
369 1891 547 1924 custodiens;
574 1891 705 1926 Cyrillus,
745 1891 868 1926 inquam,
890 1892 936 1926 qui

152 1943 216 1962 cum
235 1935 379 1970 Theophili
389 1937 516 1964 avunculi
532 1937 575 1964 sui
597 1941 625 1964 et
637 1937 803 1971 praesulatus
824 1942 900 1965 esset
913 1943 940 1965 et

153 1981 205 2008 zeli
229 1989 382 2014 successor,
407 1981 595 2010 seductionem
618 1982 752 2010 daemonis
776 1982 896 2014 intuens,
912 1987 939 2010 et

153 2026 274 2053 ﬁdelium
302 2027 440 2055 laesionem
466 2028 650 2061 conspiciens,
666 2027 819 2054 Salvatoris
843 2035 940 2055 servus

152 2069 276 2103 eﬁ‘ectus,
299 2075 328 2097 ut
343 2074 464 2098 cessaret
478 2071 592 2103 malum,
607 2071 799 2105 daemonisque
817 2071 941 2098 destrue-

151 2121 248 2144 rentur
260 2117 461 2152 phantasmata,
471 2121 499 2144 et
515 2117 635 2151 perfecta
651 2117 755 2151 populo
768 2116 938 2151 praeberetur

152 2161 276 2188 veritatis
290 2161 404 2196 agnitio,
415 2168 447 2188 ac
459 2161 558 2188 divinae
569 2161 654 2196 ipsius
667 2161 834 2196 cognitionis
847 2168 937 2193 nmor,

153 2212 280 2241 precatus
298 2212 355 2239 est;
369 2206 440 2234 Deus
456 2210 545 2234 autem
562 2206 696 2234 maturius
708 2206 804 2233 famuli
819 2207 862 2234 sui
876 2214 938 2241 pre~

153 2253 231 2279 cilius
247 2253 376 2280 admissis
388 2258 416 2280 et
426 2252 518 2281 cordis
528 2253 693 2279 voluntatetn
705 2252 789 2284 dedit,
800 2256 827 2279 et
837 2252 939 2280 eﬁ‘usas

153 2306 202 2332 pro
214 2298 337 2326 ﬁdelibus
353 2298 411 2326 suis
423 2298 571 2333 petitiones
587 2298 726 2331 implevit;
740 2297 812 2324 oculi
830 2298 939 2326 Domini

154 2351 235 2378 super
247 2344 346 2378 justos,
358 2347 385 2371 et
399 2351 480 2372 aures
491 2343 551 2377 ejus
561 2343 594 2370 ad
607 2350 703 2377 preces
714 2350 808 2370 eorum
822 2344 877 2377 '0‘;
892 2351 941 2372 vo-

153 2389 285 2416 luntntem
305 2389 377 2416 enim
397 2395 492 2416 revera
508 2388 661 2416 timentium
677 2395 708 2416 se
719 2388 813 2422 faciet,
826 2393 854 2417 et
878 2398 940 2416 ora-

154 2435 244 2461 tiones
253 2442 347 2462 eorum
359 2434 500 2466 exaudiet;
513 2433 641 2468 quoniam
653 2438 787 2469 propeest
799 2435 939 2466 omnibus,

154 2480 200 2512 qui
212 2480 339 2506 invocant
348 2487 411 2507 eutn
426 2479 454 2506 in
465 2479 580 2506 veritate
586 2478 640 2507 ³⁰”·.
649 2480 681 2507 Et
689 2480 938 2515 damonis'quidem

154 2526 238 2560 fregit
256 2525 453 2559 operationem,
469 2525 556 2560 plebis
574 2528 664 2553 autem
686 2525 873 2554 inﬁrmitatem
890 2531 940 2554 cu-’

154 2572 240 2604 ravit;
256 2571 302 2598 uni
320 2572 393 2598 enim
406 2571 482 2605 justo
496 2571 567 2599 Deus
582 2572 656 2599 mille
670 2576 829 2607 peccatores
843 2572 936 2604 (locat,

154 2621 182 2643 ct
215 2616 345 2651 populum
370 2624 424 2644 non
457 2625 597 2652 nunquam
624 2618 667 2652 pie
702 2617 938 2652 supplicanti;sic

154 2663 226 2689 enim
252 2667 278 2689 et
311 2661 362 2689 Lot
384 2662 521 2690 civitatem
553 2663 687 2697 integrata
709 2663 833 2695 donavit,
856 2671 939 2698 super

154 2707 288 2742 petitione
302 2707 454 2736 admiratus
467 2716 529 2736 eum
554 2712 582 2736 et
606 2708 690 2742 facie;
709 2712 736 2736 et
750 2707 836 2742 Moysi
856 2707 938 2735 Israel

992 1574 1040 1601 καὶ
1054 1573 1093 1608 τῷ
1108 1571 1218 1606 παγετῷ
1241 1572 1290 1606 τῆς
1311 1571 1406 1602 νυκτὸς
1420 1571 1641 1606 συμπηγόμενος,
1666 1570 1714 1596 καλ⁸
1724 1569 1779 1595 τῶν

991 1619 1123 1654 ὀμμάτων
1147 1618 1192 1644 τὸν
1213 1617 1297 1644 ὕπνον
1309 1617 1431 1651 ἀφιστῶν
1452 1617 1499 1643 καὶ
1514 1616 1710 1651 τροπούμενος,
1735 1615 1779 1640 ἵνα

991 1664 1140 1699 ἀγρύπνοις
1163 1664 1283 1698 ὖμμασιν
1305 1663 1352 1689 καὶ
1379 1662 1523 1697 ὲγρηγὸρῳ
1543 1661 1581 1696 τῷ
1600 1661 1637 1696 νῷ
1659 1660 1782 1695 φυλάττῃ

991 1712 1026 1738 τὰ
1036 1710 1169 1745 πρόϐατα,
1183 1711 1229 1736 καὶ
1242 1709 1279 1744 μή
1294 1709 1452 1735 κλέπτοιντο
1468 1709 1514 1734 καὶ
1526 1707 1632 1734 θύοιντο
1639 1707 1685 1733 καὶ
1697 1705 1781 1732 ἀπόλ-

991 1757 1079 1783 λοιντο
1107 1755 1175 1790 μηδὲ
1205 1754 1362 1789 θηριάλωτα
1377 1754 1513 1787 γίγνοιντο
1530 1761 1538 1769 ’
1566 1752 1638 1779 οὕτω
1658 1752 1711 1786 γὰρ
1733 1750 1781 1777 καὶ

991 1800 1036 1828 τδν
1063 1800 1165 1835 φθορέα
1186 1799 1233 1825 καὶ
1254 1798 1326 1833 θῆρα
1342 1798 1498 1832 Νεστόριον,
1515 1797 1615 1832 λῃστὴν
1639 1795 1706 1830 ὁμοῦ
1733 1795 1782 1821 καὶ

991 1845 1073 1872 λύκον
1085 1846 1238 1879 ἐφώρασεν,
1259 1843 1308 1869 καὶ
1324 1843 1374 1877 τῆς
1395 1843 1514 1878 μάνδρας
1527 1842 1645 1873 ἐδίωξεν,
1665 1841 1711 1867 καὶ
1730 1839 1780 1872 τῆς

993 1891 1111 1925 ποίμνης
1132 1889 1273 1924 ἀπήλασεν
1298 1889 1449 1924 ἄπρακτον,
1466 1889 1501 1914 τὰ
1516 1888 1641 1922 πρόϐατα
1659 1885 1780 1919 φυλάξεις

992 1936 1129 1970 ὰλὼὖητα.
1150 1935 1283 1970 Κύριλλος
1307 1935 1321 1960 ό
1347 1934 1478 1967 Θεοφίλου
1495 1934 1542 1960 τοῦ
1566 1933 1640 1959 θείου
1659 1932 1706 1958 καὶ
1731 1931 1781 1965 τῆς

992 1981 1079 2015 ἀρχῆς
1090 1981 1138 2006 καλ,
1154 1979 1200 2005 τοῦ
1209 1979 1290 2014 ζήλου
1309 1979 1450 2013 τυγχάνων
1462 1978 1594 2012 διάδοχος,
1612 1977 1660 2011 τὴν
1672 1977 1782 2009 ἀπάτην

993 2024 1101 2059 βλέπων
1124 2024 1170 2050 τοῦ
1187 2024 1324 2058 δαίμονος,
1347 2025 1394 2050 καὶ
1415 2023 1470 2049 τῶν
1487 2023 1592 2049 πιστῶν
1607 2021 1657 2056 τὴν
1678 2020 1782 2056 βλάϐην

993 2070 1138 2105 θεώμενος,
1148 2069 1194 2096 τοῦ
1205 2070 1330 2104 Σωτῆρος
1350 2069 1443 2104 ίκέτης
1467 2069 1586 2102 ἐγένετο,
1613 2068 1661 2094 καὶ
1676 2067 1780 2093 παῦσαι

992 2117 1023 2143 τὸ
1037 2116 1121 2143 κακὸν
1131 2115 1297 2148 ὲλιτάνευεν,
1313 2115 1361 2142 τοῦ
1375 2123 1403 2141 τε
1416 2115 1544 2149 δαίμονος
1558 2113 1731 2148 καταργῆσαι
1745 2113 1781 2139 τὰ

994 2162 1139 2196 φάσματα,
1165 2162 1211 2188 καὶ
1226 2161 1333 2188 τελείαν
1346 2160 1386 2196 τῷ
1400 2160 1458 2195 λαῷ
1479 2161 1630 2194 παρασχεῖν
1644 2159 1693 2193 τῆς
1713 2158 1780 2190 ἀλη-

990 2207 1066 2240 Θείας
1094 2207 1253 2241 ἐπίγνωσιν,
1276 2209 1324 2233 καὶ
1350 2207 1399 2240 τῆς
1425 2206 1508 2232 αὐτοῦ
1537 2205 1702 2239 οεογνωσίας
1735 2203 1783 2229 τὸν

991 2254 1080 2288 ἔρωτα
1092 2262 1099 2267 ·
1114 2253 1200 2285 όΘεδς
1214 2253 1243 2279 δὲ
1256 2253 1353 2279 θᾶττον
1367 2252 1416 2283 τὰς
1430 2252 1476 2278 τοῦ
1493 2251 1658 2286 θεράποντος
1675 2250 1783 2284 δεήσεις

989 2299 1147 2334 δεξάμενος,
1165 2299 1213 2325 καὶ
1229 2298 1260 2325 τὸ
1273 2299 1322 2334 τῆς
1337 2298 1449 2333 καρδίας
1464 2297 1571 2331 θέλημα
1584 2296 1710 2324 δέδωκεν,
1730 2295 1781 2320 καὶ

992 2345 1043 2376 τὰς
1065 2344 1134 2380 ὑπὲρ
1150 2344 1205 2371 τῶν
1218 2345 1321 2370 πιστῶν
1335 2344 1456 2378 αἰτήσεις
1473 2343 1644 2377 ἐπλήρωσεν.
1665 2340 1783 2374 Ὀφθαλ-

995 2390 1042 2424 [sol
1058 2390 1112 2425 γὰρ
1131 2389 1234 2424 Κυρίου
1261 2389 1308 2415 ὲπὶ
1327 2388 1458 2421 δικαίους,
1483 2388 1529 2414 καὶ
1548 2384 1605 2414 ὦτα
1632 2385 1714 2413 αὑτοῦ
1739 2387 1782 2416 εἰς

990 2435 1082 2470 δέησιν
1101 2434 1207 2461 αὐτῶν·
1231 2433 1336 2469 θέλημα
1357 2434 1413 2469 γὰρ
1430 2433 1515 2464 ὄντως
1535 2432 1589 2458 τῶν
1603 2431 1784 2466 φοὸουμένων

991 2480 1081 2508 αὐτῶν
1095 2480 1214 2515 ποιήσει,
1233 2480 1281 2507 καὶ
1295 2480 1343 2514 τῆς
1358 2479 1477 2513 δεήσεως
1503 2477 1592 2504 αὐτῶν
1619 2475 1780 2502 εἰσακούςε-

991 2534 1037 2553 ται
1050 2534 1057 2541 ·
1082 2526 1233 2560 ἐπειδήπερ
1261 2525 1344 2559 ἔγγὺς
1370 2525 1453 2551 πᾶσιν
1474 2525 1531 2554 τοῖς
1556 2521 1782 2555 ἐπικαλουμένοις

991 2570 1073 2597 αὐτὸν
1092 2570 1120 2596 ἐν
1154 2570 1267 2604 ἀληθείᾳ
1292 2568 1459 2604 καθέστηκεν
1477 2576 1483 2583 ·
1509 2568 1554 2594 καὶ
1579 2567 1625 2593 τοῦ
1653 2566 1702 2600 μὲν
1724 2566 1783 2591 δαί-

993 2623 1072 2650 μονος
1101 2614 1232 2649 ἔθραυσεν
1259 2614 1309 2649 τὴν
1329 2614 1489 2648 ἐνέργειαν,
1505 2612 1554 2639 τοῦ
1584 2612 1610 2637 δε
1639 2611 1703 2636 λαοῦ
1732 2611 1781 2643 τὴν

990 2660 1135 2687 ἀσθένειαν
1159 2659 1352 2695 ἐθεράπευσεν.
1368 2659 1425 2685 Ἑνὶ
1442 2659 1496 2694 γὰρ
1515 2658 1612 2692 δικαίῳ
1631 2659 1645 2684 ὁ
1658 2657 1723 2686 Θεὸς
1739 2664 1782 2689 χι-

993 2705 1066 2736 λίους
1101 2704 1256 2740 χαρίζεται·
1284 2704 1330 2731 καὶ
1353 2704 1410 2739 λαῷ
1427 2704 1555 2734 πολλάκις
1589 2702 1706 2732 εὐσεϐῶς
1725 2701 1783 2726 ἱκε-

191 2795 212 2811 "
227 2795 314 2824 Galat.
332 2806 350 2830 ι,
367 2798 392 2825 6.
432 2799 452 2814 ’³
470 2797 552 2826 Hebr.
569 2806 594 2830 v,
613 2797 655 2825 12.
695 2797 716 2812 ³⁸
734 2795 756 2823 ll
771 2796 833 2824 Cor.
852 2803 886 2827 xl,
903 2795 929 2821 5.

993 2794 1006 2810 "
1024 2794 1094 2822 Psal.
1111 2802 1207 2827 χχχιιι,
1224 2794 1266 2820 iii.
1307 2793 1362 2809 m"
1378 2792 1449 2820 Psal.
1464 2800 1552 2825 CXLIV,
1573 2791 1614 2823 l0,
1626 2791 1670 2818 ΞΟ.
