1909 3078
114 160 185 193 3413

593 164 738 195 LAUDES
752 166 791 195 ΙΝ
807 166 858 196 SS.
875 165 1001 195 CYRUM
1013 165 1060 194 ET
1074 165 1261 196 JOANNEM.

1677 163 1749 195 διιι

115 216 232 243 τεύοντι.
249 215 327 242 Οὕτω
343 215 396 251 γὰρ
411 216 458 243 καὶ
470 216 508 250 τῷ
524 217 585 244 Λὼτ
600 218 649 252 τὴν
668 219 746 244 πόλιν
758 219 900 254 ὀλόκληρον

956 223 1112 253 peccantem
1133 226 1204 253 saepe
1219 219 1341 246 donavit.
1358 217 1396 244 Ita
1422 203 1448 245 et
1470 217 1570 251 Cyrillo
1595 216 1666 243 Deus
1682 223 1743 243 cum

115 262 263 297 ἐχαρίσατο
278 262 323 288 ἐπὶ
346 263 378 297 τῇ
399 263 506 298 αἰτήσει
533 264 676 298 θαυμάσας
701 264 784 291 αὐτοῦ
807 264 905 291 καὶτὸ

114 307 263 342 πρόσωπον
275 315 281 322 ·
296 307 342 334 καὶ
357 307 396 342 τῷ
407 308 519 334 Μωῡσεῖ
531 307 576 334 τὸν
591 308 699 344 Ἰσραὴλ
711 309 903 344 ἁμαρτάνοντα

958 269 1030 292 οδες-ι
1044 265 1145 299 justus,
1161 270 1187 292 et
1208 272 1274 291 suus
1292 264 1378 292 instar
1393 263 1443 290 Lot
1466 266 1493 290 et
1517 262 1602 298 Moysi
1616 262 1745 293 famulus.

959 314 1042 335 totum
1057 309 1194 336 civitatem
1207 313 1235 336 et
1254 309 1382 343 populum
1398 311 1484 334 totum
1499 307 1622 334 donavit.

115 353 246 384 πολλάκις
276 353 448 387 δεδώρηται·
476 352 546 379 οὕτω
575 353 620 379 καὶ
649 354 784 388 Κορίλλῳν
799 353 865 384 Θεὸς
889 353 986 388 δικαίῳ
1010 353 1179 388 τυγχάνοντι,
1208 354 1255 379 καὶ
1285 352 1354 379 κατὰ
1369 352 1431 378 Λὼτ
1457 351 1540 378 αὑτοῦ
1559 351 1605 377 καὶ
1629 350 1746 378 Μωῡσέα

115 398 279 432 θεράποντι,
297 398 373 424 πόλιν
401 398 466 433 ὅλην
490 399 538 425 καὶ
563 399 622 425 ὅλον
645 399 708 425 λαὸν
733 399 897 435 ἐδωρήσατο.

149 445 202 477 κζ’.
223 445 278 471 Καὶ
301 444 334 480 δὴ
346 444 454 479 νύκτωρ
478 445 551 480 αὐτῷ
568 446 628 480 μεθ’
657 447 775 478 ἱκετείας
803 446 903 473 καθεύο

113 489 196 521 δοντι,
227 490 261 517 δι’
291 490 408 524 ἀγγέλου
432 491 463 517 τὺ
490 491 625 524 πρακτέον
651 492 796 526 ἐμήνυσεν,
814 493 904 527 Κῦρον

114 536 248 567 κελεύσας
260 536 306 562 τὸν
317 536 438 571 ἀοίδιμον
455 536 581 571 μάρτυρα
605 537 659 563 ἀπὸ
673 537 719 564 τοῦ
731 538 845 573 Μάρκου
856 538 903 564 τοῦ

114 581 263 608 θεσπεσίου
286 581 339 609 νεὼ
356 582 423 616 πρὸς
448 583 493 608 τὸν
508 582 561 608 τῶν
581 583 678 616 ’Δγίων
698 583 905 617 Εὑαγγελιστῶν

114 628 199 662 σηκὸν
211 627 446 663 μεταστήσασθαι,
462 629 570 663 ὅνπερό
593 629 777 664 προεδρεύσας
806 629 903 664 Θεόφιο-

113 673 160 704 ὶος
177 674 205 699 ἐν
217 674 286 708 αὐτῇ
301 674 333 708 τῇ
351 674 431 709 κώμῃ
445 673 570 709 Μενουθῇ
590 672 625 709 ἦν
650 674 850 709 δομησάμενος,
875 675 905 701 ἐν

112 715 131 754 ᾖ
147 720 195 745 καὶ
204 719 234 745 τὸ
249 719 358 745 εἴδωλον
369 719 469 753 ἵδρυτο,
483 720 530 746 καὶ
552 719 582 746 τὺ
610 720 749 755 δαιμόνιον
766 720 903 747 ἐπεπόλα-

113 762 170 796 ζεν.
187 765 288 790 Τοῧτον
300 764 433 799 Κύριλλος
457 766 470 790 ὁ
488 766 640 800 θαυμάσιος
660 766 704 792 τὸν
720 766 846 801 χρησμὸν
870 767 903 793 δι’

111 810 230 844 ἀγγέλου
244 809 402 844 δεξάμενος,
419 810 465 836 ἐπὶ
479 810 593 845 Μάρκον
606 810 652 837 τὸν
679 810 757 845 ἅγιον
773 811 902 846 ἔδραμεν,

111 856 160 881 καὶ
182 854 212 881 τὸ
233 855 332 881 σεπτὸν
355 854 513 889 ἐκκαλύψας
543 855 635 889 Κύρου
662 855 808 890 σπιρίδιον,
826 856 902 883 ἔνδον

112 902 162 928 σὺν
178 900 253 934 αὑτῷ
266 900 313 926 καὶ
329 900 456 935 Ἰωάννην
467 899 513 926 τὸν
530 899 682 934 τρισόλϐιον
696 899 823 934 εὕρισκεν
834 907 842 914 ”
854 900 901 926 καὶ

112 947 204 981 σοφῶς
235 947 412 980 λογισάμενος
438 946 476 976 ὡς
502 946 676 980 ἀμφοτέρους
705 945 738 972 τὸ
759 945 900 973 θεόλεκτον

110 993 278 1028 πρὸσταγμα
291 994 324 1027 τῇ
343 992 390 1018 τοῦ
406 991 465 1023 ἑνὸς
477 991 660 1026 προσηγορίᾳ,
687 990 733 1017 διὰ
747 991 797 1026 τὴν
807 991 899 1026 ἀμφο-

109 1039 199 1072 τέρων
207 1037 352 1072 ὁμολογίαν
361 1045 390 1063 τε
404 1037 450 1062 καὶ
464 1035 655 1070 ὁμοφροσύνην
672 1033 820 1070 ἐμήνυσεν,
851 1035 901 1062 καὶ

109 1084 150 1116 ὡς
161 1085 192 1110 οὖ
207 1084 266 1110 δέον
282 1083 379 1110 διελεῖν
397 1083 467 1117 μετὰ
485 1082 600 1108 θάνατον
622 1080 670 1112 οὓς
689 1081 720 1108 οὐ
737 1081 848 1116 τρόπος,
868 1081 899 1107 οὐ

109 1130 204 1160 τόπος,
216 1129 246 1155 οὑ
264 1129 359 1162 τάφος,
373 1127 402 1153 οὺ
419 1127 526 1162 χρόνος,
540 1127 571 1152 οὐ
586 1126 670 1157 πάθος
697 1125 828 1156 διέλυσεν,
841 1125 902 1152 τού-

108 1184 174 1206 τους
188 1175 271 1209 ἄμφω
284 1173 373 1200 λαϐὼν
382 1173 420 1204 εἰς
431 1173 461 1199 τὸ
470 1172 564 1206 λεχθὲν
598 1171 687 1198 αὐτῶν
697 1171 751 1198 τῶν
776 1171 901 1206 Εὑαγγε-

108 1219 293 1255 λιστῶνὶερδν
316 1219 470 1253 μετήγαγεν
484 1218 606 1252 τέμενος.
621 1216 739 1252 σκιρτῶν
763 1216 830 1251 ὁμοῦ
853 1216 902 1243 καὶ

111 1266 299 1301 ἀγαλλόμενος
313 1264 386 1291 κατὰ
397 1263 480 1290 Δαὸὶδ
487 1263 533 1289 τὸν
543 1262 677 1297 μακάριον
691 1261 745 1297 πρὸ
760 1262 809 1297 τῆς
818 1261 902 1288 κιϐω-

109 1312 158 1339 τοῦ
189 1311 292 1346 Κυρίου
320 1309 467 1345 χορεύοντα
498 1308 698 1344 παραπλησίως
723 1307 901 1342 μιμούμενος.

111 1357 194 1384 Ὅθεν
206 1357 253 1382 καὶ
267 1356 327 1382 κατ’
343 1355 425 1381 αὐτὸν
441 1355 486 1380 τὸν
502 1354 629 1388 Μελῳδον
651 1353 701 1388 τὴν
712 1353 903 1388 πνευματικὴν

110 1402 196 1429 αὐτοῦ
228 1401 313 1436 λύραν
334 1401 381 1427 καὶ
415 1399 594 1426 θεόπνευστον
616 1399 806 1434 ἁρμοσάμενος
833 1398 906 1434 μελ-

110 1448 206 1483 ῳδίαις
219 1448 266 1474 δύο
276 1447 339 1478 τοὺς
356 1447 496 1482 μάρτυρας
506 1446 613 1481 ᾔνεσεν,
629 1445 678 1479 τὴν
694 1444 807 1471 ἐνοῦσαν
824 1444 900 1480 αὺτῷ

110 1493 284 1528 δημοσιεύων
312 1492 493 1526 τερπνότητα,
524 1490 570 1517 καὶ
582 1490 789 1521 τοῖςεὺσεῦἐσιν
815 1491 901 1518 εικων

111 1541 160 1567 καὶ
172 1540 326 1573 ὑπόδειγμα
339 1538 387 1572 τῆς
410 1537 459 1563 ἐπὶ
470 1538 526 1568 τοῖς
543 1537 630 1570 ἁγίοις
643 1536 813 1572 εὐφροσύνης
827 1537 901 1571 γινό-

113 1594 194 1620 μενος
206 1593 213 1599 ·
226 1585 264 1615 ὡς
274 1583 322 1610 καὶ
333 1583 358 1609 οἱ
373 1583 420 1609 νῦν
433 1582 652 1617 ἐντυγχάνοντες,
674 1582 720 1607 καὶ
732 1582 782 1608 τὸν
792 1582 898 1608 ἐκείνου

993 446 1037 472 27.
1059 446 1092 472 Et
1115 452 1179 472 ecce
1196 448 1279 472 noctu
1305 448 1333 472 et
1357 448 1420 479 post
1443 443 1661 479 supplicationes
1682 443 1748 470 dor-

959 491 1052 518 mienti
1071 498 1108 524 pe.
1134 491 1260 525 angelum
1283 490 1349 524 quid
1373 493 1446 516 esset
1473 488 1609 524 agendum
1642 488 1748 522 signiti-

957 537 1040 568 cavit,
1063 537 1163 571 Cyrum
1183 536 1282 570 jubens
1308 535 1513 563 memorabilem
1538 540 1687 569 martyrem
1711 534 1746 560 ab

957 581 1059 616 egregii
1075 581 1155 608 Marci
1173 581 1272 616 templo
1292 581 1325 607 ad
1339 585 1495 608 sanctorum
1514 579 1746 614 evangelistarum

959 627 1108 655 transferre
1131 627 1284 658 basilicam,
1307 633 1389 660 quam
1416 625 1595 660 Theophilus,
1612 625 1659 660 qui
1683 629 1748 651 ante

953 674 1009 700 illic
1018 674 1193 708 praesulatum
1204 677 1338 705 tenuerat,
1349 673 1377 699 in
1390 671 1485 699 eodem
1499 671 1611 699 castello
1624 671 1745 698 Menuthi

954 719 1126 747 dedicaverat
1140 727 1148 752 ;
1165 719 1192 745 in
1208 725 1263 753 quo
1277 722 1304 745 et
1314 718 1495 745 simulacrum
1510 717 1628 744 locatum
1646 716 1746 747 fuerat,

953 769 980 793 et
994 765 1160 792 daemonium
1184 763 1412 798 frequentabant;
1441 762 1494 790 hoc
1520 762 1613 797 itaque
1629 761 1747 796 Cyrillus

954 805 1090 839 mirabilis
1122 811 1234 838 oraculo
1261 814 1385 845 accepto,
1412 810 1445 837 ad
1471 815 1597 836 sanctum
1626 809 1747 836 Marcum

954 857 1086 889 cucurrit,
1100 861 1127 884 et
1138 856 1286 884 venerabili
1303 856 1423 883 revelato
1436 855 1500 891 Cyri
1522 855 1658 890 sepulcro.
1672 855 1748 882 intus

953 910 1016 929 cum
1024 909 1056 929 eo
1067 901 1234 930 etJoannem
1248 901 1435 929 beatissimum
1449 901 1560 936 reperit,
1571 905 1598 928 et
1609 900 1747 935 sapienter

914 958 938 987 Β
953 949 1104 977 arbitratus
1115 949 1187 982 quod
1204 954 1336 984 utrosque
1348 956 1364 976 a
1378 948 1433 976 Deo
1448 948 1550 975 dictum
1568 952 1746 982 praeceptum,

952 1003 1002 1030 per
1017 995 1099 1022 unius
1113 995 1322 1030 appellationem
1342 998 1455 1028 propter
1469 994 1616 1028 utriusque
1632 1000 1746 1020 concor-

951 1040 1024 1067 diam
1048 1043 1075 1067 et
1102 1039 1311 1066 unanimitatem
1339 1038 1513 1070 indicaverit,
1539 1041 1567 1065 et
1589 1037 1663 1072 quod
1689 1044 1745 1064 non

951 1090 1024 1113 esset
1041 1085 1170 1113 decorum
1196 1089 1258 1119 post
1286 1089 1402 1110 mortem
1433 1090 1562 1118 separare
1586 1090 1659 1117 quos
1688 1090 1742 1109 non

951 1138 1022 1161 mos,
1037 1138 1092 1158 non
1107 1131 1195 1163 locus,
1212 1138 1266 1157 non
1288 1129 1458 1164 sepulcrum,
1481 1136 1536 1156 non
1557 1134 1676 1163 tempus,
1689 1137 1743 1155 non

952 1176 1044 1212 passio
1062 1176 1254 1207 dissolvisset;
1281 1175 1332 1202 hos
1355 1175 1453 1201 ambos
1477 1177 1605 1208 auceptos
1626 1173 1655 1200 in
1673 1173 1744 1200 idem

949 1222 1006 1257 jam
1022 1222 1126 1250 dictum
1145 1222 1374 1257 evangelistarum
1395 1228 1503 1248 sacrum
1521 1221 1664 1248 transtulit
1679 1225 1745 1247 tem»

951 1266 1310 1302 plum.tripudian3pariter
1325 1271 1352 1293 et
1366 1265 1651 1300 exsultans,beatique
1662 1265 1744 1292 David

952 1320 1057 1341 morem
1073 1313 1196 1346 imitans,
1215 1317 1278 1340 ante
1302 1319 1394 1340 arcam
1418 1311 1528 1338 Domini
1553 1311 1668 1338 chorum
1693 1311 1744 1338 du-

952 1358 1040 1386 centis
1055 1367 1062 1384 :
1075 1358 1148 1386 unde
1170 1362 1198 1386 et
1217 1357 1369 1386 secundum
1391 1356 1517 1384 eumdem
1534 1356 1743 1386 modulatorern.

952 1411 1014 1431 cum
1031 1403 1181 1438 spiritalem
1194 1403 1283 1439 lyram
1299 1410 1377 1430 suam
1397 1407 1423 1429 et
1439 1402 1572 1429 divinitus
1583 1402 1743 1436 inspiratam

953 1452 1117 1484 coaptasset,
1145 1448 1254 1476 duobus
1275 1453 1412 1484 martyres
1436 1447 1557 1475 laudavit
1582 1447 1744 1474 modulami-

952 1494 1046 1527 nibus,
1068 1494 1271 1530 iucunditatem
1290 1501 1351 1528 quae
1366 1493 1418 1521 sibi
1438 1493 1528 1521 iuerat
1548 1493 1702 1528 publicatis,
1717 1497 1745 1520 et

951 1540 1005 1576 piis
1015 1541 1105 1576 imago
1113 1544 1139 1568 et
1151 1540 1305 1575 exemplum
1317 1540 1344 1567 in
1356 1543 1513 1567 sanctorum
1526 1539 1617 1566 laetitia
1638 1538 1742 1570 factus;

953 1595 1014 1623 qua
1044 1592 1072 1615 et
1099 1587 1127 1614 hi
1154 1587 1199 1622 qui
1231 1593 1304 1614 nunc
1336 1589 1400 1613 sunt
1427 1585 1598 1619 relegentes,’
1615 1589 1642 1612 et
1669 1585 1743 1612 illius

111 1631 195 1658 πόθον
220 1629 415 1663 γινώσκουσιν,
430 1627 478 1653 καὶ
499 1627 566 1661 πρὸς
591 1628 643 1660 τὴν
667 1626 751 1653 αὑτοῦ
778 1626 899 1654 διάθεσιν

955 1640 1074 1660 amorem
1090 1636 1269 1667 cognoscunt,
1282 1635 1309 1658 et
1322 1631 1355 1658 ad
1367 1630 1454 1665 ipsius
1465 1630 1589 1657 affectum
1603 1636 1743 1664 pertrans-

113 1675 331 1710 μεταεάλ),ουσιν
347 1681 355 1688 ·
374 1673 513 1707 χαίρουσιν
525 1671 579 1706 γὰρ
591 1672 673 1702 εὐθὺς
703 1672 751 1698 καὶ
781 1672 901 1707 σκιρτῶ-

113 1730 155 1747 σιν
174 1721 212 1751 ὠς
229 1719 373 1755 Κύριλὶος,
388 1718 435 1744 καὶ
449 1718 494 1744 τὸν
510 1717 626 1752 Χριστὸν
652 1718 709 1748 τοῖς
731 1717 826 1752 ὕμνοις
854 1726 902 1752 γε·

113 1769 265 1803 ραίρουσιν,
290 1767 338 1793 καὶ
365 1766 426 1797 ταῖς
449 1764 597 1799 εὐφημίαις
629 1764 807 1799 στεφανοῦσιν
835 1765 900 1796 τοὺς

113 1816 266 1851 μάρτυρας.

148 1863 201 1894 κη’.
217 1858 363 1892 Θαυμάσαι
374 1857 429 1892 γὰρ
443 1856 526 1887 ὄντως
541 1856 614 1882 ἐστὶν
642 1855 691 1882 τοῦ
715 1855 841 1891 Σωτῆρος
871 1856 901 1882 τὸ

111 1905 250 1935 πᾰναλκες
280 1903 328 1929 καὶ
350 1903 380 1928 τὸ
393 1902 442 1936 τῆς
467 1901 549 1927 αὐτοῦ
571 1901 698 1935 προνοίας
718 1901 900 1936 πανεύπορον,

112 1950 172 1980 πῶς
184 1950 215 1975 οὔ
229 1948 302 1974 θεῖον
319 1946 348 1980 ἐξ
367 1947 483 1982 οὐρανοῦ
500 1947 596 1982 βρέξας
611 1947 734 1983 καὶπῦρ,
749 1947 796 1974 τὸν
812 1948 904 1984 ἀλιτή-

114 2004 172 2030 ριον
187 1996 292 2021 ἐκεῖνον
303 1993 475 2029 ἐκεραύνωσε
488 1993 614 2028 δαίμονα,
635 1993 673 2026 ὡς
696 1994 780 2021 πάλαι
794 1994 900 2029 Σόδομά

112 2049 142 2066 τε
157 2041 205 2066 καὶ
222 2040 349 2075 Γόμορρα
360 2040 393 2074 τῇ
408 2038 486 2072 φύσει
510 2039 683 2074 μεμφόμενα,
695 2039 744 2066 καὶ
761 2039 808 2066 τὸν
822 2040 904 2074 Ποιη‹

111 2087 162 2120 τὴν
192 2085 231 2116 ὡς
261 2085 312 2111 οὐκ
332 2082 361 2111 εὖ
375 2084 410 2111 τὰ
434 2084 495 2110 καθ’
519 2085 594 2120 ἡμᾶς
620 2084 777 2119 διαθέμενον
792 2085 901 2120 ἐνυϐρί-

113 2132 195 2164 ζοντα
207 2140 214 2146 ·
227 2131 290 2158 οὔτε
306 2131 358 2165 γῆν
371 2130 529 2166 ἀνοιχθῆναι
549 2131 596 2157 καὶ
609 2133 756 2158 καταπιεῖν
768 2131 814 2159 τὸν
830 2131 901 2158 ἀκά-

114 2180 215 2212 θαρτον
233 2178 352 2211 ἔκρινεν,
370 2176 408 2208 ὡς
422 2184 488 2203 ποτε
514 2176 604 2203 Δαθὰν
625 2177 672 2203 καὶ
693 2176 810 2212 Ἀδιρὼν
837 2186 902 2204 συν-

111 2224 224 2258 αγωγὴν
238 2223 413 2258 ὑπερήφανον
428 2231 435 2238 ·
451 2222 514 2249 οὔτε
540 2222 630 2254 λίθους
642 2223 783 2259 ὀμϐρήαας
792 2223 838 2250 τὸν
854 2225 903 2250 ἁν-

109 2269 184 2295 όσιον
211 2269 395 2303 ὲχαλάζωσεν,
419 2267 458 2299 ὼς
470 2267 546 2299 ἔθνος
569 2268 635 2295 ποτὲ
645 2268 685 2303 τῷ
714 2269 822 2304 Ἰσραὴλ
838 2269 902 2296 ἀνο-

110 2315 258 2348 mang
275 2323 282 2332 -
293 2313 356 2340 οὕτε
373 2314 466 2340 πεσεῖν
484 2314 516 2340 τὸ
535 2313 583 2340 τοῦ
603 2314 703 2349 μιαροῦ
732 2314 901 2349 βδελυρώτα-

109 2370 154 2387 τον
167 2360 293 2394 ἄγαλμα,
309 2359 357 2386 καὶ
376 2359 416 2391 εἰς
424 2359 511 2386 λεπτὰ
526 2360 702 2395 συντριϐῆναι
716 2361 896 2395 προσέταξεν,

108 2407 144 2437 ὡς
160 2407 245 2432 πάλαι
261 2406 309 2432 τὸν
325 2405 378 2440 Βὴλ
388 2405 434 2432 καὶ
448 2405 493 2432 τὸν
509 2405 604 2440 Δαγὼν
616 2406 899 2440 κατελέπτυνεν,ἀλλά

110 2452 217 2486 σώμασι
229 2452 337 2486 νεκροῖς
349 2452 396 2478 καὶ
405 2460 520 2487 κεκοιμη
525 2453 615 2487 μένοις
627 2453 656 2480 ὲν
667 2455 788 2489 μνήματι
797 2454 828 2481 τὸ
836 2455 899 2481 τού-

107 2506 155 2524 του
175 2498 278 2534 θράσος
302 2498 481 2530 κατεύνασιν,
497 2496 544 2525 κάι
570 2499 624 2526 τῶν
639 2500 682 2528 ἐπ’
694 2501 768 2536 αὐτῷ
785 2510 896 2536 καυχω-

111 2543 198 2577 μένων
222 2544 272 2579 τὴν
289 2544 449 2575 ἀλαζονείαν
475 2544 647 2580 κατῄσχυνεν
665 2555 673 2562 ·
691 2547 775 2579 δεῖξαι
799 2547 895 2580 θέλων,

107 2589 144 2620 ὥς
160 2587 250 2624 οἶμαι,
262 2591 319 2621 τοῖς
335 2591 456 2622 συνετοίς
471 2591 518 2618 καὶ
532 2592 702 2627 ἀρτίφροσιν,
720 2594 790 2629 πόση
817 2594 866 2629 μὲν
880 2595 897 2629 ἡ

109 2634 163 2661 τῶν
175 2635 257 2661 αὑτοῦ
272 2636 419 2671 μαρτύρων
431 2637 478 2663 καὶ
490 2637 558 2671 μετὰ
575 2637 689 2664 θάνατον
703 2638 830 2673 δύναμις,
846 2639 897 2665 πό-

111 2688 143 2715 ση
158 2680 187 2706 δὲ
201 2679 257 2706 τῶν
272 2681 337 2716 παρ’
350 2681 462 2717 Ἕλλησι
475 2682 543 2708 θεῶν
559 2684 575 2718 ή
592 2683 730 2714 ἀσθένεια.
760 2685 808 2710 καὶ
834 2685 910 2711 ὅσον

107 2730 243 2764 ἡττῶνται
257 2731 283 2757 οῑ
298 2731 354 2757 θεοὶ
373 2731 551 2766 χρηματίζειν
562 2723 740 2766 αύχήσαντες,
757 2730 897 2765 ἀκινήτοις

114 2775 196 2808 ἁγίων
209 2776 258 2803 καὶ
274 2777 380 2812 νεκροῖς
393 2777 439 2804 καὶ
459 2777 497 2812 μὴ
513 2776 674 2811 πορεύουσεν
688 2774 820 2810 σώμασιν.

953 1681 1040 1704 euut:
1059 1677 1178 1712 gaudent
1210 1677 1283 1704 enim
1309 1676 1440 1703 continuo
1461 1679 1488 1703 et
1511 1676 1649 1703 exsultant
1669 1683 1745 1703 more

953 1721 1057 1758 Cyrilli,
1069 1722 1265 1756 Christumque
1279 1721 1388 1757 hymnis
1400 1721 1604 1754 concelebrant,
1619 1726 1646 1748 et
1665 1728 1743 1748 coru-

953 1775 1019 1798 nant
1035 1768 1161 1797 laudibus
1175 1773 1320 1804 martyres.

987 1855 1033 1883 28.
1051 1854 1174 1882 Mirauda
1186 1854 1258 1881 enim
1273 1861 1367 1882 revera
1377 1860 1419 1882 est
1436 1854 1587 1882 Salvatorts
1608 1857 1741 1890 potentia.

953 1904 981 1928 et
996 1900 1057 1935 ejus
1070 1899 1248 1934 providentia:
1274 1899 1385 1932 divitiae,
1402 1899 1538 1932 quomodo
1553 1907 1605 1927 non
1628 1901 1744 1935 sulphur

954 1947 988 1975 de
1012 1946 1081 1974 cmlo
1096 1945 1193 1980 plucns
1211 1948 1239 1972 et
1255 1945 1337 1980 ignis.
1355 1945 1466 1972 noxium
1493 1945 1568 1972 illmn
1594 1947 1743 1974 daemonem

954 1990 1379 2028 {nguraverit,quemadmodum
1389 1990 1507 2018 Sodoma
1517 1992 1654 2026 quondam
1664 1997 1745 2028 atque

955 2037 1117 2069 Gomorrha,
1133 2043 1239 2064 naturae
1260 2036 1443 2070 detrahentia,
1460 2041 1486 2064 et
1503 2036 1644 2065 Factorem
1667 2040 1744 2072 quasi

956 2084 1095 2121 nonbene
1118 2090 1179 2118 quae
1201 2082 1275 2109 circa
1291 2089 1340 2109 nos
1357 2085 1422 2109 sunt
1437 2082 1615 2117 disposuerit,
1635 2084 1744 2119 injuriis

955 2127 1131 2163 impetentia;
1163 2134 1251 2161 neque
1277 2130 1379 2154 terram
1405 2127 1505 2161 aperiri
1536 2131 1564 2154 et
1597 2127 1745 2156 absorbere

955 2173 1126 2201 immundum
1147 2173 1321 2208 iudicaverit.
1339 2177 1370 2199 ut
1394 2173 1541 2208 aliquando
1555 2174 1672 2208 superba
1689 2173 1743 2201 Da-

954 2219 1020 2246 than
1030 2223 1057 2246 et
1066 2219 1167 2246 Abiron
1179 2218 1387 2246 conventicula:
1402 2225 1491 2252 neque
1505 2218 1642 2253 lapidibus
1657 2220 1744 2247 instar

956 2265 1083 2292 imbrium
1095 2265 1216 2291 dimissis
1227 2264 1434 2298 grandinaverit
1445 2272 1499 2291 non
1513 2270 1649 2297 sanctum,
1662 2266 1743 2293 sicuti

953 2313 1060 2344 gentem
1076 2309 1213 2343 quondam
1228 2317 1290 2343 qua:
1300 2309 1504 2336 rcstititlsraeli
1520 2319 1527 2336 :
1541 2317 1631 2344 neque
1645 2311 1744 2338 cadere

953 2354 1028 2381 illius
1052 2354 1146 2388 polluti
1174 2353 1356 2381 abominabile
1380 2354 1556 2382 simulacrum
1584 2359 1611 2382 at
1636 2355 1663 2382 in
1681 2356 1743 2390 pul-

951 2407 1042 2427 verem
1052 2399 1155 2426 couteri
1166 2399 1288 2433 jusserit,
1303 2400 1374 2426 sicut
1385 2401 1449 2426 olim
1463 2399 1508 2427 Bel
1520 2405 1546 2426 et
1560 2400 1651 2436 Dagon
1667 2409 1743 2429 com-

953 2445 1104 2478 minuerat;
1121 2446 1169 2472 sed
1187 2453 1234 2479 per
1261 2453 1375 2479 corpora
1401 2450 1508 2473 mortua
1533 2451 1560 2474 et
1579 2447 1698 2481 jacontia
1714 2449 1742 2476 in

954 2495 1144 2522 monumento,
1163 2491 1246 2526 hujus
1263 2492 1443 2519 temeritatem
1460 2493 1596 2526 deposuit,
1619 2500 1645 2520 et
1664 2501 1740 2521 com-

951 2537 1058 2571 pescuit
1084 2537 1231 2568 insaniam,
1258 2540 1286 2564 et
1309 2536 1336 2563 in
1360 2545 1390 2564 se
1409 2538 1587 2572 gloriantium
1619 2540 1741 2568 confusit

947 2583 1107 2617 iactantiam
1117 2591 1124 2615 ;
1134 2582 1278 2610 ostendere
1296 2582 1437 2615 volens,ut
1452 2591 1524 2616 reor,
1534 2586 1704 2619 sapientibus
1715 2591 1742 2614 et

951 2635 1048 2655 sensus
1057 2635 1138 2655 sanos
1151 2627 1325 2658 habentibus,
1333 2632 1435 2662 quanta
1446 2629 1605 2656 eorumdem
1619 2631 1740 2665 ipsorum

952 2677 1102 2708 martyrum
1120 2672 1202 2699 etiam
1216 2675 1278 2706 post
1295 2677 1409 2700 mortem
1424 2672 1507 2700 fuerit
1520 2673 1619 2704 virtus.
1636 2680 1739 2708 quanta

949 2726 1015 2745 vero
1030 2718 1170 2753 gentilium
1184 2717 1298 2746 deorum
1311 2718 1468 2750 infirmitas,
1479 2724 1507 2747 et
1517 2725 1618 2755 quantc
1633 2720 1643 2731 ν
1678 2721 1722 2738 ἰτ-ι

950 2765 976 2792 hi
990 2765 1037 2800 qui
1054 2764 1122 2792 deos
1146 2769 1256 2792 vocatos
1273 2772 1303 2792 se
1322 2764 1486 2800 gloriantur,
1514 2773 1560 2800 per

950 2816 1108 2839 sanctorum
1142 2815 1169 2839 et.
1200 2814 1308 2838 mortua
1333 2814 1361 2838 cl
1386 2817 1440 2838 non
1461 2811 1508 2849 rspi

950 2861 1123 2892 superentur.
1311 2872 1362 2897 4.4'
