  <div class='ocr_page' id='page_1' title='image "/cluster/home/n/w/nwhite01/storage/ocr_20150623/87, pt.3/njp.32101010943817/353.png"; bbox 0 0 1909 3078; ppageno 0'>
   <div class='ocr_carea' id='block_1_1' title="bbox 197 118 267 152">
    <p class='ocr_par' dir='ltr' id='par_1_1' title="bbox 197 118 267 152">
     <span class='ocr_line' id='line_1_1' title="bbox 197 118 267 152; baseline 0 0"><span class='ocrx_word' id='word_1_1' title='bbox 197 118 267 152; x_wconf 76' lang='grc'><strong>3415</strong></span> 
     </span>
    </p>
   </div>
   <div class='ocr_carea' id='block_1_2' title="bbox 195 226 991 273">
    <p class='ocr_par' dir='ltr' id='par_1_2' title="bbox 195 226 991 273">
     <span class='ocr_line' id='line_1_2' title="bbox 195 226 991 273; baseline 0.02 -22"><span class='ocrx_word' id='word_1_2' title='bbox 195 226 398 256; x_wconf 86' lang='lat' dir='ltr'><strong>cohabilatores</strong></span> <span class='ocrx_word' id='word_1_3' title='bbox 409 230 509 266; x_wconf 79' lang='lat' dir='ltr'><strong>eﬂ&#39;ecti,</strong></span> <span class='ocrx_word' id='word_1_4' title='bbox 518 233 636 267; x_wconf 89' lang='lat' dir='ltr'><strong>primum</strong></span> <span class='ocrx_word' id='word_1_5' title='bbox 646 236 756 270; x_wconf 88' lang='lat' dir='ltr'><strong>quidem</strong></span> <span class='ocrx_word' id='word_1_6' title='bbox 769 226 991 273; x_wconf 23' lang='lat' dir='ltr'><strong>ipsailocatione,</strong></span> 
     </span>
    </p>
   </div>
   <div class='ocr_carea' id='block_1_3' title="bbox 194 272 991 318">
    <p class='ocr_par' dir='ltr' id='par_1_3' title="bbox 194 272 991 318">
     <span class='ocr_line' id='line_1_3' title="bbox 194 272 991 318; baseline 0.019 -21"><span class='ocrx_word' id='word_1_7' title='bbox 194 280 256 305; x_wconf 70' lang='lat' dir='ltr'><strong>quae</strong></span> <span class='ocrx_word' id='word_1_8' title='bbox 278 272 305 299; x_wconf 91' lang='lat' dir='ltr'><strong>in</strong></span> <span class='ocrx_word' id='word_1_9' title='bbox 333 274 384 302; x_wconf 90' lang='lat' dir='ltr'><strong>hoc</strong></span> <span class='ocrx_word' id='word_1_10' title='bbox 409 284 487 304; x_wconf 86' lang='lat' dir='ltr'><strong>sacro</strong></span> <span class='ocrx_word' id='word_1_11' title='bbox 513 280 614 315; x_wconf 90' lang='lat' dir='ltr'><strong>templo</strong></span> <span class='ocrx_word' id='word_1_12' title='bbox 634 281 730 309; x_wconf 78' lang='lat' dir='ltr'><strong>ed‘ecta</strong></span> <span class='ocrx_word' id='word_1_13' title='bbox 754 272 806 315; x_wconf 85' lang='lat' dir='ltr'><strong>est,</strong></span> <span class='ocrx_word' id='word_1_14' title='bbox 824 284 949 318; x_wconf 87' lang='lat' dir='ltr'><strong>protinus</strong></span> <span class='ocrx_word' id='word_1_15' title='bbox 964 286 991 312; x_wconf 96' lang='lat' dir='ltr'><strong>in</strong></span> 
     </span>
    </p>
   </div>
   <div class='ocr_carea' id='block_1_4' title="bbox 194 316 990 360">
    <p class='ocr_par' dir='ltr' id='par_1_4' title="bbox 194 316 990 360">
     <span class='ocr_line' id='line_1_4' title="bbox 194 316 990 360; baseline 0.019 -17"><span class='ocrx_word' id='word_1_16' title='bbox 194 316 286 352; x_wconf 76' lang='lat' dir='ltr'><strong>fugam</strong></span> <span class='ocrx_word' id='word_1_17' title='bbox 308 319 473 350; x_wconf 61' lang='lat' dir='ltr'><strong>daemonium</strong></span> <span class='ocrx_word' id='word_1_18' title='bbox 500 329 705 360; x_wconf 68' lang='lat' dir='ltr'><strong>converterunt,</strong></span> <span class='ocrx_word' id='word_1_19' title='bbox 722 333 748 355; x_wconf 86' lang='lat' dir='ltr'><strong>et</strong></span> <span class='ocrx_word' id='word_1_20' title='bbox 764 334 852 356; x_wconf 88' lang='lat' dir='ltr'><strong>atrum</strong></span> <span class='ocrx_word' id='word_1_21' title='bbox 869 330 945 357; x_wconf 80' lang='lat' dir='ltr'><strong>illum</strong></span> <span class='ocrx_word' id='word_1_22' title='bbox 963 331 990 358; x_wconf 93' lang='lat' dir='ltr'><strong>in</strong></span> 
     </span>
    </p>
   </div>
   <div class='ocr_carea' id='block_1_5' title="bbox 193 368 991 411">
    <p class='ocr_par' dir='ltr' id='par_1_5' title="bbox 193 368 991 411">
     <span class='ocr_line' id='line_1_5' title="bbox 193 368 991 411; baseline 0.019 -22"><span class='ocrx_word' id='word_1_23' title='bbox 193 368 298 391; x_wconf 86' lang='lat' dir='ltr'><strong>tartara</strong></span> <span class='ocrx_word' id='word_1_24' title='bbox 331 374 538 403; x_wconf 87' lang='lat' dir='ltr'><strong>persequentes,</strong></span> <span class='ocrx_word' id='word_1_25' title='bbox 571 375 598 398; x_wconf 87' lang='lat' dir='ltr'><strong>et</strong></span> <span class='ocrx_word' id='word_1_26' title='bbox 627 376 731 407; x_wconf 72' lang='grc' dir='ltr'>πορίρο</span> <span class='ocrx_word' id='word_1_27' title='bbox 765 374 792 401; x_wconf 88' lang='lat' dir='ltr'><strong>in</strong></span> <span class='ocrx_word' id='word_1_28' title='bbox 821 375 903 410; x_wconf 78' lang='lat' dir='ltr'><strong>hujus</strong></span> <span class='ocrx_word' id='word_1_29' title='bbox 927 376 991 411; x_wconf 51' lang='lat' dir='ltr'><strong>fuga</strong></span> 
     </span>
    </p>
   </div>
   <div class='ocr_carea' id='block_1_6' title="bbox 193 410 989 449">
    <p class='ocr_par' dir='ltr' id='par_1_6' title="bbox 193 410 989 449">
     <span class='ocr_line' id='line_1_6' title="bbox 193 410 989 449; baseline 0.019 -15"><span class='ocrx_word' id='word_1_30' title='bbox 193 410 407 446; x_wconf 75' lang='lat' dir='ltr'><strong>triumphantes,</strong></span> <span class='ocrx_word' id='word_1_31' title='bbox 441 414 577 442; x_wconf 75' lang='lat' dir='ltr'><strong>desertam</strong></span> <span class='ocrx_word' id='word_1_32' title='bbox 608 417 793 447; x_wconf 74' lang='lat' dir='ltr'><strong>exhibuerunt</strong></span> <span class='ocrx_word' id='word_1_33' title='bbox 825 410 989 449; x_wconf 78' lang='lat' dir='ltr'><strong>habitatoris</strong></span> 
     </span>
    </p>
   </div>
   <div class='ocr_carea' id='block_1_7' title="bbox 192 455 990 500">
    <p class='ocr_par' dir='ltr' id='par_1_7' title="bbox 192 455 990 500">
     <span class='ocr_line' id='line_1_7' title="bbox 192 455 990 500; baseline 0.015 -19"><span class='ocrx_word' id='word_1_34' title='bbox 192 455 314 483; x_wconf 88' lang='lat' dir='ltr'><strong>domum.</strong></span> <span class='ocrx_word' id='word_1_35' title='bbox 329 456 484 486; x_wconf 86' lang='lat' dir='ltr'><strong>Secundum</strong></span> <span class='ocrx_word' id='word_1_36' title='bbox 498 468 564 488; x_wconf 90' lang='lat' dir='ltr'><strong>vero</strong></span> <span class='ocrx_word' id='word_1_37' title='bbox 578 461 612 488; x_wconf 88' lang='lat' dir='ltr'><strong>ab</strong></span> <span class='ocrx_word' id='word_1_38' title='bbox 626 462 669 489; x_wconf 82' lang='lat' dir='ltr'><strong>his</strong></span> <span class='ocrx_word' id='word_1_39' title='bbox 683 470 752 498; x_wconf 90' lang='lat' dir='ltr'><strong>opus</strong></span> <span class='ocrx_word' id='word_1_40' title='bbox 766 465 897 499; x_wconf 79' lang='lat' dir='ltr'><strong>agebatur</strong></span> <span class='ocrx_word' id='word_1_41' title='bbox 906 466 990 500; x_wconf 89' lang='lat' dir='ltr'><strong>patri-</strong></span> 
     </span>
    </p>
   </div>
   <div class='ocr_carea' id='block_1_8' title="bbox 191 502 990 545">
    <p class='ocr_par' dir='ltr' id='par_1_8' title="bbox 191 502 990 545">
     <span class='ocr_line' id='line_1_8' title="bbox 191 502 990 545; baseline 0.016 -19"><span class='ocrx_word' id='word_1_42' title='bbox 191 502 357 536; x_wconf 83' lang='lat' dir='ltr'><strong>mouiorum,</strong></span> <span class='ocrx_word' id='word_1_43' title='bbox 375 512 436 539; x_wconf 73' lang='lat' dir='ltr'><strong>quze</strong></span> <span class='ocrx_word' id='word_1_44' title='bbox 463 505 571 534; x_wconf 88' lang='lat' dir='ltr'><strong>inerant</strong></span> <span class='ocrx_word' id='word_1_45' title='bbox 589 508 897 545; x_wconf 63' lang='lat' dir='ltr'><strong>dmmoni,exspoliatio,</strong></span> <span class='ocrx_word' id='word_1_46' title='bbox 908 512 933 539; x_wconf 92' lang='lat' dir='ltr'><strong>id</strong></span> <span class='ocrx_word' id='word_1_47' title='bbox 948 518 990 539; x_wconf 87' lang='lat' dir='ltr'><strong>est</strong></span> 
     </span>
    </p>
   </div>
   <div class='ocr_carea' id='block_1_9' title="bbox 191 547 988 591">
    <p class='ocr_par' dir='ltr' id='par_1_9' title="bbox 191 547 988 591">
     <span class='ocr_line' id='line_1_9' title="bbox 191 547 988 591; baseline 0.016 -19"><span class='ocrx_word' id='word_1_48' title='bbox 191 547 344 575; x_wconf 82' lang='lat' dir='ltr'><strong>derastatio</strong></span> <span class='ocrx_word' id='word_1_49' title='bbox 368 558 374 576; x_wconf 95' lang='lat'>:</span> <span class='ocrx_word' id='word_1_50' title='bbox 392 550 442 577; x_wconf 89' lang='lat' dir='ltr'><strong>viri</strong></span> <span class='ocrx_word' id='word_1_51' title='bbox 460 552 532 578; x_wconf 92' lang='lat' dir='ltr'><strong>enim</strong></span> <span class='ocrx_word' id='word_1_52' title='bbox 548 558 628 580; x_wconf 85' lang='lat' dir='ltr'><strong>erant</strong></span> <span class='ocrx_word' id='word_1_53' title='bbox 647 555 812 589; x_wconf 88' lang='lat' dir='ltr'><strong>patrimonia</strong></span> <span class='ocrx_word' id='word_1_54' title='bbox 835 557 906 591; x_wconf 87' lang='lat' dir='ltr'><strong>ejus,</strong></span> <span class='ocrx_word' id='word_1_55' title='bbox 925 565 988 584; x_wconf 90' lang='lat' dir='ltr'><strong>cum</strong></span> 
     </span>
    </p>
   </div>
   <div class='ocr_carea' id='block_1_10' title="bbox 191 593 989 637">
    <p class='ocr_par' dir='ltr' id='par_1_10' title="bbox 191 593 989 637">
     <span class='ocr_line' id='line_1_10' title="bbox 191 593 989 637; baseline 0.015 -20"><span class='ocrx_word' id='word_1_56' title='bbox 191 593 370 627; x_wconf 71' lang='lat' dir='ltr'><strong>mulierculis,</strong></span> <span class='ocrx_word' id='word_1_57' title='bbox 400 596 445 630; x_wconf 89' lang='lat' dir='ltr'><strong>qui</strong></span> <span class='ocrx_word' id='word_1_58' title='bbox 471 597 504 624; x_wconf 91' lang='lat' dir='ltr'><strong>ad</strong></span> <span class='ocrx_word' id='word_1_59' title='bbox 530 604 606 625; x_wconf 85' lang='lat' dir='ltr'><strong>aram</strong></span> <span class='ocrx_word' id='word_1_60' title='bbox 630 600 774 633; x_wconf 80' lang='lat' dir='ltr'><strong>sedebant,</strong></span> <span class='ocrx_word' id='word_1_61' title='bbox 797 605 825 629; x_wconf 91' lang='lat' dir='ltr'><strong>et</strong></span> <span class='ocrx_word' id='word_1_62' title='bbox 851 609 899 637; x_wconf 92' lang='lat' dir='ltr'><strong>spe</strong></span> <span class='ocrx_word' id='word_1_63' title='bbox 918 610 989 629; x_wconf 89' lang='lat' dir='ltr'><strong>vana</strong></span> 
     </span>
    </p>
   </div>
   <div class='ocr_carea' id='block_1_11' title="bbox 190 638 988 685">
    <p class='ocr_par' dir='ltr' id='par_1_11' title="bbox 190 638 988 685">
     <span class='ocr_line' id='line_1_11' title="bbox 190 638 988 685; baseline 0.018 -21"><span class='ocrx_word' id='word_1_64' title='bbox 190 638 308 674; x_wconf 81' lang='lat' dir='ltr'><strong>decepti,</strong></span> <span class='ocrx_word' id='word_1_65' title='bbox 326 644 353 667; x_wconf 88' lang='lat' dir='ltr'><strong>et</strong></span> <span class='ocrx_word' id='word_1_66' title='bbox 369 642 469 669; x_wconf 87' lang='lat' dir='ltr'><strong>acriori</strong></span> <span class='ocrx_word' id='word_1_67' title='bbox 482 643 628 678; x_wconf 80' lang='lat' dir='ltr'><strong>phantasia</strong></span> <span class='ocrx_word' id='word_1_68' title='bbox 644 646 748 681; x_wconf 91' lang='lat' dir='ltr'><strong>delusi;</strong></span> <span class='ocrx_word' id='word_1_69' title='bbox 769 655 839 682; x_wconf 89' lang='lat' dir='ltr'><strong>qttos</strong></span> <span class='ocrx_word' id='word_1_70' title='bbox 853 653 988 685; x_wconf 85' lang='lat' dir='ltr'><strong>martyres</strong></span> 
     </span>
    </p>
   </div>
   <div class='ocr_carea' id='block_1_12' title="bbox 191 685 986 730">
    <p class='ocr_par' dir='ltr' id='par_1_12' title="bbox 191 685 986 730">
     <span class='ocr_line' id='line_1_12' title="bbox 191 685 986 730; baseline 0.016 -19"><span class='ocrx_word' id='word_1_71' title='bbox 191 685 335 714; x_wconf 85' lang='lat' dir='ltr'><strong>animabus</strong></span> <span class='ocrx_word' id='word_1_72' title='bbox 364 691 391 714; x_wconf 90' lang='lat' dir='ltr'><strong>et</strong></span> <span class='ocrx_word' id='word_1_73' title='bbox 414 688 578 723; x_wconf 71' lang='lat' dir='ltr'><strong>Corporibus</strong></span> <span class='ocrx_word' id='word_1_74' title='bbox 607 697 731 720; x_wconf 89' lang='lat' dir='ltr'><strong>tnortuos</strong></span> <span class='ocrx_word' id='word_1_75' title='bbox 755 694 839 722; x_wconf 91' lang='lat' dir='ltr'><strong>veluti</strong></span> <span class='ocrx_word' id='word_1_76' title='bbox 863 695 986 730; x_wconf 71' lang='lat' dir='ltr'><strong>quaedam</strong></span> 
     </span>
    </p>
   </div>
   <div class='ocr_carea' id='block_1_13' title="bbox 191 731 987 775">
    <p class='ocr_par' dir='ltr' id='par_1_13' title="bbox 191 731 987 775">
     <span class='ocr_line' id='line_1_13' title="bbox 191 731 987 775; baseline 0.016 -18"><span class='ocrx_word' id='word_1_77' title='bbox 191 731 278 764; x_wconf 80' lang='lat' dir='ltr'><strong>Spolia</strong></span> <span class='ocrx_word' id='word_1_78' title='bbox 296 731 444 767; x_wconf 65' lang='lat' dir='ltr'><strong>depraedati</strong></span> <span class='ocrx_word' id='word_1_79' title='bbox 461 739 526 762; x_wconf 91' lang='lat' dir='ltr'><strong>sunt</strong></span> <span class='ocrx_word' id='word_1_80' title='bbox 541 745 548 763; x_wconf 89' lang='lat'>:</span> <span class='ocrx_word' id='word_1_81' title='bbox 567 737 645 771; x_wconf 89' lang='lat' dir='ltr'><strong>prius</strong></span> <span class='ocrx_word' id='word_1_82' title='bbox 660 737 731 766; x_wconf 79' lang='lat' dir='ltr'><strong>forte</strong></span> <span class='ocrx_word' id='word_1_83' title='bbox 748 739 812 775; x_wconf 74' lang='lat' dir='ltr'><strong>fuga</strong></span> <span class='ocrx_word' id='word_1_84' title='bbox 835 742 987 770; x_wconf 84' lang='lat' dir='ltr'><strong>secundum</strong></span> 
     </span>
    </p>
   </div>
   <div class='ocr_carea' id='block_1_14' title="bbox 189 776 986 821">
    <p class='ocr_par' dir='ltr' id='par_1_14' title="bbox 189 776 986 821">
     <span class='ocr_line' id='line_1_14' title="bbox 189 776 986 821; baseline 0.018 -19"><span class='ocrx_word' id='word_1_85' title='bbox 189 776 310 804; x_wconf 84' lang='lat' dir='ltr'><strong>divinam</strong></span> <span class='ocrx_word' id='word_1_86' title='bbox 322 785 415 806; x_wconf 83' lang='lat' dir='ltr'><strong>vocem</strong></span> <span class='ocrx_word' id='word_1_87' title='bbox 432 780 517 807; x_wconf 88' lang='lat' dir='ltr'><strong>veluti</strong></span> <span class='ocrx_word' id='word_1_88' title='bbox 541 784 793 819; x_wconf 79' lang='lat' dir='ltr'><strong>mortuo-alligato;</strong></span> <span class='ocrx_word' id='word_1_89' title='bbox 812 788 986 821; x_wconf 86' lang='lat' dir='ltr'><strong>postmodum</strong></span> 
     </span>
    </p>
   </div>
   <div class='ocr_carea' id='block_1_15' title="bbox 189 822 985 862">
    <p class='ocr_par' dir='ltr' id='par_1_15' title="bbox 189 822 985 862">
     <span class='ocr_line' id='line_1_15' title="bbox 189 822 985 862; baseline 0.016 -13"><span class='ocrx_word' id='word_1_90' title='bbox 189 822 230 849; x_wconf 83' lang='lat' dir='ltr'><strong>eis</strong></span> <span class='ocrx_word' id='word_1_91' title='bbox 244 827 271 849; x_wconf 87' lang='lat' dir='ltr'><strong>et</strong></span> <span class='ocrx_word' id='word_1_92' title='bbox 286 823 369 851; x_wconf 90' lang='lat' dir='ltr'><strong>vitam</strong></span> <span class='ocrx_word' id='word_1_93' title='bbox 390 825 609 855; x_wconf 84' lang='lat' dir='ltr'><strong>misericorditer</strong></span> <span class='ocrx_word' id='word_1_94' title='bbox 622 829 736 861; x_wconf 90' lang='lat' dir='ltr'><strong>donant.</strong></span> <span class='ocrx_word' id='word_1_95' title='bbox 756 832 790 859; x_wconf 92' lang='lat' dir='ltr'><strong>ad</strong></span> <span class='ocrx_word' id='word_1_96' title='bbox 804 832 907 861; x_wconf 83' lang='lat' dir='ltr'><strong>fontem</strong></span> <span class='ocrx_word' id='word_1_97' title='bbox 924 835 985 862; x_wconf 89' lang='lat' dir='ltr'><strong>illos</strong></span> 
     </span>
    </p>
   </div>
   <div class='ocr_carea' id='block_1_16' title="bbox 188 868 987 915">
    <p class='ocr_par' dir='ltr' id='par_1_16' title="bbox 188 868 987 915">
     <span class='ocr_line' id='line_1_16' title="bbox 188 868 987 915; baseline 0.02 -23"><span class='ocrx_word' id='word_1_98' title='bbox 188 868 252 893; x_wconf 66' lang='lat' dir='ltr'><strong>vitte</strong></span> <span class='ocrx_word' id='word_1_99' title='bbox 270 868 449 903; x_wconf 83' lang='lat' dir='ltr'><strong>adducentes,</strong></span> <span class='ocrx_word' id='word_1_100' title='bbox 466 876 493 899; x_wconf 89' lang='lat' dir='ltr'><strong>et</strong></span> <span class='ocrx_word' id='word_1_101' title='bbox 508 880 676 908; x_wconf 80' lang='lat' dir='ltr'><strong>cognoscere</strong></span> <span class='ocrx_word' id='word_1_102' title='bbox 690 875 773 904; x_wconf 89' lang='lat' dir='ltr'><strong>Deum</strong></span> <span class='ocrx_word' id='word_1_103' title='bbox 786 877 895 912; x_wconf 86' lang='lat' dir='ltr'><strong>dantes,</strong></span> <span class='ocrx_word' id='word_1_104' title='bbox 907 888 987 915; x_wconf 86' lang='lat' dir='ltr'><strong>quem</strong></span> 
     </span>
    </p>
   </div>
   <div class='ocr_carea' id='block_1_17' title="bbox 188 913 988 962">
    <p class='ocr_par' dir='ltr' id='par_1_17' title="bbox 188 913 988 962">
     <span class='ocr_line' id='line_1_17' title="bbox 188 913 988 962; baseline 0.021 -24"><span class='ocrx_word' id='word_1_105' title='bbox 188 913 348 947; x_wconf 73' lang='lat' dir='ltr'><strong>ignorantes</strong></span> <span class='ocrx_word' id='word_1_106' title='bbox 360 917 460 944; x_wconf 86' lang='lat' dir='ltr'><strong>mortui</strong></span> <span class='ocrx_word' id='word_1_107' title='bbox 473 923 561 950; x_wconf 80' lang='lat' dir='ltr'><strong>erant.</strong></span> <span class='ocrx_word' id='word_1_108' title='bbox 571 919 718 956; x_wconf 88' lang='lat' dir='ltr'><strong>lumenque</strong></span> <span class='ocrx_word' id='word_1_109' title='bbox 734 931 827 951; x_wconf 84' lang='lat' dir='ltr'><strong>verum</strong></span> <span class='ocrx_word' id='word_1_110' title='bbox 843 913 988 962; x_wconf 71' lang='lat' dir='ltr'><strong>donantes,</strong></span> 
     </span>
    </p>
   </div>
   <div class='ocr_carea' id='block_1_18' title="bbox 188 959 986 1000">
    <p class='ocr_par' dir='ltr' id='par_1_18' title="bbox 188 959 986 1000">
     <span class='ocr_line' id='line_1_18' title="bbox 188 959 986 1000; baseline 0.02 -16"><span class='ocrx_word' id='word_1_111' title='bbox 188 959 260 992; x_wconf 83' lang='lat' dir='ltr'><strong>quod</strong></span> <span class='ocrx_word' id='word_1_112' title='bbox 277 967 332 986; x_wconf 94' lang='lat' dir='ltr'><strong>non</strong></span> <span class='ocrx_word' id='word_1_113' title='bbox 351 961 477 990; x_wconf 91' lang='lat' dir='ltr'><strong>videntes</strong></span> <span class='ocrx_word' id='word_1_114' title='bbox 499 964 764 996; x_wconf 82' lang='lat' dir='ltr'><strong>obtenebrabantur.</strong></span> <span class='ocrx_word' id='word_1_115' title='bbox 780 969 827 997; x_wconf 93' lang='lat' dir='ltr'><strong>Sic</strong></span> <span class='ocrx_word' id='word_1_116' title='bbox 845 972 919 998; x_wconf 93' lang='lat' dir='ltr'><strong>enim</strong></span> <span class='ocrx_word' id='word_1_117' title='bbox 933 959 986 1000; x_wconf 46' lang='lat' dir='ltr'><strong>sal;</strong></span> 
     </span>
    </p>
   </div>
   <div class='ocr_carea' id='block_1_19' title="bbox 187 1011 986 1053">
    <p class='ocr_par' dir='ltr' id='par_1_19' title="bbox 187 1011 986 1053">
     <span class='ocr_line' id='line_1_19' title="bbox 187 1011 986 1053; baseline 0.019 -23"><span class='ocrx_word' id='word_1_118' title='bbox 187 1012 251 1032; x_wconf 79' lang='lat' dir='ltr'><strong>vant</strong></span> <span class='ocrx_word' id='word_1_119' title='bbox 266 1011 293 1033; x_wconf 90' lang='lat' dir='ltr'><strong>et</strong></span> <span class='ocrx_word' id='word_1_120' title='bbox 305 1011 416 1041; x_wconf 85' lang='lat' dir='ltr'><strong>captant</strong></span> <span class='ocrx_word' id='word_1_121' title='bbox 429 1016 460 1036; x_wconf 89' lang='lat' dir='ltr'><strong>ea</strong></span> <span class='ocrx_word' id='word_1_122' title='bbox 471 1017 531 1044; x_wconf 70' lang='lat' dir='ltr'><strong>quae</strong></span> <span class='ocrx_word' id='word_1_123' title='bbox 542 1011 595 1039; x_wconf 87' lang='lat' dir='ltr'><strong>sibi</strong></span> <span class='ocrx_word' id='word_1_124' title='bbox 613 1013 648 1039; x_wconf 84' lang='lat' dir='ltr'><strong>ab</strong></span> <span class='ocrx_word' id='word_1_125' title='bbox 660 1013 779 1042; x_wconf 90' lang='lat' dir='ltr'><strong>inimicis</strong></span> <span class='ocrx_word' id='word_1_126' title='bbox 800 1016 986 1053; x_wconf 86' lang='lat' dir='ltr'><strong>diripiuntur;</strong></span> 
     </span>
    </p>
   </div>
   <div class='ocr_carea' id='block_1_20' title="bbox 188 1051 988 1091">
    <p class='ocr_par' dir='ltr' id='par_1_20' title="bbox 188 1051 988 1091">
     <span class='ocr_line' id='line_1_20' title="bbox 188 1051 988 1091; baseline 0.018 -14"><span class='ocrx_word' id='word_1_127' title='bbox 188 1051 260 1077; x_wconf 79' lang='lat' dir='ltr'><strong>sicut</strong></span> <span class='ocrx_word' id='word_1_128' title='bbox 277 1051 410 1080; x_wconf 86' lang='lat' dir='ltr'><strong>Dominus</strong></span> <span class='ocrx_word' id='word_1_129' title='bbox 427 1057 454 1081; x_wconf 90' lang='lat' dir='ltr'><strong>et</strong></span> <span class='ocrx_word' id='word_1_130' title='bbox 470 1055 600 1090; x_wconf 78' lang='lat' dir='ltr'><strong>magister</strong></span> <span class='ocrx_word' id='word_1_131' title='bbox 616 1064 711 1084; x_wconf 90' lang='lat' dir='ltr'><strong>eorum</strong></span> <span class='ocrx_word' id='word_1_132' title='bbox 724 1066 786 1086; x_wconf 91' lang='lat' dir='ltr'><strong>cum</strong></span> <span class='ocrx_word' id='word_1_133' title='bbox 798 1051 892 1089; x_wconf 80' lang='lat' dir='ltr'><strong>orbem</strong></span> <span class='ocrx_word' id='word_1_134' title='bbox 908 1067 988 1091; x_wconf 72' lang='lat' dir='ltr'><strong>terrae</strong></span> 
     </span>
    </p>
   </div>
   <div class='ocr_carea' id='block_1_21' title="bbox 189 1098 985 1143">
    <p class='ocr_par' dir='ltr' id='par_1_21' title="bbox 189 1098 985 1143">
     <span class='ocr_line' id='line_1_21' title="bbox 189 1098 985 1143; baseline 0.018 -21"><span class='ocrx_word' id='word_1_135' title='bbox 189 1098 328 1130; x_wconf 77' lang='lat' dir='ltr'><strong>rapuisset</strong></span> <span class='ocrx_word' id='word_1_136' title='bbox 344 1099 477 1134; x_wconf 79' lang='lat' dir='ltr'><strong>captavit.</strong></span> <span class='ocrx_word' id='word_1_137' title='bbox 491 1100 614 1128; x_wconf 88' lang='lat' dir='ltr'><strong>Tertium</strong></span> <span class='ocrx_word' id='word_1_138' title='bbox 632 1108 766 1139; x_wconf 85' lang='lat' dir='ltr'><strong>martyres</strong></span> <span class='ocrx_word' id='word_1_139' title='bbox 780 1106 834 1139; x_wconf 92' lang='lat' dir='ltr'><strong>his,</strong></span> <span class='ocrx_word' id='word_1_140' title='bbox 851 1115 912 1141; x_wconf 73' lang='lat' dir='ltr'><strong>quae</strong></span> <span class='ocrx_word' id='word_1_141' title='bbox 928 1108 985 1143; x_wconf 85' lang='lat' dir='ltr'><strong>jam</strong></span> 
     </span>
    </p>
   </div>
   <div class='ocr_carea' id='block_1_22' title="bbox 187 1145 987 1190">
    <p class='ocr_par' dir='ltr' id='par_1_22' title="bbox 187 1145 987 1190">
     <span class='ocr_line' id='line_1_22' title="bbox 187 1145 987 1190; baseline 0.014 -20"><span class='ocrx_word' id='word_1_142' title='bbox 187 1145 320 1178; x_wconf 83' lang='lat' dir='ltr'><strong>diximus,</strong></span> <span class='ocrx_word' id='word_1_143' title='bbox 348 1147 387 1173; x_wconf 88' lang='lat' dir='ltr'><strong>nil</strong></span> <span class='ocrx_word' id='word_1_144' title='bbox 411 1148 503 1175; x_wconf 92' lang='lat' dir='ltr'><strong>minus</strong></span> <span class='ocrx_word' id='word_1_145' title='bbox 520 1149 667 1184; x_wconf 79' lang='lat' dir='ltr'><strong>gerebant;</strong></span> <span class='ocrx_word' id='word_1_146' title='bbox 684 1151 869 1180; x_wconf 85' lang='lat' dir='ltr'><strong>abominabile</strong></span> <span class='ocrx_word' id='word_1_147' title='bbox 888 1154 987 1190; x_wconf 83' lang='lat' dir='ltr'><strong>quippe</strong></span> 
     </span>
    </p>
   </div>
   <div class='ocr_carea' id='block_1_23' title="bbox 187 1191 987 1233">
    <p class='ocr_par' dir='ltr' id='par_1_23' title="bbox 187 1191 987 1233">
     <span class='ocr_line' id='line_1_23' title="bbox 187 1191 987 1233; baseline 0.016 -17"><span class='ocrx_word' id='word_1_148' title='bbox 187 1191 255 1217; x_wconf 87' lang='lat' dir='ltr'><strong>iilnd</strong></span> <span class='ocrx_word' id='word_1_149' title='bbox 281 1192 413 1221; x_wconf 65' lang='lat' dir='ltr'><strong>daemonis</strong></span> <span class='ocrx_word' id='word_1_150' title='bbox 439 1195 584 1229; x_wconf 77' lang='lat' dir='ltr'><strong>templum,</strong></span> <span class='ocrx_word' id='word_1_151' title='bbox 606 1196 633 1222; x_wconf 93' lang='lat' dir='ltr'><strong>in</strong></span> <span class='ocrx_word' id='word_1_152' title='bbox 654 1205 708 1232; x_wconf 88' lang='lat' dir='ltr'><strong>quo</strong></span> <span class='ocrx_word' id='word_1_153' title='bbox 725 1198 888 1233; x_wconf 83' lang='lat' dir='ltr'><strong>phantasias</strong></span> <span class='ocrx_word' id='word_1_154' title='bbox 914 1209 987 1229; x_wconf 89' lang='lat' dir='ltr'><strong>men-</strong></span> 
     </span>
    </p>
   </div>
   <div class='ocr_carea' id='block_1_24' title="bbox 185 1238 985 1280">
    <p class='ocr_par' dir='ltr' id='par_1_24' title="bbox 185 1238 985 1280">
     <span class='ocr_line' id='line_1_24' title="bbox 185 1238 985 1280; baseline 0.015 -17"><span class='ocrx_word' id='word_1_155' title='bbox 185 1238 268 1264; x_wconf 78' lang='lat' dir='ltr'><strong>daces</strong></span> <span class='ocrx_word' id='word_1_156' title='bbox 285 1239 483 1273; x_wconf 86' lang='lat' dir='ltr'><strong>tergiversator</strong></span> <span class='ocrx_word' id='word_1_157' title='bbox 503 1243 681 1276; x_wconf 87' lang='lat' dir='ltr'><strong>operabatur,</strong></span> <span class='ocrx_word' id='word_1_158' title='bbox 695 1249 721 1271; x_wconf 90' lang='lat' dir='ltr'><strong>et</strong></span> <span class='ocrx_word' id='word_1_159' title='bbox 739 1245 768 1272; x_wconf 93' lang='lat' dir='ltr'><strong>iu</strong></span> <span class='ocrx_word' id='word_1_160' title='bbox 787 1254 842 1280; x_wconf 93' lang='lat' dir='ltr'><strong>quo</strong></span> <span class='ocrx_word' id='word_1_161' title='bbox 859 1252 920 1274; x_wconf 89' lang='lat' dir='ltr'><strong>erat</strong></span> <span class='ocrx_word' id='word_1_162' title='bbox 937 1256 985 1275; x_wconf 88' lang='lat' dir='ltr'><strong>ara</strong></span> 
     </span>
    </p>
   </div>
   <div class='ocr_carea' id='block_1_25' title="bbox 186 1286 979 1321">
    <p class='ocr_par' dir='ltr' id='par_1_25' title="bbox 186 1286 979 1321">
     <span class='ocr_line' id='line_1_25' title="bbox 186 1286 979 1321; baseline 0.014 -11"><span class='ocrx_word' id='word_1_163' title='bbox 186 1291 295 1318; x_wconf 80' lang='lat' dir='ltr'><strong>semper</strong></span> <span class='ocrx_word' id='word_1_164' title='bbox 307 1286 489 1320; x_wconf 80' lang='lat' dir='ltr'><strong>sanguinibus</strong></span> <span class='ocrx_word' id='word_1_165' title='bbox 505 1288 669 1321; x_wconf 83' lang='lat' dir='ltr'><strong>madefacta,</strong></span> <span class='ocrx_word' id='word_1_166' title='bbox 691 1294 718 1317; x_wconf 91' lang='lat' dir='ltr'><strong>et</strong></span> <span class='ocrx_word' id='word_1_167' title='bbox 738 1291 784 1319; x_wconf 88' lang='lat' dir='ltr'><strong>ille</strong></span> <span class='ocrx_word' id='word_1_168' title='bbox 803 1293 893 1320; x_wconf 81' lang='lat' dir='ltr'><strong>stabat</strong></span> <span class='ocrx_word' id='word_1_169' title='bbox 907 1293 979 1321; x_wconf 76' lang='lat' dir='ltr'><strong>femi-</strong></span> 
     </span>
    </p>
   </div>
   <div class='ocr_carea' id='block_1_26' title="bbox 184 1330 982 1367">
    <p class='ocr_par' dir='ltr' id='par_1_26' title="bbox 184 1330 982 1367">
     <span class='ocr_line' id='line_1_26' title="bbox 184 1330 982 1367; baseline 0.014 -11"><span class='ocrx_word' id='word_1_170' title='bbox 184 1337 244 1357; x_wconf 64' lang='lat' dir='ltr'><strong>nea</strong></span> <span class='ocrx_word' id='word_1_171' title='bbox 270 1330 367 1358; x_wconf 65' lang='lat' dir='ltr'><strong>formae</strong></span> <span class='ocrx_word' id='word_1_172' title='bbox 391 1334 577 1365; x_wconf 86' lang='lat' dir='ltr'><strong>statunculus,</strong></span> <span class='ocrx_word' id='word_1_173' title='bbox 597 1336 737 1364; x_wconf 90' lang='lat' dir='ltr'><strong>maritimo</strong></span> <span class='ocrx_word' id='word_1_174' title='bbox 761 1338 859 1366; x_wconf 85' lang='lat' dir='ltr'><strong>sabulo</strong></span> <span class='ocrx_word' id='word_1_175' title='bbox 884 1339 982 1367; x_wconf 84' lang='lat' dir='ltr'><strong>obrue-</strong></span> 
     </span>
    </p>
   </div>
   <div class='ocr_carea' id='block_1_27' title="bbox 184 1378 984 1414">
    <p class='ocr_par' dir='ltr' id='par_1_27' title="bbox 184 1378 984 1414">
     <span class='ocr_line' id='line_1_27' title="bbox 184 1378 984 1414; baseline 0.014 -13"><span class='ocrx_word' id='word_1_176' title='bbox 184 1378 267 1405; x_wconf 85' lang='lat' dir='ltr'><strong>runt:</strong></span> <span class='ocrx_word' id='word_1_177' title='bbox 287 1380 314 1403; x_wconf 89' lang='lat' dir='ltr'><strong>et</strong></span> <span class='ocrx_word' id='word_1_178' title='bbox 334 1378 484 1405; x_wconf 84' lang='lat' dir='ltr'><strong>secundum</strong></span> <span class='ocrx_word' id='word_1_179' title='bbox 500 1380 685 1414; x_wconf 89' lang='lat' dir='ltr'><strong>patriarcham</strong></span> <span class='ocrx_word' id='word_1_180' title='bbox 711 1382 796 1410; x_wconf 83' lang='lat' dir='ltr'><strong>Jacob</strong></span> <span class='ocrx_word' id='word_1_181' title='bbox 812 1384 911 1412; x_wconf 91' lang='lat' dir='ltr'><strong>subtus</strong></span> <span class='ocrx_word' id='word_1_182' title='bbox 928 1389 984 1412; x_wconf 89' lang='lat' dir='ltr'><strong>ter-</strong></span> 
     </span>
    </p>
   </div>
   <div class='ocr_carea' id='block_1_28' title="bbox 184 1424 983 1458">
    <p class='ocr_par' dir='ltr' id='par_1_28' title="bbox 184 1424 983 1458">
     <span class='ocr_line' id='line_1_28' title="bbox 184 1424 983 1458; baseline 0.013 -10"><span class='ocrx_word' id='word_1_183' title='bbox 184 1430 244 1449; x_wconf 84' lang='lat' dir='ltr'><strong>ram</strong></span> <span class='ocrx_word' id='word_1_184' title='bbox 274 1424 497 1458; x_wconf 86' lang='lat' dir='ltr'><strong>occultaverunt,</strong></span> <span class='ocrx_word' id='word_1_185' title='bbox 524 1426 563 1453; x_wconf 89' lang='lat' dir='ltr'><strong>ita</strong></span> <span class='ocrx_word' id='word_1_186' title='bbox 589 1431 619 1454; x_wconf 87' lang='lat' dir='ltr'><strong>ut</strong></span> <span class='ocrx_word' id='word_1_187' title='bbox 644 1428 812 1457; x_wconf 88' lang='lat' dir='ltr'><strong>oblivionem</strong></span> <span class='ocrx_word' id='word_1_188' title='bbox 837 1434 865 1458; x_wconf 87' lang='lat' dir='ltr'><strong>et</strong></span> <span class='ocrx_word' id='word_1_189' title='bbox 889 1431 983 1458; x_wconf 86' lang='lat' dir='ltr'><strong>utilem</strong></span> 
     </span>
    </p>
   </div>
   <div class='ocr_carea' id='block_1_29' title="bbox 184 1468 982 1511">
    <p class='ocr_par' dir='ltr' id='par_1_29' title="bbox 184 1468 982 1511">
     <span class='ocr_line' id='line_1_29' title="bbox 184 1468 982 1511; baseline 0.011 -17"><span class='ocrx_word' id='word_1_190' title='bbox 184 1468 373 1503; x_wconf 82' lang='lat' dir='ltr'><strong>ignorantiam</strong></span> <span class='ocrx_word' id='word_1_191' title='bbox 392 1471 573 1500; x_wconf 82' lang='lat' dir='ltr'><strong>exsecrabilis</strong></span> <span class='ocrx_word' id='word_1_192' title='bbox 594 1478 621 1500; x_wconf 87' lang='lat' dir='ltr'><strong>et</strong></span> <span class='ocrx_word' id='word_1_193' title='bbox 645 1474 752 1502; x_wconf 88' lang='lat' dir='ltr'><strong>animas</strong></span> <span class='ocrx_word' id='word_1_194' title='bbox 777 1476 982 1511; x_wconf 88' lang='lat' dir='ltr'><strong>corrumpentis</strong></span> 
     </span>
    </p>
   </div>
   <div class='ocr_carea' id='block_1_30' title="bbox 186 1513 982 1556">
    <p class='ocr_par' dir='ltr' id='par_1_30' title="bbox 186 1513 982 1556">
     <span class='ocr_line' id='line_1_30' title="bbox 186 1513 982 1556; baseline 0.011 -16"><span class='ocrx_word' id='word_1_195' title='bbox 186 1513 368 1543; x_wconf 84' lang='lat' dir='ltr'><strong>dedicationis</strong></span> <span class='ocrx_word' id='word_1_196' title='bbox 385 1516 460 1544; x_wconf 91' lang='lat' dir='ltr'><strong>illius</strong></span> <span class='ocrx_word' id='word_1_197' title='bbox 485 1518 604 1552; x_wconf 90' lang='lat' dir='ltr'><strong>posteris</strong></span> <span class='ocrx_word' id='word_1_198' title='bbox 627 1519 740 1547; x_wconf 79' lang='lat' dir='ltr'><strong>faceret.</strong></span> <span class='ocrx_word' id='word_1_199' title='bbox 758 1520 892 1553; x_wconf 81' lang='lat' dir='ltr'><strong>Quartum</strong></span> <span class='ocrx_word' id='word_1_200' title='bbox 913 1529 982 1556; x_wconf 73' lang='lat' dir='ltr'><strong>pra:-</strong></span> 
     </span>
    </p>
   </div>
   <div class='ocr_carea' id='block_1_31' title="bbox 184 1560 986 1602">
    <p class='ocr_par' dir='ltr' id='par_1_31' title="bbox 184 1560 986 1602">
     <span class='ocr_line' id='line_1_31' title="bbox 184 1560 986 1602; baseline 0.009 -14"><span class='ocrx_word' id='word_1_201' title='bbox 184 1560 345 1589; x_wconf 82' lang='lat' dir='ltr'><strong>cedentibus</strong></span> <span class='ocrx_word' id='word_1_202' title='bbox 353 1562 528 1597; x_wconf 83' lang='lat' dir='ltr'><strong>jungebatur,</strong></span> <span class='ocrx_word' id='word_1_203' title='bbox 539 1565 661 1599; x_wconf 75' lang='lat' dir='ltr'><strong>profanae</strong></span> <span class='ocrx_word' id='word_1_204' title='bbox 670 1567 884 1595; x_wconf 87' lang='lat' dir='ltr'><strong>construetionis</strong></span> <span class='ocrx_word' id='word_1_205' title='bbox 898 1568 986 1602; x_wconf 87' lang='lat' dir='ltr'><strong>ipsius</strong></span> 
     </span>
    </p>
   </div>
   <div class='ocr_carea' id='block_1_32' title="bbox 184 1606 989 1646">
    <p class='ocr_par' dir='ltr' id='par_1_32' title="bbox 184 1606 989 1646">
     <span class='ocr_line' id='line_1_32' title="bbox 184 1606 989 1646; baseline 0.011 -15"><span class='ocrx_word' id='word_1_206' title='bbox 184 1606 313 1639; x_wconf 82' lang='lat' dir='ltr'><strong>exitium,</strong></span> <span class='ocrx_word' id='word_1_207' title='bbox 325 1614 385 1642; x_wconf 79' lang='lat' dir='ltr'><strong>quae</strong></span> <span class='ocrx_word' id='word_1_208' title='bbox 401 1608 535 1637; x_wconf 72' lang='lat' dir='ltr'><strong>daemonis</strong></span> <span class='ocrx_word' id='word_1_209' title='bbox 548 1615 607 1638; x_wconf 89' lang='lat' dir='ltr'><strong>erat</strong></span> <span class='ocrx_word' id='word_1_210' title='bbox 621 1612 763 1646; x_wconf 65' lang='lat' dir='ltr'><strong>aequivoca</strong></span> <span class='ocrx_word' id='word_1_211' title='bbox 780 1620 812 1640; x_wconf 88' lang='lat' dir='ltr'><strong>ac</strong></span> <span class='ocrx_word' id='word_1_212' title='bbox 837 1613 989 1641; x_wconf 83' lang='lat' dir='ltr'><strong>detestabi-</strong></span> 
     </span>
    </p>
   </div>
   <div class='ocr_carea' id='block_1_33' title="bbox 184 1652 990 1687">
    <p class='ocr_par' dir='ltr' id='par_1_33' title="bbox 184 1652 990 1687">
     <span class='ocr_line' id='line_1_33' title="bbox 184 1652 990 1687; baseline 0.01 -9"><span class='ocrx_word' id='word_1_213' title='bbox 184 1652 252 1679; x_wconf 89' lang='lat' dir='ltr'><strong>lium</strong></span> <span class='ocrx_word' id='word_1_214' title='bbox 263 1653 323 1687; x_wconf 85' lang='lat' dir='ltr'><strong>ejus</strong></span> <span class='ocrx_word' id='word_1_215' title='bbox 337 1654 554 1683; x_wconf 86' lang='lat' dir='ltr'><strong>innnolationum</strong></span> <span class='ocrx_word' id='word_1_216' title='bbox 566 1657 745 1685; x_wconf 81' lang='lat' dir='ltr'><strong>exsecrabilis</strong></span> <span class='ocrx_word' id='word_1_217' title='bbox 757 1658 890 1686; x_wconf 84' lang='lat' dir='ltr'><strong>habitatio</strong></span> <span class='ocrx_word' id='word_1_218' title='bbox 902 1668 908 1686; x_wconf 94' lang='lat'><strong>:</strong></span> <span class='ocrx_word' id='word_1_219' title='bbox 920 1660 990 1686; x_wconf 87' lang='lat' dir='ltr'><strong>hanc</strong></span> 
     </span>
    </p>
   </div>
   <div class='ocr_carea' id='block_1_34' title="bbox 185 1698 987 1740">
    <p class='ocr_par' dir='ltr' id='par_1_34' title="bbox 185 1698 987 1740">
     <span class='ocr_line' id='line_1_34' title="bbox 185 1698 987 1740; baseline 0.011 -16"><span class='ocrx_word' id='word_1_220' title='bbox 185 1698 259 1725; x_wconf 86' lang='lat' dir='ltr'><strong>enim</strong></span> <span class='ocrx_word' id='word_1_221' title='bbox 285 1708 368 1727; x_wconf 80' lang='lat' dir='ltr'><strong>arena</strong></span> <span class='ocrx_word' id='word_1_222' title='bbox 392 1706 419 1728; x_wconf 92' lang='lat' dir='ltr'><strong>et</strong></span> <span class='ocrx_word' id='word_1_223' title='bbox 444 1710 521 1730; x_wconf 87' lang='lat' dir='ltr'><strong>mare</strong></span> <span class='ocrx_word' id='word_1_224' title='bbox 538 1707 691 1739; x_wconf 83' lang='lat' dir='ltr'><strong>martyrum</strong></span> <span class='ocrx_word' id='word_1_225' title='bbox 709 1705 805 1739; x_wconf 86' lang='lat' dir='ltr'><strong>partiti</strong></span> <span class='ocrx_word' id='word_1_226' title='bbox 823 1712 887 1733; x_wconf 89' lang='lat' dir='ltr'><strong>sunt</strong></span> <span class='ocrx_word' id='word_1_227' title='bbox 908 1710 987 1740; x_wconf 89' lang='lat' dir='ltr'><strong>nutu,</strong></span> 
     </span>
    </p>
   </div>
   <div class='ocr_carea' id='block_1_35' title="bbox 185 1746 989 1787">
    <p class='ocr_par' dir='ltr' id='par_1_35' title="bbox 185 1746 989 1787">
     <span class='ocr_line' id='line_1_35' title="bbox 185 1746 989 1787; baseline 0.011 -16"><span class='ocrx_word' id='word_1_228' title='bbox 185 1750 212 1771; x_wconf 88' lang='lat' dir='ltr'><strong>ct</strong></span> <span class='ocrx_word' id='word_1_229' title='bbox 227 1746 355 1780; x_wconf 87' lang='lat' dir='ltr'><strong>quiddam</strong></span> <span class='ocrx_word' id='word_1_230' title='bbox 372 1748 431 1782; x_wconf 82' lang='lat' dir='ltr'><strong>ejus</strong></span> <span class='ocrx_word' id='word_1_231' title='bbox 447 1756 529 1776; x_wconf 86' lang='lat' dir='ltr'><strong>arena</strong></span> <span class='ocrx_word' id='word_1_232' title='bbox 554 1754 596 1777; x_wconf 88' lang='lat' dir='ltr'><strong>est</strong></span> <span class='ocrx_word' id='word_1_233' title='bbox 616 1750 757 1783; x_wconf 87' lang='lat' dir='ltr'><strong>obrutum,</strong></span> <span class='ocrx_word' id='word_1_234' title='bbox 776 1752 907 1787; x_wconf 86' lang='lat' dir='ltr'><strong>quiddam</strong></span> <span class='ocrx_word' id='word_1_235' title='bbox 925 1760 989 1780; x_wconf 90' lang='lat' dir='ltr'><strong>vero</strong></span> 
     </span>
    </p>
   </div>
   <div class='ocr_carea' id='block_1_36' title="bbox 185 1792 988 1834">
    <p class='ocr_par' dir='ltr' id='par_1_36' title="bbox 185 1792 988 1834">
     <span class='ocr_line' id='line_1_36' title="bbox 185 1792 988 1834; baseline 0.011 -17"><span class='ocrx_word' id='word_1_236' title='bbox 185 1792 259 1818; x_wconf 87' lang='lat' dir='ltr'><strong>inter</strong></span> <span class='ocrx_word' id='word_1_237' title='bbox 268 1793 373 1820; x_wconf 88' lang='lat' dir='ltr'><strong>marina</strong></span> <span class='ocrx_word' id='word_1_238' title='bbox 383 1799 506 1821; x_wconf 88' lang='lat' dir='ltr'><strong>remnata</strong></span> <span class='ocrx_word' id='word_1_239' title='bbox 516 1795 639 1823; x_wconf 84' lang='lat' dir='ltr'><strong>ﬂuctuat.</strong></span> <span class='ocrx_word' id='word_1_240' title='bbox 647 1796 779 1830; x_wconf 88' lang='lat' dir='ltr'><strong>Quintum</strong></span> <span class='ocrx_word' id='word_1_241' title='bbox 793 1806 807 1825; x_wconf 91' lang='lat' dir='ltr'><strong>a</strong></span> <span class='ocrx_word' id='word_1_242' title='bbox 820 1799 988 1834; x_wconf 87' lang='lat' dir='ltr'><strong>martyribus</strong></span> 
     </span>
    </p>
   </div>
   <div class='ocr_carea' id='block_1_37' title="bbox 184 1839 987 1880">
    <p class='ocr_par' dir='ltr' id='par_1_37' title="bbox 184 1839 987 1880">
     <span class='ocr_line' id='line_1_37' title="bbox 184 1839 987 1880; baseline 0.009 -15"><span class='ocrx_word' id='word_1_243' title='bbox 184 1839 348 1873; x_wconf 70' lang='lat' dir='ltr'><strong>gerebatur,</strong></span> <span class='ocrx_word' id='word_1_244' title='bbox 378 1841 451 1875; x_wconf 93' lang='lat' dir='ltr'><strong>quod</strong></span> <span class='ocrx_word' id='word_1_245' title='bbox 479 1845 507 1868; x_wconf 89' lang='lat' dir='ltr'><strong>et</strong></span> <span class='ocrx_word' id='word_1_246' title='bbox 534 1849 609 1870; x_wconf 87' lang='lat' dir='ltr'><strong>nunc</strong></span> <span class='ocrx_word' id='word_1_247' title='bbox 647 1843 850 1878; x_wconf 74' lang='lat' dir='ltr'><strong>gloriosissime</strong></span> <span class='ocrx_word' id='word_1_248' title='bbox 882 1844 987 1880; x_wconf 78' lang='lat' dir='ltr'><strong>geritur</strong></span> 
     </span>
    </p>
   </div>
   <div class='ocr_carea' id='block_1_38' title="bbox 185 1884 986 1925">
    <p class='ocr_par' dir='ltr' id='par_1_38' title="bbox 185 1884 986 1925">
     <span class='ocr_line' id='line_1_38' title="bbox 185 1884 986 1925; baseline 0.01 -14"><span class='ocrx_word' id='word_1_249' title='bbox 185 1884 289 1920; x_wconf 84' lang='lat' dir='ltr'><strong>Deique</strong></span> <span class='ocrx_word' id='word_1_250' title='bbox 317 1886 403 1921; x_wconf 75' lang='lat' dir='ltr'><strong>gratia</strong></span> <span class='ocrx_word' id='word_1_251' title='bbox 432 1887 590 1922; x_wconf 89' lang='lat' dir='ltr'><strong>perenniter</strong></span> <span class='ocrx_word' id='word_1_252' title='bbox 616 1893 658 1916; x_wconf 90' lang='lat' dir='ltr'><strong>est</strong></span> <span class='ocrx_word' id='word_1_253' title='bbox 684 1890 848 1925; x_wconf 79' lang='lat' dir='ltr'><strong>gerendum,</strong></span> <span class='ocrx_word' id='word_1_254' title='bbox 874 1894 902 1918; x_wconf 83' lang='lat' dir='ltr'><strong>et</strong></span> <span class='ocrx_word' id='word_1_255' title='bbox 923 1895 986 1920; x_wconf 90' lang='lat' dir='ltr'><strong>ante</strong></span> 
     </span>
    </p>
   </div>
   <div class='ocr_carea' id='block_1_39' title="bbox 185 1932 986 1965">
    <p class='ocr_par' dir='ltr' id='par_1_39' title="bbox 185 1932 986 1965">
     <span class='ocr_line' id='line_1_39' title="bbox 185 1932 986 1965; baseline 0.009 -8"><span class='ocrx_word' id='word_1_256' title='bbox 185 1932 376 1959; x_wconf 88' lang='lat' dir='ltr'><strong>universitatis</strong></span> <span class='ocrx_word' id='word_1_257' title='bbox 404 1934 674 1962; x_wconf 83' lang='lat' dir='ltr'><strong>consummationem</strong></span> <span class='ocrx_word' id='word_1_258' title='bbox 708 1936 823 1964; x_wconf 90' lang='lat' dir='ltr'><strong>minime</strong></span> <span class='ocrx_word' id='word_1_259' title='bbox 853 1944 986 1965; x_wconf 88' lang='lat' dir='ltr'><strong>consum-</strong></span> 
     </span>
    </p>
   </div>
   <div class='ocr_carea' id='block_1_40' title="bbox 185 1977 986 2019">
    <p class='ocr_par' dir='ltr' id='par_1_40' title="bbox 185 1977 986 2019">
     <span class='ocr_line' id='line_1_40' title="bbox 185 1977 986 2019; baseline 0.01 -16"><span class='ocrx_word' id='word_1_260' title='bbox 185 1977 332 2010; x_wconf 79' lang='lat' dir='ltr'><strong>mandunt;</strong></span> <span class='ocrx_word' id='word_1_261' title='bbox 343 1977 417 2012; x_wconf 87' lang='lat' dir='ltr'><strong>quod</strong></span> <span class='ocrx_word' id='word_1_262' title='bbox 432 1983 459 2006; x_wconf 86' lang='lat' dir='ltr'><strong>et</strong></span> <span class='ocrx_word' id='word_1_263' title='bbox 473 1986 571 2007; x_wconf 82' lang='lat' dir='ltr'><strong>omnes</strong></span> <span class='ocrx_word' id='word_1_264' title='bbox 582 1985 685 2008; x_wconf 91' lang='lat' dir='ltr'><strong>norunt</strong></span> <span class='ocrx_word' id='word_1_265' title='bbox 699 1986 835 2017; x_wconf 87' lang='lat' dir='ltr'><strong>quotquot</strong></span> <span class='ocrx_word' id='word_1_266' title='bbox 850 1987 986 2019; x_wconf 82' lang='lat' dir='ltr'><strong>martyres</strong></span> 
     </span>
    </p>
   </div>
   <div class='ocr_carea' id='block_1_41' title="bbox 184 2023 986 2064">
    <p class='ocr_par' dir='ltr' id='par_1_41' title="bbox 184 2023 986 2064">
     <span class='ocr_line' id='line_1_41' title="bbox 184 2023 986 2064; baseline 0.01 -15"><span class='ocrx_word' id='word_1_267' title='bbox 184 2026 299 2054; x_wconf 86' lang='lat' dir='ltr'><strong>norunt,</strong></span> <span class='ocrx_word' id='word_1_268' title='bbox 319 2023 498 2059; x_wconf 88' lang='lat' dir='ltr'><strong>ipsortunque</strong></span> <span class='ocrx_word' id='word_1_269' title='bbox 514 2026 602 2060; x_wconf 70' lang='lat' dir='ltr'><strong>gratia</strong></span> <span class='ocrx_word' id='word_1_270' title='bbox 628 2027 827 2061; x_wconf 83' lang='lat' dir='ltr'><strong>perfruuntur;</strong></span> <span class='ocrx_word' id='word_1_271' title='bbox 849 2033 986 2064; x_wconf 86' lang='lat' dir='ltr'><strong>quotquot</strong></span> 
     </span>
    </p>
   </div>
   <div class='ocr_carea' id='block_1_42' title="bbox 184 2069 985 2103">
    <p class='ocr_par' dir='ltr' id='par_1_42' title="bbox 184 2069 985 2103">
     <span class='ocr_line' id='line_1_42' title="bbox 184 2069 985 2103; baseline 0.01 -9"><span class='ocrx_word' id='word_1_272' title='bbox 184 2069 268 2095; x_wconf 87' lang='lat' dir='ltr'><strong>etiam</strong></span> <span class='ocrx_word' id='word_1_273' title='bbox 284 2069 415 2103; x_wconf 92' lang='lat' dir='ltr'><strong>templum</strong></span> <span class='ocrx_word' id='word_1_274' title='bbox 433 2069 573 2103; x_wconf 78' lang='lat' dir='ltr'><strong>viderunt,</strong></span> <span class='ocrx_word' id='word_1_275' title='bbox 586 2074 614 2098; x_wconf 88' lang='lat' dir='ltr'><strong>et</strong></span> <span class='ocrx_word' id='word_1_276' title='bbox 632 2072 768 2100; x_wconf 92' lang='lat' dir='ltr'><strong>tumulum</strong></span> <span class='ocrx_word' id='word_1_277' title='bbox 790 2081 885 2101; x_wconf 89' lang='lat' dir='ltr'><strong>eorum</strong></span> <span class='ocrx_word' id='word_1_278' title='bbox 899 2074 985 2102; x_wconf 87' lang='lat' dir='ltr'><strong>hono-</strong></span> 
     </span>
    </p>
   </div>
   <div class='ocr_carea' id='block_1_43' title="bbox 185 2115 983 2156">
    <p class='ocr_par' dir='ltr' id='par_1_43' title="bbox 185 2115 983 2156">
     <span class='ocr_line' id='line_1_43' title="bbox 185 2115 983 2156; baseline 0.009 -14"><span class='ocrx_word' id='word_1_279' title='bbox 185 2115 300 2143; x_wconf 85' lang='lat' dir='ltr'><strong>rabilem</strong></span> <span class='ocrx_word' id='word_1_280' title='bbox 326 2116 535 2151; x_wconf 83' lang='lat' dir='ltr'><strong>salutaverunt;</strong></span> <span class='ocrx_word' id='word_1_281' title='bbox 557 2123 600 2145; x_wconf 89' lang='lat' dir='ltr'><strong>est</strong></span> <span class='ocrx_word' id='word_1_282' title='bbox 625 2124 715 2146; x_wconf 88' lang='lat' dir='ltr'><strong>autem</strong></span> <span class='ocrx_word' id='word_1_283' title='bbox 735 2121 902 2156; x_wconf 81' lang='lat' dir='ltr'><strong>prodigium,</strong></span> <span class='ocrx_word' id='word_1_284' title='bbox 918 2129 983 2149; x_wconf 89' lang='lat' dir='ltr'><strong>sau—</strong></span> 
     </span>
    </p>
   </div>
   <div class='ocr_carea' id='block_1_44' title="bbox 184 2163 983 2202">
    <p class='ocr_par' dir='ltr' id='par_1_44' title="bbox 184 2163 983 2202">
     <span class='ocr_line' id='line_1_44' title="bbox 184 2163 983 2202; baseline 0.009 -14"><span class='ocrx_word' id='word_1_285' title='bbox 184 2167 292 2191; x_wconf 77' lang='lat' dir='ltr'><strong>ciorum</strong></span> <span class='ocrx_word' id='word_1_286' title='bbox 315 2163 445 2197; x_wconf 88' lang='lat' dir='ltr'><strong>templum</strong></span> <span class='ocrx_word' id='word_1_287' title='bbox 469 2163 632 2191; x_wconf 85' lang='lat' dir='ltr'><strong>mirabiliter</strong></span> <span class='ocrx_word' id='word_1_288' title='bbox 654 2171 743 2198; x_wconf 86' lang='lat' dir='ltr'><strong>stans,</strong></span> <span class='ocrx_word' id='word_1_289' title='bbox 768 2171 796 2194; x_wconf 90' lang='lat' dir='ltr'><strong>et</strong></span> <span class='ocrx_word' id='word_1_290' title='bbox 813 2174 909 2195; x_wconf 88' lang='lat' dir='ltr'><strong>omnes</strong></span> <span class='ocrx_word' id='word_1_291' title='bbox 927 2175 983 2202; x_wconf 63' lang='lat' dir='ltr'><strong>prae</strong></span> 
     </span>
    </p>
   </div>
   <div class='ocr_carea' id='block_1_45' title="bbox 655 113 1392 169">
    <p class='ocr_par' dir='ltr' id='par_1_45' title="bbox 655 113 1392 169">
     <span class='ocr_line' id='line_1_45' title="bbox 655 113 1392 169; baseline 0.009 -7"><span class='ocrx_word' id='word_1_292' title='bbox 655 132 686 162; x_wconf 92' lang='lat' dir='ltr'>S.</span> <span class='ocrx_word' id='word_1_293' title='bbox 701 133 911 165; x_wconf 81' lang='lat' dir='ltr'><strong>SOPHRONII</strong></span> <span class='ocrx_word' id='word_1_294' title='bbox 925 113 1180 167; x_wconf 58' lang='grc' dir='ltr'><strong>ΡΑΤΪὶΙΑΗΕΗἉΕ</strong></span> <span class='ocrx_word' id='word_1_295' title='bbox 1192 138 1392 169; x_wconf 78' lang='lat' dir='ltr'><strong>HIEROSOL;</strong></span> 
     </span>
    </p>
   </div>
   <div class='ocr_carea' id='block_1_46' title="bbox 230 176 1128 229">
    <p class='ocr_par' dir='ltr' id='par_1_46' title="bbox 230 176 1128 229">
     <span class='ocr_line' id='line_1_46' title="bbox 230 176 1128 229; baseline 0.021 -25"><span class='ocrx_word' id='word_1_296' title='bbox 230 176 275 205; x_wconf 75' lang='lat'><strong>29.</strong></span> <span class='ocrx_word' id='word_1_297' title='bbox 298 178 355 207; x_wconf 83' lang='lat' dir='ltr'><strong>Huc</strong></span> <span class='ocrx_word' id='word_1_298' title='bbox 371 189 433 209; x_wconf 91' lang='lat' dir='ltr'><strong>cum</strong></span> <span class='ocrx_word' id='word_1_299' title='bbox 450 184 538 212; x_wconf 85' lang='lat' dir='ltr'><strong>sancti</strong></span> <span class='ocrx_word' id='word_1_300' title='bbox 558 187 700 216; x_wconf 71' lang='lat' dir='ltr'><strong>venissent</strong></span> <span class='ocrx_word' id='word_1_301' title='bbox 713 189 740 218; x_wconf 78' lang='lat' dir='ltr'><strong>et</strong></span> <span class='ocrx_word' id='word_1_302' title='bbox 755 194 988 228; x_wconf 73' lang='lat' dir='ltr'><strong>evangelistarum</strong></span> <span class='ocrx_word' id='word_1_303' title='bbox 1005 203 1027 229; x_wconf 71' lang='grc' dir='ltr'>Α</span> <span class='ocrx_word' id='word_1_304' title='bbox 1076 195 1128 223; x_wconf 86' lang='grc' dir='ltr'><strong>κο’.</strong></span> 
     </span>
    </p>
   </div>
   <div class='ocr_carea' id='block_1_47' title="bbox 1004 874 1527 918">
    <p class='ocr_par' dir='ltr' id='par_1_47' title="bbox 1004 874 1527 918">
     <span class='ocr_line' id='line_1_47' title="bbox 1004 874 1527 918; baseline 0.01 -11"><span class='ocrx_word' id='word_1_305' title='bbox 1004 874 1024 901; x_wconf 67' lang='grc' dir='ltr'>Β</span> <span class='ocrx_word' id='word_1_306' title='bbox 1040 882 1113 917; x_wconf 78' lang='grc' dir='ltr'>ζωῆς</span> <span class='ocrx_word' id='word_1_307' title='bbox 1140 883 1239 914; x_wconf 71' lang='grc' dir='ltr'>αὐτοὺς</span> <span class='ocrx_word' id='word_1_308' title='bbox 1267 884 1503 918; x_wconf 81' lang='grc' dir='ltr'><strong>προσενέγκαντες</strong></span> <span class='ocrx_word' id='word_1_309' title='bbox 1520 893 1527 900; x_wconf 91' lang='grc'><strong>·</strong></span> 
     </span>
    </p>
   </div>
   <div class='ocr_carea' id='block_1_48' title="bbox 1772 140 1842 176">
    <p class='ocr_par' dir='ltr' id='par_1_48' title="bbox 1772 140 1842 176">
     <span class='ocr_line' id='line_1_48' title="bbox 1772 140 1842 176; baseline 0.029 -3"><span class='ocrx_word' id='word_1_310' title='bbox 1772 140 1842 176; x_wconf 77' lang='grc'><strong>3416</strong></span> 
     </span>
    </p>
   </div>
   <div class='ocr_carea' id='block_1_49' title="bbox 1165 195 1842 234">
    <p class='ocr_par' dir='ltr' id='par_1_49' title="bbox 1165 195 1842 234">
     <span class='ocr_line' id='line_1_49' title="bbox 1165 195 1842 234; baseline 0.007 -12"><span class='ocrx_word' id='word_1_311' title='bbox 1165 196 1299 223; x_wconf 78' lang='grc' dir='ltr'><strong>Ἐνταῦθα</strong></span> <span class='ocrx_word' id='word_1_312' title='bbox 1322 196 1377 232; x_wconf 74' lang='grc' dir='ltr'><strong>γὰρ</strong></span> <span class='ocrx_word' id='word_1_313' title='bbox 1398 195 1524 229; x_wconf 76' lang='grc' dir='ltr'><strong>ἐλθόντες</strong></span> <span class='ocrx_word' id='word_1_314' title='bbox 1551 198 1576 226; x_wconf 71' lang='grc' dir='ltr'><strong>ιε</strong></span> <span class='ocrx_word' id='word_1_315' title='bbox 1607 197 1691 233; x_wconf 68' lang='grc' dir='ltr'>ἅγιοι,</span> <span class='ocrx_word' id='word_1_316' title='bbox 1708 201 1757 227; x_wconf 79' lang='grc' dir='ltr'>καὶ</span> <span class='ocrx_word' id='word_1_317' title='bbox 1784 203 1842 234; x_wconf 75' lang='grc' dir='ltr'>τοῖς</span> 
     </span>
    </p>
   </div>
   <div class='ocr_carea' id='block_1_50' title="bbox 1043 241 1842 281">
    <p class='ocr_par' dir='ltr' id='par_1_50' title="bbox 1043 241 1842 281">
     <span class='ocr_line' id='line_1_50' title="bbox 1043 241 1842 281; baseline 0.01 -15"><span class='ocrx_word' id='word_1_318' title='bbox 1043 241 1251 275; x_wconf 83' lang='grc' dir='ltr'>εὐαγγελισταῖς</span> <span class='ocrx_word' id='word_1_319' title='bbox 1277 243 1420 278; x_wconf 81' lang='grc' dir='ltr'>γενόμενοι</span> <span class='ocrx_word' id='word_1_320' title='bbox 1447 243 1587 279; x_wconf 79' lang='grc' dir='ltr'><strong>σύσκηνοι,</strong></span> <span class='ocrx_word' id='word_1_321' title='bbox 1604 245 1714 280; x_wconf 77' lang='grc' dir='ltr'>πρῶτον</span> <span class='ocrx_word' id='word_1_322' title='bbox 1732 247 1782 281; x_wconf 82' lang='grc' dir='ltr'><strong>μὲν</strong></span> <span class='ocrx_word' id='word_1_323' title='bbox 1811 249 1842 280; x_wconf 78' lang='grc' dir='ltr'>ἐξ</span> 
     </span>
    </p>
   </div>
   <div class='ocr_carea' id='block_1_51' title="bbox 1043 287 1838 325">
    <p class='ocr_par' dir='ltr' id='par_1_51' title="bbox 1043 287 1838 325">
     <span class='ocr_line' id='line_1_51' title="bbox 1043 287 1838 325; baseline 0.009 -13"><span class='ocrx_word' id='word_1_324' title='bbox 1043 287 1127 322; x_wconf 82' lang='grc' dir='ltr'>αὐτῆς</span> <span class='ocrx_word' id='word_1_325' title='bbox 1141 287 1221 317; x_wconf 77' lang='grc' dir='ltr'>εὐθὺς</span> <span class='ocrx_word' id='word_1_326' title='bbox 1239 289 1289 322; x_wconf 87' lang='grc' dir='ltr'>τῆς</span> <span class='ocrx_word' id='word_1_327' title='bbox 1304 289 1344 319; x_wconf 85' lang='grc' dir='ltr'>εἰς</span> <span class='ocrx_word' id='word_1_328' title='bbox 1361 288 1406 315; x_wconf 72' lang='grc' dir='ltr'>τὸν</span> <span class='ocrx_word' id='word_1_329' title='bbox 1419 288 1490 324; x_wconf 74' lang='grc' dir='ltr'>ἱερὸν</span> <span class='ocrx_word' id='word_1_330' title='bbox 1507 289 1604 316; x_wconf 83' lang='grc' dir='ltr'>τοῦτον</span> <span class='ocrx_word' id='word_1_331' title='bbox 1632 292 1718 325; x_wconf 75' lang='grc' dir='ltr'>σηκὸν</span> <span class='ocrx_word' id='word_1_332' title='bbox 1736 292 1838 318; x_wconf 72' lang='grc' dir='ltr'>ἐπιϐά-</span> 
     </span>
    </p>
   </div>
   <div class='ocr_carea' id='block_1_52' title="bbox 1044 333 1839 373">
    <p class='ocr_par' dir='ltr' id='par_1_52' title="bbox 1044 333 1839 373">
     <span class='ocr_line' id='line_1_52' title="bbox 1044 333 1839 373; baseline 0.008 -14"><span class='ocrx_word' id='word_1_333' title='bbox 1044 340 1112 364; x_wconf 79' lang='grc' dir='ltr'>σεως</span> <span class='ocrx_word' id='word_1_334' title='bbox 1128 334 1167 364; x_wconf 80' lang='grc' dir='ltr'>εἰς</span> <span class='ocrx_word' id='word_1_335' title='bbox 1178 333 1268 368; x_wconf 81' lang='grc' dir='ltr'>φυγὴν</span> <span class='ocrx_word' id='word_1_336' title='bbox 1293 334 1323 359; x_wconf 83' lang='grc' dir='ltr'>τὺ</span> <span class='ocrx_word' id='word_1_337' title='bbox 1341 334 1479 370; x_wconf 84' lang='grc' dir='ltr'>δαιμόνιον</span> <span class='ocrx_word' id='word_1_338' title='bbox 1508 335 1626 371; x_wconf 73' lang='grc' dir='ltr'>ἔτρεψαν</span> <span class='ocrx_word' id='word_1_339' title='bbox 1644 338 1686 368; x_wconf 80' lang='grc' dir='ltr'><strong>είς</strong></span> <span class='ocrx_word' id='word_1_340' title='bbox 1701 339 1839 373; x_wconf 72' lang='grc' dir='ltr'><strong>τάρταρον</strong></span> 
     </span>
    </p>
   </div>
   <div class='ocr_carea' id='block_1_53' title="bbox 1042 378 1836 418">
    <p class='ocr_par' dir='ltr' id='par_1_53' title="bbox 1042 378 1836 418">
     <span class='ocr_line' id='line_1_53' title="bbox 1042 378 1836 418; baseline 0.009 -14"><span class='ocrx_word' id='word_1_341' title='bbox 1042 378 1074 404; x_wconf 79' lang='grc' dir='ltr'><strong>ἐκ</strong></span> <span class='ocrx_word' id='word_1_342' title='bbox 1103 378 1155 413; x_wconf 80' lang='grc' dir='ltr'>γῆς</span> <span class='ocrx_word' id='word_1_343' title='bbox 1182 379 1370 412; x_wconf 77' lang='grc' dir='ltr'>ἐκδιώξαντες,</span> <span class='ocrx_word' id='word_1_344' title='bbox 1395 381 1442 407; x_wconf 81' lang='grc' dir='ltr'><strong>καὶ</strong></span> <span class='ocrx_word' id='word_1_345' title='bbox 1457 382 1588 416; x_wconf 85' lang='grc' dir='ltr'>τρόπαιον</span> <span class='ocrx_word' id='word_1_346' title='bbox 1610 383 1658 409; x_wconf 72' lang='grc' dir='ltr'>ἐπὶ</span> <span class='ocrx_word' id='word_1_347' title='bbox 1676 385 1708 418; x_wconf 83' lang='grc' dir='ltr'>τῇ</span> <span class='ocrx_word' id='word_1_348' title='bbox 1738 384 1836 411; x_wconf 76' lang='grc' dir='ltr'>τούτου</span> 
     </span>
    </p>
   </div>
   <div class='ocr_carea' id='block_1_54' title="bbox 1042 425 1832 465">
    <p class='ocr_par' dir='ltr' id='par_1_54' title="bbox 1042 425 1832 465">
     <span class='ocr_line' id='line_1_54' title="bbox 1042 425 1832 465; baseline 0.006 -14"><span class='ocrx_word' id='word_1_349' title='bbox 1042 427 1114 460; x_wconf 80' lang='grc' dir='ltr'>φυγῇ</span> <span class='ocrx_word' id='word_1_350' title='bbox 1129 425 1376 460; x_wconf 77' lang='grc' dir='ltr'>θριαμϐεύσαντες,</span> <span class='ocrx_word' id='word_1_351' title='bbox 1388 426 1491 462; x_wconf 72' lang='grc' dir='ltr'>ἔρημον</span> <span class='ocrx_word' id='word_1_352' title='bbox 1506 427 1555 463; x_wconf 82' lang='grc' dir='ltr'><strong>τὴν</strong></span> <span class='ocrx_word' id='word_1_353' title='bbox 1570 428 1660 455; x_wconf 84' lang='grc' dir='ltr'>οἰκίαν</span> <span class='ocrx_word' id='word_1_354' title='bbox 1689 429 1738 455; x_wconf 73' lang='grc' dir='ltr'>τοῦ</span> <span class='ocrx_word' id='word_1_355' title='bbox 1751 431 1832 465; x_wconf 64' lang='lat' dir='ltr'><strong>Obcf;-</strong></span> 
     </span>
    </p>
   </div>
   <div class='ocr_carea' id='block_1_55' title="bbox 1040 470 1839 510">
    <p class='ocr_par' dir='ltr' id='par_1_55' title="bbox 1040 470 1839 510">
     <span class='ocr_line' id='line_1_55' title="bbox 1040 470 1839 510; baseline 0.006 -14"><span class='ocrx_word' id='word_1_356' title='bbox 1040 479 1119 506; x_wconf 81' lang='grc' dir='ltr'>τορος</span> <span class='ocrx_word' id='word_1_357' title='bbox 1133 470 1246 504; x_wconf 79' lang='grc' dir='ltr'>ἔδειξαν.</span> <span class='ocrx_word' id='word_1_358' title='bbox 1278 472 1411 507; x_wconf 80' lang='grc' dir='ltr'><strong>Δεύτερον</strong></span> <span class='ocrx_word' id='word_1_359' title='bbox 1434 472 1463 498; x_wconf 79' lang='grc' dir='ltr'>δὲ</span> <span class='ocrx_word' id='word_1_360' title='bbox 1492 473 1599 504; x_wconf 75' lang='grc' dir='ltr'><strong>τούτοις</strong></span> <span class='ocrx_word' id='word_1_361' title='bbox 1624 473 1706 509; x_wconf 75' lang='grc' dir='ltr'>ἔργον</span> <span class='ocrx_word' id='word_1_362' title='bbox 1735 475 1839 510; x_wconf 78' lang='grc' dir='ltr'>ἐπράτ-</span> 
     </span>
    </p>
   </div>
   <div class='ocr_carea' id='block_1_56' title="bbox 1040 517 1840 556">
    <p class='ocr_par' dir='ltr' id='par_1_56' title="bbox 1040 517 1840 556">
     <span class='ocr_line' id='line_1_56' title="bbox 1040 517 1840 556; baseline 0.005 -13"><span class='ocrx_word' id='word_1_363' title='bbox 1040 526 1101 544; x_wconf 86' lang='grc' dir='ltr'>τετο</span> <span class='ocrx_word' id='word_1_364' title='bbox 1111 518 1126 552; x_wconf 87' lang='grc' dir='ltr'>ὴ</span> <span class='ocrx_word' id='word_1_365' title='bbox 1137 517 1191 543; x_wconf 83' lang='grc' dir='ltr'>τῶν</span> <span class='ocrx_word' id='word_1_366' title='bbox 1206 518 1386 552; x_wconf 72' lang='grc' dir='ltr'>ὑπαρχόντων</span> <span class='ocrx_word' id='word_1_367' title='bbox 1405 518 1443 553; x_wconf 73' lang='grc' dir='ltr'>τῷ</span> <span class='ocrx_word' id='word_1_368' title='bbox 1457 519 1565 554; x_wconf 78' lang='grc' dir='ltr'>δαίμονι</span> <span class='ocrx_word' id='word_1_369' title='bbox 1581 519 1739 553; x_wconf 79' lang='grc' dir='ltr'>σκύλευσις,</span> <span class='ocrx_word' id='word_1_370' title='bbox 1753 522 1840 556; x_wconf 76' lang='grc' dir='ltr'>ἤγουν</span> 
     </span>
    </p>
   </div>
   <div class='ocr_carea' id='block_1_57' title="bbox 1040 561 1841 602">
    <p class='ocr_par' dir='ltr' id='par_1_57' title="bbox 1040 561 1841 602">
     <span class='ocr_line' id='line_1_57' title="bbox 1040 561 1841 602; baseline 0.006 -14"><span class='ocrx_word' id='word_1_371' title='bbox 1040 562 1211 598; x_wconf 71' lang='grc' dir='ltr'>ὴπόρθησις.</span> <span class='ocrx_word' id='word_1_372' title='bbox 1228 561 1464 598; x_wconf 76' lang='grc' dir='ltr'>Ἂνθρωποιῆσαν</span> <span class='ocrx_word' id='word_1_373' title='bbox 1492 565 1575 591; x_wconf 76' lang='grc' dir='ltr'>αὑτοῦ</span> <span class='ocrx_word' id='word_1_374' title='bbox 1607 567 1643 592; x_wconf 72' lang='grc' dir='ltr'><strong>τὰ</strong></span> <span class='ocrx_word' id='word_1_375' title='bbox 1678 567 1841 602; x_wconf 71' lang='grc' dir='ltr'>ὑπάρχοντα</span> 
     </span>
    </p>
   </div>
   <div class='ocr_carea' id='block_1_58' title="bbox 1040 608 1841 645">
    <p class='ocr_par' dir='ltr' id='par_1_58' title="bbox 1040 608 1841 645">
     <span class='ocr_line' id='line_1_58' title="bbox 1040 608 1841 645; baseline 0.006 -12"><span class='ocrx_word' id='word_1_376' title='bbox 1040 608 1087 634; x_wconf 79' lang='grc' dir='ltr'>καὶ</span> <span class='ocrx_word' id='word_1_377' title='bbox 1100 608 1198 641; x_wconf 82' lang='grc' dir='ltr'>γύναια</span> <span class='ocrx_word' id='word_1_378' title='bbox 1212 608 1253 642; x_wconf 84' lang='grc' dir='ltr'><strong>τῷ</strong></span> <span class='ocrx_word' id='word_1_379' title='bbox 1266 608 1351 643; x_wconf 84' lang='grc' dir='ltr'>βωμῷ</span> <span class='ocrx_word' id='word_1_380' title='bbox 1376 610 1605 645; x_wconf 85' lang='grc' dir='ltr'>προσκαθήμενα,</span> <span class='ocrx_word' id='word_1_381' title='bbox 1620 611 1712 637; x_wconf 78' lang='grc' dir='ltr'>ἐλπίσι</span> <span class='ocrx_word' id='word_1_382' title='bbox 1745 614 1841 644; x_wconf 81' lang='grc' dir='ltr'>κεναῖς</span> 
     </span>
    </p>
   </div>
   <div class='ocr_carea' id='block_1_59' title="bbox 1038 653 1839 691">
    <p class='ocr_par' dir='ltr' id='par_1_59' title="bbox 1038 653 1839 691">
     <span class='ocr_line' id='line_1_59' title="bbox 1038 653 1839 691; baseline 0.006 -12"><span class='ocrx_word' id='word_1_383' title='bbox 1038 653 1214 688; x_wconf 71' lang='grc' dir='ltr'><strong>ἀπατώμενοι</strong></span> <span class='ocrx_word' id='word_1_384' title='bbox 1231 654 1277 680; x_wconf 77' lang='grc' dir='ltr'><strong>καὶ</strong></span> <span class='ocrx_word' id='word_1_385' title='bbox 1291 655 1426 690; x_wconf 74' lang='grc' dir='ltr'>φαντασία</span> <span class='ocrx_word' id='word_1_386' title='bbox 1440 655 1514 690; x_wconf 84' lang='grc' dir='ltr'>δεινῇ</span> <span class='ocrx_word' id='word_1_387' title='bbox 1527 656 1725 691; x_wconf 84' lang='grc' dir='ltr'>χλευαζόμενοι</span> <span class='ocrx_word' id='word_1_388' title='bbox 1744 665 1751 673; x_wconf 76' lang='grc' dir='ltr'><strong>ο</strong></span> <span class='ocrx_word' id='word_1_389' title='bbox 1770 658 1839 684; x_wconf 81' lang='grc' dir='ltr'>οὔσ-</span> 
     </span>
    </p>
   </div>
   <div class='ocr_carea' id='block_1_60' title="bbox 1039 700 1837 739">
    <p class='ocr_par' dir='ltr' id='par_1_60' title="bbox 1039 700 1837 739">
     <span class='ocr_line' id='line_1_60' title="bbox 1039 700 1837 739; baseline 0.008 -14"><span class='ocrx_word' id='word_1_390' title='bbox 1039 708 1092 734; x_wconf 81' lang='grc' dir='ltr'><strong>περ</strong></span> <span class='ocrx_word' id='word_1_391' title='bbox 1107 700 1131 726; x_wconf 87' lang='grc' dir='ltr'>οἱ</span> <span class='ocrx_word' id='word_1_392' title='bbox 1150 700 1289 735; x_wconf 75' lang='grc' dir='ltr'>μάρτυρες</span> <span class='ocrx_word' id='word_1_393' title='bbox 1319 700 1414 735; x_wconf 71' lang='grc' dir='ltr'>ψυχὰς</span> <span class='ocrx_word' id='word_1_394' title='bbox 1426 702 1616 736; x_wconf 80' lang='grc' dir='ltr'>νεκρωθέντας</span> <span class='ocrx_word' id='word_1_395' title='bbox 1643 703 1691 730; x_wconf 76' lang='grc' dir='ltr'>καὶ</span> <span class='ocrx_word' id='word_1_396' title='bbox 1708 703 1837 739; x_wconf 80' lang='grc' dir='ltr'>σώματα,</span> 
     </span>
    </p>
   </div>
   <div class='ocr_carea' id='block_1_61' title="bbox 1038 745 1838 786">
    <p class='ocr_par' dir='ltr' id='par_1_61' title="bbox 1038 745 1838 786">
     <span class='ocr_line' id='line_1_61' title="bbox 1038 745 1838 786; baseline 0.008 -15"><span class='ocrx_word' id='word_1_397' title='bbox 1038 745 1083 771; x_wconf 85' lang='grc' dir='ltr'><strong>τὸν</strong></span> <span class='ocrx_word' id='word_1_398' title='bbox 1096 745 1206 780; x_wconf 83' lang='grc' dir='ltr'>ίσχυρὺν</span> <span class='ocrx_word' id='word_1_399' title='bbox 1221 746 1254 780; x_wconf 84' lang='grc' dir='ltr'>τῇ</span> <span class='ocrx_word' id='word_1_400' title='bbox 1271 747 1344 782; x_wconf 83' lang='grc' dir='ltr'>φυγῇ</span> <span class='ocrx_word' id='word_1_401' title='bbox 1363 747 1434 773; x_wconf 80' lang='grc' dir='ltr'>κατὰ</span> <span class='ocrx_word' id='word_1_402' title='bbox 1458 747 1508 781; x_wconf 87' lang='grc' dir='ltr'><strong>τὴν</strong></span> <span class='ocrx_word' id='word_1_403' title='bbox 1528 748 1604 775; x_wconf 84' lang='grc' dir='ltr'>θείαν</span> <span class='ocrx_word' id='word_1_404' title='bbox 1619 750 1710 785; x_wconf 82' lang='grc' dir='ltr'>φωνὴν</span> <span class='ocrx_word' id='word_1_405' title='bbox 1735 751 1838 786; x_wconf 81' lang='grc' dir='ltr'>πρότε-</span> 
     </span>
    </p>
   </div>
   <div class='ocr_carea' id='block_1_62' title="bbox 1041 791 1840 830">
    <p class='ocr_par' dir='ltr' id='par_1_62' title="bbox 1041 791 1840 830">
     <span class='ocr_line' id='line_1_62' title="bbox 1041 791 1840 830; baseline 0.006 -13"><span class='ocrx_word' id='word_1_406' title='bbox 1041 799 1085 826; x_wconf 88' lang='grc' dir='ltr'><strong>ρον</strong></span> <span class='ocrx_word' id='word_1_407' title='bbox 1099 791 1245 826; x_wconf 76' lang='grc' dir='ltr'><strong>δήσαντες,</strong></span> <span class='ocrx_word' id='word_1_408' title='bbox 1256 791 1294 823; x_wconf 81' lang='grc' dir='ltr'>ὡς</span> <span class='ocrx_word' id='word_1_409' title='bbox 1309 792 1405 827; x_wconf 80' lang='grc' dir='ltr'>νεκρὸν</span> <span class='ocrx_word' id='word_1_410' title='bbox 1433 793 1602 821; x_wconf 77' lang='grc' dir='ltr'><strong>ἐσκύλευσαν</strong></span> <span class='ocrx_word' id='word_1_411' title='bbox 1617 803 1624 809; x_wconf 93' lang='grc'><strong>·</strong></span> <span class='ocrx_word' id='word_1_412' title='bbox 1639 794 1765 830; x_wconf 81' lang='grc' dir='ltr'>δεύτερον</span> <span class='ocrx_word' id='word_1_413' title='bbox 1791 797 1840 822; x_wconf 77' lang='grc' dir='ltr'><strong>καὶ</strong></span> 
     </span>
    </p>
   </div>
   <div class='ocr_carea' id='block_1_63' title="bbox 1039 836 1841 877">
    <p class='ocr_par' dir='ltr' id='par_1_63' title="bbox 1039 836 1841 877">
     <span class='ocr_line' id='line_1_63' title="bbox 1039 836 1841 877; baseline 0.009 -15"><span class='ocrx_word' id='word_1_414' title='bbox 1039 836 1112 872; x_wconf 81' lang='grc' dir='ltr'>ζωὴν</span> <span class='ocrx_word' id='word_1_415' title='bbox 1124 837 1216 868; x_wconf 81' lang='grc' dir='ltr'>αὐτοῖς</span> <span class='ocrx_word' id='word_1_416' title='bbox 1233 838 1434 873; x_wconf 74' lang='grc' dir='ltr'>φιλανθρώπως</span> <span class='ocrx_word' id='word_1_417' title='bbox 1454 838 1628 873; x_wconf 75' lang='grc' dir='ltr'>χαρίζονται,</span> <span class='ocrx_word' id='word_1_418' title='bbox 1643 842 1676 875; x_wconf 82' lang='grc' dir='ltr'>τῇ</span> <span class='ocrx_word' id='word_1_419' title='bbox 1693 843 1769 876; x_wconf 84' lang='grc' dir='ltr'><strong>πηγῇ</strong></span> <span class='ocrx_word' id='word_1_420' title='bbox 1789 843 1841 877; x_wconf 82' lang='grc' dir='ltr'><strong>τῆς</strong></span> 
     </span>
    </p>
   </div>
   <div class='ocr_carea' id='block_1_64' title="bbox 1567 887 1839 920">
    <p class='ocr_par' dir='ltr' id='par_1_64' title="bbox 1567 887 1839 920">
     <span class='ocr_line' id='line_1_64' title="bbox 1567 887 1839 920; baseline 0.011 -8"><span class='ocrx_word' id='word_1_421' title='bbox 1567 887 1615 912; x_wconf 77' lang='grc' dir='ltr'>καὶ</span> <span class='ocrx_word' id='word_1_422' title='bbox 1645 887 1748 920; x_wconf 86' lang='grc' dir='ltr'>γνῶναι</span> <span class='ocrx_word' id='word_1_423' title='bbox 1771 888 1839 915; x_wconf 83' lang='grc' dir='ltr'>Θεὸν</span> 
     </span>
    </p>
   </div>
   <div class='ocr_carea' id='block_1_65' title="bbox 1041 927 1839 969">
    <p class='ocr_par' dir='ltr' id='par_1_65' title="bbox 1041 927 1839 969">
     <span class='ocr_line' id='line_1_65' title="bbox 1041 927 1839 969; baseline 0.01 -16"><span class='ocrx_word' id='word_1_424' title='bbox 1041 927 1242 963; x_wconf 76' lang='grc' dir='ltr'>δωρησάμενοι,</span> <span class='ocrx_word' id='word_1_425' title='bbox 1274 928 1304 957; x_wconf 77' lang='grc' dir='ltr'>ὃν</span> <span class='ocrx_word' id='word_1_426' title='bbox 1321 929 1484 963; x_wconf 72' lang='grc' dir='ltr'>ἀγνοοῦντες</span> <span class='ocrx_word' id='word_1_427' title='bbox 1512 932 1679 967; x_wconf 81' lang='grc' dir='ltr'>νενέκρωντο</span> <span class='ocrx_word' id='word_1_428' title='bbox 1694 943 1700 949; x_wconf 93' lang='grc'><strong>·</strong></span> <span class='ocrx_word' id='word_1_429' title='bbox 1718 935 1767 960; x_wconf 78' lang='grc' dir='ltr'>καὶ</span> <span class='ocrx_word' id='word_1_430' title='bbox 1781 934 1839 969; x_wconf 81' lang='grc' dir='ltr'>φῶς</span> 
     </span>
    </p>
   </div>
   <div class='ocr_carea' id='block_1_66' title="bbox 1041 975 1837 1016">
    <p class='ocr_par' dir='ltr' id='par_1_66' title="bbox 1041 975 1837 1016">
     <span class='ocr_line' id='line_1_66' title="bbox 1041 975 1837 1016; baseline 0.01 -16"><span class='ocrx_word' id='word_1_431' title='bbox 1041 975 1169 1010; x_wconf 80' lang='grc' dir='ltr'>ἀληθινὸν</span> <span class='ocrx_word' id='word_1_432' title='bbox 1184 976 1376 1011; x_wconf 76' lang='grc' dir='ltr'>χαρισάμενοι,</span> <span class='ocrx_word' id='word_1_433' title='bbox 1392 978 1462 1013; x_wconf 79' lang='grc' dir='ltr'>ὅπερ</span> <span class='ocrx_word' id='word_1_434' title='bbox 1490 979 1653 1006; x_wconf 81' lang='grc' dir='ltr'>ἐσκοτοῦντο</span> <span class='ocrx_word' id='word_1_435' title='bbox 1670 981 1707 1016; x_wconf 83' lang='grc' dir='ltr'>μὴ</span> <span class='ocrx_word' id='word_1_436' title='bbox 1720 981 1837 1016; x_wconf 61' lang='grc' dir='ltr'>βλέπον-</span> 
     </span>
    </p>
   </div>
   <div class='ocr_carea' id='block_1_67' title="bbox 1040 1021 1840 1061">
    <p class='ocr_par' dir='ltr' id='par_1_67' title="bbox 1040 1021 1840 1061">
     <span class='ocr_line' id='line_1_67' title="bbox 1040 1021 1840 1061; baseline 0.01 -14"><span class='ocrx_word' id='word_1_437' title='bbox 1040 1030 1097 1053; x_wconf 84' lang='grc' dir='ltr'>τες.</span> <span class='ocrx_word' id='word_1_438' title='bbox 1123 1021 1203 1048; x_wconf 78' lang='grc' dir='ltr'>Οὕτω</span> <span class='ocrx_word' id='word_1_439' title='bbox 1235 1022 1290 1058; x_wconf 82' lang='grc' dir='ltr'><strong>γὰρ</strong></span> <span class='ocrx_word' id='word_1_440' title='bbox 1319 1023 1452 1054; x_wconf 74' lang='grc' dir='ltr'>σώζονσίν</span> <span class='ocrx_word' id='word_1_441' title='bbox 1465 1033 1494 1050; x_wconf 84' lang='grc' dir='ltr'><strong>τε</strong></span> <span class='ocrx_word' id='word_1_442' title='bbox 1522 1026 1569 1052; x_wconf 74' lang='grc' dir='ltr'>καὶ</span> <span class='ocrx_word' id='word_1_443' title='bbox 1588 1026 1775 1061; x_wconf 84' lang='grc' dir='ltr'>ζωγρεύουσιν</span> <span class='ocrx_word' id='word_1_444' title='bbox 1804 1028 1840 1055; x_wconf 79' lang='grc' dir='ltr'>τὰ</span> 
     </span>
    </p>
   </div>
   <div class='ocr_carea' id='block_1_68' title="bbox 1039 1067 1837 1109">
    <p class='ocr_par' dir='ltr' id='par_1_68' title="bbox 1039 1067 1837 1109">
     <span class='ocr_line' id='line_1_68' title="bbox 1039 1067 1837 1109; baseline 0.011 -17"><span class='ocrx_word' id='word_1_445' title='bbox 1039 1067 1108 1102; x_wconf 83' lang='grc' dir='ltr'>πρὸς</span> <span class='ocrx_word' id='word_1_446' title='bbox 1123 1067 1228 1103; x_wconf 80' lang='grc' dir='ltr'>ἐχθρῶν</span> <span class='ocrx_word' id='word_1_447' title='bbox 1243 1069 1335 1100; x_wconf 71' lang='grc' dir='ltr'>αὐτοῖς</span> <span class='ocrx_word' id='word_1_448' title='bbox 1353 1070 1542 1105; x_wconf 80' lang='grc' dir='ltr'>ἁρπαζόμενα,</span> <span class='ocrx_word' id='word_1_449' title='bbox 1555 1071 1593 1103; x_wconf 85' lang='grc' dir='ltr'>ὡς</span> <span class='ocrx_word' id='word_1_450' title='bbox 1607 1073 1621 1098; x_wconf 83' lang='grc' dir='ltr'>ὁ</span> <span class='ocrx_word' id='word_1_451' title='bbox 1631 1073 1771 1109; x_wconf 73' lang='grc' dir='ltr'>Δεσπότης</span> <span class='ocrx_word' id='word_1_452' title='bbox 1785 1075 1837 1101; x_wconf 78' lang='grc' dir='ltr'><strong>αὒο</strong></span> 
     </span>
    </p>
   </div>
   <div class='ocr_carea' id='block_1_69' title="bbox 1038 1112 1831 1153">
    <p class='ocr_par' dir='ltr' id='par_1_69' title="bbox 1038 1112 1831 1153">
     <span class='ocr_line' id='line_1_69' title="bbox 1038 1112 1831 1153; baseline 0.01 -15"><span class='ocrx_word' id='word_1_453' title='bbox 1038 1112 1093 1138; x_wconf 78' lang='grc' dir='ltr'>τῶν</span> <span class='ocrx_word' id='word_1_454' title='bbox 1121 1113 1168 1139; x_wconf 72' lang='grc' dir='ltr'><strong>καὶ</strong></span> <span class='ocrx_word' id='word_1_455' title='bbox 1192 1113 1351 1146; x_wconf 75' lang='grc' dir='ltr'>διδάσκαλος</span> <span class='ocrx_word' id='word_1_456' title='bbox 1365 1116 1415 1150; x_wconf 84' lang='grc' dir='ltr'>τὴν</span> <span class='ocrx_word' id='word_1_457' title='bbox 1426 1117 1592 1152; x_wconf 70' lang='grc' dir='ltr'>οἰκουμένην</span> <span class='ocrx_word' id='word_1_458' title='bbox 1619 1119 1746 1153; x_wconf 74' lang='grc' dir='ltr'>ἁρπάσας</span> <span class='ocrx_word' id='word_1_459' title='bbox 1759 1119 1831 1151; x_wconf 78' lang='grc' dir='ltr'><strong>ἐζώ-</strong></span> 
     </span>
    </p>
   </div>
   <div class='ocr_carea' id='block_1_70' title="bbox 1038 1159 1838 1199">
    <p class='ocr_par' dir='ltr' id='par_1_70' title="bbox 1038 1159 1838 1199">
     <span class='ocr_line' id='line_1_70' title="bbox 1038 1159 1838 1199; baseline 0.011 -16"><span class='ocrx_word' id='word_1_460' title='bbox 1038 1166 1151 1194; x_wconf 89' lang='grc' dir='ltr'>γρησεν.</span> <span class='ocrx_word' id='word_1_461' title='bbox 1177 1159 1277 1195; x_wconf 81' lang='grc' dir='ltr'>Τρίτον</span> <span class='ocrx_word' id='word_1_462' title='bbox 1289 1160 1314 1186; x_wconf 85' lang='grc' dir='ltr'>οἱ</span> <span class='ocrx_word' id='word_1_463' title='bbox 1332 1161 1472 1196; x_wconf 83' lang='grc' dir='ltr'>μάρτυρες</span> <span class='ocrx_word' id='word_1_464' title='bbox 1488 1162 1543 1188; x_wconf 85' lang='grc' dir='ltr'>τῶν</span> <span class='ocrx_word' id='word_1_465' title='bbox 1569 1163 1731 1197; x_wconf 75' lang='grc' dir='ltr'>φθασάντων</span> <span class='ocrx_word' id='word_1_466' title='bbox 1749 1165 1838 1199; x_wconf 72' lang='grc' dir='ltr'>ἔδρων</span> 
     </span>
    </p>
   </div>
   <div class='ocr_carea' id='block_1_71' title="bbox 1036 1204 1837 1243">
    <p class='ocr_par' dir='ltr' id='par_1_71' title="bbox 1036 1204 1837 1243">
     <span class='ocr_line' id='line_1_71' title="bbox 1036 1204 1837 1243; baseline 0.01 -14"><span class='ocrx_word' id='word_1_467' title='bbox 1036 1204 1097 1230; x_wconf 86' lang='grc' dir='ltr'>τότε</span> <span class='ocrx_word' id='word_1_468' title='bbox 1113 1205 1163 1230; x_wconf 86' lang='grc' dir='ltr'>οὐκ</span> <span class='ocrx_word' id='word_1_469' title='bbox 1173 1204 1285 1231; x_wconf 78' lang='grc' dir='ltr'>ἔλασσον</span> <span class='ocrx_word' id='word_1_470' title='bbox 1304 1213 1310 1219; x_wconf 93' lang='grc'><strong>·</strong></span> <span class='ocrx_word' id='word_1_471' title='bbox 1328 1206 1375 1232; x_wconf 72' lang='grc' dir='ltr'><strong>καὶ</strong></span> <span class='ocrx_word' id='word_1_472' title='bbox 1388 1206 1418 1232; x_wconf 85' lang='grc' dir='ltr'><strong>τὸ</strong></span> <span class='ocrx_word' id='word_1_473' title='bbox 1452 1207 1582 1243; x_wconf 75' lang='grc' dir='ltr'>βδελυρὸν</span> <span class='ocrx_word' id='word_1_474' title='bbox 1594 1210 1681 1235; x_wconf 77' lang='grc' dir='ltr'>ἐκεῖνο</span> <span class='ocrx_word' id='word_1_475' title='bbox 1695 1209 1743 1236; x_wconf 78' lang='grc' dir='ltr'>τοῦ</span> <span class='ocrx_word' id='word_1_476' title='bbox 1774 1210 1837 1237; x_wconf 78' lang='grc' dir='ltr'>δαί-</span> 
     </span>
    </p>
   </div>
   <div class='ocr_carea' id='block_1_72' title="bbox 1038 1248 1839 1291">
    <p class='ocr_par' dir='ltr' id='par_1_72' title="bbox 1038 1248 1839 1291">
     <span class='ocr_line' id='line_1_72' title="bbox 1038 1248 1839 1291; baseline 0.009 -16"><span class='ocrx_word' id='word_1_477' title='bbox 1038 1258 1118 1284; x_wconf 86' lang='grc' dir='ltr'>μονος</span> <span class='ocrx_word' id='word_1_478' title='bbox 1127 1250 1250 1284; x_wconf 82' lang='grc' dir='ltr'>τέμενος,</span> <span class='ocrx_word' id='word_1_479' title='bbox 1268 1251 1296 1277; x_wconf 86' lang='grc' dir='ltr'><strong>ἐν</strong></span> <span class='ocrx_word' id='word_1_480' title='bbox 1311 1248 1333 1285; x_wconf 85' lang='grc' dir='ltr'><strong>ᾧ</strong></span> <span class='ocrx_word' id='word_1_481' title='bbox 1347 1251 1396 1283; x_wconf 79' lang='grc' dir='ltr'>τὰς</span> <span class='ocrx_word' id='word_1_482' title='bbox 1410 1252 1517 1286; x_wconf 77' lang='grc' dir='ltr'>ψευδεῖς</span> <span class='ocrx_word' id='word_1_483' title='bbox 1543 1254 1693 1288; x_wconf 75' lang='grc' dir='ltr'>φαντασίας</span> <span class='ocrx_word' id='word_1_484' title='bbox 1708 1256 1721 1281; x_wconf 81' lang='grc' dir='ltr'><strong>ὁ</strong></span> <span class='ocrx_word' id='word_1_485' title='bbox 1734 1255 1839 1291; x_wconf 77' lang='grc' dir='ltr'>δραπέ·</span> 
     </span>
    </p>
   </div>
   <div class='ocr_carea' id='block_1_73' title="bbox 1035 1293 1837 1334">
    <p class='ocr_par' dir='ltr' id='par_1_73' title="bbox 1035 1293 1837 1334">
     <span class='ocr_line' id='line_1_73' title="bbox 1035 1293 1837 1334; baseline 0.01 -15"><span class='ocrx_word' id='word_1_486' title='bbox 1035 1303 1085 1330; x_wconf 87' lang='grc' dir='ltr'><strong>της</strong></span> <span class='ocrx_word' id='word_1_487' title='bbox 1098 1295 1252 1330; x_wconf 73' lang='grc' dir='ltr'>εἰργάζετο,</span> <span class='ocrx_word' id='word_1_488' title='bbox 1278 1296 1307 1321; x_wconf 80' lang='grc' dir='ltr'><strong>ἐν</strong></span> <span class='ocrx_word' id='word_1_489' title='bbox 1324 1293 1345 1329; x_wconf 82' lang='grc' dir='ltr'><strong>ᾦ</strong></span> <span class='ocrx_word' id='word_1_490' title='bbox 1362 1296 1453 1331; x_wconf 76' lang='grc' dir='ltr'>βωμὸς</span> <span class='ocrx_word' id='word_1_491' title='bbox 1466 1295 1500 1333; x_wconf 83' lang='grc' dir='ltr'>ἦν</span> <span class='ocrx_word' id='word_1_492' title='bbox 1527 1298 1570 1324; x_wconf 74' lang='grc' dir='ltr'><strong>ἀεὶ</strong></span> <span class='ocrx_word' id='word_1_493' title='bbox 1583 1301 1640 1330; x_wconf 80' lang='grc' dir='ltr'>τοῖς</span> <span class='ocrx_word' id='word_1_494' title='bbox 1652 1300 1750 1334; x_wconf 78' lang='grc' dir='ltr'>αἵμασι</span> <span class='ocrx_word' id='word_1_495' title='bbox 1764 1301 1837 1328; x_wconf 81' lang='grc' dir='ltr'>διαι-</span> 
     </span>
    </p>
   </div>
   <div class='ocr_carea' id='block_1_74' title="bbox 1036 1340 1839 1382">
    <p class='ocr_par' dir='ltr' id='par_1_74' title="bbox 1036 1340 1839 1382">
     <span class='ocr_line' id='line_1_74' title="bbox 1036 1340 1839 1382; baseline 0.009 -16"><span class='ocrx_word' id='word_1_496' title='bbox 1036 1340 1161 1374; x_wconf 82' lang='grc' dir='ltr'>νόμενος’</span> <span class='ocrx_word' id='word_1_497' title='bbox 1180 1341 1227 1367; x_wconf 82' lang='grc' dir='ltr'>καὶ</span> <span class='ocrx_word' id='word_1_498' title='bbox 1249 1341 1280 1367; x_wconf 84' lang='grc' dir='ltr'>τὸ</span> <span class='ocrx_word' id='word_1_499' title='bbox 1296 1343 1516 1378; x_wconf 78' lang='grc' dir='ltr'>γυναικόμορφον</span> <span class='ocrx_word' id='word_1_500' title='bbox 1539 1344 1631 1371; x_wconf 74' lang='grc' dir='ltr'>ἵστατο</span> <span class='ocrx_word' id='word_1_501' title='bbox 1657 1345 1749 1377; x_wconf 71' lang='grc' dir='ltr'>ξόανον</span> <span class='ocrx_word' id='word_1_502' title='bbox 1766 1356 1839 1382; x_wconf 81' lang='grc' dir='ltr'>παρ-</span> 
     </span>
    </p>
   </div>
   <div class='ocr_carea' id='block_1_75' title="bbox 1034 1385 1839 1428">
    <p class='ocr_par' dir='ltr' id='par_1_75' title="bbox 1034 1385 1839 1428">
     <span class='ocr_line' id='line_1_75' title="bbox 1034 1385 1839 1428; baseline 0.009 -17"><span class='ocrx_word' id='word_1_503' title='bbox 1034 1385 1099 1421; x_wconf 84' lang='grc' dir='ltr'>αλίᾳ</span> <span class='ocrx_word' id='word_1_504' title='bbox 1121 1385 1228 1421; x_wconf 77' lang='grc' dir='ltr'>ψάμμῳ</span> <span class='ocrx_word' id='word_1_505' title='bbox 1243 1387 1414 1422; x_wconf 81' lang='grc' dir='ltr'>κατέχωσαν,</span> <span class='ocrx_word' id='word_1_506' title='bbox 1440 1390 1486 1415; x_wconf 81' lang='grc' dir='ltr'>καὶ</span> <span class='ocrx_word' id='word_1_507' title='bbox 1502 1390 1573 1416; x_wconf 75' lang='grc' dir='ltr'>κατὰ</span> <span class='ocrx_word' id='word_1_508' title='bbox 1600 1390 1646 1417; x_wconf 76' lang='grc' dir='ltr'><strong>τὸν</strong></span> <span class='ocrx_word' id='word_1_509' title='bbox 1661 1393 1839 1428; x_wconf 78' lang='grc' dir='ltr'>πατριάρχην</span> 
     </span>
    </p>
   </div>
   <div class='ocr_carea' id='block_1_76' title="bbox 1041 1431 1839 1473">
    <p class='ocr_par' dir='ltr' id='par_1_76' title="bbox 1041 1431 1839 1473">
     <span class='ocr_line' id='line_1_76' title="bbox 1041 1431 1839 1473; baseline 0.01 -16"><span class='ocrx_word' id='word_1_510' title='bbox 1041 1431 1138 1458; x_wconf 78' lang='grc' dir='ltr'>Ἰακὼϐ</span> <span class='ocrx_word' id='word_1_511' title='bbox 1162 1433 1214 1458; x_wconf 73' lang='grc' dir='ltr'><strong>ὑπὸ</strong></span> <span class='ocrx_word' id='word_1_512' title='bbox 1231 1432 1316 1467; x_wconf 85' lang='grc' dir='ltr'>χθόνα</span> <span class='ocrx_word' id='word_1_513' title='bbox 1341 1434 1519 1470; x_wconf 73' lang='grc' dir='ltr'>κατέκρυψαν</span> <span class='ocrx_word' id='word_1_514' title='bbox 1535 1444 1541 1451; x_wconf 91' lang='grc'><strong>·</strong></span> <span class='ocrx_word' id='word_1_515' title='bbox 1568 1436 1605 1468; x_wconf 85' lang='grc' dir='ltr'>ὡς</span> <span class='ocrx_word' id='word_1_516' title='bbox 1620 1438 1666 1463; x_wconf 80' lang='grc' dir='ltr'><strong>καὶ</strong></span> <span class='ocrx_word' id='word_1_517' title='bbox 1683 1437 1769 1473; x_wconf 83' lang='grc' dir='ltr'>λήθην</span> <span class='ocrx_word' id='word_1_518' title='bbox 1784 1440 1839 1473; x_wconf 86' lang='grc' dir='ltr'>ἐμ·-</span> 
     </span>
    </p>
   </div>
   <div class='ocr_carea' id='block_1_77' title="bbox 1034 1478 1840 1519">
    <p class='ocr_par' dir='ltr' id='par_1_77' title="bbox 1034 1478 1840 1519">
     <span class='ocr_line' id='line_1_77' title="bbox 1034 1478 1840 1519; baseline 0.011 -16"><span class='ocrx_word' id='word_1_519' title='bbox 1034 1478 1146 1512; x_wconf 78' lang='grc' dir='ltr'>ποιῆσαι</span> <span class='ocrx_word' id='word_1_520' title='bbox 1157 1480 1213 1510; x_wconf 82' lang='grc' dir='ltr'>τοῖς</span> <span class='ocrx_word' id='word_1_521' title='bbox 1230 1478 1336 1511; x_wconf 80' lang='grc' dir='ltr'>ἔπειτα,</span> <span class='ocrx_word' id='word_1_522' title='bbox 1350 1480 1398 1505; x_wconf 71' lang='grc' dir='ltr'>καὶ</span> <span class='ocrx_word' id='word_1_523' title='bbox 1435 1481 1574 1516; x_wconf 68' lang='grc' dir='ltr'>ὠφέλιμον</span> <span class='ocrx_word' id='word_1_524' title='bbox 1593 1483 1704 1516; x_wconf 80' lang='grc' dir='ltr'>ἄγνοιαν</span> <span class='ocrx_word' id='word_1_525' title='bbox 1719 1484 1770 1519; x_wconf 83' lang='grc' dir='ltr'>τῆς</span> <span class='ocrx_word' id='word_1_526' title='bbox 1788 1494 1840 1519; x_wconf 77' lang='grc' dir='ltr'>μυ-</span> 
     </span>
    </p>
   </div>
   <div class='ocr_carea' id='block_1_78' title="bbox 1035 1523 1840 1565">
    <p class='ocr_par' dir='ltr' id='par_1_78' title="bbox 1035 1523 1840 1565">
     <span class='ocr_line' id='line_1_78' title="bbox 1035 1523 1840 1565; baseline 0.011 -18"><span class='ocrx_word' id='word_1_527' title='bbox 1035 1523 1122 1557; x_wconf 71' lang='lat' dir='ltr'><strong>capi;</strong></span> <span class='ocrx_word' id='word_1_528' title='bbox 1149 1523 1231 1549; x_wconf 81' lang='grc' dir='ltr'>αὑτοῦ</span> <span class='ocrx_word' id='word_1_529' title='bbox 1262 1524 1308 1550; x_wconf 80' lang='grc' dir='ltr'>καὶ</span> <span class='ocrx_word' id='word_1_530' title='bbox 1318 1523 1491 1560; x_wconf 72' lang='grc' dir='ltr'>ψυχοφθόρου</span> <span class='ocrx_word' id='word_1_531' title='bbox 1520 1527 1672 1563; x_wconf 78' lang='grc' dir='ltr'>δομήσεως.</span> <span class='ocrx_word' id='word_1_532' title='bbox 1698 1529 1840 1565; x_wconf 82' lang='grc' dir='ltr'>Τέταρτον</span> 
     </span>
    </p>
   </div>
   <div class='ocr_carea' id='block_1_79' title="bbox 1042 1568 1840 1608">
    <p class='ocr_par' dir='ltr' id='par_1_79' title="bbox 1042 1568 1840 1608">
     <span class='ocr_line' id='line_1_79' title="bbox 1042 1568 1840 1608; baseline 0.013 -15"><span class='ocrx_word' id='word_1_533' title='bbox 1042 1569 1099 1599; x_wconf 84' lang='grc' dir='ltr'>τοῖς</span> <span class='ocrx_word' id='word_1_534' title='bbox 1112 1568 1296 1603; x_wconf 76' lang='grc' dir='ltr'>προλαϐοῦσιν</span> <span class='ocrx_word' id='word_1_535' title='bbox 1313 1571 1465 1605; x_wconf 80' lang='grc' dir='ltr'>συνήπτετο</span> <span class='ocrx_word' id='word_1_536' title='bbox 1482 1573 1495 1597; x_wconf 88' lang='grc' dir='ltr'><strong>ό</strong></span> <span class='ocrx_word' id='word_1_537' title='bbox 1528 1572 1573 1598; x_wconf 79' lang='grc' dir='ltr'><strong>τοῦ</strong></span> <span class='ocrx_word' id='word_1_538' title='bbox 1591 1573 1726 1608; x_wconf 72' lang='grc' dir='ltr'>δυσαγοῦς</span> <span class='ocrx_word' id='word_1_539' title='bbox 1751 1577 1840 1603; x_wconf 78' lang='grc' dir='ltr'>αὑτοῦ</span> 
     </span>
    </p>
   </div>
   <div class='ocr_carea' id='block_1_80' title="bbox 1042 1614 1839 1655">
    <p class='ocr_par' dir='ltr' id='par_1_80' title="bbox 1042 1614 1839 1655">
     <span class='ocr_line' id='line_1_80' title="bbox 1042 1614 1839 1655; baseline 0.013 -16"><span class='ocrx_word' id='word_1_540' title='bbox 1042 1615 1180 1649; x_wconf 81' lang='grc' dir='ltr'>κτήματος</span> <span class='ocrx_word' id='word_1_541' title='bbox 1192 1614 1312 1651; x_wconf 72' lang='grc' dir='ltr'>ὄλεθρος,</span> <span class='ocrx_word' id='word_1_542' title='bbox 1325 1616 1339 1641; x_wconf 82' lang='grc' dir='ltr'><strong>ὃ</strong></span> <span class='ocrx_word' id='word_1_543' title='bbox 1354 1616 1403 1651; x_wconf 85' lang='grc' dir='ltr'>τῆς</span> <span class='ocrx_word' id='word_1_544' title='bbox 1415 1617 1543 1653; x_wconf 85' lang='grc' dir='ltr'>δαίμονος</span> <span class='ocrx_word' id='word_1_545' title='bbox 1570 1620 1693 1655; x_wconf 77' lang='grc' dir='ltr'>ὑπῆρχεν</span> <span class='ocrx_word' id='word_1_546' title='bbox 1727 1622 1839 1648; x_wconf 80' lang='grc' dir='ltr'>ἐπώνυ-</span> 
     </span>
    </p>
   </div>
   <div class='ocr_carea' id='block_1_81' title="bbox 1043 1659 1839 1701">
    <p class='ocr_par' dir='ltr' id='par_1_81' title="bbox 1043 1659 1839 1701">
     <span class='ocr_line' id='line_1_81' title="bbox 1043 1659 1839 1701; baseline 0.013 -17"><span class='ocrx_word' id='word_1_547' title='bbox 1043 1668 1102 1694; x_wconf 80' lang='grc' dir='ltr'>μον,</span> <span class='ocrx_word' id='word_1_548' title='bbox 1119 1659 1230 1688; x_wconf 78' lang='grc' dir='ltr'>καὶτῶν</span> <span class='ocrx_word' id='word_1_549' title='bbox 1246 1661 1377 1697; x_wconf 84' lang='grc' dir='ltr'>μυσαρῶν</span> <span class='ocrx_word' id='word_1_550' title='bbox 1393 1663 1477 1699; x_wconf 78' lang='grc' dir='ltr'>αὐτῆς</span> <span class='ocrx_word' id='word_1_551' title='bbox 1487 1664 1604 1691; x_wconf 78' lang='grc' dir='ltr'>τελετῶν</span> <span class='ocrx_word' id='word_1_552' title='bbox 1618 1667 1716 1701; x_wconf 57' lang='grc' dir='ltr'>μιαρὸν</span> <span class='ocrx_word' id='word_1_553' title='bbox 1734 1668 1839 1694; x_wconf 83' lang='grc' dir='ltr'>ἐνδιαί-</span> 
     </span>
    </p>
   </div>
   <div class='ocr_carea' id='block_1_82' title="bbox 1040 1706 1839 1748">
    <p class='ocr_par' dir='ltr' id='par_1_82' title="bbox 1040 1706 1839 1748">
     <span class='ocr_line' id='line_1_82' title="bbox 1040 1706 1839 1748; baseline 0.01 -17"><span class='ocrx_word' id='word_1_554' title='bbox 1040 1714 1136 1740; x_wconf 80' lang='grc' dir='ltr'>τημα’</span> <span class='ocrx_word' id='word_1_555' title='bbox 1163 1706 1244 1732; x_wconf 83' lang='grc' dir='ltr'>τοῦτο</span> <span class='ocrx_word' id='word_1_556' title='bbox 1267 1707 1321 1741; x_wconf 87' lang='grc' dir='ltr'><strong>γὰρ</strong></span> <span class='ocrx_word' id='word_1_557' title='bbox 1350 1707 1464 1743; x_wconf 72' lang='grc' dir='ltr'>ψάμμος</span> <span class='ocrx_word' id='word_1_558' title='bbox 1477 1710 1524 1736; x_wconf 73' lang='grc' dir='ltr'><strong>καὶ</strong></span> <span class='ocrx_word' id='word_1_559' title='bbox 1551 1710 1668 1737; x_wconf 82' lang='grc' dir='ltr'>θάλαττα</span> <span class='ocrx_word' id='word_1_560' title='bbox 1685 1713 1839 1748; x_wconf 82' lang='grc' dir='ltr'>μαρτύρων</span> 
     </span>
    </p>
   </div>
   <div class='ocr_carea' id='block_1_83' title="bbox 1040 1751 1839 1793">
    <p class='ocr_par' dir='ltr' id='par_1_83' title="bbox 1040 1751 1839 1793">
     <span class='ocr_line' id='line_1_83' title="bbox 1040 1751 1839 1793; baseline 0.011 -17"><span class='ocrx_word' id='word_1_561' title='bbox 1040 1751 1203 1786; x_wconf 76' lang='grc' dir='ltr'>ἐμερίσαντο</span> <span class='ocrx_word' id='word_1_562' title='bbox 1217 1752 1331 1786; x_wconf 82' lang='grc' dir='ltr'>νεύματι</span> <span class='ocrx_word' id='word_1_563' title='bbox 1350 1761 1356 1768; x_wconf 90' lang='grc'>·</span> <span class='ocrx_word' id='word_1_564' title='bbox 1387 1754 1480 1781; x_wconf 78' lang='grc' dir='ltr'>καὶτὸ</span> <span class='ocrx_word' id='word_1_565' title='bbox 1501 1755 1550 1789; x_wconf 77' lang='grc' dir='ltr'><strong>μὲν</strong></span> <span class='ocrx_word' id='word_1_566' title='bbox 1579 1757 1662 1783; x_wconf 79' lang='grc' dir='ltr'>αὑτοῦ</span> <span class='ocrx_word' id='word_1_567' title='bbox 1679 1758 1839 1793; x_wconf 71' lang='grc' dir='ltr'>ψαμμαίοις</span> 
     </span>
    </p>
   </div>
   <div class='ocr_carea' id='block_1_84' title="bbox 1040 1797 1839 1837">
    <p class='ocr_par' dir='ltr' id='par_1_84' title="bbox 1040 1797 1839 1837">
     <span class='ocr_line' id='line_1_84' title="bbox 1040 1797 1839 1837; baseline 0.011 -15"><span class='ocrx_word' id='word_1_568' title='bbox 1040 1798 1114 1823; x_wconf 69' lang='grc' dir='ltr'>ἐστὶν</span> <span class='ocrx_word' id='word_1_569' title='bbox 1148 1797 1325 1833; x_wconf 78' lang='grc' dir='ltr'>ὑποϐρύχιον,</span> <span class='ocrx_word' id='word_1_570' title='bbox 1354 1799 1385 1825; x_wconf 83' lang='grc' dir='ltr'>τὸ</span> <span class='ocrx_word' id='word_1_571' title='bbox 1414 1799 1441 1825; x_wconf 86' lang='grc' dir='ltr'><strong>δέ</strong></span> <span class='ocrx_word' id='word_1_572' title='bbox 1469 1800 1624 1833; x_wconf 81' lang='grc' dir='ltr'>θαλαττίοις</span> <span class='ocrx_word' id='word_1_573' title='bbox 1638 1804 1839 1837; x_wconf 78' lang='grc' dir='ltr'>περικλύζεται</span> 
     </span>
    </p>
   </div>
   <div class='ocr_carea' id='block_1_85' title="bbox 1040 1841 1838 1882">
    <p class='ocr_par' dir='ltr' id='par_1_85' title="bbox 1040 1841 1838 1882">
     <span class='ocr_line' id='line_1_85' title="bbox 1040 1841 1838 1882; baseline 0.011 -15"><span class='ocrx_word' id='word_1_574' title='bbox 1040 1841 1183 1877; x_wconf 76' lang='grc' dir='ltr'>ῥεύμασιν.</span> <span class='ocrx_word' id='word_1_575' title='bbox 1202 1843 1332 1878; x_wconf 80' lang='grc' dir='ltr'>Πέμπτον</span> <span class='ocrx_word' id='word_1_576' title='bbox 1350 1845 1469 1871; x_wconf 85' lang='grc' dir='ltr'>ἐτελεῖτο</span> <span class='ocrx_word' id='word_1_577' title='bbox 1483 1848 1541 1878; x_wconf 69' lang='grc' dir='ltr'>ταῖς</span> <span class='ocrx_word' id='word_1_578' title='bbox 1568 1847 1713 1882; x_wconf 82' lang='grc' dir='ltr'>μάρτυσιν,</span> <span class='ocrx_word' id='word_1_579' title='bbox 1728 1849 1760 1875; x_wconf 83' lang='grc' dir='ltr'>τὺ</span> <span class='ocrx_word' id='word_1_580' title='bbox 1787 1851 1838 1876; x_wconf 74' lang='grc' dir='ltr'><strong>καὶ</strong></span> 
     </span>
    </p>
   </div>
   <div class='ocr_carea' id='block_1_86' title="bbox 1039 1887 1837 1927">
    <p class='ocr_par' dir='ltr' id='par_1_86' title="bbox 1039 1887 1837 1927">
     <span class='ocr_line' id='line_1_86' title="bbox 1039 1887 1837 1927; baseline 0.01 -14"><span class='ocrx_word' id='word_1_581' title='bbox 1039 1887 1085 1914; x_wconf 85' lang='grc' dir='ltr'>νῦν</span> <span class='ocrx_word' id='word_1_582' title='bbox 1105 1888 1266 1923; x_wconf 78' lang='grc' dir='ltr'>παραδόξως</span> <span class='ocrx_word' id='word_1_583' title='bbox 1277 1889 1451 1924; x_wconf 82' lang='grc' dir='ltr'>τελούμενον,</span> <span class='ocrx_word' id='word_1_584' title='bbox 1463 1892 1511 1918; x_wconf 76' lang='grc' dir='ltr'><strong>καὶ</strong></span> <span class='ocrx_word' id='word_1_585' title='bbox 1522 1892 1576 1927; x_wconf 80' lang='grc' dir='ltr'><strong>πρὸ</strong></span> <span class='ocrx_word' id='word_1_586' title='bbox 1595 1894 1644 1927; x_wconf 82' lang='grc' dir='ltr'>τῆς</span> <span class='ocrx_word' id='word_1_587' title='bbox 1660 1893 1706 1919; x_wconf 78' lang='grc' dir='ltr'>τοῦ</span> <span class='ocrx_word' id='word_1_588' title='bbox 1732 1896 1837 1927; x_wconf 67' lang='grc' dir='ltr'>παντὸς</span> 
     </span>
    </p>
   </div>
   <div class='ocr_carea' id='block_1_87' title="bbox 1039 1934 1837 1971">
    <p class='ocr_par' dir='ltr' id='par_1_87' title="bbox 1039 1934 1837 1971">
     <span class='ocr_line' id='line_1_87' title="bbox 1039 1934 1837 1971; baseline 0.01 -12"><span class='ocrx_word' id='word_1_589' title='bbox 1039 1934 1194 1966; x_wconf 86' lang='grc' dir='ltr'>συντελείας</span> <span class='ocrx_word' id='word_1_590' title='bbox 1209 1935 1239 1961; x_wconf 88' lang='grc' dir='ltr'><strong>οὑ</strong></span> <span class='ocrx_word' id='word_1_591' title='bbox 1256 1936 1481 1971; x_wconf 79' lang='grc' dir='ltr'>συντελούμενον,</span> <span class='ocrx_word' id='word_1_592' title='bbox 1500 1938 1514 1964; x_wconf 83' lang='grc' dir='ltr'>ὃ</span> <span class='ocrx_word' id='word_1_593' title='bbox 1527 1939 1575 1964; x_wconf 82' lang='grc' dir='ltr'>καὶ</span> <span class='ocrx_word' id='word_1_594' title='bbox 1589 1939 1690 1970; x_wconf 77' lang='grc' dir='ltr'>πάντες</span> <span class='ocrx_word' id='word_1_595' title='bbox 1708 1940 1801 1967; x_wconf 80' lang='grc' dir='ltr'>ἴσασιν</span> <span class='ocrx_word' id='word_1_596' title='bbox 1810 1943 1837 1968; x_wconf 74' lang='grc' dir='ltr'><strong>οἱ</strong></span> 
     </span>
    </p>
   </div>
   <div class='ocr_carea' id='block_1_88' title="bbox 1038 1980 1838 2019">
    <p class='ocr_par' dir='ltr' id='par_1_88' title="bbox 1038 1980 1838 2019">
     <span class='ocr_line' id='line_1_88' title="bbox 1038 1980 1838 2019; baseline 0.009 -14"><span class='ocrx_word' id='word_1_597' title='bbox 1038 1980 1169 2011; x_wconf 73' lang='grc' dir='ltr'>καὶτοὺς</span> <span class='ocrx_word' id='word_1_598' title='bbox 1200 1981 1344 2017; x_wconf 70' lang='grc' dir='ltr'>μάρτυρας</span> <span class='ocrx_word' id='word_1_599' title='bbox 1371 1982 1562 2017; x_wconf 76' lang='grc' dir='ltr'>ἐπιστάμενοι,</span> <span class='ocrx_word' id='word_1_600' title='bbox 1591 1985 1638 2010; x_wconf 81' lang='grc' dir='ltr'>καὶ</span> <span class='ocrx_word' id='word_1_601' title='bbox 1669 1985 1719 2019; x_wconf 87' lang='grc' dir='ltr'>τῆς</span> <span class='ocrx_word' id='word_1_602' title='bbox 1742 1986 1838 2012; x_wconf 77' lang='grc' dir='ltr'>αὐτῶν</span> 
     </span>
    </p>
   </div>
   <div class='ocr_carea' id='block_1_89' title="bbox 1037 2026 1836 2064">
    <p class='ocr_par' dir='ltr' id='par_1_89' title="bbox 1037 2026 1836 2064">
     <span class='ocr_line' id='line_1_89' title="bbox 1037 2026 1836 2064; baseline 0.008 -12"><span class='ocrx_word' id='word_1_603' title='bbox 1037 2026 1220 2058; x_wconf 74' lang='grc' dir='ltr'>ἀπολαύοντες</span> <span class='ocrx_word' id='word_1_604' title='bbox 1229 2027 1350 2063; x_wconf 78' lang='grc' dir='ltr'>χάριτος,</span> <span class='ocrx_word' id='word_1_605' title='bbox 1369 2028 1426 2054; x_wconf 84' lang='grc' dir='ltr'>ὅσοι</span> <span class='ocrx_word' id='word_1_606' title='bbox 1439 2029 1486 2055; x_wconf 79' lang='grc' dir='ltr'>καὶ</span> <span class='ocrx_word' id='word_1_607' title='bbox 1501 2029 1531 2055; x_wconf 86' lang='grc' dir='ltr'><strong>τὸ</strong></span> <span class='ocrx_word' id='word_1_608' title='bbox 1541 2029 1654 2064; x_wconf 81' lang='grc' dir='ltr'>τέμενος</span> <span class='ocrx_word' id='word_1_609' title='bbox 1671 2030 1836 2064; x_wconf 83' lang='grc' dir='ltr'>ἐθεάσαντο,</span> 
     </span>
    </p>
   </div>
   <div class='ocr_carea' id='block_1_90' title="bbox 1036 2073 1836 2110">
    <p class='ocr_par' dir='ltr' id='par_1_90' title="bbox 1036 2073 1836 2110">
     <span class='ocr_line' id='line_1_90' title="bbox 1036 2073 1836 2110; baseline 0.008 -12"><span class='ocrx_word' id='word_1_610' title='bbox 1036 2073 1083 2099; x_wconf 74' lang='grc' dir='ltr'><strong>καὶ</strong></span> <span class='ocrx_word' id='word_1_611' title='bbox 1096 2073 1146 2108; x_wconf 84' lang='grc' dir='ltr'>τὴν</span> <span class='ocrx_word' id='word_1_612' title='bbox 1162 2074 1241 2108; x_wconf 84' lang='grc' dir='ltr'>σορὸν</span> <span class='ocrx_word' id='word_1_613' title='bbox 1268 2074 1360 2100; x_wconf 81' lang='grc' dir='ltr'>αὐτῶν</span> <span class='ocrx_word' id='word_1_614' title='bbox 1375 2074 1536 2109; x_wconf 77' lang='grc' dir='ltr'>ἠσπάσαντο</span> <span class='ocrx_word' id='word_1_615' title='bbox 1561 2076 1611 2110; x_wconf 84' lang='grc' dir='ltr'><strong>τὴν</strong></span> <span class='ocrx_word' id='word_1_616' title='bbox 1636 2076 1808 2104; x_wconf 75' lang='grc' dir='ltr'>’πολύευκτον</span> <span class='ocrx_word' id='word_1_617' title='bbox 1827 2086 1836 2093; x_wconf 78' lang='grc' dir='ltr'><strong>ο</strong></span> 
     </span>
    </p>
   </div>
   <div class='ocr_carea' id='block_1_91' title="bbox 1035 2119 1836 2158">
    <p class='ocr_par' dir='ltr' id='par_1_91' title="bbox 1035 2119 1836 2158">
     <span class='ocr_line' id='line_1_91' title="bbox 1035 2119 1836 2158; baseline 0.007 -14"><span class='ocrx_word' id='word_1_618' title='bbox 1035 2119 1109 2145; x_wconf 81' lang='grc' dir='ltr'>ἔστιν</span> <span class='ocrx_word' id='word_1_619' title='bbox 1125 2119 1153 2145; x_wconf 87' lang='grc' dir='ltr'>δὲ</span> <span class='ocrx_word' id='word_1_620' title='bbox 1169 2119 1257 2145; x_wconf 81' lang='grc' dir='ltr'>καὶτὸ</span> <span class='ocrx_word' id='word_1_621' title='bbox 1268 2120 1424 2154; x_wconf 80' lang='grc' dir='ltr'>τεράστιον,</span> <span class='ocrx_word' id='word_1_622' title='bbox 1442 2120 1496 2146; x_wconf 88' lang='grc' dir='ltr'><strong>τῶν</strong></span> <span class='ocrx_word' id='word_1_623' title='bbox 1505 2121 1592 2155; x_wconf 79' lang='grc' dir='ltr'>ἁγίων</span> <span class='ocrx_word' id='word_1_624' title='bbox 1603 2122 1633 2148; x_wconf 78' lang='grc' dir='ltr'><strong>τὸ</strong></span> <span class='ocrx_word' id='word_1_625' title='bbox 1646 2123 1761 2158; x_wconf 76' lang='grc' dir='ltr'>τέμενος</span> <span class='ocrx_word' id='word_1_626' title='bbox 1775 2133 1836 2150; x_wconf 83' lang='grc' dir='ltr'>πα-</span> 
     </span>
    </p>
   </div>
   <div class='ocr_carea' id='block_1_92' title="bbox 1038 2165 1838 2203">
    <p class='ocr_par' dir='ltr' id='par_1_92' title="bbox 1038 2165 1838 2203">
     <span class='ocr_line' id='line_1_92' title="bbox 1038 2165 1838 2203; baseline 0.008 -13"><span class='ocrx_word' id='word_1_627' title='bbox 1038 2165 1156 2200; x_wconf 81' lang='grc' dir='ltr'>ραδόξως</span> <span class='ocrx_word' id='word_1_628' title='bbox 1178 2165 1320 2199; x_wconf 84' lang='grc' dir='ltr'>ἱστάμενον</span> <span class='ocrx_word' id='word_1_629' title='bbox 1348 2166 1396 2192; x_wconf 76' lang='grc' dir='ltr'>καὶ</span> <span class='ocrx_word' id='word_1_630' title='bbox 1422 2166 1527 2198; x_wconf 80' lang='grc' dir='ltr'>πάντας</span> <span class='ocrx_word' id='word_1_631' title='bbox 1542 2168 1695 2203; x_wconf 78' lang='grc' dir='ltr'>ἐκπλῆττον</span> <span class='ocrx_word' id='word_1_632' title='bbox 1710 2169 1750 2203; x_wconf 85' lang='grc' dir='ltr'><strong>τῷ</strong></span> <span class='ocrx_word' id='word_1_633' title='bbox 1765 2169 1838 2197; x_wconf 83' lang='grc' dir='ltr'>θαύ-</span> 
     </span>
    </p>
   </div>
   <div class='ocr_carea' id='block_1_93' title="bbox 185 2208 1186 2251">
    <p class='ocr_par' dir='ltr' id='par_1_93' title="bbox 185 2208 1186 2250">
     <span class='ocr_line' id='line_1_93' title="bbox 185 2208 1186 2250; baseline 0.008 -15"><span class='ocrx_word' id='word_1_634' title='bbox 185 2208 368 2235; x_wconf 86' lang='lat' dir='ltr'><strong>admiratione</strong></span> <span class='ocrx_word' id='word_1_635' title='bbox 384 2209 535 2242; x_wconf 90' lang='lat' dir='ltr'><strong>percellens</strong></span> <span class='ocrx_word' id='word_1_636' title='bbox 551 2218 558 2236; x_wconf 92' lang='lat'>:</span> <span class='ocrx_word' id='word_1_637' title='bbox 575 2217 658 2245; x_wconf 89' lang='lat' dir='ltr'><strong>supra</strong></span> <span class='ocrx_word' id='word_1_638' title='bbox 671 2212 729 2246; x_wconf 85' lang='lat' dir='ltr'><strong>ripa</strong></span> <span class='ocrx_word' id='word_1_639' title='bbox 740 2213 813 2239; x_wconf 89' lang='lat' dir='ltr'><strong>enim</strong></span> <span class='ocrx_word' id='word_1_640' title='bbox 828 2221 883 2240; x_wconf 91' lang='lat' dir='ltr'><strong>non</strong></span> <span class='ocrx_word' id='word_1_641' title='bbox 898 2215 982 2241; x_wconf 86' lang='lat' dir='ltr'><strong>altam</strong></span> <span class='ocrx_word' id='word_1_642' title='bbox 1000 2223 1022 2250; x_wconf 80' lang='grc' dir='ltr'><strong>ι)</strong></span> <span class='ocrx_word' id='word_1_643' title='bbox 1036 2220 1113 2245; x_wconf 82' lang='grc' dir='ltr'>ματι-</span> <span class='ocrx_word' id='word_1_644' title='bbox 1132 2211 1186 2237; x_wconf 66' lang='grc' dir='ltr'><strong>Ἐπ“</strong></span> 
     </span>
    </p>
   </div>
   <div class='ocr_carea' id='block_1_94' title="bbox 1042 2208 1837 2251">
    <p class='ocr_par' dir='ltr' id='par_1_94' title="bbox 1042 2211 1837 2251">
     <span class='ocr_line' id='line_1_94' title="bbox 1042 2211 1837 2251; baseline 0.006 -14"><span class='ocrx_word' id='word_1_645' title='bbox 1042 2220 1113 2245; x_wconf 54' lang='grc' dir='ltr'>αατι,</span> <span class='ocrx_word' id='word_1_646' title='bbox 1132 2211 1191 2237; x_wconf 82' lang='grc' dir='ltr'><strong>Ἐπ’</strong></span> <span class='ocrx_word' id='word_1_647' title='bbox 1203 2211 1291 2245; x_wconf 76' lang='grc' dir='ltr'>ἠϊόνος</span> <span class='ocrx_word' id='word_1_648' title='bbox 1299 2211 1352 2246; x_wconf 64' lang='grc' dir='ltr'>γὰρ</span> <span class='ocrx_word' id='word_1_649' title='bbox 1361 2212 1409 2246; x_wconf 84' lang='grc' dir='ltr'>οὐχ</span> <span class='ocrx_word' id='word_1_650' title='bbox 1425 2212 1530 2248; x_wconf 69' lang='grc' dir='ltr'>ὑψηλῆς</span> <span class='ocrx_word' id='word_1_651' title='bbox 1541 2214 1602 2240; x_wconf 78' lang='grc' dir='ltr'>οὑδὲ</span> <span class='ocrx_word' id='word_1_652' title='bbox 1615 2214 1750 2250; x_wconf 80' lang='grc' dir='ltr'>σταθερᾶς</span> <span class='ocrx_word' id='word_1_653' title='bbox 1760 2215 1837 2251; x_wconf 83' lang='grc' dir='ltr'>ᾠκο-</span> 
     </span>
    </p>
   </div>
   <div class='ocr_carea' id='block_1_95' title="bbox 184 2253 983 2288">
    <p class='ocr_par' dir='ltr' id='par_1_95' title="bbox 184 2253 983 2288">
     <span class='ocr_line' id='line_1_95' title="bbox 184 2253 983 2288; baseline 0.006 -8"><span class='ocrx_word' id='word_1_654' title='bbox 184 2261 236 2280; x_wconf 75' lang='lat' dir='ltr'><strong>ncc</strong></span> <span class='ocrx_word' id='word_1_655' title='bbox 257 2253 362 2279; x_wconf 88' lang='lat' dir='ltr'><strong>lirrnam</strong></span> <span class='ocrx_word' id='word_1_656' title='bbox 387 2253 553 2280; x_wconf 66' lang='lat' dir='ltr'><strong>aedificatum</strong></span> <span class='ocrx_word' id='word_1_657' title='bbox 578 2259 631 2288; x_wconf 81' lang='lat' dir='ltr'><strong>est,</strong></span> <span class='ocrx_word' id='word_1_658' title='bbox 647 2260 674 2282; x_wconf 91' lang='lat' dir='ltr'><strong>et</strong></span> <span class='ocrx_word' id='word_1_659' title='bbox 697 2256 817 2283; x_wconf 80' lang='lat' dir='ltr'><strong>taedium</strong></span> <span class='ocrx_word' id='word_1_660' title='bbox 843 2262 885 2285; x_wconf 86' lang='lat' dir='ltr'><strong>est</strong></span> <span class='ocrx_word' id='word_1_661' title='bbox 911 2258 983 2286; x_wconf 92' lang='lat' dir='ltr'><strong>inter</strong></span> 
     </span>
    </p>
   </div>
   <div class='ocr_carea' id='block_1_96' title="bbox 185 2299 981 2338">
    <p class='ocr_par' dir='ltr' id='par_1_96' title="bbox 185 2299 981 2338">
     <span class='ocr_line' id='line_1_96' title="bbox 185 2299 981 2338; baseline 0.008 -13"><span class='ocrx_word' id='word_1_662' title='bbox 185 2306 299 2326; x_wconf 86' lang='lat' dir='ltr'><strong>arenam</strong></span> <span class='ocrx_word' id='word_1_663' title='bbox 315 2302 342 2325; x_wconf 87' lang='lat' dir='ltr'><strong>et</strong></span> <span class='ocrx_word' id='word_1_664' title='bbox 358 2299 469 2332; x_wconf 84' lang='lat' dir='ltr'><strong>ﬂuctus,</strong></span> <span class='ocrx_word' id='word_1_665' title='bbox 492 2300 624 2335; x_wconf 85' lang='lat' dir='ltr'><strong>impetum</strong></span> <span class='ocrx_word' id='word_1_666' title='bbox 646 2302 790 2337; x_wconf 85' lang='lat' dir='ltr'><strong>utriusque</strong></span> <span class='ocrx_word' id='word_1_667' title='bbox 804 2303 960 2338; x_wconf 79' lang='lat' dir='ltr'><strong>suscipiens</strong></span> <span class='ocrx_word' id='word_1_668' title='bbox 974 2313 981 2330; x_wconf 87' lang='lat'><strong>:</strong></span> 
     </span>
    </p>
   </div>
   <div class='ocr_carea' id='block_1_97' title="bbox 185 2344 981 2380">
    <p class='ocr_par' dir='ltr' id='par_1_97' title="bbox 185 2344 981 2380">
     <span class='ocr_line' id='line_1_97' title="bbox 185 2344 981 2380; baseline 0.005 -9"><span class='ocrx_word' id='word_1_669' title='bbox 185 2344 219 2371; x_wconf 73' lang='lat' dir='ltr'><strong>ad</strong></span> <span class='ocrx_word' id='word_1_670' title='bbox 228 2344 361 2371; x_wconf 85' lang='lat' dir='ltr'><strong>orientem</strong></span> <span class='ocrx_word' id='word_1_671' title='bbox 376 2345 485 2379; x_wconf 84' lang='lat' dir='ltr'><strong>quidem</strong></span> <span class='ocrx_word' id='word_1_672' title='bbox 497 2345 577 2373; x_wconf 84' lang='lat' dir='ltr'><strong>habet</strong></span> <span class='ocrx_word' id='word_1_673' title='bbox 589 2347 705 2374; x_wconf 71' lang='lat' dir='ltr'><strong>sazvicns</strong></span> <span class='ocrx_word' id='word_1_674' title='bbox 724 2355 809 2380; x_wconf 87' lang='lat' dir='ltr'><strong>mare,</strong></span> <span class='ocrx_word' id='word_1_675' title='bbox 822 2352 848 2375; x_wconf 93' lang='lat' dir='ltr'><strong>et</strong></span> <span class='ocrx_word' id='word_1_676' title='bbox 870 2356 981 2375; x_wconf 89' lang='lat' dir='ltr'><strong>arenam</strong></span> 
     </span>
    </p>
   </div>
   <div class='ocr_carea' id='block_1_98' title="bbox 185 2392 983 2425">
    <p class='ocr_par' dir='ltr' id='par_1_98' title="bbox 185 2392 983 2425">
     <span class='ocr_line' id='line_1_98' title="bbox 185 2392 983 2425; baseline 0.008 -10"><span class='ocrx_word' id='word_1_677' title='bbox 185 2394 330 2417; x_wconf 76' lang='lat' dir='ltr'><strong>vexantem</strong></span> <span class='ocrx_word' id='word_1_678' title='bbox 346 2394 373 2417; x_wconf 87' lang='lat' dir='ltr'><strong>el</strong></span> <span class='ocrx_word' id='word_1_679' title='bbox 398 2392 656 2425; x_wconf 80' lang='lat' dir='ltr'><strong>supervenientem;</strong></span> <span class='ocrx_word' id='word_1_680' title='bbox 677 2393 710 2419; x_wconf 89' lang='lat' dir='ltr'><strong>ad</strong></span> <span class='ocrx_word' id='word_1_681' title='bbox 728 2394 902 2420; x_wconf 76' lang='lat' dir='ltr'><strong>occidentem</strong></span> <span class='ocrx_word' id='word_1_682' title='bbox 919 2402 983 2421; x_wconf 89' lang='lat' dir='ltr'><strong>vero</strong></span> 
     </span>
    </p>
   </div>
   <div class='ocr_carea' id='block_1_99' title="bbox 186 2436 982 2471">
    <p class='ocr_par' dir='ltr' id='par_1_99' title="bbox 186 2436 982 2471">
     <span class='ocr_line' id='line_1_99' title="bbox 186 2436 982 2471; baseline 0.005 -8"><span class='ocrx_word' id='word_1_683' title='bbox 186 2436 283 2468; x_wconf 86' lang='lat' dir='ltr'><strong>solem,</strong></span> <span class='ocrx_word' id='word_1_684' title='bbox 310 2444 400 2464; x_wconf 65' lang='lat' dir='ltr'><strong>arenae</strong></span> <span class='ocrx_word' id='word_1_685' title='bbox 427 2439 570 2471; x_wconf 87' lang='lat' dir='ltr'><strong>scopulum</strong></span> <span class='ocrx_word' id='word_1_686' title='bbox 597 2439 735 2466; x_wconf 80' lang='lat' dir='ltr'><strong>hostiliter</strong></span> <span class='ocrx_word' id='word_1_687' title='bbox 764 2446 861 2466; x_wconf 83' lang='lat' dir='ltr'><strong>contra</strong></span> <span class='ocrx_word' id='word_1_688' title='bbox 883 2440 982 2468; x_wconf 84' lang='lat' dir='ltr'><strong>ﬂuctus</strong></span> 
     </span>
    </p>
   </div>
   <div class='ocr_carea' id='block_1_100' title="bbox 186 2481 982 2518">
    <p class='ocr_par' dir='ltr' id='par_1_100' title="bbox 186 2481 982 2518">
     <span class='ocr_line' id='line_1_100' title="bbox 186 2481 982 2518; baseline 0.006 -11"><span class='ocrx_word' id='word_1_689' title='bbox 186 2481 363 2512; x_wconf 81' lang='lat' dir='ltr'><strong>insilientem,</strong></span> <span class='ocrx_word' id='word_1_690' title='bbox 380 2486 405 2508; x_wconf 83' lang='lat' dir='ltr'><strong>et</strong></span> <span class='ocrx_word' id='word_1_691' title='bbox 423 2487 523 2509; x_wconf 71' lang='lat' dir='ltr'><strong>terram</strong></span> <span class='ocrx_word' id='word_1_692' title='bbox 542 2483 681 2509; x_wconf 73' lang='lat' dir='ltr'><strong>humidam</strong></span> <span class='ocrx_word' id='word_1_693' title='bbox 702 2489 908 2518; x_wconf 73' lang='lat' dir='ltr'><strong>perurgentem.</strong></span> <span class='ocrx_word' id='word_1_694' title='bbox 928 2484 982 2512; x_wconf 85' lang='lat' dir='ltr'><strong>Sed</strong></span> 
     </span>
    </p>
   </div>
   <div class='ocr_carea' id='block_1_101' title="bbox 187 2530 983 2567">
    <p class='ocr_par' dir='ltr' id='par_1_101' title="bbox 187 2530 983 2567">
     <span class='ocr_line' id='line_1_101' title="bbox 187 2530 983 2567; baseline 0.006 -12"><span class='ocrx_word' id='word_1_695' title='bbox 187 2537 276 2563; x_wconf 75' lang='lat' dir='ltr'><strong>neque</strong></span> <span class='ocrx_word' id='word_1_696' title='bbox 303 2538 403 2564; x_wconf 82' lang='lat' dir='ltr'><strong>aquam</strong></span> <span class='ocrx_word' id='word_1_697' title='bbox 428 2530 541 2556; x_wconf 84' lang='lat' dir='ltr'><strong>dimittit</strong></span> <span class='ocrx_word' id='word_1_698' title='bbox 561 2539 623 2556; x_wconf 81' lang='lat' dir='ltr'><strong>cum</strong></span> <span class='ocrx_word' id='word_1_699' title='bbox 643 2539 725 2557; x_wconf 60' lang='lat' dir='ltr'><strong>art-ua</strong></span> <span class='ocrx_word' id='word_1_700' title='bbox 742 2532 876 2565; x_wconf 85' lang='lat' dir='ltr'><strong>copulari,</strong></span> <span class='ocrx_word' id='word_1_701' title='bbox 893 2540 983 2567; x_wconf 80' lang='lat' dir='ltr'><strong>neque</strong></span> 
     </span>
    </p>
   </div>
   <div class='ocr_carea' id='block_1_102' title="bbox 187 2575 982 2610">
    <p class='ocr_par' dir='ltr' id='par_1_102' title="bbox 187 2575 982 2610">
     <span class='ocr_line' id='line_1_102' title="bbox 187 2575 982 2610; baseline 0.005 -10"><span class='ocrx_word' id='word_1_702' title='bbox 187 2582 301 2601; x_wconf 86' lang='lat' dir='ltr'><strong>arenam</strong></span> <span class='ocrx_word' id='word_1_703' title='bbox 329 2584 389 2601; x_wconf 79' lang='lat' dir='ltr'><strong>cum</strong></span> <span class='ocrx_word' id='word_1_704' title='bbox 407 2576 484 2608; x_wconf 77' lang='lat' dir='ltr'><strong>aquis</strong></span> <span class='ocrx_word' id='word_1_705' title='bbox 511 2575 631 2607; x_wconf 70' lang='lat' dir='ltr'><strong>misceri,</strong></span> <span class='ocrx_word' id='word_1_706' title='bbox 655 2576 832 2609; x_wconf 82' lang='lat' dir='ltr'><strong>interpositus</strong></span> <span class='ocrx_word' id='word_1_707' title='bbox 848 2577 982 2610; x_wconf 87' lang='lat' dir='ltr'><strong>quodam-</strong></span> 
     </span>
    </p>
   </div>
   <div class='ocr_carea' id='block_1_103' title="bbox 188 2621 982 2655">
    <p class='ocr_par' dir='ltr' id='par_1_103' title="bbox 188 2621 982 2655">
     <span class='ocr_line' id='line_1_103' title="bbox 188 2621 982 2655; baseline 0.006 -9"><span class='ocrx_word' id='word_1_708' title='bbox 188 2621 270 2647; x_wconf 81' lang='lat' dir='ltr'><strong>inodo</strong></span> <span class='ocrx_word' id='word_1_709' title='bbox 288 2622 422 2647; x_wconf 81' lang='lat' dir='ltr'><strong>teiminus</strong></span> <span class='ocrx_word' id='word_1_710' title='bbox 440 2622 585 2655; x_wconf 76' lang='lat' dir='ltr'><strong>utrius-pic</strong></span> <span class='ocrx_word' id='word_1_711' title='bbox 602 2629 748 2655; x_wconf 69' lang='lat' dir='ltr'><strong>:Ipptll‘uns,</strong></span> <span class='ocrx_word' id='word_1_712' title='bbox 768 2627 793 2648; x_wconf 83' lang='lat' dir='ltr'><strong>et</strong></span> <span class='ocrx_word' id='word_1_713' title='bbox 816 2622 923 2650; x_wconf 73' lang='lat' dir='ltr'><strong>[renum</strong></span> <span class='ocrx_word' id='word_1_714' title='bbox 941 2624 982 2651; x_wconf 86' lang='lat' dir='ltr'><strong>eis</strong></span> 
     </span>
    </p>
   </div>
   <div class='ocr_carea' id='block_1_104' title="bbox 188 2667 980 2701">
    <p class='ocr_par' dir='ltr' id='par_1_104' title="bbox 188 2667 980 2701">
     <span class='ocr_line' id='line_1_104' title="bbox 188 2667 980 2701; baseline 0.005 -9"><span class='ocrx_word' id='word_1_715' title='bbox 188 2667 332 2700; x_wconf 81' lang='lat' dir='ltr'><strong>proprium</strong></span> <span class='ocrx_word' id='word_1_716' title='bbox 351 2667 560 2693; x_wconf 80' lang='lat' dir='ltr'><strong>l&#39;umlamcnlutn</strong></span> <span class='ocrx_word' id='word_1_717' title='bbox 578 2669 752 2701; x_wconf 59' lang='lat' dir='ltr'><strong>prolvndetts.</strong></span> <span class='ocrx_word' id='word_1_718' title='bbox 764 2667 792 2694; x_wconf 81' lang='lat' dir='ltr'><strong>In</strong></span> <span class='ocrx_word' id='word_1_719' title='bbox 808 2669 980 2696; x_wconf 89' lang='lat' dir='ltr'><strong>altitudinem</strong></span> 
     </span>
    </p>
   </div>
   <div class='ocr_carea' id='block_1_105' title="bbox 292 2714 980 2748">
    <p class='ocr_par' dir='ltr' id='par_1_105' title="bbox 292 2714 980 2748">
     <span class='ocr_line' id='line_1_105' title="bbox 292 2714 980 2748; baseline 0.004 -9"><span class='ocrx_word' id='word_1_720' title='bbox 292 2714 406 2739; x_wconf 81' lang='lat' dir='ltr'><strong>&#39;Itultant</strong></span> <span class='ocrx_word' id='word_1_721' title='bbox 419 2714 543 2747; x_wconf 59' lang='lat' dir='ltr'><strong>erigitur,</strong></span> <span class='ocrx_word' id='word_1_722' title='bbox 561 2719 586 2741; x_wconf 84' lang='lat' dir='ltr'><strong>ct</strong></span> <span class='ocrx_word' id='word_1_723' title='bbox 601 2715 694 2740; x_wconf 75' lang='lat' dir='ltr'><strong>:rthrri</strong></span> <span class='ocrx_word' id='word_1_724' title='bbox 708 2718 809 2741; x_wconf 88' lang='lat' dir='ltr'><strong>tecttun</strong></span> <span class='ocrx_word' id='word_1_725' title='bbox 822 2715 980 2748; x_wconf 86' lang='lat' dir='ltr'><strong>connectit;</strong></span> 
     </span>
    </p>
   </div>
   <div class='ocr_carea' id='block_1_106' title="bbox 345 2758 980 2793">
    <p class='ocr_par' dir='ltr' id='par_1_106' title="bbox 345 2758 980 2793">
     <span class='ocr_line' id='line_1_106' title="bbox 345 2758 980 2793; baseline 0.006 -9"><span class='ocrx_word' id='word_1_726' title='bbox 345 2758 488 2785; x_wconf 68' lang='lat' dir='ltr'><strong>riderabilc</strong></span> <span class='ocrx_word' id='word_1_727' title='bbox 502 2764 541 2785; x_wconf 59' lang='lat' dir='ltr'><strong>est</strong></span> <span class='ocrx_word' id='word_1_728' title='bbox 559 2760 766 2793; x_wconf 64' lang='lat' dir='ltr'><strong>navigantibus;</strong></span> <span class='ocrx_word' id='word_1_729' title='bbox 778 2768 791 2786; x_wconf 90' lang='lat' dir='ltr'><strong>a</strong></span> <span class='ocrx_word' id='word_1_730' title='bbox 805 2761 898 2788; x_wconf 84' lang='lat' dir='ltr'><strong>multis</strong></span> <span class='ocrx_word' id='word_1_731' title='bbox 908 2761 980 2788; x_wconf 83' lang='lat' dir='ltr'><strong>enim</strong></span> 
     </span>
    </p>
   </div>
   <div class='ocr_carea' id='block_1_107' title="bbox 397 2805 979 2842">
    <p class='ocr_par' dir='ltr' id='par_1_107' title="bbox 397 2805 979 2842">
     <span class='ocr_line' id='line_1_107' title="bbox 397 2805 979 2842; baseline 0.005 -11"><span class='ocrx_word' id='word_1_732' title='bbox 397 2813 449 2839; x_wconf 63' lang='lat'><strong>‘05.</strong></span> <span class='ocrx_word' id='word_1_733' title='bbox 464 2813 511 2832; x_wconf 84' lang='lat' dir='ltr'><strong>eos</strong></span> <span class='ocrx_word' id='word_1_734' title='bbox 527 2806 572 2839; x_wconf 87' lang='lat' dir='ltr'><strong>qui</strong></span> <span class='ocrx_word' id='word_1_735' title='bbox 590 2805 622 2831; x_wconf 82' lang='lat' dir='ltr'><strong>ad</strong></span> <span class='ocrx_word' id='word_1_736' title='bbox 633 2806 826 2833; x_wconf 61' lang='lat' dir='ltr'><strong>Alexandriam</strong></span> <span class='ocrx_word' id='word_1_737' title='bbox 838 2807 979 2842; x_wconf 82' lang='lat' dir='ltr'><strong>navigant,</strong></span> 
     </span>
    </p>
   </div>
   <div class='ocr_carea' id='block_1_108' title="bbox 538 2852 979 2885">
    <p class='ocr_par' dir='ltr' id='par_1_108' title="bbox 538 2852 979 2885">
     <span class='ocr_line' id='line_1_108' title="bbox 538 2852 979 2885; baseline 0.009 -8"><span class='ocrx_word' id='word_1_738' title='bbox 538 2852 757 2885; x_wconf 43' lang='lat' dir='ltr'><strong>:--t.suscipit,ct</strong></span> <span class='ocrx_word' id='word_1_739' title='bbox 771 2852 979 2881; x_wconf 79' lang='lat' dir='ltr'><strong>delectationem</strong></span> 
     </span>
    </p>
   </div>
   <div class='ocr_carea' id='block_1_109' title="bbox 1036 2257 1837 2295">
    <p class='ocr_par' dir='ltr' id='par_1_109' title="bbox 1036 2257 1837 2295">
     <span class='ocr_line' id='line_1_109' title="bbox 1036 2257 1837 2295; baseline 0.007 -13"><span class='ocrx_word' id='word_1_740' title='bbox 1036 2257 1161 2292; x_wconf 86' lang='grc' dir='ltr'>δόμηται,</span> <span class='ocrx_word' id='word_1_741' title='bbox 1175 2257 1222 2283; x_wconf 79' lang='grc' dir='ltr'><strong>καὶ</strong></span> <span class='ocrx_word' id='word_1_742' title='bbox 1236 2257 1373 2291; x_wconf 84' lang='grc' dir='ltr'>μεσιτεύει</span> <span class='ocrx_word' id='word_1_743' title='bbox 1384 2258 1490 2293; x_wconf 78' lang='grc' dir='ltr'>ψάμμῳ</span> <span class='ocrx_word' id='word_1_744' title='bbox 1505 2259 1551 2286; x_wconf 78' lang='grc' dir='ltr'><strong>καὶ</strong></span> <span class='ocrx_word' id='word_1_745' title='bbox 1565 2259 1680 2295; x_wconf 82' lang='grc' dir='ltr'>κύμασι,</span> <span class='ocrx_word' id='word_1_746' title='bbox 1698 2261 1747 2292; x_wconf 78' lang='grc' dir='ltr'>τὰς</span> <span class='ocrx_word' id='word_1_747' title='bbox 1766 2262 1837 2288; x_wconf 80' lang='grc' dir='ltr'>ἐκα-</span> 
     </span>
    </p>
   </div>
   <div class='ocr_carea' id='block_1_110' title="bbox 1036 2303 1838 2343">
    <p class='ocr_par' dir='ltr' id='par_1_110' title="bbox 1036 2303 1838 2343">
     <span class='ocr_line' id='line_1_110' title="bbox 1036 2303 1838 2343; baseline 0.009 -15"><span class='ocrx_word' id='word_1_748' title='bbox 1036 2303 1122 2337; x_wconf 81' lang='grc' dir='ltr'>τέρων</span> <span class='ocrx_word' id='word_1_749' title='bbox 1137 2303 1226 2338; x_wconf 79' lang='grc' dir='ltr'>ὁρμὰς</span> <span class='ocrx_word' id='word_1_750' title='bbox 1242 2303 1469 2339; x_wconf 81' lang='grc' dir='ltr'>προσδεχόμενον,</span> <span class='ocrx_word' id='word_1_751' title='bbox 1490 2306 1537 2332; x_wconf 74' lang='grc' dir='ltr'>καὶ</span> <span class='ocrx_word' id='word_1_752' title='bbox 1552 2307 1718 2339; x_wconf 80' lang='grc' dir='ltr'>κατευνάζον</span> <span class='ocrx_word' id='word_1_753' title='bbox 1730 2308 1769 2340; x_wconf 84' lang='grc' dir='ltr'>ὡς</span> <span class='ocrx_word' id='word_1_754' title='bbox 1784 2318 1838 2343; x_wconf 86' lang='grc' dir='ltr'>με-</span> 
     </span>
    </p>
   </div>
   <div class='ocr_carea' id='block_1_111' title="bbox 1037 2347 1838 2388">
    <p class='ocr_par' dir='ltr' id='par_1_111' title="bbox 1037 2347 1838 2388">
     <span class='ocr_line' id='line_1_111' title="bbox 1037 2347 1838 2388; baseline 0.009 -16"><span class='ocrx_word' id='word_1_755' title='bbox 1037 2348 1114 2382; x_wconf 87' lang='grc' dir='ltr'>σίτης</span> <span class='ocrx_word' id='word_1_756' title='bbox 1134 2347 1180 2373; x_wconf 71' lang='grc' dir='ltr'>τὸν</span> <span class='ocrx_word' id='word_1_757' title='bbox 1205 2347 1324 2382; x_wconf 80' lang='grc' dir='ltr'>πόλεμον</span> <span class='ocrx_word' id='word_1_758' title='bbox 1340 2355 1347 2362; x_wconf 88' lang='grc'><strong>·</strong></span> <span class='ocrx_word' id='word_1_759' title='bbox 1366 2349 1432 2384; x_wconf 80' lang='grc' dir='ltr'>πρὸς</span> <span class='ocrx_word' id='word_1_760' title='bbox 1452 2349 1490 2375; x_wconf 77' lang='grc' dir='ltr'>ἓω</span> <span class='ocrx_word' id='word_1_761' title='bbox 1522 2351 1636 2386; x_wconf 80' lang='grc' dir='ltr'>μὲνγὰρ</span> <span class='ocrx_word' id='word_1_762' title='bbox 1653 2352 1710 2386; x_wconf 75' lang='grc' dir='ltr'>ἔχει</span> <span class='ocrx_word' id='word_1_763' title='bbox 1724 2352 1838 2388; x_wconf 72' lang='grc' dir='ltr'>βρυχωσ-</span> 
     </span>
    </p>
   </div>
   <div class='ocr_carea' id='block_1_112' title="bbox 1037 2393 1853 2434">
    <p class='ocr_par' dir='ltr' id='par_1_112' title="bbox 1037 2393 1853 2434">
     <span class='ocr_line' id='line_1_112' title="bbox 1037 2393 1853 2434; baseline 0.011 -16"><span class='ocrx_word' id='word_1_764' title='bbox 1037 2393 1121 2428; x_wconf 79' lang='grc' dir='ltr'>μένην</span> <span class='ocrx_word' id='word_1_765' title='bbox 1149 2394 1199 2428; x_wconf 87' lang='grc' dir='ltr'>τὴν</span> <span class='ocrx_word' id='word_1_766' title='bbox 1229 2393 1378 2426; x_wconf 85' lang='grc' dir='ltr'>Θάλασσαν,</span> <span class='ocrx_word' id='word_1_767' title='bbox 1419 2395 1465 2421; x_wconf 74' lang='grc' dir='ltr'>καὶ</span> <span class='ocrx_word' id='word_1_768' title='bbox 1492 2396 1542 2432; x_wconf 85' lang='grc' dir='ltr'><strong>τὴν</strong></span> <span class='ocrx_word' id='word_1_769' title='bbox 1572 2397 1686 2432; x_wconf 77' lang='grc' dir='ltr'>ψάμμον</span> <span class='ocrx_word' id='word_1_770' title='bbox 1717 2394 1853 2434; x_wconf 46' lang='grc' dir='ltr'>πορθεῖν</span> 
     </span>
    </p>
   </div>
   <div class='ocr_carea' id='block_1_113' title="bbox 1036 2439 1836 2480">
    <p class='ocr_par' dir='ltr' id='par_1_113' title="bbox 1036 2439 1836 2480">
     <span class='ocr_line' id='line_1_113' title="bbox 1036 2439 1836 2480; baseline 0.011 -16"><span class='ocrx_word' id='word_1_771' title='bbox 1036 2439 1185 2465; x_wconf 83' lang='grc' dir='ltr'>ἐπαΐουσαν</span> <span class='ocrx_word' id='word_1_772' title='bbox 1201 2448 1208 2455; x_wconf 92' lang='grc'><strong>·</strong></span> <span class='ocrx_word' id='word_1_773' title='bbox 1232 2440 1299 2474; x_wconf 76' lang='grc' dir='ltr'>πρὸς</span> <span class='ocrx_word' id='word_1_774' title='bbox 1315 2440 1342 2466; x_wconf 77' lang='grc' dir='ltr'><strong>δὲ</strong></span> <span class='ocrx_word' id='word_1_775' title='bbox 1353 2441 1482 2476; x_wconf 84' lang='grc' dir='ltr'>δυόμενον</span> <span class='ocrx_word' id='word_1_776' title='bbox 1492 2442 1580 2477; x_wconf 84' lang='grc' dir='ltr'>ἥλιον,</span> <span class='ocrx_word' id='word_1_777' title='bbox 1593 2444 1644 2478; x_wconf 84' lang='grc' dir='ltr'>τῆς</span> <span class='ocrx_word' id='word_1_778' title='bbox 1658 2444 1776 2480; x_wconf 79' lang='grc' dir='ltr'>ψάμμου</span> <span class='ocrx_word' id='word_1_779' title='bbox 1784 2446 1836 2473; x_wconf 78' lang='grc' dir='ltr'><strong>τὸν</strong></span> 
     </span>
    </p>
   </div>
   <div class='ocr_carea' id='block_1_114' title="bbox 1036 2484 1836 2527">
    <p class='ocr_par' dir='ltr' id='par_1_114' title="bbox 1036 2484 1836 2527">
     <span class='ocr_line' id='line_1_114' title="bbox 1036 2484 1836 2527; baseline 0.013 -18"><span class='ocrx_word' id='word_1_780' title='bbox 1036 2484 1177 2517; x_wconf 83' lang='grc' dir='ltr'>σκόπελον,</span> <span class='ocrx_word' id='word_1_781' title='bbox 1188 2485 1325 2520; x_wconf 80' lang='grc' dir='ltr'>πολεμίως</span> <span class='ocrx_word' id='word_1_782' title='bbox 1334 2487 1496 2522; x_wconf 76' lang='grc' dir='ltr'>ἐφορμῶντα</span> <span class='ocrx_word' id='word_1_783' title='bbox 1504 2490 1559 2520; x_wconf 86' lang='grc' dir='ltr'>τοῖς</span> <span class='ocrx_word' id='word_1_784' title='bbox 1567 2489 1698 2524; x_wconf 83' lang='grc' dir='ltr'>κύμασιν,</span> <span class='ocrx_word' id='word_1_785' title='bbox 1711 2493 1759 2518; x_wconf 75' lang='grc' dir='ltr'><strong>καὶ</strong></span> <span class='ocrx_word' id='word_1_786' title='bbox 1768 2501 1836 2527; x_wconf 79' lang='grc' dir='ltr'>χερ-</span> 
     </span>
    </p>
   </div>
   <div class='ocr_carea' id='block_1_115' title="bbox 1035 2530 1836 2574">
    <p class='ocr_par' dir='ltr' id='par_1_115' title="bbox 1035 2530 1836 2574">
     <span class='ocr_line' id='line_1_115' title="bbox 1035 2530 1836 2574; baseline 0.01 -18"><span class='ocrx_word' id='word_1_787' title='bbox 1035 2530 1100 2556; x_wconf 88' lang='grc' dir='ltr'>σοῠν</span> <span class='ocrx_word' id='word_1_788' title='bbox 1114 2531 1163 2565; x_wconf 85' lang='grc' dir='ltr'>τὴν</span> <span class='ocrx_word' id='word_1_789' title='bbox 1175 2531 1262 2566; x_wconf 77' lang='grc' dir='ltr'>ὑγρὰν</span> <span class='ocrx_word' id='word_1_790' title='bbox 1271 2532 1476 2567; x_wconf 78' lang='grc' dir='ltr'>ἐπεισέρχοντα.</span> <span class='ocrx_word' id='word_1_791' title='bbox 1501 2534 1571 2561; x_wconf 83' lang='grc' dir='ltr'>Ἀλλ’</span> <span class='ocrx_word' id='word_1_792' title='bbox 1589 2535 1651 2562; x_wconf 76' lang='grc' dir='ltr'>οὔτε</span> <span class='ocrx_word' id='word_1_793' title='bbox 1666 2536 1696 2562; x_wconf 81' lang='grc' dir='ltr'><strong>τὸ</strong></span> <span class='ocrx_word' id='word_1_794' title='bbox 1712 2536 1787 2572; x_wconf 86' lang='grc' dir='ltr'>ὓδωρ</span> <span class='ocrx_word' id='word_1_795' title='bbox 1799 2539 1836 2574; x_wconf 84' lang='grc' dir='ltr'>ἐᾷ</span> 
     </span>
    </p>
   </div>
   <div class='ocr_carea' id='block_1_116' title="bbox 1034 2576 1834 2616">
    <p class='ocr_par' dir='ltr' id='par_1_116' title="bbox 1034 2576 1834 2616">
     <span class='ocr_line' id='line_1_116' title="bbox 1034 2576 1834 2616; baseline 0.01 -14"><span class='ocrx_word' id='word_1_796' title='bbox 1034 2578 1068 2611; x_wconf 84' lang='grc' dir='ltr'>τῇ</span> <span class='ocrx_word' id='word_1_797' title='bbox 1084 2576 1190 2612; x_wconf 66' lang='grc' dir='ltr'>ψάμμῳ</span> <span class='ocrx_word' id='word_1_798' title='bbox 1202 2577 1417 2612; x_wconf 78' lang='grc' dir='ltr'>συμπλέκεσθαι,</span> <span class='ocrx_word' id='word_1_799' title='bbox 1432 2579 1495 2606; x_wconf 78' lang='grc' dir='ltr'>οὔτε</span> <span class='ocrx_word' id='word_1_800' title='bbox 1523 2580 1572 2615; x_wconf 82' lang='grc' dir='ltr'>τὴν</span> <span class='ocrx_word' id='word_1_801' title='bbox 1586 2581 1680 2616; x_wconf 75' lang='grc' dir='ltr'>ἄμμον</span> <span class='ocrx_word' id='word_1_802' title='bbox 1691 2584 1749 2614; x_wconf 83' lang='grc' dir='ltr'>τοῖς</span> <span class='ocrx_word' id='word_1_803' title='bbox 1763 2583 1834 2609; x_wconf 60' lang='lat' dir='ltr'><strong>58a.-</strong></span> 
     </span>
    </p>
   </div>
   <div class='ocr_carea' id='block_1_117' title="bbox 1035 2622 1834 2662">
    <p class='ocr_par' dir='ltr' id='par_1_117' title="bbox 1035 2622 1834 2662">
     <span class='ocr_line' id='line_1_117' title="bbox 1035 2622 1834 2662; baseline 0.009 -15"><span class='ocrx_word' id='word_1_804' title='bbox 1035 2631 1078 2648; x_wconf 88' lang='grc' dir='ltr'><strong>σιν</strong></span> <span class='ocrx_word' id='word_1_805' title='bbox 1094 2622 1242 2657; x_wconf 81' lang='grc' dir='ltr'>μίσγεσθαι</span> <span class='ocrx_word' id='word_1_806' title='bbox 1254 2623 1303 2658; x_wconf 87' lang='grc' dir='ltr'>τὴν</span> <span class='ocrx_word' id='word_1_807' title='bbox 1321 2624 1457 2659; x_wconf 85' lang='grc' dir='ltr'>μεθόριον,</span> <span class='ocrx_word' id='word_1_808' title='bbox 1471 2625 1508 2656; x_wconf 85' lang='grc' dir='ltr'>ὡς</span> <span class='ocrx_word' id='word_1_809' title='bbox 1522 2626 1586 2661; x_wconf 83' lang='grc' dir='ltr'>παρ’</span> <span class='ocrx_word' id='word_1_810' title='bbox 1616 2627 1760 2662; x_wconf 83' lang='grc' dir='ltr'>ἐκατέρων</span> <span class='ocrx_word' id='word_1_811' title='bbox 1777 2637 1834 2662; x_wconf 83' lang='grc' dir='ltr'><strong>φα-</strong></span> 
     </span>
    </p>
   </div>
   <div class='ocr_carea' id='block_1_118' title="bbox 1034 2668 1836 2708">
    <p class='ocr_par' dir='ltr' id='par_1_118' title="bbox 1034 2668 1836 2708">
     <span class='ocr_line' id='line_1_118' title="bbox 1034 2668 1836 2708; baseline 0.009 -15"><span class='ocrx_word' id='word_1_812' title='bbox 1034 2668 1089 2699; x_wconf 79' lang='grc' dir='ltr'>νὲν,</span> <span class='ocrx_word' id='word_1_813' title='bbox 1103 2669 1149 2695; x_wconf 82' lang='grc' dir='ltr'>καὶ</span> <span class='ocrx_word' id='word_1_814' title='bbox 1163 2669 1262 2703; x_wconf 75' lang='grc' dir='ltr'>χαῦνον</span> <span class='ocrx_word' id='word_1_815' title='bbox 1278 2670 1370 2700; x_wconf 81' lang='grc' dir='ltr'>αὐτοῖς</span> <span class='ocrx_word' id='word_1_816' title='bbox 1383 2670 1429 2696; x_wconf 76' lang='grc' dir='ltr'><strong>τὸν</strong></span> <span class='ocrx_word' id='word_1_817' title='bbox 1455 2672 1554 2698; x_wconf 84' lang='grc' dir='ltr'>οἰκεῖον</span> <span class='ocrx_word' id='word_1_818' title='bbox 1578 2674 1721 2707; x_wconf 83' lang='grc' dir='ltr'>προτεῖνον</span> <span class='ocrx_word' id='word_1_819' title='bbox 1750 2674 1836 2708; x_wconf 80' lang='grc' dir='ltr'>θεμέ-</span> 
     </span>
    </p>
   </div>
   <div class='ocr_carea' id='block_1_119' title="bbox 1034 2714 1833 2754">
    <p class='ocr_par' dir='ltr' id='par_1_119' title="bbox 1034 2714 1833 2754">
     <span class='ocr_line' id='line_1_119' title="bbox 1034 2714 1833 2754; baseline 0.005 -13"><span class='ocrx_word' id='word_1_820' title='bbox 1034 2714 1100 2742; x_wconf 89' lang='grc' dir='ltr'>λιον.</span> <span class='ocrx_word' id='word_1_821' title='bbox 1129 2715 1176 2747; x_wconf 80' lang='grc' dir='ltr'><strong>Εἰς</strong></span> <span class='ocrx_word' id='word_1_822' title='bbox 1197 2715 1263 2750; x_wconf 75' lang='grc' dir='ltr'>ὕψος</span> <span class='ocrx_word' id='word_1_823' title='bbox 1288 2715 1316 2742; x_wconf 80' lang='grc' dir='ltr'>δὲ</span> <span class='ocrx_word' id='word_1_824' title='bbox 1337 2716 1405 2742; x_wconf 82' lang='grc' dir='ltr'>πολὺ</span> <span class='ocrx_word' id='word_1_825' title='bbox 1425 2717 1610 2752; x_wconf 81' lang='grc' dir='ltr'>ἐπαιρόμενον</span> <span class='ocrx_word' id='word_1_826' title='bbox 1624 2719 1672 2744; x_wconf 81' lang='grc' dir='ltr'>καὶ</span> <span class='ocrx_word' id='word_1_827' title='bbox 1682 2718 1723 2752; x_wconf 86' lang='grc' dir='ltr'>τῷ</span> <span class='ocrx_word' id='word_1_828' title='bbox 1738 2719 1833 2754; x_wconf 82' lang='grc' dir='ltr'>αἰθέρι</span> 
     </span>
    </p>
   </div>
   <div class='ocr_carea' id='block_1_120' title="bbox 1035 2761 1833 2798">
    <p class='ocr_par' dir='ltr' id='par_1_120' title="bbox 1035 2761 1833 2798">
     <span class='ocr_line' id='line_1_120' title="bbox 1035 2761 1833 2798; baseline 0.004 -10"><span class='ocrx_word' id='word_1_829' title='bbox 1035 2762 1171 2788; x_wconf 82' lang='grc' dir='ltr'>συνάπτον</span> <span class='ocrx_word' id='word_1_830' title='bbox 1186 2762 1230 2788; x_wconf 76' lang='grc' dir='ltr'>τὸν</span> <span class='ocrx_word' id='word_1_831' title='bbox 1242 2761 1483 2796; x_wconf 64' lang='grc' dir='ltr'>δροφον,ποθεινὲν</span> <span class='ocrx_word' id='word_1_832' title='bbox 1491 2763 1608 2798; x_wconf 70' lang='grc' dir='ltr'>ὑπάρχει</span> <span class='ocrx_word' id='word_1_833' title='bbox 1618 2765 1675 2795; x_wconf 83' lang='grc' dir='ltr'>τοῖς</span> <span class='ocrx_word' id='word_1_834' title='bbox 1689 2764 1833 2791; x_wconf 63' lang='grc' dir='ltr'>πλέουσινδ</span> 
     </span>
    </p>
   </div>
   <div class='ocr_carea' id='block_1_121' title="bbox 1033 2808 1834 2844">
    <p class='ocr_par' dir='ltr' id='par_1_121' title="bbox 1033 2808 1834 2844">
     <span class='ocr_line' id='line_1_121' title="bbox 1033 2808 1834 2844; baseline 0.002 -10"><span class='ocrx_word' id='word_1_835' title='bbox 1033 2809 1065 2834; x_wconf 87' lang='grc' dir='ltr'><strong>ἐκ</strong></span> <span class='ocrx_word' id='word_1_836' title='bbox 1079 2808 1183 2834; x_wconf 85' lang='grc' dir='ltr'>πολλῶν</span> <span class='ocrx_word' id='word_1_837' title='bbox 1199 2808 1252 2842; x_wconf 82' lang='grc' dir='ltr'><strong>γὰρ</strong></span> <span class='ocrx_word' id='word_1_838' title='bbox 1264 2809 1379 2841; x_wconf 82' lang='grc' dir='ltr'>σταδίων</span> <span class='ocrx_word' id='word_1_839' title='bbox 1390 2809 1564 2843; x_wconf 81' lang='grc' dir='ltr'>φαινόμενον,</span> <span class='ocrx_word' id='word_1_840' title='bbox 1574 2810 1636 2840; x_wconf 74' lang='grc' dir='ltr'>τοὺς</span> <span class='ocrx_word' id='word_1_841' title='bbox 1647 2809 1697 2844; x_wconf 79' lang='grc' dir='ltr'>μὲν</span> <span class='ocrx_word' id='word_1_842' title='bbox 1707 2811 1747 2841; x_wconf 82' lang='grc' dir='ltr'>εἱς</span> <span class='ocrx_word' id='word_1_843' title='bbox 1758 2811 1834 2837; x_wconf 77' lang='grc' dir='ltr'>Ἀλε-</span> 
     </span>
    </p>
   </div>
   <div class='ocr_carea' id='block_1_122' title="bbox 1035 2854 1831 2891">
    <p class='ocr_par' dir='ltr' id='par_1_122' title="bbox 1035 2854 1831 2891">
     <span class='ocr_line' id='line_1_122' title="bbox 1035 2854 1831 2891; baseline 0.003 -11"><span class='ocrx_word' id='word_1_844' title='bbox 1035 2854 1176 2889; x_wconf 78' lang='grc' dir='ltr'>ξάνδρειαν</span> <span class='ocrx_word' id='word_1_845' title='bbox 1189 2854 1319 2885; x_wconf 76' lang='grc' dir='ltr'>πλέοντας</span> <span class='ocrx_word' id='word_1_846' title='bbox 1330 2854 1376 2881; x_wconf 84' lang='grc' dir='ltr'><strong>τοῦ</strong></span> <span class='ocrx_word' id='word_1_847' title='bbox 1395 2854 1533 2889; x_wconf 74' lang='grc' dir='ltr'>πελάγους</span> <span class='ocrx_word' id='word_1_848' title='bbox 1558 2855 1692 2889; x_wconf 71' lang='grc' dir='ltr'>φανέντας</span> <span class='ocrx_word' id='word_1_849' title='bbox 1711 2856 1831 2891; x_wconf 60' lang='grc' dir='ltr'>προσδέη</span> 
     </span>
    </p>
   </div>
  </div>
