1909 3078
103 132 170 165 3417

104 200 189 226 χεται,

105 239 262 273 προμηνῦον
278 241 316 273 ὡς
324 243 408 276 ἐγγὺς
425 244 456 270 τὸ
467 245 637 280 ποθούμενον
647 257 653 263 ·
666 249 730 280 τοὺς
747 249 776 275 δὲ
789 249 893 284 ταύτην

105 285 268 318 ἐκπλέοντας
298 288 378 323 μέχρι
401 291 499 317 πολλοῦ
526 293 688 328 προπέμπει
711 294 891 330 βλεπόμενον,

104 330 151 356 καὶ
164 333 307 367 σωτηρίοις
328 335 465 368 ὲφοδιάζει
479 337 648 373 δωρήμασιν.

138 376 168 403 λ’.
184 376 225 403 Τὰ
238 378 337 407 δὲτοίς
367 380 456 414 ἁγίοις
485 383 610 410 ἐντεῦθεν
636 386 895 422 τερατουργούμενα

103 423 144 454 τίς
161 423 253 470 ίκανὸς
269 425 484 462 ἀριθμήσασθαι.
502 429 518 465 ἥ
533 429 641 467 γλώττῃ
656 432 782 468 τολμηρᾷ
797 434 895 470 διηγή-

103 469 422 507 σασθαι,ῆπολυρήμονι
432 474 601 508 φθέγξασθαι
619 478 753 512 στόματις
777 479 896 515 Ἀνθρώ-

102 524 160 542 πων
174 517 224 551 μὲν
239 517 338 550 οὺδεὶς,
355 519 415 545 οὐδὲ
432 522 455 547 εἰ
471 521 539 548 δέκα
555 522 605 557 μὲν
618 521 675 549 εἷεν
696 524 815 558 γλῶτται
831 535 896 559 τινι,

102 561 167 588 δέκα
181 562 209 589 δὲ
235 563 368 598 στόματα,
393 565 482 601 ψυχήν
494 575 524 594 τε
540 568 670 603 χαλκείαν
698 571 745 596 καὶ
772 572 865 606 φωνὴν
882 573 897 599 ό

102 607 222 640 τοιοῦτος
251 609 391 645 ἇρῤηκτον
418 613 550 648 κτήσαιτο
564 622 572 630 ·
598 614 677 649 μόνος
696 615 725 642 δὲ
740 615 806 648 Θεὸς
821 617 835 642 ὁ
851 617 897 644 καὶ

101 654 237 689 τοσαύτην
264 656 357 687 αὐτοῖς
387 658 464 693 ἰσχὺν
494 649 698 696 δωρησάμενος,
718 662 752 689 δι’
772 659 802 689 οὗ
831 672 897 698 προ-

102 699 249 727 εθέσπισαν
266 702 300 728 τὰ
317 702 350 728 δι’
369 703 460 731 αὐτῶν
483 706 523 736 είς
537 706 617 739 δόξαν
633 707 715 735 αὐτοῦ
733 710 895 745 πραχθησό-

103 755 182 780 μενα*
197 748 349 783 ὁάριθμῶν
375 750 464 786 πλήθη
494 751 602 787 ἄστρων
628 754 675 781 καὶ
705 756 788 782 πᾶσιν
804 756 898 788 αὐτοῖς

101 793 224 828 ὀνόματα
241 795 342 828 καλῶν,
355 797 370 822 ό
382 797 454 832 χειρὶ
471 798 520 832 μὲν
534 799 565 825 τὸ
580 798 652 834 ὕδωρ
670 801 788 837 μετρῶν,
805 803 853 829 καὶ
864 804 895 838 τῇ

102 842 226 877 σπιθαμῇ
245 843 291 868 τὶν
314 843 439 878 οὐρανὸν,
473 845 553 879 δρακὶ
568 845 597 871 δὲ
613 847 704 873 πᾶσαν
733 847 782 882 τὴν
796 848 859 882 γῆν,

102 885 149 911 καὶ
178 886 258 912 ὑετοῦ
281 887 411 921 σταγόνες
438 889 618 925 ἠρίθμηνται,
645 892 692 918 καὶ
709 891 780 925 βόλοι
797 893 895 928 δρόσου

103 932 303 967 μεμέτρηνται,
324 934 371 960 καὶ
384 934 501 970 ψάμμου
526 937 716 970 προέγνωσται
741 938 893 974 ψήγματα·

101 977 133 1003 δι’
149 974 180 1004 οὗ
202 978 320 1013 λεπροὺς
333 979 537 1015 καθαρίζουσιν,
558 982 663 1017 χωλοὺς
680 984 805 1010 ποιοῦσιν
819 985 897 1020 ἀρτί-

102 1024 196 1056 ποδας,
223 1025 349 1057 ἀσθενεῖς
374 1025 583 1061 Θεραπεύουσιν,
608 1029 720 1062 τυφλοῖς
736 1030 766 1056 τὺ
783 1030 897 1066 βλέπειν

102 1070 272 1105 χαρίζονται,
300 1071 428 1108 δαιμόνιά
441 1081 472 1099 τε
490 1073 678 1107 ἐκϐάλλουσιν,
705 1076 753 1102 καὶ
780 1078 896 1112 νεκροὺς

103 1116 251 1151 ἐγείρουσι,
265 1117 313 1143 καὶ
330 1118 448 1152 μάλιστα
462 1119 526 1151 τοὺς
544 1119 635 1155 ψυχῆς
651 1121 820 1153 πεπονθότας
847 1124 897 1158 τὴν

101 1164 261 1197 νέκρωσιν·
290 1165 337 1191 καὶ
372 1165 476 1201 δωρεὰν
510 1167 593 1193 πᾶσιν
629 1167 785 1203 ἀνθρώποις
824 1177 897 1205 παρ-

102 1209 233 1243 έχουσιν,
262 1210 297 1237 τὰ
324 1210 428 1246 δωρεὰν
453 1212 546 1244 αὐτοῖς
577 1212 690 1240 δοθέντα
719 1215 894 1250 χαρίσματα⁸

102 1254 208 1281 ἄπλετά
224 1263 253 1281 τε
277 1255 345 1282 όντοι
377 1257 424 1283 καὶ
444 1257 558 1293 ἄπειρα,
579 1259 626 1285 καὶ
653 1260 762 1295 ἡμέρας
778 1261 898 1296 ἑκάστης

102 1301 148 1327 καὶ
169 1301 245 1336 ὥρας
276 1302 442 1337 αὑξούμενα,
457 1304 506 1330 καὶ
527 1304 609 1339 ζυγὸν
631 1306 750 1342 ἀριθμοῦ
769 1308 807 1342 μὴ
819 1308 896 1343 δεχό-

103 1355 184 1381 μενα,
206 1346 297 1381 λέγειν
326 1348 474 1376 ἀδύνατονσ
490 1350 535 1377 ἀεὶ
554 1350 609 1386 γὰρ
625 1352 683 1383 τοῖς
708 1351 848 1388 δευτέροις
863 1354 898 1381 τὰ

101 1392 246 1425 ιρθάσαντα
264 1393 405 1425 σκέπεται,
425 1395 471 1421 καὶ
488 1395 575 1423 ταῦτα
591 1397 648 1428 τοῖς
665 1397 790 1425 ἐπιοῦσιν
812 1407 897 1426 κοιτα-

101 1438 282 1471 κα).ύπτεται,
300 1439 370 1476 λήθῃ
388 1442 619 1477 καταχωννύμενιι
635 1443 683 1470 καὶ
704 1445 767 1480 σιγῇ
783 1446 897 1478 σκιαζό-

103 1495 183 1520 μενα,
197 1486 341 1513 θαλάττιον
353 1496 378 1513 τι
387 1488 436 1514 καὶ
448 1488 578 1524 φθονερὸν
592 1489 774 1525 ὑπομένοντα.
792 1492 898 1528 Ὥσπερ

576 144 725 176 LAUDES
736 146 777 177 IN
789 147 841 177 SS.
858 147 989 178 CYRUM
1001 150 1048 180 ET
1074 151 1261 184 ΙΟΑΝΝΕΜι

1674 157 1744 191 sua

206 193 254 220 καὶ
267 193 363 230 τέρψιν
378 196 472 229 αὐτοῖς
482 199 513 225 οὗ
526 199 576 236 τὴν
588 202 725 236 τυχοῦσαν
736 203 890 238 χαρίζεται,

957 206 998 233 llis
1015 214 1068 234 non
1088 209 1223 236 modicam
1240 210 1337 244 donat,
1353 212 1546 246 praznuntians
1568 213 1642 248 quod
1657 223 1742 250 prop-.-

946 251 982 278 sit
999 252 1070 286 quod
1084 253 1273 284 desideratur:
1286 263 1333 283 eos
1341 265 1405 284 vero
1416 258 1464 291 qui
1478 259 1512 285 ab
1529 258 1581 286 hac
1597 260 1737 294 navigant,

947 305 1034 332 usque
1060 298 1093 325 ad
1119 299 1203 327 multa
1229 301 1318 335 spatia
1346 303 1488 336 praemittit
1511 303 1576 330 dum
1603 305 1736 336 Cernitur,

946 347 972 371 ct
987 344 1156 373 salutaribus
1178 346 1282 374 farsum
1303 349 1463 376 muneribus
1485 349 1614 376 viaticum
1628 350 1741 384 praebet.

982 390 1027 418 50.
1049 390 1134 417 Porro
1151 392 1272 427 prodigia
1298 401 1359 428 quae
1389 394 1453 421 hinc
1479 403 1494 422 a
1509 396 1621 428 jsauctis
1643 395 1742 423 effecta

947 442 1021 471 sunt,
1037 438 1098 473 quis
1123 446 1296 471 enumerare,
1325 440 1367 467 vel
1381 440 1479 467 audaci
1497 441 1590 476 lingua
1607 449 1735 475 narrare,

948 488 994 509 aut
1008 490 1055 510 ore
1084 483 1249 518 multiloquo
1268 484 1342 511 eﬂ‘ari
1359 484 1493 512 sumciat?
1511 486 1654 513 hominum
1680 487 1743 522 quis

948 529 1008 556 dem
1022 529 1126 561 nullus,
1147 537 1198 557 nec
1213 530 1236 557 si
1250 530 1380 565 cuiquam
1403 532 1499 559 decem
1521 533 1576 559 sint
1589 533 1698 567 linguae,
1716 537 1743 560 et

948 575 1062 603 totidem
1076 584 1135 610 ora,
1151 584 1311 612 teneatnquc
1326 578 1444 605 animam
1457 582 1484 605 et
1507 586 1603 606 vocem
1619 580 1665 614 qui
1680 580 1744 607 talis

948 626 990 649 est
1003 622 1183 650 fortissimam
1210 623 1328 658 habeat;
1359 624 1406 651 sed
1436 625 1512 652 solus
1546 626 1627 656 Deus,
1647 626 1692 660 qui
1717 629 1744 652 et

947 673 1051 696 tantam
1067 669 1107 696 eis
1127 669 1317 697 fortitudinem
1341 671 1458 697 contulit
1478 676 1506 698 et
1533 679 1566 698 ex
1591 672 1744 698 aaternitate

948 713 1162 749 praedestinavit,
1175 721 1235 748 quae
1253 722 1300 749 per
1315 722 1362 742 eos
1383 714 1415 741 ad
1438 715 1552 748 gloriam
1570 723 1648 742 suam
1663 719 1742 742 erant

949 760 1069 795 agenda;
1095 760 1142 795 qui
1165 764 1292 788 numerat
1320 761 1528 789 multitudinem
1553 762 1695 789 stellarum
1717 767 1744 789 et

948 806 1077 834 omnibus
1105 806 1146 834 eis
1177 807 1289 834 nomina
1318 811 1419 839 vocat;
1447 808 1495 842 qui
1520 815 1603 834 manu
1632 808 1744 842 quidem

948 860 1046 887 aquam
1077 852 1199 887 metitur,
1229 858 1256 880 et
1280 853 1370 888 palmo
1399 854 1512 884 malum,
1530 854 1634 888 pugillo
1652 860 1745 881 autem

948 905 1055 925 omnem
1075 901 1189 930 terram,
1205 898 1307 934 cuique
1333 898 1432 933 pluvia:
1459 903 1544 934 guttae
1564 900 1746 926 dinumeratze

949 947 1014 970 sunt
1027 947 1054 969 et
1066 943 1137 971 roris
1152 943 1246 977 jacula
1261 948 1432 976 mensurata,
1447 947 1474 970 et
1493 945 1571 970 mica:
1596 945 1746 978 prtesciuu-

948 993 993 1015 tur
1007 996 1097 1016 arena:
1118 998 1124 1016 :
1156 996 1204 1023 per
1218 996 1299 1023 quem
1316 988 1440 1023 leprosos
1454 989 1615 1022 emundant,
1631 989 1746 1017 claudos

948 1033 1053 1060 faciunt
1070 1033 1187 1068 pedibus
1214 1033 1304 1066 sanis,
1322 1033 1447 1060 iniirtnos
1463 1038 1562 1061 curant
1577 1054 1584 1066 ,
1609 1034 1689 1061 caecis
1706 1034 1746 1061 vi-

949 1088 1009 1108 sutn
1024 1079 1139 1110 donant,
1155 1083 1183 1106 et
1216 1078 1352 1105 daemonia
1366 1074 1492 1113 ejiciunt,
1517 1083 1541 1106 et
1560 1083 1685 1107 mortuos
1699 1087 1746 1107 Stl-

949 1127 1061 1156 scitant,
1077 1124 1251 1158 maximeque
1267 1124 1327 1151 illos
1336 1124 1382 1158 qui
1398 1125 1637 1152 mortificationem
1649 1126 1746 1153 animae

948 1169 1108 1204 patiuntur;
1138 1171 1165 1195 et
1184 1167 1270 1202 gratis
1285 1167 1444 1195 hominibus
1469 1168 1596 1195 tribuunt
1613 1176 1673 1203 quae
1687 1169 1740 1196 sibi

948 1215 1010 1241 data
1026 1217 1091 1240 sunt
1106 1212 1193 1247 gratis
1207 1212 1376 1243 charismata
1396 1221 1403 1239 :
1430 1220 1491 1248 qua:
1507 1221 1568 1240 cum
1586 1213 1641 1241 sint
1659 1214 1745 1248 pluri-

949 1267 991 1286 ma
1007 1263 1034 1286 et
1045 1258 1163 1289 inﬁnita,
1181 1262 1207 1285 et
1221 1266 1269 1293 per
1291 1259 1415 1293 singulos
1448 1259 1508 1286 dies
1529 1264 1556 1286 et
1585 1259 1667 1287 horas
1684 1267 1746 1286 cre-

949 1305 1066 1336 scentia,
1092 1303 1255 1338 numerique
1275 1305 1406 1330 trutinam
1418 1311 1474 1331 non
1500 1305 1671 1339 recipientia,
1689 1305 1743 1332 dici

949 1358 1002 1377 non
1027 1353 1158 1385 possunt;
1180 1356 1291 1384 semper
1315 1350 1388 1376 enirn
1405 1350 1622 1378 succedentibus
1638 1358 1744 1386 praece-

949 1397 1040 1424 dentia
1065 1400 1259 1430 conteguntur,
1283 1400 1310 1423 et
1326 1396 1563 1430 subsequentibus
1582 1397 1634 1423 ista
1652 1397 1748 1423 velan-

949 1447 1004 1475 tur,
1015 1441 1219 1469 oblitteratione
1231 1441 1340 1474 obruta,
1357 1441 1466 1468 silentio
1477 1441 1652 1473 obumbrata,
1665 1445 1748 1476 atque

951 1487 1088 1515 marinum
1122 1490 1149 1514 et
1176 1486 1343 1514 invidiosum
1375 1487 1439 1521 quid
1467 1486 1642 1521 perferentia.
1671 1486 1748 1514 Sicut

101 1533 155 1566 γὶρ
173 1532 293 1559 ἐνταῦθα
306 1533 418 1568 κύματα
437 1535 632 1570 κορυφούμενά
647 1545 677 1563 τε
691 1538 737 1564 καὶ
746 1538 895 1573 αὐξούμενσ

957 1533 1024 1561 ὶιιίιη
1038 1533 1083 1560 hic
1099 1532 1199 1560 ﬂuctus
1212 1540 1273 1559 ettm
1291 1532 1434 1559 elevantur
1451 1535 1476 1559 et
1497 1536 1637 1564 crescunt,
1654 1532 1749 1559 videti-

101 1580 198 1611 ὁρᾶται
222 1580 271 1606 καὶ
295 1579 435 1614 βλέπεται,
454 1582 502 1608 καὶ
519 1583 616 1617 τέρπει
631 1585 695 1615 τοὺς
708 1584 831 1620 ὁρῶντας
849 1587 896 1613 καὶ

103 1625 264 1659 βλέποντας,
294 1624 354 1652 εἶτα
367 1629 586 1663 προχωρήσαντα
605 1630 653 1656 καὶ
666 1630 803 1665 δευτέροις
819 1631 897 1658 ὑπεί-

103 1671 185 1703 ξει-ιτα
202 1671 285 1703 εὐθὺς
298 1672 338 1708 τῷ
354 1672 404 1707 τῆς
417 1673 501 1709 λήθης
525 1674 658 1702 ἐκδίδοται
689 1676 816 1712 ῥεύματι,
848 1678 896 1704 καὶ

103 1718 145 1752 ῥεῖ
154 1719 188 1753 τῇ
206 1717 278 1754 λήθῃ
301 1719 367 1754 πρὶν
390 1719 511 1756 ῆρεύσῃ
539 1722 596 1752 τοῖς
630 1721 734 1754 ὒδαοιν,
764 1723 811 1749 καὶ
832 1725 896 1759 σιγῇ

102 1762 327 1797 κιτικρύπτεται
351 1764 416 1800 πρὶν
441 1764 458 1800 ἢ
475 1766 563 1801 κρυόῇ
577 1767 633 1797 τοῖς
648 1766 744 1794 ἔπειτα
762 1767 896 1802 κύμασινθ

102 1808 173 1835 οὕτω
187 1809 237 1836 καὶ
251 1809 306 1836 τῶν
325 1810 411 1844 ἁγίων
426 1810 518 1846 Κύρου
534 1819 564 1837 τε
580 1812 628 1838 καὶ
646 1812 769 1839 Ἰωάννου
789 1813 823 1840 τὰ
835 1813 898 1840 θαύ-

105 1861 186 1886 μειτι,
202 1854 365 1888 ἐπαλλήλως
380 1856 550 1890 πηγάςοντα,
575 1856 624 1883 καὶ
642 1856 777 1889 πλουσίως
796 1857 896 1884 ἐκϐλύ-

104 1900 194 1933 ζοντα,
223 1902 287 1937 σιγῇ
303 1901 436 1929 καλύπτει
450 1903 485 1930 τὰ
503 1903 625 1940 παρόντα
640 1904 676 1930 τὰ
691 1905 824 1940 πρότερα,
852 1906 899 1931 καὶ

103 1946 217 1982 ἀληθείᾳ
234 1947 282 1974 καὶ
297 1947 367 1975 αὐτὰ
385 1950 418 1984 τῇ
436 1949 491 1976 τῶν
511 1949 642 1976 ἐπιόντων
658 1950 745 1986 ἐφόδῳ
760 1950 899 1977 καλύπτε-

105 2000 158 2019 τλι.

139 2083 191 2110 11'.
210 2083 282 2110 ‘AD.’
293 2085 318 2111 st
331 2084 378 2111 καὶ
388 2084 460 2112 οὕτω
471 2084 560 2112 ταῦτα
569 2086 618 2112 καὶ
633 2086 753 2113 τοσαῦτα.
766 2086 901 2123 καθέστη-

106 2139 161 2162 κεν,
191 2130 271 2164 ὀλίγα
294 2130 357 2157 λίαν
391 2131 482 2158 αὐτῶν
499 2131 587 2158 εἰπεῖν
603 2131 820 2168 πειρασώμεθα·
838 2142 900 2160 συν-

105 2176 207 2202 τελέσει
237 2176 293 2212 γὰρ
320 2177 367 2203 καὶ
390 2176 462 2203 αὐτὰ
486 2178 542 2209 τοῖς
561 2178 709 2212 ἐγκωμίοις
722 2178 768 2205 τὸν
793 2178 899 2214 ἔρανον,

949 1584 994 1607 tur
1009 1583 1036 1607 et
1053 1579 1239 1614 aspiciuntur,
1255 1578 1445 1613 delectarique
1458 1579 1562 1606 faciunt
1581 1577 1748 1606 videntes‘et

948 1625 1114 1660 aspicientes
1130 1634 1137 1652 :
1152 1624 1306 1658 deintleque
1327 1624 1516 1659 przccedcntes
1533 1624 1747 1652 succedentibus

948 1671 1094 1702 subillatis,
1125 1677 1187 1698 mox
1212 1671 1328 1698 reumati
1358 1670 1504 1698 oblivionis
1533 1670 1696 1703 traduntur,
1715 1673 1744 1698 et

947 1717 1078 1744 decidunt
1093 1717 1242 1747 oblivione.
1269 1718 1428 1752 priusquam
1461 1716 1583 1744 deﬂuant
1602 1717 1701 1751 aquis;
1721 1720 1749 1744 et

948 1762 1168 1794 abscontluntur,
1190 1762 1352 1797 priusquam
1385 1762 1590 1790 abscondantur
1615 1763 1750 1797 posterio-

948 1809 1027 1836 ribus
1060 1807 1208 1841 iluctibus;
1227 1808 1264 1834 ita
1281 1812 1386 1835 etcum
1411 1812 1570 1836 sanctorum
1597 1812 1748 1842 martyrum

949 1854 1012 1889 Cyri
1024 1857 1050 1880 et
1066 1852 1181 1880 Joannis
1201 1853 1334 1880 miracula
1348 1853 1469 1881 vicissim
1485 1858 1513 1881 et
1530 1853 1750 1887 inseparabiliter

950 1899 1070 1931 rilluant,
1092 1904 1119 1926 et
1149 1899 1262 1927 divitius
1281 1903 1419 1931 emancut,
1434 1899 1543 1927 silentio
1557 1903 1584 1926 et
1603 1899 1749 1926 oblittera-

950 1947 1024 1974 tione
1036 1946 1180 1981 prtesentia
1197 1953 1257 1980 quae
1280 1945 1357 1980 prius
1376 1950 1437 1972 acta
1456 1949 1520 1973 sunt
1544 1949 1705 1979 contegunt,
1721 1950 1750 1971 et

951 1994 1010 2028 ipsa
1044 2001 1154 2028 quoque
1183 1992 1385 2020 imminentium
1407 1991 1613 2027 supervenienti
1637 1991 1745 2018 visione

951 2040 1092 2067 velantur.

987 2086 1032 2114 51.
1049 2084 1102 2113 Sed
1116 2083 1242 2119 quamvis
1256 2083 1314 2110 haec
1329 2087 1357 2111 et
1372 2087 1412 2110 tot
1428 2083 1466 2110 ita
1487 2083 1653 2112 consistant.
1681 2089 1750 2116 pau-

951 2139 983 2159 ca
1002 2136 1093 2158 tamen
1117 2130 1242 2165 ipsorum
1273 2129 1350 2156 ell‘ari
1381 2133 1520 2156 tentemus
1539 2136 1545 2154 ε
1563 2134 1742 2155 consumma-

953 2178 1020 2205 bunt
1036 2178 1110 2204 enim
1128 2181 1155 2203 et
1181 2175 1240 2210 ipsa
1258 2175 1387 2203 laudibus
1416 2182 1542 2206 censum,
1561 2173 1749 2208 praefulgidam

105 2222 322 2256 προλάμπουσαν
329 2221 425 2256 ἔχοντα
437 2222 485 2258 τὴν
496 2223 636 2258 ἀλήθειαν.
645 2223 739 2256 Ὀλίγοι
751 2224 805 2259 γὰρ
814 2224 895 2256 ὅντως

959 2223 1079 2250 labentia
1093 2222 1249 2249 veritatem.
1267 2220 1359 2248 Pauca
1387 2220 1459 2247 enim
1487 2227 1583 2247 revera
1609 2223 1673 2246 sunt
1690 2226 1750 2252 qua:

105 2268 157 2294 εἰσὶ
175 2268 212 2294 τὰ
224 2267 355 2302 λέγεσθαι
367 2268 497 2303 μέλλοντα
509 2269 554 2296 τὸν
566 2269 683 2305 ἀριθμὸν
695 2270 895 2305 ἐϐδομήκοντα,

106 2315 172 2350 πρὸς
191 2313 296 2350 πληθὺν
310 2314 466 2350 ἀμέτρητον
477 2315 718 2351 παραϐαλλόμενα,
736 2315 831 2350 ὥσπερ
850 2316 898 2342 καὶ

107 2360 209 2395 ῥανίδες
226 2359 317 2393 ὀλίγαι
337 2360 385 2386 καὶ
401 2360 530 2396 εὖμετροι
556 2361 624 2395 πρὸς
648 2361 766 2396 πέλαγος
792 2362 896 2388 ἀκατά-

104 2405 204 2439 ληπτον
228 2404 464 2440 συμϐαλλόμεναι.
480 2405 517 2431 Οὺ
533 2405 639 2437 τούτοις
653 2405 708 2431 τῶν
742 2405 828 2439 ἁγίων
846 2405 896 2440 χά-

107 2458 156 2482 ριν,
171 2450 209 2485 μὴ
228 2449 346 2484 γένοιτο,
378 2449 606 2485 περιγράφοντες,
625 2449 686 2476 οὕτε
700 2449 748 2481 τὰς
767 2449 806 2481 εἰς
822 2451 898 2484 ἡμᾶς

105 2495 193 2522 αὐτῶν
224 2495 387 2532 εὐεργεσίας
406 2495 597 2526 συστέλλοντες
615 2494 665 2530 (μὴ
681 2494 753 2521 οὕτω
768 2494 816 2521 τοῦ
829 2495 897 2530 πρέ-

105 2549 199 2573 ποντος
211 2541 423 2577 ἐκμανείημεν),
438 2542 496 2568 ἀλλ’
511 2540 648 2573 ἀπόδειξιν
665 2541 734 2568 αὐτὰ
745 2541 798 2567 τῶν
810 2542 898 2575 ἐγκω-

107 2587 173 2621 μίων
201 2588 370 2623 ποιούμενοι,
382 2589 429 2615 καὶ
443 2589 492 2624 τῆς
506 2587 596 2614 αὐτῶν
610 2588 725 2622 εὐφυΐας
748 2586 897 2614 ἀσάλευτον

107 2633 244 2661 ais-mam.
263 2634 308 2660 Διὸ
338 2634 386 2660 καὶ
411 2635 494 2670 μέρος
518 2634 589 2661 αὐτὰ
607 2634 661 2660 τῶν
685 2634 804 2661 ἐπαίνων
826 2634 898 2661 τιθέ-

108 2678 186 2712 μεθα,
202 2680 302 2714 ὄροφον
313 2679 409 2716 ὥσπερ
420 2680 458 2715 τῷ
469 2680 541 2715 λόγῳ
554 2680 684 2714 στεγανὸν
697 2680 896 2716 προμηθούμε-

106 2733 157 2758 νοι,
172 2726 210 2758 ὡς
224 2726 258 2753 ἂν
275 2726 313 2762 μὴ
329 2728 389 2759 ταῖς
417 2727 472 2753 τῶν
487 2727 609 2754 ἀπίστων
633 2727 832 2762 ἀθυροστόμοις
852 2727 897 2762 βο-

106 2771 163 2803 λαῖς
179 2773 386 2804 καταστάζοιτο,
402 2773 449 2799 καὶ
466 2773 500 2799 δι’
517 2773 605 2799 αὐτῶν
623 2773 829 2809 ἐμφράττοντες
843 2773 897 2800 τῶν

107 2818 162 2848 τοῖς
175 2817 296 2850 εἰδώλοις
317 2819 545 2854 προστετηκότων
559 2820 592 2846 τὰ
604 2820 738 2855 στόματα.
755 2820 804 2846 Διὰ
817 2819 896 2845 τοῦτο

110 2862 159 2897 γὰρ
180 2863 240 2891 οὔτε
273 2864 423 2900 θαυμάτων
440 2865 562 2892 παλαιῶν
576 2866 819 2901 μνημονεύσινμεν,
835 2865 896 2892 οὗτε

953 2268 1069 2296 dicenda
1081 2272 1154 2299 sunt,
1171 2267 1198 2294 id
1214 2270 1256 2295 est
1272 2274 1388 2294 numero
1404 2266 1591 2301 septuaginta,
1607 2265 1639 2292 ad
1659 2265 1751 2292 multi-

952 2315 1075 2343 tudinem
1113 2314 1275 2341 imtnensam
1307 2313 1427 2345 collata;
1461 2311 1692 2347 quemadmodum
1724 2315 1750 2337 rt

953 2366 1036 2396 gutta:
1051 2367 1144 2395 paucae
1157 2367 1190 2386 ac
1206 2359 1393 2387 numerabiles
1413 2359 1446 2386 ad
1470 2357 1751 2393 incomprehensibile

952 2409 1076 2442 pelagus.
1094 2405 1152 2433 Non
1174 2406 1218 2433 hic
1240 2406 1410 2440 [sanctorum
1434 2405 1550 2440 gratiam
1578 2403 1752 2431 circumsmi-

953 2455 1058 2486 bentcs,
1072 2453 1161 2485 absit;
1180 2460 1268 2487 neque
1286 2453 1332 2479 illa
1350 2459 1410 2487 qua:
1427 2453 1454 2478 in
1471 2451 1628 2486 nobisipsis
1644 2455 1751 2485 patrata

953 2503 1017 2527 sunt
1033 2498 1165 2526 beneficia
1182 2498 1351 2529 breviantes,
1374 2506 1408 2525 ne
1428 2498 1468 2525 sic
1483 2498 1517 2525 ab
1531 2506 1564 2525 eo
1581 2498 1653 2531 quod
1668 2498 1752 2523 dero-

953 2553 1014 2573 rum
1030 2549 1072 2573 est
1083 2545 1110 2572 in
1126 2545 1263 2572 insaniam
1279 2548 1485 2575 convertamur,
1503 2544 1550 2572 sed
1579 2544 1625 2570 illa
1647 2550 1751 2578 praeco-

952 2591 1061 2618 niorum
1075 2590 1276 2625 probationem.
1290 2594 1317 2617 et
1342 2589 1471 2616 laudibus
1485 2597 1580 2616 eorum
1606 2597 1749 2616 columen-

952 2637 1102 2668 «lationem.
1129 2635 1297 2663 immobilem
1324 2635 1472 2668 facientes;
1497 2639 1608 2670 propter
1627 2635 1699 2669 quod
1721 2639 1748 2663 ct

953 2688 1058 2718 partem
1089 2690 1120 2710 ea
1145 2682 1332 2709 laudationum
1368 2682 1508 2717 ponintus,
1536 2681 1615 2716 qttasi
1647 2685 1747 2708 lectum

953 2737 1078 2757 sermone
1091 2729 1188 2757 stabile
1203 2729 1390 2763 providentes,
1412 2737 1466 2764 quo
1479 2728 1629 2756 infidelium
1649 2727 1748 2761 jacutlis

954 2782 1015 2810 quae
1029 2775 1113 2802 veluti
1129 2781 1176 2802 ora
1192 2774 1251 2801 sine
1266 2775 1338 2801 ostio
1356 2778 1431 2805 sunt,
1447 2774 1559 2801 minime
1580 2774 1685 2800 stillare
1701 2779 1747 2798 co-

955 2826 1066 2856 gantur,
1081 2828 1112 2846 ac
1127 2827 1176 2854 per
1193 2819 1250 2854 ipsa
1267 2819 1348 2847 idolis
1360 2820 1509 2846 faventium
1524 2827 1570 2846 ora
1583 2818 1743 2853 oppilantes.

955 2867 1016 2895 Ideo
1035 2875 1098 2902 ergo
1112 2874 1160 2894 nec
1181 2871 1302 2893 veterum
1317 2867 1510 2894 miraculorum
1530 2865 1686 2893 memoriam
1704 2862 1744 2889 fa-
