1909 3078
75 137 133 170 3421

501 140 648 171 LAUDES
667 140 707 170 IN
728 141 922 173 SS.CYRUM
944 142 991 172 ET
1008 141 1194 172 IOANNEM.

1624 141 1695 173 3422

75 204 122 221 των
134 194 188 221 τῶν
204 194 385 229 ζηλωπὰντων
398 195 487 221 αὐτῶν
505 196 551 231 τὴν
570 196 705 222 ἀθάνατον
724 196 847 232 μίμησινη

906 197 951 230 qtti
974 197 1093 223 aemulati
1111 200 1177 223 sunt
1201 195 1386 223 immortalem
1411 195 1591 222 imitationem
1618 197 1693 231 ipso-

76 241 149 267 Ὅθεν
167 241 215 267 καὶ
230 242 310 276 ἡμεῖς
326 242 457 276 ἀκροαταὶ
472 242 553 276 μόνον
565 242 618 277 πρὸ
627 242 722 268 τούτου
740 242 790 276 τῆς
801 242 852 268 αὺ-

74 286 122 312 τῶν
135 287 322 320 ἐτυγχάνομεν
352 287 471 321 χάριτος,
492 287 530 318 ὡς
546 288 594 314 καὶ
621 288 722 319 πάντες
745 289 769 313 ol
805 296 856 322 μα-

74 333 142 366 κροῖς
158 332 318 366 ἀφεστῶτες
331 332 377 358 τοῦ
394 333 524 367 τεμένους
540 333 631 360 αὐτῶν
653 333 834 367 διαστήμασιν
848 341 854 347 “

73 377 114 404 νῦν
132 378 159 404 δὲ
175 378 223 404 καὶ
242 378 335 404 θεαταὶ
346 379 396 413 τῆς
407 379 463 405 τῶν
475 379 656 413 ἀκουσμάτων
666 379 794 413 ἀληθείας
809 387 855 412 γε-

73 424 198 457 γόναμεν,
217 423 390 459 ὀφθαλμικοῦ
406 425 560 460 νοσήματος
587 425 670 451 ἕνεκα
688 425 855 460 προσελοόν-

72 478 112 500 τες
127 470 230 502 αὐτοῖς,
239 470 277 501 ὡς
291 471 454 506 προείρηται
465 479 472 486 ·
484 471 530 498 καὶ
548 471 626 498 αὐτοὶ
636 471 685 506 μὲν
699 471 748 506 τὴν
760 471 856 504 ὑγείαν

71 513 218 547 δεξάμενοι.
233 515 280 541 καὶ
293 515 452 550 τρυγῶντας
471 515 568 546 ἄλλους
580 515 632 546 τὰς
647 515 732 546 ἰάσεις
748 515 855 549 θεόιμεκ

71 567 116 586 vat.
138 559 233 587 Ἀλλ“ό
250 561 300 595 μὲν
314 561 459 596 προφήτης
473 561 522 595 τὴν
538 560 625 596 λύραν
645 560 694 595 τὴν
712 560 788 599 ἱερὰν
804 561 855 596 ἀρ-

72 606 230 641 μοσάμενος,
246 606 373 642 καθάπερ
388 607 557 641 ἠκούσαμεν,
575 607 662 638 οὕτως
680 607 725 633 καὶ
750 607 852 641 ἴδομεν,

70 650 132 684 πρὸς
148 651 199 685 τὴν
216 651 335 678 παλαιὰν
358 652 539 686 Ἰερουσαλὴμ
553 652 642 686 βοάτω
653 653 709 683 τοῖς
721 651 853 687 ᾄσμασιν

69 697 143 730 ἡμεῖς
157 696 187 723 δὲ
207 697 276 732 πρὸς
291 697 352 729 τοὺς
370 698 513 732 μάρτυρας
525 698 657 733 φήσωμεν
671 705 678 712 ·
695 697 855 732 Βραχύτερα

70 741 133 767 πάνυ
151 742 220 776 περὶ
231 742 309 776 ὑμῶν
325 743 381 773 τοῖς
395 742 462 768 ὠσὶν
478 741 646 777 ἐπυθόμεθα.
665 737 703 768 ὧν
721 743 778 773 τοῖς
805 742 856 776 ὅμ-

70 794 145 819 μασιν
166 786 269 820 ἴδομεν,
295 786 343 812 καὶ
372 786 485 820 σταγόσι
518 787 631 821 μικραῖς
658 786 855 821 ἐδροσιζόμεϐα

68 831 206 867 πρότερον,
228 829 272 863 αἶς
288 833 316 858 αἱ
335 832 454 865 γλῶτται
480 832 595 866 νεφέλας
618 832 787 867 μιμούμεναι
807 833 853 859 τοῦ

70 878 236 913 μαρτυρικοῦ
251 878 307 905 τῶν
325 878 425 905 ἰάσεων
441 877 569 905 ἅνιοῦσαι
585 878 721 912 πελάγους
737 878 853 910 ὑέτιζον.
868 865 892 894 Β

68 923 162 949 Τούτου
183 923 211 950 δὲ
230 925 312 958 ἡμεῖς
330 923 463 950 αὐτόπται
478 923 526 950 τοῦ
546 923 682 957 πελάγους
702 923 854 958 γενόμενοι,

68 969 112 994 κάν
127 971 185 1000 τοῖς
199 969 285 996 αὐτοῦ
301 969 448 1004 νηξάμενοι
463 970 595 1004 νάμασιν,
629 969 699 1000 μετὰ
712 969 760 995 τοῦ
793 969 854 996 ’1ὼὸ

68 1015 129 1048 πρὸς
146 1015 222 1049 ὑμᾶς
239 1015 289 1046 τὰς
300 1015 404 1042 -τούτου
423 1015 515 1050 πηγὰς
533 1014 736 1050 ἀνακράξομεν.
758 1013 855 1049 Ἀκοὴν

67 1060 111 1093 μὲν
123 1060 194 1091 ὠτὸς
208 1059 345 1096 ἠκούομεν
359 1060 437 1096 ὑμῶν
457 1060 542 1096 μόνον
571 1060 603 1086 τδ
628 1061 776 1095 πρότερον,
795 1060 854 1086 νυνὶ

65 1105 89 1131 δὲ
105 1107 159 1137 τοῖς
174 1105 328 1141 ὀφθαλμοῖς
341 1107 412 1141 ὑμᾶς
424 1106 599 1142 ἑωράκαμεν.
614 1106 704 1141 Ἀπερ
718 1105 764 1132 οὖν
782 1114 854 1140 παρ-

65 1151 133 1182 όντες
146 1153 206 1183 τοῖς
217 1152 339 1186 ὄμμασιν
355 1153 457 1187 ἴδομεν,
481 1153 528 1178 καὶ
550 1153 608 1184 τοῖς
635 1151 703 1178 ὠσὶν
729 1151 853 1186 ἀκηκόα-

66 1203 120 1228 μεν,
133 1196 222 1222 ταῦτα
237 1196 285 1222 καὶ
301 1196 444 1231 γράψομεν
458 1204 465 1212 ·
481 1196 529 1223 καὶ
545 1196 599 1227 τοῖς
618 1195 728 1230 μακρὰν
740 1194 852 1221 διεστῶ-

65 1247 101 1265 σιν
114 1242 169 1271 τοῖς
184 1240 321 1274 σώμασιν,
338 1241 453 1272 καὶτοῖς
473 1240 534 1275 μεθ’
546 1241 622 1275 ἡμᾶς
640 1239 766 1274 γίνεσθαι
787 1239 852 1274 μέλ-

63 1284 148 1311 λουσιν
166 1285 393 1320 παρα-πέμψομεν
403 1293 410 1299 ·
426 1285 515 1318 δεῦτε,
532 1285 579 1312 καὶ
593 1285 663 1311 ἴδετε
675 1285 709 1311 τὰ
727 1285 796 1318 ἔργα.
804 1284 851 1311 τοῦ

63 1330 134 1362 θεοῦ,
156 1330 175 1357 ἃ
197 1331 273 1357 ἔθετο
299 1331 402 1366 τέρατα
425 1331 471 1357 ἐπὶ
490 1331 539 1366 τῆς
567 1330 631 1365 γῆς,
656 1330 695 1365 τῷ
723 1330 852 1365 προφήτῃ

63 1375 138 1402 Δαῦἱδ
154 1375 460 1410 συμφθεγγόμενοισκαλ
476 1375 572 1402 πιστὸν
586 1375 655 1402 λεὼν
672 1375 852 1410 διεγείροντες

63 1422 284 1456 συναθροίσωμεν
305 1421 372 1457 πρὸς
389 1422 438 1456 τὴν
454 1421 509 1448 τῶν
524 1421 618 1448 θεόθεν
627 1421 671 1447 διὰ
685 1420 778 1456 Κύρου
804 1420 852 1446 καὶ

67 1467 187 1494 Ἰωάννου
217 1467 387 1502 γιγνομένων
408 1467 532 1503 τεράτων
561 1468 703 1503 ἀκρόασιν.
723 1467 792 1502 Φέρε
817 1466 849 1501 δὴ

62 1510 113 1545 οὖν,
129 1513 209 1546 φέρε,
228 1513 311 1539 πάλιν
323 1512 372 1544 τὰς
380 1512 434 1539 τῶν
452 1512 536 1546 ἁγίων
551 1512 634 1547 εὐχὰς
648 1511 760 1547 ἀρωγὴν
774 1512 850 1537 ἐνδυ-

64 1558 182 1593 σάμενοι,
203 1558 258 1585 τῶν
272 1558 419 1594 θαυμάτων
431 1558 629 1593 ὲγχειρίσωμεν
643 1557 692 1592 τὴν
708 1557 848 1592 διήγησιν,

63 1602 87 1626 ἐν
101 1601 204 1628 ἅπασιν
228 1602 373 1637 σύμμαχον
405 1602 454 1636 τὴν
482 1601 612 1636 ἀλήθειαν
644 1602 691 1628 καὶ
722 1601 847 1636 μάρτυρα

62 1646 108 1672 τῶν
120 1647 279 1682 λεγομένων
291 1648 458 1683 ποιούμενοι.

907 251 977 270 rutn.
996 242 1073 270 Unde
1089 248 1114 270 et
1130 251 1180 270 nos
1195 246 1258 270 ante
1268 242 1331 273 hoc,
1347 242 1419 270 sicut
1440 243 1522 268 ctiam
1535 249 1632 269 omnes
1647 243 1693 277 qui

907 289 1077 323 longioribus
1094 296 1109 315 a
1130 290 1229 323 lemplo
1244 296 1340 315 eorunt
1353 289 1448 322 spatiis
1463 288 1579 318 distant.
1598 290 1693 323 gratiae

908 335 1029 369 ipsorum
1060 335 1200 361 auditores
1228 339 1333 361 tantum
1356 341 1484 362 eramus.
1506 341 1579 360 nunc
1604 338 1693 361 autem

908 380 1076 414 inspectores
1092 380 1261 407 auditionttnt
1276 380 1400 406 veritatis
1411 379 1501 406 ell‘ecti
1529 387 1636 411 sumus,
1659 380 1694 406 ob

907 427 1049 453 oculorum
1064 426 1224 460 languorem
1239 425 1403 452 accedentes
1424 425 1457 451 ad
1474 432 1533 455 eos,
1567 429 1597 451 ut
1623 432 1694 458 prae-

906 471 1009 498 dictum
1028 475 1089 503 est;
1114 470 1161 505 qui
1177 474 1205 497 et
1233 471 1284 505 ipsi
1299 470 1445 497 sanitatem
1475 470 1639 504 carpsiutus.
1666 473 1695 497 et

907 516 976 543 alios
987 517 1121 544 sanitates
1142 516 1314 544 vindemiare
1337 516 1542 550 conspeximus.
1571 514 1692 542 Sanctus

907 563 1038 597 propheta
1050 563 1160 597 quidem
1176 569 1283 590 sacram
1295 563 1379 598 lyram
1395 566 1538 596 eoaptans,
1561 562 1632 588 simt
1644 569 1694 588 au-

906 607 1024 635 divimus
1037 608 1072 634 ita
1085 613 1112 635 et
1129 607 1260 638 vidimus.
1279 608 1312 634 ad
1327 611 1446 634 veterem
1462 606 1616 634 Jerusalem
1628 614 1694 633 can-

906 652 980 680 tihus
993 653 1111 684 clamet;
1136 660 1187 679 ttos
1204 655 1294 678 autent
1311 651 1345 678 ad
1364 655 1497 686 martyres
1512 658 1668 678 asseramus
1686 659 1693 676 :

907 705 993 732 pauca
1017 697 1051 725 de
1073 697 1149 724 vobis
1167 697 1281 724 attribtts
1306 697 1495 728 audiebamus,
1517 703 1587 730 quos
1608 695 1696 722 oculis

906 743 1025 771 vidimus
1042 747 1088 770 :et
1102 742 1216 770 modicis
1229 744 1305 777 prius
1323 743 1394 770 roris
1407 742 1490 777 guttis
1509 741 1694 776 perfundeba-

906 797 978 822 mur,
992 789 1092 824 quibus
1107 789 1205 823 linguae
1220 790 1308 816 ntthes
1322 788 1473 820 imitantes,
1485 788 1635 823 martyrico
1651 794 1695 814 sa-

907 835 1022 860 nitatttm
1036 838 1190 861 vestrarum
1210 837 1360 868 assumpta:
1375 833 1472 868 pelago
1486 832 1694 866 compluebant.

907 879 995 914 Hujus
1008 884 1098 906 autent
1115 883 1143 906 et
1159 887 1208 906 nos
1225 879 1396 913 inspectores
1410 879 1498 913 pelagi
1514 878 1590 910 facti,
1616 881 1644 905 et
1668 878 1696 905 in

907 925 993 960 ipsius
1008 929 1135 952 natantes
1154 924 1276 956 ﬂuentis,
1291 932 1352 951 cum
1367 924 1419 951 Job
1432 924 1465 950 ad
1480 931 1538 954 vos,
1552 924 1598 959 qui
1613 923 1696 958 hujus

906 970 973 998 estis
988 970 1077 1006 pelagi
1092 970 1194 1002 fontes,
1209 970 1428 997 cxclamabimus
1446 977 1452 995 :
1468 969 1566 996 auditu
1585 969 1695 1004 quidem

905 1016 981 1043 auris
995 1016 1176 1043 audiebamus
1188 1023 1237 1043 vos
1249 1016 1388 1050 primitus,
1406 1022 1481 1041 nunc
1499 1019 1593 1042 autem
1607 1015 1697 1041 oculis

904 1068 953 1088 vos
970 1061 1100 1088 vidimus.
1116 1060 1182 1094 Qua:
1213 1061 1306 1095 itaque
1323 1061 1411 1087 oculis
1424 1060 1557 1091 vidimus,
1572 1064 1600 1086 et
1613 1060 1694 1086 auri-

903 1105 956 1133 bus
971 1105 1160 1137 audiebamus,
1177 1105 1236 1131 htec
1251 1109 1278 1132 et
1296 1105 1460 1137 scribemus,
1477 1108 1504 1131 et
1515 1104 1558 1131 his
1575 1104 1620 1138 qui
1633 1111 1696 1130 cor-

905 1151 1017 1186 poribus
1030 1150 1144 1186 degunt,
1166 1153 1193 1178 et
1221 1150 1263 1178 ltis
1279 1151 1326 1185 qui
1354 1155 1417 1185 post
1445 1157 1496 1177 nos
1528 1149 1613 1176 l'uturi
1630 1154 1696 1177 sunt

904 1197 1123 1224 transntittetnus
1137 1204 1145 1222 :
1163 1196 1253 1223 venite
1264 1201 1292 1223 et
1304 1196 1394 1223 videte
1404 1203 1486 1231 opera
1500 1195 1620 1226 Domini.
1632 1204 1697 1231 quae

903 1242 994 1278 posuit
1012 1242 1134 1278 prodigia
1155 1250 1238 1277 super
1252 1247 1362 1274 terram,
1380 1250 1442 1269 cutn
1455 1242 1587 1276 proplteta
1607 1240 1692 1268 David

903 1287 997 1321 afl‘ati;
1012 1288 1174 1323 fidelemquc
1195 1289 1326 1323 populum
1347 1288 1481 1323 erigentes
1499 1295 1696 1321 congregetnus

903 1334 937 1361 ad
953 1333 1122 1361 auditionem
1138 1334 1324 1369 prodigiorum
1341 1341 1389 1368 per
1405 1334 1507 1368 Uyrum
1523 1337 1549 1360 et
1559 1331 1693 1359 Joannem

903 1379 1037 1407 divinitus
1063 1384 1243 1414 patratorum.
1263 1379 1310 1406 Eia
1331 1387 1397 1415 ergo
1420 1387 1506 1412 ntttte,
1533 1379 1574 1406 eia
1593 1379 1693 1406 iteruttt

903 1429 1062 1452 sanctorum
1079 1425 1220 1453 orationes
1245 1425 1273 1452 in
1287 1426 1419 1452 auxilium
1438 1425 1595 1456 induentes,
1619 1425 1693 1451 rela-

908 1471 1009 1498 tionem
1030 1471 1225 1498 miraculorum
1252 1472 1373 1506 ipsorum
1400 1471 1601 1506 aggrediantur.
1618 1471 1696 1497 auxi-

903 1515 1034 1544 liatricent
1048 1522 1073 1543 et
1097 1521 1194 1544 testem
1212 1524 1305 1545 eorum
1323 1525 1383 1553 quae
1404 1517 1533 1545 dicuntur
1549 1517 1694 1544 veritatem

903 1561 933 1587 in
945 1561 1073 1588 omnibus
1091 1561 1234 1589 facientes.

113 1707 262 1748 Explicit
289 1707 359 1738 laus
389 1711 569 1739 sanctorum
591 1705 929 1775 martyrunhﬂyrilet
952 1703 1104 1738 Joannis,-
1133 1706 1161 1733 ει
1187 1707 1257 1743 post
1284 1702 1420 1733 Laudem
1439 1702 1636 1742 principium

787 1754 876 1775 tracu
889 1752 988 1774 orum.

787 1752 988 1775 tracutorum.

614 1776 629 1809 ε

290 1872 346 1900 Τοῦ
361 1872 600 1907 συγ-γράφοντος.

61 1917 102 1948 Ti,-
110 1918 165 1945 τάδ’
184 1917 328 1954 ἐγραψεν;
344 1919 508 1953 Σωφρόνιος.
524 1918 630 1951 Πόθεν;
647 1918 680 1945 ὲκ
703 1916 841 1952 Φοινίκης.

89 1964 218 2000 Φοινίκης
237 1964 336 1999 ﬁtting;
353 1964 402 1999 τῆς
414 1964 662 1998 Λιϐανοστεφάνου.

62 2010 136 2036 Ἀπυ
163 2010 194 2036 δὲ
211 2010 311 2043 nato-1;
332 2010 376 2037 Ἐν
392 2007 437 2042 αἷς
460 2009 615 2045 Δαμασκός.
637 2007 710 2035 Ζῶσι
730 2007 845 2042 τοκῆες;

87 2097 139 2124 οὗ·
155 2098 243 2125 θάνον
262 2097 422 2133 ἀμφότεροι.
438 2097 548 2132 Οὖνομα
565 2096 588 2123 δ’
602 2096 665 2123 εἰπὲ
681 2095 741 2122 δύο.

59 2144 148 2179 Μήτηρ
161 2144 215 2180 μέν
230 2152 260 2170 τε
275 2143 373 2177 Μυρῶ,
394 2143 508 2177 γενὲτης
523 2142 684 2169 κικλὲσκετο
704 2140 844 2171 Πλύνθαζ.

88 2187 147 2224 Εἶχε
166 2191 264 2225 γάμον
277 2189 420 2225 γλυκερὸν,
436 2189 485 2215 καὶ
498 2189 604 2215 τοκέων
619 2188 737 2222 ἀγέλην;

58 2236 88 2259 0'3
101 2236 191 2268 γάμον
210 2236 245 2262 οὺ
260 2235 358 2266 παῖδας
373 2234 452 2269 σχέθε
466 2233 587 2266 πώποτε,
603 2234 703 2267 ἄζυγος
714 2231 774 2268 ἦεν.

88 2281 125 2316 Πῆ
139 2283 194 2316 γῆς
214 2281 349 2316 μονάσας,
365 2281 412 2307 καὶ
428 2280 500 2311 τινος
515 2281 544 2306 ὲν
560 2280 705 2316 μελάθρῳ;

64 2326 100 2351 Ἐν
112 2327 188 2361 χθονὶ
201 2326 344 2360 Θειοδόχῳ,
361 2325 409 2352 καὶ
419 2326 448 2351 ὲν
465 2323 559 2359 οὔρεσι
578 2323 785 2359 Ἱεροσολύμων,

92 2372 132 2398 Ἐν
151 2371 266 2407 μανδρῃ
287 2370 393 2406 μεγάλῃ
408 2369 552 2396 Θευδοσίου
566 2369 696 2404 μεγάλου.

60 2417 105 2443 Καὶ
120 2419 176 2444 τίσι
189 2417 267 2444 τόνδ’
284 2417 407 2443 ἐτέλεσεν
419 2416 466 2443 καὶ
479 2415 572 2442 ἔνθετο
591 2415 719 2442 Θέσκελον
741 2414 843 2450 ὖμνον;

87 2503 167 2539 Κύρῳ
185 2505 304 2539 Ἰωάννῃ
321 2504 441 2540 μάρτυσι
457 2503 598 2535 θειονόοις.

59 2548 133 2576 Time
143 2551 173 2577 δὲ
187 2551 290 2583 τόσσον
304 2550 396 2582 ἔτευξε
410 2550 471 2577 νόου
488 2550 585 2583 πόνονς
612 2549 720 2576 Οὓνεκα
748 2550 845 2577 καύτοὶ

89 2594 217 2631 ὀμμασι
235 2591 394 2627 νουσαλέοις
405 2595 497 2622 δῶκαν
510 2595 686 2631 ἄκεστορίην-

257 2641 373 2668 Σενέκα
388 2641 634 2676 ιατροσοφιστοῦ.

59 2685 132 2721 Κύρῳ
144 2687 316 2722 ἁκεστορίης
332 2688 528 2722 πανυπέρτατα
543 2687 631 2722 μέτρα
645 2686 754 2722 λαχόντι

1231 1864 1366 1891 Auctoris.

899 1910 1027 1940 Condidit
1043 1910 1100 1937 hate
1113 1909 1197 1946 quis?
1212 1909 1395 1944 Sophronias.
1409 1907 1457 1935 Dic
1470 1906 1542 1934 ttttde
1558 1905 1696 1934 creatus?

935 1956 1074 1984 Plttnnice.
1087 1955 1121 1982 At
1132 1955 1271 1990 quanam?
1285 1954 1322 1982 De
1334 1952 1586 1987 Libanoslephano.

901 2003 974 2031 Urbs
997 2001 1143 2037 quaenam?
1167 2000 1330 2028 Damascus.
1357 1999 1454 2027 Adhuc
1488 1999 1621 2025 vivuntne
1644 2005 1691 2031 pa-

1520 2044 1643 2080 [retttes‘i

932 2094 1006 2122 Mors
1019 2094 1119 2129 rapuit.
1132 2095 1237 2122 Nomen
1256 2092 1300 2120 fac
1315 2095 1345 2118 ut
1358 2095 1508 2125 utrumque
1523 2090 1622 2119 sciant.

901 2139 979 2166 Dicta
995 2138 1071 2175 Myro
1087 2145 1184 2172 mater,
1200 2139 1331 2174 Plyntltas
1345 2141 1423 2171 pater
1434 2136 1530 2163 audiit.
1546 2136 1625 2162 Anne

929 2186 1048 2214 Sortitus
1064 2186 1177 2213 charum
1191 2184 1350 2219 coniugium
1364 2190 1396 2210 ac
1411 2183 1534 2210 sobolem
1548 2182 1561 2208 ‘I

902 2231 935 2258 Et.
954 2232 1075 2259 thalamo
1089 2236 1115 2259 et
1135 2232 1205 2259 natis
1216 2238 1314 2266 expers
1332 2237 1394 2258 cum
1411 2229 1507 2257 caelibe
1523 2228 1590 2254 vita.

858 2263 886 2293 D
935 2278 985 2305 Ast
1001 2278 1058 2310 ttbi,
1074 2285 1163 2312 quove
1176 2277 1226 2304 l'uit
1239 2263 1368 2304 etenobio
1385 2275 1541 2302 monachus
1556 2273 1570 2300 ?

897 2321 926 2350 In
941 2323 1048 2350 nutrice
1061 2323 1106 2349 Dei
1123 2327 1206 2355 terra,
1223 2322 1339 2357 Solytnze
1351 2321 1534 2354 tumulisque,

933 2368 1074 2402 Amplillco
1089 2367 1116 2394 in
1132 2371 1208 2402 septo
1220 2366 1372 2394 Theudosii
1386 2365 1491 2393 eximii.

898 2413 958 2440 Jam
981 2413 1082 2449 quibus
1113 2414 1186 2441 hunc
1209 2413 1283 2440 dium
1309 2418 1477 2447 componens
1495 2411 1594 2438 obtulit
1612 2410 1692 2444 Ity-.n‘

1539 2456 1616 2492 [ttttttt
1629 2457 1640 2482 ?

933 2505 1005 2542 Cyro
1020 2514 1055 2534 ac
1065 2506 1163 2533 .loanni
1181 2505 1347 2540 martyribus
1362 2503 1467 2531 nimiis.

897 2553 952 2580 Cur
966 2561 1031 2581 vero
1051 2558 1158 2580 tantum
1169 2552 1292 2586 suscepi:
1304 2554 1396 2578 mente
1413 2551 1535 2577 laborem
1547 2550 1558 2576 ν

934 2598 966 2625 lli
982 2598 1089 2626 fuerant
1100 2598 1180 2633 aegris
1194 2597 1296 2632 quippe
1312 2596 1417 2623 medela
1432 2595 1532 2622 oculis.

1093 2644 1197 2670 Seneca:
1215 2641 1412 2674 t'attoaophistaz
1429 2640 1497 2676 (ll).

896 2689 968 2725 Cyro
978 2690 1023 2725 qui
1038 2689 1143 2717 ntedica
1161 2695 1217 2723 prte
1232 2688 1340 2715 cunctis
1355 2686 1438 2722 pollet
1453 2685 1488 2712 ab
1512 2688 1584 2716 arte,

831 2736 946 2765 NOTAE.

85 2780 138 2814 (lt)
156 2782 200 2809 Ab
223 2781 363 2817 Anastasii
388 2781 546 2817 interpretis
564 2781 662 2809 Latino
679 2782 773 2809 codice
792 2783 838 2809 ab-

58 2821 113 2841 sunt
127 2817 185 2844 ἤπια
207 2816 408 2850 epigrammata
427 2816 572 2850 Sopltrouii
586 2825 616 2844 ac
630 2818 741 2844 Senecze
754 2818 838 2844 iatro-

59 2852 198 2884 tnphistte;
216 2859 280 2886 quae
296 2857 385 2878 tamen
411 2853 436 2878 in
453 2852 548 2880 (ἕπετο
560 2853 706 2886 exemplari
726 2860 838 2887 conser—

890 2788 950 2825 vata
975 2789 1054 2815 sunt:
1080 2793 1166 2820 caque
1186 2792 1237 2813 nos
1253 2784 1366 2813 totidem
1382 2783 1509 2812 versibus
1525 2781 1623 2809 Latina
1646 2779 1685 2807 fe-

890 2828 988 2848 ίίΙΙὶὶιΗ.
