1909 3078
71 145 136 177 3-i‘25

544 138 692 168 LAUDES
704 136 746 166 IN
764 135 814 165 SS.
836 133 965 163 CYRUM
980 132 1027 162 ΕΤ
1046 129 1231 161 JOANNEM.

1624 126 1694 157 3526

109 199 137 223 '0
148 196 178 223 δὲ.
195 195 287 229 πατὴρ
310 193 371 224 τοὺς
396 191 530 225 σοϐαρῶς
553 190 608 215 τῶν
642 188 742 223 ἰατρῶν
770 194 878 220 προσ-λ

946 185 1004 216 Qua
1023 184 1056 211 de
1075 191 1103 210 re
1120 187 1197 217 pater
1211 182 1272 216 ejus
1293 179 1477 214 elegaitiores
1492 178 1627 206 advocatis
1641 169 1697 205 me-

71 244 246 277 καλούμενος,
261 240 308 267 τοῦ
320 241 382 266 νέου
399 239 430 264 τὸ
444 238 529 268 πάθος
545 237 690 265 ἐδείκνυεν,
721 234 767 260 ml.
796 233 859 267 βοη-

71 289 124 314 θεῖν
133 286 270 321 ἠντιϐόλει
283 284 321 319 τῷ
332 284 407 310 παιδὶ
418 282 610 309 κινδυνεύοντι,
622 281 669 306 καὶ
685 278 796 314 μισθοὺς
809 277 859 311 τῆς

73 332 218 366 Θεραπείας
242 330 430 363 προσέφερεν.
451 328 482 353 Οἱ
497 327 524 352 δὲ
540 326 585 352 τὸν
607 324 750 351 Ἰουλιανὸν
770 322 867 357 (τοῦτο.

72 379 123 412 γὰρ
137 375 171 410 ἦν
188 376 276 409 ὄνομα
292 374 331 408 τῷ
346 373 446 407 πατρὶ)
462 373 506 398 διὰ
521 371 605 405 τιμῆς
629 370 750 398 πλείονος
778 368 860 400 ἆγον-

72 432 124 454 τες,
140 423 188 448 καὶ
203 421 249 446 τὸν
266 419 349 446 παῖδα
363 419 489 453 στέργειν
503 417 575 451 ὑπὲρ
600 416 681 441 αὐτὸν
709 412 862 447 ἐπομνύμε-

72 477 119 498 νοι,
135 469 182 494 καὶ
196 466 285 496 ἄλλως
309 473 368 495 πως
380 464 430 497 τὴν
446 463 530 497 ὁλκὴν
554 461 609 487 τῶν
637 459 741 494 μισθῶν
764 457 861 492 ἐφηδό-

75 512 214 547 μενοι,τῆς
225 520 255 536 τε
267 510 346 536 νόσου
356 509 405 543 τὴν
420 508 514 534 ἄκεσιν
528 507 607 542 χρέος
620 504 689 531 εἶναι
699 503 861 538 διώμνυντο,

74 559 118 584 καὶ
130 557 234 591 ταύτην
247 556 317 582 αἰδοῖ
331 556 378 581 καὶ
393 556 460 589 τιμῇ
472 554 520 580 τοῦ
538 553 651 587 πατρὸς.
672 551 717 578 καὶ
731 550 806 585 πόοῳ
816 549 864 576 καὶ

75 604 174 637 στοργῇ
195 602 243 628 τοῦ
257 602 351 632 παιδος
367 601 520 636 παρασχεῖν
536 598 748 633 ἐπηγγέλλοντο.
766 596 822 622 Καὶ
832 594 864 629 δὴ

74 650 161 676 πάντα
176 649 211 674 τὰ
227 650 277 682 τῆς
291 647 388 682 τέχνης
402 647 575 680 κινήσαντες,
594 644 642 670 καὶ
658 645 714 674 τοῖς
729 642 798 676 ὑπὲρ
816 641 866 674 τῆς

74 696 181 729 τέχνης,
201 695 225 720 εἰ
245 694 318 720 ἔστιν
334 693 432 724 εἰπεῖν,
450 691 672 726 ὲγχωρὴσαντες,
697 688 804 722 ὤνησαν
821 687 866 712 οὑ-

75 741 118 767 δέν
131 748 138 754 “
157 740 219 765 ἐπεὶ
231 740 287 769 τοῖς
305 738 439 772 μάρτυσιν
458 737 492 762 τὰ
505 735 550 762 τοῦ
570 734 663 766 παιδὸς
679 735 802 769 ἐτηρεῖτο
813 741 867 758 σω-

75 787 166 820 τηρία.
185 784 287 810 Τοῦτον
304 784 360 818 γὰρ
380 783 393 808 ὁ
406 783 509 817 πατὴρ,
531 780 586 806 τῶν
605 779 705 814 ἰατρῶν
733 778 867 813 ἀφελόμε-

76 841 131 862 νος,
146 832 204 862 τοῖς
233 830 317 859 δντως
336 829 437 863 ἰατροῖς
471 827 554 862 Κύρῳ
571 826 619 852 καὶ
649 825 758 859 Ἰωάννῃ
787 831 869 857 προσ-

77 878 187 912 ήνεγκε,
197 874 235 901 ὦν
247 874 296 908 τὴν
308 873 402 908 τιμίαν
415 873 492 907 σορὸν
509 871 688 906 καταϐρέχων
702 870 759 900 τοῖς
774 868 873 903 δάκρυ-

79 931 130 952 σιν,
148 921 275 956 ἀρωγοὺς
290 919 417 953 γενέσθαι
435 918 481 944 τοῦ
507 917 602 947 παιδὸς
631 915 795 945 ὲλιτάνευεν,
822 913 870 939 καὶ

80 969 117 1002 μὴ
133 967 259 1002 παριδεῖν
277 965 360 992 αὐτοῦ
377 965 421 991 τὸν
439 963 496 990 υἱὸν
520 961 672 997 τηλικούτῳ
685 960 800 986 κλύδωνι
813 967 871 984 συν-

79 1015 220 1048 εχόμενον.
236 1012 268 1038 Οἱ
281 1011 309 1037 δὲ
326 1010 373 1036 τοῦ
389 1010 518 1044 γέροντος
530 1008 743 1037 ἐπακούσαντες,
768 1005 816 1031 καὶ
837 1003 872 1030 τὰ

80 1059 129 1093 τῆς
145 1058 229 1092 εὐχῆς
245 1057 296 1083 οὐκ
310 1055 495 1090 ἀτιμάσαντες
511 1054 626 1089 δάκρυα.
644 1053 691 1078 καὶ
702 1052 746 1078 τὸν
759 1051 817 1077 νέον
831 1050 872 1077 ἰά-

75 1112 174 1144 1σαντο,
191 1103 320 1129 κάκείνου
343 1101 388 1127 τοῦ
416 1100 504 1126 δεινοῦ
533 1099 710 1134 περιδερῥέου
737 1096 872 1131 λαμπρῶς

82 1150 285 1185 ἠλευθέρωσαν.

124 1195 243 1220 Ἀὂικεῖν
271 1192 301 1218 δὲ
327 1191 440 1226 νομίζω,
467 1191 490 1217 εί
520 1191 556 1226 μὴ
578 1191 626 1217 καὶ
650 1189 699 1224 τῆς
727 1187 874 1223 θεραπείας

80 1240 198 1275 ¹μνήμην
223 1238 392 1273 ποιήσωμαι.
412 1237 488 1272 Ἐπεὶ
500 1236 554 1272 γὰρ
568 1236 614 1262 τὸν
625 1234 732 1261 νεανίαν
747 1233 875 1267 ἀνεώρων

85 1286 257 1320 ὑπέροφρυν,
282 1284 330 1309 καὶ
352 1282 392 1317 τῷ
427 1282 473 1318 τοῦ
497 1282 613 1307 πλούτου
639 1280 781 1314 φυσήματι
807 1278 875 1313 πρὸς

84 1331 248 1362 ἀλαζονείαν
261 1330 415 1364 αἰρόμενον,
442 1329 472 1354 οὺ
500 1327 632 1362 πρότερον
655 1326 702 1352 τοῦ
719 1324 875 1360 σωματικοῦ

83 1377 208 1407 τένοντος
220 1376 270 1406 τὰς
286 1375 403 1409 οἰδήσεις
419 1373 608 1403 κατέπαυσαν,
625 1373 648 1398 εἰ
664 1371 715 1406 μὴ’
725 1373 773 1405 τῆς
786 1370 877 1404 ψυχῆς

84 1423 135 1458 τὴν
152 1422 310 1456 φλεγμονὴν
337 1421 543 1454 ἑθεράπευσαν⁸
566 1418 651 1444 πλείω
667 1418 722 1452 γὰρ
748 1417 798 1451 τῆς
823 1416 878 1442 τῶν

86 1469 180 1503 ψυχῶν
195 1467 299 1497 ίὰσεως
315 1466 362 1492 καὶ
377 1465 511 1495 ἀπαθείας
526 1464 728 1498 φροντίζουσιν.
754 1462 806 1488 Τὸν
832 1460 878 1487 οὖν

87 1514 248 1549 Ἀμμώνιον
258 1513 332 1546 ψυχῇ
343 1511 472 1537 νοσοῦντα
487 1510 535 1536 καὶ
550 1509 655 1544 σώματι
667 1507 820 1542 βλέποντες,
831 1505 878 1531 καὶ

87 1561 150 1590 τοὺς
162 1558 303 1592 ἑκατέρων
312 1556 429 1591 αὐχένας
449 1555 542 1586 κακῶς
553 1555 733 1588 διακείμενον,
744 1551 816 1578 οὓτω
830 1551 878 1585 τῆς

88 1604 240 1639 θεραπείας
252 1602 370 1638 ἠξίωσαν
378 1609 385 1616 ·
395 1602 502 1635 πρῶτον
513 1601 561 1635 μὲν
569 1600 603 1626 τὰ
611 1600 663 1634 πρὸ
671 1600 719 1634 τῆς
729 1596 878 1632 σεϐασμίου

89 1648 180 1674 αὐτῶν
199 1646 281 1681 σοροῦ
311 1645 412 1681 σαροῦν
433 1646 633 1675 ἐπιτάττουσιν,
647 1644 721 1674 ὅπως
743 1641 816 1676 μάθῃ
843 1642 880 1676 μὴ

91 1694 286 1728 ὑπερφρονεῖν,
306 1692 349 1718 ἵνα
364 1691 408 1718 διὰ
418 1692 468 1725 τῆς
493 1691 533 1721 είς
557 1690 591 1716 τὰ
609 1690 683 1715 κάτω
708 1689 754 1715 καὶ
775 1689 815 1719 είς
828 1688 880 1721 γῆν

93 1737 294 1769 κατανεύσεως,
314 1737 375 1763 ὅθεν
395 1745 425 1762 τε
445 1735 548 1770 ἐλήφθη
563 1735 713 1761 διδάσκοιτο
726 1753 733 1765 ,
753 1733 800 1759 καὶ
813 1733 880 1758 ὃπου

94 1783 177 1817 φησὶν
189 1783 204 1808 ὁ
212 1781 279 1813 Θεὸς
285 1781 324 1816 τῷ
333 1781 538 1816 πρωτοπλάστῳ
546 1780 641 1814 Ἀδάμθ
651 1788 660 1804 α
671 1779 714 1805 Ἐν
730 1777 821 1812 ἱδρῶτι
834 1775 881 1803 τοῦ

95 1828 244 1861 προσώπου
270 1834 316 1852 σου
345 1828 418 1860 φαγῇ
438 1826 483 1852 τὸν
511 1826 592 1856 ἄρτον
616 1833 673 1856 σου,
697 1824 748 1856 ἓως
763 1821 793 1850 οὗ
813 1824 883 1849 ἁπο-

95 1872 206 1907 οτρὲψω
229 1880 260 1898 σε
280 1873 319 1902 εἰς
339 1871 391 1906 γῆν
409 1871 438 1903 ἐξ
464 1869 498 1906 ἦς
517 1871 647 1905 ἐλήφθης,
662 1870 703 1896 ὃτι
728 1869 765 1903 γῆ
783 1867 809 1895 εἴ
837 1868 883 1894 καὶ

95 1919 133 1948 εἰς
145 1918 200 1951 γῆν
217 1916 364 1952 ἀπελεύσῃ.
394 1925 403 1941 ι
426 1917 480 1942 Καὶ
499 1916 567 1950 πρὸς
581 1916 647 1942 θεὸν
663 1915 744 1942 Δαὸὶδ
759 1915 773 1940 ὁ
789 1914 885 1940 θεσπέ-

95 1970 152 1994 σιος
166 1970 172 1976 ·
189 1972 199 1988 ι
227 1962 380 1989 Ἀντανελεί
407 1961 438 1988 τὺ
459 1962 568 1996 πνεῦμα
589 1962 680 1988 αὐτῶν
698 1962 745 1988 καὶ
775 1962 815 1993 είς
838 1962 883 1987 τὸν

95 2009 160 2043 χοῦν
178 2008 270 2035 αὐτῶν
285 2008 504 2044 ἐπιστρέφουσιν.
521 2017 530 2033 ι

136 2055 209 2080 Ἀλλ·
223 2052 272 2079 οὖν
285 2054 335 2088 τῆς
347 2053 438 2088 ψυχῆς
452 2053 499 2079 τοῦ
514 2053 574 2079 νέου
587 2053 632 2079 τὸν
645 2054 726 2086 ὖγκον
749 2054 886 2089 μαράναν-

95 2108 154 2132 τες,
173 2099 223 2126 καὶ
237 2099 312 2129 ὅστις
325 2099 367 2133 εἴη
393 2098 488 2133 μαθεῖν
513 2098 727 2132 ἀναγκάσαντες,
743 2099 788 2124 ἐπὶ
797 2099 827 2124 τὸ
839 2097 885 2124 τοῦ

98 2145 259 2182 σωματικοῦ
291 2145 426 2180 τραχήλου
453 2145 501 2176 τὰς
526 2146 653 2180 χοιράδας
680 2146 710 2172 τὺ
741 2146 886 2180 φάρμακον

913 230 1049 257 dieorum.
1064 227 1248 254 adolescentis
1271 225 1459 260 aegritudinem
1471 223 1676 251 demonstrabat
1688 231 1697 255 ς

914 279 940 301 et
957 279 982 300 ut
1001 273 1170 308 adjutorium
1184 272 1287 298 ferrent
1303 269 1468 305 periclitanti
1484 277 1571 304 puero
1594 268 1696 303 suppli-

913 318 1004 347 eabat.
1031 317 1227 350 mercedesque
1249 323 1322 342 curre
1345 315 1494 349 condignas
1508 334 1515 346 ,
1538 314 1699 348 priusquam

916 372 1011 391 curam
1043 363 1175 394 facerent,
1196 361 1378 396 proponebat.
1401 360 1441 387 Illi
1461 367 1526 387 vero
1546 359 1699 390 Julianum,

915 409 988 444 quod
1006 412 1064 435 erat
1079 415 1178 434 nomen
1198 407 1283 439 patris
1298 405 1369 438 ejus,
1389 404 1416 430 in
1442 404 1530 429 multo
1549 403 1653 429 honore
1670 410 1701 429 se

915 461 1020 489 gerere.
1047 459 1218 487 puerumque
1234 451 1348 484 diligere
1363 456 1445 483 super
1470 456 1532 475 eum
1549 448 1700 482 jurabant;

916 499 1038 534 alioquin
1052 504 1077 524 ct
1091 505 1174 524 onere
1188 496 1344 522 mercedum
1365 494 1461 525 illecti,
1473 493 1702 528 mgritudiniscu-

915 553 973 571 ram
998 548 1028 571 ut
1045 544 1165 570 debitam
1183 547 1294 576 propter
1313 540 1493 567 reverentiam
1516 543 1543 565 et
1570 539 1701 565 honorem

917 591 1015 625 patris,
1035 596 1211 622 amoremque
1226 585 1412 613 adolescentis
1427 589 1454 611 et
1471 584 1607 615 allectum,
1624 583 1702 610 exhi-

918 637 982 663 bere
1008 635 1213 669 promittebam.
1241 633 1340 659 Verum
1370 631 1416 657 ubi
1438 631 1530 657 omnia
1554 638 1615 664 qua)
1637 630 1705 656 artis

918 682 1028 708 fuerant
1051 682 1227 714 peregerunt,
1251 681 1350 711 etqum
1368 684 1451 709 super
1475 681 1559 701 artem
1580 679 1655 706 sunt,
1681 674 1705 700 si

919 728 1065 754 dicendum
1082 731 1135 756 est,
1156 724 1224 751 nihil
1239 722 1412 758 profuerunt,
1427 721 1532 747 idcirco
1545 720 1617 755 quod
1632 727 1706 746 mar-

920 773 1027 808 tyribus
1042 771 1119 806 pueri
1133 770 1214 804 hujus
1226 768 1389 796 servabatur
1401 767 1528 799 salVatio,
1544 767 1616 792 hunc
1631 771 1708 799 pater

922 818 1064 845 amedicis
1086 816 1226 844 auferens.
1252 813 1285 840 ad
1312 820 1394 840 veros
1417 812 1540 838 medicos
1562 811 1663 846 Cyrum
1681 814 1709 837 ct

886 863 910 892 B
924 863 1058 891 Joannem
1075 862 1208 893 adduxit;
1223 867 1341 894 quorum
1360 858 1543 885 venerabilem
1555 856 1710 884 confessio-

921 917 982 936 nem
1005 907 1135 942 lacrymis
1153 907 1284 940 irrigans,
1299 904 1431 930 auxilium
1449 905 1520 929 terre
1543 901 1709 928 adolescenti

922 954 1067 989 poscebat;
1080 960 1129 979 nec
1140 953 1348 978 contemnerent
1365 948 1449 974 filium
1464 949 1523 982 ejus
1544 943 1618 975 tanta
1635 955 1710 973 com-

923 1006 1047 1034 pressum
1074 997 1265 1024 fluctuatione.
1297 994 1329 1020 lli
1374 1001 1438 1021 vero
1463 995 1536 1020 senis
1558 994 1710 1020 oralionem

921 1045 1083 1074 exaudiunt,
1102 1043 1162 1077 ejus
1183 1041 1262 1068 ﬂetus
1283 1048 1337 1067 non
1362 1039 1512 1074 aspernati,
1542 1044 1569 1065 et
1595 1046 1710 1073 puerum

923 1094 1102 1121 curaverunt,
1116 1093 1142 1116 et
1158 1097 1190 1116 ex
1208 1088 1253 1114 illa
1267 1086 1378 1113 collaris
1387 1086 1458 1112 cutis
1473 1086 1593 1120 pernicie
1608 1085 1712 1112 clarius

923 1140 1065 1164 crucrunt.

957 1182 1094 1215 lnjustum
1111 1184 1203 1207 autem
1214 1179 1354 1210 existimo,
1369 1178 1422 1205 nisi
1436 1181 1463 1204 et
1479 1176 1632 1204 curationis
1655 1183 1713 1203 me-

926 1229 1040 1254 moriam
1062 1227 1205 1254 faciamus.
1226 1226 1331 1252 Etenim
1353 1225 1475 1252 videntes
1499 1223 1624 1250 eumdem
1646 1222 1713 1249 ado-

926 1274 1075 1301 lescentem
1091 1273 1239 1307 supercilio
1254 1272 1402 1303 elevari,et
1419 1269 1567 1303 opulentiae
1588 1268 1657 1295 fastu
1680 1267 1713 1293 ad

927 1319 1107 1345 elevationem
1123 1317 1230 1347 extolli.
1257 1325 1312 1344 non
1331 1316 1408 1351 prius
1427 1314 1579 1349 corporalis
1599 1312 1715 1340 cervicis

929 1369 1053 1391 tumores
1066 1363 1242 1392 sedaverunt.
1260 1370 1341 1396 (tuam
1357 1361 1454 1388 animae
1465 1359 1715 1394 jactantiamcura-

928 1410 1046 1436 vissent.
1062 1408 1130 1435 Plus
1148 1408 1219 1435 enim
1234 1409 1323 1434 salute
1335 1407 1461 1441 corporis
1473 1406 1625 1432 animarum
1648 1403 1718 1429 inte-

929 1456 1058 1490 gritatem
1084 1454 1251 1482 desiderant.
1282 1454 1459 1480 Ammonium
1494 1459 1559 1486 ergo
1581 1456 1607 1477 et
1626 1450 1718 1476 anima

930 1507 1107 1538 aegrotantem
1122 1502 1246 1528 videntes
1262 1505 1289 1527 et
1305 1507 1432 1534 corpore,
1446 1504 1473 1526 et
1484 1503 1600 1532 utraque
1611 1496 1718 1523 cervice

931 1550 1050 1583 pessime
1064 1548 1256 1579 constitutum,
1271 1546 1323 1573 hoc
1343 1545 1423 1572 modo
1438 1552 1500 1572 cum
1517 1551 1615 1570 curare
1627 1543 1720 1577 digna-

932 1596 951 1621 ti
970 1599 1054 1622 sunt:
1067 1594 1188 1629 primum
1208 1593 1318 1627 quidem
1334 1591 1517 1619 venerabilem
1538 1597 1634 1616 eorum
1650 1597 1719 1615 con—

933 1640 1080 1667 fessionem
1094 1639 1274 1666 mundiflcare
1292 1639 1372 1665 mand
1379 1641 1468 1668 antes,
1480 1640 1616 1670 quatenus
1628 1635 1720 1661 disce-

934 1691 975 1714 ret
991 1695 1045 1714 non
1072 1695 1153 1721 super
1180 1693 1276 1720 sapere
1304 1693 1386 1719 quam
1405 1688 1512 1718 oportet
1541 1689 1645 1716 sapere,
1673 1680 1719 1707 sed

934 1733 1063 1760 deorsum
1079 1733 1225 1760 inclinatus
1239 1733 1265 1758 in
1276 1736 1390 1762 terram,
1404 1731 1474 1756 unde
1485 1733 1611 1763 sumptus
1625 1731 1677 1757 est,
1693 1729 1720 1753 et

935 1779 979 1805 ubi
993 1783 1054 1811 post
1069 1778 1207 1805 modicum
1221 1785 1382 1804 reversurus
1406 1780 1458 1806 est,
1480 1775 1634 1800 aultliscerel
1650 1773 1722 1799 sicut

935 1826 972 1851 ait
991 1825 1121 1851 Dominus
1140 1824 1174 1850 ad
1189 1823 1274 1850 Adam
1292 1832 1298 1849 :
1318 1832 1326 1847 ι
1342 1822 1411 1854 Quia
1426 1827 1496 1848 terra
1516 1829 1555 1852 es,
1568 1824 1595 1845 et
1620 1819 1646 1844 in
1667 1821 1722 1844 ter-

934 1877 992 1896 ram
1012 1869 1083 1900 ibis.
1109 1868 1196 1896 donec
1217 1868 1386 1895 convertaris
1420 1867 1447 1893 in
1478 1872 1577 1892 terram
1605 1865 1638 1890 de
1669 1869 1724 1897 qua

935 1919 1060 1948 sumptus
1077 1921 1106 1941 es
1117 1915 1149 1939 “.
1165 1922 1174 1938 ι
1198 1913 1228 1939 Et
1240 1913 1274 1940 ad
1291 1914 1374 1940 Deum
1394 1912 1476 1937 David
1492 1910 1622 1937 divinitus
1639 1909 1722 1935 dicit:

938 1969 947 1984 ι
964 1958 1078 1985 Auferes
1096 1958 1222 1992 spiritum
1235 1965 1330 1984 eorum
1346 1961 1372 1983 et
1393 1956 1531 1986 deﬁcient,
1545 1960 1569 1982 et
1585 1956 1612 1981 in
1630 1953 1726 1987 pulve-

936 2013 993 2033 rcm
1015 2013 1095 2032 suum
1115 2009 1308 2031 convertentur
1321 2005 1352 2030 ³³.
1367 2013 1376 2029 ι

975 2060 1014 2087 Ita
1026 2068 1090 2094 ergo
1107 2065 1243 2087 tumorem
1258 2062 1357 2087 animm
1381 2059 1564 2086 adolescentis
1584 2067 1726 2086 maceran-

938 2110 989 2136 tes.
1008 2110 1035 2132 et
1053 2107 1115 2140 quis
1134 2110 1208 2133 esset
1223 2106 1366 2133 addiscere
1381 2110 1563 2137 coarctantes,
1577 2107 1609 2130 ad
1622 2105 1728 2132 scrofa-

940 2159 1000 2178 rum
1021 2152 1190 2186 passionem,
1212 2160 1273 2186 quaa
1299 2152 1324 2178 in
1347 2159 1480 2185 corporeo
1500 2156 1610 2186 gutture
1627 2152 1726 2180 fuerat.

98 2192 232 2226 ἔπεμπον.
255 2191 340 2217 Τυῦτο
353 2191 381 2217 δὲ
399 2189 433 2226 ἦν
445 2191 495 2226 τῆς
510 2192 599 2218 αὐτῶν
615 2194 741 2228 κηρωτῆς
755 2195 770 2228 ἡ
783 2193 878 2219 παναλ-

942 2198 1106 2225 medicinam
1125 2198 1333 2225 mandaverunt.
1347 2197 1403 2224 lloc
1418 2201 1507 2224 autem
1521 2197 1621 2224 ceratis
1634 2205 1728 2223 eorum

101 2237 150 2272 κὴς
166 2237 351 2272 ἑμπλαστρος,
369 2237 403 2271 ἢν
423 2236 499 2271 ἄρτῳ
519 2237 659 2272 μιχθεῖσαν
682 2239 833 2273 περιθεῖναι
848 2238 887 2274 τῷ

99 2282 230 2317 τραχήλῳ
242 2281 412 2315 προσέταξαν
424 2289 431 2296 ·
448 2283 494 2308 καὶ
509 2283 556 2317 τῆς
570 2282 623 2308 τῶν
634 2283 721 2316 ἁγίων
740 2284 888 2319 γενομένης

102 2328 264 2358 κελεύσεως,
280 2327 327 2353 τοῦ
346 2327 449 2359 πάθους
461 2328 475 2354 ό
490 2330 554 2359 παῖς
561 2328 746 2368 ἀπηλλάττετο
756 2338 763 2346 ·
778 2331 808 2356 οὐ
823 2331 888 2358 πολ-

102 2373 162 2405 λαῖς
177 2373 233 2408 γὰρ
249 2375 310 2405 ταῖς
326 2373 442 2408 ἡμέραις
467 2375 602 2409 ἀντισχεῖν
623 2377 650 2403 αἱ
672 2377 797 2411 χοιράδες
820 2377 889 2412 πρὸς

102 2419 132 2444 τὸ
144 2418 291 2452 φάρμακον
307 2418 430 2453 ἴσχυσαν.
443 2419 523 2446 Ὅθεν
540 2421 710 2453 ἐπιτεθέντος
733 2424 830 2456 αὑταῖς
842 2423 888 2449 τοῦ

104 2461 290 2497 βοηθήματος,
305 2462 391 2494 οὕτως
405 2464 488 2495 ὀξέως
499 2464 594 2500 ὥσπερ
618 2466 690 2498 τινὸς
716 2469 891 2501 μαστίξαντος

105 2508 189 2539 αὑτὰς
209 2508 227 2543 ἢ
244 2508 389 2540 διώκοντος
411 2509 510 2543 ἔφυγον
525 2518 531 2525 '
546 2511 593 2536 καὶ
614 2512 690 2545 ἄφνω
712 2513 892 2549 διαρρήξασαι

105 2554 135 2580 τδ
157 2555 285 2589 περιέχον
308 2555 393 2586 αὑτὰς
411 2555 459 2581 τοῦ
485 2556 598 2591 αὐχένος
617 2558 760 2593 δερμάτων
782 2561 834 2595 πρὸ
845 2561 893 2587 τοῦ

106 2599 159 2625 τῶν
179 2599 266 2633 ἁγίων
282 2600 382 2626 ἔπεσαν
398 2602 538 2637 μνήματος
551 2610 557 2616 ·
575 2602 705 2637 ἑξήκοντα
721 2605 750 2631 δὲ
764 2603 833 2640 ἦσαν
847 2608 895 2633 καὶ

108 2645 177 2672 ἑπτὰ
187 2645 234 2671 τὸν
245 2644 373 2680 ἀριθμὸν,
384 2646 421 2677 ὡς
435 2647 528 2681 ἔλεγον
549 2649 633 2680 αὐτὰς
648 2650 671 2674 ot
696 2651 896 2685 μετρήσαντες·

108 2691 140 2723 ἃς
158 2692 182 2717 οἱ
194 2692 255 2718 τότε
269 2691 309 2725 τῷ
321 2692 372 2725 νειῖι
386 2693 590 2727 διακονούμενοι
611 2695 657 2720 ἐπὶ
678 2695 778 2727 πολλὰς
790 2697 897 2732 ἡμέρας

110 2737 162 2772 πρὸ
185 2737 233 2763 τοῦ
255 2737 310 2763 τῶν
336 2738 420 2771 ἁγίων
439 2738 568 2774 ᾐώρησαν
598 2741 751 2774 μνήματος,
778 2742 827 2778 τὴν
843 2742 897 2768 τῶν

145 2822 165 2838 ¹¹
180 2826 250 2855 Gen.
269 2834 310 2858 ιιι,
330 2826 371 2852 19.
410 2827 431 2842 ³³
449 2827 520 2855 Psal.
533 2835 590 2859 cur,
608 2828 653 2856 9.9.

941 2245 1120 2279 omnipotens
1137 2244 1316 2277 emplastrum
1335 2243 1478 2277 fuit,qund
1495 2251 1558 2269 cum
1575 2251 1642 2276 pane
1655 2251 1729 2268 com-

942 2290 1053 2316 mistum
1069 2290 1172 2324 gutturi
1192 2290 1252 2324 ejus
1267 2291 1368 2324 impwni
1397 2294 1584 2324 praeceperunt
1599 2299 1607 2316 :
1626 2293 1732 2316 sancto-

942 2343 1060 2369 rttutquc
1073 2335 1201 2369 jussione
1216 2340 1335 2369 perat-la.
1353 2337 1386 2361 ile
1399 2336 1560 2368 :rgritudine
1574 2344 1640 2369 puer
1653 2344 1711 2364 eri-1
1721 2347 1733 2354 ι·

945 2386 992 2409 tus
1008 2387 1050 2409 est
1065 2391 1072 2409 :
1091 2390 1140 2409 nec
1153 2382 1225 2408 enim
1242 2382 1335 2408 multis
1346 2382 1443 2408 d.ebus
1455 2388 1548 2408 contra
1565 2391 1660 2409 eorum
1676 2391 1733 2408 me.-

941 2427 1067 2456 dieinam
1081 2427 1180 2454 scrofa:
1196 2427 1324 2453 resistere
1336 2427 1490 2459 valuerunt;
1504 2426 1641 2460 adiutorio
1656 2428 1735 2460 quip-

947 2480 980 2506 pe
994 2473 1034 2499 eis
1059 2473 1247 2507 superposito.
1266 2473 1399 2499 velociter
1427 2478 1556 2506 tauquam
1584 2473 1675 2506 aliquo
1688 2473 1736 2499 lla-

947 2519 1070 2553 gellante
1083 2526 1130 2546 eas
1154 2523 1180 2545 ct
1203 2523 1392 2553 persequente,
1420 2518 1520 2553 fugata:
1535 2523 1610 2551 sunt,
1629 2523 1656 2546 et
1672 2526 1736 2546 acre

949 2564 1104 2598 aperientes
1132 2564 1249 2591 cervicis
1271 2568 1377 2596 cutem,
1397 2569 1425 2591 et
1447 2572 1501 2599 qua
1523 2566 1736 2592 continebantur

948 2615 1119 2644 rumpentes,
1133 2615 1196 2638 ante
1209 2615 1367 2638 sanctorum
1385 2612 1545 2638 memoriam
1559 2613 1733 2640 ceciderunt:

948 2656 1089 2690 sexaginta
1107 2661 1134 2684 et
1152 2662 1256 2692 septem
1278 2665 1342 2685 vero
1360 2658 1472 2686 fuerunt
1486 2667 1610 2691 numero,
1629 2660 1702 2687 sicut
1716 2668 1732 2686 a

948 2703 1157 2730 numerantibus
1181 2711 1228 2730 cas
1253 2704 1439 2733 dicebantur:
1464 2714 1533 2740 quas
1551 2707 1596 2740 qui
1619 2710 1685 2734 tunc
1709 2706 1739 2733 in

948 2746 1063 2775 basilica
1083 2749 1288 2783 ministrabant,
1314 2759 1363 2785 per
1387 2752 1488 2780 multos
1507 2752 1566 2780 dies
1584 2757 1648 2780 ante
1672 2759 1739 2780 san-
