  <div class='ocr_page' id='page_1' title='image "/cluster/home/n/w/nwhite01/storage/ocr_20150623/87, pt.3/njp.32101010943817/359.png"; bbox 0 0 1909 3078; ppageno 0'>
   <div class='ocr_carea' id='block_1_1' title="bbox 210 148 280 182">
    <p class='ocr_par' dir='ltr' id='par_1_1' title="bbox 210 148 280 182">
     <span class='ocr_line' id='line_1_1' title="bbox 210 148 280 182; baseline -0.029 0"><span class='ocrx_word' id='word_1_1' title='bbox 210 148 280 182; x_wconf 73' lang='grc'><strong>3427</strong></span> 
     </span>
    </p>
   </div>
   <div class='ocr_carea' id='block_1_2' title="bbox 650 146 1418 180">
    <p class='ocr_par' dir='ltr' id='par_1_2' title="bbox 650 146 1418 180">
     <span class='ocr_line' id='line_1_2' title="bbox 650 146 1418 180; baseline 0.001 -3"><span class='ocrx_word' id='word_1_2' title='bbox 650 147 681 177; x_wconf 89' lang='lat' dir='ltr'><strong>S.</strong></span> <span class='ocrx_word' id='word_1_3' title='bbox 702 146 910 178; x_wconf 80' lang='lat' dir='ltr'><strong>SOPHRONII</strong></span> <span class='ocrx_word' id='word_1_4' title='bbox 939 147 1193 180; x_wconf 73' lang='lat' dir='ltr'><strong>PATRIARCH/E</strong></span> <span class='ocrx_word' id='word_1_5' title='bbox 1218 147 1418 179; x_wconf 81' lang='lat' dir='ltr'><strong>HIEROSOL.</strong></span> 
     </span>
    </p>
   </div>
   <div class='ocr_carea' id='block_1_3' title="bbox 1775 147 1843 180">
    <p class='ocr_par' dir='ltr' id='par_1_3' title="bbox 1775 147 1843 180">
     <span class='ocr_line' id='line_1_3' title="bbox 1775 147 1843 180; baseline 0 0"><span class='ocrx_word' id='word_1_6' title='bbox 1775 147 1843 180; x_wconf 61' lang='grc' dir='ltr'>εμπ</span> 
     </span>
    </p>
   </div>
   <div class='ocr_carea' id='block_1_4' title="bbox 212 201 1009 239">
    <p class='ocr_par' dir='ltr' id='par_1_4' title="bbox 212 202 1004 238">
     <span class='ocr_line' id='line_1_4' title="bbox 212 202 1004 238; baseline -0.005 -5"><span class='ocrx_word' id='word_1_7' title='bbox 212 211 322 234; x_wconf 80' lang='lat' dir='ltr'><strong>etorum</strong></span> <span class='ocrx_word' id='word_1_8' title='bbox 338 203 500 231; x_wconf 82' lang='lat' dir='ltr'><strong>memoriam</strong></span> <span class='ocrx_word' id='word_1_9' title='bbox 517 202 731 237; x_wconf 81' lang='lat' dir='ltr'><strong>suspenderunt.</strong></span> <span class='ocrx_word' id='word_1_10' title='bbox 750 203 881 230; x_wconf 72' lang='lat' dir='ltr'><strong>virtutem</strong></span> <span class='ocrx_word' id='word_1_11' title='bbox 902 206 1004 238; x_wconf 79' lang='lat' dir='ltr'><strong>marty-</strong></span> 
     </span>
    </p>
   </div>
   <div class='ocr_carea' id='block_1_5' title="bbox 1054 201 1845 239">
    <p class='ocr_par' dir='ltr' id='par_1_5' title="bbox 1057 201 1845 239">
     <span class='ocr_line' id='line_1_5' title="bbox 1057 201 1845 239; baseline 0.001 -9"><span class='ocrx_word' id='word_1_12' title='bbox 1057 203 1202 239; x_wconf 83' lang='grc' dir='ltr'>μαρτύρων</span> <span class='ocrx_word' id='word_1_13' title='bbox 1219 203 1295 238; x_wconf 78' lang='grc' dir='ltr'>ἰσχὺν</span> <span class='ocrx_word' id='word_1_14' title='bbox 1307 201 1517 235; x_wconf 73' lang='grc' dir='ltr'>ἐνδεικνύμενοι,</span> <span class='ocrx_word' id='word_1_15' title='bbox 1530 201 1578 229; x_wconf 79' lang='grc' dir='ltr'>καὶ</span> <span class='ocrx_word' id='word_1_16' title='bbox 1589 202 1693 235; x_wconf 78' lang='grc' dir='ltr'><strong>πάντας</strong></span> <span class='ocrx_word' id='word_1_17' title='bbox 1705 203 1845 236; x_wconf 71' lang='grc' dir='ltr'><strong>κινοῦντες</strong></span> 
     </span>
    </p>
   </div>
   <div class='ocr_carea' id='block_1_6' title="bbox 212 246 1004 282">
    <p class='ocr_par' dir='ltr' id='par_1_6' title="bbox 212 246 1004 282">
     <span class='ocr_line' id='line_1_6' title="bbox 212 246 1004 282; baseline -0.004 -4"><span class='ocrx_word' id='word_1_18' title='bbox 212 259 274 279; x_wconf 87' lang='lat' dir='ltr'><strong>rum</strong></span> <span class='ocrx_word' id='word_1_19' title='bbox 286 250 514 278; x_wconf 78' lang='lat' dir='ltr'><strong>demonstrantes</strong></span> <span class='ocrx_word' id='word_1_20' title='bbox 534 252 708 282; x_wconf 89' lang='lat' dir='ltr'><strong>cunctosque</strong></span> <span class='ocrx_word' id='word_1_21' title='bbox 725 246 773 274; x_wconf 88' lang='lat' dir='ltr'><strong>Dei</strong></span> <span class='ocrx_word' id='word_1_22' title='bbox 797 247 950 275; x_wconf 80' lang='lat' dir='ltr'><strong>excitantes</strong></span> <span class='ocrx_word' id='word_1_23' title='bbox 971 248 1004 275; x_wconf 88' lang='lat' dir='ltr'><strong>ad</strong></span> 
     </span>
    </p>
   </div>
   <div class='ocr_carea' id='block_1_7' title="bbox 211 292 1002 328">
    <p class='ocr_par' dir='ltr' id='par_1_7' title="bbox 211 292 1002 328">
     <span class='ocr_line' id='line_1_7' title="bbox 211 292 1002 328; baseline -0.005 -5"><span class='ocrx_word' id='word_1_24' title='bbox 211 296 332 328; x_wconf 87' lang='lat' dir='ltr'><strong>laudem.</strong></span> <span class='ocrx_word' id='word_1_25' title='bbox 352 294 385 320; x_wconf 81' lang='lat' dir='ltr'><strong>Et</strong></span> <span class='ocrx_word' id='word_1_26' title='bbox 408 294 573 320; x_wconf 84' lang='lat' dir='ltr'><strong>Ammonius</strong></span> <span class='ocrx_word' id='word_1_27' title='bbox 584 293 694 327; x_wconf 78' lang='lat' dir='ltr'><strong>quidem</strong></span> <span class='ocrx_word' id='word_1_28' title='bbox 714 299 762 327; x_wconf 90' lang='lat' dir='ltr'><strong>pro</strong></span> <span class='ocrx_word' id='word_1_29' title='bbox 775 292 879 327; x_wconf 88' lang='lat' dir='ltr'><strong>duplici</strong></span> <span class='ocrx_word' id='word_1_30' title='bbox 893 293 1002 328; x_wconf 60' lang='grc' dir='ltr'><strong>εῖδει-ἰηι-</strong></span> 
     </span>
    </p>
   </div>
   <div class='ocr_carea' id='block_1_8' title="bbox 209 338 1004 374">
    <p class='ocr_par' dir='ltr' id='par_1_8' title="bbox 209 338 1004 374">
     <span class='ocr_line' id='line_1_8' title="bbox 209 338 1004 374; baseline -0.005 -6"><span class='ocrx_word' id='word_1_31' title='bbox 209 343 276 368; x_wconf 88' lang='lat' dir='ltr'><strong>dine</strong></span> <span class='ocrx_word' id='word_1_32' title='bbox 288 340 425 374; x_wconf 77' lang='lat' dir='ltr'><strong>duplicem</strong></span> <span class='ocrx_word' id='word_1_33' title='bbox 441 343 468 366; x_wconf 89' lang='lat' dir='ltr'><strong>et</strong></span> <span class='ocrx_word' id='word_1_34' title='bbox 482 338 616 366; x_wconf 81' lang='lat' dir='ltr'><strong>medelam</strong></span> <span class='ocrx_word' id='word_1_35' title='bbox 631 338 782 372; x_wconf 85' lang='lat' dir='ltr'><strong>aecipiens,</strong></span> <span class='ocrx_word' id='word_1_36' title='bbox 797 345 883 365; x_wconf 87' lang='lat' dir='ltr'><strong>sanus</strong></span> <span class='ocrx_word' id='word_1_37' title='bbox 893 339 1004 366; x_wconf 80' lang='lat' dir='ltr'><strong>rcstitu~</strong></span> 
     </span>
    </p>
   </div>
   <div class='ocr_carea' id='block_1_9' title="bbox 211 384 455 418">
    <p class='ocr_par' dir='ltr' id='par_1_9' title="bbox 211 384 455 418">
     <span class='ocr_line' id='line_1_9' title="bbox 211 384 455 418; baseline -0.008 -6"><span class='ocrx_word' id='word_1_38' title='bbox 211 392 256 412; x_wconf 76' lang='lat' dir='ltr'><strong>tus</strong></span> <span class='ocrx_word' id='word_1_39' title='bbox 269 389 310 415; x_wconf 83' lang='lat' dir='ltr'><strong>est</strong></span> <span class='ocrx_word' id='word_1_40' title='bbox 326 384 455 418; x_wconf 65' lang='lat' dir='ltr'><strong>genitori.</strong></span> 
     </span>
    </p>
   </div>
   <div class='ocr_carea' id='block_1_10' title="bbox 248 426 1004 462">
    <p class='ocr_par' dir='ltr' id='par_1_10' title="bbox 248 426 1004 462">
     <span class='ocr_line' id='line_1_10' title="bbox 248 426 1004 462; baseline -0.003 -7"><span class='ocrx_word' id='word_1_41' title='bbox 248 429 312 456; x_wconf 84' lang='lat' dir='ltr'><strong>Post</strong></span> <span class='ocrx_word' id='word_1_42' title='bbox 325 428 436 462; x_wconf 89' lang='lat' dir='ltr'><strong>aliquod</strong></span> <span class='ocrx_word' id='word_1_43' title='bbox 453 434 518 454; x_wconf 82' lang='lat' dir='ltr'><strong>vero</strong></span> <span class='ocrx_word' id='word_1_44' title='bbox 534 430 644 461; x_wconf 80' lang='lat' dir='ltr'><strong>tempus</strong></span> <span class='ocrx_word' id='word_1_45' title='bbox 665 427 766 453; x_wconf 87' lang='lat' dir='ltr'><strong>iterum</strong></span> <span class='ocrx_word' id='word_1_46' title='bbox 792 426 879 453; x_wconf 89' lang='lat' dir='ltr'><strong>elatus</strong></span> <span class='ocrx_word' id='word_1_47' title='bbox 889 432 927 453; x_wconf 94' lang='lat' dir='ltr'><strong>est</strong></span> <span class='ocrx_word' id='word_1_48' title='bbox 946 433 1004 453; x_wconf 87' lang='lat' dir='ltr'><strong>sen-</strong></span> 
     </span>
    </p>
   </div>
   <div class='ocr_carea' id='block_1_11' title="bbox 209 472 1002 507">
    <p class='ocr_par' dir='ltr' id='par_1_11' title="bbox 209 472 1002 507">
     <span class='ocr_line' id='line_1_11' title="bbox 209 472 1002 507; baseline -0.005 -6"><span class='ocrx_word' id='word_1_49' title='bbox 209 484 252 506; x_wconf 77' lang='lat' dir='ltr'><strong>su,</strong></span> <span class='ocrx_word' id='word_1_50' title='bbox 277 472 689 507; x_wconf 69' lang='lat' dir='ltr'><strong>oblivionemquepraecedentis</strong></span> <span class='ocrx_word' id='word_1_51' title='bbox 701 472 894 506; x_wconf 77' lang='lat' dir='ltr'><strong>castigationis</strong></span> <span class='ocrx_word' id='word_1_52' title='bbox 908 472 1002 498; x_wconf 84' lang='lat' dir='ltr'><strong>incur—</strong></span> 
     </span>
    </p>
   </div>
   <div class='ocr_carea' id='block_1_12' title="bbox 211 517 1003 553">
    <p class='ocr_par' dir='ltr' id='par_1_12' title="bbox 211 517 1003 553">
     <span class='ocr_line' id='line_1_12' title="bbox 211 517 1003 553; baseline -0.005 -6"><span class='ocrx_word' id='word_1_53' title='bbox 211 529 283 551; x_wconf 77' lang='lat' dir='ltr'><strong>teus,</strong></span> <span class='ocrx_word' id='word_1_54' title='bbox 300 519 438 553; x_wconf 87' lang='lat' dir='ltr'><strong>corporali</strong></span> <span class='ocrx_word' id='word_1_55' title='bbox 462 525 559 545; x_wconf 87' lang='lat' dir='ltr'><strong>rursus</strong></span> <span class='ocrx_word' id='word_1_56' title='bbox 581 517 741 544; x_wconf 83' lang='lat' dir='ltr'><strong>infirmitate</strong></span> <span class='ocrx_word' id='word_1_57' title='bbox 763 518 958 552; x_wconf 84' lang='lat' dir='ltr'><strong>corrumpitur,</strong></span> <span class='ocrx_word' id='word_1_58' title='bbox 976 521 1003 543; x_wconf 82' lang='lat' dir='ltr'><strong>et</strong></span> 
     </span>
    </p>
   </div>
   <div class='ocr_carea' id='block_1_13' title="bbox 211 563 1002 600">
    <p class='ocr_par' dir='ltr' id='par_1_13' title="bbox 211 563 1002 600">
     <span class='ocr_line' id='line_1_13' title="bbox 211 563 1002 600; baseline -0.005 -7"><span class='ocrx_word' id='word_1_59' title='bbox 211 567 323 593; x_wconf 77' lang='lat' dir='ltr'><strong>meliora</strong></span> <span class='ocrx_word' id='word_1_60' title='bbox 340 573 437 600; x_wconf 80' lang='lat' dir='ltr'><strong>sapere</strong></span> <span class='ocrx_word' id='word_1_61' title='bbox 453 569 606 599; x_wconf 75' lang='lat' dir='ltr'><strong>martyrum</strong></span> <span class='ocrx_word' id='word_1_62' title='bbox 622 563 857 597; x_wconf 70' lang='lat' dir='ltr'><strong>castigationibus</strong></span> <span class='ocrx_word' id='word_1_63' title='bbox 876 563 1002 590; x_wconf 87' lang='lat' dir='ltr'><strong>docetttr.</strong></span> 
     </span>
    </p>
   </div>
   <div class='ocr_carea' id='block_1_14' title="bbox 210 609 1004 644">
    <p class='ocr_par' dir='ltr' id='par_1_14' title="bbox 210 609 1004 644">
     <span class='ocr_line' id='line_1_14' title="bbox 210 609 1004 644; baseline -0.006 -5"><span class='ocrx_word' id='word_1_64' title='bbox 210 613 316 639; x_wconf 73' lang='lat' dir='ltr'><strong>Etenim</strong></span> <span class='ocrx_word' id='word_1_65' title='bbox 334 619 389 638; x_wconf 92' lang='lat' dir='ltr'><strong>non</strong></span> <span class='ocrx_word' id='word_1_66' title='bbox 405 609 582 637; x_wconf 78' lang='lat' dir='ltr'><strong>mediocriter</strong></span> <span class='ocrx_word' id='word_1_67' title='bbox 604 609 769 642; x_wconf 83' lang='lat' dir='ltr'><strong>infirmatus,</strong></span> <span class='ocrx_word' id='word_1_68' title='bbox 793 609 1004 644; x_wconf 81' lang='lat' dir='ltr'><strong>periclitabatur</strong></span> 
     </span>
    </p>
   </div>
   <div class='ocr_carea' id='block_1_15' title="bbox 207 654 1004 689">
    <p class='ocr_par' dir='ltr' id='par_1_15' title="bbox 207 654 1004 689">
     <span class='ocr_line' id='line_1_15' title="bbox 207 654 1004 689; baseline -0.005 -5"><span class='ocrx_word' id='word_1_69' title='bbox 207 658 242 684; x_wconf 87' lang='lat' dir='ltr'><strong>de</strong></span> <span class='ocrx_word' id='word_1_70' title='bbox 267 656 426 688; x_wconf 85' lang='lat' dir='ltr'><strong>stomacho,</strong></span> <span class='ocrx_word' id='word_1_71' title='bbox 456 655 511 681; x_wconf 91' lang='lat' dir='ltr'><strong>imo</strong></span> <span class='ocrx_word' id='word_1_72' title='bbox 542 654 714 681; x_wconf 86' lang='lat' dir='ltr'><strong>coliceumon</strong></span> <span class='ocrx_word' id='word_1_73' title='bbox 737 654 907 689; x_wconf 58' lang='lat' dir='ltr'><strong>Asclepiade</strong></span> <span class='ocrx_word' id='word_1_74' title='bbox 934 654 1004 680; x_wconf 91' lang='lat' dir='ltr'><strong>hanc</strong></span> 
     </span>
    </p>
   </div>
   <div class='ocr_carea' id='block_1_16' title="bbox 208 699 1002 737">
    <p class='ocr_par' dir='ltr' id='par_1_16' title="bbox 208 699 1002 737">
     <span class='ocr_line' id='line_1_16' title="bbox 208 699 1002 737; baseline -0.005 -8"><span class='ocrx_word' id='word_1_75' title='bbox 208 701 403 737; x_wconf 62' lang='lat' dir='ltr'><strong>aegritudinem</strong></span> <span class='ocrx_word' id='word_1_76' title='bbox 420 703 608 732; x_wconf 85' lang='lat' dir='ltr'><strong>vocaverunt;</strong></span> <span class='ocrx_word' id='word_1_77' title='bbox 624 703 651 726; x_wconf 82' lang='lat' dir='ltr'><strong>et</strong></span> <span class='ocrx_word' id='word_1_78' title='bbox 668 699 843 726; x_wconf 82' lang='lat' dir='ltr'><strong>conferentes</strong></span> <span class='ocrx_word' id='word_1_79' title='bbox 856 699 929 734; x_wconf 92' lang='lat' dir='ltr'><strong>quod</strong></span> <span class='ocrx_word' id='word_1_80' title='bbox 948 707 1002 726; x_wconf 89' lang='lat' dir='ltr'><strong>non</strong></span> 
     </span>
    </p>
   </div>
   <div class='ocr_carea' id='block_1_17' title="bbox 208 745 1004 781">
    <p class='ocr_par' dir='ltr' id='par_1_17' title="bbox 208 745 1004 781">
     <span class='ocr_line' id='line_1_17' title="bbox 208 745 1004 781; baseline -0.003 -7"><span class='ocrx_word' id='word_1_81' title='bbox 208 747 326 781; x_wconf 74' lang='lat' dir='ltr'><strong>qualitas</strong></span> <span class='ocrx_word' id='word_1_82' title='bbox 347 745 481 773; x_wconf 86' lang='lat' dir='ltr'><strong>stomachi</strong></span> <span class='ocrx_word' id='word_1_83' title='bbox 507 745 686 772; x_wconf 79' lang='lat' dir='ltr'><strong>differentiam</strong></span> <span class='ocrx_word' id='word_1_84' title='bbox 704 745 830 772; x_wconf 89' lang='lat' dir='ltr'><strong>dolorttm</strong></span> <span class='ocrx_word' id='word_1_85' title='bbox 854 745 966 777; x_wconf 84' lang='lat' dir='ltr'><strong>faceret,</strong></span> <span class='ocrx_word' id='word_1_86' title='bbox 978 750 1004 772; x_wconf 87' lang='lat' dir='ltr'><strong>et</strong></span> 
     </span>
    </p>
   </div>
   <div class='ocr_carea' id='block_1_18' title="bbox 206 791 1004 828">
    <p class='ocr_par' dir='ltr' id='par_1_18' title="bbox 206 791 1004 828">
     <span class='ocr_line' id='line_1_18' title="bbox 206 791 1004 828; baseline -0.003 -8"><span class='ocrx_word' id='word_1_87' title='bbox 206 794 355 828; x_wconf 74' lang='lat' dir='ltr'><strong>ampliores</strong></span> <span class='ocrx_word' id='word_1_88' title='bbox 379 792 429 819; x_wconf 91' lang='lat' dir='ltr'><strong>hos</strong></span> <span class='ocrx_word' id='word_1_89' title='bbox 443 799 523 826; x_wconf 88' lang='lat' dir='ltr'><strong>quam</strong></span> <span class='ocrx_word' id='word_1_90' title='bbox 541 792 587 826; x_wconf 88' lang='lat' dir='ltr'><strong>qui</strong></span> <span class='ocrx_word' id='word_1_91' title='bbox 618 796 682 818; x_wconf 86' lang='lat' dir='ltr'><strong>sunt</strong></span> <span class='ocrx_word' id='word_1_92' title='bbox 703 791 856 824; x_wconf 87' lang='lat' dir='ltr'><strong>stomachi;</strong></span> <span class='ocrx_word' id='word_1_93' title='bbox 879 791 1004 818; x_wconf 85' lang='lat' dir='ltr'><strong>conside-</strong></span> 
     </span>
    </p>
   </div>
   <div class='ocr_carea' id='block_1_19' title="bbox 208 835 1005 870">
    <p class='ocr_par' dir='ltr' id='par_1_19' title="bbox 208 835 1005 870">
     <span class='ocr_line' id='line_1_19' title="bbox 208 835 1005 870; baseline -0.003 -6"><span class='ocrx_word' id='word_1_94' title='bbox 208 842 301 864; x_wconf 80' lang='lat' dir='ltr'><strong>rantes</strong></span> <span class='ocrx_word' id='word_1_95' title='bbox 313 836 397 868; x_wconf 84' lang='lat' dir='ltr'><strong>enitu,</strong></span> <span class='ocrx_word' id='word_1_96' title='bbox 409 836 483 870; x_wconf 87' lang='lat' dir='ltr'><strong>quod</strong></span> <span class='ocrx_word' id='word_1_97' title='bbox 500 843 553 862; x_wconf 90' lang='lat' dir='ltr'><strong>non</strong></span> <span class='ocrx_word' id='word_1_98' title='bbox 566 840 624 863; x_wconf 86' lang='lat' dir='ltr'><strong>erat</strong></span> <span class='ocrx_word' id='word_1_99' title='bbox 634 843 695 863; x_wconf 89' lang='lat' dir='ltr'><strong>eum</strong></span> <span class='ocrx_word' id='word_1_100' title='bbox 709 835 812 870; x_wconf 87' lang='lat' dir='ltr'><strong>aliquid</strong></span> <span class='ocrx_word' id='word_1_101' title='bbox 830 835 918 863; x_wconf 87' lang='lat' dir='ltr'><strong>vietus</strong></span> <span class='ocrx_word' id='word_1_102' title='bbox 933 836 1005 863; x_wconf 88' lang='lat' dir='ltr'><strong>acci-</strong></span> 
     </span>
    </p>
   </div>
   <div class='ocr_carea' id='block_1_20' title="bbox 208 871 1041 917">
    <p class='ocr_par' dir='ltr' id='par_1_20' title="bbox 208 871 1041 917">
     <span class='ocr_line' id='line_1_20' title="bbox 208 871 1041 917; baseline 0 -9"><span class='ocrx_word' id='word_1_103' title='bbox 208 882 362 917; x_wconf 86' lang='lat' dir='ltr'><strong>pere.quod</strong></span> <span class='ocrx_word' id='word_1_104' title='bbox 379 889 427 914; x_wconf 83' lang='lat' dir='ltr'><strong>per</strong></span> <span class='ocrx_word' id='word_1_105' title='bbox 443 888 474 908; x_wconf 91' lang='lat' dir='ltr'><strong>os</strong></span> <span class='ocrx_word' id='word_1_106' title='bbox 492 889 546 907; x_wconf 91' lang='lat' dir='ltr'><strong>non</strong></span> <span class='ocrx_word' id='word_1_107' title='bbox 559 880 701 908; x_wconf 78' lang='lat' dir='ltr'><strong>confestim</strong></span> <span class='ocrx_word' id='word_1_108' title='bbox 717 885 939 915; x_wconf 59' lang='lat' dir='ltr'><strong>cvomcretnion</strong></span> <span class='ocrx_word' id='word_1_109' title='bbox 959 888 1006 908; x_wconf 80' lang='lat' dir='ltr'><strong>va—</strong></span> <span class='ocrx_word' id='word_1_110' title='bbox 1020 871 1041 900; x_wconf 79' lang='grc' dir='ltr'><strong>Β</strong></span> 
     </span>
    </p>
   </div>
   <div class='ocr_carea' id='block_1_21' title="bbox 207 927 1002 962">
    <p class='ocr_par' dir='ltr' id='par_1_21' title="bbox 207 927 1002 962">
     <span class='ocr_line' id='line_1_21' title="bbox 207 927 1002 962; baseline -0.003 -6"><span class='ocrx_word' id='word_1_111' title='bbox 207 929 280 956; x_wconf 80' lang='lat' dir='ltr'><strong>lente</strong></span> <span class='ocrx_word' id='word_1_112' title='bbox 293 928 354 955; x_wconf 86' lang='lat' dir='ltr'><strong>alvo</strong></span> <span class='ocrx_word' id='word_1_113' title='bbox 365 928 424 961; x_wconf 75' lang='lat' dir='ltr'><strong>ejus</strong></span> <span class='ocrx_word' id='word_1_114' title='bbox 434 927 504 962; x_wconf 85' lang='lat' dir='ltr'><strong>quod</strong></span> <span class='ocrx_word' id='word_1_115' title='bbox 523 935 569 962; x_wconf 89' lang='lat' dir='ltr'><strong>per</strong></span> <span class='ocrx_word' id='word_1_116' title='bbox 579 927 750 954; x_wconf 84' lang='lat' dir='ltr'><strong>stomachum</strong></span> <span class='ocrx_word' id='word_1_117' title='bbox 760 928 918 954; x_wconf 85' lang='lat' dir='ltr'><strong>mittebatur</strong></span> <span class='ocrx_word' id='word_1_118' title='bbox 930 928 1002 954; x_wconf 89' lang='lat' dir='ltr'><strong>reci-</strong></span> 
     </span>
    </p>
   </div>
   <div class='ocr_carea' id='block_1_22' title="bbox 209 971 993 1006">
    <p class='ocr_par' dir='ltr' id='par_1_22' title="bbox 209 971 993 1006">
     <span class='ocr_line' id='line_1_22' title="bbox 209 971 993 1006; baseline 0 -8"><span class='ocrx_word' id='word_1_119' title='bbox 209 979 283 1006; x_wconf 86' lang='lat' dir='ltr'><strong>pere,</strong></span> <span class='ocrx_word' id='word_1_120' title='bbox 297 979 329 998; x_wconf 81' lang='lat' dir='ltr'><strong>eo</strong></span> <span class='ocrx_word' id='word_1_121' title='bbox 341 971 414 1005; x_wconf 85' lang='lat' dir='ltr'><strong>quod</strong></span> <span class='ocrx_word' id='word_1_122' title='bbox 430 971 595 998; x_wconf 86' lang='lat' dir='ltr'><strong>tortionibus</strong></span> <span class='ocrx_word' id='word_1_123' title='bbox 617 971 782 1005; x_wconf 83' lang='lat' dir='ltr'><strong>constipata,</strong></span> <span class='ocrx_word' id='word_1_124' title='bbox 812 971 904 998; x_wconf 86' lang='lat' dir='ltr'><strong>cibum</strong></span> <span class='ocrx_word' id='word_1_125' title='bbox 920 971 947 998; x_wconf 92' lang='lat' dir='ltr'><strong>in</strong></span> <span class='ocrx_word' id='word_1_126' title='bbox 963 978 993 998; x_wconf 84' lang='lat' dir='ltr'><strong>se</strong></span> 
     </span>
    </p>
   </div>
   <div class='ocr_carea' id='block_1_23' title="bbox 211 1016 1002 1051">
    <p class='ocr_par' dir='ltr' id='par_1_23' title="bbox 211 1016 1002 1051">
     <span class='ocr_line' id='line_1_23' title="bbox 211 1016 1002 1051; baseline 0.001 -8"><span class='ocrx_word' id='word_1_127' title='bbox 211 1017 327 1044; x_wconf 85' lang='lat' dir='ltr'><strong>retinere</strong></span> <span class='ocrx_word' id='word_1_128' title='bbox 346 1024 400 1043; x_wconf 89' lang='lat' dir='ltr'><strong>non</strong></span> <span class='ocrx_word' id='word_1_129' title='bbox 416 1021 535 1051; x_wconf 84' lang='lat' dir='ltr'><strong>poterat;</strong></span> <span class='ocrx_word' id='word_1_130' title='bbox 553 1017 599 1043; x_wconf 85' lang='lat' dir='ltr'><strong>sed</strong></span> <span class='ocrx_word' id='word_1_131' title='bbox 613 1016 677 1043; x_wconf 93' lang='lat' dir='ltr'><strong>dum</strong></span> <span class='ocrx_word' id='word_1_132' title='bbox 702 1016 888 1047; x_wconf 85' lang='lat' dir='ltr'><strong>descenderet,</strong></span> <span class='ocrx_word' id='word_1_133' title='bbox 910 1016 1002 1044; x_wconf 88' lang='lat' dir='ltr'><strong>statim</strong></span> 
     </span>
    </p>
   </div>
   <div class='ocr_carea' id='block_1_24' title="bbox 208 1062 1004 1097">
    <p class='ocr_par' dir='ltr' id='par_1_24' title="bbox 208 1062 1004 1097">
     <span class='ocr_line' id='line_1_24' title="bbox 208 1062 1004 1097; baseline 0.003 -9"><span class='ocrx_word' id='word_1_134' title='bbox 208 1063 347 1097; x_wconf 83' lang='lat' dir='ltr'><strong>repulsum</strong></span> <span class='ocrx_word' id='word_1_135' title='bbox 365 1070 412 1096; x_wconf 83' lang='lat' dir='ltr'><strong>per</strong></span> <span class='ocrx_word' id='word_1_136' title='bbox 425 1070 455 1089; x_wconf 91' lang='lat' dir='ltr'><strong>os</strong></span> <span class='ocrx_word' id='word_1_137' title='bbox 472 1062 637 1092; x_wconf 88' lang='lat' dir='ltr'><strong>remittebat,</strong></span> <span class='ocrx_word' id='word_1_138' title='bbox 648 1070 700 1089; x_wconf 92' lang='lat' dir='ltr'><strong>non</strong></span> <span class='ocrx_word' id='word_1_139' title='bbox 713 1063 805 1090; x_wconf 89' lang='lat' dir='ltr'><strong>sinens</strong></span> <span class='ocrx_word' id='word_1_140' title='bbox 817 1071 865 1097; x_wconf 88' lang='lat' dir='ltr'><strong>per</strong></span> <span class='ocrx_word' id='word_1_141' title='bbox 877 1070 907 1090; x_wconf 93' lang='lat' dir='ltr'><strong>se</strong></span> <span class='ocrx_word' id='word_1_142' title='bbox 915 1066 1004 1091; x_wconf 84' lang='lat' dir='ltr'><strong>trans-</strong></span> 
     </span>
    </p>
   </div>
   <div class='ocr_carea' id='block_1_25' title="bbox 208 1108 1001 1143">
    <p class='ocr_par' dir='ltr' id='par_1_25' title="bbox 208 1108 1001 1143">
     <span class='ocr_line' id='line_1_25' title="bbox 208 1108 1001 1143; baseline 0.003 -9"><span class='ocrx_word' id='word_1_143' title='bbox 208 1109 275 1134; x_wconf 85' lang='lat' dir='ltr'><strong>itum</strong></span> <span class='ocrx_word' id='word_1_144' title='bbox 292 1108 394 1139; x_wconf 85' lang='lat' dir='ltr'><strong>facere;</strong></span> <span class='ocrx_word' id='word_1_145' title='bbox 407 1108 532 1140; x_wconf 85' lang='lat' dir='ltr'><strong>quamvis</strong></span> <span class='ocrx_word' id='word_1_146' title='bbox 545 1115 609 1142; x_wconf 81' lang='lat' dir='ltr'><strong>ergo</strong></span> <span class='ocrx_word' id='word_1_147' title='bbox 618 1108 687 1135; x_wconf 89' lang='lat' dir='ltr'><strong>hanc</strong></span> <span class='ocrx_word' id='word_1_148' title='bbox 695 1108 882 1143; x_wconf 75' lang='lat' dir='ltr'><strong>aegritudinem</strong></span> <span class='ocrx_word' id='word_1_149' title='bbox 894 1109 1001 1141; x_wconf 82' lang='lat' dir='ltr'><strong>medici,</strong></span> 
     </span>
    </p>
   </div>
   <div class='ocr_carea' id='block_1_26' title="bbox 204 1153 1003 1190">
    <p class='ocr_par' dir='ltr' id='par_1_26' title="bbox 204 1153 1003 1190">
     <span class='ocr_line' id='line_1_26' title="bbox 204 1153 1003 1190; baseline 0.003 -10"><span class='ocrx_word' id='word_1_150' title='bbox 204 1159 233 1180; x_wconf 78' lang='lat' dir='ltr'><strong>et</strong></span> <span class='ocrx_word' id='word_1_151' title='bbox 243 1155 346 1189; x_wconf 85' lang='lat' dir='ltr'><strong>quique</strong></span> <span class='ocrx_word' id='word_1_152' title='bbox 364 1161 458 1181; x_wconf 84' lang='lat' dir='ltr'><strong>eorum</strong></span> <span class='ocrx_word' id='word_1_153' title='bbox 472 1153 559 1180; x_wconf 85' lang='lat' dir='ltr'><strong>induti</strong></span> <span class='ocrx_word' id='word_1_154' title='bbox 573 1159 637 1180; x_wconf 80' lang='lat' dir='ltr'><strong>sunt</strong></span> <span class='ocrx_word' id='word_1_155' title='bbox 647 1154 780 1186; x_wconf 90' lang='lat' dir='ltr'><strong>tribones,</strong></span> <span class='ocrx_word' id='word_1_156' title='bbox 790 1162 1003 1190; x_wconf 81' lang='lat' dir='ltr'><strong>sermonumque</strong></span> 
     </span>
    </p>
   </div>
   <div class='ocr_carea' id='block_1_27' title="bbox 204 1198 1003 1234">
    <p class='ocr_par' dir='ltr' id='par_1_27' title="bbox 204 1198 1003 1234">
     <span class='ocr_line' id='line_1_27' title="bbox 204 1198 1003 1234; baseline 0.001 -8"><span class='ocrx_word' id='word_1_157' title='bbox 204 1200 350 1226; x_wconf 81' lang='lat' dir='ltr'><strong>dicacitate</strong></span> <span class='ocrx_word' id='word_1_158' title='bbox 368 1198 528 1231; x_wconf 79' lang='lat' dir='ltr'><strong>confidunt,</strong></span> <span class='ocrx_word' id='word_1_159' title='bbox 546 1206 642 1226; x_wconf 88' lang='lat' dir='ltr'><strong>omnes</strong></span> <span class='ocrx_word' id='word_1_160' title='bbox 654 1199 726 1226; x_wconf 90' lang='lat' dir='ltr'><strong>enim</strong></span> <span class='ocrx_word' id='word_1_161' title='bbox 743 1199 902 1232; x_wconf 87' lang='lat' dir='ltr'><strong>introibant,</strong></span> <span class='ocrx_word' id='word_1_162' title='bbox 911 1204 938 1227; x_wconf 89' lang='lat' dir='ltr'><strong>et</strong></span> <span class='ocrx_word' id='word_1_163' title='bbox 958 1207 1003 1234; x_wconf 84' lang='lat' dir='ltr'><strong>po-</strong></span> 
     </span>
    </p>
   </div>
   <div class='ocr_carea' id='block_1_28' title="bbox 205 1244 1002 1279">
    <p class='ocr_par' dir='ltr' id='par_1_28' title="bbox 205 1244 1002 1279">
     <span class='ocr_line' id='line_1_28' title="bbox 205 1244 1002 1279; baseline 0.003 -8"><span class='ocrx_word' id='word_1_164' title='bbox 205 1249 320 1272; x_wconf 89' lang='lat' dir='ltr'><strong>tuerunt</strong></span> <span class='ocrx_word' id='word_1_165' title='bbox 335 1244 444 1279; x_wconf 89' lang='lat' dir='ltr'><strong>quidem</strong></span> <span class='ocrx_word' id='word_1_166' title='bbox 461 1244 613 1276; x_wconf 85' lang='lat' dir='ltr'><strong>addiscere,</strong></span> <span class='ocrx_word' id='word_1_167' title='bbox 624 1249 777 1272; x_wconf 87' lang='lat' dir='ltr'><strong>nontamen</strong></span> <span class='ocrx_word' id='word_1_168' title='bbox 793 1245 882 1273; x_wconf 74' lang='lat' dir='ltr'><strong>idonei</strong></span> <span class='ocrx_word' id='word_1_169' title='bbox 893 1246 1002 1273; x_wconf 79' lang='lat' dir='ltr'><strong>fuerant</strong></span> 
     </span>
    </p>
   </div>
   <div class='ocr_carea' id='block_1_29' title="bbox 203 1289 1000 1326">
    <p class='ocr_par' dir='ltr' id='par_1_29' title="bbox 203 1289 1000 1326">
     <span class='ocr_line' id='line_1_29' title="bbox 203 1289 1000 1326; baseline -0.001 -9"><span class='ocrx_word' id='word_1_170' title='bbox 203 1297 345 1322; x_wconf 79' lang='lat' dir='ltr'><strong>accurare,</strong></span> <span class='ocrx_word' id='word_1_171' title='bbox 360 1290 581 1324; x_wconf 87' lang='lat' dir='ltr'><strong>quandoquidem</strong></span> <span class='ocrx_word' id='word_1_172' title='bbox 590 1289 668 1317; x_wconf 73' lang='lat' dir='ltr'><strong>valde</strong></span> <span class='ocrx_word' id='word_1_173' title='bbox 680 1291 750 1317; x_wconf 91' lang='lat' dir='ltr'><strong>hunc</strong></span> <span class='ocrx_word' id='word_1_174' title='bbox 758 1290 1000 1326; x_wconf 77' lang='lat' dir='ltr'><strong>investigaverunt,</strong></span> 
     </span>
    </p>
   </div>
   <div class='ocr_carea' id='block_1_30' title="bbox 204 1335 999 1371">
    <p class='ocr_par' dir='ltr' id='par_1_30' title="bbox 204 1335 999 1371">
     <span class='ocr_line' id='line_1_30' title="bbox 204 1335 999 1371; baseline 0.003 -10"><span class='ocrx_word' id='word_1_175' title='bbox 204 1341 231 1362; x_wconf 88' lang='lat' dir='ltr'><strong>et</strong></span> <span class='ocrx_word' id='word_1_176' title='bbox 257 1335 395 1362; x_wconf 69' lang='lat' dir='ltr'><strong>nuuucrari</strong></span> <span class='ocrx_word' id='word_1_177' title='bbox 419 1336 574 1370; x_wconf 81' lang='lat' dir='ltr'><strong>cupierint,</strong></span> <span class='ocrx_word' id='word_1_178' title='bbox 593 1339 623 1362; x_wconf 83' lang='grc' dir='ltr'><strong>ιιι</strong></span> <span class='ocrx_word' id='word_1_179' title='bbox 647 1340 674 1362; x_wconf 84' lang='grc' dir='ltr'>οι</span> <span class='ocrx_word' id='word_1_180' title='bbox 702 1336 855 1363; x_wconf 89' lang='lat' dir='ltr'><strong>mercedum</strong></span> <span class='ocrx_word' id='word_1_181' title='bbox 874 1343 999 1371; x_wconf 89' lang='lat' dir='ltr'><strong>pompatn</strong></span> 
     </span>
    </p>
   </div>
   <div class='ocr_carea' id='block_1_31' title="bbox 203 1380 998 1416">
    <p class='ocr_par' dir='ltr' id='par_1_31' title="bbox 203 1380 998 1416">
     <span class='ocr_line' id='line_1_31' title="bbox 203 1380 998 1416; baseline 0.001 -9"><span class='ocrx_word' id='word_1_182' title='bbox 203 1387 332 1416; x_wconf 79' lang='lat' dir='ltr'><strong>argento,</strong></span> <span class='ocrx_word' id='word_1_183' title='bbox 361 1385 388 1408; x_wconf 89' lang='lat' dir='ltr'><strong>et</strong></span> <span class='ocrx_word' id='word_1_184' title='bbox 410 1380 445 1407; x_wconf 86' lang='lat' dir='ltr'><strong>de</strong></span> <span class='ocrx_word' id='word_1_185' title='bbox 471 1380 606 1408; x_wconf 82' lang='lat' dir='ltr'><strong>felicitate</strong></span> <span class='ocrx_word' id='word_1_186' title='bbox 632 1381 748 1408; x_wconf 86' lang='lat' dir='ltr'><strong>curandi</strong></span> <span class='ocrx_word' id='word_1_187' title='bbox 779 1382 998 1416; x_wconf 54' lang='lat' dir='ltr'><strong>praestantiorem</strong></span> 
     </span>
    </p>
   </div>
   <div class='ocr_carea' id='block_1_32' title="bbox 203 1426 550 1462">
    <p class='ocr_par' dir='ltr' id='par_1_32' title="bbox 203 1426 550 1462">
     <span class='ocr_line' id='line_1_32' title="bbox 203 1426 550 1462; baseline 0 -9"><span class='ocrx_word' id='word_1_188' title='bbox 203 1427 318 1462; x_wconf 67' lang='lat' dir='ltr'><strong>gloriam</strong></span> <span class='ocrx_word' id='word_1_189' title='bbox 335 1426 550 1460; x_wconf 84' lang='lat' dir='ltr'><strong>conquisisseut.</strong></span> 
     </span>
    </p>
   </div>
   <div class='ocr_carea' id='block_1_33' title="bbox 240 1471 997 1505">
    <p class='ocr_par' dir='ltr' id='par_1_33' title="bbox 240 1471 997 1505">
     <span class='ocr_line' id='line_1_33' title="bbox 240 1471 997 1505; baseline 0.001 -7"><span class='ocrx_word' id='word_1_190' title='bbox 240 1472 344 1499; x_wconf 83' lang='lat' dir='ltr'><strong>Idcirco</strong></span> <span class='ocrx_word' id='word_1_191' title='bbox 369 1473 411 1499; x_wconf 91' lang='lat' dir='ltr'><strong>his</strong></span> <span class='ocrx_word' id='word_1_192' title='bbox 437 1473 567 1499; x_wconf 89' lang='lat' dir='ltr'><strong>omnibtts</strong></span> <span class='ocrx_word' id='word_1_193' title='bbox 585 1472 712 1500; x_wconf 84' lang='lat' dir='ltr'><strong>refutatis</strong></span> <span class='ocrx_word' id='word_1_194' title='bbox 733 1471 903 1505; x_wconf 74' lang='lat' dir='ltr'><strong>Ammonius.</strong></span> <span class='ocrx_word' id='word_1_195' title='bbox 933 1473 997 1500; x_wconf 84' lang='lat' dir='ltr'><strong>nul-</strong></span> 
     </span>
    </p>
   </div>
   <div class='ocr_carea' id='block_1_34' title="bbox 203 1518 996 1554">
    <p class='ocr_par' dir='ltr' id='par_1_34' title="bbox 203 1518 996 1554">
     <span class='ocr_line' id='line_1_34' title="bbox 203 1518 996 1554; baseline -0.001 -8"><span class='ocrx_word' id='word_1_196' title='bbox 203 1519 317 1554; x_wconf 80' lang='lat' dir='ltr'><strong>lumque</strong></span> <span class='ocrx_word' id='word_1_197' title='bbox 334 1527 368 1546; x_wconf 87' lang='lat' dir='ltr'><strong>ex</strong></span> <span class='ocrx_word' id='word_1_198' title='bbox 385 1519 426 1546; x_wconf 83' lang='lat' dir='ltr'><strong>eis</strong></span> <span class='ocrx_word' id='word_1_199' title='bbox 444 1518 589 1546; x_wconf 86' lang='lat' dir='ltr'><strong>inveniens</strong></span> <span class='ocrx_word' id='word_1_200' title='bbox 603 1518 804 1552; x_wconf 88' lang='lat' dir='ltr'><strong>juvamenttnu,</strong></span> <span class='ocrx_word' id='word_1_201' title='bbox 821 1519 875 1546; x_wconf 89' lang='lat' dir='ltr'><strong>nisi</strong></span> <span class='ocrx_word' id='word_1_202' title='bbox 891 1523 996 1546; x_wconf 88' lang='lat' dir='ltr'><strong>tantum</strong></span> 
     </span>
    </p>
   </div>
   <div class='ocr_carea' id='block_1_35' title="bbox 204 1563 996 1599">
    <p class='ocr_par' dir='ltr' id='par_1_35' title="bbox 204 1563 996 1599">
     <span class='ocr_line' id='line_1_35' title="bbox 204 1563 996 1599; baseline -0.003 -7"><span class='ocrx_word' id='word_1_203' title='bbox 204 1569 234 1592; x_wconf 88' lang='lat' dir='ltr'><strong>ut</strong></span> <span class='ocrx_word' id='word_1_204' title='bbox 255 1572 350 1591; x_wconf 87' lang='lat' dir='ltr'><strong>eorum</strong></span> <span class='ocrx_word' id='word_1_205' title='bbox 383 1571 467 1599; x_wconf 89' lang='lat' dir='ltr'><strong>super</strong></span> <span class='ocrx_word' id='word_1_206' title='bbox 488 1564 539 1590; x_wconf 90' lang='lat' dir='ltr'><strong>hac</strong></span> <span class='ocrx_word' id='word_1_207' title='bbox 561 1564 723 1598; x_wconf 76' lang='lat' dir='ltr'><strong>:egritudiue</strong></span> <span class='ocrx_word' id='word_1_208' title='bbox 748 1563 996 1598; x_wconf 85' lang='lat' dir='ltr'><strong>impossibilitatem</strong></span> 
     </span>
    </p>
   </div>
   <div class='ocr_carea' id='block_1_36' title="bbox 204 1610 997 1645">
    <p class='ocr_par' dir='ltr' id='par_1_36' title="bbox 204 1610 997 1645">
     <span class='ocr_line' id='line_1_36' title="bbox 204 1610 997 1645; baseline -0.001 -8"><span class='ocrx_word' id='word_1_209' title='bbox 204 1611 373 1642; x_wconf 82' lang='lat' dir='ltr'><strong>addisceret,</strong></span> <span class='ocrx_word' id='word_1_210' title='bbox 385 1615 412 1637; x_wconf 89' lang='lat' dir='ltr'><strong>et</strong></span> <span class='ocrx_word' id='word_1_211' title='bbox 423 1610 496 1645; x_wconf 88' lang='lat' dir='ltr'><strong>quod</strong></span> <span class='ocrx_word' id='word_1_212' title='bbox 505 1610 596 1637; x_wconf 82' lang='lat' dir='ltr'><strong>verbis</strong></span> <span class='ocrx_word' id='word_1_213' title='bbox 610 1610 719 1644; x_wconf 89' lang='lat' dir='ltr'><strong>quidem</strong></span> <span class='ocrx_word' id='word_1_214' title='bbox 733 1610 788 1637; x_wconf 81' lang='lat' dir='ltr'><strong>sint</strong></span> <span class='ocrx_word' id='word_1_215' title='bbox 798 1610 880 1637; x_wconf 88' lang='lat' dir='ltr'><strong>nimis</strong></span> <span class='ocrx_word' id='word_1_216' title='bbox 894 1610 997 1643; x_wconf 81' lang='lat' dir='ltr'><strong>idonei,</strong></span> 
     </span>
    </p>
   </div>
   <div class='ocr_carea' id='block_1_37' title="bbox 205 1653 997 1690">
    <p class='ocr_par' dir='ltr' id='par_1_37' title="bbox 205 1653 997 1690">
     <span class='ocr_line' id='line_1_37' title="bbox 205 1653 997 1690; baseline 0 -9"><span class='ocrx_word' id='word_1_217' title='bbox 205 1656 339 1690; x_wconf 82' lang='lat' dir='ltr'><strong>operibus</strong></span> <span class='ocrx_word' id='word_1_218' title='bbox 353 1659 444 1682; x_wconf 79' lang='lat' dir='ltr'><strong>autem</strong></span> <span class='ocrx_word' id='word_1_219' title='bbox 462 1663 560 1682; x_wconf 89' lang='lat' dir='ltr'><strong>curare</strong></span> <span class='ocrx_word' id='word_1_220' title='bbox 572 1655 728 1682; x_wconf 84' lang='lat' dir='ltr'><strong>nullatenus</strong></span> <span class='ocrx_word' id='word_1_221' title='bbox 747 1655 867 1687; x_wconf 85' lang='lat' dir='ltr'><strong>strenui;</strong></span> <span class='ocrx_word' id='word_1_222' title='bbox 886 1653 920 1681; x_wconf 92' lang='lat' dir='ltr'><strong>ad</strong></span> <span class='ocrx_word' id='word_1_223' title='bbox 941 1654 997 1688; x_wconf 85' lang='lat' dir='ltr'><strong>Cy-</strong></span> 
     </span>
    </p>
   </div>
   <div class='ocr_carea' id='block_1_38' title="bbox 205 1699 998 1736">
    <p class='ocr_par' dir='ltr' id='par_1_38' title="bbox 205 1699 998 1736">
     <span class='ocr_line' id='line_1_38' title="bbox 205 1699 998 1736; baseline 0 -9"><span class='ocrx_word' id='word_1_224' title='bbox 205 1708 264 1727; x_wconf 91' lang='lat' dir='ltr'><strong>rum</strong></span> <span class='ocrx_word' id='word_1_225' title='bbox 280 1701 380 1727; x_wconf 91' lang='lat' dir='ltr'><strong>ilerum</strong></span> <span class='ocrx_word' id='word_1_226' title='bbox 394 1705 423 1728; x_wconf 90' lang='lat' dir='ltr'><strong>et</strong></span> <span class='ocrx_word' id='word_1_227' title='bbox 435 1699 567 1727; x_wconf 80' lang='lat' dir='ltr'><strong>Joannem</strong></span> <span class='ocrx_word' id='word_1_228' title='bbox 579 1708 706 1736; x_wconf 78' lang='lat' dir='ltr'><strong>egressus</strong></span> <span class='ocrx_word' id='word_1_229' title='bbox 719 1704 771 1733; x_wconf 83' lang='lat' dir='ltr'><strong>est,</strong></span> <span class='ocrx_word' id='word_1_230' title='bbox 789 1701 863 1728; x_wconf 88' lang='lat' dir='ltr'><strong>solos</strong></span> <span class='ocrx_word' id='word_1_231' title='bbox 873 1700 925 1727; x_wconf 85' lang='lat' dir='ltr'><strong>hos</strong></span> <span class='ocrx_word' id='word_1_232' title='bbox 937 1704 998 1735; x_wconf 88' lang='lat' dir='ltr'><strong>post</strong></span> 
     </span>
    </p>
   </div>
   <div class='ocr_carea' id='block_1_39' title="bbox 205 1745 996 1780">
    <p class='ocr_par' dir='ltr' id='par_1_39' title="bbox 205 1745 996 1780">
     <span class='ocr_line' id='line_1_39' title="bbox 205 1745 996 1780; baseline -0.001 -8"><span class='ocrx_word' id='word_1_233' title='bbox 205 1745 290 1773; x_wconf 84' lang='lat' dir='ltr'><strong>Dcum</strong></span> <span class='ocrx_word' id='word_1_234' title='bbox 303 1747 420 1773; x_wconf 82' lang='lat' dir='ltr'><strong>credens</strong></span> <span class='ocrx_word' id='word_1_235' title='bbox 433 1746 573 1780; x_wconf 79' lang='lat' dir='ltr'><strong>adjutores</strong></span> <span class='ocrx_word' id='word_1_236' title='bbox 588 1748 738 1778; x_wconf 78' lang='lat' dir='ltr'><strong>exsistere;</strong></span> <span class='ocrx_word' id='word_1_237' title='bbox 754 1745 826 1773; x_wconf 90' lang='lat' dir='ltr'><strong>unde</strong></span> <span class='ocrx_word' id='word_1_238' title='bbox 838 1749 865 1772; x_wconf 89' lang='lat' dir='ltr'><strong>et</strong></span> <span class='ocrx_word' id='word_1_239' title='bbox 881 1745 996 1772; x_wconf 80' lang='lat' dir='ltr'><strong>celerem</strong></span> 
     </span>
    </p>
   </div>
   <div class='ocr_carea' id='block_1_40' title="bbox 205 1789 997 1826">
    <p class='ocr_par' dir='ltr' id='par_1_40' title="bbox 205 1789 997 1826">
     <span class='ocr_line' id='line_1_40' title="bbox 205 1789 997 1826; baseline -0.003 -8"><span class='ocrx_word' id='word_1_240' title='bbox 205 1799 302 1818; x_wconf 81' lang='lat' dir='ltr'><strong>curam</strong></span> <span class='ocrx_word' id='word_1_241' title='bbox 320 1793 436 1826; x_wconf 89' lang='lat' dir='ltr'><strong>accepit,</strong></span> <span class='ocrx_word' id='word_1_242' title='bbox 453 1792 608 1818; x_wconf 84' lang='lat' dir='ltr'><strong>mercedem</strong></span> <span class='ocrx_word' id='word_1_243' title='bbox 625 1799 776 1826; x_wconf 76' lang='lat' dir='ltr'><strong>congruam</strong></span> <span class='ocrx_word' id='word_1_244' title='bbox 795 1790 868 1823; x_wconf 78' lang='lat' dir='ltr'><strong>ﬁdei,</strong></span> <span class='ocrx_word' id='word_1_245' title='bbox 879 1789 997 1825; x_wconf 85' lang='lat' dir='ltr'><strong>quamin</strong></span> 
     </span>
    </p>
   </div>
   <div class='ocr_carea' id='block_1_41' title="bbox 203 1833 996 1869">
    <p class='ocr_par' dir='ltr' id='par_1_41' title="bbox 203 1833 996 1869">
     <span class='ocr_line' id='line_1_41' title="bbox 203 1833 996 1869; baseline -0.001 -7"><span class='ocrx_word' id='word_1_246' title='bbox 203 1844 252 1864; x_wconf 78' lang='lat' dir='ltr'><strong>eos</strong></span> <span class='ocrx_word' id='word_1_247' title='bbox 283 1836 433 1869; x_wconf 86' lang='lat' dir='ltr'><strong>habuerat,</strong></span> <span class='ocrx_word' id='word_1_248' title='bbox 457 1839 634 1862; x_wconf 78' lang='lat' dir='ltr'><strong>consecutus.</strong></span> <span class='ocrx_word' id='word_1_249' title='bbox 664 1835 699 1862; x_wconf 86' lang='lat' dir='ltr'><strong>Et</strong></span> <span class='ocrx_word' id='word_1_250' title='bbox 726 1835 859 1862; x_wconf 87' lang='lat' dir='ltr'><strong>stomachi</strong></span> <span class='ocrx_word' id='word_1_251' title='bbox 885 1833 996 1869; x_wconf 82' lang='lat' dir='ltr'><strong>quidem</strong></span> 
     </span>
    </p>
   </div>
   <div class='ocr_carea' id='block_1_42' title="bbox 201 1879 996 1915">
    <p class='ocr_par' dir='ltr' id='par_1_42' title="bbox 201 1879 996 1915">
     <span class='ocr_line' id='line_1_42' title="bbox 201 1879 996 1915; baseline -0.001 -7"><span class='ocrx_word' id='word_1_252' title='bbox 201 1883 293 1909; x_wconf 90' lang='lat' dir='ltr'><strong>oleum</strong></span> <span class='ocrx_word' id='word_1_253' title='bbox 315 1887 339 1909; x_wconf 91' lang='lat' dir='ltr'><strong>et</strong></span> <span class='ocrx_word' id='word_1_254' title='bbox 358 1889 421 1908; x_wconf 73' lang='lat' dir='ltr'><strong>cera</strong></span> <span class='ocrx_word' id='word_1_255' title='bbox 447 1881 498 1908; x_wconf 88' lang='lat' dir='ltr'><strong>fuit</strong></span> <span class='ocrx_word' id='word_1_256' title='bbox 513 1881 632 1914; x_wconf 86' lang='lat' dir='ltr'><strong>curatio,</strong></span> <span class='ocrx_word' id='word_1_257' title='bbox 649 1888 709 1915; x_wconf 73' lang='lat' dir='ltr'><strong>qua:</strong></span> <span class='ocrx_word' id='word_1_258' title='bbox 733 1879 934 1908; x_wconf 81' lang='lat' dir='ltr'><strong>confessionem</strong></span> <span class='ocrx_word' id='word_1_259' title='bbox 948 1888 996 1907; x_wconf 88' lang='lat' dir='ltr'><strong>eo-</strong></span> 
     </span>
    </p>
   </div>
   <div class='ocr_carea' id='block_1_43' title="bbox 202 1924 997 1960">
    <p class='ocr_par' dir='ltr' id='par_1_43' title="bbox 202 1924 997 1960">
     <span class='ocr_line' id='line_1_43' title="bbox 202 1924 997 1960; baseline -0.003 -6"><span class='ocrx_word' id='word_1_260' title='bbox 202 1935 263 1954; x_wconf 91' lang='lat' dir='ltr'><strong>rum</strong></span> <span class='ocrx_word' id='word_1_261' title='bbox 276 1926 395 1953; x_wconf 87' lang='lat' dir='ltr'><strong>radianti</strong></span> <span class='ocrx_word' id='word_1_262' title='bbox 407 1925 512 1960; x_wconf 76' lang='lat' dir='ltr'><strong>fulgore</strong></span> <span class='ocrx_word' id='word_1_263' title='bbox 521 1926 721 1960; x_wconf 78' lang='lat' dir='ltr'><strong>splendilicaut.</strong></span> <span class='ocrx_word' id='word_1_264' title='bbox 736 1924 775 1951; x_wconf 90' lang='lat' dir='ltr'><strong>lta</strong></span> <span class='ocrx_word' id='word_1_265' title='bbox 793 1931 819 1951; x_wconf 92' lang='lat' dir='ltr'><strong>et</strong></span> <span class='ocrx_word' id='word_1_266' title='bbox 828 1932 924 1951; x_wconf 80' lang='lat' dir='ltr'><strong>vanam</strong></span> <span class='ocrx_word' id='word_1_267' title='bbox 940 1925 997 1959; x_wconf 83' lang='lat' dir='ltr'><strong>glo-</strong></span> 
     </span>
    </p>
   </div>
   <div class='ocr_carea' id='block_1_44' title="bbox 203 1971 997 2006">
    <p class='ocr_par' dir='ltr' id='par_1_44' title="bbox 203 1971 997 2006">
     <span class='ocr_line' id='line_1_44' title="bbox 203 1971 997 2006; baseline -0.001 -7"><span class='ocrx_word' id='word_1_268' title='bbox 203 1973 269 1999; x_wconf 90' lang='lat' dir='ltr'><strong>riam</strong></span> <span class='ocrx_word' id='word_1_269' title='bbox 287 1972 386 1999; x_wconf 84' lang='lat' dir='ltr'><strong>menlis</strong></span> <span class='ocrx_word' id='word_1_270' title='bbox 405 1972 465 2005; x_wconf 87' lang='lat' dir='ltr'><strong>ejus</strong></span> <span class='ocrx_word' id='word_1_271' title='bbox 484 1971 648 2005; x_wconf 85' lang='lat' dir='ltr'><strong>competenti</strong></span> <span class='ocrx_word' id='word_1_272' title='bbox 667 1971 847 1998; x_wconf 84' lang='lat' dir='ltr'><strong>medicamine</strong></span> <span class='ocrx_word' id='word_1_273' title='bbox 862 1975 997 2006; x_wconf 82' lang='lat' dir='ltr'><strong>martyres</strong></span> 
     </span>
    </p>
   </div>
   <div class='ocr_carea' id='block_1_45' title="bbox 200 2015 997 2048">
    <p class='ocr_par' dir='ltr' id='par_1_45' title="bbox 200 2015 997 2048">
     <span class='ocr_line' id='line_1_45' title="bbox 200 2015 997 2048; baseline -0.001 -4"><span class='ocrx_word' id='word_1_274' title='bbox 200 2023 381 2044; x_wconf 84' lang='lat' dir='ltr'><strong>correxerunt</strong></span> <span class='ocrx_word' id='word_1_275' title='bbox 395 2024 401 2048; x_wconf 96' lang='lat'><strong>;</strong></span> <span class='ocrx_word' id='word_1_276' title='bbox 420 2017 519 2043; x_wconf 86' lang='lat' dir='ltr'><strong>etenim</strong></span> <span class='ocrx_word' id='word_1_277' title='bbox 536 2021 615 2043; x_wconf 87' lang='lat' dir='ltr'><strong>noete</strong></span> <span class='ocrx_word' id='word_1_278' title='bbox 630 2015 664 2042; x_wconf 93' lang='lat' dir='ltr'><strong>ad</strong></span> <span class='ocrx_word' id='word_1_279' title='bbox 672 2016 845 2042; x_wconf 74' lang='lat' dir='ltr'><strong>Atnmonium</strong></span> <span class='ocrx_word' id='word_1_280' title='bbox 858 2016 997 2044; x_wconf 85' lang='lat' dir='ltr'><strong>venientes</strong></span> 
     </span>
    </p>
   </div>
   <div class='ocr_carea' id='block_1_46' title="bbox 203 2061 998 2096">
    <p class='ocr_par' dir='ltr' id='par_1_46' title="bbox 203 2061 998 2096">
     <span class='ocr_line' id='line_1_46' title="bbox 203 2061 998 2096; baseline -0.003 -6"><span class='ocrx_word' id='word_1_281' title='bbox 203 2063 310 2090; x_wconf 82' lang='lat' dir='ltr'><strong>mollem</strong></span> <span class='ocrx_word' id='word_1_282' title='bbox 328 2068 430 2090; x_wconf 89' lang='lat' dir='ltr'><strong>vestem</strong></span> <span class='ocrx_word' id='word_1_283' title='bbox 448 2067 476 2088; x_wconf 90' lang='lat' dir='ltr'><strong>et</strong></span> <span class='ocrx_word' id='word_1_284' title='bbox 489 2061 599 2088; x_wconf 84' lang='lat' dir='ltr'><strong>fluidam</strong></span> <span class='ocrx_word' id='word_1_285' title='bbox 623 2062 759 2096; x_wconf 83' lang='lat' dir='ltr'><strong>deponere</strong></span> <span class='ocrx_word' id='word_1_286' title='bbox 784 2061 954 2096; x_wconf 60' lang='lat' dir='ltr'><strong>praecipiunt,</strong></span> <span class='ocrx_word' id='word_1_287' title='bbox 971 2065 998 2088; x_wconf 88' lang='lat' dir='ltr'><strong>et</strong></span> 
     </span>
    </p>
   </div>
   <div class='ocr_carea' id='block_1_47' title="bbox 203 2105 996 2142">
    <p class='ocr_par' dir='ltr' id='par_1_47' title="bbox 203 2105 996 2142">
     <span class='ocr_line' id='line_1_47' title="bbox 203 2105 996 2142; baseline -0.003 -8"><span class='ocrx_word' id='word_1_288' title='bbox 203 2108 364 2135; x_wconf 89' lang='lat' dir='ltr'><strong>indumento</strong></span> <span class='ocrx_word' id='word_1_289' title='bbox 379 2108 520 2142; x_wconf 86' lang='lat' dir='ltr'><strong>asperiore</strong></span> <span class='ocrx_word' id='word_1_290' title='bbox 538 2106 710 2139; x_wconf 81' lang='lat' dir='ltr'><strong>eireumtegi,</strong></span> <span class='ocrx_word' id='word_1_291' title='bbox 725 2106 758 2133; x_wconf 86' lang='lat' dir='ltr'><strong>de</strong></span> <span class='ocrx_word' id='word_1_292' title='bbox 779 2111 873 2140; x_wconf 85' lang='lat' dir='ltr'><strong>stuppa</strong></span> <span class='ocrx_word' id='word_1_293' title='bbox 886 2105 996 2140; x_wconf 86' lang='lat' dir='ltr'><strong>quidem</strong></span> 
     </span>
    </p>
   </div>
   <div class='ocr_carea' id='block_1_48' title="bbox 160 2151 997 2186">
    <p class='ocr_par' dir='ltr' id='par_1_48' title="bbox 160 2151 997 2186">
     <span class='ocr_line' id='line_1_48' title="bbox 160 2151 997 2186; baseline -0.004 -5"><span class='ocrx_word' id='word_1_294' title='bbox 160 2173 162 2175; x_wconf 86' lang='lat'><strong><em>-</em></strong></span> <span class='ocrx_word' id='word_1_295' title='bbox 202 2155 318 2186; x_wconf 76' lang='lat' dir='ltr'><strong>intexto,</strong></span> <span class='ocrx_word' id='word_1_296' title='bbox 330 2161 411 2180; x_wconf 88' lang='lat' dir='ltr'><strong>sacco</strong></span> <span class='ocrx_word' id='word_1_297' title='bbox 423 2161 488 2180; x_wconf 87' lang='lat' dir='ltr'><strong>vero</strong></span> <span class='ocrx_word' id='word_1_298' title='bbox 503 2157 614 2184; x_wconf 90' lang='lat' dir='ltr'><strong>vocato,</strong></span> <span class='ocrx_word' id='word_1_299' title='bbox 629 2153 701 2186; x_wconf 84' lang='lat' dir='ltr'><strong>quod</strong></span> <span class='ocrx_word' id='word_1_300' title='bbox 718 2151 752 2179; x_wconf 87' lang='lat' dir='ltr'><strong>ad</strong></span> <span class='ocrx_word' id='word_1_301' title='bbox 768 2152 855 2179; x_wconf 86' lang='lat' dir='ltr'><strong>instar</strong></span> <span class='ocrx_word' id='word_1_302' title='bbox 866 2151 938 2178; x_wconf 85' lang='lat' dir='ltr'><strong>sacci</strong></span> <span class='ocrx_word' id='word_1_303' title='bbox 961 2152 997 2178; x_wconf 83' lang='lat' dir='ltr'><strong>sit</strong></span> 
     </span>
    </p>
   </div>
   <div class='ocr_carea' id='block_1_49' title="bbox 1058 248 1842 285">
    <p class='ocr_par' dir='ltr' id='par_1_49' title="bbox 1058 248 1842 285">
     <span class='ocr_line' id='line_1_49' title="bbox 1058 248 1842 285; baseline 0 -9"><span class='ocrx_word' id='word_1_304' title='bbox 1058 250 1126 285; x_wconf 75' lang='grc' dir='ltr'>πρὸς</span> <span class='ocrx_word' id='word_1_305' title='bbox 1144 250 1290 284; x_wconf 85' lang='grc' dir='ltr'>οεάρεστον</span> <span class='ocrx_word' id='word_1_306' title='bbox 1303 249 1417 276; x_wconf 84' lang='grc' dir='ltr'>αἵνεσιν.</span> <span class='ocrx_word' id='word_1_307' title='bbox 1431 248 1487 275; x_wconf 79' lang='grc' dir='ltr'><strong>Καὶ</strong></span> <span class='ocrx_word' id='word_1_308' title='bbox 1508 248 1662 283; x_wconf 75' lang='grc' dir='ltr'>’Δμμώνιος</span> <span class='ocrx_word' id='word_1_309' title='bbox 1678 250 1727 284; x_wconf 80' lang='grc' dir='ltr'>μὲν</span> <span class='ocrx_word' id='word_1_310' title='bbox 1743 251 1792 276; x_wconf 76' lang='grc' dir='ltr'><strong>ἐπὶ</strong></span> <span class='ocrx_word' id='word_1_311' title='bbox 1803 251 1842 277; x_wconf 86' lang='grc' dir='ltr'>δι-</span> 
     </span>
    </p>
   </div>
   <div class='ocr_carea' id='block_1_50' title="bbox 1056 293 1844 331">
    <p class='ocr_par' dir='ltr' id='par_1_50' title="bbox 1056 293 1844 331">
     <span class='ocr_line' id='line_1_50' title="bbox 1056 293 1844 331; baseline 0.001 -10"><span class='ocrx_word' id='word_1_312' title='bbox 1056 294 1116 330; x_wconf 85' lang='grc' dir='ltr'>πλῷ</span> <span class='ocrx_word' id='word_1_313' title='bbox 1131 294 1171 330; x_wconf 82' lang='grc' dir='ltr'><strong>τῷ</strong></span> <span class='ocrx_word' id='word_1_314' title='bbox 1185 295 1318 329; x_wconf 77' lang='grc' dir='ltr'><strong>νοσήματι</strong></span> <span class='ocrx_word' id='word_1_315' title='bbox 1330 293 1428 329; x_wconf 78' lang='grc' dir='ltr'>διπλῆν</span> <span class='ocrx_word' id='word_1_316' title='bbox 1443 293 1535 320; x_wconf 80' lang='grc' dir='ltr'>λασὼν</span> <span class='ocrx_word' id='word_1_317' title='bbox 1548 295 1595 320; x_wconf 82' lang='grc' dir='ltr'>καὶ</span> <span class='ocrx_word' id='word_1_318' title='bbox 1608 294 1658 330; x_wconf 80' lang='grc' dir='ltr'>τὴν</span> <span class='ocrx_word' id='word_1_319' title='bbox 1673 295 1754 328; x_wconf 84' lang='grc' dir='ltr'>ῐασιν,</span> <span class='ocrx_word' id='word_1_320' title='bbox 1763 295 1844 331; x_wconf 73' lang='grc' dir='ltr'>ὑγιὴς</span> 
     </span>
    </p>
   </div>
   <div class='ocr_carea' id='block_1_51' title="bbox 1054 339 1221 366">
    <p class='ocr_par' dir='ltr' id='par_1_51' title="bbox 1054 339 1221 366">
     <span class='ocr_line' id='line_1_51' title="bbox 1054 339 1221 366; baseline 0 0"><span class='ocrx_word' id='word_1_321' title='bbox 1054 339 1221 366; x_wconf 86' lang='grc' dir='ltr'>ἀποδίδοται.</span> 
     </span>
    </p>
   </div>
   <div class='ocr_carea' id='block_1_52' title="bbox 1091 426 1844 465">
    <p class='ocr_par' dir='ltr' id='par_1_52' title="bbox 1091 426 1844 465">
     <span class='ocr_line' id='line_1_52' title="bbox 1091 426 1844 465; baseline 0.005 -12"><span class='ocrx_word' id='word_1_322' title='bbox 1091 426 1170 454; x_wconf 86' lang='grc' dir='ltr'>Μετὰ</span> <span class='ocrx_word' id='word_1_323' title='bbox 1182 427 1278 462; x_wconf 81' lang='grc' dir='ltr'>χρόνον</span> <span class='ocrx_word' id='word_1_324' title='bbox 1290 428 1320 454; x_wconf 79' lang='grc' dir='ltr'>δέ</span> <span class='ocrx_word' id='word_1_325' title='bbox 1336 436 1399 455; x_wconf 87' lang='grc' dir='ltr'>τινα</span> <span class='ocrx_word' id='word_1_326' title='bbox 1414 428 1496 455; x_wconf 75' lang='grc' dir='ltr'>πάλιν</span> <span class='ocrx_word' id='word_1_327' title='bbox 1510 428 1640 463; x_wconf 71' lang='grc' dir='ltr'>ἐπαρθεὶς</span> <span class='ocrx_word' id='word_1_328' title='bbox 1650 428 1690 464; x_wconf 83' lang='grc' dir='ltr'>τῷ</span> <span class='ocrx_word' id='word_1_329' title='bbox 1698 430 1844 465; x_wconf 80' lang='grc' dir='ltr'><strong>νοσήματι,</strong></span> 
     </span>
    </p>
   </div>
   <div class='ocr_carea' id='block_1_53' title="bbox 1055 473 1845 511">
    <p class='ocr_par' dir='ltr' id='par_1_53' title="bbox 1055 473 1845 511">
     <span class='ocr_line' id='line_1_53' title="bbox 1055 473 1845 511; baseline 0.006 -13"><span class='ocrx_word' id='word_1_330' title='bbox 1055 473 1102 499; x_wconf 75' lang='grc' dir='ltr'>καὶ</span> <span class='ocrx_word' id='word_1_331' title='bbox 1117 473 1201 508; x_wconf 70' lang='grc' dir='ltr'>λήθην</span> <span class='ocrx_word' id='word_1_332' title='bbox 1217 474 1268 507; x_wconf 86' lang='grc' dir='ltr'>τῆς</span> <span class='ocrx_word' id='word_1_333' title='bbox 1291 473 1482 509; x_wconf 79' lang='grc' dir='ltr'>προλασούσης</span> <span class='ocrx_word' id='word_1_334' title='bbox 1509 475 1633 505; x_wconf 79' lang='grc' dir='ltr'><strong>παιδείας</strong></span> <span class='ocrx_word' id='word_1_335' title='bbox 1660 476 1845 511; x_wconf 83' lang='grc' dir='ltr'>κτησάμενος,</span> 
     </span>
    </p>
   </div>
   <div class='ocr_carea' id='block_1_54' title="bbox 1055 519 1844 556">
    <p class='ocr_par' dir='ltr' id='par_1_54' title="bbox 1055 519 1844 556">
     <span class='ocr_line' id='line_1_54' title="bbox 1055 519 1844 556; baseline 0.003 -12"><span class='ocrx_word' id='word_1_336' title='bbox 1055 520 1200 554; x_wconf 82' lang='grc' dir='ltr'>σωματικῇ</span> <span class='ocrx_word' id='word_1_337' title='bbox 1218 519 1300 545; x_wconf 83' lang='grc' dir='ltr'>πάλιν</span> <span class='ocrx_word' id='word_1_338' title='bbox 1310 519 1438 555; x_wconf 81' lang='grc' dir='ltr'><strong>ἀσθενείᾳ</strong></span> <span class='ocrx_word' id='word_1_339' title='bbox 1449 519 1608 546; x_wconf 77' lang='grc' dir='ltr'>παιδεύεται</span> <span class='ocrx_word' id='word_1_340' title='bbox 1622 528 1628 535; x_wconf 90' lang='grc'><strong>·</strong></span> <span class='ocrx_word' id='word_1_341' title='bbox 1643 521 1690 547; x_wconf 80' lang='grc' dir='ltr'>καὶ</span> <span class='ocrx_word' id='word_1_342' title='bbox 1702 521 1736 547; x_wconf 81' lang='grc' dir='ltr'>τὰ</span> <span class='ocrx_word' id='word_1_343' title='bbox 1751 523 1844 556; x_wconf 71' lang='grc' dir='ltr'>κρείτ,</span> 
     </span>
    </p>
   </div>
   <div class='ocr_carea' id='block_1_55' title="bbox 1054 564 1849 600">
    <p class='ocr_par' dir='ltr' id='par_1_55' title="bbox 1054 564 1849 600">
     <span class='ocr_line' id='line_1_55' title="bbox 1054 564 1849 600; baseline 0.008 -11"><span class='ocrx_word' id='word_1_344' title='bbox 1054 572 1093 590; x_wconf 87' lang='grc' dir='ltr'><strong>τω</strong></span> <span class='ocrx_word' id='word_1_345' title='bbox 1109 565 1219 599; x_wconf 83' lang='grc' dir='ltr'>φρονεῖν</span> <span class='ocrx_word' id='word_1_346' title='bbox 1231 564 1379 600; x_wconf 84' lang='grc' dir='ltr'>μαρτύρων</span> <span class='ocrx_word' id='word_1_347' title='bbox 1399 565 1548 600; x_wconf 70' lang='grc' dir='ltr'><strong>ἐπιτιμίοις</strong></span> <span class='ocrx_word' id='word_1_348' title='bbox 1568 565 1735 593; x_wconf 76' lang='grc' dir='ltr'><strong>παιδεύεται.</strong></span> <span class='ocrx_word' id='word_1_349' title='bbox 1752 568 1849 595; x_wconf 77' lang='grc' dir='ltr'>Ἀοθε-</span> 
     </span>
    </p>
   </div>
   <div class='ocr_carea' id='block_1_56' title="bbox 1054 609 1845 645">
    <p class='ocr_par' dir='ltr' id='par_1_56' title="bbox 1054 609 1845 645">
     <span class='ocr_line' id='line_1_56' title="bbox 1054 609 1845 645; baseline 0.004 -10"><span class='ocrx_word' id='word_1_350' title='bbox 1054 609 1139 644; x_wconf 77' lang='grc' dir='ltr'>νήσας</span> <span class='ocrx_word' id='word_1_351' title='bbox 1153 609 1208 643; x_wconf 83' lang='grc' dir='ltr'><strong>γὰρ</strong></span> <span class='ocrx_word' id='word_1_352' title='bbox 1221 609 1252 636; x_wconf 85' lang='grc' dir='ltr'><strong>οὐ</strong></span> <span class='ocrx_word' id='word_1_353' title='bbox 1281 610 1400 645; x_wconf 83' lang='grc' dir='ltr'><strong>μετρίως</strong></span> <span class='ocrx_word' id='word_1_354' title='bbox 1424 610 1470 636; x_wconf 81' lang='grc' dir='ltr'>τὸν</span> <span class='ocrx_word' id='word_1_355' title='bbox 1497 610 1633 645; x_wconf 79' lang='grc' dir='ltr'><strong>στόμαχον</strong></span> <span class='ocrx_word' id='word_1_356' title='bbox 1655 611 1845 638; x_wconf 74' lang='grc' dir='ltr'>ἐκινδύνευεν·</span> 
     </span>
    </p>
   </div>
   <div class='ocr_carea' id='block_1_57' title="bbox 1054 650 1848 689">
    <p class='ocr_par' dir='ltr' id='par_1_57' title="bbox 1054 650 1848 689">
     <span class='ocr_line' id='line_1_57' title="bbox 1054 650 1848 689; baseline 0.005 -9"><span class='ocrx_word' id='word_1_357' title='bbox 1054 653 1214 689; x_wconf 87' lang='grc' dir='ltr'>κολικευμὺν</span> <span class='ocrx_word' id='word_1_358' title='bbox 1227 655 1255 680; x_wconf 83' lang='grc' dir='ltr'>δὲ</span> <span class='ocrx_word' id='word_1_359' title='bbox 1278 654 1378 689; x_wconf 77' lang='grc' dir='ltr'>μᾶλλον</span> <span class='ocrx_word' id='word_1_360' title='bbox 1395 655 1590 689; x_wconf 72' lang='grc' dir='ltr'>Ἀσκληπιάδαι</span> <span class='ocrx_word' id='word_1_361' title='bbox 1601 650 1633 682; x_wconf 68' lang='grc' dir='ltr'><strong>τὸ</strong></span> <span class='ocrx_word' id='word_1_362' title='bbox 1646 657 1733 688; x_wconf 74' lang='grc' dir='ltr'>πάθος</span> <span class='ocrx_word' id='word_1_363' title='bbox 1752 658 1848 684; x_wconf 73' lang='grc' dir='ltr'>ἐκάλε-</span> 
     </span>
    </p>
   </div>
   <div class='ocr_carea' id='block_1_58' title="bbox 1055 700 1844 739">
    <p class='ocr_par' dir='ltr' id='par_1_58' title="bbox 1055 700 1844 739">
     <span class='ocr_line' id='line_1_58' title="bbox 1055 700 1844 739; baseline 0.005 -14"><span class='ocrx_word' id='word_1_364' title='bbox 1055 708 1104 725; x_wconf 91' lang='grc' dir='ltr'><strong>σαν</strong></span> <span class='ocrx_word' id='word_1_365' title='bbox 1117 706 1125 713; x_wconf 90' lang='grc'>⁶</span> <span class='ocrx_word' id='word_1_366' title='bbox 1139 700 1186 726; x_wconf 74' lang='grc' dir='ltr'>καὶ</span> <span class='ocrx_word' id='word_1_367' title='bbox 1203 700 1341 735; x_wconf 85' lang='grc' dir='ltr'><strong>στομάχου</strong></span> <span class='ocrx_word' id='word_1_368' title='bbox 1358 700 1480 727; x_wconf 82' lang='grc' dir='ltr'>διάθεσιν</span> <span class='ocrx_word' id='word_1_369' title='bbox 1497 701 1528 727; x_wconf 81' lang='grc' dir='ltr'>τὸ</span> <span class='ocrx_word' id='word_1_370' title='bbox 1552 701 1680 736; x_wconf 76' lang='grc' dir='ltr'>διάφορον</span> <span class='ocrx_word' id='word_1_371' title='bbox 1696 702 1751 728; x_wconf 83' lang='grc' dir='ltr'>τῶν</span> <span class='ocrx_word' id='word_1_372' title='bbox 1761 703 1844 739; x_wconf 82' lang='grc' dir='ltr'>ἀλγη-</span> 
     </span>
    </p>
   </div>
   <div class='ocr_carea' id='block_1_59' title="bbox 1052 745 1847 781">
    <p class='ocr_par' dir='ltr' id='par_1_59' title="bbox 1052 745 1847 781">
     <span class='ocr_line' id='line_1_59' title="bbox 1052 745 1847 781; baseline 0.005 -10"><span class='ocrx_word' id='word_1_373' title='bbox 1052 745 1135 772; x_wconf 88' lang='grc' dir='ltr'>δόνων</span> <span class='ocrx_word' id='word_1_374' title='bbox 1148 746 1344 781; x_wconf 75' lang='grc' dir='ltr'>συγκρίνοντες</span> <span class='ocrx_word' id='word_1_375' title='bbox 1355 754 1363 761; x_wconf 92' lang='grc'><strong>·</strong></span> <span class='ocrx_word' id='word_1_376' title='bbox 1374 746 1421 772; x_wconf 78' lang='grc' dir='ltr'>καὶ</span> <span class='ocrx_word' id='word_1_377' title='bbox 1438 745 1546 780; x_wconf 75' lang='grc' dir='ltr'><strong>μείζους</strong></span> <span class='ocrx_word' id='word_1_378' title='bbox 1557 746 1659 775; x_wconf 79' lang='grc' dir='ltr'>ταύτας</span> <span class='ocrx_word' id='word_1_379' title='bbox 1672 747 1687 781; x_wconf 84' lang='grc' dir='ltr'>ἢ</span> <span class='ocrx_word' id='word_1_380' title='bbox 1699 748 1770 774; x_wconf 79' lang='grc' dir='ltr'>κατὰ</span> <span class='ocrx_word' id='word_1_381' title='bbox 1785 750 1847 775; x_wconf 86' lang='grc' dir='ltr'><strong>στό-</strong></span> 
     </span>
    </p>
   </div>
   <div class='ocr_carea' id='block_1_60' title="bbox 1055 790 1846 828">
    <p class='ocr_par' dir='ltr' id='par_1_60' title="bbox 1055 790 1846 828">
     <span class='ocr_line' id='line_1_60' title="bbox 1055 790 1846 828; baseline 0.004 -11"><span class='ocrx_word' id='word_1_382' title='bbox 1055 799 1141 826; x_wconf 88' lang='grc' dir='ltr'>μαχον</span> <span class='ocrx_word' id='word_1_383' title='bbox 1159 791 1304 825; x_wconf 83' lang='grc' dir='ltr'>βλέποντες</span> <span class='ocrx_word' id='word_1_384' title='bbox 1319 800 1326 807; x_wconf 76' lang='grc'><strong>⁸</strong></span> <span class='ocrx_word' id='word_1_385' title='bbox 1343 791 1405 818; x_wconf 77' lang='grc' dir='ltr'>οὔτε</span> <span class='ocrx_word' id='word_1_386' title='bbox 1431 793 1484 826; x_wconf 76' lang='grc' dir='ltr'><strong>γὰρ</strong></span> <span class='ocrx_word' id='word_1_387' title='bbox 1506 790 1540 827; x_wconf 88' lang='grc' dir='ltr'>ἦν</span> <span class='ocrx_word' id='word_1_388' title='bbox 1564 792 1654 819; x_wconf 83' lang='grc' dir='ltr'>αὐτῶν</span> <span class='ocrx_word' id='word_1_389' title='bbox 1667 802 1740 824; x_wconf 83' lang='grc' dir='ltr'>τινος</span> <span class='ocrx_word' id='word_1_390' title='bbox 1759 792 1846 828; x_wconf 77' lang='grc' dir='ltr'>μετα-</span> 
     </span>
    </p>
   </div>
   <div class='ocr_carea' id='block_1_61' title="bbox 1053 836 1847 874">
    <p class='ocr_par' dir='ltr' id='par_1_61' title="bbox 1053 836 1847 874">
     <span class='ocr_line' id='line_1_61' title="bbox 1053 836 1847 874; baseline 0.004 -12"><span class='ocrx_word' id='word_1_391' title='bbox 1053 836 1156 869; x_wconf 78' lang='grc' dir='ltr'>λαϐεϊν,</span> <span class='ocrx_word' id='word_1_392' title='bbox 1172 837 1186 863; x_wconf 81' lang='grc' dir='ltr'><strong>ὃ</strong></span> <span class='ocrx_word' id='word_1_393' title='bbox 1211 837 1248 872; x_wconf 84' lang='grc' dir='ltr'>μὴ</span> <span class='ocrx_word' id='word_1_394' title='bbox 1264 837 1345 863; x_wconf 84' lang='grc' dir='ltr'>πάλιν</span> <span class='ocrx_word' id='word_1_395' title='bbox 1369 837 1507 872; x_wconf 80' lang='grc' dir='ltr'><strong>ἀνήγαγεν</strong></span> <span class='ocrx_word' id='word_1_396' title='bbox 1534 837 1615 869; x_wconf 75' lang='grc' dir='ltr'>εὐθὺς</span> <span class='ocrx_word' id='word_1_397' title='bbox 1637 837 1680 864; x_wconf 85' lang='grc' dir='ltr'><strong>διὰ</strong></span> <span class='ocrx_word' id='word_1_398' title='bbox 1698 838 1847 874; x_wconf 80' lang='grc' dir='ltr'>στόματος,</span> 
     </span>
    </p>
   </div>
   <div class='ocr_carea' id='block_1_62' title="bbox 1059 881 1846 918">
    <p class='ocr_par' dir='ltr' id='par_1_62' title="bbox 1059 881 1846 918">
     <span class='ocr_line' id='line_1_62' title="bbox 1059 881 1846 918; baseline 0.004 -10"><span class='ocrx_word' id='word_1_399' title='bbox 1059 881 1096 917; x_wconf 86' lang='grc' dir='ltr'><strong>μὴ</strong></span> <span class='ocrx_word' id='word_1_400' title='bbox 1109 881 1260 916; x_wconf 83' lang='grc' dir='ltr'>δυναμένης</span> <span class='ocrx_word' id='word_1_401' title='bbox 1274 881 1356 908; x_wconf 84' lang='grc' dir='ltr'>αὑτοῦ</span> <span class='ocrx_word' id='word_1_402' title='bbox 1375 882 1424 917; x_wconf 81' lang='grc' dir='ltr'><strong>τῆς</strong></span> <span class='ocrx_word' id='word_1_403' title='bbox 1440 884 1560 917; x_wconf 79' lang='grc' dir='ltr'>γαστρὸς</span> <span class='ocrx_word' id='word_1_404' title='bbox 1576 883 1607 909; x_wconf 81' lang='grc' dir='ltr'>τὸ</span> <span class='ocrx_word' id='word_1_405' title='bbox 1627 883 1703 918; x_wconf 80' lang='grc' dir='ltr'>παρὰ</span> <span class='ocrx_word' id='word_1_406' title='bbox 1717 885 1764 910; x_wconf 81' lang='grc' dir='ltr'>τοῦ</span> <span class='ocrx_word' id='word_1_407' title='bbox 1781 893 1846 913; x_wconf 81' lang='grc' dir='ltr'>στο-</span> 
     </span>
    </p>
   </div>
   <div class='ocr_carea' id='block_1_63' title="bbox 1058 927 1846 964">
    <p class='ocr_par' dir='ltr' id='par_1_63' title="bbox 1058 927 1846 964">
     <span class='ocr_line' id='line_1_63' title="bbox 1058 927 1846 964; baseline 0.004 -11"><span class='ocrx_word' id='word_1_408' title='bbox 1058 928 1145 962; x_wconf 78' lang='grc' dir='ltr'>μάχου</span> <span class='ocrx_word' id='word_1_409' title='bbox 1170 928 1345 962; x_wconf 82' lang='grc' dir='ltr'>πεμπόμενον</span> <span class='ocrx_word' id='word_1_410' title='bbox 1371 927 1508 960; x_wconf 75' lang='grc' dir='ltr'>δέξασθαι,</span> <span class='ocrx_word' id='word_1_411' title='bbox 1534 929 1596 963; x_wconf 76' lang='grc' dir='ltr'>ἥτις</span> <span class='ocrx_word' id='word_1_412' title='bbox 1628 931 1685 960; x_wconf 79' lang='grc' dir='ltr'>τοῖς</span> <span class='ocrx_word' id='word_1_413' title='bbox 1717 931 1846 964; x_wconf 59' lang='grc' dir='ltr'>στρόφοις</span> 
     </span>
    </p>
   </div>
   <div class='ocr_carea' id='block_1_64' title="bbox 1054 965 1844 1008">
    <p class='ocr_par' dir='ltr' id='par_1_64' title="bbox 1054 965 1844 1008">
     <span class='ocr_line' id='line_1_64' title="bbox 1054 965 1844 1008; baseline 0.005 -9"><span class='ocrx_word' id='word_1_414' title='bbox 1054 973 1214 1008; x_wconf 80' lang='grc' dir='ltr'><strong>πιεζομένη,</strong></span> <span class='ocrx_word' id='word_1_415' title='bbox 1231 974 1277 999; x_wconf 80' lang='grc' dir='ltr'>καὶ</span> <span class='ocrx_word' id='word_1_416' title='bbox 1291 965 1542 1008; x_wconf 48' lang='grc' dir='ltr'>δριμυτέραιξταίς</span> <span class='ocrx_word' id='word_1_417' title='bbox 1558 975 1647 1006; x_wconf 86' lang='grc' dir='ltr'>ἀνίαις</span> <span class='ocrx_word' id='word_1_418' title='bbox 1667 975 1844 1008; x_wconf 78' lang='grc' dir='ltr'>δουλεύσασα,</span> 
     </span>
    </p>
   </div>
   <div class='ocr_carea' id='block_1_65' title="bbox 1055 1019 1845 1055">
    <p class='ocr_par' dir='ltr' id='par_1_65' title="bbox 1055 1019 1845 1055">
     <span class='ocr_line' id='line_1_65' title="bbox 1055 1019 1845 1055; baseline 0.004 -10"><span class='ocrx_word' id='word_1_419' title='bbox 1055 1019 1148 1054; x_wconf 81' lang='grc' dir='ltr'>μένειν</span> <span class='ocrx_word' id='word_1_420' title='bbox 1161 1020 1190 1045; x_wconf 74' lang='grc' dir='ltr'>ἐν</span> <span class='ocrx_word' id='word_1_421' title='bbox 1203 1019 1272 1054; x_wconf 80' lang='grc' dir='ltr'>αὐτῇ</span> <span class='ocrx_word' id='word_1_422' title='bbox 1287 1019 1338 1054; x_wconf 82' lang='grc' dir='ltr'>τὴν</span> <span class='ocrx_word' id='word_1_423' title='bbox 1351 1019 1456 1054; x_wconf 78' lang='grc' dir='ltr'>τροφὴν</span> <span class='ocrx_word' id='word_1_424' title='bbox 1477 1019 1527 1045; x_wconf 80' lang='grc' dir='ltr'>οὐκ</span> <span class='ocrx_word' id='word_1_425' title='bbox 1545 1019 1682 1055; x_wconf 82' lang='grc' dir='ltr'>ἡνίσχετο,</span> <span class='ocrx_word' id='word_1_426' title='bbox 1696 1021 1764 1047; x_wconf 81' lang='grc' dir='ltr'>ἀλλὰ</span> <span class='ocrx_word' id='word_1_427' title='bbox 1777 1022 1845 1048; x_wconf 60' lang='grc' dir='ltr'>ϐᾶτε</span> 
     </span>
    </p>
   </div>
   <div class='ocr_carea' id='block_1_66' title="bbox 1053 1065 1845 1101">
    <p class='ocr_par' dir='ltr' id='par_1_66' title="bbox 1053 1065 1845 1101">
     <span class='ocr_line' id='line_1_66' title="bbox 1053 1065 1845 1101; baseline 0.004 -10"><span class='ocrx_word' id='word_1_428' title='bbox 1053 1073 1100 1091; x_wconf 85' lang='grc' dir='ltr'><strong>τον</strong></span> <span class='ocrx_word' id='word_1_429' title='bbox 1113 1065 1199 1099; x_wconf 80' lang='grc' dir='ltr'>αὐτὴν</span> <span class='ocrx_word' id='word_1_430' title='bbox 1215 1065 1365 1091; x_wconf 74' lang='grc' dir='ltr'>κατιοῦσαν</span> <span class='ocrx_word' id='word_1_431' title='bbox 1384 1065 1553 1099; x_wconf 76' lang='grc' dir='ltr'><strong>ἀνέπεμπεν,</strong></span> <span class='ocrx_word' id='word_1_432' title='bbox 1575 1066 1622 1092; x_wconf 78' lang='grc' dir='ltr'>καὶ</span> <span class='ocrx_word' id='word_1_433' title='bbox 1649 1066 1693 1093; x_wconf 85' lang='grc' dir='ltr'>διὰ</span> <span class='ocrx_word' id='word_1_434' title='bbox 1709 1068 1845 1101; x_wconf 80' lang='grc' dir='ltr'>στόματος</span> 
     </span>
    </p>
   </div>
   <div class='ocr_carea' id='block_1_67' title="bbox 1053 1110 1844 1146">
    <p class='ocr_par' dir='ltr' id='par_1_67' title="bbox 1053 1110 1844 1146">
     <span class='ocr_line' id='line_1_67' title="bbox 1053 1110 1844 1146; baseline 0.004 -10"><span class='ocrx_word' id='word_1_435' title='bbox 1053 1110 1191 1145; x_wconf 65' lang='grc' dir='ltr'>ἔρριπτεν,</span> <span class='ocrx_word' id='word_1_436' title='bbox 1212 1110 1297 1137; x_wconf 78' lang='grc' dir='ltr'>δίοδον</span> <span class='ocrx_word' id='word_1_437' title='bbox 1321 1110 1356 1137; x_wconf 88' lang='grc' dir='ltr'>δι’</span> <span class='ocrx_word' id='word_1_438' title='bbox 1378 1110 1478 1144; x_wconf 77' lang='grc' dir='ltr'>ἑαυτῆς</span> <span class='ocrx_word' id='word_1_439' title='bbox 1503 1110 1534 1137; x_wconf 82' lang='grc' dir='ltr'>οὐ</span> <span class='ocrx_word' id='word_1_440' title='bbox 1552 1111 1718 1146; x_wconf 83' lang='grc' dir='ltr'>παρέχουσα,</span> <span class='ocrx_word' id='word_1_441' title='bbox 1736 1112 1844 1139; x_wconf 80' lang='grc' dir='ltr'>Ἀλλέἰ</span> 
     </span>
    </p>
   </div>
   <div class='ocr_carea' id='block_1_68' title="bbox 1052 1148 1844 1191">
    <p class='ocr_par' dir='ltr' id='par_1_68' title="bbox 1052 1148 1844 1191">
     <span class='ocr_line' id='line_1_68' title="bbox 1052 1148 1844 1191; baseline 0.003 -10"><span class='ocrx_word' id='word_1_442' title='bbox 1052 1155 1083 1181; x_wconf 83' lang='grc' dir='ltr'>τὸ</span> <span class='ocrx_word' id='word_1_443' title='bbox 1099 1155 1184 1186; x_wconf 82' lang='grc' dir='ltr'>πάθος</span> <span class='ocrx_word' id='word_1_444' title='bbox 1197 1155 1223 1181; x_wconf 85' lang='grc' dir='ltr'>οί</span> <span class='ocrx_word' id='word_1_445' title='bbox 1247 1155 1335 1190; x_wconf 78' lang='grc' dir='ltr'>ἰατροὶ</span> <span class='ocrx_word' id='word_1_446' title='bbox 1357 1156 1406 1181; x_wconf 80' lang='grc' dir='ltr'>καὶ</span> <span class='ocrx_word' id='word_1_447' title='bbox 1442 1154 1544 1180; x_wconf 86' lang='grc' dir='ltr'>τούτων</span> <span class='ocrx_word' id='word_1_448' title='bbox 1568 1156 1592 1181; x_wconf 77' lang='grc' dir='ltr'>οἱ</span> <span class='ocrx_word' id='word_1_449' title='bbox 1613 1156 1758 1191; x_wconf 71' lang='grc' dir='ltr'><strong>φοροῦντες</strong></span> <span class='ocrx_word' id='word_1_450' title='bbox 1777 1148 1844 1188; x_wconf 73' lang='grc' dir='ltr'>τοὺς</span> 
     </span>
    </p>
   </div>
   <div class='ocr_carea' id='block_1_69' title="bbox 1052 1200 1844 1236">
    <p class='ocr_par' dir='ltr' id='par_1_69' title="bbox 1052 1200 1844 1236">
     <span class='ocr_line' id='line_1_69' title="bbox 1052 1200 1844 1236; baseline 0.003 -10"><span class='ocrx_word' id='word_1_451' title='bbox 1052 1200 1198 1235; x_wconf 75' lang='grc' dir='ltr'>τρίϐωνας,</span> <span class='ocrx_word' id='word_1_452' title='bbox 1213 1200 1261 1227; x_wconf 77' lang='grc' dir='ltr'>καὶ</span> <span class='ocrx_word' id='word_1_453' title='bbox 1275 1202 1308 1236; x_wconf 79' lang='grc' dir='ltr'>τῇ</span> <span class='ocrx_word' id='word_1_454' title='bbox 1323 1200 1443 1235; x_wconf 73' lang='grc' dir='ltr'>κομψείᾳ</span> <span class='ocrx_word' id='word_1_455' title='bbox 1463 1200 1517 1226; x_wconf 79' lang='grc' dir='ltr'>τῶν</span> <span class='ocrx_word' id='word_1_456' title='bbox 1534 1200 1621 1234; x_wconf 80' lang='grc' dir='ltr'>λόγων</span> <span class='ocrx_word' id='word_1_457' title='bbox 1639 1202 1844 1236; x_wconf 68' lang='grc' dir='ltr'><strong>ἐπερειδόμεναι</strong></span> 
     </span>
    </p>
   </div>
   <div class='ocr_carea' id='block_1_70' title="bbox 1052 1245 1843 1282">
    <p class='ocr_par' dir='ltr' id='par_1_70' title="bbox 1052 1245 1843 1282">
     <span class='ocr_line' id='line_1_70' title="bbox 1052 1245 1843 1282; baseline 0.003 -10"><span class='ocrx_word' id='word_1_458' title='bbox 1052 1246 1183 1280; x_wconf 68' lang='grc' dir='ltr'>(ἅπαντες</span> <span class='ocrx_word' id='word_1_459' title='bbox 1197 1247 1252 1281; x_wconf 84' lang='grc' dir='ltr'>γὰρ</span> <span class='ocrx_word' id='word_1_460' title='bbox 1263 1246 1440 1281; x_wconf 79' lang='grc' dir='ltr'>εἰσέτρεχον),</span> <span class='ocrx_word' id='word_1_461' title='bbox 1452 1245 1547 1280; x_wconf 74' lang='grc' dir='ltr'>μαθεῖν</span> <span class='ocrx_word' id='word_1_462' title='bbox 1558 1246 1739 1282; x_wconf 72' lang='grc' dir='ltr'>ἠδυνήθησαν.</span> <span class='ocrx_word' id='word_1_463' title='bbox 1749 1249 1843 1274; x_wconf 70' lang='grc' dir='ltr'>οὐκέτι</span> 
     </span>
    </p>
   </div>
   <div class='ocr_carea' id='block_1_71' title="bbox 1051 1291 1843 1327">
    <p class='ocr_par' dir='ltr' id='par_1_71' title="bbox 1051 1291 1843 1327">
     <span class='ocr_line' id='line_1_71' title="bbox 1051 1291 1843 1327; baseline 0.003 -9"><span class='ocrx_word' id='word_1_464' title='bbox 1051 1292 1099 1318; x_wconf 77' lang='grc' dir='ltr'>καὶ</span> <span class='ocrx_word' id='word_1_465' title='bbox 1112 1291 1161 1327; x_wconf 77' lang='grc' dir='ltr'>τὴν</span> <span class='ocrx_word' id='word_1_466' title='bbox 1177 1291 1247 1318; x_wconf 73' lang='grc' dir='ltr'>ἴασιν</span> <span class='ocrx_word' id='word_1_467' title='bbox 1262 1293 1391 1327; x_wconf 81' lang='grc' dir='ltr'>παρέχειν</span> <span class='ocrx_word' id='word_1_468' title='bbox 1408 1292 1575 1326; x_wconf 76' lang='grc' dir='ltr'>εὐπόρησαν,</span> <span class='ocrx_word' id='word_1_469' title='bbox 1603 1293 1692 1318; x_wconf 87' lang='grc' dir='ltr'>καίτοι</span> <span class='ocrx_word' id='word_1_470' title='bbox 1711 1293 1770 1319; x_wconf 81' lang='grc' dir='ltr'>λίαν</span> <span class='ocrx_word' id='word_1_471' title='bbox 1791 1295 1843 1320; x_wconf 79' lang='grc' dir='ltr'><strong>αὺ-</strong></span> 
     </span>
    </p>
   </div>
   <div class='ocr_carea' id='block_1_72' title="bbox 1051 1336 1843 1372">
    <p class='ocr_par' dir='ltr' id='par_1_72' title="bbox 1051 1336 1843 1372">
     <span class='ocr_line' id='line_1_72' title="bbox 1051 1336 1843 1372; baseline 0.003 -10"><span class='ocrx_word' id='word_1_472' title='bbox 1051 1336 1100 1372; x_wconf 83' lang='grc' dir='ltr'>τὴν</span> <span class='ocrx_word' id='word_1_473' title='bbox 1116 1336 1303 1372; x_wconf 83' lang='grc' dir='ltr'>ἀνιχνεύοντες</span> <span class='ocrx_word' id='word_1_474' title='bbox 1318 1337 1364 1363; x_wconf 81' lang='grc' dir='ltr'>καὶ</span> <span class='ocrx_word' id='word_1_475' title='bbox 1377 1336 1520 1371; x_wconf 81' lang='grc' dir='ltr'>δωρεῖσθαι</span> <span class='ocrx_word' id='word_1_476' title='bbox 1543 1338 1698 1372; x_wconf 83' lang='grc' dir='ltr'>γλιχόμενοι</span> <span class='ocrx_word' id='word_1_477' title='bbox 1709 1359 1716 1368; x_wconf 84' lang='grc'><em>,</em></span> <span class='ocrx_word' id='word_1_478' title='bbox 1734 1339 1778 1364; x_wconf 83' lang='grc' dir='ltr'>ῖνα</span> <span class='ocrx_word' id='word_1_479' title='bbox 1793 1340 1843 1365; x_wconf 54' lang='grc' dir='ltr'><strong>γΑαί</strong></span> 
     </span>
    </p>
   </div>
   <div class='ocr_carea' id='block_1_73' title="bbox 1039 1380 1842 1418">
    <p class='ocr_par' dir='ltr' id='par_1_73' title="bbox 1039 1380 1842 1418">
     <span class='ocr_line' id='line_1_73' title="bbox 1039 1380 1842 1418; baseline 0.002 -11"><span class='ocrx_word' id='word_1_480' title='bbox 1039 1380 1095 1407; x_wconf 75' lang='grc' dir='ltr'>ιτδν</span> <span class='ocrx_word' id='word_1_481' title='bbox 1121 1381 1170 1416; x_wconf 84' lang='grc' dir='ltr'>μὲν</span> <span class='ocrx_word' id='word_1_482' title='bbox 1196 1381 1292 1416; x_wconf 81' lang='grc' dir='ltr'>μισθὸν</span> <span class='ocrx_word' id='word_1_483' title='bbox 1317 1382 1421 1416; x_wconf 74' lang='grc' dir='ltr'>κομψὸν</span> <span class='ocrx_word' id='word_1_484' title='bbox 1447 1382 1477 1407; x_wconf 84' lang='grc' dir='ltr'>τὸ</span> <span class='ocrx_word' id='word_1_485' title='bbox 1502 1382 1644 1417; x_wconf 88' lang='grc' dir='ltr'>ἀργύριον,</span> <span class='ocrx_word' id='word_1_486' title='bbox 1663 1384 1710 1409; x_wconf 68' lang='grc' dir='ltr'>καὶ</span> <span class='ocrx_word' id='word_1_487' title='bbox 1729 1385 1776 1418; x_wconf 76' lang='grc' dir='ltr'>τῆς</span> <span class='ocrx_word' id='word_1_488' title='bbox 1793 1384 1842 1409; x_wconf 69' lang='grc' dir='ltr'><strong>εὑ-</strong></span> 
     </span>
    </p>
   </div>
   <div class='ocr_carea' id='block_1_74' title="bbox 1049 1427 1763 1463">
    <p class='ocr_par' dir='ltr' id='par_1_74' title="bbox 1049 1427 1763 1463">
     <span class='ocr_line' id='line_1_74' title="bbox 1049 1427 1763 1463; baseline 0 -9"><span class='ocrx_word' id='word_1_489' title='bbox 1049 1427 1220 1462; x_wconf 87' lang='grc' dir='ltr'>δοκιμήσεως</span> <span class='ocrx_word' id='word_1_490' title='bbox 1232 1427 1406 1463; x_wconf 81' lang='grc' dir='ltr'>κομψοτέραν</span> <span class='ocrx_word' id='word_1_491' title='bbox 1426 1428 1475 1462; x_wconf 73' lang='grc' dir='ltr'>τὴν</span> <span class='ocrx_word' id='word_1_492' title='bbox 1492 1427 1571 1459; x_wconf 75' lang='grc' dir='ltr'>δόξαν</span> <span class='ocrx_word' id='word_1_493' title='bbox 1586 1429 1763 1462; x_wconf 76' lang='grc' dir='ltr'>πορίσωνται.</span> 
     </span>
    </p>
   </div>
   <div class='ocr_carea' id='block_1_75' title="bbox 1085 1473 1841 1508">
    <p class='ocr_par' dir='ltr' id='par_1_75' title="bbox 1085 1473 1841 1508">
     <span class='ocr_line' id='line_1_75' title="bbox 1085 1473 1841 1508; baseline 0.001 -9"><span class='ocrx_word' id='word_1_494' title='bbox 1085 1474 1131 1500; x_wconf 78' lang='grc' dir='ltr'><strong>Διὸ</strong></span> <span class='ocrx_word' id='word_1_495' title='bbox 1156 1474 1204 1500; x_wconf 80' lang='grc' dir='ltr'>καὶ</span> <span class='ocrx_word' id='word_1_496' title='bbox 1224 1474 1334 1500; x_wconf 82' lang='grc' dir='ltr'>πάντων</span> <span class='ocrx_word' id='word_1_497' title='bbox 1356 1473 1446 1499; x_wconf 82' lang='grc' dir='ltr'>αὐτῶν</span> <span class='ocrx_word' id='word_1_498' title='bbox 1471 1474 1624 1506; x_wconf 78' lang='grc' dir='ltr'>καταγνοὺς</span> <span class='ocrx_word' id='word_1_499' title='bbox 1643 1474 1658 1500; x_wconf 86' lang='grc' dir='ltr'>ὁ</span> <span class='ocrx_word' id='word_1_500' title='bbox 1675 1474 1841 1508; x_wconf 71' lang='grc' dir='ltr'>Ἀμμώνιος,</span> 
     </span>
    </p>
   </div>
   <div class='ocr_carea' id='block_1_76' title="bbox 1052 1517 1842 1553">
    <p class='ocr_par' dir='ltr' id='par_1_76' title="bbox 1052 1517 1842 1553">
     <span class='ocr_line' id='line_1_76' title="bbox 1052 1517 1842 1553; baseline 0.001 -9"><span class='ocrx_word' id='word_1_501' title='bbox 1052 1519 1099 1544; x_wconf 69' lang='grc' dir='ltr'><strong>καὶ¹</strong></span> <span class='ocrx_word' id='word_1_502' title='bbox 1116 1517 1250 1552; x_wconf 81' lang='grc' dir='ltr'>μηδεμίαν</span> <span class='ocrx_word' id='word_1_503' title='bbox 1273 1518 1341 1553; x_wconf 66' lang='grc' dir='ltr'>προς</span> <span class='ocrx_word' id='word_1_504' title='bbox 1365 1518 1452 1544; x_wconf 85' lang='grc' dir='ltr'>αὐτῶν</span> <span class='ocrx_word' id='word_1_505' title='bbox 1477 1518 1572 1544; x_wconf 77' lang='grc' dir='ltr'>παθὼν</span> <span class='ocrx_word' id='word_1_506' title='bbox 1595 1519 1643 1552; x_wconf 77' lang='grc' dir='ltr'>τὴν</span> <span class='ocrx_word' id='word_1_507' title='bbox 1657 1518 1801 1552; x_wconf 80' lang='grc' dir='ltr'>ὠφελειαν,</span> <span class='ocrx_word' id='word_1_508' title='bbox 1817 1522 1842 1545; x_wconf 85' lang='grc' dir='ltr'>εἰ</span> 
     </span>
    </p>
   </div>
   <div class='ocr_carea' id='block_1_77' title="bbox 1050 1563 1842 1599">
    <p class='ocr_par' dir='ltr' id='par_1_77' title="bbox 1050 1563 1842 1599">
     <span class='ocr_line' id='line_1_77' title="bbox 1050 1563 1842 1599; baseline 0 -9"><span class='ocrx_word' id='word_1_509' title='bbox 1050 1563 1087 1599; x_wconf 84' lang='grc' dir='ltr'>μὴ</span> <span class='ocrx_word' id='word_1_510' title='bbox 1099 1563 1180 1599; x_wconf 84' lang='grc' dir='ltr'>μόνον</span> <span class='ocrx_word' id='word_1_511' title='bbox 1196 1563 1226 1590; x_wconf 82' lang='grc' dir='ltr'>τὸ</span> <span class='ocrx_word' id='word_1_512' title='bbox 1241 1563 1338 1598; x_wconf 85' lang='grc' dir='ltr'>μαθεῖν</span> <span class='ocrx_word' id='word_1_513' title='bbox 1353 1563 1444 1590; x_wconf 77' lang='grc' dir='ltr'>αὐτῶν</span> <span class='ocrx_word' id='word_1_514' title='bbox 1458 1564 1508 1598; x_wconf 85' lang='grc' dir='ltr'>τὴν</span> <span class='ocrx_word' id='word_1_515' title='bbox 1523 1563 1592 1598; x_wconf 56' lang='lat' dir='ltr'><strong>trp&quot;:</strong></span> <span class='ocrx_word' id='word_1_516' title='bbox 1605 1564 1636 1590; x_wconf 75' lang='grc' dir='ltr'><strong>τὸ</strong></span> <span class='ocrx_word' id='word_1_517' title='bbox 1659 1564 1743 1595; x_wconf 75' lang='grc' dir='ltr'>πάθος</span> <span class='ocrx_word' id='word_1_518' title='bbox 1757 1564 1842 1590; x_wconf 81' lang='grc' dir='ltr'>ἀσθέ-</span> 
     </span>
    </p>
   </div>
   <div class='ocr_carea' id='block_1_78' title="bbox 1048 1608 1841 1644">
    <p class='ocr_par' dir='ltr' id='par_1_78' title="bbox 1048 1608 1841 1644">
     <span class='ocr_line' id='line_1_78' title="bbox 1048 1608 1841 1644; baseline 0.003 -10"><span class='ocrx_word' id='word_1_519' title='bbox 1048 1617 1134 1640; x_wconf 85' lang='grc' dir='ltr'>νειαν,</span> <span class='ocrx_word' id='word_1_520' title='bbox 1150 1608 1197 1635; x_wconf 71' lang='grc' dir='ltr'>καὶ</span> <span class='ocrx_word' id='word_1_521' title='bbox 1210 1609 1252 1635; x_wconf 83' lang='grc' dir='ltr'>ὃτι</span> <span class='ocrx_word' id='word_1_522' title='bbox 1272 1609 1361 1642; x_wconf 84' lang='grc' dir='ltr'>λόγοις</span> <span class='ocrx_word' id='word_1_523' title='bbox 1387 1609 1436 1644; x_wconf 79' lang='grc' dir='ltr'>μέν</span> <span class='ocrx_word' id='word_1_524' title='bbox 1461 1610 1530 1635; x_wconf 77' lang='grc' dir='ltr'>εἰσιν</span> <span class='ocrx_word' id='word_1_525' title='bbox 1553 1609 1723 1641; x_wconf 71' lang='grc' dir='ltr'>ἱκανώτατοι,</span> <span class='ocrx_word' id='word_1_526' title='bbox 1748 1610 1841 1644; x_wconf 77' lang='grc' dir='ltr'>ἔργοις</span> 
     </span>
    </p>
   </div>
   <div class='ocr_carea' id='block_1_79' title="bbox 1047 1653 1842 1689">
    <p class='ocr_par' dir='ltr' id='par_1_79' title="bbox 1047 1653 1842 1689">
     <span class='ocr_line' id='line_1_79' title="bbox 1047 1653 1842 1689; baseline 0.001 -9"><span class='ocrx_word' id='word_1_527' title='bbox 1047 1653 1077 1680; x_wconf 77' lang='grc' dir='ltr'>δὲ</span> <span class='ocrx_word' id='word_1_528' title='bbox 1109 1653 1273 1687; x_wconf 75' lang='grc' dir='ltr'>θεραπεύειν</span> <span class='ocrx_word' id='word_1_529' title='bbox 1298 1653 1433 1686; x_wconf 79' lang='grc' dir='ltr'>ἀνίκανοι,</span> <span class='ocrx_word' id='word_1_530' title='bbox 1447 1654 1517 1688; x_wconf 75' lang='grc' dir='ltr'>πρὸς</span> <span class='ocrx_word' id='word_1_531' title='bbox 1542 1654 1631 1688; x_wconf 81' lang='grc' dir='ltr'>Κῦρον</span> <span class='ocrx_word' id='word_1_532' title='bbox 1644 1655 1692 1680; x_wconf 79' lang='grc' dir='ltr'><strong>καὶ</strong></span> <span class='ocrx_word' id='word_1_533' title='bbox 1714 1655 1842 1689; x_wconf 77' lang='grc' dir='ltr'>Ἰωάννην</span> 
     </span>
    </p>
   </div>
   <div class='ocr_carea' id='block_1_80' title="bbox 1048 1698 1844 1735">
    <p class='ocr_par' dir='ltr' id='par_1_80' title="bbox 1048 1698 1844 1735">
     <span class='ocr_line' id='line_1_80' title="bbox 1048 1698 1844 1735; baseline 0.003 -10"><span class='ocrx_word' id='word_1_534' title='bbox 1048 1698 1202 1734; x_wconf 63' lang='grc' dir='ltr'>ἐξέρχεται,</span> <span class='ocrx_word' id='word_1_535' title='bbox 1223 1699 1321 1734; x_wconf 83' lang='grc' dir='ltr'>μόνους</span> <span class='ocrx_word' id='word_1_536' title='bbox 1345 1699 1443 1731; x_wconf 68' lang='grc' dir='ltr'>αὐτοὺς</span> <span class='ocrx_word' id='word_1_537' title='bbox 1470 1700 1580 1735; x_wconf 73' lang='grc' dir='ltr'>ἰατροὺς</span> <span class='ocrx_word' id='word_1_538' title='bbox 1607 1698 1684 1735; x_wconf 51' lang='lat' dir='ltr'><strong>peri</strong></span> <span class='ocrx_word' id='word_1_539' title='bbox 1699 1700 1766 1727; x_wconf 80' lang='grc' dir='ltr'>Θεὸν</span> <span class='ocrx_word' id='word_1_540' title='bbox 1795 1709 1844 1727; x_wconf 81' lang='grc' dir='ltr'>πι-</span> 
     </span>
    </p>
   </div>
   <div class='ocr_carea' id='block_1_81' title="bbox 1049 1739 1843 1781">
    <p class='ocr_par' dir='ltr' id='par_1_81' title="bbox 1049 1739 1843 1781">
     <span class='ocr_line' id='line_1_81' title="bbox 1049 1739 1843 1781; baseline 0.003 -11"><span class='ocrx_word' id='word_1_541' title='bbox 1049 1744 1165 1775; x_wconf 85' lang='grc' dir='ltr'>στεύσας</span> <span class='ocrx_word' id='word_1_542' title='bbox 1180 1744 1356 1779; x_wconf 82' lang='grc' dir='ltr'>γενήσεσθαι.</span> <span class='ocrx_word' id='word_1_543' title='bbox 1368 1744 1449 1770; x_wconf 89' lang='grc' dir='ltr'>Ὅθεν</span> <span class='ocrx_word' id='word_1_544' title='bbox 1466 1739 1514 1771; x_wconf 71' lang='grc' dir='ltr'>καὶ</span> <span class='ocrx_word' id='word_1_545' title='bbox 1529 1746 1609 1779; x_wconf 83' lang='grc' dir='ltr'>τάχος</span> <span class='ocrx_word' id='word_1_546' title='bbox 1623 1746 1672 1780; x_wconf 80' lang='grc' dir='ltr'>τὴν</span> <span class='ocrx_word' id='word_1_547' title='bbox 1681 1747 1753 1772; x_wconf 78' lang='grc' dir='ltr'>ἴασιν</span> <span class='ocrx_word' id='word_1_548' title='bbox 1765 1745 1843 1781; x_wconf 78' lang='grc' dir='ltr'>εἵλη-</span> 
     </span>
    </p>
   </div>
   <div class='ocr_carea' id='block_1_82' title="bbox 1048 1789 1842 1825">
    <p class='ocr_par' dir='ltr' id='par_1_82' title="bbox 1048 1789 1842 1825">
     <span class='ocr_line' id='line_1_82' title="bbox 1048 1789 1842 1825; baseline 0.001 -9"><span class='ocrx_word' id='word_1_549' title='bbox 1048 1798 1109 1824; x_wconf 81' lang='grc' dir='ltr'>φεν,</span> <span class='ocrx_word' id='word_1_550' title='bbox 1126 1789 1222 1825; x_wconf 81' lang='grc' dir='ltr'>μισθὸν</span> <span class='ocrx_word' id='word_1_551' title='bbox 1246 1789 1371 1825; x_wconf 80' lang='grc' dir='ltr'><strong>εὐπρεπῆ</strong></span> <span class='ocrx_word' id='word_1_552' title='bbox 1395 1789 1444 1824; x_wconf 83' lang='grc' dir='ltr'>τῆς</span> <span class='ocrx_word' id='word_1_553' title='bbox 1467 1791 1508 1821; x_wconf 78' lang='grc' dir='ltr'>εἰς</span> <span class='ocrx_word' id='word_1_554' title='bbox 1529 1791 1627 1821; x_wconf 80' lang='grc' dir='ltr'>αὐτοὺς</span> <span class='ocrx_word' id='word_1_555' title='bbox 1656 1791 1842 1825; x_wconf 79' lang='grc' dir='ltr'>κομισάμενος</span> 
     </span>
    </p>
   </div>
   <div class='ocr_carea' id='block_1_83' title="bbox 1048 1831 1839 1868">
    <p class='ocr_par' dir='ltr' id='par_1_83' title="bbox 1048 1831 1839 1868">
     <span class='ocr_line' id='line_1_83' title="bbox 1048 1831 1839 1868; baseline -0.003 -7"><span class='ocrx_word' id='word_1_556' title='bbox 1048 1834 1176 1865; x_wconf 86' lang='grc' dir='ltr'>πίστεως.</span> <span class='ocrx_word' id='word_1_557' title='bbox 1197 1834 1251 1860; x_wconf 73' lang='grc' dir='ltr'><strong>Καὶ</strong></span> <span class='ocrx_word' id='word_1_558' title='bbox 1264 1834 1311 1860; x_wconf 83' lang='grc' dir='ltr'>τοῦ</span> <span class='ocrx_word' id='word_1_559' title='bbox 1328 1833 1377 1868; x_wconf 80' lang='grc' dir='ltr'>μὲν</span> <span class='ocrx_word' id='word_1_560' title='bbox 1406 1834 1544 1868; x_wconf 82' lang='grc' dir='ltr'>στομάχου</span> <span class='ocrx_word' id='word_1_561' title='bbox 1565 1834 1654 1860; x_wconf 72' lang='grc' dir='ltr'>ἔλαιον</span> <span class='ocrx_word' id='word_1_562' title='bbox 1675 1831 1709 1868; x_wconf 84' lang='grc' dir='ltr'>ἦν</span> <span class='ocrx_word' id='word_1_563' title='bbox 1725 1835 1773 1859; x_wconf 80' lang='grc' dir='ltr'>καὶ</span> <span class='ocrx_word' id='word_1_564' title='bbox 1784 1842 1839 1868; x_wconf 86' lang='grc' dir='ltr'>κη-</span> 
     </span>
    </p>
   </div>
   <div class='ocr_carea' id='block_1_84' title="bbox 1048 1877 1842 1915">
    <p class='ocr_par' dir='ltr' id='par_1_84' title="bbox 1048 1877 1842 1915">
     <span class='ocr_line' id='line_1_84' title="bbox 1048 1877 1842 1915; baseline -0.004 -9"><span class='ocrx_word' id='word_1_565' title='bbox 1048 1879 1123 1915; x_wconf 88' lang='grc' dir='ltr'>ρωτὴ</span> <span class='ocrx_word' id='word_1_566' title='bbox 1136 1879 1166 1905; x_wconf 81' lang='grc' dir='ltr'>τὸ</span> <span class='ocrx_word' id='word_1_567' title='bbox 1181 1878 1341 1914; x_wconf 77' lang='grc' dir='ltr'>καθάρσιον,</span> <span class='ocrx_word' id='word_1_568' title='bbox 1365 1878 1437 1914; x_wconf 74' lang='grc' dir='ltr'>ἅπερ</span> <span class='ocrx_word' id='word_1_569' title='bbox 1462 1878 1553 1904; x_wconf 84' lang='grc' dir='ltr'>αὐτῶν</span> <span class='ocrx_word' id='word_1_570' title='bbox 1571 1877 1620 1912; x_wconf 86' lang='grc' dir='ltr'>τὴν</span> <span class='ocrx_word' id='word_1_571' title='bbox 1650 1878 1729 1913; x_wconf 79' lang='grc' dir='ltr'>σορὸν</span> <span class='ocrx_word' id='word_1_572' title='bbox 1751 1879 1842 1912; x_wconf 75' lang='grc' dir='ltr'>πυρὸς</span> 
     </span>
    </p>
   </div>
   <div class='ocr_carea' id='block_1_85' title="bbox 1049 1923 1840 1961">
    <p class='ocr_par' dir='ltr' id='par_1_85' title="bbox 1049 1923 1840 1961">
     <span class='ocr_line' id='line_1_85' title="bbox 1049 1923 1840 1961; baseline -0.005 -9"><span class='ocrx_word' id='word_1_573' title='bbox 1049 1926 1219 1961; x_wconf 82' lang='grc' dir='ltr'>μαρμαρυγῇ</span> <span class='ocrx_word' id='word_1_574' title='bbox 1245 1924 1456 1958; x_wconf 80' lang='grc' dir='ltr'>καταλάμπουσι</span> <span class='ocrx_word' id='word_1_575' title='bbox 1466 1931 1474 1939; x_wconf 81' lang='lat'>&#39;</span> <span class='ocrx_word' id='word_1_576' title='bbox 1487 1925 1537 1958; x_wconf 75' lang='grc' dir='ltr'>τῆς</span> <span class='ocrx_word' id='word_1_577' title='bbox 1557 1923 1585 1950; x_wconf 83' lang='grc' dir='ltr'>δὲ</span> <span class='ocrx_word' id='word_1_578' title='bbox 1595 1923 1685 1958; x_wconf 81' lang='grc' dir='ltr'>ψυχῆς</span> <span class='ocrx_word' id='word_1_579' title='bbox 1711 1923 1742 1948; x_wconf 84' lang='grc' dir='ltr'>τὸ</span> <span class='ocrx_word' id='word_1_580' title='bbox 1755 1923 1840 1948; x_wconf 64' lang='grc' dir='ltr'>κενό-</span> 
     </span>
    </p>
   </div>
   <div class='ocr_carea' id='block_1_86' title="bbox 1047 1969 1843 2006">
    <p class='ocr_par' dir='ltr' id='par_1_86' title="bbox 1047 1969 1843 2006">
     <span class='ocr_line' id='line_1_86' title="bbox 1047 1969 1843 2006; baseline -0.005 -8"><span class='ocrx_word' id='word_1_581' title='bbox 1047 1971 1123 2003; x_wconf 78' lang='grc' dir='ltr'>δοξον</span> <span class='ocrx_word' id='word_1_582' title='bbox 1135 1970 1297 2006; x_wconf 85' lang='grc' dir='ltr'>καταλλήλῳ</span> <span class='ocrx_word' id='word_1_583' title='bbox 1321 1971 1460 2005; x_wconf 80' lang='grc' dir='ltr'>φαρμάκῳ</span> <span class='ocrx_word' id='word_1_584' title='bbox 1483 1969 1707 2004; x_wconf 80' lang='grc' dir='ltr'>περιστροϐοὖσιν</span> <span class='ocrx_word' id='word_1_585' title='bbox 1721 1969 1746 1994; x_wconf 86' lang='grc' dir='ltr'>οἱ</span> <span class='ocrx_word' id='word_1_586' title='bbox 1765 1970 1843 2004; x_wconf 79' lang='grc' dir='ltr'>μὰρ-</span> 
     </span>
    </p>
   </div>
   <div class='ocr_carea' id='block_1_87' title="bbox 1048 2015 1842 2053">
    <p class='ocr_par' dir='ltr' id='par_1_87' title="bbox 1048 2015 1842 2053">
     <span class='ocr_line' id='line_1_87' title="bbox 1048 2015 1842 2053; baseline -0.005 -8"><span class='ocrx_word' id='word_1_587' title='bbox 1048 2027 1138 2053; x_wconf 82' lang='grc' dir='ltr'>τυρες.</span> <span class='ocrx_word' id='word_1_588' title='bbox 1158 2017 1298 2048; x_wconf 85' lang='grc' dir='ltr'>Ἐλθόντες</span> <span class='ocrx_word' id='word_1_589' title='bbox 1321 2017 1375 2050; x_wconf 76' lang='grc' dir='ltr'><strong>γὰρ</strong></span> <span class='ocrx_word' id='word_1_590' title='bbox 1396 2016 1492 2047; x_wconf 84' lang='grc' dir='ltr'>νυκτὸς</span> <span class='ocrx_word' id='word_1_591' title='bbox 1517 2016 1585 2051; x_wconf 80' lang='grc' dir='ltr'>πρὸς</span> <span class='ocrx_word' id='word_1_592' title='bbox 1607 2015 1772 2050; x_wconf 77' lang='grc' dir='ltr'>Ἀμμώνιον,</span> <span class='ocrx_word' id='word_1_593' title='bbox 1787 2015 1842 2050; x_wconf 79' lang='grc' dir='ltr'>τὴν</span> 
     </span>
    </p>
   </div>
   <div class='ocr_carea' id='block_1_88' title="bbox 1050 2061 1840 2098">
    <p class='ocr_par' dir='ltr' id='par_1_88' title="bbox 1050 2061 1840 2098">
     <span class='ocr_line' id='line_1_88' title="bbox 1050 2061 1840 2098; baseline -0.004 -8"><span class='ocrx_word' id='word_1_594' title='bbox 1050 2064 1174 2098; x_wconf 81' lang='grc' dir='ltr'>μαλακὴν</span> <span class='ocrx_word' id='word_1_595' title='bbox 1187 2064 1290 2098; x_wconf 78' lang='grc' dir='ltr'>ἐσθῆτα</span> <span class='ocrx_word' id='word_1_596' title='bbox 1301 2065 1348 2090; x_wconf 81' lang='grc' dir='ltr'>καὶ</span> <span class='ocrx_word' id='word_1_597' title='bbox 1359 2064 1472 2098; x_wconf 80' lang='grc' dir='ltr'>ῥέουσαν</span> <span class='ocrx_word' id='word_1_598' title='bbox 1484 2062 1652 2097; x_wconf 83' lang='grc' dir='ltr'>περιστεῖλαι</span> <span class='ocrx_word' id='word_1_599' title='bbox 1664 2061 1840 2093; x_wconf 77' lang='grc' dir='ltr'>κελεύουσιν,</span> 
     </span>
    </p>
   </div>
   <div class='ocr_carea' id='block_1_89' title="bbox 1048 2107 1841 2145">
    <p class='ocr_par' dir='ltr' id='par_1_89' title="bbox 1048 2107 1841 2145">
     <span class='ocr_line' id='line_1_89' title="bbox 1048 2107 1841 2145; baseline -0.004 -9"><span class='ocrx_word' id='word_1_600' title='bbox 1048 2109 1208 2145; x_wconf 81' lang='grc' dir='ltr'>περιθέσθαι</span> <span class='ocrx_word' id='word_1_601' title='bbox 1223 2109 1251 2136; x_wconf 78' lang='grc' dir='ltr'>δὲ</span> <span class='ocrx_word' id='word_1_602' title='bbox 1267 2109 1439 2144; x_wconf 77' lang='grc' dir='ltr'>τραχυτέραν</span> <span class='ocrx_word' id='word_1_603' title='bbox 1460 2109 1594 2143; x_wconf 79' lang='grc' dir='ltr'>ἀμφίασιν</span> <span class='ocrx_word' id='word_1_604' title='bbox 1617 2107 1668 2143; x_wconf 81' lang='grc' dir='ltr'>τὴν</span> <span class='ocrx_word' id='word_1_605' title='bbox 1690 2107 1723 2134; x_wconf 76' lang='grc' dir='ltr'>ὲκ</span> <span class='ocrx_word' id='word_1_606' title='bbox 1749 2116 1841 2134; x_wconf 80' lang='grc' dir='ltr'>στυπ-</span> 
     </span>
    </p>
   </div>
   <div class='ocr_carea' id='block_1_90' title="bbox 1048 2153 1840 2191">
    <p class='ocr_par' dir='ltr' id='par_1_90' title="bbox 1048 2153 1840 2191">
     <span class='ocr_line' id='line_1_90' title="bbox 1048 2153 1840 2191; baseline -0.004 -9"><span class='ocrx_word' id='word_1_607' title='bbox 1048 2157 1121 2184; x_wconf 87' lang='grc' dir='ltr'>πίων</span> <span class='ocrx_word' id='word_1_608' title='bbox 1137 2156 1187 2191; x_wconf 86' lang='grc' dir='ltr'>μὲν</span> <span class='ocrx_word' id='word_1_609' title='bbox 1207 2156 1321 2190; x_wconf 76' lang='grc' dir='ltr'>ἔχουσαν</span> <span class='ocrx_word' id='word_1_610' title='bbox 1335 2155 1460 2190; x_wconf 80' lang='grc' dir='ltr'>ὕφασμα,</span> <span class='ocrx_word' id='word_1_611' title='bbox 1477 2155 1577 2181; x_wconf 85' lang='grc' dir='ltr'>σάκκον</span> <span class='ocrx_word' id='word_1_612' title='bbox 1600 2154 1628 2180; x_wconf 87' lang='grc' dir='ltr'>δὲ</span> <span class='ocrx_word' id='word_1_613' title='bbox 1652 2153 1840 2188; x_wconf 74' lang='grc' dir='ltr'>καλουμένην,</span> 
     </span>
    </p>
   </div>
   <div class='ocr_carea' id='block_1_91' title="bbox 202 2198 1009 2237">
    <p class='ocr_par' dir='ltr' id='par_1_91' title="bbox 202 2198 993 2235">
     <span class='ocr_line' id='line_1_91' title="bbox 202 2198 993 2235; baseline -0.004 -8"><span class='ocrx_word' id='word_1_614' title='bbox 202 2209 344 2235; x_wconf 81' lang='lat' dir='ltr'><strong>asperum.</strong></span> <span class='ocrx_word' id='word_1_615' title='bbox 363 2207 418 2234; x_wconf 85' lang='lat' dir='ltr'><strong>quo</strong></span> <span class='ocrx_word' id='word_1_616' title='bbox 435 2200 516 2226; x_wconf 90' lang='lat' dir='ltr'><strong>nimis</strong></span> <span class='ocrx_word' id='word_1_617' title='bbox 539 2207 675 2234; x_wconf 86' lang='lat' dir='ltr'><strong>pauperes</strong></span> <span class='ocrx_word' id='word_1_618' title='bbox 687 2199 722 2226; x_wconf 88' lang='lat' dir='ltr'><strong>ob</strong></span> <span class='ocrx_word' id='word_1_619' title='bbox 739 2199 818 2234; x_wconf 89' lang='lat' dir='ltr'><strong>pauci</strong></span> <span class='ocrx_word' id='word_1_620' title='bbox 835 2198 915 2233; x_wconf 89' lang='lat' dir='ltr'><strong>pretii</strong></span> <span class='ocrx_word' id='word_1_621' title='bbox 935 2198 993 2225; x_wconf 93' lang='lat' dir='ltr'><strong>vili-</strong></span> 
     </span>
    </p>
   </div>
   <div class='ocr_carea' id='block_1_92' title="bbox 1054 2198 1840 2237">
    <p class='ocr_par' dir='ltr' id='par_1_92' title="bbox 1054 2199 1840 2237">
     <span class='ocr_line' id='line_1_92' title="bbox 1054 2199 1840 2237; baseline -0.004 -8"><span class='ocrx_word' id='word_1_622' title='bbox 1054 2202 1088 2229; x_wconf 80' lang='grc' dir='ltr'><strong>ἰιὰ</strong></span> <span class='ocrx_word' id='word_1_623' title='bbox 1100 2202 1149 2237; x_wconf 83' lang='grc' dir='ltr'>τὴν</span> <span class='ocrx_word' id='word_1_624' title='bbox 1173 2201 1242 2236; x_wconf 74' lang='grc' dir='ltr'>πρὸς</span> <span class='ocrx_word' id='word_1_625' title='bbox 1260 2202 1363 2228; x_wconf 78' lang='grc' dir='ltr'>σάκκον</span> <span class='ocrx_word' id='word_1_626' title='bbox 1389 2202 1547 2235; x_wconf 81' lang='grc' dir='ltr'>ἐγγυτάτην</span> <span class='ocrx_word' id='word_1_627' title='bbox 1565 2199 1734 2234; x_wconf 78' lang='grc' dir='ltr'><strong>τραχύτητα,</strong></span> <span class='ocrx_word' id='word_1_628' title='bbox 1755 2200 1789 2235; x_wconf 81' lang='grc' dir='ltr'>ῆν</span> <span class='ocrx_word' id='word_1_629' title='bbox 1813 2201 1840 2226; x_wconf 73' lang='grc' dir='ltr'>οἱ</span> 
     </span>
    </p>
   </div>
   <div class='ocr_carea' id='block_1_93' title="bbox 202 2243 990 2279">
    <p class='ocr_par' dir='ltr' id='par_1_93' title="bbox 202 2243 990 2279">
     <span class='ocr_line' id='line_1_93' title="bbox 202 2243 990 2279; baseline -0.005 -5"><span class='ocrx_word' id='word_1_630' title='bbox 202 2251 285 2274; x_wconf 86' lang='lat' dir='ltr'><strong>tatem</strong></span> <span class='ocrx_word' id='word_1_631' title='bbox 307 2246 401 2272; x_wconf 89' lang='lat' dir='ltr'><strong>amicti</strong></span> <span class='ocrx_word' id='word_1_632' title='bbox 419 2250 496 2277; x_wconf 81' lang='lat' dir='ltr'><strong>sunt,</strong></span> <span class='ocrx_word' id='word_1_633' title='bbox 519 2245 654 2278; x_wconf 79' lang='lat' dir='ltr'><strong>hancpro</strong></span> <span class='ocrx_word' id='word_1_634' title='bbox 671 2245 791 2279; x_wconf 86' lang='lat' dir='ltr'><strong>pretiosa</strong></span> <span class='ocrx_word' id='word_1_635' title='bbox 813 2249 840 2270; x_wconf 88' lang='lat' dir='ltr'><strong>et</strong></span> <span class='ocrx_word' id='word_1_636' title='bbox 860 2243 990 2278; x_wconf 75' lang='lat' dir='ltr'><strong>przeelara</strong></span> 
     </span>
    </p>
   </div>
   <div class='ocr_carea' id='block_1_94' title="bbox 201 2289 991 2325">
    <p class='ocr_par' dir='ltr' id='par_1_94' title="bbox 201 2289 991 2325">
     <span class='ocr_line' id='line_1_94' title="bbox 201 2289 991 2325; baseline -0.006 -4"><span class='ocrx_word' id='word_1_637' title='bbox 201 2297 277 2322; x_wconf 82' lang='lat' dir='ltr'><strong>veste</strong></span> <span class='ocrx_word' id='word_1_638' title='bbox 293 2292 408 2319; x_wconf 77' lang='lat' dir='ltr'><strong>induere</strong></span> <span class='ocrx_word' id='word_1_639' title='bbox 423 2291 601 2319; x_wconf 87' lang='lat' dir='ltr'><strong>decernentes</strong></span> <span class='ocrx_word' id='word_1_640' title='bbox 617 2299 624 2317; x_wconf 91' lang='lat'>:</span> <span class='ocrx_word' id='word_1_641' title='bbox 642 2298 739 2325; x_wconf 88' lang='lat' dir='ltr'><strong>aquam</strong></span> <span class='ocrx_word' id='word_1_642' title='bbox 756 2297 820 2317; x_wconf 80' lang='lat' dir='ltr'><strong>vero</strong></span> <span class='ocrx_word' id='word_1_643' title='bbox 841 2291 874 2316; x_wconf 87' lang='lat' dir='ltr'><strong>ad</strong></span> <span class='ocrx_word' id='word_1_644' title='bbox 894 2289 991 2316; x_wconf 86' lang='lat' dir='ltr'><strong>biben-</strong></span> 
     </span>
    </p>
   </div>
   <div class='ocr_carea' id='block_1_95' title="bbox 201 2333 991 2374">
    <p class='ocr_par' dir='ltr' id='par_1_95' title="bbox 201 2333 991 2374">
     <span class='ocr_line' id='line_1_95' title="bbox 201 2333 991 2374; baseline -0.005 -9"><span class='ocrx_word' id='word_1_645' title='bbox 201 2340 266 2366; x_wconf 86' lang='lat' dir='ltr'><strong>dum</strong></span> <span class='ocrx_word' id='word_1_646' title='bbox 286 2337 431 2374; x_wconf 80' lang='lat' dir='ltr'><strong>(fratribus</strong></span> <span class='ocrx_word' id='word_1_647' title='bbox 449 2337 572 2372; x_wconf 67' lang='lat' dir='ltr'><strong>aegrotis)</strong></span> <span class='ocrx_word' id='word_1_648' title='bbox 591 2337 616 2364; x_wconf 91' lang='lat' dir='ltr'><strong>in</strong></span> <span class='ocrx_word' id='word_1_649' title='bbox 636 2333 759 2363; x_wconf 86' lang='lat' dir='ltr'><strong>humeris</strong></span> <span class='ocrx_word' id='word_1_650' title='bbox 773 2339 882 2370; x_wconf 85' lang='lat' dir='ltr'><strong>portare</strong></span> <span class='ocrx_word' id='word_1_651' title='bbox 898 2334 991 2369; x_wconf 57' lang='lat' dir='ltr'><strong>praeci-</strong></span> 
     </span>
    </p>
   </div>
   <div class='ocr_carea' id='block_1_96' title="bbox 202 2381 992 2420">
    <p class='ocr_par' dir='ltr' id='par_1_96' title="bbox 202 2381 992 2420">
     <span class='ocr_line' id='line_1_96' title="bbox 202 2381 992 2420; baseline -0.006 -8"><span class='ocrx_word' id='word_1_652' title='bbox 202 2386 294 2420; x_wconf 79' lang='lat' dir='ltr'><strong>piunt,</strong></span> <span class='ocrx_word' id='word_1_653' title='bbox 308 2392 361 2412; x_wconf 89' lang='lat' dir='ltr'><strong>non</strong></span> <span class='ocrx_word' id='word_1_654' title='bbox 380 2391 463 2410; x_wconf 94' lang='lat' dir='ltr'><strong>unum</strong></span> <span class='ocrx_word' id='word_1_655' title='bbox 476 2391 603 2416; x_wconf 89' lang='lat' dir='ltr'><strong>urceum,</strong></span> <span class='ocrx_word' id='word_1_656' title='bbox 619 2383 666 2410; x_wconf 86' lang='lat' dir='ltr'><strong>sed</strong></span> <span class='ocrx_word' id='word_1_657' title='bbox 682 2382 752 2410; x_wconf 89' lang='lat' dir='ltr'><strong>duos</strong></span> <span class='ocrx_word' id='word_1_658' title='bbox 763 2383 790 2409; x_wconf 93' lang='lat' dir='ltr'><strong>iu</strong></span> <span class='ocrx_word' id='word_1_659' title='bbox 807 2382 931 2416; x_wconf 89' lang='lat' dir='ltr'><strong>utrisque</strong></span> <span class='ocrx_word' id='word_1_660' title='bbox 945 2381 992 2408; x_wconf 86' lang='lat' dir='ltr'><strong>htt-</strong></span> 
     </span>
    </p>
   </div>
   <div class='ocr_carea' id='block_1_97' title="bbox 202 2427 988 2465">
    <p class='ocr_par' dir='ltr' id='par_1_97' title="bbox 202 2427 988 2465">
     <span class='ocr_line' id='line_1_97' title="bbox 202 2427 988 2465; baseline -0.005 -8"><span class='ocrx_word' id='word_1_661' title='bbox 202 2431 286 2458; x_wconf 83' lang='lat' dir='ltr'><strong>meris</strong></span> <span class='ocrx_word' id='word_1_662' title='bbox 301 2431 467 2465; x_wconf 68' lang='lat' dir='ltr'><strong>baiulantem</strong></span> <span class='ocrx_word' id='word_1_663' title='bbox 481 2438 488 2462; x_wconf 89' lang='lat'><strong>;</strong></span> <span class='ocrx_word' id='word_1_664' title='bbox 507 2436 558 2456; x_wconf 86' lang='lat' dir='ltr'><strong>nec</strong></span> <span class='ocrx_word' id='word_1_665' title='bbox 570 2436 599 2456; x_wconf 81' lang='lat' dir='ltr'><strong>se</strong></span> <span class='ocrx_word' id='word_1_666' title='bbox 613 2429 690 2463; x_wconf 88' lang='lat' dir='ltr'><strong>prius</strong></span> <span class='ocrx_word' id='word_1_667' title='bbox 702 2436 764 2456; x_wconf 89' lang='lat' dir='ltr'><strong>etttn</strong></span> <span class='ocrx_word' id='word_1_668' title='bbox 784 2433 931 2455; x_wconf 88' lang='lat' dir='ltr'><strong>curaturos</strong></span> <span class='ocrx_word' id='word_1_669' title='bbox 946 2427 988 2454; x_wconf 91' lang='lat' dir='ltr'><strong>iu-</strong></span> 
     </span>
    </p>
   </div>
   <div class='ocr_carea' id='block_1_98' title="bbox 200 2473 987 2510">
    <p class='ocr_par' dir='ltr' id='par_1_98' title="bbox 200 2473 987 2510">
     <span class='ocr_line' id='line_1_98' title="bbox 200 2473 987 2510; baseline -0.004 -8"><span class='ocrx_word' id='word_1_670' title='bbox 200 2478 311 2510; x_wconf 87' lang='lat' dir='ltr'><strong>quiuut,</strong></span> <span class='ocrx_word' id='word_1_671' title='bbox 329 2476 381 2502; x_wconf 77' lang='lat' dir='ltr'><strong>nisi</strong></span> <span class='ocrx_word' id='word_1_672' title='bbox 395 2475 472 2509; x_wconf 88' lang='lat' dir='ltr'><strong>prius</strong></span> <span class='ocrx_word' id='word_1_673' title='bbox 485 2475 544 2508; x_wconf 89' lang='lat' dir='ltr'><strong>ipse</strong></span> <span class='ocrx_word' id='word_1_674' title='bbox 563 2474 716 2509; x_wconf 69' lang='lat' dir='ltr'><strong>peregisset</strong></span> <span class='ocrx_word' id='word_1_675' title='bbox 730 2473 803 2508; x_wconf 88' lang='lat' dir='ltr'><strong>quod</strong></span> <span class='ocrx_word' id='word_1_676' title='bbox 815 2474 923 2507; x_wconf 87' lang='lat' dir='ltr'><strong>jussuttt</strong></span> <span class='ocrx_word' id='word_1_677' title='bbox 935 2477 987 2500; x_wconf 88' lang='lat' dir='ltr'><strong>est.</strong></span> 
     </span>
    </p>
   </div>
   <div class='ocr_carea' id='block_1_99' title="bbox 201 2520 989 2556">
    <p class='ocr_par' dir='ltr' id='par_1_99' title="bbox 201 2520 989 2556">
     <span class='ocr_line' id='line_1_99' title="bbox 201 2520 989 2556; baseline -0.004 -7"><span class='ocrx_word' id='word_1_678' title='bbox 201 2523 247 2550; x_wconf 81' lang='lat' dir='ltr'><strong>Ille</strong></span> <span class='ocrx_word' id='word_1_679' title='bbox 263 2528 353 2549; x_wconf 87' lang='lat' dir='ltr'><strong>autem</strong></span> <span class='ocrx_word' id='word_1_680' title='bbox 374 2527 533 2549; x_wconf 85' lang='lat' dir='ltr'><strong>sanctorum</strong></span> <span class='ocrx_word' id='word_1_681' title='bbox 551 2521 704 2556; x_wconf 87' lang='lat' dir='ltr'><strong>jussionem</strong></span> <span class='ocrx_word' id='word_1_682' title='bbox 726 2520 880 2556; x_wconf 84' lang='lat' dir='ltr'><strong>periiciens,</strong></span> <span class='ocrx_word' id='word_1_683' title='bbox 893 2524 921 2547; x_wconf 87' lang='lat' dir='ltr'><strong>et</strong></span> <span class='ocrx_word' id='word_1_684' title='bbox 938 2527 989 2547; x_wconf 91' lang='lat' dir='ltr'><strong>un-</strong></span> 
     </span>
    </p>
   </div>
   <div class='ocr_carea' id='block_1_100' title="bbox 200 2565 988 2602">
    <p class='ocr_par' dir='ltr' id='par_1_100' title="bbox 200 2565 988 2602">
     <span class='ocr_line' id='line_1_100' title="bbox 200 2565 988 2602; baseline -0.003 -8"><span class='ocrx_word' id='word_1_685' title='bbox 200 2568 263 2594; x_wconf 88' lang='lat' dir='ltr'><strong>dam</strong></span> <span class='ocrx_word' id='word_1_686' title='bbox 283 2575 346 2594; x_wconf 91' lang='lat' dir='ltr'><strong>cum</strong></span> <span class='ocrx_word' id='word_1_687' title='bbox 368 2567 480 2602; x_wconf 67' lang='lat' dir='ltr'><strong>praefato</strong></span> <span class='ocrx_word' id='word_1_688' title='bbox 500 2568 660 2594; x_wconf 87' lang='lat' dir='ltr'><strong>indumento</strong></span> <span class='ocrx_word' id='word_1_689' title='bbox 685 2567 868 2600; x_wconf 87' lang='lat' dir='ltr'><strong>obsequenter</strong></span> <span class='ocrx_word' id='word_1_690' title='bbox 884 2565 988 2592; x_wconf 78' lang='lat' dir='ltr'><strong>exhau-</strong></span> 
     </span>
    </p>
   </div>
   <div class='ocr_carea' id='block_1_101' title="bbox 202 2612 988 2647">
    <p class='ocr_par' dir='ltr' id='par_1_101' title="bbox 202 2612 988 2647">
     <span class='ocr_line' id='line_1_101' title="bbox 202 2612 988 2647; baseline -0.003 -7"><span class='ocrx_word' id='word_1_691' title='bbox 202 2614 288 2644; x_wconf 88' lang='lat' dir='ltr'><strong>rieus,</strong></span> <span class='ocrx_word' id='word_1_692' title='bbox 311 2613 474 2647; x_wconf 80' lang='lat' dir='ltr'><strong>promissam</strong></span> <span class='ocrx_word' id='word_1_693' title='bbox 495 2612 559 2639; x_wconf 92' lang='lat' dir='ltr'><strong>huic</strong></span> <span class='ocrx_word' id='word_1_694' title='bbox 578 2612 732 2639; x_wconf 89' lang='lat' dir='ltr'><strong>tninisterio</strong></span> <span class='ocrx_word' id='word_1_695' title='bbox 758 2615 924 2639; x_wconf 79' lang='lat' dir='ltr'><strong>consecutus</strong></span> <span class='ocrx_word' id='word_1_696' title='bbox 945 2615 988 2638; x_wconf 87' lang='lat' dir='ltr'><strong>est</strong></span> 
     </span>
    </p>
   </div>
   <div class='ocr_carea' id='block_1_102' title="bbox 201 2656 989 2693">
    <p class='ocr_par' dir='ltr' id='par_1_102' title="bbox 201 2656 989 2693">
     <span class='ocr_line' id='line_1_102' title="bbox 201 2656 989 2693; baseline -0.004 -7"><span class='ocrx_word' id='word_1_697' title='bbox 201 2659 359 2686; x_wconf 81' lang='lat' dir='ltr'><strong>sanitatem.</strong></span> <span class='ocrx_word' id='word_1_698' title='bbox 376 2658 413 2684; x_wconf 87' lang='lat' dir='ltr'><strong>Ita</strong></span> <span class='ocrx_word' id='word_1_699' title='bbox 432 2658 533 2693; x_wconf 85' lang='lat' dir='ltr'><strong>quippe</strong></span> <span class='ocrx_word' id='word_1_700' title='bbox 554 2658 716 2685; x_wconf 77' lang='lat' dir='ltr'><strong>Ammonius</strong></span> <span class='ocrx_word' id='word_1_701' title='bbox 733 2658 816 2684; x_wconf 87' lang='lat' dir='ltr'><strong>etiam</strong></span> <span class='ocrx_word' id='word_1_702' title='bbox 838 2659 907 2685; x_wconf 85' lang='lat' dir='ltr'><strong>hanc</strong></span> <span class='ocrx_word' id='word_1_703' title='bbox 921 2656 989 2684; x_wconf 79' lang='lat' dir='ltr'><strong>cll&#39;u-</strong></span> 
     </span>
    </p>
   </div>
   <div class='ocr_carea' id='block_1_103' title="bbox 201 2703 987 2739">
    <p class='ocr_par' dir='ltr' id='par_1_103' title="bbox 201 2703 987 2739">
     <span class='ocr_line' id='line_1_103' title="bbox 201 2703 987 2739; baseline -0.001 -9"><span class='ocrx_word' id='word_1_704' title='bbox 201 2704 279 2739; x_wconf 76' lang='lat' dir='ltr'><strong>gieus</strong></span> <span class='ocrx_word' id='word_1_705' title='bbox 298 2703 498 2739; x_wconf 60' lang='lat' dir='ltr'><strong>aegritudinem,</strong></span> <span class='ocrx_word' id='word_1_706' title='bbox 525 2707 551 2730; x_wconf 86' lang='lat' dir='ltr'><strong>et</strong></span> <span class='ocrx_word' id='word_1_707' title='bbox 571 2703 653 2738; x_wconf 89' lang='lat' dir='ltr'><strong>hujus</strong></span> <span class='ocrx_word' id='word_1_708' title='bbox 677 2703 911 2738; x_wconf 69' lang='lat' dir='ltr'><strong>prtecedentisque</strong></span> <span class='ocrx_word' id='word_1_709' title='bbox 930 2703 987 2729; x_wconf 77' lang='lat' dir='ltr'><strong>lau-</strong></span> 
     </span>
    </p>
   </div>
   <div class='ocr_carea' id='block_1_104' title="bbox 199 2748 987 2784">
    <p class='ocr_par' dir='ltr' id='par_1_104' title="bbox 199 2748 987 2784">
     <span class='ocr_line' id='line_1_104' title="bbox 199 2748 987 2784; baseline -0.001 -8"><span class='ocrx_word' id='word_1_710' title='bbox 199 2749 294 2784; x_wconf 74' lang='lat' dir='ltr'><strong>guoris</strong></span> <span class='ocrx_word' id='word_1_711' title='bbox 313 2749 434 2777; x_wconf 89' lang='lat' dir='ltr'><strong>tucdicos</strong></span> <span class='ocrx_word' id='word_1_712' title='bbox 447 2750 608 2784; x_wconf 81' lang='lat' dir='ltr'><strong>depttlsores</strong></span> <span class='ocrx_word' id='word_1_713' title='bbox 622 2748 783 2776; x_wconf 87' lang='lat' dir='ltr'><strong>collaudans</strong></span> <span class='ocrx_word' id='word_1_714' title='bbox 798 2749 876 2776; x_wconf 91' lang='lat' dir='ltr'><strong>abiit.</strong></span> <span class='ocrx_word' id='word_1_715' title='bbox 890 2748 921 2775; x_wconf 90' lang='lat' dir='ltr'><strong>Et</strong></span> <span class='ocrx_word' id='word_1_716' title='bbox 937 2755 987 2776; x_wconf 92' lang='lat' dir='ltr'><strong>nos</strong></span> 
     </span>
    </p>
   </div>
   <div class='ocr_carea' id='block_1_105' title="bbox 201 2795 986 2832">
    <p class='ocr_par' dir='ltr' id='par_1_105' title="bbox 201 2795 986 2832">
     <span class='ocr_line' id='line_1_105' title="bbox 201 2795 986 2832; baseline -0.003 -10"><span class='ocrx_word' id='word_1_717' title='bbox 201 2797 283 2832; x_wconf 74' lang='lat' dir='ltr'><strong>igitur</strong></span> <span class='ocrx_word' id='word_1_718' title='bbox 308 2797 413 2824; x_wconf 77' lang='lat' dir='ltr'><strong>sanctis</strong></span> <span class='ocrx_word' id='word_1_719' title='bbox 429 2796 522 2823; x_wconf 88' lang='lat' dir='ltr'><strong>laudis</strong></span> <span class='ocrx_word' id='word_1_720' title='bbox 543 2796 675 2832; x_wconf 81' lang='lat' dir='ltr'><strong>hymnum</strong></span> <span class='ocrx_word' id='word_1_721' title='bbox 692 2795 827 2826; x_wconf 80' lang='lat' dir='ltr'><strong>dicentes.</strong></span> <span class='ocrx_word' id='word_1_722' title='bbox 844 2796 890 2822; x_wconf 87' lang='lat' dir='ltr'><strong>isti</strong></span> <span class='ocrx_word' id='word_1_723' title='bbox 914 2795 986 2822; x_wconf 90' lang='lat' dir='ltr'><strong>enim</strong></span> 
     </span>
    </p>
   </div>
   <div class='ocr_carea' id='block_1_106' title="bbox 202 2842 987 2876">
    <p class='ocr_par' dir='ltr' id='par_1_106' title="bbox 202 2842 987 2876">
     <span class='ocr_line' id='line_1_106' title="bbox 202 2842 987 2876; baseline -0.006 -5"><span class='ocrx_word' id='word_1_724' title='bbox 202 2843 324 2875; x_wconf 80' lang='lat' dir='ltr'><strong>suntqui</strong></span> <span class='ocrx_word' id='word_1_725' title='bbox 340 2848 401 2875; x_wconf 85' lang='lat' dir='ltr'><strong>post</strong></span> <span class='ocrx_word' id='word_1_726' title='bbox 424 2843 508 2871; x_wconf 87' lang='lat' dir='ltr'><strong>Deum</strong></span> <span class='ocrx_word' id='word_1_727' title='bbox 525 2843 622 2870; x_wconf 88' lang='lat' dir='ltr'><strong>harum</strong></span> <span class='ocrx_word' id='word_1_728' title='bbox 643 2842 800 2876; x_wconf 82' lang='lat' dir='ltr'><strong>passionum</strong></span> <span class='ocrx_word' id='word_1_729' title='bbox 818 2847 881 2868; x_wconf 88' lang='lat' dir='ltr'><strong>sunt</strong></span> <span class='ocrx_word' id='word_1_730' title='bbox 905 2849 987 2867; x_wconf 73' lang='lat' dir='ltr'><strong>sana-</strong></span> 
     </span>
    </p>
   </div>
   <div class='ocr_carea' id='block_1_107' title="bbox 1045 2245 1842 2282">
    <p class='ocr_par' dir='ltr' id='par_1_107' title="bbox 1045 2245 1842 2282">
     <span class='ocr_line' id='line_1_107' title="bbox 1045 2245 1842 2282; baseline -0.004 -8"><span class='ocrx_word' id='word_1_731' title='bbox 1045 2248 1116 2274; x_wconf 80' lang='grc' dir='ltr'>πάνυ</span> <span class='ocrx_word' id='word_1_732' title='bbox 1131 2248 1234 2282; x_wconf 80' lang='grc' dir='ltr'>πτωχοὶ</span> <span class='ocrx_word' id='word_1_733' title='bbox 1248 2247 1293 2273; x_wconf 89' lang='grc' dir='ltr'><strong>διά</strong></span> <span class='ocrx_word' id='word_1_734' title='bbox 1316 2247 1346 2273; x_wconf 83' lang='grc' dir='ltr'><strong>τὺ</strong></span> <span class='ocrx_word' id='word_1_735' title='bbox 1361 2247 1420 2273; x_wconf 85' lang='grc' dir='ltr'>λίαν</span> <span class='ocrx_word' id='word_1_736' title='bbox 1437 2247 1537 2272; x_wconf 71' lang='grc' dir='ltr'>εὔωνον</span> <span class='ocrx_word' id='word_1_737' title='bbox 1564 2246 1611 2272; x_wconf 79' lang='grc' dir='ltr'>καὶ</span> <span class='ocrx_word' id='word_1_738' title='bbox 1631 2245 1737 2277; x_wconf 69' lang='grc' dir='ltr'>εὐτελὲς</span> <span class='ocrx_word' id='word_1_739' title='bbox 1756 2253 1842 2280; x_wconf 84' lang='grc' dir='ltr'>περι-</span> 
     </span>
    </p>
   </div>
   <div class='ocr_carea' id='block_1_108' title="bbox 1045 2291 1841 2328">
    <p class='ocr_par' dir='ltr' id='par_1_108' title="bbox 1045 2291 1841 2328">
     <span class='ocr_line' id='line_1_108' title="bbox 1045 2291 1841 2328; baseline -0.003 -9"><span class='ocrx_word' id='word_1_740' title='bbox 1045 2294 1200 2321; x_wconf 75' lang='grc' dir='ltr'>ϐάλλονται.</span> <span class='ocrx_word' id='word_1_741' title='bbox 1227 2293 1335 2328; x_wconf 82' lang='grc' dir='ltr'><strong>Ταύτην</strong></span> <span class='ocrx_word' id='word_1_742' title='bbox 1349 2293 1410 2319; x_wconf 77' lang='grc' dir='ltr'>ἀντὶ</span> <span class='ocrx_word' id='word_1_743' title='bbox 1426 2294 1476 2327; x_wconf 77' lang='grc' dir='ltr'>τῆς</span> <span class='ocrx_word' id='word_1_744' title='bbox 1491 2292 1653 2322; x_wconf 74' lang='grc' dir='ltr'>πολυτελοῦς</span> <span class='ocrx_word' id='word_1_745' title='bbox 1673 2292 1721 2318; x_wconf 76' lang='grc' dir='ltr'>καὶ</span> <span class='ocrx_word' id='word_1_746' title='bbox 1743 2291 1841 2326; x_wconf 65' lang='grc' dir='ltr'>χλιδώα</span> 
     </span>
    </p>
   </div>
   <div class='ocr_carea' id='block_1_109' title="bbox 1045 2336 1840 2374">
    <p class='ocr_par' dir='ltr' id='par_1_109' title="bbox 1045 2336 1840 2374">
     <span class='ocr_line' id='line_1_109' title="bbox 1045 2336 1840 2374; baseline -0.006 -7"><span class='ocrx_word' id='word_1_747' title='bbox 1045 2348 1095 2374; x_wconf 88' lang='grc' dir='ltr'><strong>σης</strong></span> <span class='ocrx_word' id='word_1_748' title='bbox 1117 2339 1230 2374; x_wconf 67' lang='grc' dir='ltr'>ἐσθῆτος</span> <span class='ocrx_word' id='word_1_749' title='bbox 1259 2339 1381 2370; x_wconf 77' lang='grc' dir='ltr'>εἰπόντες</span> <span class='ocrx_word' id='word_1_750' title='bbox 1407 2337 1581 2368; x_wconf 73' lang='grc' dir='ltr'>ἐνδύσασθαι,</span> <span class='ocrx_word' id='word_1_751' title='bbox 1601 2338 1657 2368; x_wconf 84' lang='grc' dir='ltr'>τοῖς</span> <span class='ocrx_word' id='word_1_752' title='bbox 1674 2336 1840 2363; x_wconf 81' lang='grc' dir='ltr'>ἀσθενοῦσιν</span> 
     </span>
    </p>
   </div>
   <div class='ocr_carea' id='block_1_110' title="bbox 1043 2381 1839 2418">
    <p class='ocr_par' dir='ltr' id='par_1_110' title="bbox 1043 2381 1839 2418">
     <span class='ocr_line' id='line_1_110' title="bbox 1043 2381 1839 2418; baseline -0.005 -8"><span class='ocrx_word' id='word_1_753' title='bbox 1043 2385 1168 2418; x_wconf 80' lang='grc' dir='ltr'>ἀδελφοῖς</span> <span class='ocrx_word' id='word_1_754' title='bbox 1181 2385 1212 2410; x_wconf 79' lang='grc' dir='ltr'>τὸ</span> <span class='ocrx_word' id='word_1_755' title='bbox 1224 2384 1338 2418; x_wconf 85' lang='grc' dir='ltr'>πότιμον</span> <span class='ocrx_word' id='word_1_756' title='bbox 1356 2382 1428 2418; x_wconf 74' lang='grc' dir='ltr'>ὕδωρ</span> <span class='ocrx_word' id='word_1_757' title='bbox 1438 2382 1547 2409; x_wconf 76' lang='grc' dir='ltr'>ἐπὶτῶν</span> <span class='ocrx_word' id='word_1_758' title='bbox 1561 2381 1646 2416; x_wconf 76' lang='grc' dir='ltr'>ὤμων</span> <span class='ocrx_word' id='word_1_759' title='bbox 1655 2381 1734 2415; x_wconf 82' lang='grc' dir='ltr'>ἄγειν</span> <span class='ocrx_word' id='word_1_760' title='bbox 1747 2389 1839 2416; x_wconf 83' lang='grc' dir='ltr'>προσ-</span> 
     </span>
    </p>
   </div>
   <div class='ocr_carea' id='block_1_111' title="bbox 1043 2427 1839 2463">
    <p class='ocr_par' dir='ltr' id='par_1_111' title="bbox 1043 2427 1839 2463">
     <span class='ocr_line' id='line_1_111' title="bbox 1043 2427 1839 2463; baseline -0.006 -6"><span class='ocrx_word' id='word_1_761' title='bbox 1043 2430 1234 2457; x_wconf 81' lang='grc' dir='ltr'>τάττουσι-οὐ</span> <span class='ocrx_word' id='word_1_762' title='bbox 1262 2430 1384 2463; x_wconf 80' lang='grc' dir='ltr'>κέραμον</span> <span class='ocrx_word' id='word_1_763' title='bbox 1402 2430 1450 2455; x_wconf 80' lang='grc' dir='ltr'>ἓνα</span> <span class='ocrx_word' id='word_1_764' title='bbox 1477 2428 1659 2462; x_wconf 76' lang='grc' dir='ltr'>βαστάζοντα,</span> <span class='ocrx_word' id='word_1_765' title='bbox 1687 2427 1757 2453; x_wconf 84' lang='grc' dir='ltr'>ἀλλὰ</span> <span class='ocrx_word' id='word_1_766' title='bbox 1788 2427 1839 2453; x_wconf 79' lang='grc' dir='ltr'><strong>δύο</strong></span> 
     </span>
    </p>
   </div>
   <div class='ocr_carea' id='block_1_112' title="bbox 1044 2472 1838 2510">
    <p class='ocr_par' dir='ltr' id='par_1_112' title="bbox 1044 2472 1838 2510">
     <span class='ocr_line' id='line_1_112' title="bbox 1044 2472 1838 2510; baseline -0.005 -8"><span class='ocrx_word' id='word_1_767' title='bbox 1044 2476 1088 2502; x_wconf 75' lang='grc' dir='ltr'><strong>ἐπ’</strong></span> <span class='ocrx_word' id='word_1_768' title='bbox 1102 2475 1267 2510; x_wconf 79' lang='grc' dir='ltr'>ἀμφοτέρων</span> <span class='ocrx_word' id='word_1_769' title='bbox 1283 2474 1338 2500; x_wconf 80' lang='grc' dir='ltr'>τῶν</span> <span class='ocrx_word' id='word_1_770' title='bbox 1352 2474 1436 2509; x_wconf 80' lang='grc' dir='ltr'>ὤμων</span> <span class='ocrx_word' id='word_1_771' title='bbox 1448 2473 1628 2504; x_wconf 82' lang='grc' dir='ltr'>θεσπίσαντες</span> <span class='ocrx_word' id='word_1_772' title='bbox 1641 2481 1649 2488; x_wconf 66' lang='grc' dir='ltr'>ι</span> <span class='ocrx_word' id='word_1_773' title='bbox 1659 2472 1706 2498; x_wconf 77' lang='grc' dir='ltr'>καὶ</span> <span class='ocrx_word' id='word_1_774' title='bbox 1721 2472 1752 2498; x_wconf 81' lang='grc' dir='ltr'><strong>οὐ</strong></span> <span class='ocrx_word' id='word_1_775' title='bbox 1766 2473 1838 2507; x_wconf 87' lang='grc' dir='ltr'>πρό-</span> 
     </span>
    </p>
   </div>
   <div class='ocr_carea' id='block_1_113' title="bbox 1043 2517 1838 2557">
    <p class='ocr_par' dir='ltr' id='par_1_113' title="bbox 1043 2517 1838 2557">
     <span class='ocr_line' id='line_1_113' title="bbox 1043 2517 1838 2557; baseline -0.006 -9"><span class='ocrx_word' id='word_1_776' title='bbox 1043 2530 1122 2557; x_wconf 86' lang='grc' dir='ltr'>τερον</span> <span class='ocrx_word' id='word_1_777' title='bbox 1134 2521 1216 2552; x_wconf 78' lang='grc' dir='ltr'>αὐτὸς</span> <span class='ocrx_word' id='word_1_778' title='bbox 1231 2521 1327 2547; x_wconf 81' lang='grc' dir='ltr'>ἀνύσει</span> <span class='ocrx_word' id='word_1_779' title='bbox 1341 2520 1370 2546; x_wconf 80' lang='grc' dir='ltr'>τὸ</span> <span class='ocrx_word' id='word_1_780' title='bbox 1397 2520 1572 2554; x_wconf 83' lang='grc' dir='ltr'>πρόσταγμα.</span> <span class='ocrx_word' id='word_1_781' title='bbox 1592 2519 1620 2545; x_wconf 92' lang='lat'><strong>&#39;0</strong></span> <span class='ocrx_word' id='word_1_782' title='bbox 1636 2518 1664 2544; x_wconf 78' lang='grc' dir='ltr'>δὲ</span> <span class='ocrx_word' id='word_1_783' title='bbox 1683 2517 1838 2552; x_wconf 84' lang='grc' dir='ltr'>πληρώσας</span> 
     </span>
    </p>
   </div>
   <div class='ocr_carea' id='block_1_114' title="bbox 1043 2563 1837 2601">
    <p class='ocr_par' dir='ltr' id='par_1_114' title="bbox 1043 2563 1837 2601">
     <span class='ocr_line' id='line_1_114' title="bbox 1043 2563 1837 2601; baseline -0.008 -7"><span class='ocrx_word' id='word_1_784' title='bbox 1043 2568 1097 2594; x_wconf 82' lang='grc' dir='ltr'>τῶν</span> <span class='ocrx_word' id='word_1_785' title='bbox 1115 2567 1202 2601; x_wconf 85' lang='grc' dir='ltr'>ἁγίων</span> <span class='ocrx_word' id='word_1_786' title='bbox 1217 2567 1268 2601; x_wconf 87' lang='grc' dir='ltr'>τὴν</span> <span class='ocrx_word' id='word_1_787' title='bbox 1283 2566 1419 2598; x_wconf 78' lang='grc' dir='ltr'>κέλευσιν,</span> <span class='ocrx_word' id='word_1_788' title='bbox 1436 2566 1483 2591; x_wconf 78' lang='grc' dir='ltr'>καὶ</span> <span class='ocrx_word' id='word_1_789' title='bbox 1496 2564 1526 2591; x_wconf 80' lang='grc' dir='ltr'>τὸ</span> <span class='ocrx_word' id='word_1_790' title='bbox 1541 2564 1615 2598; x_wconf 65' lang='grc' dir='ltr'>νᾶμα</span> <span class='ocrx_word' id='word_1_791' title='bbox 1640 2563 1710 2597; x_wconf 82' lang='grc' dir='ltr'><strong>μετά</strong></span> <span class='ocrx_word' id='word_1_792' title='bbox 1725 2563 1774 2590; x_wconf 82' lang='grc' dir='ltr'><strong>τοῦ</strong></span> <span class='ocrx_word' id='word_1_793' title='bbox 1791 2563 1837 2588; x_wconf 87' lang='grc' dir='ltr'>λε-</span> 
     </span>
    </p>
   </div>
   <div class='ocr_carea' id='block_1_115' title="bbox 1042 2609 1836 2647">
    <p class='ocr_par' dir='ltr' id='par_1_115' title="bbox 1042 2609 1836 2647">
     <span class='ocr_line' id='line_1_115' title="bbox 1042 2609 1836 2647; baseline -0.006 -8"><span class='ocrx_word' id='word_1_794' title='bbox 1042 2613 1150 2647; x_wconf 80' lang='grc' dir='ltr'>χθέντος</span> <span class='ocrx_word' id='word_1_795' title='bbox 1173 2611 1322 2646; x_wconf 75' lang='grc' dir='ltr'>ἐνδύματος</span> <span class='ocrx_word' id='word_1_796' title='bbox 1343 2610 1543 2646; x_wconf 82' lang='grc' dir='ltr'>ὐδρευσάμενος</span> <span class='ocrx_word' id='word_1_797' title='bbox 1564 2609 1769 2639; x_wconf 73' lang='grc' dir='ltr'>ἐπιεικέστατα,</span> <span class='ocrx_word' id='word_1_798' title='bbox 1782 2611 1836 2643; x_wconf 77' lang='grc' dir='ltr'>τὴν</span> 
     </span>
    </p>
   </div>
   <div class='ocr_carea' id='block_1_116' title="bbox 1041 2654 1835 2694">
    <p class='ocr_par' dir='ltr' id='par_1_116' title="bbox 1041 2654 1835 2694">
     <span class='ocr_line' id='line_1_116' title="bbox 1041 2654 1835 2694; baseline -0.005 -10"><span class='ocrx_word' id='word_1_799' title='bbox 1041 2657 1250 2694; x_wconf 67' lang='grc' dir='ltr'>ἐπηγγελμένην</span> <span class='ocrx_word' id='word_1_800' title='bbox 1262 2658 1295 2692; x_wconf 86' lang='grc' dir='ltr'><strong>τῇ</strong></span> <span class='ocrx_word' id='word_1_801' title='bbox 1311 2657 1400 2692; x_wconf 82' lang='grc' dir='ltr'>τοιᾷδε</span> <span class='ocrx_word' id='word_1_802' title='bbox 1422 2655 1521 2691; x_wconf 74' lang='grc' dir='ltr'>πράξει</span> <span class='ocrx_word' id='word_1_803' title='bbox 1534 2655 1616 2690; x_wconf 82' lang='grc' dir='ltr'><strong>ρὧιν</strong></span> <span class='ocrx_word' id='word_1_804' title='bbox 1630 2654 1751 2686; x_wconf 73' lang='grc' dir='ltr'>ἐδέξατο.</span> <span class='ocrx_word' id='word_1_805' title='bbox 1778 2654 1817 2681; x_wconf 80' lang='grc' dir='ltr'><strong>Οὔ</strong></span> <span class='ocrx_word' id='word_1_806' title='bbox 1828 2669 1835 2674; x_wconf 96' lang='grc'><strong><em>-</em></strong></span> 
     </span>
    </p>
   </div>
   <div class='ocr_carea' id='block_1_117' title="bbox 1041 2699 1835 2737">
    <p class='ocr_par' dir='ltr' id='par_1_117' title="bbox 1041 2699 1835 2737">
     <span class='ocr_line' id='line_1_117' title="bbox 1041 2699 1835 2737; baseline -0.005 -8"><span class='ocrx_word' id='word_1_807' title='bbox 1041 2712 1080 2729; x_wconf 81' lang='grc' dir='ltr'><strong>τω</strong></span> <span class='ocrx_word' id='word_1_808' title='bbox 1096 2703 1125 2729; x_wconf 77' lang='grc' dir='ltr'>δὲ</span> <span class='ocrx_word' id='word_1_809' title='bbox 1140 2703 1188 2728; x_wconf 73' lang='grc' dir='ltr'>καὶ</span> <span class='ocrx_word' id='word_1_810' title='bbox 1204 2702 1307 2737; x_wconf 77' lang='grc' dir='ltr'>ταύτην</span> <span class='ocrx_word' id='word_1_811' title='bbox 1333 2700 1460 2735; x_wconf 73' lang='grc' dir='ltr'>ἐκφυγὼν</span> <span class='ocrx_word' id='word_1_812' title='bbox 1472 2703 1486 2727; x_wconf 84' lang='grc' dir='ltr'>ὁ</span> <span class='ocrx_word' id='word_1_813' title='bbox 1502 2699 1661 2736; x_wconf 81' lang='grc' dir='ltr'>Ἀμμώνιος</span> <span class='ocrx_word' id='word_1_814' title='bbox 1681 2701 1730 2733; x_wconf 84' lang='grc' dir='ltr'>τὴν</span> <span class='ocrx_word' id='word_1_815' title='bbox 1755 2699 1835 2725; x_wconf 82' lang='grc' dir='ltr'><strong>ἁσθέ-</strong></span> 
     </span>
    </p>
   </div>
   <div class='ocr_carea' id='block_1_118' title="bbox 1041 2744 1834 2783">
    <p class='ocr_par' dir='ltr' id='par_1_118' title="bbox 1041 2744 1834 2783">
     <span class='ocr_line' id='line_1_118' title="bbox 1041 2744 1834 2783; baseline -0.006 -7"><span class='ocrx_word' id='word_1_816' title='bbox 1041 2757 1126 2780; x_wconf 84' lang='grc' dir='ltr'>νειαν,</span> <span class='ocrx_word' id='word_1_817' title='bbox 1144 2749 1207 2780; x_wconf 80' lang='grc' dir='ltr'>τοὺς</span> <span class='ocrx_word' id='word_1_818' title='bbox 1230 2748 1332 2783; x_wconf 84' lang='grc' dir='ltr'>ταύτης</span> <span class='ocrx_word' id='word_1_819' title='bbox 1362 2748 1473 2782; x_wconf 75' lang='grc' dir='ltr'>ἰατροὺς</span> <span class='ocrx_word' id='word_1_820' title='bbox 1495 2747 1544 2773; x_wconf 74' lang='grc' dir='ltr'>καὶ</span> <span class='ocrx_word' id='word_1_821' title='bbox 1564 2747 1612 2781; x_wconf 81' lang='grc' dir='ltr'>τῆς</span> <span class='ocrx_word' id='word_1_822' title='bbox 1641 2744 1834 2781; x_wconf 80' lang='grc' dir='ltr'>προλαὸούσης</span> 
     </span>
    </p>
   </div>
   <div class='ocr_carea' id='block_1_119' title="bbox 1041 2790 1833 2829">
    <p class='ocr_par' dir='ltr' id='par_1_119' title="bbox 1041 2790 1833 2829">
     <span class='ocr_line' id='line_1_119' title="bbox 1041 2790 1833 2829; baseline -0.004 -9"><span class='ocrx_word' id='word_1_823' title='bbox 1041 2793 1157 2826; x_wconf 82' lang='grc' dir='ltr'>διώκτας</span> <span class='ocrx_word' id='word_1_824' title='bbox 1176 2795 1340 2829; x_wconf 76' lang='grc' dir='ltr'>εὐφημήσας</span> <span class='ocrx_word' id='word_1_825' title='bbox 1360 2793 1498 2828; x_wconf 86' lang='grc' dir='ltr'>ἀπῲχετο.</span> <span class='ocrx_word' id='word_1_826' title='bbox 1523 2793 1578 2818; x_wconf 78' lang='grc' dir='ltr'><strong>Καὶ</strong></span> <span class='ocrx_word' id='word_1_827' title='bbox 1606 2792 1685 2826; x_wconf 82' lang='grc' dir='ltr'>ἡμεῖς</span> <span class='ocrx_word' id='word_1_828' title='bbox 1708 2790 1738 2817; x_wconf 78' lang='grc' dir='ltr'>δὲ</span> <span class='ocrx_word' id='word_1_829' title='bbox 1769 2791 1833 2820; x_wconf 61' lang='grc' dir='ltr'>τοὺς</span> 
     </span>
    </p>
   </div>
   <div class='ocr_carea' id='block_1_120' title="bbox 1043 2835 1831 2876">
    <p class='ocr_par' dir='ltr' id='par_1_120' title="bbox 1043 2835 1831 2876">
     <span class='ocr_line' id='line_1_120' title="bbox 1043 2835 1831 2876; baseline -0.008 -9"><span class='ocrx_word' id='word_1_830' title='bbox 1043 2840 1136 2874; x_wconf 75' lang='grc' dir='ltr'>ἁγίους</span> <span class='ocrx_word' id='word_1_831' title='bbox 1163 2840 1333 2876; x_wconf 69' lang='grc' dir='ltr'>ὑμνήσαντες</span> <span class='ocrx_word' id='word_1_832' title='bbox 1361 2839 1450 2874; x_wconf 64' lang='grc' dir='ltr'>(αὐτοὶ</span> <span class='ocrx_word' id='word_1_833' title='bbox 1476 2839 1529 2874; x_wconf 77' lang='grc' dir='ltr'>γὰρ</span> <span class='ocrx_word' id='word_1_834' title='bbox 1551 2837 1618 2873; x_wconf 86' lang='grc' dir='ltr'><strong>μετά</strong></span> <span class='ocrx_word' id='word_1_835' title='bbox 1635 2837 1700 2862; x_wconf 68' lang='grc' dir='ltr'>Θεὸν</span> <span class='ocrx_word' id='word_1_836' title='bbox 1715 2835 1770 2862; x_wconf 85' lang='grc' dir='ltr'><strong>τῶν</strong></span> <span class='ocrx_word' id='word_1_837' title='bbox 1786 2835 1831 2862; x_wconf 76' lang='grc' dir='ltr'>λε-</span> 
     </span>
    </p>
   </div>
  </div>
