1909 3078
84 145 151 176 3339

571 144 720 174 Ῐ.ΑΠΙ)Ε8
735 145 776 175 ΙΝ
795 145 847 174 SS.
858 145 988 175 CYRUM
1011 145 1056 175 ΕΤ
1077 145 1267 176 JOANNEM.

1657 143 1730 176 3430

83 201 203 235 χόἑντων
217 198 305 234 lupo!
317 198 541 234 καηεστὴκασιν),
554 199 597 225 ἐπ’
604 199 687 230 ἄλλας
697 199 880 234 ἀξιαγάστους

952 209 1016 233 ires,
1033 206 1067 229 ad
1083 203 1151 230 alius
1171 210 1266 230 eorum
1282 201 1434 229 medicinas
1451 200 1627 229 admirabiles
1651 209 1731 228 accc-

85 245 314 283 οαυματουργῐας
327 245 418 271 αὐτῶν
437 244 592 280 διεξίωμεν.

85 313 122 340 B’.
139 328 175 333 —
191 312 260 346 Περὶ
281 311 433 345 θεοὸὡρου
451 310 504 339 τοῦ
517 312 685 345 ἐσχηκότος
700 312 736 338 ἐν
748 312 811 345 τοῖς
823 311 878 339 δύο

272 347 438 381 ὀφθαλμοῖς
459 348 496 373 τὰ
510 346 700 382 λευκώματα.

117 414 258 449 Θεόδωρος
278 413 306 439 δὲ
320 412 390 448 μετὰ
417 412 575 447 Ἀμμώνιον
600 413 667 448 ἡμῖν
693 413 731 445 εις
753 413 881 448 διήγησιν

83 460 202 494 πῴεισι,
233 458 310 484 πόλιν
339 458 390 492 μὲν
421 457 491 493 ἔχων
524 458 572 484 καὶ
587 458 669 491 αὐτὸς
687 458 736 494 τὴν
756 459 881 492 Ἀλεξάν-

81 507 187 539 ὄρειαν,
207 503 322 536 πλοῖξτον
345 503 374 528 δὲ
400 502 560 538 σύμμετρον
586 504 635 530 καὶ
654 503 816 539 ἀμέριμνον,
832 505 882 539 τὴν

82 550 233 584 “tum.
257 549 445 584 αὐτάρκειανο
469 549 547 575 νόσον
569 549 598 575 δὲ
624 549 678 576 τῶν
692 549 739 576 τοῦ
755 549 883 584 σώματος

81 595 234 631 ὀφθαλμῶν
249 595 299 630 τὴν
313 594 464 621 ἀπώλειαν.
482 593 600 625 Τούτους
613 595 668 630 γὰρ
679 594 774 622 παθὼν
791 597 806 621 ὁ
819 595 883 621 Θεό-

81 642 180 676 δωρος,
199 641 247 667 καὶ
260 641 310 674 τὴν
332 640 446 666 δέουσαν
478 640 528 674 οὐχ
552 639 640 674 εὑρὼν
666 640 836 674 ἐπιμέλειαν,
851 641 883 666 ὲν

83 687 253 722 ἀμφοτέροις
273 686 353 721 ἔσχεν
375 686 410 713 τὰ
432 686 496 717 τοὺς
520 685 679 721 ὀφθαλμοὺς
708 686 884 722 ἀμαυροῦντα

86 732 266 766 λευκώματα.
279 732 371 766 Ἃπερ
400 730 527 766 ἐσχηκὼς
556 731 603 757 καὶ
624 731 692 767 πρὸς
713 732 767 758 τῶν
784 732 884 766 ἰατρῶν

85 777 181 813 μαθὼν
197 777 291 804 αὐτῶν
315 777 346 804 τὺ
366 776 489 808 ἀνίατον,
507 776 553 802 τὸν
567 776 622 803 τῶν
636 776 786 812 μαρτύρων
802 777 885 812 σηκὸν

84 823 308 858 κατελάμϐανεν,
325 822 421 849 ἐλπίδα
439 822 504 858 μίαν
517 822 607 858 ἑαυτῷ
622 822 802 858 περιθέμενος
815 823 886 849 ἀκα-

84 871 260 904 ταίσχυντον,
274 869 366 895 πίστιν
382 869 422 900 εἰς
447 862 547 899 αὐτους
569 867 763 902 ἀνυπόκριτον,
778 867 826 894 καὶ
836 867 886 901 τὴν

85 914 150 950 παρ’
171 914 263 941 αὐτῶν
279 915 336 945 τοῖς
347 913 420 940 οὕτω
444 913 621 940 πιστεύουσιν
643 913 812 949 γιγνομένην
827 913 889 939 ὲπί-

86 962 196 995 σκεψιν.
218 959 320 988 Ἐλθὼν
332 957 378 986 οὗν
395 959 435 991 είς
458 959 488 986 τὸ
505 959 559 986 τῶν
583 959 729 994 μαρτύρων
740 959 890 994 σεϐάσμιον

85 1009 212 1042 τέμενος,
228 1006 280 1040 τῆς
293 1006 333 1038 εἰς
349 1005 448 1037 αὐτοὺς
471 1005 606 1040 ὀλοψύχου
627 1006 746 1036 πίστεώς
760 1005 806 1032 τὸν
820 1013 890 1041 καρ-

87 1054 139 1080 ne.
150 1052 321 1087 ἀπεφέρετο.
348 1052 452 1086 Χρόνον
470 1053 525 1088 γὰρ
541 1051 570 1078 ὲν
585 1051 659 1086 αὺτῷ
667 1051 809 1087 διατρίψας
825 1051 891 1087 βρα-

86 1100 214 1134 χύτατον,
234 1099 342 1134 καρπὸν
360 1098 505 1133 ἐκομίζετο
519 1106 526 1114 ·
544 1098 591 1124 τὸν
610 1098 640 1124 οὐ
661 1097 769 1132 χρόνοις
782 1098 890 1128 πολλοῖς

87 1145 312 1181 γεωργούμενον.
327 1143 385 1172 ἀλλ’
396 1143 532 1180 ἁπλότητι
544 1143 661 1176 πίστεως
675 1143 872 1178 τιθηνούμενον
881 1151 890 1159 -

86 1194 118 1219 ὃν
136 1191 367 1227 ἀναμετροῦντες
389 1190 414 1217 οἱ
429 1190 514 1224 ἅγιοι,
530 1191 570 1221 εἰς
603 1190 653 1225 τὴν
676 1189 768 1216 αὐτῶν
797 1189 890 1224 πηγὴν

89 1237 192 1268 ἐξιέναι
207 1236 410 1271 προσέταττον,
428 1236 475 1262 καὶ
496 1236 554 1266 τοῖς
585 1235 614 1261 ὲν
639 1235 708 1270 αὐτῇ
737 1234 891 1270 χρήσασθαι

88 1283 210 1318 νάμασιν
227 1282 295 1317 πρὸς
312 1283 362 1316 τὴν
375 1281 429 1308 τῶν
447 1281 580 1316 ὀμμάτων
592 1281 751 1315 ἀνάϐλεψιν.
774 1281 802 1307 '0
817 1281 846 1307 δὲ
861 1281 891 1308 τὸ

89 1327 238 1354 κελευσῧὲν
261 1326 346 1353 ποιῶν
371 1326 546 1361 ἑτοιμότατα,
566 1325 824 1360 χειραγωγούμενος
844 1325 892 1352 ἐπὶ

88 1375 122 1400 τὸ
136 1373 247 1409 ῥεῖθρον
263 1373 428 1407 ἀπέρχεται,
443 1373 492 1398 καὶ
507 1371 554 1403 τὰς
570 1371 648 1406 ὕψεις
667 1372 696 1398 ἐν
712 1371 801 1405 τούτῳ
814 1371 894 1406 νιψά-

92 1428 185 1454 μενος,
214 1420 262 1446 καὶ
287 1418 389 1450 ταύτας
416 1418 457 1449 εἷς
484 1426 510 1444 τι
537 1417 679 1452 φακιόλιον
702 1417 893 1453 ὲκμαξάμενος

91 1466 216 1499 ἔϐλεψεν,
235 1466 284 1492 σὺν
296 1466 329 1500 τῇ
345 1464 400 1490 τῶν
416 1464 522 1491 ὑδάτων
544 1463 685 1499 ὑγρότητι,
703 1464 752 1491 καὶ
774 1464 828 1491 τῶν
842 1464 890 1498 ὀφ-

91 1512 205 1547 θαλμῶν
237 1510 384 1538 ἀποϐαλὼν
409 1510 444 1536 τὰ
467 1509 645 1545 λιυκώματα.
661 1510 752 1546 "Amp
773 1509 828 1536 τῶν
844 1510 894 1544 ὀμ-

93 1559 189 1592 μάτων
205 1559 238 1584 ὲκ
250 1557 327 1588 θείας
344 1556 418 1587 τινὸς
448 1556 647 1583 ἁποπτωθέντα
671 1556 814 1591 δυνάμεως
839 1556 890 1582 κάν
905 1555 928 1584 ο

91 1603 132 1639 τῷ
148 1602 286 1637 φακιολίῳ
301 1602 483 1637 τυγχάνοντα,
503 1602 588 1628 πᾶσιν
603 1601 759 1636 εἰσδραμὼν
771 1602 828 1633 τοῖς
839 1601 892 1628 ἀνὰ

92 1651 139 1674 τὸν
151 1649 222 1675 νεὼν
239 1648 394 1683 εὑρεθεῖοιν
417 1647 559 1680 ὑπέδειξεν
571 1655 579 1662 ·
593 1647 748 1682 ὑπόδειγμα
773 1647 893 1679 πίστεως

94 1696 191 1722 ἑαυτὸν
207 1694 410 1729 παρεχόμενος,
428 1694 477 1720 καὶ
489 1695 540 1729 τῆς
554 1694 588 1721 ὲκ
611 1694 731 1726 πίστεως
746 1693 891 1729 ἐγγινομέ-

94 1750 142 1775 νης
159 1741 261 1773 tam;
276 1740 422 1776 κηρύττων
437 1740 468 1766 τὸ
483 1739 610 1775 μέγεθος.

95 1821 116 1847 Γ
116 1824 133 1847 ’.
149 1836 186 1841 -
200 1820 272 1854 Περὶ
298 1819 400 1847 Καλοῦ
419 1819 473 1846 τὸν
497 1818 576 1846 lator
588 1818 668 1846 πόδα
680 1818 891 1852 κατεάξαντος.

132 1888 227 1920 Καλὸς
242 1887 271 1914 δέ
285 1896 327 1919 τις
344 1887 428 1918 ἀξίως
439 1885 587 1921 λεγόμενος
601 1885 725 1922 (γνώμην
735 1886 789 1922 γὰρ
802 1885 893 1912 τοιαύ-

95 1944 146 1970 της
161 1933 353 1970 προσηγορίας
373 1932 522 1960 ἀκόλουθον
538 1932 720 1968 διεκέκτητο),
740 1932 773 1959 ὲκ
783 1933 834 1968 τῆς
845 1931 893 1958 τοῦ

97 1981 248 2016 μιπκάλου
263 1979 393 2014 σπουδῆς,
421 1979 470 2005 καὶ
492 1978 543 2014 τῆς
567 1978 636 2014 πρὸς
657 1979 692 2005 τὰ
711 1979 783 2006 καλὰ
803 1979 894 2014 δεινῆς

95 2027 296 2058 ἀντιστάσεως,
319 2026 372 2052 ἀπὸ
388 2025 529 2060 ,κλίμακος
556 2024 659 2052 κατιὼν
684 2025 892 2060 συμποδίζεται,

97 2075 144 2100 καὶ
169 2071 369 2107 συμποδισθεὶς
386 2071 432 2105 ἀφ’
449 2070 534 2105 ὕψους
563 2069 658 2105 βιαίως
685 2071 725 2102 εἰς
743 2071 795 2105 γῆν
809 2079 894 2098 κατα-

97 2119 214 2153 φέρεται
227 2116 366 2151 πτώματι.
384 2116 466 2143 Ὅθεν
478 2116 524 2142 τὸν
539 2116 609 2142 πόδα
625 2116 779 2152 συντριϐεὶς
790 2116 894 2143 ἐκινδύ-

97 2173 169 2196 νευε,
185 2163 268 2190 αὐτὸν
278 2162 326 2189 τοῦ
343 2162 422 2194 ποδὸς
437 2162 478 2193 εἰς
494 2161 580 2196 μυρία
591 2162 727 2194 κατεάξας
749 2162 794 2188 τὸν
811 2161 894 2188 κάλα-

99 2219 161 2246 μον.
190 2209 261 2236 Ἀλλ’
275 2209 322 2236 ὅτε
336 2208 385 2243 τὴν
411 2207 466 2234 τῶν
485 2207 587 2242 ἰατρῶν
608 2208 664 2234 ἴδεν
681 2208 749 2243 πρὸς
763 2207 794 2234 τὸ
807 2207 894 2240 πάθος

97 2256 229 2290 ἀνόνητον
253 2254 370 2286 ἑλευσιν,
387 2252 586 2287 ἑπιλειψάντων
611 2253 704 2288 σχεδὸν
717 2252 772 2279 τῶν
784 2252 831 2279 τοῦ
847 2261 896 2278 πο-

98 2302 142 2333 δὸς
154 2301 257 2327 ὀστέων
272 2301 332 2332 ταῖς
358 2300 431 2326 κατὰ
457 2300 540 2334 μέρος
555 2299 703 2331 ἀποϐολαῖς
727 2307 756 2326 τε
772 2300 817 2326 καὶ
834 2299 896 2335 ῥεύ-

101 2356 188 2379 σεσιν,
200 2347 316 2373 καὶτῶν
333 2345 445 2380 σαρκῶν
461 2354 492 2372 τε
508 2345 751 2372 συναναλωοεισῶν
768 2347 827 2377 ταῖς
841 2345 896 2372 τῶν

102 2395 209 2430 ἰχώρων
223 2392 398 2424 ὲκϐλύσεσιν,
411 2393 459 2418 ἐπὶ
475 2392 526 2427 τὴν
541 2392 597 2418 τῶν
617 2391 703 2426 ἁγίων
729 2392 823 2428 Κύρου
849 2392 896 2419 καὶ

106 2440 230 2467 Ἰωάννου
249 2438 419 2472 καταφεύγει
432 2438 572 2472 βοήθειαν,
594 2437 685 2473 ἐαυτῷ
694 2437 808 2464 πλεῖστα
825 2445 896 2472 μεμ-

100 2485 232 2520 ψάμενος.
247 2482 354 2510 ὅτιτῶν
370 2483 457 2517 ἁγίων
475 2483 546 2515 ¹’τοὺς
567 2483 677 2518 ἰατροὺς
700 2483 894 2519 προετίμησεν,

101 2531 216 2565 καὶτῆς
246 2530 294 2556 ἐπὶ
321 2529 409 2564 τούτῳ
436 2529 603 2564 συγγνώμης
623 2529 709 2556 πολλὰ
734 2530 827 2564 τυχεῖν
842 2530 896 2556 ἐλο-

101 2578 213 2605 τάνευεν
226 2585 234 2592 ·
251 2576 299 2603 καὶ
313 2576 383 2611 μετὰ
396 2577 446 2612 τῆς
460 2575 625 2610 συγγνώμης
640 2575 688 2602 καὶ
699 2576 747 2611 τὴν
767 2577 838 2603 τοισιν
851 2577 897 2604 αὖ·

101 2625 164 2656 τοὺς
187 2624 299 2660 ὀρέγειν
325 2623 523 2650 ἱκέτευεν.Ἦν
553 2623 708 2658 ἁδιστάκτῳ
738 2624 772 2658 τῇ
803 2624 895 2650 πίστει

103 2670 264 2707 πρεσὸεύων
292 2670 448 2705 κομίζεται,
466 2669 550 2704 ἐλαίῳ
572 2669 612 2704 τῷ
641 2669 692 2704 τῆς
715 2670 851 2705 κανδήλας
863 2672 896 2698 ὲκ

103 2718 316 2753 προστάγματος
330 2715 519 2750 ἀλειφόμενος,
535 2715 583 2742 καὶ
604 2715 693 2751 τούτῳ
713 2715 825 2751 πληρῶν
841 2716 895 2744 τῶν

103 2763 276 2790 ἐκπεσόντων
293 2762 395 2788 ὀστέων
411 2762 462 2796 τὴν
475 2761 591 2788 ἔνδειαν.
615 2762 670 2788 Καὶ
686 2761 766 2788 τοῦτο
782 2762 833 2798 μὲν
849 2762 894 2789 τοῦ

103 2809 193 2836 Καλοῦ
210 2808 380 2842 καθέστηκέν
399 2816 428 2834 τε
443 2808 474 2834 τὸ
488 2807 620 2844 διήγημα,
633 2809 681 2835 καὶ
694 2809 741 2836 τοῦ
754 2810 895 2844 γεγονότος

104 2856 146 2882 ἐπ’
159 2855 234 2891 αὐτῷ
249 2854 390 2890 Θαύματος
401 2854 432 2882 τὺ
448 2854 633 2890 μνημόσυνον.
816 2850 821 2856 ’

934 249 1041 276 damus.

936 314 968 341 ll.
986 329 1019 334 —
1037 313 1076 341 De
1097 313 1231 341 Theodoro
1255 315 1300 374 quli
1319 314 1431 376 ballztores
1457 314 1484 341 in
1509 314 1627 350 utrisque
1648 313 1731 341 oculis

1290 357 1315 375 ια
1335 358 1361 376 ιιι
1376 368 1383 375 .

1290 357 1383 376 mauu.

971 416 1025 444 Sed
1047 420 1074 444 et
1095 415 1256 443 Theodorus
1283 419 1344 450 post
1365 415 1542 442 Ammonium
1576 415 1732 442 narrandus

936 463 1058 495 accedat,
1071 462 1210 490 civitatem
1227 462 1330 488 habens
1353 465 1380 488 et
1396 461 1455 495 ipse
1474 462 1598 487 eamdem
1616 461 1732 487 Alexan-

936 508 1037 540 driam,
1055 508 1102 536 sed
1124 516 1191 543 opes
1214 506 1370 534 mediocres
1390 511 1417 534 et
1438 515 1568 534 curarum
1593 510 1731 541 expertes.

937 554 1066 589 quodque
1083 555 1220 589 optimum
1237 558 1290 585 est,
1309 557 1384 580 sorte
1397 560 1446 580 sua
1459 557 1616 580 contentus.
1634 552 1733 587 JEgru-

942 601 1022 628 tabat
1043 601 1127 636 igitur
1143 601 1287 628 oculorum
1302 599 1428 634 corporis
1443 599 1580 632 orbitate;
1597 600 1646 626 llOS
1657 599 1731 633 quip.

938 657 973 685 pe
992 650 1088 677 dolens
1103 648 1277 681 Theodorus,
1293 651 1320 674 et
1334 654 1389 674 non
1406 646 1549 674 inveniens
1564 647 1732 681 diligentiam

938 699 1153 730 competentem,
1167 695 1195 721 in
1209 695 1334 728 utrisque
1354 693 1443 720 oculis
1461 693 1550 720 induit
1573 694 1734 720 tenebrosus

915 770 918 771 ν
939 741 1070 774 albores;
1092 748 1163 775 quos
1188 741 1252 767 dum
1275 739 1429 771 habuisset,
1451 743 1479 765 et
1500 746 1515 765 a
1539 738 1652 765 medicis
1674 746 1736 766 esse

940 785 1112 813 insanabiles
1129 785 1285 816 didicisset,
1302 784 1336 811 ad
1352 788 1509 811 sanctorum
1529 782 1734 809 contcssiuncm

940 832 1074 863 occurrit,
1089 839 1171 859 unam
1188 831 1242 858 sibi
1262 838 1350 865 spem,
1366 837 1420 865 qua
1435 837 1490 856 non
1506 828 1734 859 confunderetur,

904 882 925 911 Β
941 886 1099 914 proponens
1122 878 1202 904 ﬁdem
1220 877 1247 904 in
1265 884 1313 904 eos
1332 875 1484 906 indubiam,
1508 879 1536 902 et
1559 883 1654 902 eorum
1671 873 1736 900 visi.

942 924 1074 951 tationem
1093 924 1128 950 ita
1141 922 1318 950 credentibus
1332 921 1501 948 adfuturam.
1514 919 1631 947 Veniens
1645 920 1737 954 itaque

940 972 974 998 ad
989 969 1175 997 venerabilem
1192 969 1335 996 basilicam
1353 972 1516 1002 martyrum,
1534 966 1596 993 lidei
1613 973 1696 1000 «piam
1709 965 1736 992 in

940 1016 1014 1050 ipsos
1044 1015 1206 1042 medullitus
1241 1013 1358 1045 habuit,
1381 1012 1501 1039 fructum
1539 1012 1656 1045 adeptus
1682 1013 1734 1036 est.

940 1061 1060 1096 Tempus
1080 1061 1155 1088 enim
1174 1060 1274 1087 ibidem
1300 1063 1426 1086 moratus
1441 1057 1650 1088 brevissimum,
1680 1054 1737 1081 l‘ru-

940 1112 1015 1135 ctum
1036 1106 1154 1142 adeptus
1168 1111 1223 1138 est,
1242 1105 1288 1140 qui
1307 1111 1358 1131 nec
1379 1102 1552 1138 temporibus
1574 1101 1667 1128 multis
1690 1108 1737 1128 ac-

941 1153 1071 1188 quiritur,
1089 1152 1136 1179 sed
1152 1151 1333 1186 simplicitate
1345 1149 1407 1176 ﬁdei
1423 1149 1555 1176 coalescit
1568 1146 1737 1181 ;cujussan-

941 1198 978 1226 cti
1001 1197 1223 1224 vicissitudinem
1242 1199 1465 1230 compensantes,
1484 1193 1517 1220 ad
1534 1192 1638 1219 fontem
1655 1198 1735 1218 somn

941 1242 1047 1278 egredi,
1066 1246 1093 1269 et
1109 1241 1171 1276 ejus
1186 1240 1298 1268 ﬂuentis
1316 1236 1389 1267 ablui
1406 1239 1440 1266 ad
1458 1238 1601 1266 oculorum
1613 1237 1737 1265 illustra-

942 1288 1048 1315 tionem
1071 1287 1245 1322 praecipiunt.
1267 1285 1316 1313 Ille
1335 1292 1401 1312 vero
1417 1284 1492 1320 quod
1505 1284 1614 1318 jussum
1630 1288 1672 1310 est
1690 1289 1739 1317 pa-

942 1338 1020 1362 ratus
1040 1332 1160 1366 etlicere,
1188 1340 1252 1359 mox
1271 1336 1302 1358 ut
1317 1332 1419 1359 ductus
1434 1330 1468 1358 ad
1485 1331 1542 1358 haec
1558 1329 1659 1357 ﬂuenta
1676 1335 1739 1364 pro-

943 1379 1033 1407 fectus
1057 1383 1112 1411 est,
1134 1379 1293 1413 ibidemque
1316 1377 1431 1405 abluens
1455 1377 1571 1408 lumina,
1593 1380 1619 1403 et
1647 1375 1739 1403 faciali

943 1425 1063 1460 quodam
1077 1428 1225 1459 extergens
1237 1424 1356 1459 aspexit,
1369 1427 1397 1451 et
1413 1431 1475 1450 cum
1492 1429 1624 1458 aquarum
1642 1422 1740 1448 Immo-

943 1479 974 1499 re
987 1472 1070 1498 etiam
1090 1470 1235 1498 oculorum
1260 1470 1368 1498 albores
1391 1469 1502 1504 abjecit,
1525 1469 1572 1503 qui
1594 1469 1626 1495 de
1650 1467 1740 1495 oculis

945 1517 1037 1545 divina
1054 1517 1174 1552 quadam
1190 1520 1255 1544 sunt
1269 1516 1379 1551 expulsi
1393 1516 1517 1548 virtute;
1534 1519 1621 1550 atque
1640 1513 1672 1541 ad
1689 1514 1738 1541 ba-

944 1563 1050 1590 silicam
1064 1567 1181 1590 currens
1198 1563 1225 1589 in
1244 1563 1341 1590 eodem
1361 1562 1452 1589 faciali
1468 1561 1598 1588 omnibus
1627 1560 1673 1594 qui
1693 1559 1741 1586 ad-

944 1609 1052 1637 fuerant
1063 1609 1262 1636 demnnstravit
1275 1617 1282 1641 ;
1297 1608 1451 1643 exemplum
1466 1615 1496 1635 se
1512 1607 1572 1634 tidei
1590 1606 1652 1633 aliis
1660 1604 1740 1633 exhi-

945 1655 1025 1688 bens,
1038 1660 1064 1682 et
1082 1655 1268 1688 salubritatis,
1283 1661 1367 1690 quam
1380 1654 1448 1681 ﬁdes
1462 1652 1630 1688 assequitur,
1642 1650 1741 1686 praedi-

946 1709 1013 1729 cans
1029 1700 1259 1736 magnitudinem.

1065 1819 1110 1848 Ill.
1127 1835 1164 1840 —
1182 1819 1220 1847 De
1233 1819 1301 1848 Cato
1314 1819 1360 1854 qui
1375 1818 1466 1853 pedem
1480 1822 1614 1850 eruperat.

981 1887 1066 1916 Calus
1080 1887 1205 1922 quidam,
1228 1887 1277 1922 qui
1297 1886 1434 1921 condigne
1448 1885 1538 1913 bonus
1555 1888 1669 1912 vocatus
1685 1889 1738 1917 est.

947 1935 1120 1962 voluntatem
1133 1933 1207 1961 enim
1224 1933 1323 1960 habuit
1343 1933 1390 1960 tali
1408 1932 1517 1968 dignam
1533 1932 1677 1964 vocabulo,
1694 1939 1740 1959 ac-

948 1987 1049 2017 tusque
1063 1981 1199 2009 voluntati
1219 1984 1246 2007 ct
1257 1979 1395 2007 vocabulo
1411 1983 1622 2014 consequentes.
1645 1986 1679 2007 ex
1695 1979 1738 2006 in-

948 2028 1029 2056 sidiis
1041 2027 1160 2059 inimici,
1176 2027 1222 2062 qui
1239 2027 1337 2054 callide
1352 2027 1432 2053 bonis
1452 2025 1610 2053 obluctatur
1625 2025 1736 2057 studiis,

949 2083 999 2110 per
1014 2074 1117 2102 scalam
1136 2073 1309 2100 descendens
1323 2071 1497 2106 compcditus
1509 2076 1561 2103 est,
1579 2077 1603 2098 et
1619 2071 1739 2106 desuper

947 2121 976 2148 in
998 2125 1100 2148 terram
1124 2119 1245 2147 violento
1269 2119 1347 2154 lapsu
1371 2118 1507 2146 deductus
1531 2121 1583 2149 est,
1614 2111 1739 2152 pedcque

947 2166 1068 2194 contrito
1079 2164 1302 2201 periclitabatur,
1320 2164 1440 2190 cannula
1455 2163 1513 2197 ipsa
1529 2166 1556 2189 ct
1573 2162 1650 2197 pedis
1673 2162 1739 2189 tibia

948 2213 975 2240 in
993 2212 1068 2240 mille
1094 2210 1220 2246 partibus
1239 2210 1384 2236 diminuta.
1404 2208 1456 2242 Qui
1481 2209 1545 2236 dum
1568 2209 1738 2236 medicorum

947 2258 1075 2294 praesidia
1098 2257 1290 2292 conspexisset
1313 2256 1347 2283 ad
1368 2256 1588 2283 succurrendum
1606 2256 1736 2287 invalida,

946 2305 1069 2339 dumque
1094 2303 1152 2330 l'ere
1165 2303 1223 2337 jam
1250 2301 1339 2336 ipsius
1356 2301 1435 2336 pedis
1459 2308 1521 2328 ossa
1543 2301 1674 2335 paulatim
1693 2308 1739 2327 ca-

947 2350 1034 2378 dendo
1050 2349 1213 2380 deﬂuerent,
1230 2348 1363 2375 carnibus
1378 2355 1441 2374 cum
1467 2347 1586 2374 alllnenti
1604 2347 1681 2374 sanie
1703 2347 1739 2373 li-

948 2394 1098 2430 quefactis,
1113 2394 1146 2420 ad
1161 2396 1322 2420 sanctorum
1335 2396 1488 2427 martyrum
1505 2391 1569 2426 Cyri
1585 2395 1612 2418 et
1624 2391 1742 2419 Joannis

947 2440 1071 2474 confugit
1092 2439 1261 2474 praesidium,
1287 2438 1372 2465 nimis
1393 2438 1574 2472 semetipsum
1591 2445 1740 2470 accusans,

920 2521 924 2524 .
946 2486 1021 2522 quod
1045 2485 1168 2512 medicos
1189 2483 1371 2519 pra-posuerit
1385 2484 1498 2517 sanctis,
1516 2488 1542 2511 et
1561 2485 1595 2511 de
1611 2484 1663 2512 hoc
1680 2485 1741 2511 val-

946 2533 981 2561 de
993 2531 1193 2567 indulgentiam
1204 2529 1363 2565 supplicans
1379 2529 1514 2562 invenire,
1529 2533 1557 2556 et
1574 2537 1636 2557 cum
1647 2530 1741 2557 indul-

947 2578 1041 2614 gentia
1056 2576 1222 2604 medicinam
1237 2583 1285 2603 eos
1301 2575 1454 2603 concedere
1473 2582 1586 2609 :quam,
1603 2583 1665 2603 cum
1688 2577 1742 2604 tlde

947 2624 1060 2653 indubia
1081 2626 1252 2658 precaretur,
1278 2623 1393 2656 adeptus
1417 2626 1470 2653 est,
1486 2622 1608 2649 candelae
1619 2623 1682 2650 oleo
1699 2622 1740 2650 eis

946 2670 1173 2708 praecipientibus
1203 2669 1361 2701 delibutus,
1394 2673 1422 2696 et
1451 2676 1484 2696 ex
1505 2675 1538 2696 eo
1565 2670 1741 2703 reintegrans

947 2719 1048 2744 damna
1074 2715 1181 2743 ossium
1201 2715 1383 2750 dilapsorum.
1403 2715 1479 2743 Talis
1489 2715 1600 2750 quidem
1616 2714 1740 2750 ejusdem

946 2763 1006 2792 Cali
1023 2762 1136 2790 exsistit
1152 2762 1288 2795 narratio,
1305 2765 1334 2790 et
1349 2762 1476 2790 miraculi
1497 2761 1571 2798 quod
1585 2762 1612 2789 in
1627 2769 1660 2790 eo
1676 2768 1739 2796 per-

947 2813 1039 2837 actum
1052 2813 1104 2840 est,
1118 2807 1282 2836 recordatio.
