1909 3078
181 149 247 181 3431

233 201 278 230 IV.
296 201 378 229 —De
394 200 498 228 Isidoro
514 200 559 236 qui
576 202 700 235 pulmone
720 201 919 234 inﬁrmabatur.

200 298 311 328 .lsidori
331 305 439 333 quoque
455 298 643 332 agritudinem
665 297 796 328 narrabo,
812 300 838 324 et
851 297 974 332 ejusdem

179 344 354 379 .‘Pgritudinis
383 344 570 371 admirabilem
601 352 708 370 curam.
746 343 893 378 Majumitis
915 349 976 370 erat

179 390 311 421 Isidorus,
340 397 393 416 non
413 389 446 415 de
464 388 583 423 Majuma
599 388 760 415 Gazmorum
784 393 909 421 exortus,
926 388 974 415 sed

178 436 212 464 de
234 437 351 470 Majuma
381 435 636 462 Alexandrinorum
666 435 842 470 progenitus,
873 435 919 469 qui
947 435 974 461 in

180 481 283 514 Pharo,
306 490 364 516 qum
385 482 448 507 oliui
470 481 561 507 insula
578 481 678 512 fuerat,
697 481 799 508 insitus
823 485 881 512 est;
901 487 975 506 nunc

179 534 245 554 vero
272 534 335 560 pars
361 525 536 552 Alexandrire
559 525 690 557 adunata,
717 529 744 552 et
769 524 865 552 eadem
885 524 975 552 insula

171 568 335 606 reputatur.
355 571 418 597 licet
443 571 587 605 antiquum
605 570 711 597 habens
730 570 803 597 idem
820 570 897 598 locus
915 578 976 605 per-

179 617 445 645 sistatvocabulum.
467 615 515 642 llic
531 623 650 650 namque
663 615 788 642 Isidorus
800 616 834 643 de
847 615 977 650 pulmone

180 662 301 698 graviter
320 661 410 688 fuerat
429 661 584 692 cruciatus,
598 665 625 687 et
642 668 716 688 mors
732 661 904 688 inlirmilatis
919 666 977 688 erat

182 708 334 735 remedium
351 715 358 738 ς
381 707 454 733 hunc
469 706 543 733 enim
570 706 754 740 putrefactum
781 706 915 740 paulatim
928 714 976 733 ex-

185 754 289 788 puebat
306 753 333 778 in
347 752 441 785 ﬁculna
458 755 539 785 atque
552 751 578 777 in
594 751 754 786 sanguinem
769 751 932 778 resolutum.
945 750 978 778 Et

183 799 262 825 lim-ut
281 798 342 823 vitae
359 805 390 823 cx
405 797 456 823 hoc
472 797 658 830 exspectabat,
670 804 731 831 quae
739 803 853 831 prorsus
869 795 978 831 assequi

186 843 344 879 hujusmodi
358 842 496 876 pulmonis
510 842 702 876 aegritudinem
714 842 794 870 solet.

219 995 272 1023 Sed
292 996 318 1022 in
350 996 401 1023 hoc
435 996 557 1023 lsidorus
589 995 711 1030 seipsum
740 995 924 1031 conspiciens,
950 999 975 1023 et

185 1048 356 1075 cognoscens
372 1041 446 1075 quod
469 1041 545 1067 ttulla
571 1041 667 1068 salutis
687 1048 749 1075 spes
770 1041 804 1068 ab
820 1041 978 1068 hominibus

185 1086 374 1118 remansisset,
394 1086 497 1113 habens
516 1086 543 1112 in
559 1090 673 1113 sanctos
691 1085 792 1122 Cyrum
806 1085 977 1113 etJoannem

187 1137 322 1166 martyres
341 1132 431 1164 fidem,
448 1139 509 1166 que
523 1136 632 1159 montes
646 1131 755 1167 quidem
773 1132 929 1166 transponit
949 1132 978 1158 in

184 1184 270 1207 mare,
294 1181 418 1204 mortttos
447 1181 538 1203 autem
565 1177 646 1211 erigit
670 1176 704 1204 dc
731 1176 874 1210 sepulcris,
897 1175 977 1202 talem

185 1230 303 1256 namque
332 1223 372 1249 eis
397 1217 520 1249 Salvator
549 1223 677 1249 virtutem
701 1222 838 1254 attribuit,
852 1221 979 1249 affectum

184 1275 279 1295 eorum
296 1276 377 1302 quem
397 1267 424 1293 in
440 1275 469 1294 sc
485 1267 586 1294 [tabent
611 1272 765 1302 opportune
789 1273 978 1298 remunerans,

186 1313 219 1340 ad
236 1313 353 1344 eosdem.
368 1312 572 1346 omnipotentes
592 1312 714 1339 medicos
736 1311 769 1338 dc
785 1311 895 1338 civitate
915 1318 980 1346 pro-

186 1358 310 1393 greditur
326 1365 333 1383 :
348 1357 428 1391 cujus
458 1357 538 1384 fidem
563 1361 698 1392 martyres
719 1356 857 1389 admirati,
874 1364 928 1383 non
953 1356 979 1383 in

187 1403 278 1430 noctis
294 1402 411 1433 somnio,
429 1402 475 1430 sed
498 1402 525 1428 in
545 1402 662 1435 visione,
676 1409 739 1429 sese
759 1402 979 1434 manifeslantes,

187 1456 240 1476 non
258 1449 309 1475 hoc
326 1453 373 1474 aut
395 1448 461 1474 illud
486 1448 585 1479 facere,
603 1447 651 1475 sed
668 1448 728 1474 citri
745 1448 898 1482 portionem
915 1455 980 1482 por-

187 1495 319 1529 rigentes,
338 1498 463 1528 prompte
479 1493 624 1520 comedere
640 1493 850 1520 mandaverunt.
869 1493 917 1520 ille
931 1500 981 1519 au-

188 1544 240 1565 tent
257 1539 376 1573 aliquem
393 1546 455 1565 esse
469 1537 644 1569 existimans,
659 1537 693 1565 de
714 1538 756 1565 bis
769 1538 815 1572 qui
833 1542 981 1572 praesentes
995 1548 1016 1578 ο

189 1584 216 1612 in
233 1585 350 1611 basilica
367 1584 488 1616 fuerant,
502 1582 574 1618 quod
588 1583 682 1610 datum
700 1583 788 1610 fuerat
801 1587 878 1618 grate
892 1583 982 1610 susci-

191 1631 282 1666 piens,
298 1635 325 1657 et
345 1630 461 1657 libenter
476 1629 635 1662 comedens,
651 1630 715 1656 dum
729 1629 818 1657 adhuc
831 1633 982 1657 extremam

190 1681 295 1710 partem
315 1676 376 1702 citri
399 1683 478 1710 quem
497 1675 660 1702 comedebat
680 1675 834 1707 manderet,
851 1675 878 1701 in
896 1675 984 1701 vomi-

191 1725 248 1748 tum
265 1725 355 1747 motus
369 1725 428 1751 est;
444 1728 477 1747 ex
495 1720 600 1755 hocque
621 1720 759 1752 turbatus,
776 1726 830 1746 una
845 1726 907 1746 cum
923 1719 985 1746 cibo

190 1770 218 1793 et
233 1774 366 1796 vermem,
380 1767 425 1801 qui
441 1767 599 1802 pulmonem
613 1766 674 1801 ejus
688 1766 858 1800 comedebat,
871 1765 984 1801 abiecit,

191 1813 263 1847 quod
294 1812 407 1847 ejiciens
433 1813 535 1847 pariter
560 1816 588 1840 et
614 1812 805 1847 (egritudincm
833 1812 938 1847 abjicit,
958 1816 986 1839 ct

194 1858 352 1886 ﬁrmitatem
368 1859 500 1886 continuo
515 1858 623 1893 recipit.

203 1937 234 1964 ν.
253 1952 289 1957 -
306 1937 343 1963 De
359 1936 457 1964 Menna
471 1936 611 1971 pltilopono
629 1936 673 1971 qui
693 1935 847 1970 empltraxin
868 1935 969 1962 habuit.

233 2033 305 2061 Hora
336 2037 379 2060 est
407 2039 458 2059 nos
483 2036 545 2067 post
572 2031 763 2059 admirabilem
798 2031 986 2058 narrationem

193 2081 304 2112 lsidori,
320 2079 446 2107 Menuam
472 2079 650 2113 philoponum
680 2079 706 2104 in
733 2077 853 2104 medium
877 2077 986 2111 ducere,

193 2127 242 2162 qui
258 2126 418 2161 philoponio
432 2128 560 2160 praeerat,
577 2124 649 2158 quod
664 2128 703 2151 est
721 2123 754 2151 ad
767 2122 901 2150 Peronam
915 2123 988 2150 circa

194 2174 305 2200 beatum
327 2171 476 2198 Andream.
497 2170 546 2197 llic
577 2170 741 2204 philoponus
766 2169 921 2197 infirmatus
946 2174 989 2197 est

195 2219 327 2253 graviter,
345 2216 430 2244 febris
445 2221 536 2243 autem
553 2221 612 2242 crat
632 2216 779 2242 vehemens
794 2215 854 2250 ejus
870 2215 987 2242 intirmi~

195 2269 258 2297 tas;
285 2272 346 2299 quae
373 2265 510 2291 instanter
536 2271 597 2290 eum
629 2269 711 2296 atque
740 2262 885 2296 ﬂagranter
911 2262 988 2298 [alibi

196 2309 295 2345 fruge]
311 2316 451 2344 aggressa,
468 2312 495 2335 ct
512 2308 568 2335 fere
581 2315 691 2334 omnem
708 2307 832 2341 corporis
845 2307 988 2335 bumorem

195 2355 387 2390 exstinguens,
407 2354 440 2381 ad
465 2353 626 2388 emphraxin
642 2360 704 2380 cum
724 2352 908 2380 immensitate
927 2353 989 2380 des-

197 2401 358 2430 siccationis
383 2399 520 2435 perduxit.
542 2399 629 2431 Quam
656 2398 762 2425 ventris
788 2399 989 2425 districtionem

198 2447 326 2482 discipuli
348 2446 528 2477 medicorum,
543 2444 577 2471 de
593 2443 717 2471 febribus
738 2444 816 2478 quasi
839 2451 895 2471 non
918 2445 991 2478 peri-

199 2491 304 2519 culosis
331 2495 453 2517 exortam
481 2488 660 2523 negligentes,
677 2488 830 2515 dissolvere
851 2488 992 2514 conaban-

200 2542 254 2569 tur,
271 2543 378 2572 pannos
394 2535 528 2570 plurimos
548 2539 576 2561 et
598 2534 723 2561 diversas
746 2534 891 2560 unctiones
914 2533 992 2560 adbi-

200 2583 308 2614 bcnles,
324 2585 352 2608 et
376 2581 402 2608 in
425 2580 466 2608 eis
490 2580 632 2607 mittentes
648 2579 783 2612 antidota,
803 2583 830 2606 et
851 2579 928 2606 cibos
946 2578 992 2613 qui

202 2631 325 2656 ventretn
355 2626 494 2653 solverent
525 2626 696 2660 porrigentes
724 2634 730 2652 :
754 2628 782 2651 et
812 2624 870 2651 haec
901 2623 993 2650 omnia

203 2675 374 2704 exercentes,
396 2679 449 2698 non
472 2671 562 2698 solum
586 2670 655 2697 nihil
676 2669 701 2697 ei
724 2677 756 2696 ex
775 2669 818 2695 bis
832 2675 893 2703 qua:
912 2668 994 2695 dede-

205 2721 266 2744 rant
290 2717 464 2752 profuerunt,
483 2723 546 2743 nam
573 2723 633 2750 quze
659 2715 686 2741 in
713 2719 836 2741 ventrem
863 2713 995 2740 miserant

205 2763 371 2790 .ntrinsecus
396 2762 603 2790 remancnlibus
628 2764 656 2788 et
685 2768 737 2788 non
765 2759 920 2786 valentibus
947 2766 995 2786 ex—

206 2809 303 2843 crcari,
320 2810 405 2836 multo
420 2809 538 2843 amplius
557 2809 598 2834 vir
616 2807 675 2841 ipse
696 2805 913 2841 periclitabatur,
930 2811 996 2838 patr-

207 2855 283 2885 Iatim
309 2861 416 2883 tumore
445 2854 548 2882 \‘cnlris
576 2858 698 2884 exlenlo,
723 2851 826 2878 nuliutn
854 2851 995 2877 inveniens

628 149 660 178 S.
683 147 891 179 SOPHRONII
915 147 1169 178 PATRIARCH/E
1201 147 1402 178 HIEROSOL.

1742 149 1812 182 3432

986 210 1014 240 Α
1025 204 1061 229 Δν.
1073 217 1108 223 —-
1125 201 1194 236 Περὶ
1212 202 1359 236 Ἰσιδώρου
1376 201 1429 228 τοῦ
1444 201 1498 227 τὸν
1512 200 1666 234 πνεύμονα
1680 201 1813 236 ἀσθενή-

1355 243 1477 269 σαι-τος.

1067 301 1206 336 Ἰσιδώρου
1224 301 1252 328 δὲ
1268 301 1318 333 τὴν
1334 300 1477 327 ἀσθένειαν
1491 301 1682 335 ἀφηγήσομαι,
1695 301 1744 328 καὶ
1764 301 1816 336 τῆς

1024 347 1170 379 ἀσθενείας
1197 347 1246 381 τὴν
1265 346 1418 380 παράδοξον
1441 345 1531 372 ἴασιν·
1553 347 1726 382 Μαῖουμίτης
1747 344 1781 381 ἦν
1801 347 1816 373 ὁ

1031 393 1176 427 Ἰσίδωρος,
1196 392 1244 417 καὶ
1264 391 1295 416 οὺ
1314 390 1360 416 τοῦ
1377 391 1506 424 Μαὶουμᾶ
1521 390 1572 424 τῆς
1586 390 1709 421 Γαζαίων
1724 390 1817 425 ὁρμώ-

1027 446 1118 474 μενος,
1130 437 1199 464 ἀλλὰ
1205 436 1251 463 τοῦ
1260 437 1309 472 τῆς
1326 435 1525 470 Ἀλεξανδρέων
1536 436 1669 470 Μαῖουμᾶ
1683 435 1817 471 γνωριζό-

1027 491 1116 518 μενος,
1130 483 1204 513 ὅστις
1219 482 1247 508 ὲν
1262 482 1344 515 Φάρῳ
1355 482 1388 515 τῇ
1403 488 1467 506 ποτε
1482 480 1555 515 νήσῳ
1572 479 1752 515 καθέστηκεν,
1768 480 1818 506 νῦν

1025 529 1052 555 δὲ
1066 528 1149 563 μέρος
1173 527 1386 562 Ἀλεξανδρείας,
1403 526 1549 560 ἐνωθείσης
1560 527 1592 560 τῇ
1609 526 1684 552 πόλει
1701 526 1751 560 τῆς
1767 526 1817 561 νή-

1027 583 1084 606 σου,
1101 574 1248 608 λογίζεται,
1265 574 1289 599 εἱ
1303 573 1350 599 καὶ
1363 572 1411 608 τὴν
1424 572 1542 599 παλαιὰν
1558 573 1628 606 ἔχων
1642 573 1656 598 ὁ
1673 563 1755 604 τόπος
1770 571 1818 599 τοῦ

1027 620 1158 655 Μαῖουμᾶ
1182 619 1370 655 προσηγορίαν
1385 619 1541 653 ἐπέμεινεν.
1557 615 1642 648 Οὗτος
1661 617 1707 645 οὖν
1723 619 1736 644 δ
1754 618 1814 644 Ἰσί-

1026 667 1113 701 δωρος
1127 666 1254 701 χαλεπῶς
1267 666 1338 692 πάνυ
1351 665 1478 696 διέκειτο,
1499 663 1546 690 τοῦ
1569 663 1720 698 πνεύμονος
1736 664 1820 690 αὐτὴν

1028 711 1155 747 χαλεπῶς
1183 710 1411 745 κατατρύχοντος,
1439 709 1487 735 καὶ
1515 709 1629 735 θάνατον
1660 708 1734 743 αύτῷ
1768 709 1820 743 τῆς

1029 757 1172 788 ἀσθενείας
1188 755 1423 790 ἐπαγγελλόμενος
1434 755 1465 781 τὸ
1478 756 1623 789 φάρμακον
1633 762 1640 770 ·
1655 753 1750 780 τοῦτον
1764 754 1820 788 γὰρ

1031 801 1184 836 σηπόμενον
1196 800 1256 827 κατ’
1269 800 1359 834 ὀλίγον
1375 799 1507 826 ἀνέπτυεν
1519 799 1558 830 είς
1571 795 1640 833 αἷμα
1652 798 1698 825 καὶ
1710 798 1821 831 φλέγμα

1030 846 1171 882 λυόμενον,
1188 846 1235 872 καὶ
1258 845 1308 880 τὴν
1330 844 1455 872 ἐντεῦθεν
1476 844 1605 878 τελευτὴν
1631 843 1821 879 προσεδέχετο,

1026 893 1086 928 ἥτις
1101 892 1256 919 ἀκολουθεῖν
1270 892 1359 926 πάντη
1373 899 1402 916 τε
1415 891 1461 917 καὶ
1474 891 1581 921 πάντως
1595 891 1626 924 τῇ
1639 889 1750 924 τοιαύτῃ
1762 889 1822 914 δια-

1028 939 1102 966 Θέσει
1114 938 1162 965 τοῦ
1178 937 1332 974 πνεύμονος
1347 935 1478 972 [εἴωθεν].

1070 1005 1140 1031 Ἀλλ’
1156 1006 1185 1032 ὲν
1201 1004 1309 1036 τούτοις
1334 1005 1430 1030 ἑαυτὸν
1456 1004 1635 1038 θεασάμενος,
1656 1003 1703 1029 καὶ
1727 1003 1822 1036 μαθὼν

1027 1050 1066 1083 ὡς
1080 1051 1212 1086 οὐδεμιᾶς
1234 1050 1373 1086 σωτηρίας
1390 1049 1467 1081 ἐλπὶς
1484 1049 1559 1084 παρὰ
1577 1048 1731 1083 ἀνθρώποις
1747 1048 1823 1082 αὺτῴ

1029 1096 1252 1127 καταλέλειπται,
1276 1095 1369 1120 πίστιν
1387 1093 1458 1129 ἔχων
1481 1094 1520 1124 εἰς
1537 1093 1600 1124 τοὺς
1617 1093 1712 1126 ἁγίους
1730 1093 1822 1127 Κῦρον

1029 1143 1076 1169 καὶ
1083 1142 1209 1176 Ἰωάννην
1222 1141 1286 1172 τοὺς
1299 1140 1452 1175 μάρτυρας.
1468 1139 1519 1174 τὴν
1532 1139 1583 1173 ὅρη
1597 1138 1767 1174 μεθιστῶσιν
1781 1140 1823 1170 εἰς

1030 1188 1180 1219 θάλασσαν,
1194 1187 1309 1223 νεκροὺς
1331 1187 1360 1212 δὲ
1377 1187 1410 1212 ὲκ
1427 1185 1522 1221 τάφων
1541 1186 1703 1221 ἐγείρουσαν
1717 1186 1822 1221 (τοιαύ-

1029 1243 1080 1270 ¹την
1095 1234 1149 1270 γὰρ
1168 1234 1261 1265 αὐτοῖς
1275 1234 1289 1260 6
1304 1232 1398 1268 Σωτὴρ
1407 1232 1543 1268 παρέσχεν
1558 1232 1607 1267 τὴν
1621 1232 1759 1267 δύναμιν),
1772 1232 1824 1266 τὴν

1031 1281 1071 1312 εὶς
1092 1279 1174 1307 αὐτὸν
1195 1279 1312 1314 στοργήν
1334 1278 1480 1313 προσφυῶς
1503 1278 1695 1313 ἀμειϐόμενος,
1717 1277 1760 1304 ἐπ’
1774 1278 1824 1304 αὺ-

1030 1327 1094 1358 τοὺς
1106 1325 1231 1353 τουτουσὶ
1243 1325 1306 1356 τοὺς
1320 1324 1479 1354 πανσθενεῖς
1492 1323 1600 1359 ίατροὺς
1614 1324 1646 1350 ὲκ
1656 1324 1704 1358 τῆς
1719 1323 1824 1354 πόλεως

1031 1372 1150 1408 ἔρχεται.
1167 1368 1205 1398 Οὗ
1219 1371 1268 1406 τὴν
1281 1370 1373 1397 πίστιν
1388 1371 1413 1397 oi
1429 1371 1566 1406 μάρτυρες
1579 1370 1757 1405 ἀγασάμενοι,
1771 1372 1825 1396 οὐκ

1031 1421 1098 1456 δναρ
1115 1420 1173 1447 ἀλλ’
1186 1419 1261 1456 ὕπαρ
1276 1419 1351 1454 αὺτῷ
1367 1419 1583 1454 παραφαίνονται
1593 1426 1600 1433 ·
1616 1418 1646 1445 οὒ
1662 1418 1720 1444 τόδε
1735 1420 1824 1444 ποιεῖν

1032 1468 1049 1502 ἢ
1066 1467 1126 1493 τόδε
1149 1467 1376 1502 προστάττοντες,
1397 1465 1456 1492 ἀλλ’
1474 1465 1528 1492 ἀπὸ
1543 1465 1638 1501 κίτρου
1660 1465 1742 1500 μέρος
1758 1464 1824 1499 ὀρέ-

1032 1522 1127 1548 γοντες
1137 1514 1185 1540 καὶ
1195 1513 1297 1540 ἐσθίειν
1309 1513 1533 1548 προστάττοντες.
1543 1512 1572 1538 '0
1585 1512 1612 1539 δὲ
1621 1511 1675 1538 τῶν
1688 1513 1717 1538 ἐν
1725 1511 1763 1546 τῷ
1771 1511 1828 1545 νεῷ

1034 1559 1177 1594 παρόντων
1195 1558 1272 1590 τινὰς
1291 1557 1434 1584 ὑπολαϐὼν
1451 1555 1521 1584 εἷναι
1541 1558 1605 1588 τοὺς
1627 1558 1779 1592 μάρτυρας,
1796 1558 1828 1582 τὸ

1035 1604 1110 1631 δοθὲν
1123 1603 1251 1639 ἀσμένως
1264 1604 1384 1637 ἐδέξατο,
1399 1602 1447 1629 καὶ
1458 1602 1542 1638 ἡδέως
1556 1602 1705 1637 δεξάμενος
1719 1601 1827 1637 ἢσθιεν.

1042 1650 1112 1677 Ἀλλ’
1121 1650 1161 1676 ἔτι
1171 1650 1218 1677 τοῦ
1226 1649 1348 1677 καταποο
1352 1649 1427 1680 ἐντος
1432 1649 1527 1684 κῐτρου
1533 1647 1564 1674 τὸ
1569 1647 1725 1674 τελευταῖον
1733 1648 1830 1682 μασώ-

1037 1705 1130 1733 μενος,
1150 1696 1263 1732 ὲκινήθη
1280 1696 1348 1732 πρὸς
1363 1695 1477 1730 ἔμετον
1494 1694 1541 1721 καὶ
1555 1693 1635 1720 τοῦτο
1653 1692 1748 1719 παθὼν
1763 1701 1830 1718 συν-

1036 1744 1169 1779 αναφέρει
1186 1743 1225 1778 τῷ
1243 1742 1370 1778 βρώματι
1385 1742 1432 1768 καὶ
1447 1741 1493 1768 τδν
1507 1740 1560 1776 [τὸ]
1574 1740 1714 1775 πνεύμονα
1744 1748 1830 1766 κατε-

1037 1789 1146 1816 σθίοντα
1158 1788 1286 1822 σκώληκα
1297 1795 1304 1803 ⁸
1321 1787 1350 1814 ὃν
1361 1787 1516 1820 ἀποϐαλὼν,
1529 1785 1828 1820 συναποδάλλειτούτῳ

1036 1835 1067 1861 τὸ
1082 1835 1198 1869 νόσημα,
1215 1833 1263 1860 καὶ
1276 1833 1326 1868 τήν
1343 1834 1426 1869 pem
1440 1833 1540 1864 εὐθέως
1557 1832 1716 1867 εἰσδέχεται.

1037 1925 1076 1953 E'.
1093 1938 1129 1945 —
1141 1923 1212 1959 Περὶ
1227 1923 1315 1958 Μηνᾶ
1329 1923 1383 1950 τοῦ
1401 1922 1570 1959 φιλοπόνου
1587 1920 1753 1956 ἐσχηκότος
1771 1919 1834 1954 τὴν

1335 1957 1495 1993 ἕμςρραξιν.

1074 2019 1146 2054 Ὥρα
1160 2018 1190 2045 δὲ
1209 2018 1283 2053 ἡμᾶς
1303 2017 1361 2052 μετ’
1380 2016 1514 2050 Ἰσίδωρον
1541 2015 1588 2041 καὶ
1603 2014 1652 2048 τὴν
1672 2013 1733 2040 κατ’
1748 2013 1835 2039 αὑτὸν

1039 2064 1195 2100 θαυμασίαν
1211 2063 1286 2095 λέξαι
1301 2063 1439 2098 διήγησιν,
1455 2061 1551 2096 Μηνᾶν
1566 2060 1605 2090 είς
1621 2058 1702 2093 μέσον
1714 2058 1835 2091 ἀγαγεῖν

1038 2111 1084 2137 τὸν
1107 2110 1262 2145 φιλόπονον,
1281 2109 1310 2140 ὃς
1325 2107 1496 2142 φιλοπονείου
1522 2105 1669 2141 προϊστατο
1689 2103 1737 2130 τοῦ
1760 2103 1836 2129 κατὰ

1032 2157 1084 2185 τὸν
1100 2157 1225 2192 Ἀνδρέου
1242 2155 1289 2182 τοῦ
1304 2155 1377 2182 θείου
1399 2153 1446 2181 τοῦ
1461 2153 1502 2184 εἰς
1520 2152 1569 2187 τὴν
1583 2150 1713 2186 Περὼνην
1737 2149 1835 2184 ὑπάρ-

1002 2215 1024 2241 D
1040 2212 1144 2239 χοντος,
1162 2201 1356 2237 Ὴρῤώστησεν
1369 2199 1462 2231 δεινῶς
1474 2199 1489 2226 ὁ
1503 2197 1657 2232 φιλόπονος,
1671 2194 1788 2230 πυρετος
1803 2195 1835 2221 δὲ

1039 2248 1073 2285 ἦν
1102 2249 1216 2284 σφοδρὸς
1240 2249 1271 2274 τὸ
1293 2246 1475 2283 ἀρρώστημα,
1493 2245 1522 2276 ὃς
1538 2243 1742 2277 ἐπιτεταμένως
1756 2241 1836 2276 αὐτῴ

1040 2296 1087 2324 καὶ
1103 2295 1221 2326 διακαῶς
1241 2293 1378 2329 ἐμϐαλὼν,
1394 2293 1441 2318 καὶ
1459 2292 1548 2317 πᾶσαν
1571 2288 1663 2324 σχεδὸν
1687 2287 1835 2323 ἐξαμϐλώ-

1041 2351 1091 2374 σας
1108 2341 1192 2369 αὑτοῦ
1208 2341 1258 2375 τῆς
1273 2339 1392 2373 γαστρὸς
1407 2337 1457 2372 τὴν
1473 2336 1619 2371 ὑγρότητα,
1638 2334 1678 2365 εἰς
1694 2332 1835 2368 ἐμφραξιν

1041 2389 1123 2415 αὑτὸν
1137 2386 1274 2422 ὑπερϐολῇ
1290 2385 1437 2420 ξηρότητος
1455 2383 1571 2418 ἢγαγεν,
1586 2381 1632 2407 καὶ
1649 2379 1752 2414 ταύτην
1767 2380 1836 2405 παῖ-

1040 2436 1083 2466 δες
1096 2433 1196 2470 ἰατρῶν
1206 2432 1256 2467 τῆς
1268 2430 1370 2460 κοιλίας
1383 2429 1432 2462 τὴν
1443 2427 1579 2462 ἕμφραξιν
1590 2425 1643 2452 τῶν
1656 2423 1788 2470 πυρετῶν
1796 2424 1836 2455 ὡς

1041 2480 1246 2513 ἀκινδυνότερον
1258 2477 1456 2512 ἀμελήσαντες,
1469 2473 1588 2500 διαλύειν
1600 2471 1748 2506 ὑπήγοντο,
1761 2469 1838 2496 πλεί-

1043 2535 1120 2558 σταις
1136 2524 1285 2560 ὲμϐροχαῖς
1299 2523 1346 2549 καὶ
1362 2520 1502 2556 διαφόροις
1519 2518 1671 2553 ἀλείμμασι
1684 2516 1835 2552 χρώμενοι,

1043 2572 1090 2598 καὶ
1111 2571 1159 2601 τὰς
1175 2569 1229 2595 τῶν
1246 2567 1391 2596 ἀντιδότων
1411 2564 1523 2595 λυτικάς
1541 2563 1586 2590 διὰ
1603 2562 1739 2596 στόματος
1759 2561 1837 2596 πέμ-

1045 2625 1150 2647 ποντες,
1165 2616 1213 2642 καὶ
1232 2613 1365 2650 βρώματα
1379 2612 1424 2638 τὸν
1443 2611 1579 2646 στόμαχον
1595 2608 1743 2643 φθείροντα
1766 2615 1838 2641 παρ-

1043 2662 1182 2697 εχόμενοι.
1198 2660 1278 2686 Ἀλλὰ
1299 2659 1404 2689 τούτοις
1422 2657 1508 2684 ἅπασι
1531 2653 1744 2689 ἀγωνισάμενοι,
1761 2652 1839 2684 τέλος

1044 2707 1208 2738 ἐπαύσαντο,
1225 2706 1262 2741 μὴ
1278 2705 1358 2740 μόνον
1371 2703 1453 2730 αὐτὴν
1469 2702 1552 2737 μηδὲν
1573 2702 1604 2727 ὲκ
1617 2700 1671 2726 τῶν
1686 2699 1839 2732 δεδομένων

1045 2754 1212 2789 ὼνήσαντες,
1242 2751 1310 2777 ἀλλά
1333 2751 1380 2776 καὶ
1400 2748 1435 2774 τὰ
1452 2747 1571 2782 μέγιστα
1589 2745 1751 2780 βλάψαντες.
1775 2743 1836 2789 Ἰ’ων

1045 2787 1101 2836 γὰρ
1114 2801 1146 2834 τῇ
1160 2799 1260 2833 γαστρὶ
1272 2794 1533 2831 παραπεμπομένων
1548 2792 1622 2818 ἔνδον
1641 2789 1778 2826 μενόντων
1791 2787 1840 2815 καὶ

1047 2845 1275 2882 παραιτουμένων
1309 2842 1357 2877 τὴν
1389 2841 1518 2875 Exposui,
1557 2837 1689 2873 μειζόνως
1721 2836 1735 2862 ὁ
1767 2834 1838 2870 ἀνὴρ
