  <div class='ocr_page' id='page_1' title='image "/cluster/home/n/w/nwhite01/storage/ocr_20150623/87, pt.3/njp.32101010943817/375.png"; bbox 0 0 1909 3078; ppageno 0'>
   <div class='ocr_carea' id='block_1_1' title="bbox 203 143 276 174">
    <p class='ocr_par' dir='ltr' id='par_1_1' title="bbox 203 143 276 174">
     <span class='ocr_line' id='line_1_1' title="bbox 203 143 276 174; baseline 0 0"><span class='ocrx_word' id='word_1_1' title='bbox 203 143 276 174; x_wconf 60' lang='grc' dir='ltr'><strong>3ίὲίί</strong></span> 
     </span>
    </p>
   </div>
   <div class='ocr_carea' id='block_1_2' title="bbox 646 138 1384 171">
    <p class='ocr_par' dir='ltr' id='par_1_2' title="bbox 646 138 1384 171">
     <span class='ocr_line' id='line_1_2' title="bbox 646 138 1384 171; baseline -0.004 0"><span class='ocrx_word' id='word_1_2' title='bbox 646 138 897 171; x_wconf 57' lang='grc' dir='ltr'><strong>ΞᾸΞΟΡΠΒΟΝΙῘ</strong></span> <span class='ocrx_word' id='word_1_3' title='bbox 915 139 1167 170; x_wconf 71' lang='lat' dir='ltr'><strong>PATRIARCH/E</strong></span> <span class='ocrx_word' id='word_1_4' title='bbox 1185 138 1384 169; x_wconf 81' lang='lat' dir='ltr'><strong>HIEROSOL.</strong></span> 
     </span>
    </p>
   </div>
   <div class='ocr_carea' id='block_1_3' title="bbox 1759 137 1827 169">
    <p class='ocr_par' dir='ltr' id='par_1_3' title="bbox 1759 137 1827 169">
     <span class='ocr_line' id='line_1_3' title="bbox 1759 137 1827 169; baseline -0.015 -1"><span class='ocrx_word' id='word_1_5' title='bbox 1759 137 1827 169; x_wconf 56' lang='lat' dir='ltr'><strong>asto</strong></span> 
     </span>
    </p>
   </div>
   <div class='ocr_carea' id='block_1_4' title="bbox 206 191 1005 230">
    <p class='ocr_par' dir='ltr' id='par_1_4' title="bbox 206 195 990 230">
     <span class='ocr_line' id='line_1_4' title="bbox 206 195 990 230; baseline -0.005 -4"><span class='ocrx_word' id='word_1_6' title='bbox 206 206 264 226; x_wconf 69' lang='lat' dir='ltr'><strong>sua:</strong></span> <span class='ocrx_word' id='word_1_7' title='bbox 284 197 433 224; x_wconf 71' lang='lat' dir='ltr'><strong>alii-cernat</strong></span> <span class='ocrx_word' id='word_1_8' title='bbox 449 196 606 228; x_wconf 86' lang='lat' dir='ltr'><strong>tormentis,</strong></span> <span class='ocrx_word' id='word_1_9' title='bbox 634 200 661 222; x_wconf 84' lang='lat' dir='ltr'><strong>ct</strong></span> <span class='ocrx_word' id='word_1_10' title='bbox 685 195 895 230; x_wconf 83' lang='lat' dir='ltr'><strong>persuasibilem</strong></span> <span class='ocrx_word' id='word_1_11' title='bbox 929 202 990 222; x_wconf 87' lang='lat' dir='ltr'><strong>eum</strong></span> 
     </span>
    </p>
   </div>
   <div class='ocr_carea' id='block_1_5' title="bbox 1050 191 1827 230">
    <p class='ocr_par' dir='ltr' id='par_1_5' title="bbox 1050 191 1827 228">
     <span class='ocr_line' id='line_1_5' title="bbox 1050 191 1827 228; baseline -0.001 -8"><span class='ocrx_word' id='word_1_12' title='bbox 1050 194 1199 228; x_wconf 60' lang='grc' dir='ltr'>ἡμέρωταν,</span> <span class='ocrx_word' id='word_1_13' title='bbox 1216 192 1410 227; x_wconf 73' lang='grc' dir='ltr'>καὶπειοήνιον</span> <span class='ocrx_word' id='word_1_14' title='bbox 1425 191 1469 217; x_wconf 63' lang='grc' dir='ltr'>τὶν</span> <span class='ocrx_word' id='word_1_15' title='bbox 1485 192 1550 226; x_wconf 71' lang='grc' dir='ltr'>πρὶν</span> <span class='ocrx_word' id='word_1_16' title='bbox 1564 191 1681 226; x_wconf 77' lang='grc' dir='ltr'><strong>ἀνήκων</strong></span> <span class='ocrx_word' id='word_1_17' title='bbox 1691 192 1827 227; x_wconf 74' lang='grc' dir='ltr'>ἀπειργὰ-</span> 
     </span>
    </p>
   </div>
   <div class='ocr_carea' id='block_1_6' title="bbox 206 241 989 277">
    <p class='ocr_par' dir='ltr' id='par_1_6' title="bbox 206 241 989 277">
     <span class='ocr_line' id='line_1_6' title="bbox 206 241 989 277; baseline 0 -11"><span class='ocrx_word' id='word_1_18' title='bbox 206 243 253 277; x_wconf 84' lang='lat' dir='ltr'><strong>qui</strong></span> <span class='ocrx_word' id='word_1_19' title='bbox 281 243 356 276; x_wconf 86' lang='lat' dir='ltr'><strong>prius</strong></span> <span class='ocrx_word' id='word_1_20' title='bbox 382 241 471 268; x_wconf 87' lang='lat' dir='ltr'><strong>fuerat</strong></span> <span class='ocrx_word' id='word_1_21' title='bbox 510 241 740 275; x_wconf 87' lang='lat' dir='ltr'><strong>impersuasibilis</strong></span> <span class='ocrx_word' id='word_1_22' title='bbox 764 244 883 275; x_wconf 71' lang='lat' dir='ltr'><strong>operata:</strong></span> <span class='ocrx_word' id='word_1_23' title='bbox 915 243 989 272; x_wconf 88' lang='lat' dir='ltr'><strong>sttnt,</strong></span> 
     </span>
    </p>
   </div>
   <div class='ocr_carea' id='block_1_7' title="bbox 207 286 991 322">
    <p class='ocr_par' dir='ltr' id='par_1_7' title="bbox 207 286 991 322">
     <span class='ocr_line' id='line_1_7' title="bbox 207 286 991 322; baseline -0.004 -7"><span class='ocrx_word' id='word_1_24' title='bbox 207 292 274 315; x_wconf 83' lang='lat' dir='ltr'><strong>tunc</strong></span> <span class='ocrx_word' id='word_1_25' title='bbox 293 291 425 322; x_wconf 73' lang='lat' dir='ltr'><strong>apparent</strong></span> <span class='ocrx_word' id='word_1_26' title='bbox 442 286 615 314; x_wconf 74' lang='lat' dir='ltr'><strong>subridentrs</strong></span> <span class='ocrx_word' id='word_1_27' title='bbox 630 292 657 313; x_wconf 89' lang='lat' dir='ltr'><strong>et</strong></span> <span class='ocrx_word' id='word_1_28' title='bbox 672 286 834 318; x_wconf 85' lang='lat' dir='ltr'><strong>alludentes,</strong></span> <span class='ocrx_word' id='word_1_29' title='bbox 853 290 880 313; x_wconf 81' lang='lat' dir='ltr'><strong>et</strong></span> <span class='ocrx_word' id='word_1_30' title='bbox 892 294 991 322; x_wconf 87' lang='lat' dir='ltr'><strong>quam-</strong></span> 
     </span>
    </p>
   </div>
   <div class='ocr_carea' id='block_1_8' title="bbox 207 330 991 366">
    <p class='ocr_par' dir='ltr' id='par_1_8' title="bbox 207 330 991 366">
     <span class='ocr_line' id='line_1_8' title="bbox 207 330 991 366; baseline -0.005 -5"><span class='ocrx_word' id='word_1_31' title='bbox 207 334 300 361; x_wconf 87' lang='lat' dir='ltr'><strong>obrem</strong></span> <span class='ocrx_word' id='word_1_32' title='bbox 323 333 360 359; x_wconf 93' lang='lat' dir='ltr'><strong>ita</strong></span> <span class='ocrx_word' id='word_1_33' title='bbox 382 332 511 359; x_wconf 82' lang='lat' dir='ltr'><strong>clamaret</strong></span> <span class='ocrx_word' id='word_1_34' title='bbox 536 331 760 358; x_wconf 69' lang='lat' dir='ltr'><strong>sciscitabantur.</strong></span> <span class='ocrx_word' id='word_1_35' title='bbox 785 331 819 358; x_wconf 80' lang='lat' dir='ltr'><strong>At</strong></span> <span class='ocrx_word' id='word_1_36' title='bbox 842 331 887 358; x_wconf 90' lang='lat' dir='ltr'><strong>ille</strong></span> <span class='ocrx_word' id='word_1_37' title='bbox 911 330 991 366; x_wconf 83' lang='lat' dir='ltr'><strong>quasi</strong></span> 
     </span>
    </p>
   </div>
   <div class='ocr_carea' id='block_1_9' title="bbox 207 377 991 414">
    <p class='ocr_par' dir='ltr' id='par_1_9' title="bbox 207 377 991 414">
     <span class='ocr_line' id='line_1_9' title="bbox 207 377 991 414; baseline -0.004 -7"><span class='ocrx_word' id='word_1_38' title='bbox 207 379 398 414; x_wconf 77' lang='lat' dir='ltr'><strong>ignorantibus</strong></span> <span class='ocrx_word' id='word_1_39' title='bbox 417 379 467 410; x_wconf 90' lang='lat' dir='ltr'><strong>eis,</strong></span> <span class='ocrx_word' id='word_1_40' title='bbox 481 385 541 410; x_wconf 74' lang='lat' dir='ltr'><strong>quat</strong></span> <span class='ocrx_word' id='word_1_41' title='bbox 556 381 635 405; x_wconf 84' lang='lat' dir='ltr'><strong>erant</strong></span> <span class='ocrx_word' id='word_1_42' title='bbox 651 378 800 413; x_wconf 82' lang='lat' dir='ltr'><strong>passionis,</strong></span> <span class='ocrx_word' id='word_1_43' title='bbox 826 377 991 410; x_wconf 88' lang='lat' dir='ltr'><strong>enuntiavit,</strong></span> 
     </span>
    </p>
   </div>
   <div class='ocr_carea' id='block_1_10' title="bbox 202 422 991 459">
    <p class='ocr_par' dir='ltr' id='par_1_10' title="bbox 202 422 991 459">
     <span class='ocr_line' id='line_1_10' title="bbox 202 422 991 459; baseline -0.005 -6"><span class='ocrx_word' id='word_1_44' title='bbox 202 429 233 453; x_wconf 75' lang='lat' dir='ltr'><strong>ct</strong></span> <span class='ocrx_word' id='word_1_45' title='bbox 247 425 378 459; x_wconf 83' lang='lat' dir='ltr'><strong>adjuvare</strong></span> <span class='ocrx_word' id='word_1_46' title='bbox 406 423 607 450; x_wconf 76' lang='lat' dir='ltr'><strong>cohortabatur</strong></span> <span class='ocrx_word' id='word_1_47' title='bbox 637 423 849 457; x_wconf 78' lang='lat' dir='ltr'><strong>periclitantem.</strong></span> <span class='ocrx_word' id='word_1_48' title='bbox 885 422 991 458; x_wconf 76' lang='lat' dir='ltr'><strong>Egregii</strong></span> 
     </span>
    </p>
   </div>
   <div class='ocr_carea' id='block_1_11' title="bbox 206 468 992 504">
    <p class='ocr_par' dir='ltr' id='par_1_11' title="bbox 206 468 992 504">
     <span class='ocr_line' id='line_1_11' title="bbox 206 468 992 504; baseline -0.003 -8"><span class='ocrx_word' id='word_1_49' title='bbox 206 477 272 497; x_wconf 87' lang='lat' dir='ltr'><strong>vero</strong></span> <span class='ocrx_word' id='word_1_50' title='bbox 289 474 422 504; x_wconf 85' lang='lat' dir='ltr'><strong>martyres</strong></span> <span class='ocrx_word' id='word_1_51' title='bbox 439 476 500 496; x_wconf 91' lang='lat' dir='ltr'><strong>eum</strong></span> <span class='ocrx_word' id='word_1_52' title='bbox 514 475 597 502; x_wconf 84' lang='lat' dir='ltr'><strong>super</strong></span> <span class='ocrx_word' id='word_1_53' title='bbox 613 468 665 494; x_wconf 87' lang='lat' dir='ltr'><strong>lide</strong></span> <span class='ocrx_word' id='word_1_54' title='bbox 681 471 754 495; x_wconf 85' lang='lat' dir='ltr'><strong>recta</strong></span> <span class='ocrx_word' id='word_1_55' title='bbox 769 469 858 494; x_wconf 89' lang='lat' dir='ltr'><strong>denuo</strong></span> <span class='ocrx_word' id='word_1_56' title='bbox 869 475 992 494; x_wconf 88' lang='lat' dir='ltr'><strong>commo-</strong></span> 
     </span>
    </p>
   </div>
   <div class='ocr_carea' id='block_1_12' title="bbox 204 512 992 548">
    <p class='ocr_par' dir='ltr' id='par_1_12' title="bbox 204 512 992 548">
     <span class='ocr_line' id='line_1_12' title="bbox 204 512 992 548; baseline -0.005 -6"><span class='ocrx_word' id='word_1_57' title='bbox 204 515 319 545; x_wconf 83' lang='lat' dir='ltr'><strong>nebant,</strong></span> <span class='ocrx_word' id='word_1_58' title='bbox 331 518 359 541; x_wconf 86' lang='lat' dir='ltr'><strong>et</strong></span> <span class='ocrx_word' id='word_1_59' title='bbox 372 513 444 548; x_wconf 89' lang='lat' dir='ltr'><strong>quod</strong></span> <span class='ocrx_word' id='word_1_60' title='bbox 462 513 544 547; x_wconf 84' lang='lat' dir='ltr'><strong>hujus</strong></span> <span class='ocrx_word' id='word_1_61' title='bbox 556 519 640 539; x_wconf 86' lang='lat' dir='ltr'><strong>causa</strong></span> <span class='ocrx_word' id='word_1_62' title='bbox 653 512 762 539; x_wconf 81' lang='lat' dir='ltr'><strong>dolores</strong></span> <span class='ocrx_word' id='word_1_63' title='bbox 775 513 813 538; x_wconf 89' lang='lat' dir='ltr'><strong>illi</strong></span> <span class='ocrx_word' id='word_1_64' title='bbox 824 515 918 539; x_wconf 81' lang='lat' dir='ltr'><strong>essent</strong></span> <span class='ocrx_word' id='word_1_65' title='bbox 932 519 992 538; x_wconf 92' lang='lat' dir='ltr'><strong>m0-</strong></span> 
     </span>
    </p>
   </div>
   <div class='ocr_carea' id='block_1_13' title="bbox 206 557 992 594">
    <p class='ocr_par' dir='ltr' id='par_1_13' title="bbox 206 557 992 594">
     <span class='ocr_line' id='line_1_13' title="bbox 206 557 992 594; baseline -0.005 -7"><span class='ocrx_word' id='word_1_66' title='bbox 206 561 266 588; x_wconf 86' lang='lat' dir='ltr'><strong>lesti</strong></span> <span class='ocrx_word' id='word_1_67' title='bbox 280 559 482 594; x_wconf 84' lang='lat' dir='ltr'><strong>signiﬁcabant,</strong></span> <span class='ocrx_word' id='word_1_68' title='bbox 498 563 525 586; x_wconf 88' lang='lat' dir='ltr'><strong>et</strong></span> <span class='ocrx_word' id='word_1_69' title='bbox 547 559 619 593; x_wconf 84' lang='lat' dir='ltr'><strong>quod</strong></span> <span class='ocrx_word' id='word_1_70' title='bbox 653 565 794 593; x_wconf 88' lang='lat' dir='ltr'><strong>nunquam</strong></span> <span class='ocrx_word' id='word_1_71' title='bbox 816 557 963 592; x_wconf 83' lang='lat' dir='ltr'><strong>aliquando</strong></span> <span class='ocrx_word' id='word_1_72' title='bbox 977 564 992 584; x_wconf 87' lang='lat' dir='ltr'><strong>a</strong></span> 
     </span>
    </p>
   </div>
   <div class='ocr_carea' id='block_1_14' title="bbox 203 603 994 638">
    <p class='ocr_par' dir='ltr' id='par_1_14' title="bbox 203 603 994 638">
     <span class='ocr_line' id='line_1_14' title="bbox 203 603 994 638; baseline -0.004 -6"><span class='ocrx_word' id='word_1_73' title='bbox 203 605 375 632; x_wconf 84' lang='lat' dir='ltr'><strong>cruciatibus</strong></span> <span class='ocrx_word' id='word_1_74' title='bbox 390 612 452 631; x_wconf 90' lang='lat' dir='ltr'><strong>eum</strong></span> <span class='ocrx_word' id='word_1_75' title='bbox 470 609 564 631; x_wconf 89' lang='lat' dir='ltr'><strong>essent</strong></span> <span class='ocrx_word' id='word_1_76' title='bbox 590 604 733 631; x_wconf 86' lang='lat' dir='ltr'><strong>liberaturi</strong></span> <span class='ocrx_word' id='word_1_77' title='bbox 747 623 754 635; x_wconf 88' lang='lat'><strong>,</strong></span> <span class='ocrx_word' id='word_1_78' title='bbox 773 603 826 630; x_wconf 76' lang='lat' dir='ltr'><strong>nisi</strong></span> <span class='ocrx_word' id='word_1_79' title='bbox 842 604 919 637; x_wconf 83' lang='lat' dir='ltr'><strong>prius</strong></span> <span class='ocrx_word' id='word_1_80' title='bbox 934 604 994 638; x_wconf 86' lang='lat' dir='ltr'><strong>ipse</strong></span> 
     </span>
    </p>
   </div>
   <div class='ocr_carea' id='block_1_15' title="bbox 202 650 994 686">
    <p class='ocr_par' dir='ltr' id='par_1_15' title="bbox 202 650 994 686">
     <span class='ocr_line' id='line_1_15' title="bbox 202 650 994 686; baseline -0.004 -8"><span class='ocrx_word' id='word_1_81' title='bbox 202 660 235 679; x_wconf 83' lang='lat' dir='ltr'><strong>se</strong></span> <span class='ocrx_word' id='word_1_82' title='bbox 249 652 337 686; x_wconf 91' lang='lat' dir='ltr'><strong>ipsum</strong></span> <span class='ocrx_word' id='word_1_83' title='bbox 363 650 398 678; x_wconf 88' lang='lat' dir='ltr'><strong>ab</strong></span> <span class='ocrx_word' id='word_1_84' title='bbox 414 650 511 678; x_wconf 76' lang='lat' dir='ltr'><strong>htcresi</strong></span> <span class='ocrx_word' id='word_1_85' title='bbox 534 658 588 685; x_wconf 87' lang='lat' dir='ltr'><strong>qua</strong></span> <span class='ocrx_word' id='word_1_86' title='bbox 616 650 760 677; x_wconf 71' lang='lat' dir='ltr'><strong>tenebatur</strong></span> <span class='ocrx_word' id='word_1_87' title='bbox 776 650 935 684; x_wconf 78' lang='lat' dir='ltr'><strong>eripuisset,</strong></span> <span class='ocrx_word' id='word_1_88' title='bbox 952 654 994 675; x_wconf 89' lang='lat' dir='ltr'><strong>at-</strong></span> 
     </span>
    </p>
   </div>
   <div class='ocr_carea' id='block_1_16' title="bbox 206 696 994 734">
    <p class='ocr_par' dir='ltr' id='par_1_16' title="bbox 206 696 994 734">
     <span class='ocr_line' id='line_1_16' title="bbox 206 696 994 734; baseline -0.001 -11"><span class='ocrx_word' id='word_1_89' title='bbox 206 705 260 734; x_wconf 88' lang='lat' dir='ltr'><strong>que</strong></span> <span class='ocrx_word' id='word_1_90' title='bbox 276 697 437 732; x_wconf 65' lang='lat' dir='ltr'><strong>apostolicae</strong></span> <span class='ocrx_word' id='word_1_91' title='bbox 466 696 596 724; x_wconf 69' lang='lat' dir='ltr'><strong>Ecclesiae</strong></span> <span class='ocrx_word' id='word_1_92' title='bbox 613 696 831 723; x_wconf 87' lang='lat' dir='ltr'><strong>eonnnunionem</strong></span> <span class='ocrx_word' id='word_1_93' title='bbox 849 697 918 723; x_wconf 88' lang='lat' dir='ltr'><strong>I&#39;oret</strong></span> <span class='ocrx_word' id='word_1_94' title='bbox 935 703 994 722; x_wconf 84' lang='lat' dir='ltr'><strong>am-</strong></span> 
     </span>
    </p>
   </div>
   <div class='ocr_carea' id='block_1_17' title="bbox 206 741 994 778">
    <p class='ocr_par' dir='ltr' id='par_1_17' title="bbox 206 741 994 778">
     <span class='ocr_line' id='line_1_17' title="bbox 206 741 994 778; baseline -0.003 -8"><span class='ocrx_word' id='word_1_95' title='bbox 206 744 316 778; x_wconf 81' lang='lat' dir='ltr'><strong>plexus,</strong></span> <span class='ocrx_word' id='word_1_96' title='bbox 333 742 407 778; x_wconf 87' lang='lat' dir='ltr'><strong>quod</strong></span> <span class='ocrx_word' id='word_1_97' title='bbox 425 741 553 769; x_wconf 75' lang='lat' dir='ltr'><strong>Julianus</strong></span> <span class='ocrx_word' id='word_1_98' title='bbox 565 741 658 769; x_wconf 79' lang='lat' dir='ltr'><strong>videre</strong></span> <span class='ocrx_word' id='word_1_99' title='bbox 671 741 845 768; x_wconf 79' lang='lat' dir='ltr'><strong>desiderabat</strong></span> <span class='ocrx_word' id='word_1_100' title='bbox 857 746 884 768; x_wconf 91' lang='lat' dir='ltr'><strong>et</strong></span> <span class='ocrx_word' id='word_1_101' title='bbox 893 749 994 768; x_wconf 86' lang='lat' dir='ltr'><strong>consu-</strong></span> 
     </span>
    </p>
   </div>
   <div class='ocr_carea' id='block_1_18' title="bbox 208 785 993 822">
    <p class='ocr_par' dir='ltr' id='par_1_18' title="bbox 208 785 993 822">
     <span class='ocr_line' id='line_1_18' title="bbox 208 785 993 822; baseline -0.003 -7"><span class='ocrx_word' id='word_1_102' title='bbox 208 790 268 815; x_wconf 80' lang='lat' dir='ltr'><strong>lere.</strong></span> <span class='ocrx_word' id='word_1_103' title='bbox 278 795 387 822; x_wconf 84' lang='lat' dir='ltr'><strong>semper</strong></span> <span class='ocrx_word' id='word_1_104' title='bbox 402 788 526 822; x_wconf 87' lang='lat' dir='ltr'><strong>optabat.</strong></span> <span class='ocrx_word' id='word_1_105' title='bbox 542 786 666 821; x_wconf 85' lang='lat' dir='ltr'><strong>Cumque</strong></span> <span class='ocrx_word' id='word_1_106' title='bbox 680 786 757 813; x_wconf 80' lang='lat' dir='ltr'><strong>illuni</strong></span> <span class='ocrx_word' id='word_1_107' title='bbox 769 785 944 813; x_wconf 74' lang='lat' dir='ltr'><strong>accedentem</strong></span> <span class='ocrx_word' id='word_1_108' title='bbox 959 786 993 813; x_wconf 86' lang='lat' dir='ltr'><strong>ad</strong></span> 
     </span>
    </p>
   </div>
   <div class='ocr_carea' id='block_1_19' title="bbox 203 831 989 867">
    <p class='ocr_par' dir='ltr' id='par_1_19' title="bbox 203 831 989 867">
     <span class='ocr_line' id='line_1_19' title="bbox 203 831 989 867; baseline -0.003 -7"><span class='ocrx_word' id='word_1_109' title='bbox 203 840 236 860; x_wconf 76' lang='lat' dir='ltr'><strong>se</strong></span> <span class='ocrx_word' id='word_1_110' title='bbox 253 836 386 867; x_wconf 78' lang='lat' dir='ltr'><strong>martyres</strong></span> <span class='ocrx_word' id='word_1_111' title='bbox 401 831 584 867; x_wconf 81' lang='lat' dir='ltr'><strong>aspexissent,</strong></span> <span class='ocrx_word' id='word_1_112' title='bbox 602 831 684 858; x_wconf 87' lang='lat' dir='ltr'><strong>etiam</strong></span> <span class='ocrx_word' id='word_1_113' title='bbox 702 831 759 858; x_wconf 68' lang='lat' dir='ltr'><strong>haec</strong></span> <span class='ocrx_word' id='word_1_114' title='bbox 771 831 796 857; x_wconf 91' lang='lat' dir='ltr'><strong>ei</strong></span> <span class='ocrx_word' id='word_1_115' title='bbox 808 831 841 858; x_wconf 83' lang='lat' dir='ltr'><strong>ad</strong></span> <span class='ocrx_word' id='word_1_116' title='bbox 857 831 989 866; x_wconf 79' lang='lat' dir='ltr'><strong>majorem</strong></span> 
     </span>
    </p>
   </div>
   <div class='ocr_carea' id='block_1_20' title="bbox 1044 237 1828 273">
    <p class='ocr_par' dir='ltr' id='par_1_20' title="bbox 1044 237 1828 273">
     <span class='ocr_line' id='line_1_20' title="bbox 1044 237 1828 273; baseline -0.001 -8"><span class='ocrx_word' id='word_1_117' title='bbox 1044 248 1135 270; x_wconf 83' lang='grc' dir='ltr'>σαντο,</span> <span class='ocrx_word' id='word_1_118' title='bbox 1158 239 1213 265; x_wconf 78' lang='grc' dir='ltr'>τότε</span> <span class='ocrx_word' id='word_1_119' title='bbox 1228 238 1370 272; x_wconf 81' lang='grc' dir='ltr'>φαίνονται</span> <span class='ocrx_word' id='word_1_120' title='bbox 1394 237 1551 272; x_wconf 80' lang='grc' dir='ltr'><strong>μειδιῶντες</strong></span> <span class='ocrx_word' id='word_1_121' title='bbox 1575 238 1622 264; x_wconf 77' lang='grc' dir='ltr'>καὶ</span> <span class='ocrx_word' id='word_1_122' title='bbox 1645 238 1828 273; x_wconf 73' lang='grc' dir='ltr'>προσπαίζον-</span> 
     </span>
    </p>
   </div>
   <div class='ocr_carea' id='block_1_21' title="bbox 1042 284 1828 321">
    <p class='ocr_par' dir='ltr' id='par_1_21' title="bbox 1042 284 1828 321">
     <span class='ocr_line' id='line_1_21' title="bbox 1042 284 1828 321; baseline -0.003 -9"><span class='ocrx_word' id='word_1_123' title='bbox 1042 287 1152 319; x_wconf 82' lang='grc' dir='ltr'>τες,καὶ</span> <span class='ocrx_word' id='word_1_124' title='bbox 1160 286 1192 312; x_wconf 77' lang='grc' dir='ltr'><strong>δι’</strong></span> <span class='ocrx_word' id='word_1_125' title='bbox 1205 286 1238 321; x_wconf 74' lang='grc' dir='ltr'>ἣν</span> <span class='ocrx_word' id='word_1_126' title='bbox 1251 285 1340 312; x_wconf 78' lang='grc' dir='ltr'>αἰτίαν</span> <span class='ocrx_word' id='word_1_127' title='bbox 1359 285 1430 311; x_wconf 80' lang='grc' dir='ltr'>οὕτω</span> <span class='ocrx_word' id='word_1_128' title='bbox 1444 285 1491 319; x_wconf 78' lang='grc' dir='ltr'>βοᾷ</span> <span class='ocrx_word' id='word_1_129' title='bbox 1501 293 1530 311; x_wconf 82' lang='grc' dir='ltr'><strong>τε</strong></span> <span class='ocrx_word' id='word_1_130' title='bbox 1545 285 1592 311; x_wconf 83' lang='grc' dir='ltr'>καὶ</span> <span class='ocrx_word' id='word_1_131' title='bbox 1604 284 1701 320; x_wconf 85' lang='grc' dir='ltr'>κράζει</span> <span class='ocrx_word' id='word_1_132' title='bbox 1717 285 1828 311; x_wconf 75' lang='grc' dir='ltr'>διεπυν-</span> 
     </span>
    </p>
   </div>
   <div class='ocr_carea' id='block_1_22' title="bbox 1043 330 1830 364">
    <p class='ocr_par' dir='ltr' id='par_1_22' title="bbox 1043 330 1830 364">
     <span class='ocr_line' id='line_1_22' title="bbox 1043 330 1830 364; baseline -0.003 -6"><span class='ocrx_word' id='word_1_133' title='bbox 1043 331 1164 358; x_wconf 84' lang='grc' dir='ltr'>θάνοντο.</span> <span class='ocrx_word' id='word_1_134' title='bbox 1194 332 1223 357; x_wconf 92' lang='lat'>&#39;0</span> <span class='ocrx_word' id='word_1_135' title='bbox 1240 331 1267 358; x_wconf 81' lang='grc' dir='ltr'><strong>δὲ</strong></span> <span class='ocrx_word' id='word_1_136' title='bbox 1282 331 1319 362; x_wconf 86' lang='grc' dir='ltr'>ὡς</span> <span class='ocrx_word' id='word_1_137' title='bbox 1336 330 1479 364; x_wconf 78' lang='grc' dir='ltr'><strong>ἀγνοοῦσιν</strong></span> <span class='ocrx_word' id='word_1_138' title='bbox 1495 330 1587 362; x_wconf 80' lang='grc' dir='ltr'>αὐτοῖς</span> <span class='ocrx_word' id='word_1_139' title='bbox 1613 331 1643 356; x_wconf 67' lang='grc' dir='ltr'><strong>τὸ</strong></span> <span class='ocrx_word' id='word_1_140' title='bbox 1655 330 1702 357; x_wconf 82' lang='grc' dir='ltr'>τοῦ</span> <span class='ocrx_word' id='word_1_141' title='bbox 1727 331 1830 362; x_wconf 65' lang='grc' dir='ltr'>πάεους</span> 
     </span>
    </p>
   </div>
   <div class='ocr_carea' id='block_1_23' title="bbox 1042 375 1829 410">
    <p class='ocr_par' dir='ltr' id='par_1_23' title="bbox 1042 375 1829 410">
     <span class='ocr_line' id='line_1_23' title="bbox 1042 375 1829 410; baseline 0.001 -8"><span class='ocrx_word' id='word_1_142' title='bbox 1042 376 1210 410; x_wconf 83' lang='grc' dir='ltr'><strong>διήγγειλεν,</strong></span> <span class='ocrx_word' id='word_1_143' title='bbox 1236 376 1283 402; x_wconf 81' lang='grc' dir='ltr'>καὶ</span> <span class='ocrx_word' id='word_1_144' title='bbox 1320 375 1453 410; x_wconf 73' lang='grc' dir='ltr'>βοηθῆσαι</span> <span class='ocrx_word' id='word_1_145' title='bbox 1474 376 1661 410; x_wconf 68' lang='grc' dir='ltr'><strong>προετρέπετο</strong></span> <span class='ocrx_word' id='word_1_146' title='bbox 1693 376 1829 403; x_wconf 83' lang='grc' dir='ltr'>κινδυνεύ-</span> 
     </span>
    </p>
   </div>
   <div class='ocr_carea' id='block_1_24' title="bbox 1042 421 1829 457">
    <p class='ocr_par' dir='ltr' id='par_1_24' title="bbox 1042 421 1829 457">
     <span class='ocr_line' id='line_1_24' title="bbox 1042 421 1829 457; baseline 0.001 -9"><span class='ocrx_word' id='word_1_147' title='bbox 1042 430 1110 449; x_wconf 86' lang='grc' dir='ltr'>οντι,</span> <span class='ocrx_word' id='word_1_148' title='bbox 1135 422 1167 447; x_wconf 79' lang='lat' dir='ltr'><strong>Ol</strong></span> <span class='ocrx_word' id='word_1_149' title='bbox 1192 421 1221 448; x_wconf 79' lang='grc' dir='ltr'>δὲ</span> <span class='ocrx_word' id='word_1_150' title='bbox 1251 421 1389 447; x_wconf 80' lang='grc' dir='ltr'>θεσπέσιοι</span> <span class='ocrx_word' id='word_1_151' title='bbox 1413 421 1551 456; x_wconf 84' lang='grc' dir='ltr'>μάρτυρες</span> <span class='ocrx_word' id='word_1_152' title='bbox 1585 421 1666 448; x_wconf 82' lang='grc' dir='ltr'>πάλιν</span> <span class='ocrx_word' id='word_1_153' title='bbox 1685 423 1766 449; x_wconf 77' lang='grc' dir='ltr'>αὑτὸν</span> <span class='ocrx_word' id='word_1_154' title='bbox 1781 423 1829 457; x_wconf 71' lang='grc' dir='ltr'>τῆς</span> 
     </span>
    </p>
   </div>
   <div class='ocr_carea' id='block_1_25' title="bbox 1042 466 1830 503">
    <p class='ocr_par' dir='ltr' id='par_1_25' title="bbox 1042 466 1830 503">
     <span class='ocr_line' id='line_1_25' title="bbox 1042 466 1830 503; baseline 0.001 -10"><span class='ocrx_word' id='word_1_155' title='bbox 1042 466 1186 502; x_wconf 73' lang='grc' dir='ltr'><strong>ὁραθείσης</strong></span> <span class='ocrx_word' id='word_1_156' title='bbox 1213 466 1418 502; x_wconf 75' lang='grc' dir='ltr'><strong>ἀνεμίμνησκον</strong></span> <span class='ocrx_word' id='word_1_157' title='bbox 1441 466 1575 498; x_wconf 82' lang='grc' dir='ltr'>πίστεως.</span> <span class='ocrx_word' id='word_1_158' title='bbox 1601 467 1648 493; x_wconf 75' lang='grc' dir='ltr'>καὶ</span> <span class='ocrx_word' id='word_1_159' title='bbox 1670 467 1708 499; x_wconf 81' lang='grc' dir='ltr'>ὡς</span> <span class='ocrx_word' id='word_1_160' title='bbox 1727 468 1830 503; x_wconf 79' lang='grc' dir='ltr'><strong>ταύτης</strong></span> 
     </span>
    </p>
   </div>
   <div class='ocr_carea' id='block_1_26' title="bbox 1043 511 1828 548">
    <p class='ocr_par' dir='ltr' id='par_1_26' title="bbox 1043 511 1828 548">
     <span class='ocr_line' id='line_1_26' title="bbox 1043 511 1828 548; baseline 0.003 -10"><span class='ocrx_word' id='word_1_161' title='bbox 1043 512 1122 547; x_wconf 81' lang='grc' dir='ltr'>χάριν</span> <span class='ocrx_word' id='word_1_162' title='bbox 1138 512 1166 538; x_wconf 78' lang='lat' dir='ltr'><strong>al</strong></span> <span class='ocrx_word' id='word_1_163' title='bbox 1184 511 1330 546; x_wconf 76' lang='grc' dir='ltr'><strong>ἀλγηδόνες</strong></span> <span class='ocrx_word' id='word_1_164' title='bbox 1352 511 1427 546; x_wconf 79' lang='grc' dir='ltr'><strong>αὑτῷ</strong></span> <span class='ocrx_word' id='word_1_165' title='bbox 1441 512 1654 547; x_wconf 83' lang='grc' dir='ltr'>παρενοχλοῦσιν</span> <span class='ocrx_word' id='word_1_166' title='bbox 1671 514 1828 548; x_wconf 76' lang='grc' dir='ltr'>ἐσήμαινον,</span> 
     </span>
    </p>
   </div>
   <div class='ocr_carea' id='block_1_27' title="bbox 1043 556 1829 591">
    <p class='ocr_par' dir='ltr' id='par_1_27' title="bbox 1043 556 1829 591">
     <span class='ocr_line' id='line_1_27' title="bbox 1043 556 1829 591; baseline 0.001 -7"><span class='ocrx_word' id='word_1_167' title='bbox 1043 559 1089 584; x_wconf 74' lang='grc' dir='ltr'>καὶ</span> <span class='ocrx_word' id='word_1_168' title='bbox 1111 557 1149 589; x_wconf 78' lang='grc' dir='ltr'>ὡς</span> <span class='ocrx_word' id='word_1_169' title='bbox 1164 558 1213 584; x_wconf 80' lang='grc' dir='ltr'>οὐκ</span> <span class='ocrx_word' id='word_1_170' title='bbox 1228 557 1262 583; x_wconf 80' lang='grc' dir='ltr'>ἄν</span> <span class='ocrx_word' id='word_1_171' title='bbox 1276 565 1342 584; x_wconf 80' lang='grc' dir='ltr'>ποτε</span> <span class='ocrx_word' id='word_1_172' title='bbox 1363 557 1416 583; x_wconf 86' lang='grc' dir='ltr'><strong>τῶν</strong></span> <span class='ocrx_word' id='word_1_173' title='bbox 1432 556 1525 583; x_wconf 80' lang='grc' dir='ltr'>δεινῶν</span> <span class='ocrx_word' id='word_1_174' title='bbox 1540 557 1620 584; x_wconf 81' lang='grc' dir='ltr'>αὐτὸν</span> <span class='ocrx_word' id='word_1_175' title='bbox 1637 558 1829 591; x_wconf 80' lang='grc' dir='ltr'>ἀπαλλάξειεν,</span> 
     </span>
    </p>
   </div>
   <div class='ocr_carea' id='block_1_28' title="bbox 1043 602 1830 639">
    <p class='ocr_par' dir='ltr' id='par_1_28' title="bbox 1043 602 1830 639">
     <span class='ocr_line' id='line_1_28' title="bbox 1043 602 1830 639; baseline 0.001 -10"><span class='ocrx_word' id='word_1_176' title='bbox 1043 603 1068 629; x_wconf 85' lang='grc' dir='ltr'><strong>εί</strong></span> <span class='ocrx_word' id='word_1_177' title='bbox 1091 603 1129 637; x_wconf 80' lang='grc' dir='ltr'>μὴ</span> <span class='ocrx_word' id='word_1_178' title='bbox 1149 603 1257 638; x_wconf 85' lang='grc' dir='ltr'>πρῶτος</span> <span class='ocrx_word' id='word_1_179' title='bbox 1282 602 1362 633; x_wconf 76' lang='grc' dir='ltr'>αὐτὸς</span> <span class='ocrx_word' id='word_1_180' title='bbox 1387 602 1484 628; x_wconf 73' lang='grc' dir='ltr'>ἑαυτὸν</span> <span class='ocrx_word' id='word_1_181' title='bbox 1501 602 1551 637; x_wconf 84' lang='grc' dir='ltr'>τῆς</span> <span class='ocrx_word' id='word_1_182' title='bbox 1568 603 1682 638; x_wconf 79' lang='grc' dir='ltr'>ἐχούσης</span> <span class='ocrx_word' id='word_1_183' title='bbox 1698 605 1830 639; x_wconf 74' lang='grc' dir='ltr'>αἱρέσεως</span> 
     </span>
    </p>
   </div>
   <div class='ocr_carea' id='block_1_29' title="bbox 1043 648 1830 685">
    <p class='ocr_par' dir='ltr' id='par_1_29' title="bbox 1043 648 1830 685">
     <span class='ocr_line' id='line_1_29' title="bbox 1043 648 1830 685; baseline 0.001 -11"><span class='ocrx_word' id='word_1_184' title='bbox 1043 648 1232 682; x_wconf 80' lang='grc' dir='ltr'><strong>ἀπαλλάξειεν,</strong></span> <span class='ocrx_word' id='word_1_185' title='bbox 1259 648 1306 675; x_wconf 77' lang='grc' dir='ltr'>καὶ</span> <span class='ocrx_word' id='word_1_186' title='bbox 1328 649 1377 683; x_wconf 80' lang='grc' dir='ltr'>τῆς</span> <span class='ocrx_word' id='word_1_187' title='bbox 1388 648 1568 683; x_wconf 78' lang='grc' dir='ltr'>ἀποστολικῆς</span> <span class='ocrx_word' id='word_1_188' title='bbox 1593 649 1756 684; x_wconf 82' lang='grc' dir='ltr'>Ἐκκλησίας</span> <span class='ocrx_word' id='word_1_189' title='bbox 1781 651 1830 685; x_wconf 73' lang='grc' dir='ltr'>τὴν</span> 
     </span>
    </p>
   </div>
   <div class='ocr_carea' id='block_1_30' title="bbox 1044 694 1830 730">
    <p class='ocr_par' dir='ltr' id='par_1_30' title="bbox 1044 694 1830 730">
     <span class='ocr_line' id='line_1_30' title="bbox 1044 694 1830 730; baseline 0.003 -10"><span class='ocrx_word' id='word_1_190' title='bbox 1044 694 1185 720; x_wconf 83' lang='grc' dir='ltr'>κοινωνίαν</span> <span class='ocrx_word' id='word_1_191' title='bbox 1202 694 1365 720; x_wconf 70' lang='grc' dir='ltr'>άσπάσοιτο·</span> <span class='ocrx_word' id='word_1_192' title='bbox 1384 694 1452 730; x_wconf 81' lang='grc' dir='ltr'>ὅπερ</span> <span class='ocrx_word' id='word_1_193' title='bbox 1480 694 1624 726; x_wconf 81' lang='grc' dir='ltr'>Ἰουλιανὸς</span> <span class='ocrx_word' id='word_1_194' title='bbox 1641 695 1705 721; x_wconf 86' lang='grc' dir='ltr'>ίδεῖν</span> <span class='ocrx_word' id='word_1_195' title='bbox 1725 696 1830 728; x_wconf 77' lang='grc' dir='ltr'><strong>ἐπόθει,</strong></span> 
     </span>
    </p>
   </div>
   <div class='ocr_carea' id='block_1_31' title="bbox 1026 738 1831 774">
    <p class='ocr_par' dir='ltr' id='par_1_31' title="bbox 1026 738 1831 774">
     <span class='ocr_line' id='line_1_31' title="bbox 1026 738 1831 774; baseline 0.004 -9"><span class='ocrx_word' id='word_1_196' title='bbox 1026 739 1089 765; x_wconf 62' lang='grc' dir='ltr'>⁴καὶ</span> <span class='ocrx_word' id='word_1_197' title='bbox 1114 739 1256 772; x_wconf 74' lang='grc' dir='ltr'>πυθέσθαι,</span> <span class='ocrx_word' id='word_1_198' title='bbox 1278 738 1460 774; x_wconf 76' lang='grc' dir='ltr'><strong>προσηύχετο.</strong></span> <span class='ocrx_word' id='word_1_199' title='bbox 1484 739 1529 770; x_wconf 77' lang='grc' dir='ltr'>Ὠς</span> <span class='ocrx_word' id='word_1_200' title='bbox 1547 739 1575 766; x_wconf 79' lang='grc' dir='ltr'><strong>δὲ</strong></span> <span class='ocrx_word' id='word_1_201' title='bbox 1591 741 1755 774; x_wconf 82' lang='grc' dir='ltr'>προϊέμενον</span> <span class='ocrx_word' id='word_1_202' title='bbox 1781 742 1831 768; x_wconf 85' lang='grc' dir='ltr'><strong>αὐ-</strong></span> 
     </span>
    </p>
   </div>
   <div class='ocr_carea' id='block_1_32' title="bbox 1044 784 1831 822">
    <p class='ocr_par' dir='ltr' id='par_1_32' title="bbox 1044 784 1831 822">
     <span class='ocr_line' id='line_1_32' title="bbox 1044 784 1831 822; baseline 0.003 -12"><span class='ocrx_word' id='word_1_203' title='bbox 1044 785 1099 816; x_wconf 81' lang='grc' dir='ltr'>τοῖς</span> <span class='ocrx_word' id='word_1_204' title='bbox 1117 784 1164 810; x_wconf 75' lang='grc' dir='ltr'><strong>τὸν</strong></span> <span class='ocrx_word' id='word_1_205' title='bbox 1185 784 1246 811; x_wconf 74' lang='grc' dir='ltr'>νέον</span> <span class='ocrx_word' id='word_1_206' title='bbox 1264 784 1317 810; x_wconf 77' lang='grc' dir='ltr'>ἴδον</span> <span class='ocrx_word' id='word_1_207' title='bbox 1341 785 1364 811; x_wconf 78' lang='grc' dir='ltr'>οἱ</span> <span class='ocrx_word' id='word_1_208' title='bbox 1389 785 1535 820; x_wconf 85' lang='grc' dir='ltr'>μάρτυρες,</span> <span class='ocrx_word' id='word_1_209' title='bbox 1555 785 1603 811; x_wconf 79' lang='grc' dir='ltr'>καὶ</span> <span class='ocrx_word' id='word_1_210' title='bbox 1623 785 1708 812; x_wconf 82' lang='grc' dir='ltr'>ταῦτά</span> <span class='ocrx_word' id='word_1_211' title='bbox 1722 787 1747 812; x_wconf 72' lang='grc' dir='ltr'>οἱ</span> <span class='ocrx_word' id='word_1_212' title='bbox 1762 787 1831 822; x_wconf 77' lang='grc' dir='ltr'>πρὸς</span> 
     </span>
    </p>
   </div>
   <div class='ocr_carea' id='block_1_33' title="bbox 1047 829 1832 866">
    <p class='ocr_par' dir='ltr' id='par_1_33' title="bbox 1047 829 1832 866">
     <span class='ocr_line' id='line_1_33' title="bbox 1047 829 1832 866; baseline 0 -9"><span class='ocrx_word' id='word_1_213' title='bbox 1047 830 1159 865; x_wconf 82' lang='grc' dir='ltr'>μείζονα</span> <span class='ocrx_word' id='word_1_214' title='bbox 1179 829 1366 865; x_wconf 66' lang='grc' dir='ltr'>πληροφορίαν</span> <span class='ocrx_word' id='word_1_215' title='bbox 1386 830 1570 865; x_wconf 81' lang='grc' dir='ltr'>ἀπήγγελλον.</span> <span class='ocrx_word' id='word_1_216' title='bbox 1592 830 1693 865; x_wconf 81' lang='grc' dir='ltr'><strong>Χεῖρας</strong></span> <span class='ocrx_word' id='word_1_217' title='bbox 1717 832 1773 866; x_wconf 79' lang='grc' dir='ltr'>γὰρ</span> <span class='ocrx_word' id='word_1_218' title='bbox 1791 831 1832 862; x_wconf 74' lang='lat' dir='ltr'><strong>ai;</strong></span> 
     </span>
    </p>
   </div>
   <div class='ocr_carea' id='block_1_34' title="bbox 205 875 1005 911">
    <p class='ocr_par' dir='ltr' id='par_1_34' title="bbox 205 877 992 904">
     <span class='ocr_line' id='line_1_34' title="bbox 205 877 992 904; baseline 0 -1"><span class='ocrx_word' id='word_1_219' title='bbox 205 877 424 904; x_wconf 66' lang='lat' dir='ltr'><strong>satisfactionem</strong></span> <span class='ocrx_word' id='word_1_220' title='bbox 453 877 683 904; x_wconf 87' lang='lat' dir='ltr'><strong>deuuntiaverunt</strong></span> <span class='ocrx_word' id='word_1_221' title='bbox 706 885 713 903; x_wconf 87' lang='lat'>:</span> <span class='ocrx_word' id='word_1_222' title='bbox 734 883 832 903; x_wconf 88' lang='lat' dir='ltr'><strong>manus</strong></span> <span class='ocrx_word' id='word_1_223' title='bbox 857 877 930 903; x_wconf 92' lang='lat' dir='ltr'><strong>enim</strong></span> <span class='ocrx_word' id='word_1_224' title='bbox 965 877 992 903; x_wconf 89' lang='lat' dir='ltr'><strong>in</strong></span> 
     </span>
    </p>
   </div>
   <div class='ocr_carea' id='block_1_35' title="bbox 1050 875 1832 911">
    <p class='ocr_par' dir='ltr' id='par_1_35' title="bbox 1050 875 1832 911">
     <span class='ocr_line' id='line_1_35' title="bbox 1050 875 1832 911; baseline 0.003 -10"><span class='ocrx_word' id='word_1_225' title='bbox 1050 875 1160 910; x_wconf 70' lang='grc' dir='ltr'>οὐρανὸν</span> <span class='ocrx_word' id='word_1_226' title='bbox 1183 875 1371 906; x_wconf 81' lang='grc' dir='ltr'>ἀνατείναντες</span> <span class='ocrx_word' id='word_1_227' title='bbox 1392 875 1537 910; x_wconf 75' lang='grc' dir='ltr'><strong>μεγίστους</strong></span> <span class='ocrx_word' id='word_1_228' title='bbox 1551 875 1649 911; x_wconf 77' lang='grc' dir='ltr'>ὅρκους</span> <span class='ocrx_word' id='word_1_229' title='bbox 1664 877 1711 902; x_wconf 77' lang='grc' dir='ltr'><strong>καὶ</strong></span> <span class='ocrx_word' id='word_1_230' title='bbox 1725 877 1832 911; x_wconf 72' lang='grc' dir='ltr'>φρικὼο</span> 
     </span>
    </p>
   </div>
   <div class='ocr_carea' id='block_1_36' title="bbox 207 921 993 955">
    <p class='ocr_par' dir='ltr' id='par_1_36' title="bbox 207 921 993 955">
     <span class='ocr_line' id='line_1_36' title="bbox 207 921 993 955; baseline 0 -7"><span class='ocrx_word' id='word_1_231' title='bbox 207 923 310 949; x_wconf 69' lang='lat' dir='ltr'><strong>cmltun</strong></span> <span class='ocrx_word' id='word_1_232' title='bbox 324 922 511 953; x_wconf 69' lang='lat' dir='ltr'><strong>extendentes,</strong></span> <span class='ocrx_word' id='word_1_233' title='bbox 524 921 641 948; x_wconf 76' lang='lat' dir='ltr'><strong>maxims</strong></span> <span class='ocrx_word' id='word_1_234' title='bbox 650 921 805 955; x_wconf 69' lang='lat' dir='ltr'><strong>iuramenta</strong></span> <span class='ocrx_word' id='word_1_235' title='bbox 820 925 847 948; x_wconf 88' lang='lat' dir='ltr'><strong>et</strong></span> <span class='ocrx_word' id='word_1_236' title='bbox 857 921 993 949; x_wconf 79' lang='lat' dir='ltr'><strong>horrenda</strong></span> 
     </span>
    </p>
   </div>
   <div class='ocr_carea' id='block_1_37' title="bbox 205 966 994 1001">
    <p class='ocr_par' dir='ltr' id='par_1_37' title="bbox 205 966 994 1001">
     <span class='ocr_line' id='line_1_37' title="bbox 205 966 994 1001; baseline 0.004 -9"><span class='ocrx_word' id='word_1_237' title='bbox 205 967 346 1000; x_wconf 82' lang='lat' dir='ltr'><strong>jurabant,</strong></span> <span class='ocrx_word' id='word_1_238' title='bbox 364 967 503 1001; x_wconf 87' lang='lat' dir='ltr'><strong>quodnon</strong></span> <span class='ocrx_word' id='word_1_239' title='bbox 530 966 688 1000; x_wconf 84' lang='lat' dir='ltr'><strong>Gaianitas,</strong></span> <span class='ocrx_word' id='word_1_240' title='bbox 714 974 768 993; x_wconf 91' lang='lat' dir='ltr'><strong>non</strong></span> <span class='ocrx_word' id='word_1_241' title='bbox 787 966 994 995; x_wconf 84' lang='lat' dir='ltr'><strong>Theodosianos</strong></span> 
     </span>
    </p>
   </div>
   <div class='ocr_carea' id='block_1_38' title="bbox 205 1011 993 1046">
    <p class='ocr_par' dir='ltr' id='par_1_38' title="bbox 205 1011 993 1046">
     <span class='ocr_line' id='line_1_38' title="bbox 205 1011 993 1046; baseline 0.003 -8"><span class='ocrx_word' id='word_1_242' title='bbox 205 1012 235 1038; x_wconf 83' lang='lat' dir='ltr'><strong>in</strong></span> <span class='ocrx_word' id='word_1_243' title='bbox 249 1019 363 1038; x_wconf 83' lang='lat' dir='ltr'><strong>numero</strong></span> <span class='ocrx_word' id='word_1_244' title='bbox 383 1011 502 1039; x_wconf 90' lang='lat' dir='ltr'><strong>ﬁdelium</strong></span> <span class='ocrx_word' id='word_1_245' title='bbox 520 1012 562 1039; x_wconf 86' lang='lat' dir='ltr'><strong>vel</strong></span> <span class='ocrx_word' id='word_1_246' title='bbox 576 1012 683 1046; x_wconf 89' lang='lat' dir='ltr'><strong>piorum</strong></span> <span class='ocrx_word' id='word_1_247' title='bbox 702 1012 800 1039; x_wconf 86' lang='lat' dir='ltr'><strong>habeat</strong></span> <span class='ocrx_word' id='word_1_248' title='bbox 813 1013 938 1041; x_wconf 79' lang='lat' dir='ltr'><strong>Christus</strong></span> <span class='ocrx_word' id='word_1_249' title='bbox 954 1014 993 1040; x_wconf 88' lang='lat' dir='ltr'><strong>vel</strong></span> 
     </span>
    </p>
   </div>
   <div class='ocr_carea' id='block_1_39' title="bbox 205 1055 994 1092">
    <p class='ocr_par' dir='ltr' id='par_1_39' title="bbox 205 1055 994 1092">
     <span class='ocr_line' id='line_1_39' title="bbox 205 1055 994 1092; baseline 0.001 -8"><span class='ocrx_word' id='word_1_250' title='bbox 205 1061 329 1092; x_wconf 81' lang='lat' dir='ltr'><strong>reputet.</strong></span> <span class='ocrx_word' id='word_1_251' title='bbox 347 1057 410 1084; x_wconf 63' lang='lat' dir='ltr'><strong>Haec</strong></span> <span class='ocrx_word' id='word_1_252' title='bbox 425 1055 553 1084; x_wconf 78' lang='lat' dir='ltr'><strong>Julianus</strong></span> <span class='ocrx_word' id='word_1_253' title='bbox 565 1064 627 1084; x_wconf 88' lang='lat' dir='ltr'><strong>cum</strong></span> <span class='ocrx_word' id='word_1_254' title='bbox 652 1056 814 1092; x_wconf 67' lang='lat' dir='ltr'><strong>iuramento</strong></span> <span class='ocrx_word' id='word_1_255' title='bbox 843 1065 858 1084; x_wconf 87' lang='lat' dir='ltr'><strong>a</strong></span> <span class='ocrx_word' id='word_1_256' title='bbox 891 1059 994 1085; x_wconf 82' lang='lat' dir='ltr'><strong>sanctis</strong></span> 
     </span>
    </p>
   </div>
   <div class='ocr_carea' id='block_1_40' title="bbox 208 1103 993 1138">
    <p class='ocr_par' dir='ltr' id='par_1_40' title="bbox 208 1103 993 1138">
     <span class='ocr_line' id='line_1_40' title="bbox 208 1103 993 1138; baseline 0.001 -9"><span class='ocrx_word' id='word_1_257' title='bbox 208 1103 335 1135; x_wconf 79' lang='lat' dir='ltr'><strong>audiens,</strong></span> <span class='ocrx_word' id='word_1_258' title='bbox 349 1107 373 1130; x_wconf 90' lang='lat' dir='ltr'><strong>et</strong></span> <span class='ocrx_word' id='word_1_259' title='bbox 389 1103 476 1138; x_wconf 75' lang='lat' dir='ltr'><strong>plagis</strong></span> <span class='ocrx_word' id='word_1_260' title='bbox 491 1103 691 1138; x_wconf 87' lang='lat' dir='ltr'><strong>etjuramentis</strong></span> <span class='ocrx_word' id='word_1_261' title='bbox 703 1103 846 1131; x_wconf 81' lang='lat' dir='ltr'><strong>veritatem</strong></span> <span class='ocrx_word' id='word_1_262' title='bbox 857 1103 993 1136; x_wconf 85' lang='lat' dir='ltr'><strong>ediscens,</strong></span> 
     </span>
    </p>
   </div>
   <div class='ocr_carea' id='block_1_41' title="bbox 205 1149 996 1183">
    <p class='ocr_par' dir='ltr' id='par_1_41' title="bbox 205 1149 996 1183">
     <span class='ocr_line' id='line_1_41' title="bbox 205 1149 996 1183; baseline 0.003 -9"><span class='ocrx_word' id='word_1_263' title='bbox 205 1149 243 1175; x_wconf 80' lang='lat' dir='ltr'><strong>ab</strong></span> <span class='ocrx_word' id='word_1_264' title='bbox 258 1154 374 1183; x_wconf 87' lang='lat' dir='ltr'><strong>utroque</strong></span> <span class='ocrx_word' id='word_1_265' title='bbox 397 1149 465 1176; x_wconf 87' lang='lat' dir='ltr'><strong>liber</strong></span> <span class='ocrx_word' id='word_1_266' title='bbox 495 1149 611 1177; x_wconf 69' lang='lat' dir='ltr'><strong>elfecttts</strong></span> <span class='ocrx_word' id='word_1_267' title='bbox 627 1154 680 1181; x_wconf 86' lang='lat' dir='ltr'><strong>est,</strong></span> <span class='ocrx_word' id='word_1_268' title='bbox 715 1149 837 1176; x_wconf 80' lang='lat' dir='ltr'><strong>sanitate</strong></span> <span class='ocrx_word' id='word_1_269' title='bbox 855 1149 952 1176; x_wconf 74' lang='lat' dir='ltr'><strong>animae</strong></span> <span class='ocrx_word' id='word_1_270' title='bbox 968 1153 996 1176; x_wconf 90' lang='lat' dir='ltr'><strong>et</strong></span> 
     </span>
    </p>
   </div>
   <div class='ocr_carea' id='block_1_42' title="bbox 206 1195 853 1230">
    <p class='ocr_par' dir='ltr' id='par_1_42' title="bbox 206 1195 853 1230">
     <span class='ocr_line' id='line_1_42' title="bbox 206 1195 853 1230; baseline 0.003 -10"><span class='ocrx_word' id='word_1_271' title='bbox 206 1195 399 1222; x_wconf 76' lang='lat' dir='ltr'><strong>incolumitaze</strong></span> <span class='ocrx_word' id='word_1_272' title='bbox 412 1195 535 1229; x_wconf 78' lang='lat' dir='ltr'><strong>corporis</strong></span> <span class='ocrx_word' id='word_1_273' title='bbox 549 1202 597 1230; x_wconf 87' lang='lat' dir='ltr'><strong>per</strong></span> <span class='ocrx_word' id='word_1_274' title='bbox 608 1195 687 1222; x_wconf 88' lang='lat' dir='ltr'><strong>ﬁdem</strong></span> <span class='ocrx_word' id='word_1_275' title='bbox 701 1199 853 1230; x_wconf 87' lang='lat' dir='ltr'><strong>resumpta.</strong></span> 
     </span>
    </p>
   </div>
   <div class='ocr_carea' id='block_1_43' title="bbox 247 1239 996 1275">
    <p class='ocr_par' dir='ltr' id='par_1_43' title="bbox 247 1239 996 1275">
     <span class='ocr_line' id='line_1_43' title="bbox 247 1239 996 1275; baseline 0.001 -9"><span class='ocrx_word' id='word_1_276' title='bbox 247 1239 356 1268; x_wconf 55' lang='lat' dir='ltr'><strong>laedere</strong></span> <span class='ocrx_word' id='word_1_277' title='bbox 385 1245 476 1267; x_wconf 88' lang='lat' dir='ltr'><strong>autent</strong></span> <span class='ocrx_word' id='word_1_278' title='bbox 517 1246 584 1275; x_wconf 84' lang='lat' dir='ltr'><strong>puto</strong></span> <span class='ocrx_word' id='word_1_279' title='bbox 608 1241 803 1273; x_wconf 87' lang='lat' dir='ltr'><strong>narrationem,</strong></span> <span class='ocrx_word' id='word_1_280' title='bbox 835 1240 858 1268; x_wconf 89' lang='lat' dir='ltr'><strong>si</strong></span> <span class='ocrx_word' id='word_1_281' title='bbox 886 1245 996 1268; x_wconf 87' lang='lat' dir='ltr'><strong>tacuero</strong></span> 
     </span>
    </p>
   </div>
   <div class='ocr_carea' id='block_1_44' title="bbox 208 1287 995 1322">
    <p class='ocr_par' dir='ltr' id='par_1_44' title="bbox 208 1287 995 1322">
     <span class='ocr_line' id='line_1_44' title="bbox 208 1287 995 1322; baseline -0.001 -7"><span class='ocrx_word' id='word_1_282' title='bbox 208 1292 372 1316; x_wconf 79' lang='lat' dir='ltr'><strong>sanctorum</strong></span> <span class='ocrx_word' id='word_1_283' title='bbox 385 1288 548 1322; x_wconf 66' lang='lat' dir='ltr'><strong>agilitatem,</strong></span> <span class='ocrx_word' id='word_1_284' title='bbox 559 1292 586 1314; x_wconf 88' lang='lat' dir='ltr'><strong>et</strong></span> <span class='ocrx_word' id='word_1_285' title='bbox 599 1287 822 1321; x_wconf 75' lang='lat' dir='ltr'><strong>gratulationem,</strong></span> <span class='ocrx_word' id='word_1_286' title='bbox 843 1294 925 1322; x_wconf 87' lang='lat' dir='ltr'><strong>quam</strong></span> <span class='ocrx_word' id='word_1_287' title='bbox 938 1287 995 1314; x_wconf 88' lang='lat' dir='ltr'><strong>cir-</strong></span> 
     </span>
    </p>
   </div>
   <div class='ocr_carea' id='block_1_45' title="bbox 211 1331 997 1366">
    <p class='ocr_par' dir='ltr' id='par_1_45' title="bbox 211 1331 997 1366">
     <span class='ocr_line' id='line_1_45' title="bbox 211 1331 997 1366; baseline -0.003 -6"><span class='ocrx_word' id='word_1_288' title='bbox 211 1341 243 1360; x_wconf 82' lang='lat' dir='ltr'><strong>ca</strong></span> <span class='ocrx_word' id='word_1_289' title='bbox 261 1331 365 1360; x_wconf 67' lang='lat' dir='ltr'><strong>Iuliani</strong></span> <span class='ocrx_word' id='word_1_290' title='bbox 379 1332 583 1359; x_wconf 87' lang='lat' dir='ltr'><strong>communionis</strong></span> <span class='ocrx_word' id='word_1_291' title='bbox 597 1332 800 1366; x_wconf 87' lang='lat' dir='ltr'><strong>perceptionem</strong></span> <span class='ocrx_word' id='word_1_292' title='bbox 823 1332 997 1359; x_wconf 81' lang='lat' dir='ltr'><strong>demonstra-</strong></span> 
     </span>
    </p>
   </div>
   <div class='ocr_carea' id='block_1_46' title="bbox 210 1377 997 1412">
    <p class='ocr_par' dir='ltr' id='par_1_46' title="bbox 210 1377 997 1412">
     <span class='ocr_line' id='line_1_46' title="bbox 210 1377 997 1412; baseline 0 -8"><span class='ocrx_word' id='word_1_293' title='bbox 210 1382 380 1411; x_wconf 68' lang='lat' dir='ltr'><strong>verunt,,est</strong></span> <span class='ocrx_word' id='word_1_294' title='bbox 395 1382 487 1404; x_wconf 83' lang='lat' dir='ltr'><strong>autem</strong></span> <span class='ocrx_word' id='word_1_295' title='bbox 506 1378 574 1405; x_wconf 79' lang='lat' dir='ltr'><strong>haec.</strong></span> <span class='ocrx_word' id='word_1_296' title='bbox 597 1377 667 1410; x_wconf 84' lang='lat' dir='ltr'><strong>Quia</strong></span> <span class='ocrx_word' id='word_1_297' title='bbox 683 1379 756 1405; x_wconf 86' lang='lat' dir='ltr'><strong>enim</strong></span> <span class='ocrx_word' id='word_1_298' title='bbox 780 1385 842 1404; x_wconf 87' lang='lat' dir='ltr'><strong>eum</strong></span> <span class='ocrx_word' id='word_1_299' title='bbox 869 1384 882 1404; x_wconf 87' lang='lat' dir='ltr'><strong>a</strong></span> <span class='ocrx_word' id='word_1_300' title='bbox 911 1378 997 1412; x_wconf 88' lang='lat' dir='ltr'><strong>priori</strong></span> 
     </span>
    </p>
   </div>
   <div class='ocr_carea' id='block_1_47' title="bbox 209 1422 998 1458">
    <p class='ocr_par' dir='ltr' id='par_1_47' title="bbox 209 1422 998 1458">
     <span class='ocr_line' id='line_1_47' title="bbox 209 1422 998 1458; baseline 0.001 -8"><span class='ocrx_word' id='word_1_301' title='bbox 209 1423 322 1458; x_wconf 86' lang='lat' dir='ltr'><strong>quidem</strong></span> <span class='ocrx_word' id='word_1_302' title='bbox 355 1423 451 1450; x_wconf 67' lang='lat' dir='ltr'><strong>limrcsi</strong></span> <span class='ocrx_word' id='word_1_303' title='bbox 483 1423 642 1455; x_wconf 80' lang='lat' dir='ltr'><strong>distantem,</strong></span> <span class='ocrx_word' id='word_1_304' title='bbox 669 1427 696 1450; x_wconf 88' lang='lat' dir='ltr'><strong>et</strong></span> <span class='ocrx_word' id='word_1_305' title='bbox 720 1430 812 1450; x_wconf 79' lang='lat' dir='ltr'><strong>verum</strong></span> <span class='ocrx_word' id='word_1_306' title='bbox 848 1422 998 1452; x_wconf 86' lang='lat' dir='ltr'><strong>Salvatoris</strong></span> 
     </span>
    </p>
   </div>
   <div class='ocr_carea' id='block_1_48' title="bbox 210 1465 993 1501">
    <p class='ocr_par' dir='ltr' id='par_1_48' title="bbox 210 1465 993 1501">
     <span class='ocr_line' id='line_1_48' title="bbox 210 1465 993 1501; baseline 0 -9"><span class='ocrx_word' id='word_1_307' title='bbox 210 1466 415 1493; x_wconf 74' lang='lat' dir='ltr'><strong>confessionem</strong></span> <span class='ocrx_word' id='word_1_308' title='bbox 430 1466 606 1500; x_wconf 85' lang='lat' dir='ltr'><strong>arripientem</strong></span> <span class='ocrx_word' id='word_1_309' title='bbox 627 1465 813 1498; x_wconf 84' lang='lat' dir='ltr'><strong>intuebantur,</strong></span> <span class='ocrx_word' id='word_1_310' title='bbox 839 1466 911 1493; x_wconf 86' lang='lat' dir='ltr'><strong>circa</strong></span> <span class='ocrx_word' id='word_1_311' title='bbox 930 1474 993 1501; x_wconf 77' lang='lat' dir='ltr'><strong>per-</strong></span> 
     </span>
    </p>
   </div>
   <div class='ocr_carea' id='block_1_49' title="bbox 212 1512 998 1547">
    <p class='ocr_par' dir='ltr' id='par_1_49' title="bbox 212 1512 998 1547">
     <span class='ocr_line' id='line_1_49' title="bbox 212 1512 998 1547; baseline 0.001 -8"><span class='ocrx_word' id='word_1_312' title='bbox 212 1512 366 1547; x_wconf 86' lang='lat' dir='ltr'><strong>ceptionem</strong></span> <span class='ocrx_word' id='word_1_313' title='bbox 384 1518 449 1539; x_wconf 89' lang='lat' dir='ltr'><strong>vero</strong></span> <span class='ocrx_word' id='word_1_314' title='bbox 474 1515 634 1538; x_wconf 82' lang='lat' dir='ltr'><strong>sanctorum</strong></span> <span class='ocrx_word' id='word_1_315' title='bbox 654 1512 847 1546; x_wconf 77' lang='lat' dir='ltr'><strong>mysteriorum</strong></span> <span class='ocrx_word' id='word_1_316' title='bbox 868 1519 998 1539; x_wconf 87' lang='lat' dir='ltr'><strong>verecun-</strong></span> 
     </span>
    </p>
   </div>
   <div class='ocr_carea' id='block_1_50' title="bbox 212 1556 998 1593">
    <p class='ocr_par' dir='ltr' id='par_1_50' title="bbox 212 1556 998 1593">
     <span class='ocr_line' id='line_1_50' title="bbox 212 1556 998 1593; baseline 0.001 -9"><span class='ocrx_word' id='word_1_317' title='bbox 212 1560 334 1589; x_wconf 83' lang='lat' dir='ltr'><strong>dantem,</strong></span> <span class='ocrx_word' id='word_1_318' title='bbox 368 1562 396 1585; x_wconf 84' lang='lat' dir='ltr'><strong>et</strong></span> <span class='ocrx_word' id='word_1_319' title='bbox 425 1556 616 1584; x_wconf 84' lang='lat' dir='ltr'><strong>confusionem</strong></span> <span class='ocrx_word' id='word_1_320' title='bbox 641 1557 831 1590; x_wconf 77' lang='lat' dir='ltr'><strong>arbitrantem,</strong></span> <span class='ocrx_word' id='word_1_321' title='bbox 853 1559 879 1585; x_wconf 93' lang='lat' dir='ltr'><strong>in</strong></span> <span class='ocrx_word' id='word_1_322' title='bbox 897 1558 998 1593; x_wconf 88' lang='lat' dir='ltr'><strong>quibus</strong></span> 
     </span>
    </p>
   </div>
   <div class='ocr_carea' id='block_1_51' title="bbox 209 1603 999 1639">
    <p class='ocr_par' dir='ltr' id='par_1_51' title="bbox 209 1603 999 1639">
     <span class='ocr_line' id='line_1_51' title="bbox 209 1603 999 1639; baseline 0.001 -9"><span class='ocrx_word' id='word_1_323' title='bbox 209 1604 356 1639; x_wconf 69' lang='lat' dir='ltr'><strong>oportebat</strong></span> <span class='ocrx_word' id='word_1_324' title='bbox 373 1604 477 1631; x_wconf 86' lang='lat' dir='ltr'><strong>clarum</strong></span> <span class='ocrx_word' id='word_1_325' title='bbox 491 1603 642 1636; x_wconf 73' lang='lat' dir='ltr'><strong>exsistere;</strong></span> <span class='ocrx_word' id='word_1_326' title='bbox 663 1603 791 1630; x_wconf 84' lang='lat' dir='ltr'><strong>miraculi</strong></span> <span class='ocrx_word' id='word_1_327' title='bbox 819 1603 948 1638; x_wconf 84' lang='lat' dir='ltr'><strong>quiddam</strong></span> <span class='ocrx_word' id='word_1_328' title='bbox 972 1608 999 1631; x_wconf 90' lang='lat' dir='ltr'><strong>et</strong></span> 
     </span>
    </p>
   </div>
   <div class='ocr_carea' id='block_1_52' title="bbox 208 1649 999 1684">
    <p class='ocr_par' dir='ltr' id='par_1_52' title="bbox 208 1649 999 1684">
     <span class='ocr_line' id='line_1_52' title="bbox 208 1649 999 1684; baseline 0 -7"><span class='ocrx_word' id='word_1_329' title='bbox 208 1651 415 1677; x_wconf 75' lang='lat' dir='ltr'><strong>delectamento</strong></span> <span class='ocrx_word' id='word_1_330' title='bbox 429 1649 542 1683; x_wconf 81' lang='lat' dir='ltr'><strong>dignum</strong></span> <span class='ocrx_word' id='word_1_331' title='bbox 559 1653 703 1684; x_wconf 80' lang='lat' dir='ltr'><strong>peragunt.</strong></span> <span class='ocrx_word' id='word_1_332' title='bbox 723 1649 895 1684; x_wconf 83' lang='lat' dir='ltr'><strong>Apparentes</strong></span> <span class='ocrx_word' id='word_1_333' title='bbox 906 1654 999 1677; x_wconf 85' lang='lat' dir='ltr'><strong>autem</strong></span> 
     </span>
    </p>
   </div>
   <div class='ocr_carea' id='block_1_53' title="bbox 211 1693 998 1728">
    <p class='ocr_par' dir='ltr' id='par_1_53' title="bbox 211 1693 998 1728">
     <span class='ocr_line' id='line_1_53' title="bbox 211 1693 998 1728; baseline 0.001 -7"><span class='ocrx_word' id='word_1_334' title='bbox 211 1696 241 1722; x_wconf 84' lang='lat' dir='ltr'><strong>in</strong></span> <span class='ocrx_word' id='word_1_335' title='bbox 259 1695 365 1722; x_wconf 86' lang='lat' dir='ltr'><strong>somnis</strong></span> <span class='ocrx_word' id='word_1_336' title='bbox 385 1693 664 1728; x_wconf 88' lang='lat' dir='ltr'><strong>ei,quemadmodum</strong></span> <span class='ocrx_word' id='word_1_337' title='bbox 689 1698 902 1727; x_wconf 83' lang='lat' dir='ltr'><strong>consueverant,</strong></span> <span class='ocrx_word' id='word_1_338' title='bbox 923 1702 998 1728; x_wconf 85' lang='lat' dir='ltr'><strong>ecce,</strong></span> 
     </span>
    </p>
   </div>
   <div class='ocr_carea' id='block_1_54' title="bbox 212 1738 1000 1775">
    <p class='ocr_par' dir='ltr' id='par_1_54' title="bbox 212 1738 1000 1775">
     <span class='ocr_line' id='line_1_54' title="bbox 212 1738 1000 1775; baseline 0 -8"><span class='ocrx_word' id='word_1_339' title='bbox 212 1741 343 1775; x_wconf 79' lang='lat' dir='ltr'><strong>inquiunt</strong></span> <span class='ocrx_word' id='word_1_340' title='bbox 354 1747 444 1774; x_wconf 82' lang='lat' dir='ltr'><strong>prope</strong></span> <span class='ocrx_word' id='word_1_341' title='bbox 471 1743 513 1766; x_wconf 86' lang='lat' dir='ltr'><strong>est</strong></span> <span class='ocrx_word' id='word_1_342' title='bbox 535 1738 685 1766; x_wconf 84' lang='lat' dir='ltr'><strong>Salvatoris</strong></span> <span class='ocrx_word' id='word_1_343' title='bbox 717 1739 857 1772; x_wconf 85' lang='lat' dir='ltr'><strong>nativitas,</strong></span> <span class='ocrx_word' id='word_1_344' title='bbox 889 1740 1000 1774; x_wconf 82' lang='lat' dir='ltr'><strong>quando</strong></span> 
     </span>
    </p>
   </div>
   <div class='ocr_carea' id='block_1_55' title="bbox 214 1784 1000 1825">
    <p class='ocr_par' dir='ltr' id='par_1_55' title="bbox 214 1784 1000 1825">
     <span class='ocr_line' id='line_1_55' title="bbox 214 1784 1000 1825; baseline 0.001 -13"><span class='ocrx_word' id='word_1_345' title='bbox 214 1787 262 1813; x_wconf 88' lang='lat' dir='ltr'><strong>Dei</strong></span> <span class='ocrx_word' id='word_1_346' title='bbox 275 1786 366 1813; x_wconf 83' lang='lat' dir='ltr'><strong>Patris</strong></span> <span class='ocrx_word' id='word_1_347' title='bbox 378 1786 535 1825; x_wconf 75' lang='lat' dir='ltr'><strong>upigenitus</strong></span> <span class='ocrx_word' id='word_1_348' title='bbox 542 1784 627 1812; x_wconf 79' lang='lat' dir='ltr'><strong>Filius</strong></span> <span class='ocrx_word' id='word_1_349' title='bbox 640 1786 800 1812; x_wconf 76' lang='lat' dir='ltr'><strong>incarnatus</strong></span> <span class='ocrx_word' id='word_1_350' title='bbox 815 1785 896 1813; x_wconf 84' lang='lat' dir='ltr'><strong>homo</strong></span> <span class='ocrx_word' id='word_1_351' title='bbox 911 1786 1000 1814; x_wconf 81' lang='lat' dir='ltr'><strong>factus</strong></span> 
     </span>
    </p>
   </div>
   <div class='ocr_carea' id='block_1_56' title="bbox 210 1833 1000 1860">
    <p class='ocr_par' dir='ltr' id='par_1_56' title="bbox 210 1833 1000 1860">
     <span class='ocr_line' id='line_1_56' title="bbox 210 1833 1000 1860; baseline 0.001 -1"><span class='ocrx_word' id='word_1_352' title='bbox 210 1837 267 1860; x_wconf 75' lang='lat' dir='ltr'><strong>est.</strong></span> <span class='ocrx_word' id='word_1_353' title='bbox 291 1833 368 1860; x_wconf 83' lang='lat' dir='ltr'><strong>Hauc</strong></span> <span class='ocrx_word' id='word_1_354' title='bbox 391 1833 572 1860; x_wconf 81' lang='lat' dir='ltr'><strong>Alexandrini</strong></span> <span class='ocrx_word' id='word_1_355' title='bbox 605 1839 712 1860; x_wconf 77' lang='lat' dir='ltr'><strong>sacrant</strong></span> <span class='ocrx_word' id='word_1_356' title='bbox 743 1836 771 1859; x_wconf 89' lang='lat' dir='ltr'><strong>et</strong></span> <span class='ocrx_word' id='word_1_357' title='bbox 794 1833 1000 1860; x_wconf 86' lang='lat' dir='ltr'><strong>celeberrimam</strong></span> 
     </span>
    </p>
   </div>
   <div class='ocr_carea' id='block_1_57' title="bbox 215 1878 1000 1912">
    <p class='ocr_par' dir='ltr' id='par_1_57' title="bbox 215 1878 1000 1912">
     <span class='ocr_line' id='line_1_57' title="bbox 215 1878 1000 1912; baseline 0 -6"><span class='ocrx_word' id='word_1_358' title='bbox 215 1879 397 1907; x_wconf 81' lang='lat' dir='ltr'><strong>festivitatem</strong></span> <span class='ocrx_word' id='word_1_359' title='bbox 416 1879 561 1906; x_wconf 66' lang='lat' dir='ltr'><strong>catholicae</strong></span> <span class='ocrx_word' id='word_1_360' title='bbox 582 1878 713 1905; x_wconf 68' lang='lat' dir='ltr'><strong>Ecclesia:</strong></span> <span class='ocrx_word' id='word_1_361' title='bbox 732 1878 779 1905; x_wconf 90' lang='lat' dir='ltr'><strong>ﬁlii</strong></span> <span class='ocrx_word' id='word_1_362' title='bbox 795 1884 823 1906; x_wconf 89' lang='lat' dir='ltr'><strong>et</strong></span> <span class='ocrx_word' id='word_1_363' title='bbox 838 1879 952 1912; x_wconf 86' lang='lat' dir='ltr'><strong>alumni,</strong></span> <span class='ocrx_word' id='word_1_364' title='bbox 973 1880 1000 1906; x_wconf 87' lang='lat' dir='ltr'><strong>in</strong></span> 
     </span>
    </p>
   </div>
   <div class='ocr_carea' id='block_1_58' title="bbox 214 1923 1001 1960">
    <p class='ocr_par' dir='ltr' id='par_1_58' title="bbox 214 1923 1001 1960">
     <span class='ocr_line' id='line_1_58' title="bbox 214 1923 1001 1960; baseline -0.001 -8"><span class='ocrx_word' id='word_1_365' title='bbox 214 1925 332 1952; x_wconf 65' lang='lat' dir='ltr'><strong>basilica</strong></span> <span class='ocrx_word' id='word_1_366' title='bbox 348 1929 449 1952; x_wconf 64' lang='lat' dir='ltr'><strong>sanctae</strong></span> <span class='ocrx_word' id='word_1_367' title='bbox 461 1925 575 1959; x_wconf 68' lang='lat' dir='ltr'><strong>virginis</strong></span> <span class='ocrx_word' id='word_1_368' title='bbox 594 1923 684 1951; x_wconf 82' lang='lat' dir='ltr'><strong>Maria:</strong></span> <span class='ocrx_word' id='word_1_369' title='bbox 698 1932 731 1951; x_wconf 83' lang='lat' dir='ltr'><strong>ac</strong></span> <span class='ocrx_word' id='word_1_370' title='bbox 743 1924 789 1952; x_wconf 87' lang='lat' dir='ltr'><strong>Dei</strong></span> <span class='ocrx_word' id='word_1_371' title='bbox 804 1924 898 1953; x_wconf 77' lang='lat' dir='ltr'><strong>Matris</strong></span> <span class='ocrx_word' id='word_1_372' title='bbox 907 1930 1001 1960; x_wconf 78' lang='lat' dir='ltr'><strong>agunt,</strong></span> 
     </span>
    </p>
   </div>
   <div class='ocr_carea' id='block_1_59' title="bbox 215 1969 1001 2006">
    <p class='ocr_par' dir='ltr' id='par_1_59' title="bbox 215 1969 1001 2006">
     <span class='ocr_line' id='line_1_59' title="bbox 215 1969 1001 2006; baseline 0.001 -9"><span class='ocrx_word' id='word_1_373' title='bbox 215 1978 278 2006; x_wconf 71' lang='lat' dir='ltr'><strong>quae</strong></span> <span class='ocrx_word' id='word_1_374' title='bbox 288 1971 497 2006; x_wconf 71' lang='lat' dir='ltr'><strong>cognominatur</strong></span> <span class='ocrx_word' id='word_1_375' title='bbox 513 1969 638 1997; x_wconf 80' lang='lat' dir='ltr'><strong>&#39;l‘beona.</strong></span> <span class='ocrx_word' id='word_1_376' title='bbox 664 1971 703 1998; x_wconf 81' lang='lat' dir='ltr'><strong>Ad</strong></span> <span class='ocrx_word' id='word_1_377' title='bbox 723 1971 794 1998; x_wconf 83' lang='lat' dir='ltr'><strong>hanc</strong></span> <span class='ocrx_word' id='word_1_378' title='bbox 816 1979 882 2006; x_wconf 70' lang='lat' dir='ltr'><strong>ergo</strong></span> <span class='ocrx_word' id='word_1_379' title='bbox 894 1976 921 1998; x_wconf 89' lang='lat' dir='ltr'><strong>et</strong></span> <span class='ocrx_word' id='word_1_380' title='bbox 944 1971 1001 2005; x_wconf 82' lang='lat' dir='ltr'><strong>ipse</strong></span> 
     </span>
    </p>
   </div>
   <div class='ocr_carea' id='block_1_60' title="bbox 214 2017 1002 2052">
    <p class='ocr_par' dir='ltr' id='par_1_60' title="bbox 214 2017 1002 2052">
     <span class='ocr_line' id='line_1_60' title="bbox 214 2017 1002 2052; baseline 0.001 -9"><span class='ocrx_word' id='word_1_381' title='bbox 214 2017 366 2051; x_wconf 60' lang='lat' dir='ltr'><strong>profer-tus.</strong></span> <span class='ocrx_word' id='word_1_382' title='bbox 380 2022 407 2045; x_wconf 91' lang='lat' dir='ltr'><strong>et</strong></span> <span class='ocrx_word' id='word_1_383' title='bbox 422 2025 494 2045; x_wconf 90' lang='lat' dir='ltr'><strong>unus</strong></span> <span class='ocrx_word' id='word_1_384' title='bbox 506 2025 614 2049; x_wconf 86' lang='lat' dir='ltr'><strong>eorum,</strong></span> <span class='ocrx_word' id='word_1_385' title='bbox 630 2018 677 2052; x_wconf 91' lang='lat' dir='ltr'><strong>qui</strong></span> <span class='ocrx_word' id='word_1_386' title='bbox 690 2018 841 2045; x_wconf 85' lang='lat' dir='ltr'><strong>nativitatis</strong></span> <span class='ocrx_word' id='word_1_387' title='bbox 852 2017 1002 2045; x_wconf 63' lang='lat' dir='ltr'><strong>Dominieaz</strong></span> 
     </span>
    </p>
   </div>
   <div class='ocr_carea' id='block_1_61' title="bbox 215 2063 1002 2097">
    <p class='ocr_par' dir='ltr' id='par_1_61' title="bbox 215 2063 1002 2097">
     <span class='ocr_line' id='line_1_61' title="bbox 215 2063 1002 2097; baseline -0.001 -7"><span class='ocrx_word' id='word_1_388' title='bbox 215 2063 260 2097; x_wconf 80' lang='lat' dir='ltr'><strong>pie</strong></span> <span class='ocrx_word' id='word_1_389' title='bbox 271 2063 409 2090; x_wconf 85' lang='lat' dir='ltr'><strong>celebrant</strong></span> <span class='ocrx_word' id='word_1_390' title='bbox 421 2064 622 2091; x_wconf 85' lang='lat' dir='ltr'><strong>solemnitatem</strong></span> <span class='ocrx_word' id='word_1_391' title='bbox 630 2082 637 2095; x_wconf 86' lang='lat'><strong>,</strong></span> <span class='ocrx_word' id='word_1_392' title='bbox 656 2064 780 2096; x_wconf 76' lang='lat' dir='ltr'><strong>effectus,</strong></span> <span class='ocrx_word' id='word_1_393' title='bbox 796 2068 897 2091; x_wconf 86' lang='lat' dir='ltr'><strong>etcum</strong></span> <span class='ocrx_word' id='word_1_394' title='bbox 909 2063 1002 2090; x_wconf 85' lang='lat' dir='ltr'><strong>Eccle-</strong></span> 
     </span>
    </p>
   </div>
   <div class='ocr_carea' id='block_1_62' title="bbox 214 2109 1001 2143">
    <p class='ocr_par' dir='ltr' id='par_1_62' title="bbox 214 2109 1001 2143">
     <span class='ocr_line' id='line_1_62' title="bbox 214 2109 1001 2143; baseline 0 -8"><span class='ocrx_word' id='word_1_395' title='bbox 214 2111 256 2136; x_wconf 83' lang='lat' dir='ltr'><strong>sia</strong></span> <span class='ocrx_word' id='word_1_396' title='bbox 269 2110 387 2136; x_wconf 79' lang='lat' dir='ltr'><strong>ﬁdelium</strong></span> <span class='ocrx_word' id='word_1_397' title='bbox 399 2113 627 2142; x_wconf 86' lang='lat' dir='ltr'><strong>connumeratus,</strong></span> <span class='ocrx_word' id='word_1_398' title='bbox 647 2109 804 2143; x_wconf 77' lang='lat' dir='ltr'><strong>psalmodia:</strong></span> <span class='ocrx_word' id='word_1_399' title='bbox 817 2110 1001 2142; x_wconf 78' lang='lat' dir='ltr'><strong>communica,</strong></span> 
     </span>
    </p>
   </div>
   <div class='ocr_carea' id='block_1_63' title="bbox 214 2155 1002 2190">
    <p class='ocr_par' dir='ltr' id='par_1_63' title="bbox 214 2155 1002 2190">
     <span class='ocr_line' id='line_1_63' title="bbox 214 2155 1002 2190; baseline -0.001 -9"><span class='ocrx_word' id='word_1_400' title='bbox 214 2158 244 2181; x_wconf 78' lang='lat' dir='ltr'><strong>et</strong></span> <span class='ocrx_word' id='word_1_401' title='bbox 259 2155 437 2190; x_wconf 77' lang='lat' dir='ltr'><strong>apostolicam</strong></span> <span class='ocrx_word' id='word_1_402' title='bbox 462 2155 606 2182; x_wconf 81' lang='lat' dir='ltr'><strong>lectionem</strong></span> <span class='ocrx_word' id='word_1_403' title='bbox 634 2155 769 2185; x_wconf 82' lang='lat' dir='ltr'><strong>absculta.</strong></span> <span class='ocrx_word' id='word_1_404' title='bbox 795 2159 822 2181; x_wconf 89' lang='lat' dir='ltr'><strong>et</strong></span> <span class='ocrx_word' id='word_1_405' title='bbox 845 2160 1002 2182; x_wconf 88' lang='lat' dir='ltr'><strong>sanctorum</strong></span> 
     </span>
    </p>
   </div>
   <div class='ocr_carea' id='block_1_64' title="bbox 214 2200 1001 2236">
    <p class='ocr_par' dir='ltr' id='par_1_64' title="bbox 214 2200 1001 2236">
     <span class='ocr_line' id='line_1_64' title="bbox 214 2200 1001 2236; baseline 0 -10"><span class='ocrx_word' id='word_1_406' title='bbox 214 2201 311 2228; x_wconf 79' lang='lat' dir='ltr'><strong>tubam</strong></span> <span class='ocrx_word' id='word_1_407' title='bbox 330 2201 538 2236; x_wconf 74' lang='lat' dir='ltr'><strong>Evangeliorum</strong></span> <span class='ocrx_word' id='word_1_408' title='bbox 548 2201 611 2228; x_wconf 86' lang='lat' dir='ltr'><strong>audi</strong></span> <span class='ocrx_word' id='word_1_409' title='bbox 626 2209 633 2226; x_wconf 91' lang='lat'>:</span> <span class='ocrx_word' id='word_1_410' title='bbox 647 2201 746 2227; x_wconf 87' lang='lat' dir='ltr'><strong>etenim</strong></span> <span class='ocrx_word' id='word_1_411' title='bbox 760 2207 848 2234; x_wconf 90' lang='lat' dir='ltr'><strong>usque</strong></span> <span class='ocrx_word' id='word_1_412' title='bbox 862 2200 895 2227; x_wconf 87' lang='lat' dir='ltr'><strong>ad</strong></span> <span class='ocrx_word' id='word_1_413' title='bbox 906 2200 1001 2226; x_wconf 88' lang='lat' dir='ltr'><strong>horum</strong></span> 
     </span>
    </p>
   </div>
   <div class='ocr_carea' id='block_1_65' title="bbox 216 2246 1003 2281">
    <p class='ocr_par' dir='ltr' id='par_1_65' title="bbox 216 2246 1003 2281">
     <span class='ocr_line' id='line_1_65' title="bbox 216 2246 1003 2281; baseline -0.001 -8"><span class='ocrx_word' id='word_1_414' title='bbox 216 2247 458 2278; x_wconf 81' lang='lat' dir='ltr'><strong>absenltatiunem,</strong></span> <span class='ocrx_word' id='word_1_415' title='bbox 489 2246 508 2272; x_wconf 93' lang='lat' dir='ltr'><strong>ii</strong></span> <span class='ocrx_word' id='word_1_416' title='bbox 537 2247 584 2281; x_wconf 88' lang='lat' dir='ltr'><strong>qui</strong></span> <span class='ocrx_word' id='word_1_417' title='bbox 599 2246 734 2273; x_wconf 78' lang='lat' dir='ltr'><strong>haereseos</strong></span> <span class='ocrx_word' id='word_1_418' title='bbox 750 2252 802 2273; x_wconf 69' lang='lat' dir='ltr'><strong>tuae</strong></span> <span class='ocrx_word' id='word_1_419' title='bbox 821 2251 894 2277; x_wconf 84' lang='lat' dir='ltr'><strong>sunt,</strong></span> <span class='ocrx_word' id='word_1_420' title='bbox 911 2253 1003 2279; x_wconf 78' lang='lat' dir='ltr'><strong>perse-</strong></span> 
     </span>
    </p>
   </div>
   <div class='ocr_carea' id='block_1_66' title="bbox 218 2291 1001 2326">
    <p class='ocr_par' dir='ltr' id='par_1_66' title="bbox 218 2291 1001 2326">
     <span class='ocr_line' id='line_1_66' title="bbox 218 2291 1001 2326; baseline -0.003 -7"><span class='ocrx_word' id='word_1_421' title='bbox 218 2298 334 2325; x_wconf 84' lang='lat' dir='ltr'><strong>verant;</strong></span> <span class='ocrx_word' id='word_1_422' title='bbox 350 2297 377 2319; x_wconf 90' lang='lat' dir='ltr'><strong>et</strong></span> <span class='ocrx_word' id='word_1_423' title='bbox 396 2296 457 2326; x_wconf 79' lang='lat' dir='ltr'><strong>post</strong></span> <span class='ocrx_word' id='word_1_424' title='bbox 475 2291 694 2326; x_wconf 73' lang='lat' dir='ltr'><strong>evangelicarum</strong></span> <span class='ocrx_word' id='word_1_425' title='bbox 706 2291 878 2318; x_wconf 86' lang='lat' dir='ltr'><strong>auditionum</strong></span> <span class='ocrx_word' id='word_1_426' title='bbox 889 2292 1001 2318; x_wconf 83' lang='lat' dir='ltr'><strong>absolu-</strong></span> 
     </span>
    </p>
   </div>
   <div class='ocr_carea' id='block_1_67' title="bbox 216 2336 1001 2371">
    <p class='ocr_par' dir='ltr' id='par_1_67' title="bbox 216 2336 1001 2371">
     <span class='ocr_line' id='line_1_67' title="bbox 216 2336 1001 2371; baseline -0.003 -7"><span class='ocrx_word' id='word_1_427' title='bbox 216 2339 330 2366; x_wconf 87' lang='lat' dir='ltr'><strong>tionem.</strong></span> <span class='ocrx_word' id='word_1_428' title='bbox 357 2337 508 2364; x_wconf 79' lang='lat' dir='ltr'><strong>secundum</strong></span> <span class='ocrx_word' id='word_1_429' title='bbox 545 2337 664 2371; x_wconf 82' lang='lat' dir='ltr'><strong>priscam</strong></span> <span class='ocrx_word' id='word_1_430' title='bbox 690 2336 917 2364; x_wconf 85' lang='lat' dir='ltr'><strong>consuetudinem</strong></span> <span class='ocrx_word' id='word_1_431' title='bbox 946 2337 1001 2369; x_wconf 80' lang='lat' dir='ltr'><strong>exi,</strong></span> 
     </span>
    </p>
   </div>
   <div class='ocr_carea' id='block_1_68' title="bbox 217 2382 1004 2418">
    <p class='ocr_par' dir='ltr' id='par_1_68' title="bbox 217 2382 1004 2418">
     <span class='ocr_line' id='line_1_68' title="bbox 217 2382 1004 2418; baseline -0.001 -8"><span class='ocrx_word' id='word_1_432' title='bbox 217 2389 249 2410; x_wconf 88' lang='lat' dir='ltr'><strong>ut</strong></span> <span class='ocrx_word' id='word_1_433' title='bbox 264 2384 368 2418; x_wconf 79' lang='lat' dir='ltr'><strong>absque</strong></span> <span class='ocrx_word' id='word_1_434' title='bbox 384 2382 543 2417; x_wconf 76' lang='lat' dir='ltr'><strong>suspicione</strong></span> <span class='ocrx_word' id='word_1_435' title='bbox 574 2389 716 2410; x_wconf 66' lang='lat' dir='ltr'><strong>remanere</strong></span> <span class='ocrx_word' id='word_1_436' title='bbox 741 2383 871 2414; x_wconf 85' lang='lat' dir='ltr'><strong>videaris,</strong></span> <span class='ocrx_word' id='word_1_437' title='bbox 891 2389 1004 2417; x_wconf 88' lang='lat' dir='ltr'><strong>procur-</strong></span> 
     </span>
    </p>
   </div>
   <div class='ocr_carea' id='block_1_69' title="bbox 217 2428 1004 2463">
    <p class='ocr_par' dir='ltr' id='par_1_69' title="bbox 217 2428 1004 2463">
     <span class='ocr_line' id='line_1_69' title="bbox 217 2428 1004 2463; baseline 0 -8"><span class='ocrx_word' id='word_1_438' title='bbox 217 2437 294 2460; x_wconf 81' lang='lat' dir='ltr'><strong>rens,</strong></span> <span class='ocrx_word' id='word_1_439' title='bbox 309 2434 336 2456; x_wconf 90' lang='lat' dir='ltr'><strong>et</strong></span> <span class='ocrx_word' id='word_1_440' title='bbox 348 2436 365 2455; x_wconf 50' lang='lat' dir='ltr'><strong>.a</strong></span> <span class='ocrx_word' id='word_1_441' title='bbox 381 2429 484 2463; x_wconf 89' lang='lat' dir='ltr'><strong>templo</strong></span> <span class='ocrx_word' id='word_1_442' title='bbox 505 2436 630 2463; x_wconf 79' lang='lat' dir='ltr'><strong>egressus</strong></span> <span class='ocrx_word' id='word_1_443' title='bbox 648 2428 674 2455; x_wconf 91' lang='lat' dir='ltr'><strong>in</strong></span> <span class='ocrx_word' id='word_1_444' title='bbox 691 2429 786 2456; x_wconf 88' lang='lat' dir='ltr'><strong>dromo</strong></span> <span class='ocrx_word' id='word_1_445' title='bbox 803 2435 942 2463; x_wconf 78' lang='lat' dir='ltr'><strong>exspecta,</strong></span> <span class='ocrx_word' id='word_1_446' title='bbox 956 2429 1004 2462; x_wconf 89' lang='lat' dir='ltr'><strong>qui</strong></span> 
     </span>
    </p>
   </div>
   <div class='ocr_carea' id='block_1_70' title="bbox 217 2473 1004 2508">
    <p class='ocr_par' dir='ltr' id='par_1_70' title="bbox 217 2473 1004 2508">
     <span class='ocr_line' id='line_1_70' title="bbox 217 2473 1004 2508; baseline -0.001 -7"><span class='ocrx_word' id='word_1_447' title='bbox 217 2474 297 2501; x_wconf 76' lang='lat' dir='ltr'><strong>IOCus</strong></span> <span class='ocrx_word' id='word_1_448' title='bbox 317 2474 433 2508; x_wconf 77' lang='lat' dir='ltr'><strong>insignis</strong></span> <span class='ocrx_word' id='word_1_449' title='bbox 458 2473 485 2500; x_wconf 89' lang='lat' dir='ltr'><strong>in</strong></span> <span class='ocrx_word' id='word_1_450' title='bbox 509 2473 692 2500; x_wconf 66' lang='lat' dir='ltr'><strong>Alexandrina</strong></span> <span class='ocrx_word' id='word_1_451' title='bbox 719 2474 786 2502; x_wconf 83' lang='lat' dir='ltr'><strong>urbe</strong></span> <span class='ocrx_word' id='word_1_452' title='bbox 808 2474 947 2507; x_wconf 83' lang='lat' dir='ltr'><strong>consistit,</strong></span> <span class='ocrx_word' id='word_1_453' title='bbox 977 2474 1004 2500; x_wconf 89' lang='lat' dir='ltr'><strong>in</strong></span> 
     </span>
    </p>
   </div>
   <div class='ocr_carea' id='block_1_71' title="bbox 218 2519 1005 2556">
    <p class='ocr_par' dir='ltr' id='par_1_71' title="bbox 218 2519 1005 2556">
     <span class='ocr_line' id='line_1_71' title="bbox 218 2519 1005 2556; baseline -0.001 -10"><span class='ocrx_word' id='word_1_454' title='bbox 218 2521 316 2556; x_wconf 54' lang='lat' dir='ltr'><strong>platea:</strong></span> <span class='ocrx_word' id='word_1_455' title='bbox 331 2520 444 2554; x_wconf 81' lang='lat' dir='ltr'><strong>ﬁgurato</strong></span> <span class='ocrx_word' id='word_1_456' title='bbox 463 2519 624 2554; x_wconf 85' lang='lat' dir='ltr'><strong>eonjaccns,</strong></span> <span class='ocrx_word' id='word_1_457' title='bbox 651 2521 802 2555; x_wconf 81' lang='lat' dir='ltr'><strong>porticibus</strong></span> <span class='ocrx_word' id='word_1_458' title='bbox 816 2520 924 2555; x_wconf 89' lang='lat' dir='ltr'><strong>quidem</strong></span> <span class='ocrx_word' id='word_1_459' title='bbox 938 2520 1005 2546; x_wconf 89' lang='lat' dir='ltr'><strong>dna-</strong></span> 
     </span>
    </p>
   </div>
   <div class='ocr_carea' id='block_1_72' title="bbox 219 2566 1006 2597">
    <p class='ocr_par' dir='ltr' id='par_1_72' title="bbox 219 2566 1006 2597">
     <span class='ocr_line' id='line_1_72' title="bbox 219 2566 1006 2597; baseline 0 -5"><span class='ocrx_word' id='word_1_460' title='bbox 219 2567 274 2593; x_wconf 82' lang='lat' dir='ltr'><strong>bus</strong></span> <span class='ocrx_word' id='word_1_461' title='bbox 290 2566 435 2597; x_wconf 85' lang='lat' dir='ltr'><strong>mediatus,</strong></span> <span class='ocrx_word' id='word_1_462' title='bbox 451 2571 479 2593; x_wconf 89' lang='lat' dir='ltr'><strong>et</strong></span> <span class='ocrx_word' id='word_1_463' title='bbox 492 2567 628 2593; x_wconf 88' lang='lat' dir='ltr'><strong>columnis</strong></span> <span class='ocrx_word' id='word_1_464' title='bbox 643 2573 675 2593; x_wconf 87' lang='lat' dir='ltr'><strong>ac</strong></span> <span class='ocrx_word' id='word_1_465' title='bbox 692 2567 875 2593; x_wconf 86' lang='lat' dir='ltr'><strong>marmoribus</strong></span> <span class='ocrx_word' id='word_1_466' title='bbox 889 2566 1006 2592; x_wconf 88' lang='lat' dir='ltr'><strong>adorna-</strong></span> 
     </span>
    </p>
   </div>
   <div class='ocr_carea' id='block_1_73' title="bbox 220 2612 1007 2647">
    <p class='ocr_par' dir='ltr' id='par_1_73' title="bbox 220 2612 1007 2647">
     <span class='ocr_line' id='line_1_73' title="bbox 220 2612 1007 2647; baseline 0 -9"><span class='ocrx_word' id='word_1_467' title='bbox 220 2617 277 2643; x_wconf 82' lang='lat' dir='ltr'><strong>tus,</strong></span> <span class='ocrx_word' id='word_1_468' title='bbox 294 2612 448 2647; x_wconf 85' lang='lat' dir='ltr'><strong>populoque</strong></span> <span class='ocrx_word' id='word_1_469' title='bbox 462 2613 581 2647; x_wconf 88' lang='lat' dir='ltr'><strong>plurimo</strong></span> <span class='ocrx_word' id='word_1_470' title='bbox 598 2617 769 2647; x_wconf 65' lang='lat' dir='ltr'><strong>angustatns,</strong></span> <span class='ocrx_word' id='word_1_471' title='bbox 788 2616 870 2647; x_wconf 81' lang='lat' dir='ltr'><strong>atque</strong></span> <span class='ocrx_word' id='word_1_472' title='bbox 890 2612 1007 2639; x_wconf 81' lang='lat' dir='ltr'><strong>diversis</strong></span> 
     </span>
    </p>
   </div>
   <div class='ocr_carea' id='block_1_74' title="bbox 224 2656 1007 2691">
    <p class='ocr_par' dir='ltr' id='par_1_74' title="bbox 224 2656 1007 2691">
     <span class='ocr_line' id='line_1_74' title="bbox 224 2656 1007 2691; baseline 0 -7"><span class='ocrx_word' id='word_1_473' title='bbox 224 2660 382 2685; x_wconf 83' lang='lat' dir='ltr'><strong>lorcnsibus</strong></span> <span class='ocrx_word' id='word_1_474' title='bbox 395 2656 583 2686; x_wconf 72' lang='lat' dir='ltr'><strong>mercimoniis</strong></span> <span class='ocrx_word' id='word_1_475' title='bbox 613 2665 753 2686; x_wconf 83' lang='lat' dir='ltr'><strong>oneratus.</strong></span> <span class='ocrx_word' id='word_1_476' title='bbox 768 2659 795 2685; x_wconf 90' lang='lat' dir='ltr'><strong>ln</strong></span> <span class='ocrx_word' id='word_1_477' title='bbox 811 2658 1007 2691; x_wconf 82' lang='lat' dir='ltr'><strong>ltunc,ait,cutn</strong></span> 
     </span>
    </p>
   </div>
   <div class='ocr_carea' id='block_1_75' title="bbox 223 2703 1008 2740">
    <p class='ocr_par' dir='ltr' id='par_1_75' title="bbox 223 2703 1008 2740">
     <span class='ocr_line' id='line_1_75' title="bbox 223 2703 1008 2740; baseline 0.001 -10"><span class='ocrx_word' id='word_1_478' title='bbox 223 2703 299 2735; x_wconf 80' lang='lat' dir='ltr'><strong>ieris,</strong></span> <span class='ocrx_word' id='word_1_479' title='bbox 323 2705 440 2731; x_wconf 85' lang='lat' dir='ltr'><strong>observa</strong></span> <span class='ocrx_word' id='word_1_480' title='bbox 473 2712 610 2740; x_wconf 74' lang='lat' dir='ltr'><strong>synaxeos</strong></span> <span class='ocrx_word' id='word_1_481' title='bbox 633 2704 851 2737; x_wconf 81' lang='lat' dir='ltr'><strong>absolutionem;</strong></span> <span class='ocrx_word' id='word_1_482' title='bbox 891 2711 1008 2738; x_wconf 84' lang='lat' dir='ltr'><strong>eumque</strong></span> 
     </span>
    </p>
   </div>
   <div class='ocr_carea' id='block_1_76' title="bbox 222 2750 1008 2783">
    <p class='ocr_par' dir='ltr' id='par_1_76' title="bbox 222 2750 1008 2783">
     <span class='ocr_line' id='line_1_76' title="bbox 222 2750 1008 2783; baseline 0 -8"><span class='ocrx_word' id='word_1_483' title='bbox 222 2758 318 2778; x_wconf 69' lang='lat' dir='ltr'><strong>«nnnes</strong></span> <span class='ocrx_word' id='word_1_484' title='bbox 345 2750 447 2778; x_wconf 86' lang='lat' dir='ltr'><strong>videris</strong></span> <span class='ocrx_word' id='word_1_485' title='bbox 484 2751 596 2778; x_wconf 90' lang='lat' dir='ltr'><strong>domum</strong></span> <span class='ocrx_word' id='word_1_486' title='bbox 629 2757 768 2783; x_wconf 77' lang='lat' dir='ltr'><strong>reversos,</strong></span> <span class='ocrx_word' id='word_1_487' title='bbox 791 2754 857 2776; x_wconf 91' lang='lat' dir='ltr'><strong>tunc</strong></span> <span class='ocrx_word' id='word_1_488' title='bbox 886 2750 1008 2782; x_wconf 85' lang='lat' dir='ltr'><strong>silentio,</strong></span> 
     </span>
    </p>
   </div>
   <div class='ocr_carea' id='block_1_77' title="bbox 224 2795 1010 2834">
    <p class='ocr_par' dir='ltr' id='par_1_77' title="bbox 224 2795 1010 2834">
     <span class='ocr_line' id='line_1_77' title="bbox 224 2795 1010 2834; baseline -0.001 -12"><span class='ocrx_word' id='word_1_489' title='bbox 224 2796 333 2824; x_wconf 75' lang='lat' dir='ltr'><strong>neruine</strong></span> <span class='ocrx_word' id='word_1_490' title='bbox 349 2796 563 2831; x_wconf 79' lang='lat' dir='ltr'><strong>contemplante,</strong></span> <span class='ocrx_word' id='word_1_491' title='bbox 576 2795 746 2834; x_wconf 82' lang='lat' dir='ltr'><strong>in_templunt</strong></span> <span class='ocrx_word' id='word_1_492' title='bbox 764 2796 915 2830; x_wconf 78' lang='lat' dir='ltr'><strong>ingressus,</strong></span> <span class='ocrx_word' id='word_1_493' title='bbox 930 2802 1010 2821; x_wconf 81' lang='lat' dir='ltr'><strong>rene-</strong></span> 
     </span>
    </p>
   </div>
   <div class='ocr_carea' id='block_1_78' title="bbox 226 2841 1008 2876">
    <p class='ocr_par' dir='ltr' id='par_1_78' title="bbox 226 2841 1008 2876">
     <span class='ocr_line' id='line_1_78' title="bbox 226 2841 1008 2876; baseline -0.003 -8"><span class='ocrx_word' id='word_1_494' title='bbox 226 2842 309 2868; x_wconf 60' lang='lat' dir='ltr'><strong>rrnda</strong></span> <span class='ocrx_word' id='word_1_495' title='bbox 334 2842 443 2876; x_wconf 66' lang='lat' dir='ltr'><strong>suscipe</strong></span> <span class='ocrx_word' id='word_1_496' title='bbox 465 2845 636 2868; x_wconf 79' lang='lat' dir='ltr'><strong>sacramenta</strong></span> <span class='ocrx_word' id='word_1_497' title='bbox 650 2861 657 2872; x_wconf 92' lang='lat'><strong>,</strong></span> <span class='ocrx_word' id='word_1_498' title='bbox 680 2846 705 2867; x_wconf 84' lang='lat' dir='ltr'><strong>et</strong></span> <span class='ocrx_word' id='word_1_499' title='bbox 728 2841 817 2868; x_wconf 79' lang='lat' dir='ltr'><strong>taliter</strong></span> <span class='ocrx_word' id='word_1_500' title='bbox 846 2841 873 2868; x_wconf 88' lang='lat' dir='ltr'><strong>in</strong></span> <span class='ocrx_word' id='word_1_501' title='bbox 898 2841 1008 2867; x_wconf 84' lang='lat' dir='ltr'><strong>domum</strong></span> 
     </span>
    </p>
   </div>
   <div class='ocr_carea' id='block_1_79' title="bbox 1045 921 1828 956">
    <p class='ocr_par' dir='ltr' id='par_1_79' title="bbox 1045 921 1828 956">
     <span class='ocr_line' id='line_1_79' title="bbox 1045 921 1828 956; baseline 0 -8"><span class='ocrx_word' id='word_1_502' title='bbox 1045 921 1100 953; x_wconf 82' lang='grc' dir='ltr'>δεις</span> <span class='ocrx_word' id='word_1_503' title='bbox 1114 921 1276 956; x_wconf 79' lang='grc' dir='ltr'>διώμνυντο,</span> <span class='ocrx_word' id='word_1_504' title='bbox 1292 921 1330 952; x_wconf 78' lang='grc' dir='ltr'>ὡς</span> <span class='ocrx_word' id='word_1_505' title='bbox 1345 921 1376 947; x_wconf 84' lang='grc' dir='ltr'>οὐ</span> <span class='ocrx_word' id='word_1_506' title='bbox 1392 921 1546 953; x_wconf 72' lang='grc' dir='ltr'>Γαῖανίτας,</span> <span class='ocrx_word' id='word_1_507' title='bbox 1566 921 1597 947; x_wconf 78' lang='grc' dir='ltr'>οὐ</span> <span class='ocrx_word' id='word_1_508' title='bbox 1621 921 1828 955; x_wconf 72' lang='grc' dir='ltr'>Θεοδοσιανοϋς,</span> 
     </span>
    </p>
   </div>
   <div class='ocr_carea' id='block_1_80' title="bbox 1044 967 1830 1003">
    <p class='ocr_par' dir='ltr' id='par_1_80' title="bbox 1044 967 1830 1003">
     <span class='ocr_line' id='line_1_80' title="bbox 1044 967 1830 1003; baseline 0 -9"><span class='ocrx_word' id='word_1_509' title='bbox 1044 969 1074 994; x_wconf 81' lang='grc' dir='ltr'>ὲν</span> <span class='ocrx_word' id='word_1_510' title='bbox 1096 967 1187 1002; x_wconf 84' lang='grc' dir='ltr'>μέτρῳ</span> <span class='ocrx_word' id='word_1_511' title='bbox 1209 967 1338 1002; x_wconf 75' lang='grc' dir='ltr'>πιστῶνῆ</span> <span class='ocrx_word' id='word_1_512' title='bbox 1355 967 1474 993; x_wconf 77' lang='grc' dir='ltr'>εὺσεσῶν</span> <span class='ocrx_word' id='word_1_513' title='bbox 1488 967 1596 1002; x_wconf 79' lang='grc' dir='ltr'>ἀριθμῷ</span> <span class='ocrx_word' id='word_1_514' title='bbox 1612 968 1668 1002; x_wconf 77' lang='grc' dir='ltr'>ἔχει</span> <span class='ocrx_word' id='word_1_515' title='bbox 1680 968 1798 1003; x_wconf 79' lang='grc' dir='ltr'>Χριστὸς</span> <span class='ocrx_word' id='word_1_516' title='bbox 1811 969 1830 1003; x_wconf 81' lang='grc' dir='ltr'><strong>ἢ</strong></span> 
     </span>
    </p>
   </div>
   <div class='ocr_carea' id='block_1_81' title="bbox 1044 1012 1829 1049">
    <p class='ocr_par' dir='ltr' id='par_1_81' title="bbox 1044 1012 1829 1049">
     <span class='ocr_line' id='line_1_81' title="bbox 1044 1012 1829 1049; baseline 0.001 -10"><span class='ocrx_word' id='word_1_517' title='bbox 1044 1013 1196 1047; x_wconf 77' lang='grc' dir='ltr'>λογίζεται·</span> <span class='ocrx_word' id='word_1_518' title='bbox 1221 1012 1322 1040; x_wconf 87' lang='grc' dir='ltr'>τούτων</span> <span class='ocrx_word' id='word_1_519' title='bbox 1344 1012 1486 1044; x_wconf 79' lang='grc' dir='ltr'>Ἰουλιανὸς</span> <span class='ocrx_word' id='word_1_520' title='bbox 1516 1013 1661 1048; x_wconf 74' lang='grc' dir='ltr'><strong>ἐνωμότως</strong></span> <span class='ocrx_word' id='word_1_521' title='bbox 1681 1015 1749 1049; x_wconf 64' lang='grc' dir='ltr'>πρὸς</span> <span class='ocrx_word' id='word_1_522' title='bbox 1776 1014 1829 1040; x_wconf 60' lang='grc' dir='ltr'>τῶι</span> 
     </span>
    </p>
   </div>
   <div class='ocr_carea' id='block_1_82' title="bbox 1045 1058 1832 1094">
    <p class='ocr_par' dir='ltr' id='par_1_82' title="bbox 1045 1058 1832 1094">
     <span class='ocr_line' id='line_1_82' title="bbox 1045 1058 1832 1094; baseline 0.001 -9"><span class='ocrx_word' id='word_1_523' title='bbox 1045 1059 1131 1093; x_wconf 76' lang='grc' dir='ltr'>ἁγίων</span> <span class='ocrx_word' id='word_1_524' title='bbox 1154 1059 1317 1094; x_wconf 80' lang='grc' dir='ltr'>πυθόμενος,</span> <span class='ocrx_word' id='word_1_525' title='bbox 1335 1059 1382 1085; x_wconf 74' lang='grc' dir='ltr'>καὶ</span> <span class='ocrx_word' id='word_1_526' title='bbox 1403 1058 1520 1093; x_wconf 78' lang='grc' dir='ltr'><strong>πληγαῖς</strong></span> <span class='ocrx_word' id='word_1_527' title='bbox 1541 1059 1588 1085; x_wconf 76' lang='grc' dir='ltr'>καὶ</span> <span class='ocrx_word' id='word_1_528' title='bbox 1603 1059 1696 1094; x_wconf 80' lang='grc' dir='ltr'>ὅρκοις</span> <span class='ocrx_word' id='word_1_529' title='bbox 1720 1060 1832 1086; x_wconf 82' lang='grc' dir='ltr'>παιδευ-</span> 
     </span>
    </p>
   </div>
   <div class='ocr_carea' id='block_1_83' title="bbox 1046 1105 1831 1141">
    <p class='ocr_par' dir='ltr' id='par_1_83' title="bbox 1046 1105 1831 1141">
     <span class='ocr_line' id='line_1_83' title="bbox 1046 1105 1831 1141; baseline 0.001 -9"><span class='ocrx_word' id='word_1_530' title='bbox 1046 1105 1102 1137; x_wconf 74' lang='grc' dir='ltr'>θεὶς</span> <span class='ocrx_word' id='word_1_531' title='bbox 1117 1106 1167 1141; x_wconf 86' lang='grc' dir='ltr'>τὴν</span> <span class='ocrx_word' id='word_1_532' title='bbox 1183 1105 1322 1141; x_wconf 82' lang='grc' dir='ltr'>ἀλήθειαν,</span> <span class='ocrx_word' id='word_1_533' title='bbox 1345 1105 1508 1140; x_wconf 74' lang='grc' dir='ltr'>ἀμφοτέρων</span> <span class='ocrx_word' id='word_1_534' title='bbox 1527 1105 1617 1132; x_wconf 76' lang='grc' dir='ltr'>αὐτῶν</span> <span class='ocrx_word' id='word_1_535' title='bbox 1633 1106 1831 1141; x_wconf 79' lang='grc' dir='ltr'>ἀπηλλάττετο.</span> 
     </span>
    </p>
   </div>
   <div class='ocr_carea' id='block_1_84' title="bbox 1047 1150 1833 1187">
    <p class='ocr_par' dir='ltr' id='par_1_84' title="bbox 1047 1150 1833 1187">
     <span class='ocr_line' id='line_1_84' title="bbox 1047 1150 1833 1187; baseline 0.001 -10"><span class='ocrx_word' id='word_1_536' title='bbox 1047 1151 1141 1186; x_wconf 78' lang='grc' dir='ltr'>ὑγείαν</span> <span class='ocrx_word' id='word_1_537' title='bbox 1163 1151 1252 1186; x_wconf 58' lang='grc' dir='ltr'>ψυχῆς</span> <span class='ocrx_word' id='word_1_538' title='bbox 1279 1152 1326 1178; x_wconf 78' lang='grc' dir='ltr'>καὶ</span> <span class='ocrx_word' id='word_1_539' title='bbox 1349 1151 1433 1187; x_wconf 83' lang='grc' dir='ltr'><strong>ρὦιν</strong></span> <span class='ocrx_word' id='word_1_540' title='bbox 1460 1150 1585 1186; x_wconf 84' lang='grc' dir='ltr'>σώματος</span> <span class='ocrx_word' id='word_1_541' title='bbox 1608 1151 1769 1187; x_wconf 75' lang='grc' dir='ltr'>προσλαϐὼν</span> <span class='ocrx_word' id='word_1_542' title='bbox 1786 1152 1833 1178; x_wconf 74' lang='grc' dir='ltr'><strong>διὰ</strong></span> 
     </span>
    </p>
   </div>
   <div class='ocr_carea' id='block_1_85' title="bbox 1048 1197 1176 1227">
    <p class='ocr_par' dir='ltr' id='par_1_85' title="bbox 1048 1197 1176 1227">
     <span class='ocr_line' id='line_1_85' title="bbox 1048 1197 1176 1227; baseline 0 -4"><span class='ocrx_word' id='word_1_543' title='bbox 1048 1197 1176 1227; x_wconf 86' lang='grc' dir='ltr'>πίστεως.</span> 
     </span>
    </p>
   </div>
   <div class='ocr_carea' id='block_1_86' title="bbox 1084 1241 1835 1278">
    <p class='ocr_par' dir='ltr' id='par_1_86' title="bbox 1084 1241 1835 1278">
     <span class='ocr_line' id='line_1_86' title="bbox 1084 1241 1835 1278; baseline 0 -10"><span class='ocrx_word' id='word_1_544' title='bbox 1084 1242 1190 1277; x_wconf 54' lang='lat' dir='ltr'><strong>meum</strong></span> <span class='ocrx_word' id='word_1_545' title='bbox 1209 1242 1232 1268; x_wconf 82' lang='grc' dir='ltr'><strong>δ’</strong></span> <span class='ocrx_word' id='word_1_546' title='bbox 1247 1241 1324 1277; x_wconf 83' lang='grc' dir='ltr'>οῐμαι</span> <span class='ocrx_word' id='word_1_547' title='bbox 1338 1242 1368 1269; x_wconf 86' lang='grc' dir='ltr'>τδ</span> <span class='ocrx_word' id='word_1_548' title='bbox 1390 1242 1524 1278; x_wconf 81' lang='grc' dir='ltr'><strong>διήγημα,</strong></span> <span class='ocrx_word' id='word_1_549' title='bbox 1547 1243 1571 1268; x_wconf 84' lang='grc' dir='ltr'><strong>εἰ</strong></span> <span class='ocrx_word' id='word_1_550' title='bbox 1592 1242 1696 1276; x_wconf 86' lang='grc' dir='ltr'>σιγήσω</span> <span class='ocrx_word' id='word_1_551' title='bbox 1722 1242 1752 1268; x_wconf 74' lang='grc' dir='ltr'><strong>τὸ</strong></span> <span class='ocrx_word' id='word_1_552' title='bbox 1776 1243 1835 1268; x_wconf 82' lang='grc' dir='ltr'>τῶν</span> 
     </span>
    </p>
   </div>
   <div class='ocr_carea' id='block_1_87' title="bbox 1047 1284 1834 1323">
    <p class='ocr_par' dir='ltr' id='par_1_87' title="bbox 1047 1284 1834 1323">
     <span class='ocr_line' id='line_1_87' title="bbox 1047 1284 1834 1323; baseline -0.001 -8"><span class='ocrx_word' id='word_1_553' title='bbox 1047 1287 1134 1321; x_wconf 79' lang='grc' dir='ltr'>ἁγίων</span> <span class='ocrx_word' id='word_1_554' title='bbox 1152 1287 1270 1323; x_wconf 72' lang='grc' dir='ltr'>ἀνθηρὸν</span> <span class='ocrx_word' id='word_1_555' title='bbox 1285 1287 1331 1314; x_wconf 77' lang='grc' dir='ltr'>καὶ</span> <span class='ocrx_word' id='word_1_556' title='bbox 1359 1284 1481 1322; x_wconf 68' lang='grc' dir='ltr'>ἐπίχαρι,</span> <span class='ocrx_word' id='word_1_557' title='bbox 1494 1287 1510 1314; x_wconf 79' lang='grc' dir='ltr'><strong>ὂ</strong></span> <span class='ocrx_word' id='word_1_558' title='bbox 1533 1289 1598 1322; x_wconf 81' lang='grc' dir='ltr'>περὶ</span> <span class='ocrx_word' id='word_1_559' title='bbox 1626 1287 1674 1322; x_wconf 75' lang='grc' dir='ltr'>τὴν</span> <span class='ocrx_word' id='word_1_560' title='bbox 1687 1287 1834 1314; x_wconf 77' lang='grc' dir='ltr'>Ἰουλιανοῦ</span> 
     </span>
    </p>
   </div>
   <div class='ocr_carea' id='block_1_88' title="bbox 1050 1332 1836 1368">
    <p class='ocr_par' dir='ltr' id='par_1_88' title="bbox 1050 1332 1836 1368">
     <span class='ocr_line' id='line_1_88' title="bbox 1050 1332 1836 1368; baseline -0.001 -9"><span class='ocrx_word' id='word_1_561' title='bbox 1050 1333 1201 1368; x_wconf 76' lang='grc' dir='ltr'>μετάληψιν</span> <span class='ocrx_word' id='word_1_562' title='bbox 1215 1333 1387 1365; x_wconf 68' lang='grc' dir='ltr'>ἐπεδείξαντο</span> <span class='ocrx_word' id='word_1_563' title='bbox 1397 1341 1404 1348; x_wconf 87' lang='grc'><em>”</em></span> <span class='ocrx_word' id='word_1_564' title='bbox 1422 1333 1495 1359; x_wconf 80' lang='grc' dir='ltr'>ἐστιν</span> <span class='ocrx_word' id='word_1_565' title='bbox 1511 1332 1538 1359; x_wconf 70' lang='grc' dir='ltr'><strong>δὲ</strong></span> <span class='ocrx_word' id='word_1_566' title='bbox 1552 1332 1640 1359; x_wconf 79' lang='grc' dir='ltr'>τοῦτο,</span> <span class='ocrx_word' id='word_1_567' title='bbox 1656 1333 1764 1367; x_wconf 78' lang='grc' dir='ltr'>Ἐπειδὴ</span> <span class='ocrx_word' id='word_1_568' title='bbox 1783 1333 1836 1367; x_wconf 80' lang='grc' dir='ltr'>μὲν</span> 
     </span>
    </p>
   </div>
   <div class='ocr_carea' id='block_1_89' title="bbox 1048 1379 1835 1414">
    <p class='ocr_par' dir='ltr' id='par_1_89' title="bbox 1048 1379 1835 1414">
     <span class='ocr_line' id='line_1_89' title="bbox 1048 1379 1835 1414; baseline -0.003 -8"><span class='ocrx_word' id='word_1_569' title='bbox 1048 1379 1103 1414; x_wconf 79' lang='grc' dir='ltr'><strong>γὰρ</strong></span> <span class='ocrx_word' id='word_1_570' title='bbox 1128 1379 1209 1406; x_wconf 84' lang='grc' dir='ltr'>αὐτὸν</span> <span class='ocrx_word' id='word_1_571' title='bbox 1236 1379 1285 1414; x_wconf 84' lang='grc' dir='ltr'>τῆς</span> <span class='ocrx_word' id='word_1_572' title='bbox 1318 1379 1453 1414; x_wconf 76' lang='grc' dir='ltr'>προτέρας</span> <span class='ocrx_word' id='word_1_573' title='bbox 1477 1379 1614 1413; x_wconf 74' lang='grc' dir='ltr'>ιαίρέσεως</span> <span class='ocrx_word' id='word_1_574' title='bbox 1649 1379 1835 1413; x_wconf 73' lang='grc' dir='ltr'>ἀφιστάμενον</span> 
     </span>
    </p>
   </div>
   <div class='ocr_carea' id='block_1_90' title="bbox 1047 1424 1836 1460">
    <p class='ocr_par' dir='ltr' id='par_1_90' title="bbox 1047 1424 1836 1460">
     <span class='ocr_line' id='line_1_90' title="bbox 1047 1424 1836 1460; baseline -0.003 -8"><span class='ocrx_word' id='word_1_575' title='bbox 1047 1425 1181 1457; x_wconf 75' lang='grc' dir='ltr'>ἔϐλεπον,</span> <span class='ocrx_word' id='word_1_576' title='bbox 1209 1425 1257 1460; x_wconf 75' lang='grc' dir='ltr'>τὴν</span> <span class='ocrx_word' id='word_1_577' title='bbox 1290 1424 1377 1460; x_wconf 81' lang='grc' dir='ltr'>ἀληθῆ</span> <span class='ocrx_word' id='word_1_578' title='bbox 1408 1425 1437 1451; x_wconf 79' lang='grc' dir='ltr'><strong>δὲ</strong></span> <span class='ocrx_word' id='word_1_579' title='bbox 1466 1424 1513 1451; x_wconf 81' lang='grc' dir='ltr'><strong>τοῦ</strong></span> <span class='ocrx_word' id='word_1_580' title='bbox 1534 1425 1660 1460; x_wconf 83' lang='grc' dir='ltr'><strong>Σωτῆρος</strong></span> <span class='ocrx_word' id='word_1_581' title='bbox 1688 1424 1836 1459; x_wconf 77' lang='grc' dir='ltr'>ὁμολογίαν</span> 
     </span>
    </p>
   </div>
   <div class='ocr_carea' id='block_1_91' title="bbox 1049 1470 1836 1506">
    <p class='ocr_par' dir='ltr' id='par_1_91' title="bbox 1049 1470 1836 1506">
     <span class='ocr_line' id='line_1_91' title="bbox 1049 1470 1836 1506; baseline -0.001 -8"><span class='ocrx_word' id='word_1_582' title='bbox 1049 1472 1220 1502; x_wconf 81' lang='grc' dir='ltr'>ὰσπάσαντα,</span> <span class='ocrx_word' id='word_1_583' title='bbox 1246 1470 1311 1506; x_wconf 76' lang='grc' dir='ltr'>περὶ</span> <span class='ocrx_word' id='word_1_584' title='bbox 1329 1471 1357 1497; x_wconf 75' lang='grc' dir='ltr'><strong>δὲ</strong></span> <span class='ocrx_word' id='word_1_585' title='bbox 1376 1470 1426 1505; x_wconf 80' lang='grc' dir='ltr'><strong>τὴν</strong></span> <span class='ocrx_word' id='word_1_586' title='bbox 1447 1470 1598 1505; x_wconf 66' lang='grc' dir='ltr'>μετάληψιν</span> <span class='ocrx_word' id='word_1_587' title='bbox 1612 1471 1666 1497; x_wconf 86' lang='grc' dir='ltr'>τῶν</span> <span class='ocrx_word' id='word_1_588' title='bbox 1685 1471 1769 1505; x_wconf 79' lang='grc' dir='ltr'>ἁγίων</span> <span class='ocrx_word' id='word_1_589' title='bbox 1785 1481 1836 1506; x_wconf 78' lang='grc' dir='ltr'>μυ-</span> 
     </span>
    </p>
   </div>
   <div class='ocr_carea' id='block_1_92' title="bbox 1051 1515 1836 1552">
    <p class='ocr_par' dir='ltr' id='par_1_92' title="bbox 1051 1515 1836 1552">
     <span class='ocr_line' id='line_1_92' title="bbox 1051 1515 1836 1552; baseline 0.001 -9"><span class='ocrx_word' id='word_1_590' title='bbox 1051 1517 1171 1552; x_wconf 81' lang='grc' dir='ltr'>στηρίων</span> <span class='ocrx_word' id='word_1_591' title='bbox 1183 1517 1343 1550; x_wconf 82' lang='grc' dir='ltr'>αἰδούμενον</span> <span class='ocrx_word' id='word_1_592' title='bbox 1361 1517 1408 1543; x_wconf 76' lang='grc' dir='ltr'>καὶ</span> <span class='ocrx_word' id='word_1_593' title='bbox 1422 1517 1555 1552; x_wconf 76' lang='grc' dir='ltr'>αἰσχύνην</span> <span class='ocrx_word' id='word_1_594' title='bbox 1572 1517 1722 1552; x_wconf 80' lang='grc' dir='ltr'>ἡγούμενον</span> <span class='ocrx_word' id='word_1_595' title='bbox 1740 1518 1782 1552; x_wconf 79' lang='grc' dir='ltr'><strong>ἐφ’</strong></span> <span class='ocrx_word' id='word_1_596' title='bbox 1794 1515 1836 1548; x_wconf 74' lang='grc' dir='ltr'>οἷς</span> 
     </span>
    </p>
   </div>
   <div class='ocr_carea' id='block_1_93' title="bbox 1049 1562 1838 1598">
    <p class='ocr_par' dir='ltr' id='par_1_93' title="bbox 1049 1562 1838 1598">
     <span class='ocr_line' id='line_1_93' title="bbox 1049 1562 1838 1598; baseline 0 -10"><span class='ocrx_word' id='word_1_597' title='bbox 1049 1562 1103 1588; x_wconf 71' lang='grc' dir='ltr'>ἔδει</span> <span class='ocrx_word' id='word_1_598' title='bbox 1114 1563 1332 1598; x_wconf 84' lang='grc' dir='ltr'>λαμπρύνεσϐαι,</span> <span class='ocrx_word' id='word_1_599' title='bbox 1349 1562 1507 1596; x_wconf 86' lang='grc' dir='ltr'>θαυμαστόν</span> <span class='ocrx_word' id='word_1_600' title='bbox 1519 1571 1546 1589; x_wconf 87' lang='grc' dir='ltr'><strong>τι</strong></span> <span class='ocrx_word' id='word_1_601' title='bbox 1559 1563 1606 1589; x_wconf 89' lang='grc' dir='ltr'>καὶ</span> <span class='ocrx_word' id='word_1_602' title='bbox 1615 1562 1745 1597; x_wconf 74' lang='grc' dir='ltr'>Θυμηδίας</span> <span class='ocrx_word' id='word_1_603' title='bbox 1760 1563 1838 1595; x_wconf 79' lang='grc' dir='ltr'>ἄξιον</span> 
     </span>
    </p>
   </div>
   <div class='ocr_carea' id='block_1_94' title="bbox 1049 1607 1833 1643">
    <p class='ocr_par' dir='ltr' id='par_1_94' title="bbox 1049 1607 1833 1643">
     <span class='ocr_line' id='line_1_94' title="bbox 1049 1607 1833 1643; baseline 0 -9"><span class='ocrx_word' id='word_1_604' title='bbox 1049 1608 1269 1643; x_wconf 82' lang='grc' dir='ltr'>διαπράττονται.</span> <span class='ocrx_word' id='word_1_605' title='bbox 1301 1608 1433 1639; x_wconf 81' lang='grc' dir='ltr'>Φανέντες</span> <span class='ocrx_word' id='word_1_606' title='bbox 1462 1607 1518 1643; x_wconf 85' lang='grc' dir='ltr'><strong>γὰρ</strong></span> <span class='ocrx_word' id='word_1_607' title='bbox 1544 1609 1606 1635; x_wconf 71' lang='grc' dir='ltr'>καθ’</span> <span class='ocrx_word' id='word_1_608' title='bbox 1624 1608 1723 1640; x_wconf 74' lang='grc' dir='ltr'>ὕπνους</span> <span class='ocrx_word' id='word_1_609' title='bbox 1747 1609 1833 1643; x_wconf 74' lang='grc' dir='ltr'>αὐτῷ,</span> 
     </span>
    </p>
   </div>
   <div class='ocr_carea' id='block_1_95' title="bbox 1048 1653 1838 1690">
    <p class='ocr_par' dir='ltr' id='par_1_95' title="bbox 1048 1653 1838 1690">
     <span class='ocr_line' id='line_1_95' title="bbox 1048 1653 1838 1690; baseline 0 -10"><span class='ocrx_word' id='word_1_610' title='bbox 1048 1653 1143 1690; x_wconf 85' lang='grc' dir='ltr'>ὥσπερ</span> <span class='ocrx_word' id='word_1_611' title='bbox 1155 1654 1291 1686; x_wconf 76' lang='grc' dir='ltr'>εἰώθασιν,</span> <span class='ocrx_word' id='word_1_612' title='bbox 1302 1654 1376 1686; x_wconf 81' lang='grc' dir='ltr'>Ἰδοὺ,</span> <span class='ocrx_word' id='word_1_613' title='bbox 1389 1655 1482 1688; x_wconf 74' lang='grc' dir='ltr'>φασὶν,</span> <span class='ocrx_word' id='word_1_614' title='bbox 1494 1654 1577 1688; x_wconf 77' lang='grc' dir='ltr'>ἐγγύς</span> <span class='ocrx_word' id='word_1_615' title='bbox 1589 1655 1664 1680; x_wconf 72' lang='grc' dir='ltr'>ἐστιν</span> <span class='ocrx_word' id='word_1_616' title='bbox 1675 1655 1704 1680; x_wconf 78' lang='grc' dir='ltr'>τὸ</span> <span class='ocrx_word' id='word_1_617' title='bbox 1715 1655 1763 1681; x_wconf 77' lang='grc' dir='ltr'>τοῦ</span> <span class='ocrx_word' id='word_1_618' title='bbox 1778 1656 1838 1681; x_wconf 89' lang='grc' dir='ltr'><strong>Σω-</strong></span> 
     </span>
    </p>
   </div>
   <div class='ocr_carea' id='block_1_96' title="bbox 1049 1700 1839 1742">
    <p class='ocr_par' dir='ltr' id='par_1_96' title="bbox 1049 1700 1839 1742">
     <span class='ocr_line' id='line_1_96' title="bbox 1049 1700 1839 1742; baseline 0.003 -16"><span class='ocrx_word' id='word_1_619' title='bbox 1049 1700 1132 1735; x_wconf 79' lang='grc' dir='ltr'>τῆρος</span> <span class='ocrx_word' id='word_1_620' title='bbox 1152 1700 1299 1734; x_wconf 80' lang='grc' dir='ltr'>γενέθλιον,</span> <span class='ocrx_word' id='word_1_621' title='bbox 1314 1701 1364 1742; x_wconf 62' lang='grc' dir='ltr'>ὅτε</span> <span class='ocrx_word' id='word_1_622' title='bbox 1373 1700 1420 1727; x_wconf 81' lang='grc' dir='ltr'>τοῦ</span> <span class='ocrx_word' id='word_1_623' title='bbox 1431 1700 1500 1727; x_wconf 82' lang='grc' dir='ltr'>Θεοῦ</span> <span class='ocrx_word' id='word_1_624' title='bbox 1519 1703 1565 1727; x_wconf 79' lang='grc' dir='ltr'>καὶ</span> <span class='ocrx_word' id='word_1_625' title='bbox 1578 1701 1684 1736; x_wconf 72' lang='grc' dir='ltr'>Πατρος</span> <span class='ocrx_word' id='word_1_626' title='bbox 1695 1703 1709 1728; x_wconf 80' lang='grc' dir='ltr'>ὁ</span> <span class='ocrx_word' id='word_1_627' title='bbox 1724 1710 1839 1736; x_wconf 82' lang='grc' dir='ltr'>μονογε-</span> 
     </span>
    </p>
   </div>
   <div class='ocr_carea' id='block_1_97' title="bbox 1050 1745 1839 1781">
    <p class='ocr_par' dir='ltr' id='par_1_97' title="bbox 1050 1745 1839 1781">
     <span class='ocr_line' id='line_1_97' title="bbox 1050 1745 1839 1781; baseline 0.001 -9"><span class='ocrx_word' id='word_1_628' title='bbox 1050 1746 1098 1781; x_wconf 84' lang='grc' dir='ltr'>νὴς</span> <span class='ocrx_word' id='word_1_629' title='bbox 1109 1746 1172 1777; x_wconf 84' lang='grc' dir='ltr'>Υίὺς</span> <span class='ocrx_word' id='word_1_630' title='bbox 1188 1746 1340 1781; x_wconf 72' lang='grc' dir='ltr'>σαρκωθεὶς</span> <span class='ocrx_word' id='word_1_631' title='bbox 1353 1745 1573 1781; x_wconf 82' lang='grc' dir='ltr'>ὲνηνθρώπησεν.</span> <span class='ocrx_word' id='word_1_632' title='bbox 1585 1747 1693 1781; x_wconf 81' lang='grc' dir='ltr'>Ταύτην</span> <span class='ocrx_word' id='word_1_633' title='bbox 1713 1747 1839 1779; x_wconf 82' lang='grc' dir='ltr'>Ἀλεξαν-</span> 
     </span>
    </p>
   </div>
   <div class='ocr_carea' id='block_1_98' title="bbox 1049 1791 1839 1827">
    <p class='ocr_par' dir='ltr' id='par_1_98' title="bbox 1049 1791 1839 1827">
     <span class='ocr_line' id='line_1_98' title="bbox 1049 1791 1839 1827; baseline 0.004 -11"><span class='ocrx_word' id='word_1_634' title='bbox 1049 1791 1123 1826; x_wconf 78' lang='grc' dir='ltr'>δρεῖς</span> <span class='ocrx_word' id='word_1_635' title='bbox 1134 1791 1183 1826; x_wconf 82' lang='grc' dir='ltr'>τὴν</span> <span class='ocrx_word' id='word_1_636' title='bbox 1203 1791 1278 1826; x_wconf 82' lang='grc' dir='ltr'>ἱερὰν</span> <span class='ocrx_word' id='word_1_637' title='bbox 1287 1792 1333 1818; x_wconf 78' lang='grc' dir='ltr'>καὶ</span> <span class='ocrx_word' id='word_1_638' title='bbox 1345 1791 1495 1827; x_wconf 79' lang='grc' dir='ltr'>σεδασμίαν</span> <span class='ocrx_word' id='word_1_639' title='bbox 1504 1793 1665 1827; x_wconf 82' lang='grc' dir='ltr'>πανήγυριν,</span> <span class='ocrx_word' id='word_1_640' title='bbox 1674 1792 1699 1818; x_wconf 87' lang='grc' dir='ltr'><strong>οί</strong></span> <span class='ocrx_word' id='word_1_641' title='bbox 1709 1793 1759 1827; x_wconf 79' lang='grc' dir='ltr'>τῆς</span> <span class='ocrx_word' id='word_1_642' title='bbox 1769 1793 1839 1819; x_wconf 74' lang='grc' dir='ltr'>καθ-</span> 
     </span>
    </p>
   </div>
   <div class='ocr_carea' id='block_1_99' title="bbox 1049 1837 1838 1874">
    <p class='ocr_par' dir='ltr' id='par_1_99' title="bbox 1049 1837 1838 1874">
     <span class='ocr_line' id='line_1_99' title="bbox 1049 1837 1838 1874; baseline 0 -10"><span class='ocrx_word' id='word_1_643' title='bbox 1049 1837 1143 1872; x_wconf 86' lang='grc' dir='ltr'>ολικῆς</span> <span class='ocrx_word' id='word_1_644' title='bbox 1152 1837 1314 1872; x_wconf 83' lang='grc' dir='ltr'>Ἑκκλησίας</span> <span class='ocrx_word' id='word_1_645' title='bbox 1324 1837 1377 1863; x_wconf 85' lang='grc' dir='ltr'>υίοί</span> <span class='ocrx_word' id='word_1_646' title='bbox 1386 1846 1416 1863; x_wconf 86' lang='grc' dir='ltr'><strong>τε</strong></span> <span class='ocrx_word' id='word_1_647' title='bbox 1428 1838 1475 1863; x_wconf 83' lang='grc' dir='ltr'>καὶ</span> <span class='ocrx_word' id='word_1_648' title='bbox 1482 1838 1608 1872; x_wconf 78' lang='grc' dir='ltr'>τρόφιμοι</span> <span class='ocrx_word' id='word_1_649' title='bbox 1619 1838 1648 1864; x_wconf 79' lang='grc' dir='ltr'>ὲν</span> <span class='ocrx_word' id='word_1_650' title='bbox 1657 1840 1687 1873; x_wconf 80' lang='grc' dir='ltr'><strong>τῇ</strong></span> <span class='ocrx_word' id='word_1_651' title='bbox 1700 1839 1838 1874; x_wconf 71' lang='grc' dir='ltr'>ἐπωνύμῳ</span> 
     </span>
    </p>
   </div>
   <div class='ocr_carea' id='block_1_100' title="bbox 1050 1883 1838 1920">
    <p class='ocr_par' dir='ltr' id='par_1_100' title="bbox 1050 1883 1838 1920">
     <span class='ocr_line' id='line_1_100' title="bbox 1050 1883 1838 1920; baseline 0 -10"><span class='ocrx_word' id='word_1_652' title='bbox 1050 1884 1145 1919; x_wconf 81' lang='grc' dir='ltr'>Θεωνᾷ</span> <span class='ocrx_word' id='word_1_653' title='bbox 1156 1885 1205 1918; x_wconf 86' lang='grc' dir='ltr'>τῆς</span> <span class='ocrx_word' id='word_1_654' title='bbox 1227 1884 1307 1917; x_wconf 81' lang='grc' dir='ltr'>ἁγίας</span> <span class='ocrx_word' id='word_1_655' title='bbox 1323 1883 1461 1919; x_wconf 78' lang='grc' dir='ltr'>Παρθένου</span> <span class='ocrx_word' id='word_1_656' title='bbox 1476 1884 1585 1919; x_wconf 82' lang='grc' dir='ltr'>Μαρίας</span> <span class='ocrx_word' id='word_1_657' title='bbox 1603 1883 1650 1910; x_wconf 85' lang='grc' dir='ltr'>καὶ</span> <span class='ocrx_word' id='word_1_658' title='bbox 1665 1884 1838 1920; x_wconf 73' lang='grc' dir='ltr'>Θεομήτορος</span> 
     </span>
    </p>
   </div>
   <div class='ocr_carea' id='block_1_101' title="bbox 1051 1928 1840 1964">
    <p class='ocr_par' dir='ltr' id='par_1_101' title="bbox 1051 1928 1840 1964">
     <span class='ocr_line' id='line_1_101' title="bbox 1051 1928 1840 1964; baseline 0 -8"><span class='ocrx_word' id='word_1_659' title='bbox 1051 1930 1173 1963; x_wconf 79' lang='grc' dir='ltr'>ἄγουσιν.</span> <span class='ocrx_word' id='word_1_660' title='bbox 1186 1930 1232 1961; x_wconf 69' lang='grc' dir='ltr'>Εἰς</span> <span class='ocrx_word' id='word_1_661' title='bbox 1245 1929 1348 1963; x_wconf 85' lang='grc' dir='ltr'>ταύτην</span> <span class='ocrx_word' id='word_1_662' title='bbox 1361 1928 1408 1955; x_wconf 76' lang='grc' dir='ltr'>οὖν</span> <span class='ocrx_word' id='word_1_663' title='bbox 1421 1929 1468 1955; x_wconf 76' lang='grc' dir='ltr'>καὶ</span> <span class='ocrx_word' id='word_1_664' title='bbox 1478 1928 1559 1960; x_wconf 82' lang='grc' dir='ltr'>αὐτὸς</span> <span class='ocrx_word' id='word_1_665' title='bbox 1570 1929 1840 1964; x_wconf 73' lang='grc' dir='ltr'>ἁφικνούμενος.καὶ</span> 
     </span>
    </p>
   </div>
   <div class='ocr_carea' id='block_1_102' title="bbox 1051 1972 1839 2009">
    <p class='ocr_par' dir='ltr' id='par_1_102' title="bbox 1051 1972 1839 2009">
     <span class='ocr_line' id='line_1_102' title="bbox 1051 1972 1839 2009; baseline 0 -9"><span class='ocrx_word' id='word_1_666' title='bbox 1051 1972 1092 2006; x_wconf 78' lang='grc' dir='ltr'><strong>εἷς</strong></span> <span class='ocrx_word' id='word_1_667' title='bbox 1109 1975 1164 2001; x_wconf 81' lang='grc' dir='ltr'>τῶν</span> <span class='ocrx_word' id='word_1_668' title='bbox 1182 1974 1232 2009; x_wconf 73' lang='grc' dir='ltr'><strong>τὴν</strong></span> <span class='ocrx_word' id='word_1_669' title='bbox 1249 1973 1385 2007; x_wconf 78' lang='grc' dir='ltr'>γενέθλιον</span> <span class='ocrx_word' id='word_1_670' title='bbox 1397 1973 1494 2009; x_wconf 80' lang='grc' dir='ltr'>ἑορτὴν</span> <span class='ocrx_word' id='word_1_671' title='bbox 1513 1973 1633 2004; x_wconf 80' lang='grc' dir='ltr'>εὐσεὸῶς</span> <span class='ocrx_word' id='word_1_672' title='bbox 1652 1974 1839 2008; x_wconf 80' lang='grc' dir='ltr'>γεραιρόντων</span> 
     </span>
    </p>
   </div>
   <div class='ocr_carea' id='block_1_103' title="bbox 1051 2019 1839 2056">
    <p class='ocr_par' dir='ltr' id='par_1_103' title="bbox 1051 2019 1839 2056">
     <span class='ocr_line' id='line_1_103' title="bbox 1051 2019 1839 2056; baseline 0 -10"><span class='ocrx_word' id='word_1_673' title='bbox 1051 2021 1208 2056; x_wconf 82' lang='grc' dir='ltr'>γενόμενος,</span> <span class='ocrx_word' id='word_1_674' title='bbox 1232 2021 1284 2048; x_wconf 82' lang='grc' dir='ltr'><strong>κάν</strong></span> <span class='ocrx_word' id='word_1_675' title='bbox 1306 2021 1339 2055; x_wconf 82' lang='grc' dir='ltr'><strong>τῇ</strong></span> <span class='ocrx_word' id='word_1_676' title='bbox 1353 2019 1407 2046; x_wconf 85' lang='grc' dir='ltr'><strong>τῶν</strong></span> <span class='ocrx_word' id='word_1_677' title='bbox 1428 2019 1532 2046; x_wconf 84' lang='grc' dir='ltr'>πιστῶν</span> <span class='ocrx_word' id='word_1_678' title='bbox 1551 2020 1699 2054; x_wconf 73' lang='grc' dir='ltr'>Ἐκκλησία</span> <span class='ocrx_word' id='word_1_679' title='bbox 1723 2028 1839 2055; x_wconf 77' lang='grc' dir='ltr'>συναρι·</span> 
     </span>
    </p>
   </div>
   <div class='ocr_carea' id='block_1_104' title="bbox 1052 2065 1840 2102">
    <p class='ocr_par' dir='ltr' id='par_1_104' title="bbox 1052 2065 1840 2102">
     <span class='ocr_line' id='line_1_104' title="bbox 1052 2065 1840 2102; baseline -0.001 -10"><span class='ocrx_word' id='word_1_680' title='bbox 1052 2065 1221 2102; x_wconf 84' lang='grc' dir='ltr'>θμούμενος,</span> <span class='ocrx_word' id='word_1_681' title='bbox 1254 2068 1287 2102; x_wconf 82' lang='grc' dir='ltr'><strong>τῇ</strong></span> <span class='ocrx_word' id='word_1_682' title='bbox 1314 2066 1459 2102; x_wconf 78' lang='grc' dir='ltr'>ψαλμῳδίᾳ</span> <span class='ocrx_word' id='word_1_683' title='bbox 1487 2065 1668 2100; x_wconf 82' lang='grc' dir='ltr'>κοινώνησον,</span> <span class='ocrx_word' id='word_1_684' title='bbox 1705 2066 1751 2092; x_wconf 78' lang='grc' dir='ltr'>καὶ</span> <span class='ocrx_word' id='word_1_685' title='bbox 1784 2066 1840 2092; x_wconf 76' lang='grc' dir='ltr'>τῶν</span> 
     </span>
    </p>
   </div>
   <div class='ocr_carea' id='block_1_105' title="bbox 1052 2110 1840 2146">
    <p class='ocr_par' dir='ltr' id='par_1_105' title="bbox 1052 2110 1840 2146">
     <span class='ocr_line' id='line_1_105' title="bbox 1052 2110 1840 2146; baseline 0.001 -10"><span class='ocrx_word' id='word_1_686' title='bbox 1052 2111 1239 2137; x_wconf 79' lang='grc' dir='ltr'>ἀποστολικῶν</span> <span class='ocrx_word' id='word_1_687' title='bbox 1253 2111 1477 2146; x_wconf 84' lang='grc' dir='ltr'>ἀναγνωσμάτων</span> <span class='ocrx_word' id='word_1_688' title='bbox 1495 2110 1641 2146; x_wconf 72' lang='grc' dir='ltr'>ἀκρόασαι,</span> <span class='ocrx_word' id='word_1_689' title='bbox 1661 2111 1707 2137; x_wconf 81' lang='grc' dir='ltr'>καὶ</span> <span class='ocrx_word' id='word_1_690' title='bbox 1721 2111 1772 2146; x_wconf 82' lang='grc' dir='ltr'>τῆς</span> <span class='ocrx_word' id='word_1_691' title='bbox 1784 2111 1840 2138; x_wconf 84' lang='grc' dir='ltr'>τῶν</span> 
     </span>
    </p>
   </div>
   <div class='ocr_carea' id='block_1_106' title="bbox 1054 2156 1840 2191">
    <p class='ocr_par' dir='ltr' id='par_1_106' title="bbox 1054 2156 1840 2191">
     <span class='ocr_line' id='line_1_106' title="bbox 1054 2156 1840 2191; baseline 0.001 -9"><span class='ocrx_word' id='word_1_692' title='bbox 1054 2156 1135 2191; x_wconf 80' lang='grc' dir='ltr'>ἱερῶν</span> <span class='ocrx_word' id='word_1_693' title='bbox 1147 2156 1319 2191; x_wconf 78' lang='grc' dir='ltr'>Εὑαγγελὶων</span> <span class='ocrx_word' id='word_1_694' title='bbox 1344 2156 1458 2183; x_wconf 82' lang='grc' dir='ltr'>ἄκουσον</span> <span class='ocrx_word' id='word_1_695' title='bbox 1485 2156 1652 2190; x_wconf 71' lang='grc' dir='ltr'>σάλπιγγος’</span> <span class='ocrx_word' id='word_1_696' title='bbox 1682 2156 1764 2191; x_wconf 81' lang='grc' dir='ltr'>μέχρι</span> <span class='ocrx_word' id='word_1_697' title='bbox 1784 2158 1840 2191; x_wconf 76' lang='grc' dir='ltr'><strong>γὰρ</strong></span> 
     </span>
    </p>
   </div>
   <div class='ocr_carea' id='block_1_107' title="bbox 1020 2202 1842 2239">
    <p class='ocr_par' dir='ltr' id='par_1_107' title="bbox 1020 2202 1842 2239">
     <span class='ocr_line' id='line_1_107' title="bbox 1020 2202 1842 2239; baseline 0.002 -12"><span class='ocrx_word' id='word_1_698' title='bbox 1020 2213 1040 2239; x_wconf 71' lang='grc' dir='ltr'><strong>ι)</strong></span> <span class='ocrx_word' id='word_1_699' title='bbox 1054 2202 1103 2236; x_wconf 83' lang='grc' dir='ltr'>τῆς</span> <span class='ocrx_word' id='word_1_700' title='bbox 1123 2202 1227 2228; x_wconf 81' lang='grc' dir='ltr'>τούτων</span> <span class='ocrx_word' id='word_1_701' title='bbox 1258 2202 1417 2235; x_wconf 74' lang='grc' dir='ltr'>ἀκροάσεως</span> <span class='ocrx_word' id='word_1_702' title='bbox 1447 2202 1670 2237; x_wconf 82' lang='grc' dir='ltr'>παραμένουσιν·</span> <span class='ocrx_word' id='word_1_703' title='bbox 1694 2203 1742 2228; x_wconf 79' lang='grc' dir='ltr'>καὶ</span> <span class='ocrx_word' id='word_1_704' title='bbox 1770 2205 1842 2237; x_wconf 79' lang='grc' dir='ltr'>μετὰ</span> 
     </span>
    </p>
   </div>
   <div class='ocr_carea' id='block_1_108' title="bbox 1052 2247 1842 2282">
    <p class='ocr_par' dir='ltr' id='par_1_108' title="bbox 1052 2247 1842 2282">
     <span class='ocr_line' id='line_1_108' title="bbox 1052 2247 1842 2282; baseline 0 -8"><span class='ocrx_word' id='word_1_705' title='bbox 1052 2248 1102 2282; x_wconf 81' lang='grc' dir='ltr'>τὴν</span> <span class='ocrx_word' id='word_1_706' title='bbox 1123 2248 1178 2274; x_wconf 82' lang='grc' dir='ltr'>τῶν</span> <span class='ocrx_word' id='word_1_707' title='bbox 1203 2247 1388 2282; x_wconf 81' lang='grc' dir='ltr'>εὑαγγελικῶν</span> <span class='ocrx_word' id='word_1_708' title='bbox 1407 2248 1586 2281; x_wconf 74' lang='grc' dir='ltr'>ἀκουσμάτων</span> <span class='ocrx_word' id='word_1_709' title='bbox 1608 2247 1749 2280; x_wconf 74' lang='grc' dir='ltr'>ἀπόλυσιν,</span> <span class='ocrx_word' id='word_1_710' title='bbox 1770 2249 1842 2274; x_wconf 79' lang='grc' dir='ltr'>κατᾶ</span> 
     </span>
    </p>
   </div>
   <div class='ocr_carea' id='block_1_109' title="bbox 1053 2293 1842 2329">
    <p class='ocr_par' dir='ltr' id='par_1_109' title="bbox 1053 2293 1842 2329">
     <span class='ocr_line' id='line_1_109' title="bbox 1053 2293 1842 2329; baseline 0 -10"><span class='ocrx_word' id='word_1_711' title='bbox 1053 2293 1102 2327; x_wconf 79' lang='grc' dir='ltr'>τὴν</span> <span class='ocrx_word' id='word_1_712' title='bbox 1131 2293 1249 2320; x_wconf 84' lang='grc' dir='ltr'>παλαιάν</span> <span class='ocrx_word' id='word_1_713' title='bbox 1279 2302 1326 2320; x_wconf 87' lang='grc' dir='ltr'><strong>σου</strong></span> <span class='ocrx_word' id='word_1_714' title='bbox 1353 2293 1496 2329; x_wconf 80' lang='grc' dir='ltr'>συνήθειαν</span> <span class='ocrx_word' id='word_1_715' title='bbox 1526 2293 1604 2326; x_wconf 79' lang='grc' dir='ltr'>ἔξιθι,</span> <span class='ocrx_word' id='word_1_716' title='bbox 1625 2293 1655 2319; x_wconf 83' lang='grc' dir='ltr'>τὸ</span> <span class='ocrx_word' id='word_1_717' title='bbox 1687 2293 1842 2320; x_wconf 82' lang='grc' dir='ltr'>ἀνύποπτον</span> 
     </span>
    </p>
   </div>
   <div class='ocr_carea' id='block_1_110' title="bbox 1055 2338 1842 2375">
    <p class='ocr_par' dir='ltr' id='par_1_110' title="bbox 1055 2338 1842 2375">
     <span class='ocr_line' id='line_1_110' title="bbox 1055 2338 1842 2375; baseline -0.001 -10"><span class='ocrx_word' id='word_1_718' title='bbox 1055 2339 1146 2374; x_wconf 83' lang='grc' dir='ltr'>σαυτῷ</span> <span class='ocrx_word' id='word_1_719' title='bbox 1161 2339 1388 2375; x_wconf 84' lang='grc' dir='ltr'>προμηθούμενος</span> <span class='ocrx_word' id='word_1_720' title='bbox 1399 2347 1407 2355; x_wconf 70' lang='grc'><strong>⁸</strong></span> <span class='ocrx_word' id='word_1_721' title='bbox 1433 2339 1479 2365; x_wconf 80' lang='grc' dir='ltr'>καὶ</span> <span class='ocrx_word' id='word_1_722' title='bbox 1492 2338 1539 2365; x_wconf 83' lang='grc' dir='ltr'><strong>τοῦ</strong></span> <span class='ocrx_word' id='word_1_723' title='bbox 1559 2339 1689 2374; x_wconf 82' lang='grc' dir='ltr'>τεμένους</span> <span class='ocrx_word' id='word_1_724' title='bbox 1704 2338 1795 2372; x_wconf 78' lang='grc' dir='ltr'>ἐξιὼν,</span> <span class='ocrx_word' id='word_1_725' title='bbox 1814 2340 1842 2365; x_wconf 83' lang='grc' dir='ltr'>ἑν</span> 
     </span>
    </p>
   </div>
   <div class='ocr_carea' id='block_1_111' title="bbox 1054 2381 1842 2419">
    <p class='ocr_par' dir='ltr' id='par_1_111' title="bbox 1054 2381 1842 2419">
     <span class='ocr_line' id='line_1_111' title="bbox 1054 2381 1842 2419; baseline -0.001 -9"><span class='ocrx_word' id='word_1_726' title='bbox 1054 2384 1093 2419; x_wconf 78' lang='grc' dir='ltr'>τῷ</span> <span class='ocrx_word' id='word_1_727' title='bbox 1117 2384 1209 2419; x_wconf 76' lang='grc' dir='ltr'>δρόμῳ</span> <span class='ocrx_word' id='word_1_728' title='bbox 1230 2385 1400 2419; x_wconf 81' lang='grc' dir='ltr'>παράμεινον</span> <span class='ocrx_word' id='word_1_729' title='bbox 1418 2391 1426 2399; x_wconf 81' lang='grc'><strong><em>⁸</em></strong></span> <span class='ocrx_word' id='word_1_730' title='bbox 1447 2384 1530 2415; x_wconf 85' lang='grc' dir='ltr'>τόπος</span> <span class='ocrx_word' id='word_1_731' title='bbox 1547 2381 1624 2415; x_wconf 79' lang='grc' dir='ltr'>οὗτος</span> <span class='ocrx_word' id='word_1_732' title='bbox 1643 2384 1779 2418; x_wconf 77' lang='grc' dir='ltr'>ἐπίσημος</span> <span class='ocrx_word' id='word_1_733' title='bbox 1794 2385 1842 2419; x_wconf 76' lang='grc' dir='ltr'>τῆς</span> 
     </span>
    </p>
   </div>
   <div class='ocr_carea' id='block_1_112' title="bbox 1062 2428 1844 2464">
    <p class='ocr_par' dir='ltr' id='par_1_112' title="bbox 1062 2428 1844 2464">
     <span class='ocr_line' id='line_1_112' title="bbox 1062 2428 1844 2464; baseline 0.001 -10"><span class='ocrx_word' id='word_1_734' title='bbox 1062 2428 1257 2463; x_wconf 75' lang='grc' dir='ltr'>Ἀλεξανδρέων</span> <span class='ocrx_word' id='word_1_735' title='bbox 1269 2430 1437 2463; x_wconf 74' lang='grc' dir='ltr'>καθέστηκεν</span> <span class='ocrx_word' id='word_1_736' title='bbox 1448 2429 1566 2462; x_wconf 83' lang='grc' dir='ltr'>πόλεως,</span> <span class='ocrx_word' id='word_1_737' title='bbox 1582 2429 1614 2455; x_wconf 81' lang='grc' dir='ltr'>ὲκ</span> <span class='ocrx_word' id='word_1_738' title='bbox 1629 2429 1768 2464; x_wconf 60' lang='grc' dir='ltr'>λεωφόρου</span> <span class='ocrx_word' id='word_1_739' title='bbox 1778 2432 1844 2464; x_wconf 58' lang='lat'><strong>57+,-</strong></span> 
     </span>
    </p>
   </div>
   <div class='ocr_carea' id='block_1_113' title="bbox 1058 2475 1844 2510">
    <p class='ocr_par' dir='ltr' id='par_1_113' title="bbox 1058 2475 1844 2510">
     <span class='ocr_line' id='line_1_113' title="bbox 1058 2475 1844 2510; baseline 0 -9"><span class='ocrx_word' id='word_1_740' title='bbox 1058 2484 1142 2510; x_wconf 85' lang='grc' dir='ltr'>ματος</span> <span class='ocrx_word' id='word_1_741' title='bbox 1156 2476 1292 2510; x_wconf 85' lang='grc' dir='ltr'>κείμενος,</span> <span class='ocrx_word' id='word_1_742' title='bbox 1303 2475 1428 2510; x_wconf 77' lang='grc' dir='ltr'>ὲμὸόλοις</span> <span class='ocrx_word' id='word_1_743' title='bbox 1444 2476 1494 2510; x_wconf 80' lang='grc' dir='ltr'>μὲν</span> <span class='ocrx_word' id='word_1_744' title='bbox 1509 2475 1584 2502; x_wconf 70' lang='grc' dir='ltr'>δυσὶν</span> <span class='ocrx_word' id='word_1_745' title='bbox 1602 2475 1782 2510; x_wconf 78' lang='grc' dir='ltr'>μεσούμενος,</span> <span class='ocrx_word' id='word_1_746' title='bbox 1798 2476 1844 2502; x_wconf 67' lang='grc' dir='ltr'>καὶ</span> 
     </span>
    </p>
   </div>
   <div class='ocr_carea' id='block_1_114' title="bbox 1056 2520 1844 2556">
    <p class='ocr_par' dir='ltr' id='par_1_114' title="bbox 1056 2520 1844 2556">
     <span class='ocr_line' id='line_1_114' title="bbox 1056 2520 1844 2556; baseline -0.001 -8"><span class='ocrx_word' id='word_1_747' title='bbox 1056 2521 1129 2548; x_wconf 74' lang='grc' dir='ltr'>κίοσι</span> <span class='ocrx_word' id='word_1_748' title='bbox 1144 2520 1192 2547; x_wconf 80' lang='grc' dir='ltr'>καὶ</span> <span class='ocrx_word' id='word_1_749' title='bbox 1213 2521 1370 2556; x_wconf 83' lang='grc' dir='ltr'>μαρμάροις</span> <span class='ocrx_word' id='word_1_750' title='bbox 1390 2521 1587 2555; x_wconf 73' lang='grc' dir='ltr'>κοσμούμενος,</span> <span class='ocrx_word' id='word_1_751' title='bbox 1602 2520 1657 2555; x_wconf 85' lang='grc' dir='ltr'>λεῷ</span> <span class='ocrx_word' id='word_1_752' title='bbox 1671 2529 1699 2546; x_wconf 90' lang='grc' dir='ltr'><strong>τε</strong></span> <span class='ocrx_word' id='word_1_753' title='bbox 1712 2528 1844 2556; x_wconf 75' lang='grc' dir='ltr'>στενοχω-</span> 
     </span>
    </p>
   </div>
   <div class='ocr_carea' id='block_1_115' title="bbox 1058 2565 1845 2601">
    <p class='ocr_par' dir='ltr' id='par_1_115' title="bbox 1058 2565 1845 2601">
     <span class='ocr_line' id='line_1_115' title="bbox 1058 2565 1845 2601; baseline 0 -9"><span class='ocrx_word' id='word_1_754' title='bbox 1058 2565 1189 2601; x_wconf 83' lang='grc' dir='ltr'>ρούμενος</span> <span class='ocrx_word' id='word_1_755' title='bbox 1210 2566 1324 2597; x_wconf 82' lang='grc' dir='ltr'>πλείονι,</span> <span class='ocrx_word' id='word_1_756' title='bbox 1347 2566 1465 2597; x_wconf 75' lang='grc' dir='ltr'>καὶτοῖς</span> <span class='ocrx_word' id='word_1_757' title='bbox 1487 2567 1515 2592; x_wconf 77' lang='grc' dir='ltr'>ἐν</span> <span class='ocrx_word' id='word_1_758' title='bbox 1536 2567 1649 2601; x_wconf 77' lang='grc' dir='ltr'>ἀγοραῖς</span> <span class='ocrx_word' id='word_1_759' title='bbox 1662 2566 1845 2597; x_wconf 81' lang='grc' dir='ltr'>παντοδαποῖς</span> 
     </span>
    </p>
   </div>
   <div class='ocr_carea' id='block_1_116' title="bbox 1057 2612 1844 2648">
    <p class='ocr_par' dir='ltr' id='par_1_116' title="bbox 1057 2612 1844 2648">
     <span class='ocr_line' id='line_1_116' title="bbox 1057 2612 1844 2648; baseline 0.001 -10"><span class='ocrx_word' id='word_1_760' title='bbox 1057 2613 1221 2647; x_wconf 84' lang='grc' dir='ltr'>πρατηρίοις</span> <span class='ocrx_word' id='word_1_761' title='bbox 1234 2612 1403 2648; x_wconf 72' lang='grc' dir='ltr'>βριθόμενος.</span> <span class='ocrx_word' id='word_1_762' title='bbox 1417 2613 1461 2639; x_wconf 84' lang='grc' dir='ltr'>Ἐν</span> <span class='ocrx_word' id='word_1_763' title='bbox 1475 2612 1572 2648; x_wconf 82' lang='grc' dir='ltr'>τούτῳ,</span> <span class='ocrx_word' id='word_1_764' title='bbox 1585 2614 1676 2647; x_wconf 75' lang='grc' dir='ltr'>φασὶν,</span> <span class='ocrx_word' id='word_1_765' title='bbox 1689 2613 1753 2644; x_wconf 78' lang='grc' dir='ltr'>τοὺς</span> <span class='ocrx_word' id='word_1_766' title='bbox 1764 2621 1844 2648; x_wconf 78' lang='grc' dir='ltr'>περι-</span> 
     </span>
    </p>
   </div>
   <div class='ocr_carea' id='block_1_117' title="bbox 1058 2658 1846 2694">
    <p class='ocr_par' dir='ltr' id='par_1_117' title="bbox 1058 2658 1846 2694">
     <span class='ocr_line' id='line_1_117' title="bbox 1058 2658 1846 2694; baseline 0 -10"><span class='ocrx_word' id='word_1_767' title='bbox 1058 2659 1161 2689; x_wconf 82' lang='grc' dir='ltr'>πάτους</span> <span class='ocrx_word' id='word_1_768' title='bbox 1191 2658 1369 2693; x_wconf 83' lang='grc' dir='ltr'>ποιούμενος,</span> <span class='ocrx_word' id='word_1_769' title='bbox 1399 2659 1526 2694; x_wconf 78' lang='grc' dir='ltr'>ἐπιτήρει</span> <span class='ocrx_word' id='word_1_770' title='bbox 1549 2659 1600 2693; x_wconf 82' lang='grc' dir='ltr'>τῆς</span> <span class='ocrx_word' id='word_1_771' title='bbox 1632 2658 1769 2691; x_wconf 70' lang='grc' dir='ltr'>συνάξεως</span> <span class='ocrx_word' id='word_1_772' title='bbox 1797 2660 1846 2694; x_wconf 76' lang='grc' dir='ltr'>τὴν</span> 
     </span>
    </p>
   </div>
   <div class='ocr_carea' id='block_1_118' title="bbox 1060 2703 1846 2741">
    <p class='ocr_par' dir='ltr' id='par_1_118' title="bbox 1060 2703 1846 2741">
     <span class='ocr_line' id='line_1_118' title="bbox 1060 2703 1846 2741; baseline 0.003 -13"><span class='ocrx_word' id='word_1_773' title='bbox 1060 2703 1191 2729; x_wconf 83' lang='grc' dir='ltr'>ἀπόλυσιν</span> <span class='ocrx_word' id='word_1_774' title='bbox 1203 2712 1210 2718; x_wconf 93' lang='grc'><strong>·</strong></span> <span class='ocrx_word' id='word_1_775' title='bbox 1234 2705 1281 2730; x_wconf 74' lang='grc' dir='ltr'>καὶ</span> <span class='ocrx_word' id='word_1_776' title='bbox 1300 2705 1343 2730; x_wconf 79' lang='grc' dir='ltr'>ὅτε</span> <span class='ocrx_word' id='word_1_777' title='bbox 1367 2703 1471 2736; x_wconf 83' lang='grc' dir='ltr'>πάντας</span> <span class='ocrx_word' id='word_1_778' title='bbox 1486 2705 1544 2741; x_wconf 79' lang='grc' dir='ltr'><strong>[δῃς</strong></span> <span class='ocrx_word' id='word_1_779' title='bbox 1562 2705 1794 2739; x_wconf 76' lang='grc' dir='ltr'>ἀναχωρήσαντας</span> <span class='ocrx_word' id='word_1_780' title='bbox 1810 2705 1846 2732; x_wconf 77' lang='grc' dir='ltr'><strong>οῖ-</strong></span> 
     </span>
    </p>
   </div>
   <div class='ocr_carea' id='block_1_119' title="bbox 1060 2749 1847 2785">
    <p class='ocr_par' dir='ltr' id='par_1_119' title="bbox 1060 2749 1847 2785">
     <span class='ocr_line' id='line_1_119' title="bbox 1060 2749 1847 2785; baseline 0.004 -11"><span class='ocrx_word' id='word_1_781' title='bbox 1060 2749 1137 2780; x_wconf 84' lang='grc' dir='ltr'>καδε,</span> <span class='ocrx_word' id='word_1_782' title='bbox 1156 2749 1217 2776; x_wconf 85' lang='grc' dir='ltr'>τότε</span> <span class='ocrx_word' id='word_1_783' title='bbox 1238 2750 1299 2776; x_wconf 76' lang='grc' dir='ltr'>καθ’</span> <span class='ocrx_word' id='word_1_784' title='bbox 1313 2750 1431 2784; x_wconf 74' lang='grc' dir='ltr'>ἡσυχίαν</span> <span class='ocrx_word' id='word_1_785' title='bbox 1451 2750 1566 2785; x_wconf 79' lang='grc' dir='ltr'>μηδενὸς</span> <span class='ocrx_word' id='word_1_786' title='bbox 1590 2750 1681 2777; x_wconf 80' lang='grc' dir='ltr'>λοιπὸν</span> <span class='ocrx_word' id='word_1_787' title='bbox 1696 2751 1847 2778; x_wconf 80' lang='grc' dir='ltr'>κατοπτεύ-</span> 
     </span>
    </p>
   </div>
   <div class='ocr_carea' id='block_1_120' title="bbox 1061 2796 1847 2832">
    <p class='ocr_par' dir='ltr' id='par_1_120' title="bbox 1061 2796 1847 2832">
     <span class='ocr_line' id='line_1_120' title="bbox 1061 2796 1847 2832; baseline 0.005 -12"><span class='ocrx_word' id='word_1_788' title='bbox 1061 2803 1146 2826; x_wconf 80' lang='grc' dir='ltr'>οντος,</span> <span class='ocrx_word' id='word_1_789' title='bbox 1160 2796 1200 2826; x_wconf 85' lang='grc' dir='ltr'><strong>εἰς</strong></span> <span class='ocrx_word' id='word_1_790' title='bbox 1216 2796 1246 2821; x_wconf 82' lang='grc' dir='ltr'>τὸ</span> <span class='ocrx_word' id='word_1_791' title='bbox 1265 2796 1377 2830; x_wconf 79' lang='grc' dir='ltr'>τέμενος</span> <span class='ocrx_word' id='word_1_792' title='bbox 1394 2796 1533 2827; x_wconf 74' lang='grc' dir='ltr'>εἰσελθὼν,</span> <span class='ocrx_word' id='word_1_793' title='bbox 1556 2797 1610 2823; x_wconf 84' lang='grc' dir='ltr'><strong>τῶν</strong></span> <span class='ocrx_word' id='word_1_794' title='bbox 1626 2797 1732 2824; x_wconf 79' lang='grc' dir='ltr'>σεπτῶν</span> <span class='ocrx_word' id='word_1_795' title='bbox 1747 2806 1847 2832; x_wconf 61' lang='grc' dir='ltr'>μυστη-</span> 
     </span>
    </p>
   </div>
   <div class='ocr_carea' id='block_1_121' title="bbox 1063 2841 1848 2878">
    <p class='ocr_par' dir='ltr' id='par_1_121' title="bbox 1063 2841 1848 2878">
     <span class='ocr_line' id='line_1_121' title="bbox 1063 2841 1848 2878; baseline 0.004 -12"><span class='ocrx_word' id='word_1_796' title='bbox 1063 2841 1129 2875; x_wconf 84' lang='grc' dir='ltr'>ρίων</span> <span class='ocrx_word' id='word_1_797' title='bbox 1146 2841 1292 2875; x_wconf 79' lang='grc' dir='ltr'>μετάλαϐε,</span> <span class='ocrx_word' id='word_1_798' title='bbox 1318 2842 1364 2868; x_wconf 82' lang='grc' dir='ltr'>καὶ</span> <span class='ocrx_word' id='word_1_799' title='bbox 1380 2841 1451 2869; x_wconf 78' lang='grc' dir='ltr'>οὕτω</span> <span class='ocrx_word' id='word_1_800' title='bbox 1465 2843 1504 2874; x_wconf 82' lang='grc' dir='ltr'><strong>είς</strong></span> <span class='ocrx_word' id='word_1_801' title='bbox 1522 2841 1596 2870; x_wconf 74' lang='grc' dir='ltr'>οἶκον</span> <span class='ocrx_word' id='word_1_802' title='bbox 1610 2843 1709 2875; x_wconf 74' lang='grc' dir='ltr'>ἐλάσας</span> <span class='ocrx_word' id='word_1_803' title='bbox 1729 2843 1799 2878; x_wconf 72' lang='grc' dir='ltr'>ἡσύχ</span> <span class='ocrx_word' id='word_1_804' title='bbox 1822 2844 1848 2874; x_wconf 72' lang='grc' dir='ltr'>ξε</span> 
     </span>
    </p>
   </div>
  </div>
