1909 3078
142 150 211 182 3467

573 147 604 177 S.
621 143 829 177 SOPHRONII
844 140 1097 190 PATRIARCH/E
1113 140 1314 170 HIEROSOL.

1695 135 1768 169 3468

141 207 284 238 valuisset,
300 203 332 230 ad
350 207 485 239 martyres
496 201 542 237 qui
557 201 628 229 hanc
644 200 789 228 destruunt
800 202 827 226 et
843 204 933 233 perse-

989 205 1066 231 μονος
1078 197 1128 231 τὴν
1142 196 1242 222 λύτταν
1256 195 1416 230 δυνάμενος,
1430 195 1486 225 τοῖς
1507 191 1608 228 ταύτην
1619 193 1779 228 καταργοῦ-

142 257 277 287 quuutur,
305 249 407 285 Cyrum
435 249 542 276 scilicet
567 251 594 274 et
622 245 767 277 Joannem,
790 243 896 271 accedit
926 252 932 269 :

143 298 237 325 labore
257 303 322 323 vero
336 295 422 322 tuulto
439 297 544 321 vastum
561 292 669 319 itineris
693 291 812 326 spatium
835 288 935 316 transi—

142 351 220 378 gens,
238 342 352 377 pedibus
376 341 449 368 enim
467 339 518 366 hoc
543 343 654 374 propter
676 337 855 372 pecuniarum
873 335 935 362 fecit

143 389 278 423 inopiam;
308 391 334 415 et
352 394 413 414 cum
433 390 494 422 post
511 392 641 413 occasum
662 384 730 412 solis
755 382 864 410 tandem
885 381 935 407 ali-

141 435 250 471 quando
274 434 306 460 ad
335 433 496 468 martyrium
523 431 704 466 pervenisset,
722 427 935 463 fatigatioueque

141 481 257 515 plurima
281 480 409 506 virtutem
433 478 488 512 jam
500 476 640 512 propriam
663 473 891 508 consumpsisset,
907 471 934 498 in

139 526 269 554 exteriori
300 522 580 552 ecclesiae'recubuit
611 521 729 557 porticu,
761 527 815 547 non
843 519 936 545 valens

139 572 209 598 ultra
234 572 328 598 saltem
353 570 420 599 illud
445 570 528 596 breve
552 574 715 595 consumere
738 562 936 600 spalium;sed

139 617 293 653 ingressum
311 615 414 650 templi,
428 623 460 642 ac
484 614 506 642 si
529 620 656 649 magnum
682 611 812 647 quiddam
829 615 855 637 et
871 616 935 643 ope-

140 663 245 696 rosum,
266 663 417 690 reservavit
434 663 460 688 in
480 660 643 688 crastinum.
663 657 721 686 Illic
738 661 828 684 autem
840 655 866 683 ei
881 658 936 681 tota

140 714 221 737 nocte
238 708 384 736 dormienti
397 708 532 734 assistunt
545 707 571 732 in
585 704 701 736 somnis,
712 702 831 738 propriis
843 699 938 727 formis

139 762 166 783 et
186 764 240 783 non
269 754 408 782 extraneis
428 757 547 783 utentes,
562 749 770 778 clementissimi
787 752 937 782 martyres;

139 807 166 828 rt
173 804 302 828 vocantes
311 807 371 827 eum
379 807 411 826 ex
421 796 648 830 uomiue,Frater,
659 793 937 828 aiunt/Theopompe.

140 855 204 874 ecce
233 847 278 881 qui
307 845 356 872 tibi
384 845 515 871 molestus
535 847 606 874 erat,
629 847 653 868 et
675 840 833 870 lribulabat,
855 837 932 865 inali-

141 900 223 928 3num
238 891 374 926 Spiritum,
391 884 417 917 iu
437 890 548 917 nomine
567 887 630 915 Jesu
643 887 747 915 Christi
762 886 807 922 qui
821 889 932 920 propter

142 948 193 966 nus
213 937 466 967 crucemtuleravit,
480 935 644 970 expulimus.
665 933 716 960 Sed
733 939 857 970 surgens,
871 939 930 965 μην

143 984 243 1009 tiarum
264 983 315 1009 Deo
332 981 487 1008 actionibus
511 978 668 1014 persolutis,
686 978 718 1004 ad
741 969 814 1004 tuam
836 976 932 1003 reCede

141 1028 348 1055 domuuculam.
367 1026 418 1059 Qui
441 1025 527 1052 rideri
543 1026 577 1051 ab
599 1024 758 1051 hominibus
772 1024 857 1050 solent
878 1029 931 1048 non

143 1076 296 1104 susziuens.
315 1082 366 1101 uua
383 1080 444 1100 cum
461 1072 597 1099 daemonio
620 1071 702 1098 etiam
729 1069 822 1096 labore
850 1075 930 1103 quem

142 1130 174 1148 ex
195 1122 294 1148 itinere
312 1121 425 1147 habebat
446 1118 582 1153 dcp0>ilt),
600 1116 687 1152 surgit
709 1116 838 1142 celeriter
855 1114 931 1141 illinc

144 1168 187 1194 ubi
212 1172 272 1194 erat
298 1165 443 1195 recubans,
460 1169 486 1190 et
509 1163 650 1197 ingressus
675 1160 804 1195 templum
827 1164 853 1186 et
869 1165 932 1193 gra-

144 1219 242 1239 tiarum
266 1212 374 1238 actione
399 1217 481 1244 super
503 1208 620 1234 maxima
648 1205 767 1232 sanitate
788 1204 933 1230 decantata

145 1259 210 1290 Deo,
231 1263 311 1292 atque
332 1256 499 1290 martyribus
517 1254 561 1288 qui
582 1261 610 1279 se
630 1252 655 1278 in
682 1250 735 1278 Deo
759 1252 932 1280 curaverant,

145 1304 269 1337 μςιιιιὶυιτε
284 1302 386 1337 pariter
401 1305 427 1327 et
450 1299 600 1329 exsultans,
619 1302 701 1332 atque
724 1296 814 1337 tuagui
837 1295 934 1330 pracdi-

145 1358 212 1376 raus
232 1357 300 1383 opus
315 1346 453 1378 miraculi,
469 1345 546 1372 abiit.

347 1386 405 1420 XV.
427 1392 462 1419 De
480 1391 584 1418 Joanne
603 1391 731 1417 ulcerosa.

180 1441 254 1468 Bene
279 1444 369 1466 autent
389 1443 416 1465 ct
437 1437 557 1464 Joannes
582 1436 705 1463 imitatus
728 1434 935 1470 Theopompum

147 1494 265 1522 prmseus
294 1490 400 1520 tempus
430 1477 597 1515 observarit,
619 1480 792 1508 iucoufusam
820 1483 848 1507 et
877 1480 936 1515 ipse

987 243 1028 268 σιν
1042 251 1070 268 τε
1082 242 1128 268 καὶ
1143 237 1391 276 διώκουσινίΚὺρῳ
1402 240 1450 267 καὶ
1468 240 1581 276 Ἰωάννῃ
1594 239 1778 274 προσέρχεται

986 289 1131 324 μάρτυσιν.
1147 288 1270 322 Καμάτῳ
1283 287 1312 314 δὲ
1327 286 1418 322 πολλῴ
1431 284 1560 316 διανύσας
1571 285 1602 310 τὸ
1617 284 1714 318 συχνὸν
1729 284 1778 319 τῆς

985 335 1098 371 πορείας
1140 334 1278 369 διάστημα
1302 333 1393 368 (ποσὶν
1416 331 1471 367 γὰρ
1501 330 1579 357 τοῦτο
1595 330 1639 357 διὰ
1655 329 1703 364 τὴν
1721 329 1777 356 τῶν

984 380 1134 415 χρημάτων
1146 379 1261 415 ἀπορίαν
1286 378 1443 414 πεποίητο),
1458 378 1505 405 καὶ
1522 376 1687 404 καταλαεὼν
1707 375 1777 411 μετὰ

985 425 1061 453 δύσιν
1088 426 1163 461 ἡλίου
1191 425 1267 460 μόλις
1299 424 1364 451 ποτὲ
1380 425 1411 450 τὸ
1427 423 1587 459 μαρτύριον,
1626 422 1673 448 καὶ
1701 422 1778 456 κόπῳ

986 471 1089 498 πλείονι
1117 471 1278 506 δαπανήσας
1301 470 1351 505 ἢδη
1367 470 1416 504 τὴν
1437 469 1564 503 δύναμιν,
1579 467 1649 494 κατὰ
1661 467 1707 493 τὴν
1723 466 1776 499 ἔξω

985 518 1035 553 τῆς
1054 517 1202 552 ἐκκλησίας
1218 516 1347 551 ἀνεκλίοη
1366 515 1526 551 περίδολον·
1545 514 1583 549 μὴ
1599 513 1723 553 δυνηθεὶς
1736 513 1776 539 ἔτι

986 551 1096 590 κακεῖνο
1112 551 1143 589 rt
1160 561 1246 598 βραχὺ
1274 561 1382 597 βαδίσαι
1413 560 1562 595 διάστημα,
1584 557 1652 586 ἀλλὰ
1665 551 1714 592 τὴν
1736 557 1777 588 εἰς

987 610 1017 636 τὸ
1028 610 1139 644 τέμενος
1154 609 1267 640 εἴσοδον,
1286 608 1323 639 ὡς
1339 607 1410 642 μέγα
1422 616 1447 633 τι
1464 606 1512 632 καὶ
1526 604 1711 640 δυσέργαστον
1726 610 1776 629 τα-

989 655 1216 691 μιευσάμενοςεὶς
1229 654 1278 689 τὴν
1293 653 1398 689 αὔριον.
1407 652 1483 679 Ἐκεῖ
1494 651 1522 678 δὲ
1532 651 1622 678 πᾶσαν
1633 650 1682 684 τὴν
1688 649 1777 675 νὺκτα

987 701 1062 736 αὐτῷ
1070 700 1282 735 καθευδήσαντι,
1292 699 1352 726 κατ’
1361 698 1427 733 ὄναρ
1444 698 1504 729 ταῖς
1517 695 1631 726 οἰκείαις
1648 696 1778 730 μςρφαῖς,

988 749 1034 776 καὶ
1048 748 1078 774 οὑ
1095 747 1193 780 ξέναις,
1203 746 1371 781 χρησάμενοι
1388 745 1413 771 oi.
1431 743 1618 779 φιλάνθρωποι
1629 741 1776 777 παρίσταν-

988 802 1032 820 ται
1058 792 1212 828 μάρτυρες·
1229 791 1275 818 καὶ¹
1307 790 1473 820 καλέσαντες
1493 789 1574 815 αὐτὸν
1589 787 1619 820 ἐξ
1630 787 1775 822 ὀνόματος,

996 838 1105 872 ’Ᾱδελφὲ
1121 837 1293 872 Θεόπεμπτε,
1323 835 1459 870 λέγουσιν,
1480 834 1535 862 ἰδοὺ
1550 833 1581 860 τὺ
1594 832 1776 869 παρενοχλυΰν

984 894 1025 912 σοι
1043 885 1089 912 καὶ
1107 884 1197 910 θλί6ον
1211 891 1241 909 σε
1257 882 1366 917 πνεῦμα
1378 881 1495 917 πονηρὸν
1511 881 1540 907 ὲν
1556 881 1668 915 ὀνόματι
1684 878 1775 913 Ἰησοῦ

983 931 1101 967 Χριστοῦ
1121 931 1168 956 τοῦ
1181 930 1214 957 δι’
1227 931 1299 965 ἡμᾶς
1312 929 1428 964 σταυρὸν
1447 928 1653 964 ὑπομείναντος,
1668 926 1775 962 ἀπηλά-

984 978 1173 1013 σαμεν.⁹Δλλὰ
1183 978 1314 1008 ἀναστὰς,
1331 975 1500 1011 εὐχαριστῶν
1516 975 1555 1010 τῷ
1571 974 1643 1010 Θεῷ,
1661 974 1729 1009 προς
1746 972 1777 998 τὸ

985 1025 1029 1050 σὺν
1041 1025 1178 1059 ὰναχώρει
1191 1023 1338 1058 δωμάτιον.
1352 1024 1380 1049 ’0
1387 1023 1415 1049 δὲ
1431 1022 1549 1057 φανῆναι
1560 1022 1598 1056 μὴ
1608 1020 1774 1055 περιμείνας

985 1072 1037 1097 imo
1049 1070 1201 1106 ἀνθρώπων
1215 1071 1261 1096 τὸν
1273 1070 1360 1105 ἥλιον,
1376 1070 1423 1096 σὺν
1435 1069 1473 1104 τῷ
1486 1068 1615 1103 δαιμονίῳ
1630 1067 1676 1093 καὶ
1691 1067 1735 1092 τόν
1747 1065 1775 1097 ἐξ

983 1117 1138 1152 ὁδοιπορίας
1164 1117 1332 1152 ἀποθέμενος
1360 1114 1645 1151 κάματον,ὰνίσταται
1670 1111 1773 1147 ταχέως

984 1164 1046 1191 ὅθεν
1060 1161 1094 1198 ἦν
1107 1162 1298 1198 ἀνακείμενος,
1327 1162 1374 1188 καὶ⁸
1403 1160 1531 1188 εἰσελθὼν
1547 1161 1585 1190 είς
1599 1159 1629 1185 τὺ
1651 1158 1775 1192 τέμενος,

985 1210 1032 1235 καὶ
1046 1209 1094 1244 τὴν
1122 1209 1202 1244 χάριν
1236 1208 1285 1242 τῆς
1314 1208 1447 1242 μεγίστης
1464 1207 1561 1236 ἰάσεως
1573 1205 1640 1240 ᾄδεις
1651 1204 1710 1238 Θεῷ
1726 1203 1773 1228 καὶ

984 1256 1040 1286 τοῖς
1056 1255 1201 1290 μάρτυσιν,
1224 1254 1327 1288 χαίρων
1344 1253 1412 1288 ὁμοῦ
1440 1253 1486 1280 καὶ
1505 1252 1636 1286 σκιρτῶν.
1653 1251 1701 1276 καὶ
1727 1250 1776 1284 τὴν

987 1300 1191 1335 μεγαλουργίαν
1213 1301 1357 1336 κηρὺττων
1384 1298 1431 1326 τοῦ
1457 1298 1605 1333 θαύματος,
1643 1297 1776 1331 ἀπελήλυ-

987 1347 1042 1374 θεν.
1259 1354 1264 1358 ·

1076 1393 1124 1419 IE'.
1143 1392 1214 1426 Περὶ
1234 1391 1370 1419 Ἰωάννου
1397 1391 1450 1418 τοῦ
1464 1390 1688 1424 λελωϐημένου.

1023 1439 1120 1470 Καλῶς
1133 1438 1162 1464 δὲ
1177 1439 1223 1464 καὶ
1240 1438 1365 1471 Ἰωάννης
1395 1436 1563 1472 μιμούμενος
1582 1436 1628 1461 τὸν
1651 1434 1779 1468 Θεόπεμ-

989 1493 1065 1517 πτον,
1081 1484 1126 1511 τὸν
1138 1485 1260 1519 παρόντα
1268 1484 1364 1518 καιρὸν
1378 1483 1560 1518 ἐπετήρησεν,
1572 1481 1643 1515 ἄγαν
1653 1480 1775 1514 ἀσύγχυ-

146 1530 371 1565 compositionem
389 1528 586 1555 cletneutm-um
603 1526 773 1559 custodiens,
784 1529 810 1551 et
823 1525 855 1552 ad
867 1525 935 1552 alios

989 1540 1033 1557 τον
1043 1532 1091 1557 καὶ
1105 1530 1187 1561 αὐτδς
1196 1529 1250 1556 τῶν
1265 1529 1406 1564 στοιχείων
1422 1528 1565 1563 φυλάττων
1578 1527 1628 1561 τὴν
1644 1525 1778 1557 σύνθεσιν,

147 1579 281 1604 volentem
310 1583 421 1611 pergere
451 1575 599 1605 calamum,
628 1581 657 1601 se
687 1572 853 1608 pertransirc
881 1578 936 1598 nou

146 1627 305 1651 enarratum
325 1622 437 1648 minimc
453 1620 606 1656 perferens.
633 1619 702 1654 Ergo
726 1623 753 1646 et
776 1625 837 1653 quae
862 1617 935 1644 circa

147 1675 208 1694 eum
238 1670 312 1700 gesta
339 1669 413 1695 sunt.
437 1669 589 1699 opportune
612 1663 778 1695 scribamus,
804 1661 936 1688 mirantes

148 1714 236 1748 ipsius
261 1712 435 1740 sobrietatem
457 1711 559 1745 pariter
579 1713 606 1737 et
624 1716 750 1736 acumen.
775 1707 935 1734 Passiouem

146 1761 267 1786 Joannes
293 1758 388 1784 habuit
414 1757 602 1788 inhumanam,
620 1762 680 1790 quae
696 1753 835 1785 omnibus,
851 1758 881 1779 ut
900 1753 935 1778 ita

148 1807 283 1836 dicamus,
308 1803 497 1838 corporalibus
520 1801 695 1837 passiouibus
724 1800 812 1834 major
843 1802 886 1825 est
910 1801 937 1824 et

129 1852 278 1883 ‘autarior,
306 1851 421 1884 ideoque
446 1848 573 1876 fortassis
597 1856 612 1875 a
637 1846 751 1874 medicis
783 1843 937 1880 elephantis

147 1898 308 1933 designatur
323 1897 472 1931 aequivoca.
497 1894 574 1921 Sicut
595 1894 667 1921 enirn
690 1892 757 1919 illud
777 1891 878 1919 auitnal
903 1889 937 1933 ab

147 1931 454 1979 aliis‘ﬁquadrupedihus
471 1940 630 1968 fortitudine
646 1939 736 1967 diﬂ'ert
751 1942 783 1973 ‘et
795 1931 937 1972 magnitu-

147 1990 212 2017 dine
237 1989 362 2024 corporis
389 1987 477 2022 (aiuut
496 1991 586 2013 autem
615 1985 680 2011 illud
706 1982 848 2011 recordari
871 1981 937 2008 mali

149 2036 281 2062 adversus
297 2042 344 2061 eos
359 2033 405 2068 qui
425 2041 454 2060 se
469 2031 707 2062 contristaveriut,
724 2032 752 2055 et
774 2032 836 2063 post
851 2026 937 2054 multa

149 2080 172 2107 si
188 2079 305 2115 potuerit
321 2085 454 2106 annorum
468 2076 603 2104 curricula
622 2075 715 2102 ulcisci
730 2081 822 2100 amare
836 2072 861 2100 iu
874 2079 936 2099 eum

148 2127 194 2161 qui
209 2134 238 2154 se
250 2125 428 2153 coutrislasse
438 2120 629 2159 dignoscitur),
639 2121 676 2148 ita
687 2125 714 2147 et
723 2120 792 2147 hanr
801 2118 862 2146 aliis
876 2125 938 2153 pas-

149 2173 272 2200 sionibus
298 2172 428 2206 majorem
452 2177 514 2197 esse
542 2169 674 2195 malitiam
704 2166 802 2194 medici
832 2164 938 2200 perspi-

149 2219 262 2250 cientes,
288 2217 440 2252 elephantis
466 2215 578 2242 nomine
607 2216 811 2247 mincnparunt.
831 2211 936 2246 Moyses

134 2272 212 2292 ‘vero
229 2268 256 2291 et
274 2271 347 2293 eum.
365 2262 411 2297 qui
434 2259 608 2295 elephauliuo
634 2258 729 2285 morbo
751 2257 937 2292 premebatur,

148 2316 226 2338 extra
245 2315 335 2338 castra
352 2313 379 2336 et
398 2308 549 2340 civitatem,
570 2314 632 2333 cum
649 2305 755 2338 leproso
774 2305 937 2337 sequestrat,

149 2365 196 2392 rer
212 2358 350 2392 leprosum
361 2355 470 2390 quidem
483 2352 588 2388 peccati
603 2351 701 2378 exsilio
716 2349 841 2383 relegans
855 2348 938 2374 varie-

150 2391 247 2433 tatem,
272 2409 320 2437 per
341 2408 402 2427 cum
427 2406 491 2425 \‘ero
516 2397 561 2432 qui
587 2394 793 2430 elephantinum
812 2391 937 2419 morbum

150 2449 256 2481 iuridit,
272 2454 378 2474 morum
398 2445 512 2472 forsitan
531 2443 675 2470 feritatem.

187 2496 287 2522 Dii-unt
308 2497 399 2520 autent
424 2487 486 2518 eiun
510 2496 536 2517 et
550 2487 730 2517 sacratissimi
746 2486 872 2514 Ecclesiae
888 2485 939 2513 do-

149 2550 241 2570 ctores
266 2540 378 2567 multaut
404 2537 610 2573 elephantiuum
636 2535 760 2562 morbqu
778 2533 937 2560 habentium

151 2589 252 2616 fecisse
274 2584 486 2621 providentiam,
502 2589 652 2616 arcet-eque
675 2580 791 2607 marium
810 2585 873 2606 cum
897 2576 938 2603 fe-

150 2634 232 2662 minis
247 2634 361 2662 cuitum.
377 2639 463 2665 usque
483 2629 515 2656 ad
533 2629 681 2663 perfectam
701 2626 845 2652 femineam
864 2631 941 2651 men-

152 2680 222 2708 strui
244 2678 444 2714 purgationem,
463 2683 545 2710 quarti
567 2682 615 2709 per
637 2673 696 2700 dies
722 2675 825 2706 septem
849 2669 942 2696 venire

151 2731 281 2758 constat;
296 2726 333 2752 ita
357 2729 385 2750 ut
409 2724 473 2751 hinc
498 2723 613 2756 languor
641 2719 687 2754 qui
712 2726 745 2746 ex
766 2716 942 2752 elepbatitino

152 2774 251 2800 morbo
259 2771 423 2806 corporibus
433 2769 611 2797 conuascitur
622 2771 648 2796 et
658 2765 822 2796 concrescit,
830 2771 942 2791 causam

152 2824 281 2856 parentes
297 2819 408 2851 habeat,
423 2822 449 2844 et
463 2816 561 2851 horum
577 2814 650 2841 circa
664 2812 753 2840 coitus
769 2811 867 2838 maturi
881 2817 942 2837 cer-

154 2867 229 2904 tique
246 2865 378 2902 temporis
398 2863 624 2892 iucomiuentiam
647 2865 674 2890 et
690 2867 834 2889 excessum
847 2867 855 2892 ;
868 2857 942 2893 quod

988 1577 1035 1603 καὶ
1055 1576 1122 1612 πρὸς
1149 1576 1246 1606 ἄλλους
1278 1575 1347 1601 ἰέναι
1379 1574 1425 1601 τὸν
1449 1574 1572 1608 κάλαμον
1602 1572 1724 1601 θέλοντα.
1741 1572 1779 1604 μὴ

989 1621 1139 1657 συγχωρῶν
1171 1620 1318 1656 παρελθεῖν
1334 1620 1416 1646 αὐτὸν
1435 1619 1596 1655 ἀδιήγητον(
1612 1617 1716 1645 Οὐκοῦν
1731 1617 1778 1643 καὶ

988 1669 1021 1695 τὰ
1035 1668 1095 1694 κατ’
1107 1667 1188 1694 αὑτὸν
1200 1667 1336 1702 εὐκαίρως
1349 1665 1564 1701 συγγράψωμεν,
1589 1664 1779 1699 θαυμάσαντες

987 1713 1070 1741 αὑτοῦ
1087 1714 1117 1740 τὸ
1130 1713 1177 1747 ὀξὺ
1195 1713 1242 1740 καὶ
1273 1712 1417 1748 νηφάλιον·
1445 1711 1534 1743 Πάθος
1560 1710 1685 1746 Ἰωάννης
1701 1709 1779 1744 ἔσχεν

987 1758 1183 1794 ἀπάνθρωπον,
1198 1758 1213 1785 ὃ
1227 1758 1336 1785 πάντων
1364 1757 1454 1784 εἰπεῖν
1466 1756 1521 1783 τῶν
1544 1755 1710 1790 σωματικῶν
1726 1764 1779 1782 πα-

988 1805 1042 1832 θῶν
1059 1804 1151 1840 μεῖζόν
1172 1805 1246 1831 ἐστιν
1270 1803 1318 1830 καὶ
1347 1803 1522 1839 πικρότερον,
1551 1798 1600 1828 καὶ
1635 1801 1680 1828 διὰ
1695 1800 1778 1827 τοῦτο

987 1851 1058 1885 τάχα
1073 1849 1143 1884 πρὸς
1156 1849 1210 1876 τῶν
1223 1848 1324 1884 ἰατρῶν
1335 1848 1384 1884 τὴν
1394 1847 1441 1874 τοῦ
1457 1847 1605 1882 ἐλέφαντος
1614 1845 1778 1881 ὁμωνυμίαν

989 1895 1162 1931 σημαίνεται.
1179 1894 1285 1929 Ὠσπερ
1300 1894 1354 1928 γὰρ
1371 1894 1460 1920 ἐκεῖνο
1472 1892 1503 1919 τὺ
1521 1891 1592 1924 ζῶον
1611 1891 1665 1918 τῶν
1689 1890 1785 1927 ἄλλων,

987 1940 1161 1975 τετραπόδων
1177 1940 1247 1975 ἀλκῇ
1270 1939 1397 1975 διαφέρει
1408 1939 1455 1965 καὶ
1470 1937 1581 1973 μεγίθει
1595 1937 1640 1963 τοῦ
1654 1936 1780 1971 σώματος

990 1986 1068 2022 (φασὶ
1082 1986 1112 2013 δὲ
1127 1985 1193 2013 αὐτὸ
1209 1985 1258 2013 καὶ
1274 1985 1344 2020 πρὸς
1357 1984 1420 2016 τοὺς
1433 1983 1587 2014 λυποῦντας
1600 1982 1779 2018 μνησίκακον,

988 2032 1036 2059 καὶ
1052 2032 1122 2068 μετὰ
1137 2031 1239 2064 πολλὰς
1250 2031 1318 2058 ἑτῶν
1334 2030 1476 2066 περιόδους
1490 2027 1652 2064 ἀμείϐεσθαι
1661 2026 1778 2062 πικρῶς,

989 2079 1014 2105 εί
1025 2078 1138 2114 δυνηθῇ,
1146 2078 1192 2104 τὸν
1207 2076 1389 2113 λυπήσαντα),
1400 2075 1472 2102 οὕτω
1482 2075 1529 2102 καὶ
1536 2073 1615 2100 τοῦτο
1625 2073 1679 2100 τῶν
1691 2072 1780 2099 ἄλλων

989 2124 1085 2152 παθῶν
1113 2123 1181 2150 πολὺ
1202 2122 1295 2158 μεῖζον
1322 2122 1410 2157 ἰατροὶ
1426 2120 1512 2156 κακίᾳ
1523 2119 1724 2154 σκοπήσαντες.
1739 2117 1781 2151 τῷ

989 2170 1037 2198 τοῦ
1054 2170 1199 2205 ἐλέφαντος
1222 2169 1336 2204 ὀνόματι
1365 2168 1601 2204 προσηγόρευσαν.
1615 2164 1737 2200 Μωῦσῆς
1751 2164 1780 2191 δὲ

989 2216 1036 2243 καὶ
1050 2216 1096 2242 τὸν
1107 2214 1326 2249 ὲλεφαντιάσεως
1336 2214 1408 2249 νόσῳ
1426 2212 1624 2248 κρατούμενον,
1639 2211 1692 2243 ἔξω
1704 2219 1779 2245 παρ-

989 2260 1106 2297 εμϐολῆς
1121 2269 1151 2287 τε
1166 2259 1212 2289 καὶ
1226 2259 1330 2291 πόλεως
1344 2259 1413 2294 μετὰ
1437 2258 1484 2285 τοῦ
1497 2256 1599 2293 λεπροῦ
1622 2256 1778 2292 διωρίσατο·

990 2307 1036 2334 διὰ
1051 2307 1102 2342 μὲν
1112 2306 1160 2334 τοῦ
1176 2305 1279 2342 λεπροῦ
1293 2305 1323 2332 τὸ
1336 2306 1386 2340 τῆς
1413 2304 1553 2341 ἁμαρτίας
1565 2303 1690 2338 ὲξορίαας
1707 2311 1782 2337 παμ-

991 2353 1128 2386 ποίκιλον,
1143 2352 1186 2380 διὰ
1202 2352 1231 2379 δὲ
1244 2352 1292 2379 τοῦ
1307 2351 1519 2386 ὲλεφαντιῶντος
1534 2349 1606 2385 τάχα
1613 2349 1644 2376 τὸ
1660 2348 1714 2375 τῶν
1728 2357 1782 2375 πα-

990 2399 1045 2426 θῶν
1061 2398 1192 2431 ὲκδιώξας
1207 2399 1315 2434 ἄγριον.

1028 2490 1159 2524 Λέγουσιν
1172 2489 1201 2516 δὲ
1217 2489 1299 2516 αὑτὸν
1308 2487 1357 2515 καὶ
1370 2488 1394 2514 οἱ
1403 2487 1471 2514 θεῖοι
1485 2487 1535 2521 τῆς
1559 2484 1724 2520 Ἐκκλησίας
1741 2483 1784 2510 δι-

991 2536 1130 2569 δάσκαλοι,
1153 2535 1284 2569 πλείστην
1310 2534 1364 2560 τῶν
1393 2531 1612 2569 ὲλεφαντιῴντων
1623 2529 1784 2565 ποιούμενοι

992 2567 1237 2618 πρόνοιανίεῑργειν
1249 2567 1373 2617 ἀρρένων
1390 2579 1440 2614 τὴν
1455 2567 1523 2614 πρὸς
1545 2579 1579 2605 τὰ
1603 2577 1702 2611 γύναια
1718 2575 1783 2602 σύν-

993 2628 1063 2659 οδον,
1090 2627 1170 2662 μέχρι
1195 2626 1302 2657 τελείας
1325 2625 1370 2652 τοῦ
1394 2624 1500 2660 θήλεως
1526 2624 1558 2650 ὲκ
1575 2623 1630 2649 τῶν
1647 2621 1784 2657 μηνιαίων

994 2674 1164 2709 καθάρσεως,
1195 2673 1256 2707 ἥτις
1284 2671 1318 2698 δι’
1346 2670 1459 2706 ἡμερῶν
1476 2669 1550 2696 ἑπτὰ
1581 2667 1786 2703 παραγίνεσθαι

994 2720 1116 2754 πέφυκεν
1132 2726 1139 2732 ⁸
1165 2718 1204 2750 ὡς
1224 2717 1301 2744 ἐνθεν
1327 2717 1384 2748 τοῖς
1412 2714 1608 2749 ὲλεφαντιῶσιν
1620 2713 1655 2740 τὰ
1671 2713 1787 2746 σώματα

994 2766 1112 2800 γίνεται,
1128 2763 1340 2798 συντικτομένου
1365 2762 1412 2789 καὶ
1441 2760 1620 2792 συναύξοντος
1641 2757 1688 2784 τοῦ
1704 2758 1788 2791 νοσῇ-

996 2819 1092 2846 ματος,
1106 2810 1196 2836 αἰτίαν
1207 2809 1270 2840 τοὺς
1283 2808 1421 2843 φύσαντας
1434 2806 1563 2846 ¹ἔχοντος,
1578 2805 1625 2831 καὶ
1638 2804 1669 2830 τδ
1681 2803 1786 2830 τούτοιν

997 2857 1061 2892 περὶ
1089 2856 1138 2887 τὰς
1171 2854 1295 2886 συνόδους
1309 2853 1429 2887 ἀκρατές
1446 2861 1475 2879 τε
1488 2851 1534 2879 καὶ
1558 2851 1646 2885 ἄωρον
1662 2858 1668 2877 .'
1686 2849 1733 2876 καὶ
1750 2850 1784 2884 τῇ
