1909 3078
130 134 197 166 3171

557 136 589 166 S.
605 135 815 166 SOPHRONII
831 137 1082 167 PATRIARCHE
1097 138 1298 171 HIEROSOL.

1693 143 1765 178 3672

133 195 160 217 et
177 189 246 217 alios
259 189 386 218 homines
401 189 533 218 discretio
548 189 587 225 ﬁt,
605 198 660 218 non
675 192 763 220 solum
784 199 852 227 pene
875 191 928 218 im-

978 191 1007 218 δὲ
1042 192 1072 219 τὸ
1098 193 1130 219 ἐκ
1159 193 1254 221 τούτου
1281 194 1434 231 δυσκινήτῳ
1450 196 1595 232 βαδίσματι
1610 197 1764 234 χρώμενος,

130 235 225 262 mobili
242 243 339 271 gressu
357 242 390 262 ex
418 235 472 262 hoc
499 243 577 268 usus,
607 236 650 263 vix
672 243 733 264 sese
760 236 840 264 nobis
862 241 923 263 Ian-

132 279 215 315 quam
229 288 308 315 apem
325 281 352 307 in
374 281 463 308 hieme
478 280 693 314 demonstravit;
711 281 757 309 sed
773 289 856 316 super
873 282 924 308 hu-

129 325 248 360 jusmodi
280 325 411 360 languore
439 324 566 352 fortassis
593 330 620 352 et
648 325 705 360 ipse
733 325 874 356 confusus.
898 330 925 352 et

131 378 208 399 suam
226 371 313 406 ipsius
329 365 422 398 volens
447 370 585 398 occultare
607 370 814 403 inﬁrmitatem;
835 377 923 404 quan-

129 423 210 452 quam
232 424 316 449 super
335 416 432 443 anima:
456 416 526 450 jussl
551 420 647 444 sumus
668 416 843 448 erubescere,
870 423 924 442 non

130 471 212 498 super
248 463 374 498 corporis
412 462 624 497 passionibus.t
656 460 827 490 Erubescant
852 461 923 488 enim

129 509 205 544 impii
227 514 253 535 et
269 508 448 539 deducantur,
468 507 752 542 inquit,ininfernum
767 508 801 535 'J
821 506 854 534 Et
876 508 924 534 ile—

129 562 203 582 rum:
218 553 381 586 «Erubesce,
391 554 531 586 Sidon,ait
543 554 652 586 mare';
668 563 677 579 ι
692 553 871 581 idololatriam
882 552 924 580 Si-

126 601 206 627 donis
217 599 473 627 nomineiudicans.
489 599 523 627 Et
539 607 636 627 rursus
651 608 657 626 :
674 608 683 625 (
702 598 922 630 Confundzintur,

125 652 151 674 et
167 649 344 674 rcvereantur
355 653 451 673 omnes
470 645 515 680 qui
530 645 647 672 oderunt
663 644 729 672 Sion
744 644 780 672 ³.»
793 643 923 671 Dominus

126 701 236 728 quoqtte
259 693 285 720 in
302 691 493 720 confusionem
517 691 665 719 mittendos
689 697 817 718 :nternam
832 711 839 722 ,
869 697 921 716 non

126 748 173 768 cos
197 740 244 776 qui
271 739 462 774 corporalibus
488 738 663 773 passionihus
699 740 920 772 praegravantnr;

127 786 185 820 ipse
201 786 273 813 enim
289 784 464 812 infirmitates
491 788 602 811 nostras
617 787 644 809 et
666 783 812 818 languores
831 785 922 816 porta-

125 832 183 863 vit;
201 830 248 858 sed
271 838 319 857 eos
340 830 387 865 qui
412 829 563 857 secundum
594 828 712 854 animam
733 826 917 856 inlirmautur,

127 881 154 902 et
169 876 302 903 malorum
314 874 457 910 operarios
468 878 591 906 actuum,
610 873 688 900 dixit.

167 921 219 947 Alii
251 920 353 955 quippe
380 920 542 955 Ianguorum
579 923 644 946 sunt
678 925 732 945 non
748 916 917 947 voluntarii.

125 969 261 1000 quotquot
294 965 401 993 scilicet
427 965 553 999 corporis
581 967 609 991 et
633 963 705 990 circa
731 970 832 997 corpus
857 969 919 988 esse

127 1014 289 1037 noscuntur.
316 1009 368 1036 Alii
385 1016 451 1036 vero
469 1008 630 1040 voluntarii,
652 1013 679 1035 et
697 1008 743 1042 qui
769 1015 801 1034 ex
823 1013 918 1034 nostro

125 1058 275 1092 gignuntur
289 1055 418 1088 consilio,
441 1058 577 1090 quotquot
601 1054 730 1081 videlicet
754 1053 853 1080 anima:
877 1053 918 1080 in-

126 1102 289 1130 tellectualis
302 1105 330 1129 et
346 1101 460 1128 liberum
478 1099 606 1127 habentis
620 1099 778 1130 arbitrium.
793 1098 916 1132 pulchri-

125 1147 248 1175 tudinem
277 1147 433 1182 dissipant;
451 1149 478 1173 et
503 1145 566 1173 ideo
582 1152 665 1180 super
687 1143 731 1171 his
754 1145 800 1178 qui
829 1144 918 1178 primo

123 1194 187 1221 dicti
203 1197 277 1225 sunt,
291 1192 382 1220 nullus
395 1199 446 1219 nos
462 1195 622 1219 sanctorum
631 1197 779 1217 accusasse
795 1195 916 1223 unquam

124 1242 245 1274 apparet,
262 1246 315 1265 non
333 1238 387 1270 lex,
412 1245 466 1265 non
483 1237 626 1272 propheta,
653 1243 708 1262 non
733 1235 837 1270 justus,
862 1241 915 1261 non

124 1284 277 1320 apostolus,
293 1290 347 1310 non
365 1283 496 1317 magister
519 1282 574 1316 (his
598 1280 672 1308 enim
698 1285 727 1306 et.
753 1280 805 1315 ipsi
822 1287 918 1307 omnes

124 1331 239 1365 subjecti
260 1333 335 1360 sunt,
355 1332 483 1363 tanquam
506 1327 532 1354 hi
563 1326 611 1361 qui
631 1326 720 1354 simile
741 1330 837 1353 nostro
858 1333 918 1352 cor-

124 1382 175 1410 pus
191 1372 393 1408 portarerunt).
418 1379 472 1398 non
492 1371 550 1405 ipse
567 1371 698 1398 Dominus
713 1371 801 1396 lactus
827 1370 917 1402 homo,

123 1426 150 1447 et
165 1421 303 1447 exsistcns
330 1418 429 1446 similis
444 1417 524 1444 nobis
540 1417 690 1452 passiltilis,
707 1420 734 1443 et
753 1423 799 1450 per
818 1423 919 1450 corpus

124 1471 152 1493 et
169 1460 360 1492 rationabilem
383 1463 502 1490 animant
526 1463 608 1490 unius
631 1463 773 1489 nobiscum
790 1462 918 1489 substan-

125 1513 182 1539 tite.
196 1511 286 1546 Super
300 1510 398 1537 animae
413 1517 478 1537 vero
495 1509 659 1536 voluntariis
673 1511 700 1534 et
718 1515 770 1534 non
789 1514 916 1534 necessa-
929 1527 951 1556 ο

126 1558 175 1584 riis
199 1556 377 1592 passionibus
393 1554 484 1590 questi
502 1559 564 1582 sunt
578 1553 711 1586 universi,
729 1553 771 1580 lex
789 1553 915 1583 videlicet

126 1603 244 1639 puniens
257 1604 453 1637 congruentem
477 1600 544 1627 vitio
562 1606 670 1634 poenam
690 1598 835 1630 definiens,
851 1606 915 1633 pro-

125 1651 214 1685 pheta:
234 1649 268 1675 ah
296 1649 340 1675 his
364 1646 558 1679 abstinendum
584 1645 723 1680 iubentes,
749 1648 776 1672 et
802 1644 915 1671 meliora

126 1694 324 1729 providendum
340 1692 492 1723 hortantes,
507 1690 574 1725 justi
590 1696 637 1716 eas
649 1688 777 1716 deserere
791 1694 915 1714 commo-

125 1744 234 1772 nentes,
251 1738 368 1774 apostoli
384 1736 629 1771 transmigratione
644 1742 739 1762 earum
763 1741 845 1760 tnanu
865 1733 913 1759 du-

125 1790 229 1816 centes,
255 1789 282 1811 et
304 1782 425 1818 magistri
451 1783 550 1809 harum
570 1780 661 1815 fugam
681 1778 866 1807 insinuantes.
883 1778 916 1804 At

125 1838 190 1857 νηιιό
207 1829 338 1856 Dominus
359 1828 465 1864 primus
482 1826 562 1854 nobis
588 1825 702 1860 iustitia:
728 1824 798 1851 viam
824 1828 916 1850 osten-

125 1876 205 1907 dens,
222 1878 249 1900 et
264 1873 389 1900 semitam
407 1871 442 1899 ab
465 1871 562 1898 animae
590 1869 767 1905 passionibus
794 1868 916 1903 perferte

127 1920 271 1948 recedendi
299 1918 406 1954 primus
429 1917 590 1948 inveniens,
617 1914 748 1942 omnibus
774 1913 876 1941 Discite
900 1921 915 1940 a

127 1976 181 1999 me,
199 1964 416 1993 misericorditer
427 1967 469 1991 est
485 1955 591 1989 allatus.
611 1961 664 1988 Pro
674 1960 718 1988 his
731 1960 802 1987 enim
817 1967 914 1995 pa:an

126 2021 176 2049 pro
189 2020 220 2040 eo
237 2011 309 2047 quod
339 2011 366 2037 in
395 2009 474 2037 nobis
494 2007 617 2044 profecto
643 2014 738 2034 earum
754 2005 914 2033 exsistentia

125 2060 172 2090 sit.
192 2059 300 2085 luemus
313 2061 340 2084 et
361 2054 580 2083 sustinebimus:
600 2058 711 2087 propter
734 2051 784 2078 has
801 2056 828 2078 et
844 2050 917 2085 judi-

125 2105 261 2135 cabimur,
277 2108 304 2130 et
320 2101 453 2129 tribunali
470 2099 573 2127 Christi
600 2099 774 2130 assistemus,
798 2105 859 2123 cum
883 2096 916 2123 de

125 2151 195 2179 melo
210 2151 293 2185 jutlex
311 2147 453 2175 advenerit
469 2146 583 2174 reddere
598 2145 745 2179 unicuique
765 2142 915 2170 secundum

977 237 1073 264 ἑαυτὸν
1086 239 1151 274 ἡμῖν
1181 239 1219 270 ὼς
1230 240 1259 266 ὲν
1269 240 1383 275 χειμῶνι
1417 240 1548 276 μέλισσαν
1564 241 1677 276 ἔδειξεν,
1705 244 1764 271 ἀλλ’

976 280 1022 306 ἐπὶ
1031 279 1071 314 τῷ
1085 282 1197 317 τοιούτῳ
1213 283 1346 318 νοσήματι
1364 284 1434 319 τάχα
1461 285 1509 311 καὶ
1536 286 1617 318 αὐτὸς
1641 288 1765 324 αἰσχυνό-

978 333 1066 360 μενος,
1085 326 1130 352 καὶ
1140 327 1271 361 κρύπτειν
1291 328 1392 356 ἐθέλων
1410 330 1506 356 ἑαυτοῦ
1527 331 1577 366 τὴν
1609 332 1763 366 ἀσθένειαν,

976 371 1064 398 καίτοι
1082 372 1208 407 ψυχικοῖς
1225 374 1255 400 οὐ
1281 375 1335 410 γὰρ
1361 377 1528 410 σωματικοῖς
1549 377 1764 413 ἐπαισχύνεσθαι

977 418 1203 453 προσετάχθημεν
1216 419 1332 446 πάθεσιν
1345 429 1352 436 ⁸
1372 429 1381 446 ι
1398 421 1618 456 Αίσχυνθείησαν
1633 424 1698 458 γὰρ.
1712 433 1763 458 φη-

977 463 1029 494 σὶν,
1042 467 1066 490 ot
1081 464 1191 496 ἀσεϐεῖς
1201 465 1247 491 καὶ
1258 466 1461 501 καταχθείησαν
1476 467 1515 498 εἰς
1528 467 1591 503 ᾅδου
1602 476 1609 483 ·
1631 478 1639 493 ι
1652 470 1699 495 καὶ
1708 470 1763 495 πάρ

975 508 1026 534 λιν·
1036 517 1045 534 t
1057 509 1207 545 Αίσχύνθητ
1213 519 1232 541 ι,
1243 510 1336 542 Σιδὼν,
1346 508 1422 537 εἶπεν
1431 512 1448 546 ἡ
1457 511 1580 539 θάλασσα
1588 521 1595 529 ·
1609 522 1618 537 ι
1628 513 1676 548 τὴν
1686 514 1758 540 εἱδωι

974 552 1131 589 λολατρείαν
1158 554 1197 589 τῷ
1208 555 1256 590 τῆς
1278 555 1392 587 Σιδῶνος
1416 556 1541 591 δηλώσας
1557 557 1690 592 ὀνόματι·
1715 551 1763 585 καί

974 598 1053 631 αὖθις
1067 607 1077 629 ·,
1100 610 1109 626 ι
1126 601 1356 636 Αἰσχυνθήτωσαν
1366 602 1411 628 καὶ
1423 602 1678 638 ἀποστραφήτωσαν
1693 604 1762 631 πάν-

977 654 1021 677 τες,
1035 646 1060 672 οῐ
1077 646 1220 680 μισοῦντες
1241 646 1312 673 Σιών
1330 655 1336 661 ”
1353 657 1362 672 ι
1381 647 1428 673 καὶ
1458 647 1472 673 ὁ
1489 648 1589 683 Κύριος
1603 648 1631 675 δὲ
1644 650 1706 681 τοὺς
1721 650 1761 682 είς

973 692 1103 726 αἰσχύνην
1113 692 1342 727 ὲκπεμπομένους
1353 693 1473 726 αἰώνιον,
1488 694 1518 720 οὺ
1544 695 1608 726 τοὺς
1639 703 1758 730 σωματι-

972 740 1030 769 κοῖς
1042 737 1184 774 βρζθοντας
1198 737 1320 764 πάθεσιν
1337 734 1489 774 (αὐτοςγὰρ
1503 739 1550 766 καὶ
1562 740 1610 771 τὰς
1619 741 1762 773 ἀσθενείας

972 782 1051 817 ἡμῶν
1063 783 1110 809 καὶ
1124 783 1173 814 τὰς
1188 783 1281 814 νόσους
1291 783 1538 819 ὲὸάστασεν),ὰλλά
1553 786 1617 817 τοὺς
1632 786 1761 821 ψυχικῶς

971 827 1174 862 ἀσθενήσαντας
1185 829 1233 855 καὶ
1251 828 1361 863 φαύλων
1380 829 1498 865 ἐργάτας
1511 831 1673 866 γενομένους
1691 833 1761 867 πρά-

934 862 955 889 B
972 872 1040 905 ξεων
1054 873 1175 909 εἴρηκεν.

1005 919 1046 946 Τὰ
1064 919 1114 954 μὲν
1138 919 1193 956 γάρ
1209 920 1285 946 ἐστιν
1300 919 1356 946 τῶν
1382 921 1543 956 νοσημάτων
1557 921 1685 954 ἀκούσια,
1706 922 1756 948 ὅσα

970 964 1096 999 σώματος
1117 965 1165 991 καὶ
1179 965 1244 1000 περὶ
1260 965 1340 1001 σῶμα
1355 966 1518 1001 γνωρίζεται
1537 974 1544 981 ’
1555 968 1588 993 τὰ
1603 967 1632 993 δὲ
1646 967 1758 994 ἑκούσια

969 1010 1016 1036 καὶ
1034 1011 1147 1045 γνώμης
1171 1010 1309 1046 ἡμετέρας
1337 1013 1477 1046 κυήματα,
1507 1012 1558 1039 ὃσα
1582 1012 1673 1047 ψυχῆς
1692 1013 1760 1039 αὺτ-

969 1055 1092 1088 εξουσιου
1109 1057 1156 1082 καὶ
1169 1057 1265 1091 νοερᾶς
1276 1056 1374 1088 κάλλος
1383 1057 1554 1092 λυμαίνεται·
1570 1058 1618 1084 καὶ
1631 1057 1674 1085 διὰ
1680 1057 1760 1085 τοῦτο

969 1100 1034 1134 περὶ
1055 1101 1105 1135 μὲν
1118 1100 1173 1127 τῶν
1189 1101 1330 1137 προτέρων
1340 1101 1427 1133 οὐδεὶς
1439 1103 1506 1137 ἡμῖν
1518 1102 1572 1129 τῶν
1601 1103 1688 1136 ἁγίων
1713 1105 1759 1137 ἑγ-

968 1147 1086 1178 καλέσας
1099 1147 1224 1181 φαίνεταί
1243 1155 1321 1181 ποτε,
1344 1147 1374 1174 οὐ
1388 1148 1481 1182 νόμος,
1494 1148 1524 1174 οὒ
1549 1148 1704 1184 προφήτης,
1726 1149 1757 1173 οὐ

968 1192 1082 1224 δίκαιος,
1099 1196 1149 1219 οὐκ
1164 1193 1325 1226 ἀπόστολος,
1348 1194 1378 1220 οὗ
1391 1193 1550 1226 διδάσκαλος
1570 1194 1684 1229 (τούτοις
1705 1196 1759 1228 γάρ

969 1239 1016 1264 καὶ
1034 1237 1111 1264 αὐτοὶ
1123 1237 1222 1269 πάντες
1234 1237 1387 1271 ὑπέκειντο,
1406 1238 1444 1269 ὼς
1468 1239 1548 1273 σῶμα
1571 1239 1637 1274 ἡμῖν
1666 1246 1754 1273 παρα.

969 1283 1091 1318 πλησίως
1102 1282 1267 1318 φορέσαντες
1284 1291 1290 1297 ·
1306 1282 1336 1310 οὗ
1353 1283 1400 1310 καὶ
1411 1283 1493 1315 αὐτὸς
1509 1285 1524 1310 ό
1553 1284 1656 1319 Κύριος
1682 1283 1758 1318 γενό-

970 1336 1049 1363 μενος
1072 1327 1215 1362 ἄνθρωπος
1231 1328 1278 1354 καὶ
1297 1329 1472 1364 χρηματξσας
1492 1329 1558 1364 ἡμῖν
1573 1328 1753 1363 ὁμοιοπαθὴς,

969 1373 1014 1399 καὶ
1029 1372 1071 1398 διά
1085 1372 1163 1408 σῶμα
1172 1373 1219 1399 καὶ
1231 1372 1320 1408 ψυχὴν
1332 1372 1445 1408 λογικὴν
1459 1372 1615 1407 ὀμοούσιος)
1630 1379 1637 1387 ·
1654 1372 1718 1406 περὶ
1728 1371 1757 1397 δὲ

968 1418 1022 1444 τῶν
1031 1417 1081 1452 τῆς
1091 1417 1180 1452 ψυχῆς
1192 1418 1393 1453 προαιρετικών
1410 1418 1456 1444 καὶ
1466 1418 1516 1444 οὐκ
1532 1418 1690 1452 ἀναγκαίων
1702 1426 1756 1443 πα-

959 1462 1023 1489 θῶν
1035 1463 1199 1489 ἐνεκάλεσαν
1218 1464 1347 1496 ἅπαντες,
1369 1463 1450 1499 νόμος
1475 1464 1524 1499 μὲν
1539 1464 1758 1498 τιμωρούμενος,

969 1509 1016 1536 καὶ
1029 1509 1199 1544 κατάλληλον
1213 1509 1314 1544 ὁρίζων
1329 1509 1369 1544 τῷ
1381 1509 1462 1535 πάθει
1478 1509 1528 1545 τὴν
1543 1509 1655 1536 κόλασιν
1665 1517 1673 1526 ·
1691 1517 1760 1544 προ-

968 1555 1051 1590 φῆται
1063 1554 1165 1582 τούτων
1199 1554 1363 1589 ἀπέχεσθαι,
1393 1554 1439 1581 καὶ
1465 1554 1500 1580 τά
1534 1554 1653 1590 κρείττω
1679 1562 1760 1589 μετα-

967 1600 1105 1634 ποιεῖσθαι
1117 1600 1277 1631 κελεύοντες
1297 1609 1306 1616 ο
1318 1601 1418 1627 δίκαιοι
1451 1599 1650 1636 παραινοῦντες
1667 1600 1757 1626 αὐτῶν

966 1646 1016 1682 τὴν
1031 1645 1185 1680 ἀπόλειψιν,
1202 1645 1344 1672 ἀπόστολοι
1365 1645 1602 1681 χειραγωγοῦντες
1619 1645 1689 1680 πρὸς
1702 1646 1755 1679 τὴν

966 1693 1014 1720 ἀπ’
1036 1691 1126 1719 αὐτῶν
1151 1692 1361 1727 μετανάστασιν,
1384 1691 1543 1718 διδάσκαλοι
1566 1691 1670 1718 τούτων
1689 1692 1757 1725 ἡμῖν

966 1739 1015 1774 τὴν
1029 1738 1118 1773 φυγὴν
1132 1737 1339 1772 ύποφαίνοντες.
1349 1737 1378 1763 '0
1392 1737 1419 1763 δὲ
1448 1737 1551 1772 Κύριος
1566 1737 1674 1773 πρῶτος
1690 1737 1757 1771 ἡμῖν

965 1784 1014 1818 τῆς
1024 1781 1196 1818 δικαιοσύνης
1225 1782 1284 1809 ὁδὸν
1303 1782 1503 1817 ἐνδειξάμενος,
1524 1782 1571 1808 καὶ
1586 1781 1679 1817 τρίὸον
1706 1781 1757 1815 τῆς

965 1828 1019 1856 ἀπὸ
1031 1828 1087 1855 τῶν
1095 1827 1219 1862 ψυχικῶν
1238 1827 1333 1854 παθῶν
1349 1827 1455 1858 τελείας
1466 1827 1665 1862 ἀναχωρήσεως
1682 1826 1756 1861 πρῶ-

966 1883 1009 1906 τος
1023 1873 1183 1909 εὑράμενος,
1206 1874 1289 1900 πᾶσιν
1303 1873 1345 1905 τὸ,
1372 1872 1481 1899 Μάθετε
1505 1872 1553 1898 ἀπ’
1568 1872 1648 1906 ἐμοῦ,
1665 1871 1758 1905 φιλαν-

966 1917 1083 1954 θρώπως
1098 1917 1260 1952 ἐφθέγξατο.
1282 1917 1370 1951 ’Υπὲρ
1389 1916 1492 1943 τούτων
1508 1916 1562 1950 γὰρ
1576 1916 1625 1947 τὰς
1641 1915 1757 1946 εὐθύνας

966 1965 1003 1996 ὡς
1031 1965 1058 1991 ὲν
1091 1964 1157 1999 ἡμῖν
1180 1963 1265 1998 οΰσης
1292 1962 1381 1989 αὐτῶν
1408 1962 1528 1998 δηλονότι
1545 1962 1595 1997 τῆς
1613 1961 1758 1996 ὑπάρξεως

967 2009 1158 2045 ἀπαιτούμεθα
1173 2016 1180 2023 ·
1195 2008 1387 2044 καὶῦψέξομεν
1401 2009 1447 2034 καὶ
1464 2008 1619 2043 κρινόμενοι
1646 2007 1694 2033 καὶ
1709 2005 1760 2040 βή-

968 2065 1032 2091 ματι
1048 2055 1167 2089 Χριστοῦ
1183 2054 1387 2090 παριστάμεθα,
1407 2054 1471 2080 ὅταν
1486 2053 1516 2085 ἐξ
1542 2052 1656 2089 οὐρανοῦ
1667 2053 1680 2078 ό
1699 2061 1760 2088 κρι-

966 2100 1016 2136 τὴς
1043 2099 1224 2135 παραγίνεται
1249 2099 1396 2126 ἀποδοῦναι
1420 2099 1529 2134 ἑκάστῳ
1540 2099 1612 2125 κατὰ
1626 2098 1659 2124 τά
1688 2097 1759 2132 ἔργα

968 2145 1062 2178 αὐτοῦ,
1076 2145 1106 2171 οὐ
1120 2144 1192 2172 κατὰ
1203 2144 1238 2171 τὰ
1252 2143 1326 2179 πάθη
1337 2144 1384 2170 τοῦ
1400 2143 1535 2178 σώματος.
1554 2152 1563 2169 ‹
1577 2143 1680 2174 Πάντες
1692 2145 1760 2177 γάρ,

128 2203 210 2232 opera
226 2203 287 2226 sua,
302 2198 328 2221 et
341 2201 394 2220 non
406 2192 555 2220 secundum
569 2189 777 2225 vitialeorporis.
795 2197 803 2212 ι
816 2187 917 2215 Omnes

973 2191 1068 2227 φησὶν,
1082 2190 1316 2226 παραστησόμεθα
1331 2190 1368 2224 τῷ
1381 2190 1482 2224 βήματι
1497 2188 1544 2215 τοῦ
1560 2189 1689 2224 Χριστοῦ,
1716 2190 1762 2215 ἵνα

125 2243 198 2270 enim
216 2249 278 2270 nos.
296 2239 394 2274 inquit,
419 2235 590 2264 tnanifestari
607 2239 715 2270 oportet
739 2238 802 2261 ante
829 2233 918 2260 tribu-

127 2289 170 2316 nnl
186 2287 300 2319 Christi,
315 2289 344 2313 ut
364 2284 465 2312 referat
481 2282 673 2317 unusquisque
693 2280 803 2316 propria
821 2287 918 2314 corpo-

126 2338 164 2362 ris
181 2337 260 2369 prout
274 2331 371 2367 gessit,
386 2331 444 2358 sive
459 2329 573 2360 bonum,
585 2328 642 2355 sive
663 2327 763 2353 malum
775 2326 795 2353 ⁸.
818 2335 828 2351 ι

166 2378 236 2413 ΕΙ·εο
253 2377 394 2404 incassum
417 2381 500 2409 super
526 2372 592 2399 vitio
612 2371 748 2406 corponali
770 2370 918 2397 Zacharias

125 2425 318 2455 erubescebat,
333 2428 357 2450 et
376 2424 513 2457 quotquot.
531 2427 612 2454 super
639 2418 763 2453 cerporis
781 2417 918 2453 passioni-

127 2472 178 2500 bus
195 2470 413 2500 confunduntur,
437 2474 536 2494 causas
552 2464 725 2493 confusionis
743 2465 915 2499 ignorantes,

126 2522 154 2546 et
171 2517 255 2551 hujus
271 2521 326 2542 nou
345 2514 414 2541 bene
434 2512 557 2539 ordinem
577 2514 761 2538 reversantes.
778 2508 855 2536 Lit-et
876 2509 920 2536 hic

126 2561 174 2588 \‘ix
191 2559 360 2596 apparuerit,
369 2563 395 2585 et
403 2555 626 2591 sero,aliquando
635 2558 822 2582 verumtamen
830 2553 920 2588 profe-

126 2611 189 2635 ctus
204 2607 239 2634 ad
254 2611 412 2632 sanctorum
429 2603 501 2630 venit
524 2601 679 2632 basilicam,
704 2607 774 2635 quos
793 2599 921 2633 depreca-

127 2653 219 2685 batur,
237 2656 263 2679 et
278 2651 378 2678 iterum
402 2648 584 2685 supplicabat,
603 2655 658 2682 quo
684 2654 714 2674 se
739 2655 753 2672 a
774 2645 922 2681 gravedine

130 2698 288 2724 liberarent.
307 2697 342 2723 At
359 2695 452 2726 illi,ad
474 2701 536 2721 eum
555 2698 637 2721 noctu
653 2692 806 2724 venientes,
820 2698 920 2717 conve-

131 2740 208 2771 niunt
226 2748 398 2770 asserentes:
417 2741 562 2773 Zacharia,
585 2739 651 2774 quid
676 2738 710 2765 ad
727 2745 778 2765 nos
800 2735 919 2764 venisti?

166 2830 179 2849 ⁸
193 2831 266 2863 Psal.
284 2842 346 2867 xxx,
365 2834 406 2861 18.

451 2834 460 2848 ‘
476 2833 529 2860 lsa.
546 2838 623 2862 xxnt,
640 2829 666 2856 4.
707 2827 793 2855 Ῥείιι⁴
807 2834 922 2854 curru.
939 2826 955 2852 ὅ

969 2236 1115 2272 κομίσηται
1127 2237 1243 2268 ἕκαστος
1260 2236 1328 2271 πρὸς
1343 2235 1486 2270 ἂὲπραξεν
1503 2235 1546 2261 διὰ
1558 2235 1605 2261 τοῦ
1622 2234 1760 2269 σώματος,

969 2283 1024 2308 εῖτε
1039 2282 1152 2316 ἀγαθὸν,
1168 2281 1222 2307 εἴτε
1238 2280 1347 2315 φαῦλον.
1371 2289 1379 2305 ›

1006 2370 1112 2398 οὐκοῦν
1133 2370 1221 2405 μάτην
1235 2370 1282 2396 ἐπὶ
1298 2369 1377 2396 πάθει
1401 2369 1551 2404 σωματικῷ
1566 2369 1614 2395 καὶ
1624 2369 1763 2403 Ζαχαρίας

971 2417 1138 2452 αἰσχύνεται,
1149 2417 1195 2443 καὶ
1205 2417 1263 2442 ὅσοι
1274 2416 1334 2442 κατ’
1343 2416 1423 2442 αὐτὸν
1433 2416 1479 2442 ἐπὶ
1493 2417 1659 2450 σωματικοῖς
1665 2415 1764 2449 αισχὺ-

972 2459 1063 2488 νονται
1080 2461 1206 2496 πάθεσιν,
1221 2460 1271 2494 τῆς
1287 2459 1420 2494 αἰσχύνης
1446 2460 1606 2493 ἀγνοοῦντες
1622 2460 1657 2486 τά
1674 2460 1762 2490 αἴτια,

973 2508 1020 2535 καὶ
1027 2507 1129 2540 ταύτης
1141 2506 1191 2541 τὴν
1202 2505 1279 2538 τάξιν
1293 2506 1324 2532 οὐ
1341 2505 1433 2536 καλῶς
1446 2505 1682 2540 ὰντιστρέφοντες.
1693 2504 1766 2530 Ἀλλ’

973 2553 998 2579 εί
1014 2552 1060 2579 καὶ
1076 2551 1153 2586 μόλις
1166 2550 1252 2585 ἐφάνη
1269 2550 1319 2585 ὀψέ
1335 2558 1412 2582 ποτε,
1427 2549 1496 2584 πλὴν
1508 2549 1583 2584 ὅμως
1594 2549 1709 2584 ἀφίκετο
1717 2549 1766 2575 καὶ

978 2598 1008 2624 τὸ
1025 2597 1081 2624 τῶν
1092 2596 1178 2631 ἁγίων
1193 2595 1344 2622 κατέλαϐεν
1356 2595 1481 2630 τέμενος·
1496 2595 1544 2622 καὶ
1555 2594 1662 2626 τούτοις
1675 2594 1765 2621 ἐδέετο

973 2644 1020 2671 καὶ
1046 2643 1127 2670 πάλιν
1159 2642 1281 2669 ἱκέτευεν
1303 2642 1491 2677 ἀπαλλαγῆναι
1515 2641 1564 2668 τοῦ
1577 2642 1632 2667 τῶν
1645 2640 1766 2675 διδύμων

974 2689 1144 2725 βαρήματος.
1167 2688 1198 2714 Οί
1210 2687 1238 2713 δὶ
1250 2687 1346 2719 νυκτὸς
1357 2687 1423 2722 πρὸς
1439 2686 1520 2713 αὐτὸν
1534 2686 1657 2717 ἐλθόντες
1667 2685 1768 2712 ustis-J-

973 2735 1066 2767 δοντα,
1079 2732 1252 2768 Ζαχαρία,τί,
1265 2733 1359 2767 φασὶν,
1373 2731 1441 2767 πρὸς
1466 2733 1540 2768 ἡμᾶς
1559 2732 1766 2767 παραγέγοναςς

959 2845 966 2851 .
1010 2825 1019 2839 δ
1035 2824 1055 2851 Il
1076 2824 1142 2852 Cn‘.
1158 2833 1183 2857 ν,
1199 2824 1242 2852 Ill.
