1909 3078
145 167 217 200 εμπ»

148 271 236 299 sancti
253 274 397 304 martyres,
424 269 471 304 qui
488 275 552 295 vere
566 266 665 294 tnedici
685 266 853 295 vocitantur,
869 263 936 289 divi-

150 324 192 344 nae
204 323 261 344 suae
280 314 389 342 virtutis
402 318 429 341 et
445 313 615 340 medicorum
633 310 800 338 ittlirtnitatis
814 309 934 335 volentes

150 360 336 388 diversitatem
358 356 514 389 ostendere,
536 355 654 391 quodam
681 354 754 381 hunc
775 360 822 387 per
848 351 937 378 visunt

151 411 313 442 apparentes
328 404 430 431 auxilio
442 405 630 432 sanaverunt;
647 400 703 427 sale
722 398 827 425 scilicet
846 402 873 424 et
889 403 937 431 ry—

153 453 227 479 utino
257 451 361 481 mistis,
389 456 450 483 qua:
475 452 564 474 terere
591 449 618 473 et
639 451 722 480 super
744 443 846 470 femora
870 449 937 467 con-

153 504 281 532 spergere
307 498 505 531 prteceperunt.
523 492 601 525 Quod
627 498 691 518 cum
716 489 852 523 languens
876 494 937 514 mox

153 531 214 575 post
229 540 366 567 somnium
381 537 500 569 fecisset.
534 537 614 564 saevis
638 535 760 569 seipsunt
799 531 939 559 doloribus

153 589 184 612 et
212 591 335 612 aerumna
359 590 414 610 non
442 581 549 608 tnodica
575 578 716 610 liberavit;
742 580 770 604 et
791 575 838 610 qui
863 577 941 610 prius

156 629 285 663 paulatim
301 627 423 655 dimuere
441 626 595 656 videbatur,
612 625 707 658 sicque
722 621 844 650 omnium
862 627 941 647 com-

155 683 265 703 munem
286 675 408 709 recipere
422 677 551 703 mortem,
567 670 659 698 subito
676 674 740 696 tunc
755 667 855 703 cymini
877 673 943 701 gra-

155 722 200 749 nis
216 725 244 749 et
271 721 348 751 salis,
370 724 519 754 martyrum
536 717 661 752 iussione
683 715 817 743 astrictus
843 720 945 740 conva-

157 766 219 799 luit,
237 770 264 793 et
285 765 377 792 divina
399 763 542 792 sanctione
558 765 672 789 mortem
692 766 774 794 quain
798 763 943 792 exspecta-

158 813 204 840 bat
225 811 322 839 evasit.
337 810 407 838 Cum
428 817 483 845 quo
508 808 591 835 Deum
610 805 851 838 salviﬁcautesquc
872 810 944 830 mar-

159 861 233 892 tyres
247 854 446 886 eollaudantes,
461 853 495 880 ad
508 852 579 882 aliud
595 851 719 886 ipsorum
738 848 861 879 mirabile
875 856 944 883 opus

159 900 376 936 proﬁciscantur.

178 944 271 987 XVIII.
290 956 328 984 De
342 940 429 984 Pattla
444 959 524 990 caput
538 953 669 982 vermibtu
687 954 794 988 plenam
806 953 928 980 habente.

192 1035 294 1062 Paulus
316 1038 407 1064 autem
430 1033 541 1069 quidam
557 1039 664 1066 pauper
679 1034 706 1058 et
722 1030 803 1058 nimis
823 1037 944 1065 egenus,

161 1081 274 1115 aurique
298 1080 407 1115 penitus
436 1079 526 1113 inops,
543 1081 604 1112 post
624 1076 757 1104 Joannem
774 1075 945 1110 Chrysonem

161 1126 320 1158 ctdivitom,
335 1125 369 1152 ad
379 1124 565 1151 narrationem
580 1122 697 1154 accedit,
707 1121 754 1157 qul
771 1121 835 1148 huic
848 1119 947 1148 sociari

161 1177 319 1207 festinans,
347 1172 416 1201 lucri
454 1179 483 1200 se
526 1171 617 1198 facere
654 1169 804 1205 quidquam
831 1167 950 1194 fortasse

160 1221 302 1251 credebat,
317 1218 339 1247 si
355 1218 380 1245 ci
395 1217 471 1252 jungi
488 1215 684 1251 quoquomodo
704 1214 860 1255 potuisset:
878 1211 950 1239 sicut

160 1266 244 1294 etiam
263 1266 291 1292 in
314 1264 374 1292 foro
390 1263 516 1291 videmus
534 1269 615 1297 agere
631 1267 786 1296 pauperes;
810 1259 850 1287 sic
871 1265 950 1285 acce-

162 1312 239 1344 dunt,
255 1315 282 1338 et
300 1314 361 1345 post
378 1309 440 1336 illos
459 1308 504 1343 qui
519 1315 588 1335 attro
603 1306 720 1335 afﬂuunt
735 1304 910 1341 gradiuntur,
927 1303 950 1331 si

126 1354 129 1355 ⁷
164 1356 361 1392 quoquoniodo
378 1359 469 1390 guttas
487 1353 620 1388 quaedam
638 1360 673 1380 ex
689 1351 872 1379 defluentibus
886 1350 950 1383 illis;

162 1403 302 1430 amatricis
312 1401 413 1430 Christi
425 1399 624 1435 compassionis
635 1405 729 1430 causa,
745 1397 853 1424 valeant
867 1396 953 1431 impc-

162 1455 246 1477 trare.
267 1449 324 1476 Hoc
344 1455 429 1483 agens
454 1451 481 1475 et
499 1454 571 1473 nunc
589 1445 690 1473 Paulus
705 1443 822 1476 accedit,
838 1448 865 1470 ct
881 1441 953 1470 forte

161 1503 274 1530 compos
299 1492 415 1522 efficitur
443 1491 598 1527 ltujustnodi
628 1489 771 1523 desiderii;
798 1496 852 1515 non
879 1488 952 1515 enim

163 1541 256 1577 procul
272 1541 307 1568 ab
330 1547 424 1568 amore
446 1538 615 1574 paupertatis
633 1536 771 1564 manebat.
789 1534 949 1562 Passioneut

110 1594 112 1597 '
163 1591 253 1615 autem
274 1586 378 1614 Paulus
398 1590 426 1613 et
456 1585 616 1620 languorem
641 1577 822 1610 insanabilem
847 1580 951 1608 habeas

163 1631 280 1664 accedit,
295 1635 322 1658 et
333 1638 349 1657 a
362 1629 529 1666 martyribus
549 1629 695 1656 sanitatem
715 1633 829 1661 carpere
843 1626 951 1657 volens,

162 1681 190 1704 et
205 1678 422 1705 incolumitatem
444 1684 505 1710 qua:
520 1675 554 1702 ab
579 1673 650 1709 ipsis
667 1677 724 1701 est.
738 1672 880 1707 percipere
904 1679 951 1706 ge-

163 1723 260 1751 stiens.
274 1722 308 1753 Et
318 1722 374 1749 illic
387 1721 497 1757 quidem
524 1720 692 1756 paupertatis
708 1717 840 1745 medelam
855 1716 954 1744 fortas-

163 1769 202 1797 sis
215 1768 329 1804 adeptus
342 1772 396 1800 est,
409 1768 454 1795 hic
467 1775 532 1794 vero
546 1765 716 1793 inﬁrmitatis
736 1763 842 1797 accepit.
858 1763 953 1798 procul

163 1815 248 1842 dubio
262 1814 408 1842 sanitatem
424 1823 432 1847 ;
448 1814 490 1841 cui
507 1813 571 1840 talis
588 1811 843 1846 iuerataigrotatio,
859 1810 954 1844 sicque

164 1860 334 1887 curationem
360 1858 475 1894 adeptus
486 1862 540 1886 est.
564 1857 677 1885 Dolebat
700 1856 768 1884 adeo
794 1859 895 1890 caput,
925 1860 954 1882 ιιι

164 1906 218 1934 dici
236 1898 290 1933 non
306 1909 411 1940 posset,
426 1908 453 1932 et
469 1904 592 1931 dolorem
611 1902 722 1937 quidem
736 1906 790 1929 tam
805 1902 953 1934 clamores,

164 1959 245 1987 quam
268 1951 296 1978 iu
323 1951 429 1979 somnis
450 1950 559 1985 vigiliae.
581 1955 664 1983 atque
692 1948 816 1976 cumbis
837 1947 956 1974 tutuoris

166 1999 273 2034 pondus
285 1998 467 2026 monstrabat.
487 1997 572 2024 Porro
584 1997 713 2026 tumoris.
735 2000 762 2023 et
778 2002 874 2022 eorum
894 2001 956 2029 qua:

166 2051 259 2071 secum
288 2044 407 2074 inerant,
424 2042 556 2069 laboranti
575 2042 654 2068 index
668 2048 722 2068 non
742 2040 954 2072 inveniebatur;

167 2092 239 2117 unde
256 2094 283 2117 et
295 2090 406 2124 quidatn
422 2088 595 2116 medicorum
610 2086 772 2121 sanguinem
790 2086 874 2120 hujus
898 2085 956 2113 vitii

166 2141 278 2162 causam
296 2135 434 2166 dicebant,
455 2133 567 2168 quidatn
586 2139 652 2159 vero
672 2139 723 2166 pus
738 2131 883 2166 cujusdam
903 2131 958 2158 col-

167 2179 292 2207 loctionis
310 2180 460 2211 immensae,
473 2183 500 2206 ct
513 2178 628 2206 alterius
641 2177 687 2203 alii
703 2184 868 2204 concursum
882 2177 957 2206 faecis

567 167 598 196 S.
614 164 818 195 SOPHRONII
837 162 1088 193 PATRIARCIME
1113 159 1312 190 HIEROSOL.

147 224 250 252 vinitus
266 223 358 250 datam
379 222 452 250 venit
474 226 653 257 percepturus
676 219 818 247 medelam.
847 219 881 244 At
900 216 957 246 illi.

1001 216 1075 248 ivro);
1100 215 1188 250 ίατροὶ
1216 211 1431 248 χρηματίζοντες
1461 208 1606 243 μάρτυρες,
1624 205 1672 239 τῆς

1703 149 1773 180 είἿῧ

1701 204 1776 235 θείας

987 263 1076 290 αὐτῶν
1089 262 1175 293 δεῖξαι
1198 260 1340 294 δυνάμεως
1367 258 1412 284 καὶ
1432 257 1481 290 τῆς
1514 253 1613 289 ἰατρῶν
1635 250 1777 281 ἀσθενείας

988 307 1110 337 θέλοντες
1127 305 1157 332 τὸ
1173 305 1311 338 διάφορον,
1324 300 1427 336 οἰκτρῷ
1441 299 1537 326 τοῦτόν
1553 306 1606 323 τινι
1621 295 1777 331 βοηθήματι

989 352 1057 386 ὄναρ
1073 352 1203 386 ὀφθέντες
1232 350 1354 380 ίάσαντο,
1383 346 1450 376 ἃλας
1474 345 1523 371 σὺν
1551 343 1659 377 κυμίνῳ
1683 340 1779 376 μιχθὲν

989 399 1018 425 ιν
1032 397 1071 433 τῷ
1083 396 1225 433 τρίϐεσθαι
1232 395 1361 422 πλάττειν
1373 392 1437 422 τοὺς
1453 390 1558 425 μηροὺς
1571 387 1778 422 ἐπιτρέπουσιν.

992 443 1082 476 Ὅπερ
1128 441 1214 468 νοσῶν
1231 440 1301 475 μετὰ
1316 438 1361 464 τὸν
1385 436 1468 463 ὕπνον
1477 435 1558 465 εὐθὺς
1581 432 1780 468 ἐργασάμενος,

991 488 1079 514 πόνων
1104 487 1201 513 ἑαυτὸν
1224 485 1350 520 χαλεπῶν
1372 483 1420 509 καὶ
1443 480 1591 516 συμφορῶν
1616 478 1647 505 οὺ
1673 476 1781 512 μικρῶν

991 533 1165 568 ὲλυτρώσατο
1176 540 1183 547 ·
1198 531 1244 560 καὶ
1259 532 1272 557 ό
1287 530 1352 565 πρὶν
1372 529 1443 554 κατὰ
1464 526 1551 562 βραχὺ
1568 524 1720 559 καταρρεῖν
1740 530 1783 548 νο-

994 580 1149 615 μιζόμενος,
1166 578 1212 606 καὶ
1223 577 1295 605 οὕτω
1307 575 1352 602 νὺν
1368 575 1477 603 πάντων
1498 572 1586 598 κοινὸν
1601 570 1782 604 ὑποδέχεσθαι

993 614 1117 653 θάνατον,
1130 622 1231 652 εὐθέως
1246 620 1306 647 τοτε
1320 619 1434 654 κυμίνου
1454 617 1557 652 βολαῖς.
1573 616 1620 645 καὶ
1633 614 1705 643 ἁλῶν
1721 621 1783 639 συν-

994 669 1160 702 εσψίγγετο·
1188 666 1234 693 καὶ
1263 664 1405 701 βουλεύσει
1434 663 1581 699 μαρτύρων
1609 659 1782 696 ἐρρώννυτο,

995 714 1043 741 καλ¹
1063 714 1129 749 θείῳ
1155 713 1322 747 θεσπίσματι
1337 711 1383 738 τὸν
1395 707 1620 744 προσδοκώμενον
1632 705 1783 740 ἀπέπεμπε

996 759 1192 788 θάνανον.Μεθ’
1206 756 1236 786 οὗ
1249 758 1315 785 Θεὸν
1329 757 1377 784 καὶ
1389 757 1452 787 τοὺς
1465 755 1575 787 ζῶντας
1590 753 1685 787 ἁγίους
1702 752 1784 786 ἡμεῖς

996 806 1213 841 ἀνυμνήσαντες,
1242 805 1285 839 ἐφ’
1309 802 1406 838 ἑτέραν
1436 801 1527 828 αὐτῶν
1561 797 1785 835 θαυματουργίαν

999 853 1162 888 βαδίσωμεν.

999 955 1052 981 IH'.
1073 953 1142 989 Περὶ
1167 952 1288 989 Παύλου
1315 950 1368 978 τοῦ
1383 950 1440 989 τὴν
1461 946 1599 982 κεφαλὴν
1620 944 1787 978 σκωλήκων

1237 987 1389 1022 γέμουσαν
1406 984 1542 1018 ἔχοντος.

1035 1033 1139 1065 Παῦλος
1153 1033 1182 1059 δέ
1197 1041 1238 1064 τις
1262 1032 1347 1066 πένης
1365 1029 1432 1065 ἡμῖν
1466 1027 1575 1062 πτωχός
1591 1035 1621 1053 τε
1649 1025 1710 1052 λίαν
1741 1024 1788 1050 ναὶ

999 1081 1117 1116 ἄχρυσος
1131 1079 1188 1114 μετ’
1197 1077 1324 1111 Ἰωάννην
1334 1076 1380 1102 τὸν
1392 1073 1543 1110 Χρυσώνην
1556 1072 1602 1099 καὶ
1613 1070 1740 1097 πλούσιον
1748 1071 1788 1101 είς

999 1115 1126 1163 ἆιῆγησιν
1141 1120 1469 1160 ἐρχεται,λογιζὸμενοςεί
1479 1119 1527 1154 τὴν
1534 1118 1602 1153 πρδς
1615 1116 1698 1144 αὑτὸν
1709 1115 1788 1151 σχοίη

1001 1173 1159 1206 συνάφειαν,
1175 1170 1270 1205 ὥσπερ
1290 1170 1318 1195 ὲν
1329 1169 1388 1199 ταῖς
1405 1167 1519 1201 ἀγοραῖς
1544 1163 1689 1194 ποιοῦντας
1717 1161 1788 1196 ὁρῶο

1003 1227 1052 1252 μεν
1071 1217 1134 1248 τοὺς
1150 1217 1268 1250 πένητας
1283 1214 1446 1249 προσιόντας
1461 1220 1491 1237 τε
1508 1210 1556 1237 καὶ
1568 1209 1622 1235 τῶν
1642 1206 1790 1243 χρυσορεύ-

1002 1272 1073 1290 στων
1089 1262 1199 1290 ὕπισθεν
1218 1261 1369 1296 βαίνοντας,
1383 1257 1512 1291 σταγόσιν
1530 1256 1555 1282 εἴ
1569 1257 1633 1282 ποτέ
1651 1262 1724 1280 τισιν
1741 1253 1790 1280 αὺ-

1001 1309 1067 1340 τῶν,
1082 1308 1127 1335 διὰ
1141 1307 1312 1343 φιλόχριστον
1327 1303 1529 1341 ἀπορρεούσαις
1546 1300 1730 1336 συμπάθειαν,
1741 1308 1791 1326 πε-

1005 1355 1149 1391 ριτύχοιεν.
1168 1353 1254 1380 Τοῦτο
1268 1352 1316 1378 καὶ
1323 1351 1370 1377 νῦν
1385 1352 1398 1377 ό
1412 1349 1517 1380 Παῦλος
1527 1347 1690 1382 ποιούμενος
1697 1346 1792 1381 πρόει-

1004 1411 1041 1434 σι,
1058 1401 1106 1428 καὶ
1123 1401 1194 1434 τάχα
1210 1398 1340 1433 τυγχάνει
1355 1397 1405 1432 τῆς
1432 1395 1562 1429 τοιαύτης
1592 1393 1714 1428 ἐφέσεως
1725 1400 1731 1405 ·
1761 1392 1793 1418 οὐ

1003 1448 1099 1484 πόρρω
1116 1447 1170 1482 γὰρ
1190 1443 1391 1480 φιλοπτωχείας
1411 1441 1540 1475 Ἰωάννης
1548 1439 1692 1475 ηὐλίζετοο
1707 1438 1794 1469 πάθος

1004 1494 1032 1520 δὲ
1047 1493 1095 1520 καὶ
1106 1493 1184 1519 νόσον
1200 1492 1270 1526 ἔχων
1286 1489 1395 1517 ἀνίατον
1413 1487 1533 1524 πρόεισι,
1551 1487 1603 1512 κάν
1615 1486 1672 1516 τοῖς
1689 1484 1795 1519 μάρτυ-

1006 1548 1048 1567 σιν
1066 1539 1161 1573 ὑγείαν
1179 1535 1352 1573 καρποῦσθαι
1371 1534 1544 1570 βουλόμενος,
1562 1531 1609 1558 καὶ
1635 1531 1719 1566 ῥῶσιν
1746 1529 1796 1564 τὴν

1003 1586 1050 1613 ἀπ’
1066 1585 1156 1612 αὐτῶν
1179 1582 1338 1618 κομιεῖσθαι
1362 1581 1533 1616 γλιχόμενος.
1553 1578 1640 1604 Κάκεῖ
1671 1576 1720 1611 μὲν
1747 1575 1797 1610 τῆς

1004 1632 1099 1664 πενίας
1123 1632 1153 1658 τὸ
1184 1630 1330 1665 φάρμακον
1368 1628 1434 1658 ἴσως
1461 1624 1604 1661 ὲδρέψατο,
1627 1621 1748 1650 ἐνταῦθα
1768 1621 1797 1647 δὲ

1004 1678 1112 1709 πάντως
1130 1677 1181 1712 τῆς
1196 1676 1341 1706 ἀσθενείας
1355 1672 1492 1708 λαμῦἁνει
1509 1670 1559 1706 τὴν
1586 1670 1674 1696 ῐασιν·
1692 1666 1798 1693 τοιοῦτο

1003 1724 1031 1750 δὲ
1045 1721 1079 1758 ἦν
1096 1721 1179 1749 αὐτοῦ
1193 1722 1223 1748 τὸ
1236 1720 1417 1756 ἀρρώστημα,
1435 1717 1483 1744 καὶ
1499 1716 1571 1743 οὕτω
1584 1715 1633 1749 τῆς
1648 1713 1799 1748 θεραπείας

1004 1767 1248 1804 ἐπέτυχεν-’Ἠλγει
1264 1767 1315 1800 τὴν
1327 1764 1448 1799 κεφαλὴν
1465 1763 1502 1794 ὡς
1516 1762 1606 1795 λέγειν
1621 1760 1671 1786 οὐκ
1684 1759 1798 1788 ἔνεστιν,

1005 1815 1052 1842 καὶ
1067 1803 1104 1840 <8
1114 1814 1163 1848 μὲν
1178 1812 1260 1846 ἄλγος
1273 1811 1304 1838 αἴ
1317 1819 1348 1836 τε
1363 1809 1435 1844 βοαὶ,
1454 1807 1484 1835 αῖ
1505 1815 1536 1833 τε
1561 1804 1725 1840 ἀγρυπνίαι,
1753 1803 1800 1829 καὶ

1007 1860 1076 1896 μετὰ
1100 1859 1230 1886 τούτωνὸ
1243 1857 1325 1892 ὄγκος
1343 1855 1492 1882 ἐδείκνυεν,
1508 1852 1562 1879 Τοῦ
1589 1850 1673 1884 ὄγκου
1698 1848 1726 1875 δὲ
1751 1848 1801 1874 καὶ

1004 1894 1059 1933 ⁸τῶν
1074 1906 1122 1933 σὺν
1138 1903 1213 1940 αὐτῷ
1231 1902 1352 1939 μηνυτὴς
1365 1901 1414 1936 οὺχ
1428 1899 1574 1934 εὑρίσκετο
1588 1904 1594 1911 ·
1609 1896 1671 1922 ὅθεν
1698 1894 1723 1920 ol.
1749 1894 1800 1928 μὲν

1005 1953 1059 1980 τῶν
1078 1950 1181 1987 ἰατρῶν
1198 1947 1267 1984 αἷμα
1283 1947 1313 1974 τὺ
1325 1946 1412 1974 αἴτιον
1428 1944 1534 1978 ἔλεγον,
1552 1942 1577 1968 oi
1591 1941 1620 1968 δὲ
1632 1939 1710 1972 ποιοῦ
1729 1947 1801 1987 τινος

1005 1982 1159 2031 ὑπέρογκον
1172 1982 1305 2028 ἄθροισιν,
1321 1992 1368 2018 καὶ
1376 1989 1460 2037 ᾳλλης
1471 1987 1551 2018 ἄλλος
1567 1984 1721 2037 συνδρομὴν
1733 1982 1802 2017 ὕλης

1007 2043 1165 2076 ἐφθέγγετο·
1180 2041 1230 2076 τῆς
1246 2031 1389 2073 ἀληθείας’
1408 2035 1484 2062 οὐδὲν
1505 2033 1635 2069 ἐχόμενον
1663 2031 1800 2063 λέγοντες,

1008 2075 1119 2116 ἀλλὰντδ
1131 2086 1226 2114 δοκοῦν
1245 2086 1338 2115 αὐτοῖς
1352 2081 1559 2117 μαντευόμενοι,
1577 2079 1625 2105 καὶ
1651 2076 1701 2107 τὰς
1717 2075 1803 2109 ἁλλή--

1007 2136 1060 2162 λων
1075 2134 1172 2169 βουλὰς
1198 2132 1258 2163 ταῖς
1279 2129 1383 2157 ἑαυτῶν
1400 2124 1405 2126 ’
1420 2126 1584 2156 ἀναλύοντες
1614 2123 1802 2157 ἀποφάσεσιν.

166 2226 326 2253 asserebant
341 2246 349 2260 ,
362 2232 458 2252 omnes
485 2228 575 2251 autem
597 2223 779 2250 communiter
800 2224 1020 2258 frustrabantur,
1038 2225 1075 2252 nil
1095 2223 1203 2252 veritati
1232 2221 1388 2258 proximum
1424 2218 1617 2254 perhibentes;
1651 2213 1724 2249 quod
1765 2212 1806 2239 vi.

171 2271 287 2298 dcbatur
311 2272 363 2298 sibi
386 2271 546 2298 divinabant
561 2290 569 2302 ,
600 2269 659 2297 suis
686 2269 831 2296 sententiis
862 2278 960 2299 sensus
977 2272 1152 2300 destruentes
1172 2270 1305 2297 alternos.

204 2317 257 2344 Sed
275 2317 377 2350 sancti,
399 2316 604 2352 aegrotationem
617 2319 747 2342 accurate
761 2314 891 2352 scientes,
908 2315 958 2343 do-
975 2318 1001 2347 υ

168 2367 312 2400 loruntque
325 2372 437 2392 causam
462 2371 517 2391 non
536 2363 706 2398 ignorantes,
723 2362 895 2396 gratulantur
912 2370 961 2390 cu-

169 2417 248 2444 rant;
267 2411 340 2447 quod
358 2411 413 2438 illis
429 2409 602 2444 impossibile
620 2408 711 2435 visum
733 2412 786 2440 est,
807 2407 887 2435 facile
907 2408 960 2436 sibi

169 2459 221 2485 hoc
235 2463 263 2485 et
288 2457 377 2484 lusum
397 2455 456 2482 fore
468 2457 666 2481 monsh'antes.
683 2453 812 2481 Dicemus
830 2457 921 2480 autem
933 2458 961 2481 et

169 2503 323 2532 curationis
338 2501 515 2533 suavitatem,
529 2503 556 2527 et
571 2499 784 2533 gratulationem
799 2503 959 2527 sanctorum

169 2549 353 2578 declarantes.
371 2545 520 2582 potentiam
534 2551 561 2573 et
579 2544 789 2572 delectationem
804 2545 962 2579 quamdam,

170 2594 276 2623 carnali
301 2594 411 2620 mistam
443 2591 589 2623 suavitati,
618 2590 752 2618 facientes
779 2590 964 2622 miraculum,

172 2645 227 2670 into
247 2642 290 2670 his
319 2642 365 2676 qui
388 2641 531 2668 auditores
556 2638 660 2666 fuerint
692 2637 785 2665 ellecti
824 2637 963 2664 miraculi.

175 2687 298 2716 Dormire
321 2686 437 2715 Paulum
461 2690 559 2720 praeter
576 2691 653 2719 spem
677 2682 811 2710 facientes
825 2682 863 2718 (in
887 2683 966 2717 igno-

173 2735 290 2762 rantiam
315 2733 387 2761 enim
405 2740 474 2768 pene
501 2731 590 2760 somni
612 2730 723 2762 cecidit,
741 2730 804 2756 dum
830 2729 856 2755 iit
875 2729 963 2762 capite

174 2781 352 2808 invisibiliter
370 2779 574 2810 comederetur,
591 2783 618 2805 ct
630 2777 774 2805 dolonibus
792 2777 964 2803 incessanter

173 2828 385 2863 depriit‘ieretur)
402 2827 536 2855 assistunt
550 2831 632 2853 noctu
642 2823 789 2852 dormienti
804 2823 967 2857 sespitatcm

175 2874 318 2909 donantes,
339 2879 364 2902 rt
385 2874 496 2902 modum
519 2873 661 2913 sospitatis
682 2871 888 2899 denuntiantes.
919 2869 965 2908 Di_-

1053 2316 1122 2343 Ἀλλ’
1139 2315 1164 2341 οἱ
1186 2314 1272 2348 ἅγιοι,
1290 2313 1320 2339 τὸ
1344 2312 1431 2343 πάθος
1455 2308 1578 2344 ἀκριϐῶς
1602 2305 1806 2340 ἐπιστάμενοι,

1015 2362 1062 2389 καὶ
1080 2361 1130 2398 τὴν
1142 2361 1196 2387 τῶν
1212 2359 1367 2394 ἀλγηδόνων
1379 2357 1471 2385 αἰτίαν
1485 2354 1679 2390 γινώσκοντες,
1696 2351 1809 2386 χαριέν-

1014 2416 1067 2439 τως
1080 2397 1139 2437 πως
1151 2405 1362 2441 θεραπεύουσιν,
1377 2403 1408 2429 τὸ
1421 2402 1505 2436 φανὲν
1526 2399 1641 2430 ἐκείνοις
1662 2397 1809 2430 ἀδύνατον,

1015 2454 1122 2484 ἑαυτοῖς
1136 2450 1256 2486 εὐμαρὲς
1269 2448 1437 2479 δεικνύοντες
1455 2446 1502 2473 καὶ
1509 2445 1546 2476 ὡς
1559 2443 1696 2478 παίγνιον.
1712 2440 1809 2474 A550)-

1018 2508 1068 2535 μιν
1082 2498 1110 2525 δὲ
1122 2497 1169 2524 καὶ¹
1181 2496 1212 2524 τὸ
1237 2495 1287 2531 τῆς
1301 2493 1450 2530 θεραπείας
1466 2492 1515 2527 ἡδὺ
1540 2490 1588 2517 καὶ
1607 2489 1730 2523 ἐπίχαρι,
1759 2486 1811 2522 τὴν

1016 2534 1075 2572 τῶν
1084 2544 1171 2579 ἁγίων
1185 2540 1403 2577 ΰπέμφαίνοντες
1413 2539 1540 2574 δύναμιν,
1557 2537 1606 2564 καὶ
1617 2534 1715 2570 τέρψιν
1728 2541 1812 2560 πνευ-

1017 2590 1135 2626 ματικὴν
1166 2589 1286 2624 σαρκικῇ
1310 2586 1487 2621 μεμιγμένην
1515 2581 1650 2617 ἡδύτητι,
1674 2579 1811 2626 δημιουρ.

1014 2622 1127 2670 γοῦν-τες
1143 2632 1183 2668 τῷ
1204 2622 1339 2667 θαύματι,
1361 2629 1461 2665 μᾶλλον
1486 2627 1514 2657 δὲ
1527 2627 1584 2656 τοῖς
1600 2622 1750 2658 ἀκροαταῖς
1758 2629 1809 2670 γεῖ

1015 2666 1140 2717 νομένοις
1152 2666 1201 2707 τοῦ
1225 2666 1377 2713 θαύματος⁸
1399 2674 1540 2702 Ὺπνῶσαι
1557 2671 1604 2698 τδν
1618 2669 1736 2717 Παῦλον*
1745 2666 1813 2702 παρ’

1017 2712 1116 2755 ἐλπίδα
1132 2712 1306 2761 ποιήσαντες
1323 2722 1429 2757 (σχεδὸν
1445 2719 1500 2755 γὰρ
1517 2719 1559 2749 είς
1585 2717 1699 2750 ἀγνοιαν
1710 2760 1714 2761 7
1725 2712 1813 2739 ὓπνου

1022 2773 1183 2809 μετέπεσεν,
1208 2771 1259 2805 τὴν
1289 2768 1412 2803 κεφαλὴν
1435 2765 1547 2800 ἀφανῶς
1579 2760 1814 2809 βιὸρωσκόμενος,

1024 2805 1071 2847 καὶ
1085 2820 1146 2850 ταῖς
1163 2817 1272 2848 ὀδύναις
1287 2814 1436 2845 ἀνενδότως
1453 2807 1665 2847 κρατούμενος),
1682 2805 1815 2841 ἐφίσταν-

1019 2876 1064 2895 ται
1075 2865 1181 2900 νύκτωρ
1193 2863 1350 2890 καθεύδοντι
1361 2861 1410 2896 τὴν
1425 2860 1508 2896 (ιιῐισιν
1516 2855 1695 2892 διαρούμενοι,
1707 2850 1815 2886 καὶτῆς
