1909 3078
81 1700 83 1702 ’
123 1707 221 1734 τυρας,
256 1698 305 1725 καὶ
334 1698 401 1725 Θεὸν
429 1698 599 1733 άνυμνήσας,

116 127 181 159 34η

603 129 655 160 SS.
677 129 765 160 CYRI
779 126 1003 159 ET'IOANNIS
1020 126 1218 157 MIRACULA

1679 120 1749 164 3473

113 185 221 218 ῥώσεως
229 183 274 210 τὸν
287 183 385 220 τρόπον
399 183 556 220 μηνύοντες.
565 184 908 221 ’Υπέρορθρον,φασὶν,τῆς

977 184 1064 215 ueulo,
1084 180 1222 216 inquiunt,
1247 187 1262 206 a
1283 182 1368 206 strato
1389 183 1571 210 consurgens,
1594 175 1626 201 ad
1643 182 1749 209 portam

111 229 257 265 στρωμνῆς
274 230 456 265 ἀνιστάμενος
465 231 511 257 ὲπὶ
521 231 609 266 πύλην
623 232 672 265 τὴν
686 232 754 266 πρὸς
765 231 905 258 θάλασσαν

110 275 189 308 ἔξιθι,
199 275 262 311 ἣτις
271 275 317 302 τὸν
330 275 383 309 ἔξω
391 276 440 302 τοῦ
459 276 512 302 νεὼ
525 277 677 312 περικλείει
687 276 842 312 περίϐολον·
858 277 905 303 καὶ

109 323 179 350 κατὰ
193 322 244 357 τῆς
258 322 385 356 σιαγόνος
395 323 441 349 τὸν
459 323 621 350 ὑπαντῶντα
651 323 832 358 εὺτενέστερα
854 322 904 358 ῥά-

110 378 198 397 πισον·
217 370 265 396 καὶ
280 369 360 396 τοῦτο
376 370 504 403 ποιήσας,
516 371 563 397 τοῦ
579 370 728 405 προσόντος
744 378 784 396 σοι
803 369 905 401 πάθους

109 415 261 450 τὴνγρὦσιν
279 415 372 450 εὕροις
384 415 535 450 ταχύτατα.
546 415 630 448 Ὁ¹δὲ,
655 415 808 449 φαντασίαν
834 412 905 441 εἶναι

109 460 138 486 τὸ
152 461 238 495 φανὲν
263 460 451 495 ἡγησάμενος,
474 460 551 487 οὐδὲν
572 460 626 486 τῶν
643 461 712 496 πρὸς
729 460 784 487 τῶν
818 460 905 495 ἁγίων

109 505 260 540 λεχθέντων
273 505 348 540 αὺτῷ
363 505 529 540 διεπράξατο
542 514 548 520 ·
572 506 619 532 καὶ
631 506 670 538 δὶς
681 506 710 533 δὲ
727 506 806 533 τοῦτο
819 508 907 533 ποιεῖν

111 551 271 583 κελευσθεὶς
282 551 318 578 δι’
333 551 483 587 ὁράματος,
502 552 532 578 οὺ
550 552 714 588 πεποίηκεν.

144 595 195 622 Τὸ¹
204 596 297 631 τρίτον
311 596 339 622 δὲ
359 595 414 622 τῶν
441 597 591 632 μαρτύρων
614 597 756 630 εἰπόντων,
783 596 904 633 πυθόμε-

111 650 155 673 νος
183 642 223 673 ὡς
245 643 270 668 εἰ
289 642 328 677 μὴ
349 642 429 669 τοῦτο
451 643 602 678 ποιήσειεν,
627 643 678 677 τῆς
696 643 775 679 φίλης
791 644 820 670 οὺ
844 643 907 670 τεύ-

113 688 189 720 ξεται
212 687 335 723 ῥώσεως,
344 688 468 724 ἐγερθεὶς
478 688 529 723 τῆς
545 690 691 725 στρωμνῆς
703 689 906 725 ὀρθρινότερον,

111 733 156 760 τὸν
172 733 317 769 δειχθέντα
330 734 442 761 πυλῶνα
471 735 638 769 κατείληφεν
650 743 657 749 ·
683 735 856 770 στρατιώτην
877 735 906 762 δέ

112 788 170 805 τινα
188 779 262 806 κατὰ
275 780 325 814 τὴν
343 779 432 815 πύλην
458 779 532 814 αὐτῷ
554 781 772 814 συναντήσαντα,
799 780 847 806 καὶ
872 781 906 815 τῇ

114 825 164 860 μὲν
184 825 301 861 παλάμῃ
318 826 416 861 ράὁδον
431 825 612 860 βαστάζοντα,
631 827 664 861 τῇ
679 826 706 852 δὲ
731 827 833 862 καρδίᾳ.
860 826 908 854 τὸν

73 887 77 891 ~
113 871 200 906 θυμὸν
225 871 357 903 ὡσαύτως
381 873 544 907 κατέχοντα,
575 872 686 908 ῥαπίζει
705 873 808 907 σφόδρα
836 873 907 899 κατὰ

115 917 163 951 τῆς
177 918 302 952 σιαγόνος
320 917 368 950 τὴν
385 917 492 953 πληγὴν
508 919 704 954 ποιησάμενος.
729 919 758 945 Ὀ
774 920 803 946 δὲ
821 928 906 954 στρα-

115 964 231 999 τιώτης,
249 965 388 1000 μελλήσας
401 966 488 998 οὐδὲν,
499 965 568 992 ἀλλὰ
597 966 746 1000 σύνδρομον
761 965 799 1001 τῷ
825 965 908 1002 ῥαπί-

116 1019 200 1045 σματι
213 1011 265 1046 τὴν
280 1011 377 1038 ἑαυτοῦ
390 1011 552 1046 ποιούμενος
566 1012 681 1047 ἄμυναν,
693 1011 742 1046 τὴν
757 1012 909 1047 βακτηρίαν

116 1056 197 1088 εὐθὺς
209 1057 394 1089 ἀνατείνεται,
412 1057 518 1084 καὶτὸν
539 1057 694 1092 ῥαπίσαντα
717 1058 807 1094 ταύτῃ
837 1059 909 1085 κατὰ

117 1103 162 1129 τοῦ
178 1104 297 1137 κράνους
309 1103 490 1138 άντέπληξεν,
513 1096 700 1139 στερεωτέραν
719 1104 788 1131 πάνυ
803 1104 910 1139 πληγὴν

108 1149 154 1181 ’ὡς
170 1150 225 1185 χρὴ
240 1149 367 1185 ῥαπίζειν
380 1148 414 1186 ἦς
432 1150 539 1178 ἔλαϐεν.
558 1151 665 1182 Παῦλος
682 1151 711 1177 δὲ
726 1150 776 1186 τὴν
803 1151 911 1187 πληγὴν

117 1196 187 1221 κατὰ
199 1195 250 1229 τῆς
276 1196 399 1230 κεφαλῆς
417 1196 551 1230 τοσαύτην
571 1196 729 1231 δεξάμενος,
753 1197 910 1232 πίπτειχα-

121 1242 169 1275 μαὶ
200 1242 375 1275 τραυματίας
390 1241 547 1275 γενόμενος,
574 1242 621 1268 καὶ
646 1242 736 1277 βρύων
766 1242 862 1277 αἵματί
882 1251 911 1269 τε

120 1288 166 1314 ml.
183 1286 314 1321 σκὼληει,
324 1287 370 1313 καὶ
385 1287 490 1319 πάντας
505 1287 649 1314 ἀποϐαλὼν
659 1289 721 1316 τοὺς
733 1287 808 1314 ἔνδον
823 1288 913 1322 ὑπάρ-

119 1342 217 1368 χοντας
239 1332 395 1368 σκώληκας,
414 1333 530 1364 πολλούς
553 1341 582 1359 τε
597 1333 657 1360 λίαν
669 1333 840 1369 ὑπάρχοντας
865 1334 913 1360 καὶ

121 1377 236 1412 ἀφειδῶς
254 1377 336 1404 αὐτὸν
353 1377 556 1410 κατεσθίοντας,
569 1378 757 1413 ἀπηλλάττετο
772 1379 819 1405 τοῦ
835 1379 911 1414 νοσή-

123 1433 218 1458 ματος,
235 1423 398 1459 άπειλλαγὴν
413 1424 501 1459 εὑρὼν
519 1424 734 1459 ἀπροσδόκητον,
752 1425 842 1460 πληγῇ
869 1434 914 1459 χα-

123 1466 264 1505 ρισθεῖτὰν
279 1471 326 1496 καὶ
342 1469 492 1505 τραύματι.
511 1471 566 1496 Καὶ
579 1471 608 1497 τὸ
622 1471 736 1506 τραῦμα
766 1470 794 1497 δὲ
814 1470 913 1497 θᾶττον

124 1517 186 1551 ἰάθη
199 1525 208 1533 ·
226 1517 256 1543 οὺ
274 1516 327 1551 γὰρ
341 1516 452 1551 τραῦμα
464 1516 544 1543 τοῦτο
556 1517 588 1543 ἂν
604 1517 816 1552 εἷποιμεν,ἁλλὰ
831 1518 915 1552 τραύ-
928 1532 950 1561 c

124 1571 209 1597 ματος
226 1562 384 1596 φάρμακον,
400 1561 447 1588 καὶ
462 1561 540 1588 νόσου
567 1561 704 1597 βοήθημα,
719 1563 764 1588 καὶ
789 1563 917 1597 παθήμα-

123 1618 167 1641 τος
187 1608 373 1644 ἒμπλαστρον,
387 1609 435 1635 καὶ
458 1607 608 1640 κακώσεως
625 1607 697 1634 ἴασιν
713 1618 719 1625 ·
733 1609 780 1635 καὶ
810 1609 917 1636 τελείαν

122 1656 172 1689 τὴν
185 1653 270 1688 ρὦιν
285 1652 468 1688 δρεψάμενος,
484 1652 569 1687 ὕμνον
583 1651 669 1679 εἰπὼν
687 1653 728 1684 εἰς
751 1653 814 1685 τοὺς
845 1654 917 1689 μάρ-

639 1698 677 1729 ὠς
701 1698 820 1734 ἔπρεπεν
837 1720 844 1732 ,
871 1699 918 1727 τὸν

124 1745 157 1771 δι’
171 1743 262 1770 αὐτῶν
275 1743 426 1780 δεδρακότα
440 1743 489 1779 τὴν
503 1744 586 1776 ἴασιν,
601 1743 703 1779 ᾤχετο·
732 1744 845 1780 ἀφορμὴ
870 1746 918 1771 καὶ

125 1792 191 1825 ἡμῖν
202 1790 378 1826 χρηματίσας
392 1791 439 1817 καὶ
454 1790 649 1826 πρόφασις-τῆς
665 1791 704 1822 είς
719 1791 836 1826 Χριστὸν
847 1790 918 1826 ᾠδῆς

126 1836 175 1862 καὶ
189 1836 254 1867 τοὺς
266 1836 422 1870 μάρτυρας.
558 1860 561 1863 ,
787 1845 790 1847 ·

126 1881 175 1908 ιϐ’.
189 1880 259 1914 Περὶ
272 1879 455 1914 Στεφανίὸος
469 1879 524 1914 τῆς
541 1880 675 1915 ἐχούσης
692 1881 745 1908 τὸν
759 1882 918 1916 καρκίνον.

166 1928 214 1954 Ἐν
231 1927 286 1954 τῶν
298 1927 450 1961 θαυμάτων
466 1927 583 1961 γινέσθω
599 1928 647 1954 καὶ
661 1928 711 1962 τῆς
727 1929 887 1963 Στεφανίδος
903 1932 919 1966 ἠ

127 1973 280 2007 παράδοξος
297 1974 378 2007 ῐασις,
394 1973 442 2000 καλ⁵
456 1973 552 2009 μηδεὶς
570 1974 720 2001 ἀπιστείτω
733 1974 771 2009 τῷ
787 1974 920 2010 θαύματι,

127 2021 183 2048 τῶν
199 2020 288 2055 ἁγίων
303 2020 333 2047 τὸ
352 2019 445 2051 σθένος
468 2019 684 2055 σταθμώμενος,
709 2021 755 2047 καὶ
772 2021 853 2056 χάριν
872 2023 921 2057 τὴν

98 2070 102 2073 ’
127 2067 251 2094 δοθεῖσαν
272 2066 366 2098 αὐτοῖς
392 2066 584 2101 ὲπιστάμενος,
601 2066 626 2092 οἳ
649 2066 758 2102 νόσημα
775 2068 828 2094 πᾶν
843 2068 924 2103 θερα-

129 2112 262 2139 πεύουσιν
274 2113 321 2138 καὶ
334 2112 418 2147 ρῶσιν
435 2111 469 2138 δι’
486 2109 576 2138 οἶκτον
589 2111 748 2148 χαρίζονται
764 2114 848 2140 πᾶσιν
866 2116 924 2146 τοῖς

129 2158 236 2190 πιστῶς
261 2158 354 2190 αὐτοῖς
381 2156 629 2193 προσπελάζουσιν.
653 2158 787 2192 Στεφανὶς
817 2157 864 2186 οὗν
893 2160 924 2186 τὸ

957 236 1019 263 quae
1034 227 1068 255 ad
1089 235 1162 254 mare
1178 226 1255 253 ducit
1279 224 1420 261 egredere,
1437 229 1499 258 qtm
1513 222 1607 256 templi
1626 221 1750 248 exterius

959 274 1061 301 claudit
1078 273 1243 301 vestibulum
1257 281 1265 305 ;
1277 276 1304 299 et
1319 278 1394 302 eum,
1406 270 1454 305 qui
1468 268 1517 296 tibi
1533 268 1633 295 obvius
1652 266 1750 299 fuerit,

958 319 985 347 in
1003 319 1114 346 maxilla
1134 318 1241 345 fortiter
1254 312 1333 352 alapa
1349 320 1480 352 percute;
1499 321 1554 350 quo
1567 313 1649 347 facto,
1662 321 1751 348 aegro-

958 365 1071 398 tatione,
1085 372 1166 399 quam
1181 364 1278 394 habes,
1288 362 1421 389 contintto
1441 359 1614 388 liberaberis.
1638 359 1673 385 At
1693 358 1749 389 ille,

957 410 1132 446 phantasiam
1162 417 1223 437 esse
1244 407 1318 444 quod
1336 411 1505 442 apparuerat
1529 405 1665 440 cogitans,
1683 404 1750 438 nihil

957 465 1053 484 eorum
1077 463 1138 490 qua:
1158 455 1235 489 jnssa
1260 453 1314 482 sibi
1338 461 1352 480 a
1369 451 1475 481 sanctis
1486 451 1604 483 fuerant,
1625 450 1681 486 egit
1703 453 1752 476 :et

955 503 1001 531 bis
1015 505 1066 531 hoc
1086 502 1176 530 facere
1191 502 1288 537 jussus
1299 508 1347 535 per
1359 499 1464 531 visum,
1474 505 1529 525 non
1546 496 1621 524 fecit.

990 594 1086 622 Tertio
1111 597 1202 620 autem
1222 591 1257 619 ad
1283 591 1372 626 ipsum
1400 588 1504 617 sanctis
1524 586 1698 618 dicentibus,
1723 589 1750 612 et

957 644 1099 675 cotnperto
1118 639 1163 666 ille
1175 636 1259 673 quod.
1277 635 1330 663 nisi
1343 634 1396 662 hoc
1412 632 1680 664 faceret,sanitatetn
1696 637 1750 656 non

957 691 1032 715 esset
1048 686 1249 720 impetraturus
1263 685 1396 711 amatam,
1411 679 1490 707 valde
1504 685 1585 705 mane
1597 676 1717 704 surrexit
1737 683 1751 701 e

958 732 1071 762 lectulo.
1088 734 1115 758 et
1129 729 1161 756 ad
1176 728 1319 756 ostensam
1342 726 1393 753 sibi
1417 729 1524 760 portatu
1542 722 1685 759 pervenit;
1701 722 1752 748 mi-

959 778 1032 806 litem
1046 784 1111 804 vero
1126 773 1270 810 quemdam
1292 772 1369 808 juxta
1389 776 1495 806 portam
1509 769 1618 796 obviam
1639 767 1692 795 sibi
1709 775 1754 794 ve-

959 824 1093 854 nientem,
1111 821 1157 856 qui
1172 820 1278 854 virgam
1297 817 1407 853 quidem
1424 817 1451 843 in
1467 823 1554 843 manu
1571 815 1691 846 tenebat,
1707 814 1753 841 sed

963 871 1083 897 furorem
1101 868 1128 895 in
1143 866 1227 894 corde
1242 865 1359 892 minime
1376 862 1547 895 continebat,
1572 861 1668 889 valida
1686 859 1758 888 ceci-

963 914 1003 942 dit
1015 913 1105 947 alapa,
1120 912 1228 947 plagam
1250 910 1277 937 in
1298 909 1407 936 maxilla
1422 906 1694 935 vehementissimam
1717 904 1756 931 [ιι-

962 960 1049 988 ciens.
1063 958 1141 985 Miles
1152 962 1256 989 atttem,
1269 955 1336 982 nihil
1352 954 1466 981 omnino
1482 952 1639 988 negligens,
1653 950 1700 979 sed
1713 950 1755 977 sui

963 1005 1066 1034 cursim
1090 1010 1140 1039 pro
1167 1002 1246 1037 alapa
1275 999 1433 1027 retribucns
1462 998 1605 1029 ultionem,
1630 996 1756 1023 baculum

963 1050 1114 1080 confestim
1131 1047 1268 1079 extendit,
1279 1050 1307 1074 et
1326 1053 1388 1073 eum
1406 1044 1451 1079 qui
1462 1051 1492 1071 se
1503 1046 1691 1078 percusserat,
1705 1042 1757 1068 hoc

964 1100 991 1126 in
1015 1097 1105 1132 capite
1127 1093 1307 1130 repercussit,
1329 1091 1471 1119 fortiorem
1498 1090 1604 1125 plagam
1627 1097 1658 1116 ea
1675 1096 1757 1123 quam

964 1152 1047 1172 manu
1067 1144 1213 1177 acceperat
1232 1140 1357 1174 inﬂigere
1379 1136 1480 1164 baculo
1501 1139 1637 1169 satagens.
1653 1133 1757 1160 Paulus

965 1199 1032 1219 sane
1051 1186 1209 1224 hujusmodi
1236 1185 1316 1220 plaga
1334 1187 1444 1218 recepta
1462 1182 1489 1209 in
1512 1182 1614 1217 capite,
1642 1180 1716 1207 cadit
1731 1181 1757 1206 iu

965 1241 1068 1264 terram
1086 1234 1248 1261 vulneratus
1267 1231 1394 1262 ell‘eetus,
1421 1236 1446 1257 et
1468 1228 1631 1264 sanguinem
1647 1235 1678 1254 ac
1697 1235 1758 1253 νηϊ-

967 1289 1025 1309 mcs
1059 1279 1222 1311 cﬂuridetis;
1259 1285 1322 1304 natu
1356 1276 1495 1308 omnibus,
1525 1282 1595 1310 quos
1627 1273 1760 1300 habuerat

967 1328 1129 1359 introrsum,
1157 1324 1265 1360 ejectis,
1295 1323 1359 1350 licet
1375 1322 1453 1349 multi
1467 1321 1579 1351 fuerint,
1591 1325 1617 1347 et
1629 1328 1682 1346 nou
1696 1328 1759 1355 par-

967 1378 1062 1401 centes
1073 1381 1102 1401 se
1111 1370 1313 1402 devoraverint,
1323 1368 1467 1396 redimitur
1478 1376 1492 1394 a
1506 1366 1761 1402 Ianguot‘e,re-letn-

968 1421 1088 1456 ptionem
1115 1419 1284 1454 insperatam
1310 1416 1461 1452 reperiens,
1478 1415 1584 1450 plagam
1607 1413 1657 1441 sibi
1674 1413 1762 1440 dona-

969 1472 1023 1494 tam
1035 1475 1051 1494 e
1069 1466 1191 1493 vulnere.
1214 1464 1301 1491 Porro
1319 1463 1457 1502 maturius
1473 1462 1618 1489 sanitatem
1642 1461 1763 1488 \ulneris

968 1517 1135 1541 consecutus
1143 1515 1194 1540 est.
1211 1511 1270 1539 Non
1282 1516 1374 1538 autem
1386 1510 1438 1536 hoe
1457 1509 1556 1536 vulnus
1571 1508 1670 1534 Int't‘ito
1686 1508 1764 1534 dixe-

969 1553 1032 1592 rim,
1065 1559 1113 1587 sed
1138 1558 1289 1586 remedium
1317 1556 1451 1588 vulneris,
1477 1560 1505 1582 et
1525 1555 1667 1589 languoris
1684 1555 1762 1580 auxi-

970 1607 1048 1639 lium,
1078 1610 1105 1633 et
1135 1603 1466 1640 passionisemplastrutu
1489 1602 1523 1629 atl
1536 1601 1680 1629 sanitatem
1695 1600 1765 1627 allii-

969 1653 1081 1680 ctionis.
1105 1652 1137 1678 lit
1167 1651 1287 1685 perfecta
1311 1649 1445 1685 sospitate
1472 1643 1601 1683 recepta,
1632 1647 1764 1683 hymnum

970 1699 1040 1726 dixit
1055 1699 1082 1725 in
1097 1702 1250 1733 martyres;
1267 1697 1419 1732 Deumque,
1434 1695 1482 1731 qui
1495 1703 1544 1730 per
1556 1703 1603 1722 eos
1619 1695 1765 1721 sanitatem

971 1748 1139 1780 patraverat,
1161 1743 1361 1771 decentissime
1387 1742 1517 1774 laudans,
1542 1741 1682 1776 profectus
1705 1745 1765 1773 est;

973 1793 1060 1820 l‘onms
1078 1791 1158 1819 nobis
1169 1790 1287 1818 ell'ectus
1300 1793 1382 1824 atque
1396 1788 1510 1816 occasio
1525 1789 1552 1815 in
1567 1788 1706 1815 Christum
1723 1795 1768 1814 ta-

971 1838 1053 1865 uemli
1068 1837 1170 1864 cantici
1189 1841 1216 1871 et
1237 1836 1265 1863 in
1281 1839 1428 1870 martyres.

1041 1882 1112 1910 XIX.
1138 1881 1174 1909 De
1194 1881 1356 1916 Slepltam'dc
1368 1889 1426 1915 qua:
1443 1889 1569 1908 cancrum
1589 1880 1694 1906 lmbtu'l.

1008 1927 1096 1955 Unum
1109 1927 1304 1954 miraculorum
1316 1926 1360 1953 liat
1371 1927 1452 1954 etiarn
1466 1926 1642 1960 Stephauidis
1651 1926 1770 1952 admira-

972 1972 1034 2000 bilis
1049 1973 1164 2004 sanitas,
1174 1971 1253 2006 cujus
1268 1979 1349 1998 nemo
1364 1971 1524 1999 incredulus
1534 1972 1586 1999 erit
1598 1971 1731 2002 miraculi.
1746 1980 1768 1999 SI

972 2023 1133 2046 sanrtorum
1152 2017 1303 2052 potentiam
1319 2016 1466 2051 penderet,
1482 2021 1509 2044 et
1525 2018 1617 2044 datam
1632 2018 1685 2044 illis
1700 2018 1770 2043 divi—

966 2060 1049 2090 nitus
1065 2062 1180 2098 gratiam
1196 2066 1292 2098 aperte
1309 2063 1454 2096 comperit,
1468 2070 1521 2096 qua
1531 2070 1640 2089 omnem
1655 2063 1770 2096 languo-

975 2117 1031 2136 rem
1048 2114 1158 2140 eurant,
1174 2112 1202 2136 et
1216 2107 1326 2135 cunctis
1339 2108 1385 2142 qui
1404 2109 1437 2134 ad
1455 2116 1485 2135 se
1502 2108 1618 2135 ﬁdeliter
1633 2109 1770 2136 accedunt

976 2155 1122 2187 sanitatem
1147 2154 1336 2182 miserationis
1361 2155 1462 2181 intuitu
1485 2154 1599 2181 donant.
1623 2155 1771 2189 Stephan-s

131 2204 265 2240 προτεθὲν
279 2204 345 2239 ἡμῖν
360 2204 401 2236 είς
414 2203 545 2239 ἐξήγησιν
558 2203 679 2238 γύναιον,
691 2204 778 2236 πάθος
793 2205 855 2240 ἔσχε
869 2205 918 2232 δει-

977 2211 1040 2239 ergo
1063 2203 1173 2234 mulier,
1192 2209 1253 2237 qua:
1277 2202 1310 2228 ad
1338 2202 1498 2229 relationem
1525 2202 1604 2230 nobis
1628 2203 1768 2236 proposita

131 2251 176 2278 νὺν
190 2251 239 2278 καὶ
259 2250 387 2278 ἀνίατον·
413 2250 543 2286 καρκίνος
567 2250 599 2277 τὸ
623 2250 711 2282 πάθος
733 2250 855 2285 ἐλέγετο,
873 2252 924 2278 οὐκ

131 2296 234 2332 ἀπᾷδον
248 2295 308 2330 ἔχον
330 2296 381 2330 τῆς
397 2295 506 2330 φύσεως
517 2295 612 2329 ὄνομα·
621 2295 743 2330 καρκίνῳ
751 2295 805 2331 γὰρ
818 2296 921 2329 ἐοικὸς,

132 2341 246 2372 εἰκότως
263 2340 339 2375 αὒτῷ
352 2341 400 2367 καὶ
422 2341 473 2376 τὴν
493 2340 680 2376 προσηγορίαν
693 2341 822 2368 κοινωνὸν
840 2350 925 2377 προσ-

133 2387 253 2419 εδέξατο.
270 2387 325 2413 Καὶ
341 2386 421 2413 τοῦτο
439 2386 489 2420 μὲν
508 2386 632 2422 ὑπῆρχεν
645 2387 696 2421 τῆς
711 2387 874 2421 Στεφανίδος
893 2387 924 2414 τὸ

133 2433 252 2468 νόσημα,
267 2428 298 2458 οὗ
315 2431 396 2467 μόναι
414 2432 463 2464 τὰς
484 2432 634 2468 ἀλγηδόνας
653 2431 813 2459 ἐπίστανται
829 2441 925 2467 γυναι-

133 2478 188 2505 κῶν
202 2479 264 2505 ὅσαι
281 2477 478 2514 πεπείρανται·
508 2477 598 2513 ἰατροὶ
630 2477 671 2510 δὲ,
698 2478 746 2504 καὶ
770 2478 874 2506 τούτων
900 2480 926 2506 oi

133 2524 267 2560 γενάρχαι
288 2523 406 2559 Γαληνὸς
421 2524 469 2551 καὶ
487 2524 673 2559 Ἱπποκράτης
684 2543 692 2556 ,
714 2524 745 2550 τὸ
761 2525 810 2559 τῆς
827 2525 926 2561 τέχνης

135 2569 240 2604 κομψὸν
256 2570 461 2605 σεμνολόγημα,
476 2570 527 2604 τὴν
537 2567 623 2606 ἧτταν
639 2570 705 2605 βοᾷν
718 2570 769 2597 οὐκ
781 2571 927 2606 αἰσχύνον-

135 2623 189 2648 ται,
200 2615 248 2642 τὸν
261 2615 331 2651 πρὸς
344 2616 476 2651 καρκίνον
490 2616 522 2643 τὸ
538 2617 625 2648 πάθος
638 2616 854 2652 παραιτούμενοι
874 2618 928 2645 πό-

135 2660 227 2696 λεμον,
251 2662 299 2688 καὶ
320 2663 377 2693 τοῖς
401 2661 572 2697 νικητηρίοις
599 2662 666 2689 αὐτὸ
690 2663 926 2698 καταστέφοντες·

136 2706 222 2743 ταύτῃ
235 2706 392 2739 δεικνύντες
409 2706 494 2734 αὐτοῦ
508 2707 556 2742 τὴν
572 2708 692 2742 φυσικὴν
708 2707 882 2743 σκολιότητα,
895 2710 929 2744 ἢν

137 2750 165 2776 ob
179 2751 328 2786 φάρμακον
341 2752 478 2787 εὑτριεὲς,
494 2752 524 2778 οὺ
550 2753 726 2788 δραστήριον,
750 2754 801 2780 οὐκ
825 2753 929 2789 ἐμπλα-

139 2804 216 2832 στρος
230 2798 247 2832 ὴ
263 2797 396 2833 γαλϐιανή
414 2807 443 2824 τε
460 2798 506 2825 καὶ
519 2798 707 2833 πάγχρηστος,
719 2799 770 2834 οὐχ
783 2801 800 2835 ἡ
812 2801 928 2835 Φίλωνος

129 2843 294 2880 λαλουμένη
314 2844 459 2879 ἀντίδοτος,
481 2845 532 2872 οὐκ
561 2845 624 2872 ἄλλο
641 2854 666 2871 τι
683 2846 799 2880 φυσικόν
825 2856 853 2874 τε
882 2850 928 2876 καὶ

977 2255 1030 2281 est,
1053 2249 1210 2284 passionem
1228 2249 1326 2275 habuit
1348 2249 1488 2276 crudelem
1515 2252 1542 2275 et
1566 2249 1747 2276 insanabilem
1763 2270 1770 2281 ,

977 2303 1038 2332 quae
1049 2303 1150 2323 cancer
1161 2295 1326 2330 appellatur,
1344 2303 1397 2322 non
1415 2295 1558 2322 dissonum
1573 2295 1680 2323 habens
1691 2304 1704 2321 η
1723 2304 1771 2322 ua-

978 2347 1038 2369 tura
1052 2350 1152 2369 nomen
1167 2351 1174 2374 ;
1187 2349 1290 2368 cancro
1306 2342 1378 2369 enini
1389 2341 1486 2368 similis
1500 2340 1582 2373 facta,
1598 2349 1770 2375 consequi-u-

977 2391 1019 2416 ter
1036 2387 1070 2414 ab
1092 2394 1125 2414 eo
1148 2386 1231 2414 etiam
1257 2386 1481 2413 communionem
1507 2387 1614 2422 accepit
1634 2388 1771 2414 \oeabuli.

979 2434 1013 2462 Et
1028 2435 1071 2461 hic
1082 2433 1194 2469 quidem
1210 2433 1326 2468 languor
1333 2439 1394 2459 erat
1405 2432 1593 2468 Stephanidis,
1608 2433 1689 2467 cujus
1705 2435 1772 2461 sola:

977 2481 1087 2509 dolores
1120 2480 1161 2507 Ιιλε
1190 2479 1297 2507 femina:
1321 2484 1432 2512 norunt,
1467 2487 1533 2514 quas
1546 2485 1665 2516 expertae
1688 2487 1772 2513 sunt;

980 2527 1078 2554 medici
1097 2529 1188 2554 autem
1213 2525 1367 2560 horumque
1395 2532 1580 2561 praeceptores
1603 2527 1724 2556 Galentts
1745 2533 1774 2556 ct

979 2572 1171 2608 Hippocrates,
1188 2572 1233 2607 qui
1258 2572 1401 2600 medicinae
1416 2573 1484 2600 artis
1508 2578 1616 2609 compta
1640 2575 1772 2602 videban-

980 2623 1025 2647 tur
1043 2627 1106 2647 esse
1127 2619 1248 2646 laudatio
1274 2623 1301 2646 et
1324 2618 1469 2653 gloriatio,
1498 2620 1704 2653 superationetu
1729 2624 1771 2649 Stli
1795 2649 1798 2653 ,

979 2665 1101 2693 clamare
1124 2672 1179 2691 non
1204 2663 1426 2696 confunduntur,
1453 2672 1508 2692 non
1535 2666 1616 2692 modo
1639 2667 1773 2695 adversus

981 2710 1073 2738 cancri
1087 2709 1242 2744 passionem
1265 2710 1335 2737 mire
1348 2710 1476 2744 praelium
1497 2718 1667 2745 recusantes,
1683 2713 1732 2739 sed
1746 2719 1773 2740 et

983 2757 1054 2784 hanc
1069 2755 1194 2783 victoriis
1208 2759 1374 2784 coronantes
1390 2764 1398 2782 :
1415 2757 1466 2797 hoc
1485 2757 1567 2784 modo
1587 2762 1773 2785 ιιιοιιδιηηίκς.

983 2803 1133 2831 naturalem
1146 2802 1234 2838 ipsius
1249 2804 1424 2837 pravitatem.
1440 2811 1521 2838 quam
1536 2812 1589 2831 non
1603 2804 1773 2832 medicamen

983 2851 1052 2879 bene
1075 2851 1170 2877 tritum
1191 2853 1218 2877 et
1237 2849 1341 2884 enicat,
1363 2857 1419 2878 non
1435 2850 1613 2886 emplastrum
1628 2850 1764 2886 gulbiaua:
