1909 3078
235 120 313 169 3m

662 138 691 168 s.
715 138 926 170 SOPHRONII
944 122 1197 171 PATRIARCIi/E
1216 140 1418 172 HIEROSOL.

1797 142 1866 175 3484

223 195 362 222 «ειεηάυηὶ
380 193 506 223 oﬂccttts.
529 194 615 222 Porro
631 195 735 223 viscera
756 204 785 223 se
804 197 859 231 pati
878 197 1023 230 clamabat,

1085 207 1161 230 μαιον,
1186 199 1233 225 καὶ
1253 198 1339 225 ταῦτα
1364 197 1515 226 δάτι-ιεσθαί
1538 207 1568 225 τε
1591 198 1638 226 καὶ
1663 199 1866 234 σπαράττεσθαι

237 242 348 275 hincque
362 240 466 268 comedi
495 247 528 268 ac
546 241 658 268 lacerari
674 241 808 277 plorabat,
823 246 851 270 et
867 243 940 270 aliud
960 243 1024 277 quid

236 293 348 312 causam
365 285 575 314 sciscitantibus
590 293 644 313 non
661 286 778 314 dicebat.

273 331 338 358 Illuc
364 335 454 357 autem
483 331 652 358 medicorum
684 339 813 366 proceres
838 331 1024 366 conﬂuentes,

235 382 324 409 neque
343 375 498 409 passionem
517 376 733 410 cognoscebant,
748 384 838 411 neque
852 384 962 404 causam
977 377 1025 405 de-

235 421 409 454 nuntiabant,
430 428 519 456 neqtte
544 421 647 456 aliqttid
669 422 844 455 patiebantur
863 423 960 450 oﬂ'erre
981 430 1025 450 re-

234 465 369 497 medium.
390 466 439 493 sed
468 466 505 493 nil
535 467 679 501 prodesse.
695 468 835 501 valentes,
860 469 939 504 quasi
969 476 1024 496 non

234 511 436 546 apparuissent,
464 512 684 540 revertebantur.
715 513 775 546 Quo
801 519 952 549 comperto,
977 515 1023 549 qui

234 555 342 582 mulieri
368 557 554 591 pertinebant,
573 558 710 585 maturius
734 566 793 586 eam
819 559 854 586 ad
877 560 978 595 Cyrum
998 565 1024 588 et

232 600 366 628 Joannem
394 607 528 638 martyres
555 603 676 637 ducunt,
708 605 778 632 haud
805 606 905 633 divinae
935 607 1022 634 virtu-

232 646 268 678 tis
292 654 388 674 eorum
421 649 517 683 ignari,
536 657 585 684 per
609 657 690 684 quam
717 651 864 679 sanitatem
890 652 1023 680 acceden-

232 692 306 720 tibus
320 693 473 728 porrigunt,
489 700 515 722 et
527 702 611 730 opera
628 702 759 731 peragunt
775 697 946 730 admiranda,
962 706 1024 733 qua!

232 745 282 763 nec
298 745 389 765 sermo
406 742 497 773 potest
513 747 654 773 enarrare,
670 749 722 768 nec
741 742 821 776 plane
840 750 939 771 sensus
953 743 1024 771 valet

233 782 372 810 hominum
389 783 562 820 intelligere;
578 793 676 814 omnes
695 787 834 815 beneficiis
856 796 1023 825 persequen-

232 832 283 858 tes.
299 832 381 862 atque
395 829 549 862 salvantes,
562 834 617 858 eLa
631 832 770 859 continuis
785 833 915 868 periculis
928 841 1024 862 eruen-

1076 243 1238 275 διωλόλυζεν
1248 253 1255 259 ·
1272 244 1366 280 ἕτερον
1379 243 1408 270 δέ
1422 252 1448 270 τι
1462 245 1519 275 τοῖς
1533 243 1584 280 τὴν
1599 244 1688 271 αἰτίαν
1701 244 1866 279 πυθομένοις

1076 289 1127 317 οὐκ
1141 290 1245 324 ἔλεγεν.
1812 295 1819 299 ‘

1121 336 1227 362 Ἐκεῖσε
1242 335 1271 362 δὲ
1286 335 1340 362 τῶν
1357 335 1458 371 ίατρῶν
1475 336 1498 362 οί
1520 336 1672 371 προστάται
1694 335 1866 372 συρρέοντες,

1075 379 1138 407 οὔτε
1156 381 1186 407 τὸ
1203 381 1290 413 πάθος
1304 381 1464 415 ἐγίνωσκον,
1483 380 1546 408 οὔτε
1560 381 1611 417 τὴν
1623 381 1713 408 αἰτίαν
1728 381 1866 416 ἀπήγγελ-

1075 425 1140 458 λον,
1163 425 1226 452 οὔτε
1261 426 1432 461 προσφέρειν
1455 425 1598 461 ήνίσχοντο
1626 427 1783 462 φάρμακον,
1808 426 1866 453 ἀλλ’

1076 469 1246 504 ὠφελοῦντες
1281 469 1342 497 οὐδὲ
1366 470 1404 501 ὡς
1430 470 1468 505 μὴ
1492 471 1622 504 φανέντες
1644 469 1866 505 ὑπέστρεφον.⁸0

1077 515 1212 551 μαθόντες
1224 517 1247 542 οἱ
1260 515 1300 551 τῷ
1313 516 1418 551 γυναίῳ
1434 516 1620 551 προσήκοντες
1629 537 1637 548 ,
1662 516 1758 543 θᾶττον
1781 515 1867 552 αὐτὴν

1075 561 1145 597 πρὸς
1166 561 1258 597 Κῦρον
1279 563 1327 589 καὶ
1349 561 1476 597 Ἰωάννην
1503 562 1566 593 τοὺς
1585 561 1728 597 μάρτυρας
1742 562 1866 595 ἄγουσιν,

1074 607 1124 634 οὐκ
1137 608 1270 642 ἁγνοηταὶ
1282 608 1333 643 τῆς
1347 608 1420 640 θείας
1435 608 1525 634 αὐτῶν
1532 608 1607 639 ὅντες
1619 607 1773 643 δυνάμεως,
1786 607 1822 635 δι’
1833 606 1867 643 ἧς

1074 653 1125 685 τὰς
1152 654 1238 685 ίάσεις
1268 655 1324 686 τοῖς
1349 654 1510 689 προσιοῦσιν
1533 654 1677 689 ὀρέγουσιν
1697 655 1744 680 καὶ
1764 654 1868 689 δρῶσιν

1075 697 1144 734 ἔργα
1160 698 1312 733 θαυμάσια,
1335 698 1354 725 ἃ
1383 698 1449 733 μηδὲ
1464 698 1543 732 λόγος
1558 698 1669 725 δύναται
1683 699 1868 734 διηγήσασθαι

1076 744 1143 780 μηδὲ
1156 745 1252 780 νοῆσαι
1269 744 1363 778 σαφῶς
1373 745 1526 779 ἀνθρώπων
1539 745 1625 780 ἰσχύει
1638 744 1868 776 διὰνοια,πάντας

1074 789 1284 826 εὐεργετοῦντες
1301 790 1348 816 καὶ
1363 789 1510 823 σώζοντες,
1521 791 1569 816 καὶ
1587 789 1718 817 κινδύνων
1733 790 1870 817 ἀλλεπαλ-

1074 836 1163 871 λήλων
1178 836 1374 872 λυτρούμενοι·
1392 836 1430 868 ὡς
1445 836 1490 862 διὰ
1511 835 1592 863 τοῦτο
1622 836 1791 872 δωρηθέντες
1812 838 1868 868 τοῖς

232 877 290 905 tes;
308 874 354 908 qui
373 874 501 902 nimirum
522 880 667 911 propterea
693 877 788 905 donati
814 883 880 906 sunt
901 880 1022 907 homini-

1085 881 1228 917 ινθρώτιοις
1244 882 1269 908 οῖ
1285 882 1357 916 ἅγιοι
1372 903 1379 914 ,
1399 882 1447 908 καὶ
1472 882 1545 913 δόσις
1566 881 1656 916 ἀγαθὴ
1677 882 1725 908 καὶ
1749 881 1869 918 δώρημα

231 917 283 945 bus
299 920 398 951 sancti,
417 920 510 948 datum
536 921 584 949 Dei
609 922 718 958 benigni
745 925 854 958 optimi,
868 929 895 953 et
919 926 1021 952 donum

231 964 401 999 perfectum,
427 974 492 1001 erga
520 967 647 996 homines
679 968 821 997 donatoris
850 970 1022 997 clementiam

232 1010 384 1042 innitentes.
408 1016 489 1046 atque
513 1017 542 1040 ut
561 1013 637 1048 digni
662 1015 753 1049 potius
779 1016 875 1044 datore
893 1017 1021 1052 cognosci

231 1056 362 1090 valerent,
379 1062 461 1093 quam
478 1067 579 1088 tnuttus
596 1060 657 1096 ejus
677 1059 768 1089 facere
784 1069 838 1090 non
855 1062 1021 1098 proﬁcuum,

230 1102 403 1131 festinantes.

264 1147 316 1180 Qui
334 1153 360 1175 et
379 1155 454 1182 tunc,
468 1148 605 1185 Martyriae
624 1150 729 1178 ntiserti
747 1152 839 1179 taliter
854 1152 1021 1186 dilacerata,

230 1197 260 1219 ut
275 1193 406 1226 diximus,
422 1200 449 1221 et
475 1195 587 1223 vocibus
612 1197 707 1224 arduis
731 1197 872 1232 ejulantis,
890 1199 924 1226 ad
946 1206 1021 1226 som-

230 1246 295 1265 num
312 1239 497 1272 deduxerunt,
515 1245 541 1267 et
561 1245 592 1268 ut
608 1242 746 1269 somnium
764 1243 899 1278 aspiceret
918 1252 1021 1279 praepa-

230 1289 370 1312 raverunt.
388 1285 443 1319 Ipsi
468 1291 560 1313 autem
578 1291 658 1314 erant
680 1287 726 1322 qui
752 1293 779 1315 et
800 1288 895 1316 videre
907 1290 1020 1322 dabant,

228 1334 254 1355 et
275 1329 321 1363 qui
346 1331 514 1364 apparebant
530 1339 536 1357 :
554 1332 629 1359 viros
652 1332 725 1359 enitn
747 1332 858 1361 videbat
878 1334 905 1361 in
928 1342 1022 1362 mona-

228 1375 342 1401 chorum
367 1376 490 1404 vestibus
513 1383 704 1410 coruscantcs,
725 1383 753 1406 et
773 1379 862 1407 lenius
883 1387 915 1407 ac
935 1381 1022 1415 placi-

229 1421 290 1448 dius
305 1421 456 1453 intuentes,
475 1426 578 1450 etcum
596 1424 749 1451 reverentia
768 1425 921 1458 venientes,
939 1431 1022 1461 atque

229 1467 353 1495 dicentes
368 1479 375 1496 :
390 1469 448 1502 Qua
464 1477 513 1504 pro
526 1477 608 1497 causa
625 1471 716 1497 taliter
731 1471 846 1504 clamas,
859 1477 886 1499 et
901 1472 1022 1499 dormire

229 1519 283 1538 non
299 1512 368 1540 sinis
385 1520 433 1540 eos
449 1513 495 1547 qui
512 1513 556 1540 hic
574 1513 600 1540 in
617 1513 757 1542 laboribus
775 1516 973 1550 perseverant?
988 1516 1021 1542 At

230 1558 274 1584 illa
298 1559 403 1586 viscera
423 1566 453 1586 se
473 1559 566 1588 dolere
588 1560 742 1595 respondit.
759 1562 791 1588 Et
807 1566 945 1597 martyres
961 1569 1022 1589 rur-

229 1613 278 1632 sus
304 1612 363 1631 eam
390 1605 482 1632 verbis
509 1606 660 1640 reciprocis
686 1608 894 1638 convenientes,
916 1607 952 1634 ita
979 1608 1021 1634 in.

229 1651 328 1685 quiunt
345 1660 351 1677 :
369 1650 401 1677 Et
416 1651 474 1678 sola
491 1656 519 1678 tu
535 1651 657 1679 dolorem
677 1652 763 1680 habes
778 1661 812 1680 ex
835 1653 877 1680 his
891 1653 1026 1681 omnibus

230 1697 452 1731 importabilent?
466 1703 493 1726 et
515 1698 567 1725 hoc
592 1698 678 1730 dicto,
695 1703 778 1733 caput
801 1699 925 1726 mulieris
948 1703 1022 1726 tenet

217 1737 355 1777 ‘uterque,
372 1749 398 1771 et
418 1751 479 1771 cum
509 1751 541 1772 os
564 1744 624 1778 ejus
650 1745 776 1772 manibus
800 1745 1020 1779 adaperuissent,

230 1789 348 1827 duorum
375 1790 479 1822 senior,
507 1789 595 1825 Cyrus
622 1789 750 1817 videlicet
777 1789 822 1816 ille
837 1790 1021 1822 mirabilis,in

229 1842 290 1862 eam
317 1839 360 1861 ter
387 1835 536 1863 insufﬂavit
554 1844 561 1862 :
581 1839 609 1863 et
636 1835 687 1862 hoc
715 1834 805 1867 facto,
833 1835 884 1870 ipsi
913 1834 1020 1869 qnident

230 1881 309 1916 quasi
328 1886 512 1915 recesserunt,
530 1881 576 1908 illa
593 1888 658 1909 vero
683 1885 742 1916 tam
764 1889 780 1908 a
803 1881 921 1913 somnio,
939 1889 1021 1916 quam

230 1934 244 1952 a
262 1933 360 1953 somno
381 1926 508 1959 dimissa,
527 1925 632 1953 doloris
653 1925 765 1961 quidem
789 1925 957 1953 mediocrem
980 1933 1023 1952 re-

228 1972 318 2007 quiem
344 1973 502 2006 sentiebat;
530 1972 683 2008 urgebatur
711 1976 802 1999 autem
831 1971 865 1999 ad
908 1971 1021 1999 latrinas

231 2020 334 2050 venire,
358 2026 415 2053 quo
443 2018 607 2053 perveniens
626 2017 720 2049 sedet,
746 2021 774 2045 et
799 2017 947 2050 palmarem
973 2024 1022 2051 per

229 2069 351 2091 venirent
369 2071 488 2091 vermem
505 2064 643 2098 deposuit,
655 2063 701 2098 qui
716 2063 777 2097 ejus
791 2062 900 2090 occulte
917 2063 1021 2090 viscera

229 2109 400 2137 comedebat.
420 2109 506 2142 Quem
522 2109 596 2136 velut
615 2113 723 2136 stercus
743 2115 888 2139 excreans,
905 2108 939 2135 ad
957 2114 1018 2135 san-

229 2161 337 2182 ctorum
367 2156 494 2190 spiritum
522 2155 645 2190 pulsum,
672 2155 779 2189 penitus
802 2162 818 2180 a
842 2154 983 2182 doloribus
996 2158 1023 2181 et

1072 928 1174 954 τέλειον
1191 926 1260 954 Θεοῦ
1272 927 1320 954 τοῦ
1338 927 1531 963 φιλανθρώπου
1549 927 1618 962 πρὸς
1634 927 1796 962 ἀνθρώπους
1811 927 1867 954 ὕπ-

1073 972 1216 1007 άρχοντες,
1233 973 1282 999 καὶ
1306 972 1472 1008 μιμούμενοι
1487 973 1517 999 τὸ
1530 973 1577 998 τοῦ
1591 973 1784 1008 δωρησαμένου
1806 973 1870 1007 φιλ-

1072 1017 1227 1053 άνθρωπον,
1250 1018 1297 1045 καὶ
1323 1017 1487 1049 σπεύδοντες
1510 1017 1586 1050 ἄξιον
1604 1018 1706 1053 μᾶλλον
1719 1018 1766 1045 τοῦ
1781 1019 1867 1045 δεδω-

1073 1063 1151 1095 κότος
1163 1063 1337 1099 χαρίζεσθαι,
1350 1064 1424 1100 ἥπερ
1449 1065 1534 1090 ποιεῖν
1551 1064 1635 1091 αὑτοῦ
1656 1065 1686 1091 τὸ
1701 1065 1788 1099 δῶρον
1803 1066 1868 1092 ἀνό-

1072 1117 1165 1144 νητον,

1108 1155 1140 1182 Οἳ
1163 1156 1211 1182 καὶ
1226 1154 1288 1181 τότε
1319 1154 1369 1190 τὴν
1393 1155 1558 1191 Μαρτυρίαν
1571 1154 1756 1190 οἰκτείραντες
1776 1155 1868 1187 οὕτως

1073 1201 1311 1236 σπαραττομένην,
1325 1199 1363 1232 ὡς
1376 1199 1493 1235 ἔφημεν,
1511 1200 1558 1226 καὶ
1572 1201 1674 1235 φωναῖς
1689 1200 1868 1234 διαπρυσίοις

1071 1247 1244 1282 οέμώζουσαν
1267 1246 1336 1282 πρὸς
1360 1245 1445 1273 ὕπνον
1471 1245 1646 1281 κατήγαγον·
1673 1246 1720 1272 καὶ
1738 1245 1871 1272 ἐνύπνιον

1073 1293 1121 1320 καὶ
1137 1293 1206 1327 ὄναρ
1221 1293 1289 1328 όρᾷν
1305 1292 1529 1327 παρεσκεύασαν.
1548 1291 1631 1318 Αὐτοὶ
1648 1291 1676 1317 δὲ
1690 1288 1760 1326 ἦσαν
1780 1292 1807 1317 οῖ
1823 1291 1870 1317 δε-

1072 1339 1189 1370 δωκότες
1205 1339 1271 1373 ὁρᾷν
1287 1338 1335 1364 καὶ
1349 1338 1526 1372 φαινόμενοι·
1543 1337 1644 1372 ἄνδρας
1667 1337 1722 1372 γὰρ
1748 1335 1870 1363 ἔϐλεπεν

1071 1385 1104 1411 ὲκ
1122 1384 1209 1419 μόνων
1221 1382 1276 1410 τῶν
1293 1383 1408 1418 ἱματίων
1423 1382 1632 1417 ἀστραπτοντας
1642 1402 1649 1414 ,
1665 1382 1712 1408 καὶ
1727 1383 1869 1417 προσηνές

1072 1438 1101 1456 τε
1119 1429 1269 1464 βλέποντας
1291 1429 1339 1455 καὶ
1366 1428 1515 1464 μειλίχιον
1537 1428 1584 1454 καὶ
1609 1427 1678 1462 πρδς
1697 1427 1782 1460 αὐτὴν
1805 1428 1870 1462 μετ’

1072 1475 1216 1507 εὐλαϐείας
1243 1475 1407 1510 ἐρχομένους
1434 1475 1480 1501 καὶ
1504 1474 1647 1507 λέγοντας·
1668 1473 1750 1504 Τίνος
1772 1472 1871 1499 ἕνεκεν

1074 1520 1146 1547 οὕτω
1163 1519 1237 1555 βοᾷς,
1251 1519 1298 1546 καὶ
1312 1518 1456 1546 καθεύδειν
1473 1518 1522 1544 οὐκ
1539 1518 1586 1552 ἐᾷς
1598 1517 1661 1547 τοὺς
1675 1517 1704 1542 ὲν
1717 1515 1807 1547 νόσοις
1823 1517 1871 1542 ὲν-

1075 1566 1137 1594 θόιδε
1155 1565 1375 1601 προσμένονταςς
1396 1564 1428 1591 Ἢ
1440 1564 1468 1590 δὲ
1484 1564 1518 1590 τὰ
1543 1562 1686 1597 σπλάγχνα
1702 1563 1796 1588 πονεῖν
1812 1562 1872 1588 ἀπ-

1072 1611 1209 1647 εκρίνατο.
1224 1610 1280 1637 Καὶ
1292 1610 1316 1636 οἱ
1336 1609 1475 1645 μάρτυρες
1489 1608 1572 1635 πάλιν
1587 1607 1672 1642 αὐτὴν
1685 1606 1872 1642 ἀμειϐόμενοι

1073 1658 1204 1693 ῥήμασιν,
1218 1655 1278 1683 εῐτά
1305 1664 1388 1690 φασιν
1404 1655 1481 1681 ’Καὶ
1505 1654 1572 1688 μόνη
1599 1652 1683 1679 ὕπνον
1706 1653 1738 1679 ὲκ
1763 1652 1873 1678 τούτων

1073 1703 1201 1731 ἁπάντων
1221 1703 1294 1737 ἔχεις
1314 1702 1470 1737 ἀφόρητον;
1486 1700 1541 1726 Καὶ
1555 1699 1635 1726 τοῦτο
1649 1699 1797 1733 φήσαντες,
1818 1698 1872 1733 τὴν

1072 1748 1194 1783 κεφαλὴν
1207 1747 1255 1774 τοῦ
1275 1740 1388 1781 γυναίου
1404 1744 1552 1781 κρατοῦσιν
1574 1744 1743 1779 ἀμφότεροι·
1770 1744 1820 1769 καὶ
1840 1743 1872 1769 τὸ

1074 1794 1161 1830 στόμα
1175 1792 1367 1826 διανοίξαντες,
1386 1793 1400 1818 ὁ
1422 1790 1476 1819 τῶν
1492 1791 1540 1817 δύο
1555 1789 1741 1825 πρεσῦύτερος
1763 1788 1872 1823 (Κῦρος

1072 1838 1149 1872 οὗτος
1162 1838 1197 1876 ἦν
1212 1841 1226 1866 ό
1244 1838 1400 1873 θεσπέσιος)
1426 1837 1513 1872 τούτῳ
1539 1837 1600 1871 τρὶς
1615 1834 1783 1869 ἐνεφύσησεν
1793 1842 1800 1849 ·
1822 1835 1873 1860 καὶ

1072 1886 1152 1914 τοῦτο
1175 1887 1357 1922 ποιήσαντες,
1380 1883 1457 1910 αὐτοὶ
1485 1883 1545 1918 μὲν,
1562 1882 1657 1916 φησὶν,
1673 1879 1873 1915 ἀνεχώρησαν,

1073 1933 1165 1968 ἐκείνη
1177 1933 1207 1959 δὲ
1223 1931 1270 1958 τοῦ
1285 1940 1315 1958 τε
1329 1930 1416 1957 ὕπνου
1435 1929 1541 1956 καὶτοῦ
1559 1927 1696 1964 ὁράματος
1711 1926 1853 1953 ἀπελύετο
1864 1934 1871 1941 ο

1073 1979 1122 2006 καὶ
1133 1979 1184 2013 τῆς
1197 1978 1247 2013 μὲν
1261 1977 1359 2012 ὀδύνης
1371 1975 1490 2011 μετρίως
1500 1971 1746 2003 ὲπέπαυτο,ἐλθεῖν
1759 1971 1789 1997 δὲ
1800 1971 1875 2006 πρὸς

1073 2023 1230 2059 ἁφεδρῶνας
1245 2022 1386 2057 ἠπείγετο,
1405 2020 1470 2047 ἔνθα
1485 2019 1620 2053 γενομένη
1635 2016 1785 2048 καθέζεται
1795 2035 1804 2048 ,
1822 2017 1874 2044 καὶ

1074 2068 1227 2104 παλαιστὴν
1242 2067 1286 2095 διὰ
1302 2067 1423 2102 γαστρὸς
1437 2065 1598 2100 κατήγαγεν
1612 2063 1753 2098 σκώληκα,
1775 2063 1824 2089 τὸν
1837 2062 1875 2089 τὰ

1075 2115 1217 2150 σπλάγχνα
1231 2113 1352 2148 κρυφίῳς
1369 2111 1559 2142 κατεσθίοντα,
1576 2110 1605 2137 ὃν
1630 2109 1668 2140 ὡς
1681 2108 1787 2143 κόπρον
1804 2117 1875 2134 κατ-

1076 2162 1144 2189 ιέναι
1156 2161 1322 2188 κελεύουσιν.
1351 2158 1453 2186 Τούτου
1472 2157 1500 2184 δὲ
1517 2156 1564 2183 τοῦ
1582 2155 1685 2186 πάθους
1699 2153 1875 2188 ἀπαλλαγεῖ-

230 2202 444 2229 lat-erationibus
470 2201 586 2228 liberata
613 2204 674 2234 est;
698 2200 862 2236 hymnisque
890 2200 1018 2235 martyri-

1085 2217 1107 2234 πα
1121 2208 1168 2234 καὶ
1182 2206 1331 2242 Μαρτυρία
1345 2204 1437 2235 suos;
1462 2202 1606 2237 ἐπέτυχεν,
1622 2201 1715 2236 χάριτι
1739 2201 1787 2226 καὶ
1807 2200 1874 2234 φιλ-

230 2249 280 2275 bus
295 2248 454 2279 cumulatis,
473 2255 539 2275 sana
557 2251 585 2275 et
603 2247 687 2275 illaesa
702 2248 828 2274 recessit.
844 2247 980 2285 Cum_qu:t
996 2250 1023 2273 et

228 2301 280 2321 nos
293 2294 388 2320 eadem
406 2293 460 2321 illis
481 2293 628 2329 hymnodia
652 2293 745 2325 allata,
770 2293 885 2320 alterius
905 2293 1021 2328 hymno-

227 2340 278 2367 dite
301 2338 434 2367 faciamus
451 2339 604 2372 obtentum,
623 2339 739 2366 alterius
760 2338 920 2366 relationem
938 2338 1021 2364 mira-

228 2385 282 2411 culi
302 2384 448 2413 facientes.

261 2439 343 2468 XXII.
362 2440 400 2468 De
412 2439 623 2475 Sarapammone
638 2439 727 2467 sciron
742 2439 853 2466 huben/e
870 2439 897 2465 in
911 2439 985 2474 pede.

260 2519 330 2553 Quid
357 2523 449 2547 autem
472 2519 607 2546 illustrem
634 2517 882 2552 Sarapammonetn
911 2517 1021 2553 negligi-

227 2565 311 2593 mus?
338 2565 361 2592 si
390 2572 452 2592 eum
474 2563 662 2599 przatergredi,
683 2567 711 2590 et
735 2570 798 2590 cum
825 2562 941 2597 reliquis
966 2570 1020 2590 non

225 2616 383 2638 enarratum
410 2610 539 2639 deserere
562 2610 703 2642 nolumus,
724 2616 843 2644 quorum
867 2609 1021 2636 multitudi-

227 2667 287 2686 nem
312 2658 365 2685 scit
389 2657 531 2684 hominum
550 2656 660 2690 quidem
687 2656 792 2686 uullus,
809 2655 857 2682 sed
882 2662 933 2682 nec
953 2662 1020 2682 con-

224 2705 310 2739 jicere
326 2707 426 2738 potest,
439 2702 493 2729 scit
518 2706 608 2728 autem
626 2702 703 2729 solus
718 2701 803 2732 Deus,
817 2704 843 2728 et
859 2703 919 2735 post
936 2700 1020 2727 Deum

228 2754 365 2783 tttartyrcs
388 2748 433 2782 qui
452 2746 597 2774 sanabant.
622 2746 693 2781 Ergo
717 2745 841 2773 dicemus
862 2745 922 2780 ejus
945 2745 1020 2771 inlir-

228 2794 360 2824 unitatem.
378 2799 404 2820 et
430 2801 492 2820 cum
522 2793 573 2819 hac
601 2792 887 2820 misericordissimam
918 2792 1020 2818 sanita-

227 2847 294 2875 tem,
309 2848 391 2876 quam
409 2841 441 2867 ad
462 2847 556 2868 omnes
578 2839 681 2874 egregii
707 2838 744 2866 illi
765 2838 905 2866 evidenter
928 2831 1019 2864 oste'n-

1074 2253 1218 2290 ανθρωπίᾳ
1234 2251 1354 2287 Χριστοῦ
1368 2249 1416 2277 τοῦ
1433 2248 1502 2276 Θεοῦ
1515 2248 1611 2284 ἡμῶν,
1629 2247 1676 2274 καὶ
1689 2246 1744 2273 τῶν
1762 2246 1877 2273 σεπτῶν

1073 2300 1236 2336 ἀναργύρων
1249 2298 1405 2333 δωρήμασι.

1073 2433 1137 2461 KB'.
1158 2431 1228 2466 Περὶ
1243 2426 1617 2497 Σαραπάμλὲοὲζρὶοἷκῖρον
1646 2425 1691 2458 εὶς
1712 2424 1769 2451 τὸν
1788 2424 1875 2451 πόδα

1107 2513 1141 2540 Τί
1156 2512 1185 2539 δὲ
1206 2512 1253 2538 τὸν
1266 2511 1394 2546 λαμπρὸν
1407 2509 1628 2545 Σαραπάμμωνα
1651 2505 1790 2541 μέλλομεν
1801 2525 1809 2537 ,
1837 2505 1878 2531 εῖ-

1072 2567 1126 2593 περ
1137 2557 1219 2584 αὑτὸν
1234 2556 1380 2592 παρελθεῖν
1395 2556 1425 2582 οὐ
1442 2552 1605 2589 βουλόμεθα,
1622 2551 1684 2578 οὕτε
1699 2550 1874 2577 καταλιπεῖν

1074 2604 1143 2640 μετά
1167 2603 1222 2630 τῶν
1243 2602 1345 2629 λοιπῶν
1370 2601 1534 2636 ἀδιήγητον;
1550 2595 1589 2625 ὧν
1606 2598 1656 2633 τὴν
1686 2597 1796 2632 πληθὺν
1815 2594 1875 2623 οῑόε

1074 2650 1123 2686 μὲν
1148 2648 1301 2684 ἀνθρώπων
1327 2647 1426 2679 οὐδεὶς,
1452 2645 1514 2672 οὐδὲ
1529 2642 1709 2679 στοχάζεσθαι
1733 2642 1874 2669 δύναται’

1072 2695 1141 2723 οἶδεν
1158 2695 1186 2722 δὲ
1213 2695 1291 2730 μόνος
1314 2694 1390 2726 Θεὸς,
1410 2692 1456 2719 καὶ
1476 2693 1500 2718 o!
1522 2690 1592 2725 μετὰ
1615 2689 1682 2716 Θεὸν
1701 2688 1875 2723 ἀκεσὰμενοι

1075 2742 1224 2778 μάρτυρες.
1242 2739 1348 2767 Οὐκοῦν
1358 2739 1480 2773 λέξωμεν
1492 2735 1575 2764 αὑτοῦ
1587 2735 1637 2770 τὴν
1651 2734 1809 2766 ἀσθένειαν,
1826 2736 1877 2761 καὶ

1074 2788 1134 2824 μετ’
1151 2788 1236 2822 αὐτῆς
1250 2787 1299 2822 τὴν
1316 2785 1507 2820 φιλάνθρωπον
1526 2783 1609 2814 ῐασιν,
1630 2782 1663 2816 ἢν
1684 2782 1708 2806 οἱ
1729 2780 1878 2806 θεσπέσιοι

1073 2835 1140 2870 πρὸς
1162 2835 1265 2866 πάντας
1286 2834 1379 2868 σαφῶς
1393 2831 1603 2861 ἐπιδείκνυνται,
1618 2829 1687 2856 Θεοῦ
1707 2826 1876 2862 φιλαπθρω-
