1909 3078
27 133 90 164 3455

501 134 552 165 SS.
565 134 719 165 CYRl-ET
735 133 897 166 IOANNIS
918 135 1125 166 MI-RACULA.

1592 135 1662 168 3-i86

25 188 82 215 πίαν
97 186 276 222 μιμούμενοι,
292 187 338 214 καὶ
351 187 382 215 τδ
396 189 526 223 συγγενὲς
541 190 669 225 εὐμαρῶς
680 191 815 217 ὲποικτεί-

880 191 948 223 lunt,
966 192 1089 220 divinam
1115 191 1290 219 clementiam
1319 191 1473 223 imitantes,
1496 196 1523 218 et
1546 191 1664 227 benigne

25 242 130 270 ραντες·
146 234 211 261 Τοϊν
226 234 346 262 ποδοῖννό
358 235 559 270 Σαραπάμμων
573 236 620 263 τὸν
637 236 730 271 ἕτερον
745 236 814 264 ἐπα-

25 288 92 314 σχεν,
110 280 160 306 καὶ
176 279 208 307 τὸ
223 281 309 313 πάθος
324 282 364 313 είς
373 281 457 316 τέρας
468 282 513 308 τὸν
527 281 672 317 ἄνθρωπον
688 282 813 317 ἧμειὸεν·

22 327 48 351 οὐ
60 325 173 360 τραῦμα
186 325 241 362 γὰρ
257 324 302 362 ἦν,
319 327 335 362 ἢ
353 328 501 363 φυμάτιον,
515 327 532 362 ἢ
548 328 643 362 ἕτερον
657 328 816 363 σύμπτωμα

22 371 110 406 ῥᾳδίαν
127 371 192 407 ἔχον
210 373 261 407 τὴν
285 373 359 403 τασιν
368 394 376 406 ,
393 373 452 400 ἀλλ’
468 374 483 399 ό
501 374 567 408 παρ’
593 374 697 409 ίατροῖς
723 376 817 410 σκῖρος

22 416 174 451 λεγόμενος,
202 417 271 452 ὅπερ
299 418 502 453 ἐπαχθέστατον
525 419 643 454 νόσημα,
659 420 719 446 ὅλον
733 420 817 446 αὐτοῦ

22 463 62 488 τὸν
69 462 140 489 πόδα
153 464 236 498 μέχρι
248 463 384 498 βουὸῶνος
394 464 553 500 περιλαϐὸν,
583 466 620 497 ὡς
646 465 732 492 ἀσκὸν
745 467 815 492 ἀπε-

23 508 136 540 τέλεσεν,
161 508 387 537 πολυπλασιάσαν
409 510 448 545 τῷ
470 510 547 545 ὄγκῳ
571 511 647 546 Δπρὸς
669 511 714 538 τὸν
750 512 816 545 ὑγιᾶ.

25 554 263 590 καταλειπόμενον.
278 555 356 582 Οὕτω
373 557 427 591 γὰρ
445 556 524 583 τοῦτο
543 557 574 583 τὸ
594 557 747 592 τερατῶδες
766 558 816 592 ἀρ-

26 599 155 636 ρώστημα
177 601 246 632 τέως
262 602 307 628 τὸν
321 602 419 637 ἔχοντα
434 603 542 638 τίθησιν
558 603 737 637 ἐναλλαγείας
759 603 814 637 ἀφ-

25 646 124 680 αιρέσει
141 647 190 673 καὶ
203 648 348 683 προσθήκῃ
363 648 410 674 τοῦ
424 648 556 680 πλείονος,
572 648 624 679 ἓως
636 649 669 674 ἂν
682 648 713 674 τὸ
727 648 814 684 ὑπέρ-

25 699 100 725 ογκον
111 692 246 727 αὐξήσεσι
257 693 365 729 περάσῃ
374 693 428 719 τῶν
441 693 585 728 βουϐώνων
595 694 642 720 τὸν
654 693 813 729 σύνδεσμον,

27 738 68 764 καὶ
81 738 144 765 ὅλον
161 739 284 774 ἀπολέσῃ
301 739 346 766 τὸν
361 739 516 773 ἄνθρωπον.

867 238 1001 272 proximis
1027 238 1233 266 miserationem
1260 243 1433 273 praestantes.
1453 238 1557 266 Pedum
1582 238 1664 266 Sara-

867 290 978 318 pammo
995 283 1024 310 in
1041 284 1129 311 altero
1153 284 1320 318 patiebatur,
1340 284 1488 319 passioque
1513 284 1546 311 ad
1572 284 1665 319 prodi-

867 330 942 364 gium
972 330 1111 357 hominem
1140 330 1338 357 transdueebat
1358 338 1365 356 :
1387 337 1441 356 non
1470 330 1542 356 enim
1562 330 1664 356 vulnus

867 379 938 408 erat,
955 380 1003 402 aut
1018 376 1130 411 papula,
1148 381 1195 403 aut.
1216 383 1298 403 casus
1319 375 1391 403 alius
1406 375 1452 410 qtti
1469 375 1562 402 sanari
1584 375 1665 402 facile

868 421 965 456 possit,
983 422 1031 448 scd
1050 421 1122 456 quod
1139 429 1154 448 a
1172 421 1285 449 medicis
1305 421 1394 448 sciros
1414 421 1529 452 dicitur,
1547 420 1664 455 languor

868 466 995 493 videlicet
1018 466 1168 501 pessimus,
1184 467 1232 501 qui
1248 470 1336 494 totum
1353 467 1447 501 pedem
1470 466 1558 500 ipsius
1576 473 1664 500 usque

868 512 901 539 ad
925 512 1066 548 inguinem
1087 514 1303 549 circumplexus,
1323 513 1395 541 sicut
1421 516 1510 539 utrem
1534 512 1663 547 patravit,

867 558 1054 593 multiplicans
1069 558 1141 585 hunc
1158 558 1374 593 incompassibili
1397 558 1478 589 tnule,
1496 558 1582 584 multo
1606 564 1663 583 am-

868 603 940 638 plius
951 611 1033 638 qualn
1052 605 1122 632 alter
1132 611 1191 632 erat
1204 606 1250 638 qui
1267 612 1352 632 sanus
1366 612 1426 632 esse
1440 603 1596 630 videbatur.
1616 602 1662 629 Sic

867 650 940 677 enim
959 651 1015 677 haec
1030 650 1185 686 prodigiosa
1200 651 1345 678 iltlirmitas
1365 649 1475 677 interim
1495 650 1539 678 sui
1552 648 1664 676 exhibet

868 701 1066 728 possessorem,
1084 696 1263 722 commutari’
1277 694 1381 722 faciens
1409 695 1468 728 ejus
1492 694 1609 720 formam
1637 698 1664 719 et

869 740 1005 772 habitum,
1022 744 1077 767 tam
1093 741 1260 775 zequalitatis
1281 740 1472 768 sultlevatione
1494 747 1577 774 quam
1602 739 1663 773 pln-

26 784 61 811 ris
97 784 255 817 additione,
276 784 364 813 donec
387 785 548 820 ingentibus
571 785 751 814 incrementis
786 786 986 815 connexionem
1013 787 1157 823 inguinum
1195 791 1328 820 transeat,
1361 791 1389 815 et
1413 791 1500 814 tottun
1527 786 1663 814 ltontint‘m

27 830 128 864 perdat.

62 896 132 923 Ἀλλ’
152 895 193 923 ἔτι
207 895 256 922 τοῦ
274 896 376 928 πάθους
388 897 538 929 νεάζοντος,
555 898 602 924 καὶ
618 898 706 933 ἀρχὴν
723 898 819 932 γεννή-

29 948 107 973 ματος
129 939 254 973 ἄγοντος.
276 941 290 965 ὁ
309 940 401 975 πατὴρ
426 940 567 973 Ἰουλιανὸς
581 942 679 976 (οὕτως
697 941 817 977 ἐλέγετο)

28 986 84 1017 τοὺς
93 985 148 1012 τῶν
163 986 268 1021 ἰατρῶν
283 985 425 1020 ἐξέχοντας
440 986 530 1021 φέρων
546 988 676 1021 ίκέτευεν,
694 989 818 1024 ἐρρωμέ-

28 1039 67 1056 νον
81 1030 155 1065 αὑτῷ
177 1030 223 1056 τὸν
240 1030 323 1057 παῖδα
339 1031 517 1066 χαρίσασθαι,
534 1032 648 1066 μισθοὺς
664 1033 757 1065 ἀξίους
771 1033 819 1060 δώ-

29 1086 72 1112 ρου
87 1076 266 1112 χαρίσασθαι.
286 1077 318 1103 οι
332 1076 360 1103 δὲ
377 1077 423 1103 τὸν
439 1077 560 1112 Γαληνὺν
577 1078 817 1113 περιστρέφοντες,

27 1124 70 1150 καὶ
82 1124 127 1150 τὸν
145 1122 332 1158 Ἱπποκράτην
346 1123 454 1154 ἑαυτοῖς
481 1123 677 1156 ἀνελίττοντες,
694 1125 742 1151 καὶ
753 1125 819 1151 πολ-

27 1170 57 1196 λὰ
75 1171 123 1205 μὲν
137 1170 185 1204 τῷ·
195 1170 318 1196 νοσοῦντι
340 1169 554 1204 προσφέροντες,
568 1171 609 1202 εὶς
628 1171 707 1197 κενὸν
721 1171 750 1197 δὲ
765 1180 818 1198 πυ-

28 1215 234 1248 πτεύοντες,καὶ
251 1215 367 1251 ἀνόνητα
376 1215 538 1250 κάμνοντες.
551 1215 598 1242 καὶ
616 1217 699 1251 μηδὲν
711 1217 819 1251 ὠφελῆο

29 1271 70 1288 σαι
84 1262 241 1296 δυνάμενοι,
253 1261 329 1292 τέλος
343 1260 508 1293 ἐπαύσαντο,
523 1262 556 1296 τῇ
572 1261 661 1297 παύλῃ
670 1261 720 1297 τὴν
733 1259 819 1297 ἧτταν

29 1307 218 1342 χοιμίσαντες,
237 1307 284 1333 καὶ
303 1306 353 1342 τὴν
372 1306 420 1332 τοῦ
442 1306 546 1338 πάθους
569 1307 724 1343 ἀπόρθητον
738 1308 819 1335 δύνα-

31 1362 81 1387 μιν.
90 1352 233 1380 Ἐντεῦθεν
249 1352 295 1378 ἐπὶ
311 1352 401 1387 Κῦρον
414 1352 429 1378 ὀ
440 1352 498 1383 νέος
511 1352 557 1378 καὶ
579 1352 705 1387 Ἰωάννην
720 1353 818 1388 ἐφέρε-

29 1408 55 1425 το
64 1407 72 1414 ·
82 1398 194 1430 τούτους
210 1398 264 1433 γὰρ
280 1399 304 1425 ot
318 1399 407 1431 γονεῖς
422 1397 614 1433 μεμαθήκασιν
627 1398 699 1424 ἅπαν
713 1399 819 1434 νόσημα

30 1444 73 1470 καὶ
100 1445 195 1470 πᾶσαν
219 1443 362 1469 ἀσθένειαν
396 1442 615 1478 θεραπεύοντας.
650 1444 695 1470 καὶ
727 1444 820 1478 νόμοις

30 1489 127 1524 ἰατρῶν
139 1489 188 1515 καὶ
204 1489 396 1524 ποχαστικαῖς
409 1489 565 1522 ἀποφάσεσι
582 1487 620 1524 μὴ
633 1489 818 1521 δουλεύοντας.

31 1534 60 1561 Οἱ
72 1534 127 1569 γὰρ
137 1534 243 1562 ἄνωθεν
254 1534 302 1565 τὰς
317 1535 402 1565 ἰάσεις
412 1534 498 1569 δωρού
503 1543 589 1566 μενοι,
603 1534 696 1561 ἐπάνω
711 1535 819 1562 πάντων

30 1580 90 1611 εἰσὶ,
104 1579 151 1606 καὶ
166 1581 261 1611 κεναῖς
273 1579 394 1614 διδαχαῖς
409 1580 458 1614 οὺχ
472 1579 642 1613 ὑπόκεινται,
660 1580 697 1612 ὡς
719 1581 748 1607 ἐν
770 1582 821 1608 πᾶ-

32 1633 69 1651 σιν
82 1626 172 1652 αὐτῶν
185 1627 243 1657 τοῖς
257 1626 381 1660 σημείοις
394 1625 586 1659 γινώσκοντες,
600 1626 723 1662 ίατρικὸν
737 1627 821 1662 μηδὲν

31 1670 226 1702 ἐπιτάττοντες,
243 1670 312 1696 ἀλλὰ
331 1671 378 1697 καὶ
398 1671 507 1697 ἐναντία
519 1671 755 1706 ’προστάττοντες.
771 1672 822 1699 Οἴα

31 1714 80 1749 γὰρ
95 1715 225 1741 κοινωνία
248 1714 316 1749 πρὸς
334 1715 430 1746 σκότος
447 1714 533 1748 (ptati;
552 1715 692 1742 κάνταῦθα
716 1716 822 1751 λέγοιμ’

31 1760 193 1786 ἀκόλουθον·
213 1760 294 1795 εῐπερ
317 1760 348 1786 ὲκ
365 1760 434 1786 Θεοῦ
458 1760 507 1795 μὲν
523 1761 548 1787 ot
569 1761 700 1796 μακάριοι
718 1761 823 1796 μάρτυ-

32 1813 84 1838 ρες,
100 1804 132 1836 ἐξ
149 1803 303 1838 ἀνθρώπων
323 1804 351 1831 δὲ
374 1804 421 1834 καὶ
440 1806 472 1830 ὲκ
486 1805 538 1839 γῆς
555 1806 579 1831 ot
595 1805 642 1831 ἐπὶ
659 1805 709 1840 γῆς
736 1806 823 1841 ἰατροὶ

31 1849 57 1875 ea
62 1849 236 1884 ραπειλιυσιν.

63 1913 137 1948 Πρὸς
149 1913 253 1939 τούτων
265 1911 312 1940 οὖν
325 1914 537 1948 ἀπογνωσθέντα
548 1916 593 1943 τὸν
605 1916 823 1951 Σαραπάμμωνα
866 1910 868 1913 ’

31 1959 157 1990 λαῦὁντες
173 1960 198 1986 οἱ
214 1959 298 1993 ἅγιοι,
316 1960 398 1996 ἐλαίῳ
418 1962 465 1989 καὶ⁴
485 1964 597 1997 κηρωτῇ
619 1963 676 1994 τοῖς
691 1963 736 1989 τὸν
752 1971 823 1998 πυρ-

33 2005 75 2030 σδιν
86 2005 136 2043 τὸν
146 2005 196 2040 τὴν
212 2005 294 2039 ἁγίαν
305 2006 394 2032 αὐτῶν
410 2008 489 2042 σορὸν
502 2007 654 2041 φωτίζοντα
665 2009 822 2043 τρέφουσιν,

31 2050 73 2075 τὸν
177 2051 225 2076 τὸν
238 2051 377 2086 πάσχοντα
398 2052 532 2079 λιπαίνειν
554 2053 728 2080 κελεύουσιν·
745 2054 825 2082 τοῦτο

32 2097 87 2121 κατ’
102 2096 171 2132 ὖναρ
186 2097 329 2132 εἰρηκότες
345 2099 400 2129 τοῖς
416 2098 583 2133 φύσασιν.⁹υ
606 2100 634 2126 δὲ
652 2100 719 2132 ποῦς
732 2100 823 2127 λιπαι-

32 2140 141 2174 νόμενος
156 2141 329 2173 ἐλεπτύνετο,
348 2143 395 2168 καὶ
409 2144 521 2178 κηρωτῇ
536 2144 675 2180 τρεφούσῃ
690 2145 825 2180 τρεφόμε-

32 2193 72 2215 νος
83 2187 263 2221 κατετήκετο,
278 2187 326 2214 καὶ
339 2188 515 2223 ποτιζόμενος
529 2188 627 2222 ἔλαιον,
637 2189 667 2216 τὸ
681 2191 824 2224 πρόσωπον

33 2231 155 2267 ιλαρύνον
175 2234 341 2267 ποτίζοντος,
359 2234 527 2269 ὲΞηραίνετο,
541 2236 587 2262 καὶ
613 2235 664 2271 τὴν
687 2236 823 2272 προτέραν

32 2278 227 2313 ἀπελάμϐανεν
244 2279 395 2313 μόρφωσιν,
411 2280 443 2315 ἢν
458 2281 472 2307 ὁ
490 2280 586 2312 κτίσας
601 2283 662 2307 κατ’
677 2282 822 2318 ἰσόρροπον

32 2325 165 2358 τρυτάνην
180 2325 348 2360 ἀμφοτέροις
362 2326 520 2360 ἀπένειμεν.
538 2327 593 2353 Καὶ
608 2327 639 2353 οὐ
652 2327 732 2354 τοῦτο
744 2328 825 2362 μόνον

32 2370 135 2404 ίπῆρχε
152 2370 293 2405 θαύματος
308 2372 393 2404 ἄξιον,
408 2371 466 2398 ἀλλ’
482 2372 523 2398 ὃτι
538 2373 569 2399 τὸ
583 2373 699 2407 μέγεθος
715 2374 760 2399 καὶ
775 2373 825 2408 τὴν

32 2414 156 2449 αὖῇσιν,
169 2415 203 2449 ἧν
215 2416 245 2441 ὲν
260 2416 359 2451 μακρῷ
370 2417 408 2452 τῷ
423 2417 512 2452 χρόνῳ
524 2417 704 2453 προσέλαϐεν,
714 2419 743 2444 ἐν
755 2418 820 2453 ἡμέ-

32 2468 89 2495 ραις
101 2461 210 2494 ὀλίγαις
223 2461 361 2488 ἀπέϐαλεν
370 2471 377 2478 ·
393 2463 504 2498 τοιαύτη
519 2463 574 2499 γὰρ
584 2464 638 2490 τῶν
650 2464 736 2498 ἁγίων
748 2465 764 2499 ἡ
778 2464 825 2498 χά.-

34 2513 72 2538 ρις
85 2505 269 2542 καθέστηκεν,
284 2507 321 2538 ὡς
331 2508 366 2537 τὰ
383 2509 479 2544 χρόνια
498 2509 547 2536 καὶ
563 2509 669 2543 μεγάλα
682 2510 824 2545 νοσήματα

33 2549 194 2587 βραίυτάτῳ
206 2552 296 2589 καιρῴ
311 2553 357 2579 καὶ
371 2554 545 2590 σμικροτάτῳ
557 2555 719 2590 θεραπεύειν
731 2555 825 2582 κελεύ-

34 2604 123 2630 σματι.
134 2598 337 2633 Σαραπάμμων
351 2597 398 2626 οὖν
419 2599 514 2632 ἰαθεὶς,
531 2601 569 2632 ὡς
583 2601 665 2632 αὐτὸς
682 2601 824 2629 ἐπίστευεν

32 2643 75 2668 καὶ
97 2643 123 2669 οἱ
148 2644 296 2678 φύσαντες,
318 2646 365 2672 καὶ
384 2645 414 2673 τὸ
433 2646 488 2675 τῶν
513 2647 660 2682 μαρτύρων
681 2647 824 2674 ἐθέσπισεν

33 2688 165 2724 βούλημα,
184 2690 280 2726 ὑγειὴς
294 2691 343 2717 σὺν
354 2692 447 2724 αὐτοῖς
463 2692 633 2727 ἀπελήλυθεν
646 2693 680 2719 τὰ
694 2694 823 2729 χαριπτή-

33 2744 72 2770 pta
85 2737 143 2767 τοῖς
156 2736 319 2772 εὐεργέταις
333 2737 529 2774 φθεγξάμενος.
538 2732 632 2774 Ἡμεῖς
644 2739 673 2766 δὲ
690 2740 770 2767 πάλιν
785 2740 822 2772 ὡς

32 2782 130 2818 ταύτην
145 2784 315 2817 πεπονθότες
331 2785 379 2822 τὴν
394 2787 474 2822 ἴασιν,
492 2789 540 2823 οὐχ
554 2786 634 2823 ἦττον
650 2788 703 2815 τῶν
720 2789 892 2816 πεπονθότων
907 2791 970 2823 τοὺς
983 2791 1148 2827 δεδρακότας
1177 2780 1348 2828 ὑμνήσαντες
1361 2814 1367 2827 ,
1407 2795 1450 2820 ἐτ’*

35 2830 122 2862 ΐιςίαν
132 2831 300 2867 βαδίσωμεν.

906 898 958 926 Sed
984 905 1046 925 cum
1072 897 1188 933 languor
1210 896 1302 923 adhuc
1322 904 1419 929 recens
1441 901 1526 928 esset,
1548 904 1665 923 nascen-

869 944 952 979 dique
971 943 1136 978 principium
1161 947 1266 978 ageret,
1283 947 1360 978 pater
1382 943 1454 977 ejus,
1470 941 1596 970 Julianus
1618 951 1666 969 no—

870 989 953 1022 mine,
970 988 1157 1023 prweellentes
1174 987 1321 1015 inmedicis
1338 988 1460 1020 adduxit,
1472 991 1500 1014 et
1515 993 1543 1014 ut
1558 986 1665 1014 incolu-

870 1041 940 1061 tncm
970 1033 1022 1061 sibi
1051 1033 1188 1060 donarent
1221 1033 1324 1063 liliutn,
1354 1032 1562 1067 eondignasque
1591 1031 1664 1059 dono

869 1079 1012 1107 mercedes
1034 1079 1202 1114 acciperent,
1219 1077 1394 1112 supplicavit.
1408 1077 1442 1104 At
1462 1077 1512 1108 illi,
1528 1076 1660 1103 Galeuum

870 1127 1019 1155 vertentes,
1039 1129 1066 1151 et.
1085 1122 1278 1158 Hippocratem
1290 1120 1459 1157 'frequenter
1477 1123 1503 1149 in
1522 1130 1552 1149 se
1575 1124 1664 1149 revul-

870 1174 975 1201 ventes,
993 1177 1055 1197 cum
1082 1169 1167 1196 multa
1191 1169 1302 1203 quidem
1326 1169 1466 1203 languenti
1493 1168 1663 1199 attulissent,

870 1215 897 1242 in
923 1223 1097 1250 racuumque
1127 1219 1306 1250 pugnassent,
1331 1215 1488 1242 cessatione
1511 1215 1677 1249 superatinr

871 1269 932 1288 netu
961 1261 1016 1293 sui,
1050 1260 1243 1295 passionisqne
1272 1259 1511 1294 inexpugnabilem
1534 1259 1663 1285 virtutem

869 1307 984 1333 vocibus
1001 1306 1191 1341 prardicantes.
1212 1305 1282 1332 Hinc
1298 1305 1330 1332 ad
1353 1306 1454 1340 (lyrum
1480 1308 1506 1332 et
1529 1304 1663 1332 Joannem

867 1352 979 1386 juvenis
995 1352 1136 1378 ferebatur
1155 1359 1161 1377 :
1177 1350 1333 1378 didicerant
1347 1349 1420 1377 enim
1438 1354 1577 1385 parentes,
1591 1350 1664 1384 qttod

871 1397 916 1431 hi,
934 1405 1044 1425 omnem
1078 1398 1255 1432 languorem,
1281 1402 1308 1423 et
1335 1404 1444 1423 omnem
1474 1396 1661 1423 inﬁrmitatem

870 1448 1018 1477 curarent;
1039 1443 1087 1478 qui
1109 1442 1183 1470 enim
1205 1443 1239 1469 de
1258 1450 1368 1470 sursum
1393 1442 1526 1469 sanitates
1551 1441 1665 1475 donant,

870 1497 954 1524 super
968 1497 1064 1516 omnes
1081 1493 1156 1521 sunt,
1173 1492 1199 1515 et
1220 1487 1338 1515 terrenis
1363 1487 1498 1514 doctrinis
1518 1494 1572 1514 non
1600 1487 1666 1513 sub-

869 1534 970 1569 iacent,
988 1535 1059 1562 sicut
1085 1534 1112 1561 in
1132 1533 1263 1561 omnibus
1283 1533 1370 1567 signis
1395 1533 1454 1560 suis
1475 1533 1565 1567 egisse
1585 1532 1666 1567 liqui-

874 1581 936 1608 dius
951 1584 1152 1614 agnoscuntur,
1167 1586 1229 1606 cum
1252 1578 1320 1605 nihil
1337 1577 1500 1605 medicinale
1516 1577 1666 1612 imperave-

875 1627 939 1657 rint,
958 1626 1004 1652 sed
1029 1630 1056 1652 et
1083 1626 1221 1652 contraria
1252 1632 1448 1658 nonnunquam
1475 1624 1666 1659 praeceperint.

874 1671 939 1711 Quae
953 1671 1026 1697 enim
1044 1671 1259 1698 communicatio
1283 1671 1337 1697 luci
1363 1670 1397 1696 ad
1422 1670 1568 1697 tenebras?
1585 1669 1667 1696 etiam

874 1718 965 1744 dicere
982 1717 1025 1747 hic
1042 1724 1215 1751 consequens
1233 1721 1284 1748 est,
1301 1717 1325 1744 si
1347 1725 1380 1744 ex
1398 1716 1452 1742 Deo
1468 1716 1578 1750 qttidetn
1595 1715 1666 1742 beati

874 1767 1019 1798 martyres,
1036 1771 1068 1790 ex
1093 1763 1253 1790 hominibus
1275 1767 1366 1791 autem
1383 1768 1410 1790 et.
1425 1762 1459 1790 de
1478 1768 1550 1790 terra
1565 1762 1667 1789 tcrrcui

874 1809 971 1840 medici
991 1813 1099 1835 curant.

910 1920 950 1947 Ai)
968 1920 1010 1947 bis
1027 1928 1092 1955 ergo
1109 1921 1198 1948 sancti
1218 1921 1369 1955 desperato
1395 1913 1610 1955 Sarapatnnione
1624 1928 1669 1947 ac-

875 1971 972 2000 cepto,
991 1967 1063 1998 oleo,
1081 1971 1108 1994 ct
1124 1972 1225 2000 eerote,
1242 1967 1342 2001 quibus
1365 1967 1507 1994 candelam
1531 1967 1684 2000 nutriunt,'

874 2019 936 2046 qua:
962 2016 1088 2038 sanctum
1117 2020 1213 2039 eorum
1240 2012 1378 2039 illuminat
1403 2013 1551 2044 tumulum,
1572 2012 1667 2046 pedem

875 2057 921 2091 qui
939 2057 1095 2092 patiebatur
1111 2058 1244 2092 inungere
1263 2051 1372 2092 iubent,
1394 2058 1445 2084 hoc
1463 2058 1625 2092 parentibus
1642 2057 1668 2083 in

876 2102 935 2130 visu
953 2103 1089 2130 dicentes.
1108 2102 1195 2129 Porro
1218 2111 1267 2138 pes
1292 2104 1357 2130 dum
1382 2104 1561 2138 iniungeretur
1577 2103 1669 2129 tenuis

876 2149 1052 2182 reddebatur,
1073 2154 1101 2177 et
1121 2155 1216 2177 ecrobe
1240 2150 1314 2177 l‘otus
1330 2150 1378 2184 qui
1398 2150 1484 2176 nutrit
1502 2149 1684 2180 tabescebat,

876 2199 903 2222 et
925 2200 1036 2229 potatus
1064 2196 1126 2222 oleo
1153 2196 1225 2229 quod
1254 2195 1352 2222 faciem
1380 2196 1499 2230 potantis
1525 2194 1668 2225 exltilarat,

875 2241 1086 2275 exsiccabatur;
1102 2245 1130 2268 et
1148 2242 1268 2275 priorem
1288 2242 1437 2276 recipiebat
1457 2240 1668 2270 formositatem.

876 2294 958 2321 quam
974 2287 1022 2321 qui
1042 2286 1145 2314 creavit
1166 2296 1244 2322 aequa
1266 2288 1344 2315 lance
1365 2287 1475 2322 utrique
1491 2287 1620 2314 restituit.
1638 2285 1670 2311 Et

876 2340 930 2359 non
946 2333 1035 2360 solum
1054 2333 1105 2360 hoc
1120 2337 1178 2360 erat
1199 2333 1382 2360 admiratione
1400 2333 1524 2367 dignum,
1541 2332 1587 2359 sed
1604 2332 1668 2367 quia
1686 2332 1695 2336 ’

875 2379 976 2406 molem
999 2383 1027 2405 et
1050 2379 1250 2406 incrementum
1272 2380 1345 2414 quod
1363 2387 1412 2414 per
1429 2380 1539 2413 longum
1563 2383 1669 2412 tempus

875 2425 1038 2459 assumpsit,
1063 2425 1090 2452 in
1114 2425 1213 2452 diebus
1240 2426 1336 2459 paucis
1362 2425 1481 2459 abjecit;
1508 2425 1571 2451 tatis
1596 2425 1668 2451 enitn

876 2473 1037 2496 sanctorum
1061 2473 1103 2497 est
1118 2469 1216 2504 gratia,
1233 2474 1263 2496 ut
1284 2469 1407 2504 prolixus
1427 2474 1455 2496 et
1476 2477 1589 2504 magnos
1610 2469 1670 2495 lan-

876 2521 976 2549 guores
994 2515 1157 2542 brevissimo
1175 2521 1297 2550 tempore
1315 2519 1344 2542 et
1362 2514 1491 2549 jnssione
1507 2515 1669 2548 parvissima

876 2564 984 2587 curent.
1004 2560 1185 2595 Sarapammo
1211 2561 1302 2595 itaque
1330 2567 1416 2586 sanus
1441 2559 1573 2593 etiectus,
1599 2560 1671 2587 sicut

876 2605 936 2640 ipse
963 2605 1080 2634 credidit
1107 2610 1135 2634 et
1162 2611 1309 2642 parentes,
1333 2609 1553 2640 sanctorumque
1579 2606 1671 2632 sanxit

876 2652 1061 2685 propositum,
1088 2652 1215 2681 sincerus
1240 2660 1303 2680 cutn
1329 2652 1398 2687 ipsis
1427 2651 1513 2684 abiit;
1545 2651 1596 2682 itis.
1622 2651 1670 2686 qui

877 2695 1009 2724 beneﬁcia
1027 2698 1079 2725 sibi
1099 2699 1297 2733 praestiterant,
1314 2697 1465 2733 gratiarum
1487 2697 1670 2731 pronuntians

877 2742 1010 2770 actiones.

1478 2794 1560 2828 ἄλλην
1588 2791 1669 2825 εὐερ-
