1910 3078
217 110 285 142 3ίεῖ

643 109 672 138 S.
689 108 898 143 SOPHRONII
920 107 1174 139 PATRIARCHE
1192 105 1395 137 HIEROSOL.

1782 105 1862 137 3483

256 163 349 192 XXIII.
369 163 405 191 De
422 162 558 191 Gennadio
573 164 618 198 qui
638 169 715 198 caput
742 163 848 198 plenum
873 164 971 192 muscis
1024 187 1027 192 .

1097 161 1162 190 ΚΓ.
1183 161 1252 196 Περὶ
1268 160 1435 199 ΓενγαὸΙου
1459 159 1512 199 τρῦ
1525 160 1583 193 τὴν
1598 160 1737 195 κεφαλὴν
1755 165 1865 199 μυιῶν

560 199 663 226 habuit.

255 253 387 282 Gennadii
415 253 571 286 passionem
598 253 794 289 p-issinnisque
819 255 1008 282 admirabilem

219 300 364 328 sanitatem
387 300 450 334 quis
472 307 526 326 non
549 299 685 327 miretur?
704 300 811 327 Etenim
830 308 923 328 revera
943 305 1009 328 sunt

221 350 337 381 utraque
358 344 493 376 miranda,
510 349 538 372 et
560 345 687 372 humanis
709 346 886 380 passionibns
908 347 1006 377 aliena,

219 390 316 418 Caleni
332 390 448 426 ejusque
462 390 675 418 medicaminum
688 391 843 419 dissimilia.
856 392 1009 419 Audiamus

219 444 296 470 ergo,
311 441 337 463 et
353 435 521 463 admiremur
538 443 592 463 non
608 441 715 464 tantum
740 437 1011 472 languorem.quau-

221 486 278 508 tttm
301 482 441 516 languoris
455 486 610 509 curatores.
628 482 741 510 Dolebat
755 488 837 518 caput
851 484 1009 510 Gennalius

221 533 273 554 nan
295 527 366 553 sient
391 526 458 561 pati,
479 527 526 561 qui
551 528 701 561 patiuntur,
718 529 850 560 assolent,
871 530 917 556 SCII
939 529 1010 556 sicut

221 572 378 600 hominibus
404 573 496 600 nullus
522 573 644 608 elanguit
671 582 678 600 :
699 581 761 600 cuin
789 575 880 605 sonitu
910 575 1010 609 quippe

194 648 205 655 1
219 618 350 652 quodam,
365 622 392 645 et
408 618 536 645 bombum
559 619 675 646 faciente
699 623 772 646 motu
789 620 940 647 sustinebat
960 616 1010 648 do-

190 698 193 699 r
222 665 306 698 Iores,
319 657 392 699 quod
406 665 536 692 onmibns
550 666 661 700 quidem
677 667 802 698 medicis,
818 667 865 696 sed
881 671 907 694 et
922 667 1011 694 omni-

223 711 272 738 bus
287 715 346 738 erat
361 711 537 739 audientibus
555 711 618 738 dum
640 712 763 740 dicerent
784 719 955 741 extraneum.
978 714 1011 741 Et

221 757 267 783 alii
291 757 400 791 quidem
422 757 578 792 passionem
600 759 783 789 mirabantur;
800 759 898 786 medici
921 764 1010 786 autem

223 802 316 829 multis
347 803 456 837 quidem
488 811 561 830 nunc
595 804 760 839 unguentis,
793 813 865 831 nunc
895 805 1011 832 diversis

224 848 433 879 misturis,nunc
450 853 539 876 autem
553 849 724 883 phebotomis
742 849 964 885 pnrgatoriisque
979 857 1010 876 ac
1029 842 1047 868 Β

223 894 338 929 reliquis
355 894 519 929 adiumentis
535 901 653 928 utentes,
671 894 782 923 nullnm'
791 895 933 923 Gennadio
947 904 1013 923 eon-

225 939 347 967 l'erehant
364 940 507 967 auxilium.
525 940 570 968 Sic
586 942 657 968 enim
681 942 794 975 languor
806 946 864 968 erat
882 941 959 967 dirus
981 948 1013 967 ac

224 985 402 1019 desperatus;
429 985 568 1026 nescimus
593 990 682 1013 utrum
705 994 736 1013 ex
762 984 907 1018 maleficio,
925 994 959 1013 an
979 993 1012 1013 ex

224 1028 278 1055 alio
291 1029 409 1063 quodam
428 1028 548 1056 naturali
569 1036 634 1057 casu
653 1033 815 1064 generatus;
833 1030 919 1057 solam
938 1037 1014 1056 natn-

224 1082 277 1109 que
292 1074 449 1109 passionem
463 1079 489 1102 et
501 1075 622 1103 hominis
644 1077 813 1103 curationem
829 1075 936 1103 discere
951 1076 1014 1111 qui-

224 1120 325 1147 vimus.

260 1164 328 1192 Cum
346 1173 402 1200 quo
413 1165 549 1194 accedens
565 1166 590 1194 is
605 1168 651 1202 qui
670 1168 825 1202 patiebatur
856 1169 888 1196 ad
911 1172 1014 1203 marty-

226 1219 282 1244 res,
296 1212 379 1239 citam
394 1212 587 1240 liberationem
600 1214 642 1240 sui
659 1215 822 1248 promeruit,
838 1222 899 1249 quae
914 1221 1016 1250 marty-

227 1258 284 1284 rica
299 1261 341 1285 est
358 1258 446 1292 gratia
461 1260 550 1293 plena,
569 1263 597 1286 et
611 1260 743 1286 urbanam
754 1259 867 1287 Joannis
889 1269 936 1288 seu
952 1261 1014 1297 Cyri

228 1301 490 1330 condescensionetn
520 1303 827 1339 sulisc’ribituptatque
858 1306 946 1332 taliter
974 1310 1016 1333 est

190 1362 198 1369 ς
227 1346 333 1374 effecta.
355 1345 427 1374 Sane
443 1355 496 1374 non
511 1348 581 1374 hanc
595 1348 702 1381 tacebo,
721 1349 767 1376 sed
784 1357 833 1376 nec
859 1350 1015 1378 occultave-

230 1393 292 1424 rim,
310 1401 359 1420 nec
375 1393 533 1427 huiusmodi
554 1394 617 1421 boni
645 1395 818 1422 auditoribus
844 1396 1015 1430 dispendium

229 1438 339 1466 fecerim
358 1448 365 1471 ;
383 1439 499 1474 pigritia:
516 1441 595 1475 plane
608 1448 687 1475 opus,
702 1440 743 1468 vel
759 1442 868 1468 invidia:
883 1443 936 1470 tale
951 1443 1017 1477 quid

227 1484 382 1511 evidentius
397 1485 522 1513 est?sed
541 1486 643 1513 invidia
670 1487 780 1522 quidem
793 1491 848 1514 tam
869 1495 883 1514 a
911 1488 1015 1515 medio-

229 1530 328 1558 critate
346 1534 452 1564 nostra,
469 1531 551 1566 Quam
569 1531 603 1559 ab
618 1533 694 1559 omni
710 1533 880 1565 Christiano,
899 1534 945 1568 qui
957 1542 1018 1569 qua:

231 1575 277 1602 Dei
291 1581 355 1603 sunt
367 1577 449 1611 sapit,
466 1578 576 1612 penitus
597 1578 669 1606 absit
685 1587 693 1611 ;
712 1580 830 1614 pigritia:
846 1588 910 1606 vero
926 1584 1020 1615 torpor

231 1623 275 1649 ille
292 1630 406 1657 pauper,
424 1627 451 1650 et
467 1624 513 1658 qui
525 1623 629 1651 amicos
639 1632 774 1659 pauperes
789 1626 939 1652 secundum
957 1634 1020 1660 pro-

230 1667 379 1695 verbialem
409 1668 566 1697 Salomonis
601 1669 753 1698 doctrinam
787 1670 879 1703 eilicit,
912 1679 1023 1707 semper

233 1712 344 1746 quidem
358 1713 391 1739 ab
401 1713 556 1741 humilitate
568 1718 663 1742 nostra
674 1715 802 1750 pellatur,
813 1723 894 1749 quam
904 1717 1021 1744 maxime

206 1765 210 1770 ·
234 1765 317 1790 nunc,
331 1758 461 1793 quoniam
473 1760 606 1787 amatrice
619 1761 771 1795 martyrum
800 1761 890 1788 anima
918 1768 945 1789 et
971 1769 1020 1789 vo-

236 1806 351 1838 luntate,
364 1805 426 1840 Cyri
440 1810 523 1841 atque
535 1805 650 1834 Joannis
673 1807 761 1834 amica
775 1807 915 1836 hominum
937 1809 1021 1836 mira-

232 1850 294 1876 cula
309 1851 468 1879 srribimus.

268 1895 427 1924 Gennadius
442 1897 570 1931 equidem
583 1897 750 1929 dormiebat,
767 1898 815 1925 sed
825 1899 932 1934 egregii
950 1906 1023 1927 mar-

234 1945 309 1976 tyres
324 1943 482 1977 vigilabant,
500 1947 527 1970 et
544 1943 692 1970 sanitatem
724 1943 889 1972 dormientis
910 1945 1022 1973 inresti-

233 1987 346 2022 gabant,
371 1988 598 2023 curationemque
624 1989 802 2023 prwslabant.
840 1990 961 2025 Denique
990 1990 1024 2018 ad

232 2041 296 2061 eum
307 2033 428 2067 veniunt,
448 2038 474 2061 et
497 2035 603 2062 Domini
619 2030 706 2062 nostri
718 2036 810 2063 verbis
825 2040 949 2068 utuntur,
964 2045 1025 2072 qua!

233 2078 267 2105 ad
283 2087 345 2106 eum
370 2081 418 2115 qui
441 2087 524 2115 penes
552 2081 722 2115 probaticam
752 2081 863 2116 jacebat
888 2082 1023 2116 piscinam

235 2126 305 2152 dixit
320 2135 327 2153 ε
342 2125 390 2154 Vis
408 2126 480 2153 enim
497 2133 593 2156 sanus.
615 2126 755 2165 inquiunt,
785 2126 842 2154 fieri
857 2127 868 2153 ?
885 2127 933 2154 llle
961 2134 1026 2154 vero

1032 1508 1053 1536 C

1304 195 1458 231 γέμουσαν
1469 195 1606 230 ἔχοντος.

1095 253 1239 280 Γενναδίου
1263 253 1294 280 τὸ
1318 253 1405 284 πάθος
1427 253 1469 284 τίς
1485 253 1516 279 οὐ
1541 253 1717 288 θαυμάσειεν,
1736 256 1785 282 καὶ
1804 258 1867 292 τὴν

1060 299 1107 327 τοῦ
1124 300 1226 331 πάθους
1243 299 1396 334 παράδοξον
1413 299 1502 331 tactv;
1515 298 1577 332 ξένα
1592 300 1646 336 γάρ
1666 301 1750 333 ὅντως
1763 303 1865 337 ἀμφό-

1059 354 1139 380 τερα,
1152 346 1201 372 καὶ
1214 345 1309 372 παθῶν
1324 344 1504 379 ἀνθρωπίνων
1514 345 1653 381 ἀλλότρια,
1668 348 1717 373 καὶ
1732 347 1864 382 Γαληνοῦ

1061 391 1217 426 φαρμάκων
1229 390 1356 424 ἀνόμοια.
1366 390 1542 425 Ἀκούσωμεν
1549 390 1595 417 οὖν
1608 392 1654 418 καὶ
1668 392 1864 427 θαυμάσωμεν

1059 436 1092 462 οὐ
1105 435 1231 463 τοσοῦτον
1244 435 1274 462 τδ
1289 435 1406 470 νόσημα,
1418 435 1482 461 ὅσον
1498 436 1563 467 τοὺς
1581 437 1690 472 ιατροὺς
1712 437 1759 464 τοῦ
1773 439 1844 474 νοσὴ
1853 454 1861 458 -

1062 491 1146 518 ματος
1157 482 1265 516 ’Ὶὶλγει
1280 481 1330 516 τὴν
1344 482 1468 517 κεφαλὴν
1481 483 1494 508 ὁ
1509 482 1662 516 Γεννάδιος,
1675 484 1724 519 οὐχ
1751 485 1791 516 ὡς
1804 486 1865 512 πά-

1061 537 1136 563 σχειν
1149 528 1210 560 ἑθος
1223 528 1287 559 τοὺς
1302 528 1456 563 πάσχοντας
1468 549 1475 560 ,
1487 529 1546 555 ἀλλ’
1555 529 1592 560 ὼς
1607 530 1694 562 οὐδεὶς
1707 531 1736 557 ὲν
1750 531 1864 567 ἀνθρώ-

1061 583 1124 606 ποις
1140 574 1285 609 ἐνόσησεν·
1304 574 1363 608 μετ’
1378 574 1460 608 ἤχους
1476 574 1531 607 γάρ
1546 582 1619 605 τινος
1633 576 1680 601 καὶ
1699 575 1867 610 βομ6ώδους

1062 621 1211 656 κινήματος
1226 620 1273 651 τὰς
1286 620 1437 654 ἀλγηδόνας
1450 620 1606 654 ὑπέμεινεν,
1622 620 1636 646 ὃ
1649 622 1731 647 πᾶσιν
1749 621 1800 656 μὲν
1815 623 1865 648 ἱα-

1061 668 1147 701 τροῐς,
1164 666 1231 692 πᾶσι
1246 665 1274 692 δὲ
1289 666 1345 696 τοῖς
1360 665 1506 691 ἀκοίουσιν
1523 665 1597 697 ξένον
1616 666 1722 701 ὑπῆρχε
1738 666 1865 701 λεγόμε-

1062 720 1118 738 νον.
1140 712 1195 738 Καὶ
1219 711 1243 737 oi
1272 710 1321 745 μὲν
1340 710 1414 737 ἄλλοι
1439 711 1518 745 μόνον
1537 705 1570 737 τδ
1585 711 1671 743 πάθος
1688 711 1865 746 ἐθαύμαζον,

1065 757 1153 792 ἰατροὶ
1169 756 1197 783 at
1214 756 1322 787 πολλοῖς
1339 757 1390 790 μὲν
1407 755 1571 791 ἀλείμμασι.
1586 756 1725 792 διαφόροις
1739 757 1769 783 δὲ
1787 759 1868 792 σμή-

1065 802 1133 834 ξεσι,
1157 801 1336 836 φλεϐοτὸμοις
1366 802 1394 828 δὲ
1424 801 1472 828 καὶ
1501 802 1660 837 καθαρσίοις
1685 805 1731 830 καὶ
1754 803 1869 833 λοιποῖς

1064 849 1199 884 χρώμενοι
1219 847 1385 883 βοηθήμασι,
1404 847 1527 882 ὠφέλουν
1548 847 1624 875 οὐδὲν
1634 848 1679 874 τὺν
1699 848 1848 876 Γεννάδιον
1860 858 1866 864 ε

1064 895 1136 921 οὕτω
1153 893 1238 920 δεινὸν
1256 892 1290 929 ἦν
1314 893 1343 919 τὸ
1367 893 1474 929 νόσημα
1496 893 1543 920 καὶ
1568 894 1731 920 ἀλλόκοτον
1755 895 1814 920 εῐτε
1837 895 1870 921 δὲ

1062 935 1240 976 ἓτεριεργείας
1253 940 1332 965 τοῦτο
1349 939 1494 972 τεκούσης,
1512 940 1567 965 alta
1588 939 1635 966 καὶ
1653 939 1770 974 φυσικοῦ
1786 948 1868 971 τινος

1064 985 1146 1013 ἄλλου
1162 983 1377 1019 συμπτώματος,
1399 984 1430 1010 οὐ
1456 983 1641 1020 γινώσκομεν⁸
1659 985 1740 1020 μόνον
1761 985 1819 1019 γὰρ
1836 986 1869 1011 τὸ

1065 1031 1152 1062 πάθος
1184 1030 1231 1056 καὶ
1256 1029 1306 1065 τὴν
1338 1029 1434 1057 τούτου
1467 1030 1617 1066 θεραπείαν
1644 1030 1742 1066 μαθεῖν
1759 1030 1868 1066 ἠδυνή-

1066 1076 1164 1112 θημεν.

1102 1166 1169 1194 Μεθ’
1188 1163 1219 1193 οὗ
1238 1165 1396 1201 προσελθὼν
1418 1166 1432 1192 ὸ
1454 1166 1566 1201 πάσχων
1579 1167 1635 1198 τοῖς
1651 1167 1799 1202 μάρτυσιν,
1815 1175 1871 1193 τα-

1066 1215 1141 1249 χεῖαν
1158 1213 1241 1239 αὐτοῦ
1264 1213 1314 1247 τὴν
1332 1212 1493 1246 ἀπαλλαγὴν
1511 1212 1669 1247 ἐκομίσατο,
1688 1212 1871 1248 μαρτυρικῖπ

1067 1259 1205 1294 γέμουσαν
1222 1258 1344 1294 χάριτος,
1363 1258 1410 1284 καὶ
1432 1256 1555 1284 Ἰωάννου
1572 1257 1620 1285 καὶ
1638 1257 1731 1294 Κύρου
1751 1258 1870 1284 ἀστείαν

1066 1306 1116 1341 τὴν
1130 1304 1334 1338 συγκατάϐασιν
1347 1304 1575 1339 ὑπογράφουσαν·
1590 1304 1651 1339 ἥτις
1662 1304 1757 1339 τρόπῳ
1767 1304 1869 1338 τοιῷδε

1068 1351 1225 1385 γεγένηται.
1257 1350 1294 1376 Οὺ
1314 1349 1420 1384 σιγήσω
1443 1350 1498 1384 γὰρ
1522 1349 1607 1386 αὐτὴν
1630 1349 1690 1376 οὐδὲ
1714 1349 1867 1385 κρύψαιμι,

1068 1397 1127 1424 οὐδὲ
1147 1396 1269 1429 τοιούτου
1299 1395 1383 1422 καλοῦ
1410 1394 1582 1430 ζημιώσαιμι
1606 1396 1669 1427 τοὺς
1693 1395 1869 1428 ἀκούοντας·

1068 1442 1147 1468 ὄκνου
1163 1442 1218 1476 γὰρ
1236 1440 1316 1476 ἔργον
1343 1441 1360 1475 ἢ
1380 1439 1478 1474 φθόνου
1504 1440 1597 1473 σαφῶς
1620 1439 1651 1465 τὸ
1665 1439 1772 1466 τοιοῦτο
1798 1440 1871 1466 καθ-

1070 1486 1184 1521 έστηκεν
1198 1495 1204 1501 ⁸
1218 1485 1275 1512 ἀλλ’
1289 1486 1303 1511 ὁ
1319 1486 1368 1520 μὲν
1383 1485 1479 1519 φθόνος
1492 1485 1603 1512 ἀπέστω
1617 1485 1705 1520 πάντη
1719 1485 1770 1520 τῆς
1786 1485 1871 1522 ἡμῶν

1072 1531 1247 1567 μετριότητος
1261 1531 1309 1557 καὶ
1324 1531 1424 1562 παντὸς
1436 1531 1458 1557 Χ
1463 1530 1601 1566 ριστιανοῠ
1628 1532 1674 1557 καὶ
1698 1530 1848 1566 θεόφρονος
1862 1540 1868 1546 ·

1068 1577 1147 1608 ὄκνος
1164 1576 1192 1603 δὲ
1208 1577 1290 1604 πάλιν
1306 1577 1320 1602 ὁ
1336 1576 1421 1612 πένης
1436 1576 1558 1602 καὶτοὺς
1575 1576 1668 1610 φίλους
1685 1576 1807 1611 πένητας
1821 1578 1872 1612 ἐρ-

1069 1623 1230 1657 γαζόμενος,
1247 1622 1318 1649 κατὰ
1330 1621 1379 1657 τὴν
1393 1621 1582 1657 παροιμοιώδη
1603 1621 1776 1656 Σολομῶντος
1794 1630 1870 1658 παρ-

1070 1668 1190 1695 αίνεσιν·
1208 1666 1363 1693 ἐλαυνέσθω
1379 1667 1428 1700 μὲν
1445 1667 1488 1693 ἀεὶ
1504 1667 1557 1703 πρὸ
1572 1666 1623 1701 τῆς
1635 1667 1713 1702 ἡμῶν
1729 1668 1867 1694 ταπεινώ-

1072 1721 1152 1745 σεως,
1169 1713 1287 1748 μάλιστα
1301 1712 1327 1739 δὲ
1347 1712 1394 1739 νῦν
1411 1713 1456 1748 ξτε
1474 1711 1547 1747 ψυχῇ
1565 1711 1613 1738 καὶ
1628 1711 1709 1746 βουλῇ
1732 1711 1871 1746 φιλομάρ-

1072 1767 1145 1794 τυρι,
1163 1758 1256 1794 Κύρου
1273 1758 1321 1785 καὶ
1335 1757 1463 1785 Ἰωάννου
1479 1757 1514 1783 τὰ
1527 1756 1708 1792 φιλάνθρωπα
1722 1757 1871 1793 γράφομεν

1072 1804 1210 1840 θαύματα.

1117 1883 1280 1923 Ἐκάθευδεν
1304 1894 1353 1930 μὲν
1379 1892 1426 1920 οὖν
1449 1894 1464 1920 ὁ
1482 1893 1635 1926 Γεννάδιος,
1658 1893 1820 1928 ἡγρύπνουν
1845 1894 1873 1921 δὲ

1077 1943 1216 1979 μάρτυρες
1232 1941 1257 1967 oi.
1279 1939 1432 1971 θεσπέσιοι,
1448 1939 1495 1966 καὶ
1507 1938 1555 1965 τοῦ
1570 1938 1746 1970 καθεύδοντος
1758 1939 1873 1975 διηρεὺο

1074 1997 1128 2015 νων
1147 1988 1197 2021 τὴν
1212 1987 1293 2016 ἴασιν,
1317 1985 1365 2011 καὶ
1381 1984 1430 2020 τὴν
1443 1984 1594 2020 θεραπείαν
1612 1984 1779 2012 ἐσκέπτοντο
1790 1993 1797 1999 ”
1813 1983 1872 2011 εἶτα

1076 2035 1144 2070 πρὸς
1159 2033 1241 2060 αὐτὸν
1251 2031 1461 2066 παραγίνονται,
1476 2030 1525 2057 καὶ
1539 2031 1595 2061 τοῖς
1605 2030 1653 2057 τοῦ
1665 2031 1769 2066 Κυρίου
1780 2030 1872 2065 λόγοις

1076 2080 1237 2116 ἐχρήσαντο,
1253 2077 1300 2109 οὓς
1311 2077 1379 2112 πρὸς
1393 2076 1438 2102 τὸν
1447 2077 1476 2102 ὲν
1489 2077 1521 2111 τῇ
1537 2075 1690 2110 προϐατικῇ
1704 2076 1825 2102 καταχεῖ
1829 2085 1874 2110 με-

1080 2134 1126 2153 νον
1136 2124 1236 2157 ἔλεξεν,
1247 2124 1341 2154 Θέλεις
1353 2122 1418 2157 γὰρ,
1435 2122 1549 2156 ἔφασαν,
1565 2121 1780 2157 ὑγιὴςγενέσθαι
1793 2122 1841 2154 ;'0
1849 2122 1873 2148 δὲ

235 2171 269 2198 ad
293 2179 351 2204 eos,
367 2171 468 2204 Etiam,
487 2171 649 2205 respondit:
671 2172 735 2206 quill
764 2172 836 2198 enim
860 2179 914 2198 non
942 2179 1022 2208 agere

1095 2175 1114 2205 5,
1132 2172 1195 2204 Ναὶ,
1206 2170 1275 2206 πρὸς
1288 2169 1387 2200 αὐτοὺς
1398 2168 1565 2202 ἁπεκρίνατο
1578 2176 1584 2182 ·
1599 2167 1625 2193 τί
1640 2167 1694 2202 γὰρ
1715 2168 1766 2194 οὐκ
1777 2168 1873 2202 ἔμελλε

236 2221 409 2252 procuraret,
431 2225 494 2244 cum
514 2217 562 2244 tali
581 2217 712 2252 langum'e
744 2217 833 2245 valide
860 2218 1026 2252 puniretur?

234 2263 315 2290 'l‘unc
333 2265 434 2290 iterum
455 2263 488 2290 ad
503 2271 566 2290 eum
582 2263 669 2291 sancti
687 2263 817 2290 dixerunt
834 2273 840 2290 :
859 2263 930 2298 Ergo
945 2263 966 2290 si
984 2265 1026 2292 vis

236 2318 323 2338 sanus
343 2309 411 2342 ﬁeri,
431 2311 562 2345 egredere
577 2318 659 2338 mane
670 2311 817 2338 basilicam
833 2318 896 2338 eum
913 2318 928 2337 a
940 2315 1028 2338 strato

237 2357 405 2388 surrexeris,
419 2361 446 2384 et
459 2357 572 2384 camelis
586 2358 675 2385 tribus
686 2365 738 2385 una
756 2365 818 2384 eum
836 2358 906 2389 viro,
919 2358 965 2392 qui
979 2357 1029 2384 bos

237 2405 334 2436 trahit,
348 2411 490 2431 occurres.
506 2403 608 2431 llormn
619 2404 799 2432 novissimum
815 2403 1027 2439 apprehensum,

241 2457 275 2477 ne
290 2449 366 2476 abire
381 2448 516 2482 dimittas,
532 2449 620 2477 donec
631 2454 708 2477 cacet
724 2458 731 2476 :
748 2453 858 2477 stercus
872 2449 944 2479 enim
956 2449 1029 2484 quod

238 2502 274 2521 ex
287 2495 340 2522 hoc
356 2494 439 2521 fuerit
454 2499 626 2527 excreatum,
643 2502 708 2521 cum
729 2494 809 2529 aquis
825 2493 973 2529 rigaveris,
987 2494 1031 2520 in-

241 2541 382 2570 ﬁrmitatis
397 2546 451 2569 tute
461 2541 514 2569 erit
530 2541 700 2576 praesidium,
715 2544 742 2568 et
759 2545 836 2568 tanto
856 2546 882 2568 te
907 2541 980 2567 malo
998 2540 1032 2567 Ii-

243 2589 338 2616 berum
354 2587 460 2620 reddet,
476 2594 540 2615 eum
551 2591 599 2614 tuo
613 2587 725 2614 allatum
741 2586 824 2622 capiti
840 2586 932 2614 fuerit.
946 2587 980 2614 Et
990 2587 1033 2614 his

240 2635 324 2664 dictis
340 2641 475 2671 martyres
487 2634 626 2662 abierunt.

281 2725 316 2752 At
332 2732 398 2753 vero
413 2731 474 2752 cum
488 2724 631 2759 languens,
641 2723 679 2750 uti
693 2722 789 2758 jussus
808 2721 1037 2754 luerat,surrexit

245 2780 262 2799 a
276 2777 375 2806 strato,
393 2771 479 2799 exivit
495 2770 686 2805 completurus
700 2768 773 2804 quod
794 2768 888 2796 fuerat
917 2767 1036 2801 impera-

248 2823 306 2846 tum
323 2838 329 2852 ,
358 2822 384 2846 ct
398 2816 522 2851 camelis,
548 2821 577 2844 ut
593 2815 706 2844 edoctus
724 2816 823 2848 fuerat,
840 2813 927 2842 tribus
943 2813 1036 2840 inven-

1077 2217 1187 2253 τοιαύτῃ
1202 2217 1272 2252 νόσῳ
1288 2213 1622 2250 σφόδρα,τιμ‹ορούμενος;
1633 2213 1699 2239 Τότε
1711 2212 1794 2239 πάλιν
1807 2215 1874 2249 πρὸς

1077 2264 1158 2291 αὑτὸν
1173 2261 1248 2289 εἷπον
1271 2263 1297 2288 οἱ
1314 2262 1396 2294 ἆγιοι·
1417 2260 1449 2286 El
1464 2259 1553 2291 θέλεις
1571 2257 1619 2285 οὖν
1637 2258 1718 2294 ὑγιὴς
1731 2259 1873 2293 γενέσθαι,

1078 2308 1169 2341 ἔξελθε
1185 2307 1293 2342 πρωῖας
1319 2306 1349 2332 τὺ
1374 2305 1488 2339 τέμενος
1509 2304 1564 2331 ἀπὸ
1581 2304 1631 2338 τῆς
1654 2303 1803 2338 στρωμνῆς
1829 2305 1874 2330 ἀν·

1082 2354 1234 2389 ιστάμενος,
1252 2352 1298 2378 καὶ
1314 2351 1449 2386 καμήλοις
1465 2350 1636 2384 συναντήσας
1650 2349 1736 2384 τρισὶ,
1760 2349 1811 2376 σὺν
1833 2350 1876 2375 ἀν-

1080 2401 1123 2435 δρὶ
1136 2399 1174 2434 τῷ
1187 2397 1290 2428 ταύτας
1304 2396 1455 2431 ὲφέλκοντι,
1470 2394 1574 2421 τούτων
1588 2395 1638 2430 τῆς
1656 2394 1776 2428 ἐσχάτης
1797 2394 1875 2421 λαϐό-

1083 2452 1173 2478 μενος,
1195 2444 1227 2470 οὐ
1251 2443 1289 2478 μὴ
1319 2442 1452 2478 πρότερον
1469 2441 1553 2476 ἐάσῃς
1569 2439 1746 2474 πορεύεσθαι,
1769 2439 1825 2470 ἕως
1847 2439 1874 2465 ἂι

1082 2490 1257 2526 άφοδεύσειε·
1279 2488 1310 2515 τὸ
1333 2487 1435 2522 ταύτης
1450 2487 1505 2522 γὰρ
1526 2485 1724 2522 ὲκκρινόμενον
1742 2485 1876 2511 σκύϐαλον

1083 2536 1160 2563 θὸατι
1179 2535 1282 2566 εὐθέως
1304 2533 1458 2568 δευόμενον,
1474 2531 1523 2567 τῆς
1539 2531 1590 2565 σῆς
1621 2530 1780 2566 ἀρρωστίας
1803 2530 1875 2556 ἔσται

1085 2582 1221 2618 βοήθημα,
1240 2581 1289 2607 καὶ
1305 2578 1391 2606 κακοῦ
1409 2587 1436 2605 σε
1461 2576 1624 2612 τηλικούτου
1642 2575 1826 2610 λυτρὼσεται,
1845 2575 1873 2607 τῇ

1086 2630 1118 2664 σῇ
1135 2627 1240 2662 κεφαλῇ
1252 2625 1486 2662 προσφερόμενον.
1498 2623 1594 2651 Ταῦτα
1605 2624 1740 2658 φήσαντες
1755 2621 1875 2657 ἀπῆλθον

1085 2675 1110 2700 οἱ
1126 2674 1275 2709 μάρτυρες.
1636 2685 1641 2689 .

1128 2721 1157 2746 '0
1172 2719 1201 2745 δὲ
1215 2718 1301 2745 νοσῶν
1319 2716 1369 2752 τῆς
1392 2715 1538 2751 στρωμνῆς
1554 2712 1734 2746 άναστὲς,ὠς
1756 2713 1876 2739 κεκέλευο

1089 2774 1146 2797 στο,
1172 2763 1325 2799 πληρώσων
1356 2762 1432 2798 ἐξῄει
1462 2761 1493 2787 τὸ
1505 2761 1644 2796 θέσπισμα
1655 2767 1661 2774 ·
1677 2759 1724 2785 καὶ
1737 2759 1875 2794 καμήλους

1090 2813 1162 2847 τρεῖς
1185 2809 1283 2846 εὑρὼν,
1305 2809 1342 2841 ὡς
1351 2808 1476 2841 ἐπύθετο,
1495 2807 1544 2842 τῆς
1565 2805 1721 2837 τελευταίας
1740 2805 1790 2838 τῆς
1813 2813 1873 2840 φορ-
