1910 3078
248 132 315 168 3491

686 135 716 165 S.
733 133 940 165 SOPHRONII
952 134 1202 166 PATRIARCHE
1220 135 1421 168 HIEROSOL.

1813 136 1876 170 3492

251 190 400 218 Marcellini
414 195 486 223 erat,
501 190 542 218 sic
558 190 630 218 enim
663 190 780 218 maritus
807 190 993 224 cataphorirte
1005 198 1038 218 ac

1095 193 1204 220 ls’oaoav
1220 194 1273 219 τῶν
1280 194 1486 229 Ἀσκληπιάδων
1500 195 1586 226 οὐδεὶς
1604 194 1799 221 ἐπεσκέπτετο.
1820 196 1878 222 Ἐπ’

250 236 345 264 divitis
362 236 524 267 vocabatur,
540 235 685 268 adessent;
703 243 764 262 eam
779 243 846 263 vero
858 243 920 270 qu:e
941 243 1042 270 paupe-

251 282 308 308 rior
314 286 384 313 erat,
394 282 547 316 oculosque
558 281 698 312 amiserat,
712 281 804 308 nullus
814 281 939 308 visitaret
948 282 1042 308 Ascle-

252 327 406 361 piadarum.
435 327 463 354 ln
495 327 610 354 veritate
625 327 727 362 quippe
739 326 895 354 secundum
914 325 1041 354 Salomo-

252 380 312 400 nem
331 373 472 407 copiosum
489 372 516 399 in
533 372 667 406 sapientia
681 377 708 400 et
723 373 900 404 immensum,
911 374 959 407 qui
985 380 1040 400 nta-

249 418 338 444 rinam
366 418 463 445 habuit
486 418 580 446 cordis
607 418 793 450 effusionem;
813 418 894 445 amici
924 418 1040 445 divitum

1091 238 1219 272 ἀληθείας
1233 240 1288 274 γὰρ
1308 240 1379 266 κατὰ
1405 240 1565 275 Σολομῶντα
1584 242 1631 266 τδν
1653 242 1683 267 ἐν
1704 241 1786 276 σοφίᾳ
1800 241 1880 268 πολὺν

1091 285 1139 311 καὶ
1152 285 1306 319 ἀμέτρητον
1322 287 1370 312 καὶ
1387 287 1463 322 χύμα
1481 287 1594 321 καρδίας
1607 287 1753 314 θαλάττιον
1774 287 1879 322 ἔχοντα.

1093 338 1103 355 ‹
1120 329 1193 356 cum
1208 330 1344 357 πλουσίων
1358 331 1460 363 πολλοὶ,
1480 341 1490 358 ι
1507 333 1520 358 ὸ
1534 332 1562 358 δὲ
1577 332 1684 366 πτωχὸς
1701 333 1750 358 καὶ
1764 333 1820 358 ἀπὸ
1834 332 1878 358 τοῦ

1089 372 1165 404 ὄντος
1181 374 1256 408 αὐτῷ
1273 375 1395 402 λείπεται
1410 384 1417 391 ·
1436 376 1483 402 καὶ
1504 376 1591 403 ταῦτα
1601 377 1649 411 μὶν
1662 377 1676 403 ὁ
1697 376 1826 410 Σολομὼν
1842 377 1878 408 ὠς

1089 416 1146 452 ἔχει
1157 418 1192 445 τὰ
1207 419 1358 455 πράγματα
1376 423 1526 456 γέγραφεν.

250 464 341 496 tnulti,
362 471 509 499 apaupere
523 471 598 496 vero,
614 467 642 491 et
664 471 745 498 quem
762 463 891 495 habebat,
909 463 1039 491 recessit.
1060 461 1093 488 Et
1114 463 1172 490 haec
1192 465 1302 498 quidem
1317 465 1458 498 Salomon,
1473 472 1501 493 ut
1517 474 1548 494 se
1567 474 1612 494 res
1641 466 1753 499 habent,
1780 467 1881 495 descri-

250 513 315 546 psit.

271 557 356 585 Porro
364 556 472 584 haedum
479 556 619 587 mulieres,
631 563 746 591 quarum
755 556 840 584 altera
848 555 978 591 pecunias
989 562 1042 581 non

248 603 366 629 habebat
376 609 424 637 per
435 608 505 636 quas
514 601 636 629 medicos
643 601 800 632 advocaret.
809 602 894 628 altera
908 608 974 628 vero
981 608 1043 634 quae

248 647 342 674 multis
351 646 473 680 pecuniis
489 647 608 681 erogatis
620 646 664 681 _nil
675 645 727 673 sibi
741 646 905 680 profecerat,
914 645 946 672 ad
958 644 1041 672 Joan-

248 701 309 720 nem
335 697 363 720 et
379 691 481 727 Cyrum
506 692 714 726 potentissimos
729 692 863 724 medicos.
881 692 929 727 qui
955 699 1040 726 pecu-

248 739 356 765 niarum
366 745 420 764 non
442 741 534 772 egent,
551 745 602 765 nec
616 745 686 764 auro
701 737 838 765 mercedis
849 742 948 765 curant
961 737 1040 765 inﬁr-

248 785 319 814 mos.
335 783 497 810 adveniunt.
530 783 652 816 Quarum
678 783 834 816 mulierum,
851 784 915 817 quia
930 783 1039 810 illarum

249 829 438 856 infirmitatem
453 828 591 861 diximus,
609 833 695 856 restat
706 833 736 856 ut
749 830 892 857 sanitatem
902 829 1038 861 dicamus,

249 882 332 908 quam
351 878 497 909 postquam
507 875 540 901 ad
551 874 692 901 basilicam
704 878 838 902 venerunt
846 874 951 909 adepta:
963 879 1036 902 sunt.

247 921 314 948 Nam
333 926 396 948 ante
415 921 497 955 hujus
520 921 652 948 visionem
664 925 691 948 et
705 921 738 948 ad
755 928 802 948 eos
818 921 974 953 adventum,
988 929 1039 949 nos

248 969 372 995 homines
397 968 579 999 inﬂrmamur,
603 971 630 995 et
661 967 822 995 crudelibus
858 967 1038 1002 passionibus

246 1013 416 1046 detinemnr;
436 1013 507 1039 hanc
530 1017 620 1040 autem
642 1012 775 1044 videntes,
795 1016 823 1040 et
849 1012 1040 1039 habitantibus

248 1059 275 1086 in
289 1066 320 1086 ea
337 1058 505 1094 martyribus
532 1058 721 1093 procidcutes,
753 1065 861 1085 omnem
880 1058 1039 1093 languorem

247 1109 273 1131 et
296 1111 405 1131 omnem
423 1103 609 1130 inﬁrmitatem
640 1103 955 1138 confestimabjicimus.
970 1103 1038 1130 Cum

247 1157 312 1184 ergo
325 1149 475 1180 venissent,
491 1149 525 1176 de
543 1148 643 1183 quibus
659 1149 828 1179 dicebamus.
845 1148 879 1175 ad
891 1148 1034 1183 templum,

249 1195 464 1222 incolumitatem
478 1202 491 1220 a
504 1194 598 1228 templi
607 1194 808 1221 habitatoribus
818 1194 1016 1228 exspectabant
1030 1202 1037 1226 ;

249 1242 330 1268 etiam
351 1240 405 1267 illic
416 1239 595 1275 dignitatibus
615 1240 674 1267 suis
687 1242 805 1268 utentes.
821 1239 907 1266 altera
923 1239 1034 1273 quidem

249 1285 361 1312 utinime
376 1286 494 1319 (tumore
522 1291 591 1311 vana
616 1291 663 1311 seu
689 1283 744 1311 Deo
759 1283 852 1311 odibili
880 1291 912 1310 ex
938 1284 1040 1311 divitiis

249 1330 332 1364 elata)
360 1329 502 1357 inflatione
530 1329 666 1364 deposita,
682 1332 746 1355 ante
778 1333 980 1355 monumentum
1012 1329 1039 1355 in

249 1376 321 1403 lecto
332 1375 442 1410 jaccbat
458 1383 466 1408 ;
481 1375 567 1402 altera
578 1381 644 1402 vero
657 1373 758 1401 alicubi
784 1378 847 1401 ante
876 1379 981 1408 portam
997 1374 1039 1401 vi-

250 1420 367 1447 debatur
382 1420 481 1454 ejecta,
495 1418 647 1446 secundum
674 1418 750 1445 illttm
772 1426 916 1453 pauperem
931 1422 960 1445 et
975 1425 1038 1453 ege-

250 1473 314 1492 num
326 1465 458 1492 Lazarum
468 1464 513 1499 qui
528 1465 646 1491 Abraha:
654 1464 731 1492 sinus
739 1471 854 1492 consors
861 1464 974 1492 ellectus
984 1471 1038 1493 est.

284 1511 370 1537 Porro
380 1513 514 1544 martyres
531 1509 639 1544 utrique
665 1516 742 1543 atque
768 1509 946 1544 apparebant.
972 1510 1039 1538 alte-

252 1558 311 1584 rius
330 1556 443 1590 typltttm
461 1554 770 1590 corripientes.altcrius
781 1561 846 1581 vero
859 1554 1037 1582 humilitatem

251 1603 349 1630 animat
358 1602 542 1632 consolantes,
559 1600 692 1627 sanitates
708 1603 798 1626 tamen
813 1599 922 1633 utrique
932 1599 1039 1626 donan-

249 1651 302 1675 tc’s.
318 1647 385 1674 Nam
400 1647 425 1674 ei
441 1654 502 1680 qua:
518 1645 694 1680 catapltorica
708 1648 777 1675 erat.
790 1648 817 1671 et
832 1651 944 1671 sensum
961 1651 1039 1671 arro-

248 1693 348 1728 gantia:
360 1691 515 1727 possidebat
528 1711 535 1722 .
551 1690 607 1718 Cur
627 1690 660 1717 ad
675 1689 875 1718 confessionem
904 1694 1036 1724 nostram,

252 1739 391 1770 dicebant,
411 1737 532 1765 venisti?
550 1744 665 1771 cumque
690 1735 735 1763 illa
751 1735 948 1770 respondisset,
965 1735 1038 1763 desi-

250 1785 328 1812 derio
344 1784 521 1819 impetranda:
532 1783 659 1810 sanitatis
678 1787 704 1809 et
718 1781 874 1816 sospitatis,
888 1780 917 1808 Si
931 1781 981 1813 vis,
997 1781 1039 1808 in-

250 1832 361 1866 quiunt.
382 1831 439 1858 haec
455 1837 470 1856 a
491 1829 571 1856 nobis
603 1828 744 1864 percipere
769 1835 830 1862 quze
849 1827 954 1858 dixisti,
970 1827 1039 1861 ejice

248 1877 391 1912 grabatum
413 1879 489 1902 tttutn
513 1878 540 1902 et
556 1874 582 1901 itt
610 1874 766 1909 pavimento
787 1872 927 1903 recuntbe,
942 1876 970 1898 et
987 1871 1038 1898 ltoc

248 1923 298 1950 tibi
315 1921 414 1949 animae
427 1926 453 1948 et
465 1920 591 1956 corporis
605 1920 649 1946 fiet
665 1918 803 1954 passionis
816 1917 978 1945 remedium.
991 1915 1039 1944 Ju-

247 1968 326 1994 liante
340 1974 405 1994 vero
431 1966 616 2001 pauperculae,
633 1972 694 1999 quae
711 1963 813 1998 proprii
829 1962 932 1990 laboris
953 1969 1037 1997 manu

245 2013 364 2045 vivebat,
387 2012 446 2040 haec
466 2015 627 2047 apparentes
655 2010 767 2037 dixere:
791 2007 922 2035 crocodili
939 2014 1037 2034 carnes

247 2059 355 2091 allatas,
371 2058 445 2093 ignis
463 2057 632 2084 carbonibus
648 2062 725 2082 assas
747 2059 775 2082 et
795 2053 824 2080 in
841 2052 973 2081 mortario
988 2052 1037 2079 ba-

246 2104 350 2136 stritas,
367 2103 394 2130 itt
407 2102 602 2137 pulveremque
619 2099 756 2131 redactas,
766 2105 849 2133 super
865 2097 961 2124 oculos
974 2100 1036 2124 tuos

245 2150 293 2185 qui
306 2149 462 2184 patittntur,
481 2154 607 2181 asperge.
625 2145 657 2172 Et
667 2145 725 2172 haec
739 2143 848 2179 quidem
866 2142 953 2170 sancti
969 2142 1036 2170 utri-

245 2202 299 2229 que
312 2201 362 2229 per
387 2193 525 2220 somnium
540 2195 703 2225 apparentes
722 2190 875 2224 jusserunt.
890 2189 947 2216 Illa
971 2196 1035 2216 vero

1133 554 1174 581 Τα
1187 554 1234 581 δύο
1245 554 1274 581 δὲ
1295 554 1382 581 ταῦτα
1404 555 1513 589 γύναια,
1527 556 1542 589 ἡ
1559 555 1608 589 μὶν
1624 555 1673 581 οὒκ
1697 556 1797 590 ἔχουσα
1815 557 1880 592 χρή-

1098 608 1171 634 ματα
1188 600 1221 627 δι’
1235 597 1274 627 ὦν
1302 601 1410 635 ἰατροὺς
1447 601 1666 636 προσκαλέσηται
1679 610 1686 617 ι
1701 602 1718 637 ἡ
1747 602 1776 628 δὲ
1796 602 1882 628 πολλὰ

1095 646 1277 681 δαπανήσασα
1291 648 1422 682 χρήματα
1437 648 1483 673 καὶ
1492 648 1575 682 μηδὲν
1591 647 1691 682 ἑαυτὴν
1704 647 1880 683 ὠφελήσασα.

1095 691 1142 718 ἐπὶ
1165 692 1292 726 Ἰωάννην
1311 693 1359 719 καὶ
1379 691 1471 727 Κῦρον
1495 693 1559 723 τοὺς
1585 693 1746 724 πανσθενεῖς
1772 693 1883 727 ἰατροὺς

1095 737 1144 764 καὶ
1158 738 1308 773 χρημάτων
1323 738 1354 764 οὐ
1371 737 1532 774 χρῄζοντας,
1551 738 1605 764 οὐδ’
1621 739 1667 764 ἐπὶ
1698 738 1793 774 χρυσῷ
1820 740 1882 770 τοὺς

1095 783 1221 815 ἀσθενεῖς
1234 783 1435 818 θεραπεύοντας
1446 781 1642 819 ἔρχονται.*Ων
1656 783 1724 815 λέξω
1734 784 1783 818 τὴν
1798 784 1880 814 τασιν.

1092 829 1188 864 ἐπειδὴ
1202 829 1252 865 τὴν
1268 830 1410 856 ἀσθένειαν
1424 829 1539 864 εἴπομεν
1561 829 1642 865 (αὕτη
1661 829 1716 865 γὰρ
1731 830 1878 863 λείπεται),

1093 874 1163 909 μετὰ
1175 874 1223 910 τὴν
1236 875 1304 910 πρὸς
1318 874 1349 901 τὸ
1371 875 1484 909 τέμενος
1506 874 1609 908 ἄφιξιν.
1626 874 1682 910 Πρὸ
1697 875 1751 909 γὰρ
1766 876 1816 909 τῆς
1832 876 1881 901 αὑ-

1057 914 1076 943 Β
1090 919 1137 946 τοῦ
1151 920 1217 951 θέας
1228 920 1275 946 καὶ
1290 921 1339 955 τῆς
1353 921 1393 952 είς
1406 921 1468 952 τοὺς
1482 919 1577 953 ἁγίους
1603 920 1733 954 ἀφίξεως,
1748 920 1880 946 ἀσθενοῦ-

1091 974 1141 1000 μεν
1160 965 1184 991 οί
1198 965 1348 1000 ἄνθρωποι,
1364 965 1411 991 καὶ
1426 966 1525 996 δεινοῖς
1547 965 1678 996 πολλάκις
1703 965 1880 1000 κατεχόμεθα

1089 1010 1204 1037 πάθεσιν
1214 1017 1221 1024 ·
1235 1010 1314 1036 τοῦτο
1326 1010 1355 1036 δὲ
1366 1010 1521 1045 βλέποντες,
1535 1011 1647 1041 καὶτοῖς
1669 1010 1774 1036 οἰκοῦσι
1790 1019 1878 1044 προσ-

1075 1057 1234 1089 -πίπτοντες
1252 1057 1382 1093 μάρτυσι,
1405 1059 1495 1085 πᾶσαν
1517 1059 1594 1085 νόσον
1616 1058 1662 1084 καὶ
1684 1059 1775 1084 πᾶσαν
1792 1058 1878 1084 ἀσθέ-

1089 1111 1163 1129 νειαν
1179 1103 1260 1134 εὐθὺς
1275 1103 1491 1139 ἁποῤῥίπτομενι
1501 1103 1642 1130 Ἐλθοῦσαι
1665 1102 1731 1136 γοῦν
1758 1104 1826 1139 περὶ
1841 1101 1879 1129 ὦν

1091 1147 1222 1182 ἐλέγομεν
1241 1149 1281 1180 εἰς
1296 1148 1327 1175 τὸ
1341 1150 1464 1183 τέμενος,
1487 1149 1536 1184 τὴν
1551 1149 1634 1184 ρὦιν
1653 1149 1734 1184 ᾔτουν
1754 1148 1803 1174 τοῦ
1827 1149 1880 1174 νεὼ

1090 1194 1146 1223 τοῖς
1172 1193 1283 1224 οἰκείοις
1305 1192 1442 1227 ἀξιώμασι
1462 1194 1654 1228 χρώμεναι.Ή
1672 1194 1722 1229 μὲν
1745 1195 1801 1229 γὰρ
1831 1195 1878 1220 τὸν

1089 1236 1170 1270 ὄγκον
1184 1237 1234 1264 οὐκ
1246 1238 1420 1264 ἀποϐαλοῦσα
1434 1238 1480 1265 τὸν
1492 1239 1617 1274 μάταιον,
1630 1239 1692 1266 οὔτε
1707 1240 1737 1265 τὸ
1746 1240 1779 1266 ἑκ
1794 1240 1881 1266 πλου-

1091 1282 1147 1308 σίου
1163 1282 1324 1317 θεομισητον
1346 1283 1470 1318 φύσημα,
1489 1285 1535 1310 ἐπὶ
1561 1284 1655 1319 κλίνης
1674 1284 1728 1319 πρὸ
1741 1283 1789 1309 τοῦ
1807 1285 1878 1319 μνή-

1091 1335 1175 1362 ματος
1191 1328 1279 1355 Exn-to
1291 1336 1298 1343 '
1314 1330 1330 1363 ὴ
1345 1329 1373 1355 δὲ
1386 1329 1438 1361 ἔξω
1452 1330 1504 1364 πρὸ
1518 1329 1565 1356 τοῦ
1574 1330 1696 1361 πηλώνος
1714 1330 1878 1365 ὲκὸέὸλητο,

1089 1375 1160 1401 κατὰ
1177 1375 1223 1400 τὸν
1246 1375 1349 1410 πένητα
1371 1375 1418 1402 καὶ
1438 1376 1546 1411 πτωχὸν
1565 1377 1612 1402 καὶ
1627 1376 1673 1402 τοῦ
1691 1376 1878 1411 ’Δῧραμιαίου

1089 1419 1191 1446 κόλπου
1206 1419 1360 1456 σύγκληρον
1373 1420 1509 1456 Λάζαρον.

1124 1506 1156 1532 Οί
1169 1506 1197 1532 δὲ
1217 1506 1355 1542 μάρτυρες
1377 1507 1442 1539 ἴσως
1458 1507 1629 1543 ἀμφοτέραις
1654 1508 1811 1542 ἐφαίνοντο,
1829 1509 1881 1543 τῆς

1091 1549 1142 1584 μὲν
1160 1550 1206 1577 τὸν
1229 1551 1312 1585 τύφον
1336 1552 1520 1585 παιδεύοντες,
1541 1553 1592 1587 τῆς
1618 1553 1647 1580 δὲ
1679 1554 1729 1588 τὴν
1754 1554 1882 1589 ψυχικὴν

1090 1595 1313 1630 παρηγοροῦντες
1332 1597 1509 1623 ταπείνωσιν⁸
1523 1597 1668 1633 ἑκατέραις
1682 1597 1710 1623 δὲ
1727 1598 1776 1629 τὰς
1791 1599 1882 1629 idest;

1089 1639 1267 1675 δωρούμενοι.
1287 1641 1327 1677 Τῇ
1344 1641 1395 1677 μὲν
1407 1642 1462 1678 γὰρ
1480 1643 1688 1677 καταφορητικῇ
1709 1643 1755 1668 καὶ
1778 1643 1883 1674 ἀλαζο-

1089 1685 1163 1710 νικδν
1177 1685 1276 1720 ἐχούσῃ
1288 1686 1317 1712 τὸ
1330 1686 1467 1721 φρόνημα,
1476 1687 1507 1712 Τί
1523 1686 1699 1722 κατείληφας,
1711 1685 1819 1719 ἔλεγον,
1836 1687 1882 1714 τὸν

1091 1730 1173 1765 σηκὸν
1194 1731 1239 1756 τὸν
1258 1731 1413 1766 ἡμέτερον;
1431 1731 1639 1768 Ἀποκριθείαης
1654 1732 1693 1763 δὲ.
1709 1731 1747 1763 ὡς
1765 1731 1880 1766 Ὑγείας

1088 1776 1180 1809 τυχεῖν
1210 1775 1380 1810 ἐπιθυμοῦσα
1407 1775 1454 1802 καὶ
1473 1775 1593 1811 ῥώσεως·
1609 1776 1641 1802 Εἰ
1664 1775 1761 1807 θέλεις,
1779 1778 1879 1810 φασὶν,

1087 1821 1174 1848 ταῦτα
1190 1821 1257 1857 πρὸς
1273 1821 1362 1856 ἡμῶν.
1379 1822 1453 1857 ἃπερ
1465 1819 1556 1857 εἴπας,
1569 1821 1745 1856 κομίσασθαι,
1768 1823 1878 1849 ἀποδω

1087 1866 1134 1892 λοῦ
1147 1874 1194 1892 σου
1207 1867 1252 1893 τὸν
1264 1867 1400 1902 κράὃατον
1416 1867 1462 1892 καὶ
1485 1867 1524 1898 είς
1547 1866 1678 1900 τοῦδαςρος
1693 1867 1859 1902 ἀνακλίθητι
1873 1876 1880 1881 ·

1088 1913 1134 1940 καὶ
1153 1913 1230 1940 τοῦτό
1251 1922 1293 1940 σοι
1307 1913 1424 1949 ψυχικοῦ
1436 1913 1538 1944 πάθους
1552 1913 1599 1940 καὶ
1619 1913 1777 1948 σωματικοῦ
1792 1915 1881 1948 γενή-

1088 1967 1164 1985 σεται
1180 1959 1336 1994 φάρμακον.
1363 1958 1492 1994 Ἰουλιανῇ
1508 1959 1536 1985 δὲ
1553 1960 1586 1994 τῇ
1610 1960 1724 1994 πενιχρᾷ
1744 1960 1794 1985 καὶ
1810 1968 1881 1995 χερ-

1087 2004 1166 2030 νίτιδι
1182 2004 1268 2031 ταῦτα
1281 2005 1412 2038 φανέντες
1425 2005 1577 2040 εἰρήκασιν·
1595 2005 1777 2040 Κροκοδεὶλου
1789 2006 1880 2040 κρέας

1087 2049 1223 2083 ἐνέγκασα
1238 2050 1325 2085 πυρὸς
1341 2049 1470 2085 ἄνθραξιν
1496 2050 1626 2085 ὄπτησον,
1641 2051 1686 2076 καὶ
1708 2049 1790 2076 τοῦτο
1805 2051 1879 2076 πολὺ

1087 2095 1116 2121 ιν
1132 2095 1195 2130 θυῖᾳ
1211 2095 1330 2122 λεάνασα
1343 2096 1390 2121 καὶ
1420 2095 1513 2130 ξὴριον
1532 2096 1680 2129 ποιήσασα,
1699 2095 1761 2126 τοὺς
1774 2095 1879 2130 ὀφθαλ-

1087 2139 1154 2174 μούς
1172 2147 1219 2166 σου
1234 2140 1296 2171 τοὺς
1308 2139 1478 2169 πεπονθότας
1490 2139 1642 2174 ἑπέχρισον,
1655 2140 1710 2165 Καὶ
1720 2139 1810 2166 ταῦτα
1826 2141 1880 2174 μὲν

1086 2185 1255 2221 ἀμφοτέραις
1269 2186 1294 2211 ol
1304 2184 1377 2218 ἅγιοι
1393 2185 1453 2211 κατ’
1469 2184 1535 2219 ὄναρ
1555 2184 1684 2219 φανέντες
1710 2184 1880 2213 ἐκέλευσαν.

245 2238 442 2274 expergefacta
467 2245 528 2272 quas
557 2236 609 2264 sibi
626 2235 730 2263 sancita
748 2234 855 2262 fuerant
869 2234 947 2261 ocius
958 2241 1034 2261 eom-

1095 2231 1122 2257 Μ.
1137 2231 1166 2257 δὲ
1178 2231 1232 2257 τῶν
1248 2230 1340 2257 ὕπνων
1355 2231 1501 2265 ἁφὲμεναι,
1516 2230 1551 2257 τὰ
1569 2230 1750 2256 θεσπισθέντα
1775 2231 1881 2257 θᾶττον

247 2285 401 2319 pleverunt,
420 2287 448 2311 et
474 2282 656 2317 repromissae
687 2282 713 2307 in
734 2279 877 2315 praeceptis
901 2279 1034 2306 sanitates

245 2329 433 2357 obtinuerunt.
446 2326 480 2354 Et
487 2327 564 2354 alteri
579 2326 687 2361 quidem
699 2330 836 2353 terrenum
848 2325 937 2352 cubile
949 2324 1033 2352 suffe-

245 2377 283 2402 cit
297 2375 330 2402 ad
351 2375 517 2404 sanitatem;
535 2373 613 2399 alteri
646 2379 711 2398 vero
736 2378 769 2398 ex
799 2371 940 2398 crocodilo
965 2377 1032 2397 con-

247 2424 400 2448 crematum
414 2425 443 2447 et
462 2418 617 2446 confectum
643 2416 795 2444 subsidium
812 2424 820 2449 ς
834 2424 896 2443 mox
915 2416 988 2443 enim
1004 2420 1034 2442 ut

246 2475 278 2494 ea
296 2474 356 2500 qua-
376 2466 515 2492 thoracem
532 2463 687 2498 patiebatur
714 2469 797 2496 super
821 2465 922 2487 terram
952 2467 1031 2487 recu-

247 2513 308 2540 butt
322 2512 436 2547 grabato
460 2510 567 2541 relicto.
583 2517 598 2535 a
622 2508 750 2544 passione
774 2507 859 2535 libera
885 2506 952 2534 facta
966 2510 1031 2541 est;

247 2564 310 2584 mox
324 2559 414 2582 autent
435 2559 464 2582 ut
479 2561 551 2582 cteca
567 2553 704 2588 pulverem
718 2559 799 2584 super
815 2550 911 2577 oculos
928 2550 1032 2585 posuit,

248 2604 336 2631 visum
356 2601 469 2636 recepit.
482 2601 568 2628 Porro
582 2607 632 2627 nos
645 2606 707 2626 cum
718 2602 833 2632 utraque
845 2596 959 2623 medicis
973 2595 1032 2622 rol-

247 2647 377 2679 Iandatis,
394 2647 561 2680 reliquorum
582 2645 741 2672 relationem
757 2642 949 2681 miraculorum
974 2641 1031 2668 sol-

247 2693 321 2720 licite
331 2692 476 2720 faciamus.

386 2737 468 2765 XXV.
486 2736 523 2763 De
541 2734 665 2770 Helpidia
688 2733 901 2765 [nemon/missa.

286 2783 334 2810 Vix
352 2783 503 2818 llelpidiant
523 2781 676 2808 invenimus
693 2789 700 2812 ι
716 2781 742 2806 itt
758 2779 808 2806 hac
824 2779 895 2806 enim
909 2777 1033 2805 multitu—

248 2830 312 2858 dine
329 2830 374 2863 qtti
398 2829 485 2857 sanati
502 2832 565 2855 sunt
577 2827 767 2855 occultabatur
784 2834 791 2852 :
807 2825 948 2859 deniquea
967 2831 1035 2849 mar-

1087 2277 1259 2312 ὲπλήρωσαν,
1273 2276 1381 2308 καὶτὰς
1406 2276 1452 2302 ἐπὶ
1478 2277 1534 2306 τοῖς
1561 2275 1770 2310 προστάγμασιν
1791 2276 1881 2309 ἑπαγ-

1086 2323 1228 2357 γελθείσας
1255 2323 1341 2353 ίὰσεις
1355 2320 1512 2356 ἐδρέψαντο.
1530 2321 1584 2346 Καὶ
1602 2321 1636 2355 τῇ
1661 2320 1710 2354 μὲν
1720 2320 1847 2354 ἧρκισεν
1863 2322 1879 2355 η

1087 2368 1264 2404 χαμαικοιτία
1278 2368 1346 2402 πρὸς
1371 2367 1476 2398 ἄκεσιν,
1494 2367 1527 2401 τῇ
1542 2365 1570 2392 δὲ
1585 2365 1616 2392 τὸ
1639 2366 1672 2391 ἔκ
1698 2366 1880 2399 κροκοδείλου

1085 2415 1258 2449 κεκαυμένον
1278 2412 1414 2449 βοήθημα.
1427 2412 1503 2447 ’Ἅμα
1519 2411 1574 2447 γὰρ
1590 2412 1607 2445 ἡ
1625 2411 1670 2437 τὸν
1689 2410 1805 2445 θώρακα
1824 2412 1882 2438 πά-

1086 2468 1188 2495 σιουσα
1201 2459 1248 2486 ἐπὶ
1264 2459 1315 2493 γῆς
1328 2458 1457 2492 ἀνεκλίθη
1467 2456 1583 2484 λιποῦσα
1602 2456 1648 2483 τὸν
1661 2455 1813 2490 κράϐατον,
1829 2457 1881 2483 cui:

1086 2505 1188 2536 πάθους
1207 2505 1366 2539 ἀπήλλακτο
1375 2513 1381 2520 ·
1400 2503 1459 2538 ἅμα
1469 2503 1497 2529 δὲ
1510 2502 1558 2529 καὶ
1567 2504 1584 2537 ή
1601 2501 1688 2537 τυφλὴ
1700 2502 1758 2532 τοῖς
1769 2502 1880 2536 ὀφθαλ-

1088 2551 1148 2584 μοῖς
1160 2548 1326 2575 ἐπιὸαλοῦσα
1338 2548 1368 2574 τὸ
1383 2547 1489 2583 ξήριον,
1497 2546 1656 2580 ἀνέϐλεψεν.
1665 2545 1761 2580 Ἡμεῖς
1778 2545 1808 2571 δὲ
1828 2547 1882 2572 σὺν

1085 2595 1169 2629 ἄμφω
1183 2595 1245 2626 τοὺς
1260 2594 1369 2629 ἰατροὺς
1386 2593 1608 2628 εὐφημήσαντες,
1625 2591 1675 2626 τῆς
1695 2591 1751 2617 τῶν
1770 2591 1882 2617 λοιπῶν

1086 2641 1232 2676 θαυμάτων
1249 2640 1420 2674 ἀπαγγελίας
1445 2639 1645 2674 φροντίσωμεν.

1110 2731 1173 2758 κει.
1185 2728 1257 2765 Περὶ
1278 2729 1432 2762 Ἐλπιδίας
1440 2729 1496 2764 τῆς
1504 2729 1637 2763 ἐχούσης
1651 2728 1842 2763 αίμόρῤοιαν.

1121 2776 1205 2807 Μόλις
1219 2775 1266 2810 τὴν
1277 2775 1414 2802 Ἐλπιδίαν
1429 2775 1584 2810 εὑρήκαμεν
1595 2784 1602 2790 ·
1619 2776 1647 2801 ὲν
1657 2776 1690 2809 τῇ
1707 2774 1811 2808 πληθύῖ
1824 2776 1883 2810 γὰρ

1090 2822 1158 2857 αῦτη
1175 2822 1228 2848 τῶν
1250 2821 1377 2848 ἱαθέντων
1393 2821 1555 2856 ἐκρύπτετο,
1583 2821 1632 2856 τὴν
1657 2821 1807 2856 θεραπείαν
1827 2823 1883 2856 ps.
