1910 3078
28 123 95 156 3493

524 120 578 152 SS.
594 119 680 152 CYRI
701 118 749 149 ET
769 114 930 148 JOANNIS
947 117 1153 150 MIRACULA.

1597 123 1668 156 3494
1675 151 1680 154 .

28 181 87 211 τοὺς
101 179 199 213 ἁγίους
217 179 373 213 συλήσασα,
395 177 532 205 δεδοικυῖα.
549 177 578 204 δὲ
600 177 649 203 καὶ
677 175 720 203 διὰ
743 173 823 201 τοῦτο

887 172 1114 210 yribus‘quidem
1142 178 1314 206 curationem
1331 181 1420 207 l‘urata
1433 183 1486 214 est,
1505 181 1553 209 sed
1567 181 1668 210 timens

29 226 71 252 καὶ
87 225 231 260 τρέμουσα
243 232 250 240 ι
269 225 331 250 κατ’
346 224 455 258 ἐκείνην
474 223 545 258 τάχα
567 223 616 258 τὴν
640 222 686 249 ἐπὶ
700 220 748 248 τοῦ
763 220 821 251 Σω-

28 272 108 306 τῆρος
116 270 324 307 αἱμορῤοῦσαν
334 269 516 297 λανθάνουσα.
526 267 637 296 Ἐδεδίει
646 267 701 302 γὰρ
714 267 761 294 καὶ
775 265 824 293 αὓ-

28 325 58 352 τη
77 317 185 350 σαφῶς,
202 317 303 352 μήπως
317 317 341 343 οἱ
358 315 522 351 συληθέντες
537 315 587 351 τὴν
609 314 683 341 ἴασιν
705 312 824 348 νοήσωσι

30 362 183 396 μάρτυρες.
197 361 246 388 καὶ
259 361 381 399 φανερὰν
395 360 480 395 αὐτὴν
503 361 560 391 τοῖς
577 359 644 386 πᾶσι
661 358 823 393 ποιήσωσιν,

28 407 121 442 ὥσπερ
141 407 274 442 κάκείνην
287 408 301 433 ὀ
315 407 430 443 Κύριος,
454 406 538 433 αὐτόν
559 414 588 432 τε
608 404 754 431 λανθάνειν
777 403 825 429 καὶ

30 453 133 484 mina;
147 453 302 487 νομίσασαν
319 450 585 487 ὲφανέρωσειιι.⁹Δλλ’
600 450 650 477 οὐκ
662 449 755 476 ἔλαθεν
768 449 824 476 οὐδ’

29 497 95 532 αὕτη
112 498 167 524 νῦν
182 497 248 529 τοὺς
265 498 430 530 ἁκέσαντας,
456 496 494 528 ὡς
519 497 573 523 οὐδ’
589 496 681 531 ἐκείνη
701 495 763 522 τότε
778 494 825 521 τὸν

32 543 147 578 Κύριον.
167 543 201 569 Οἱ
219 544 273 578 γὰρ
285 544 359 577 ᾱγιοι
373 544 401 570 ὲν
419 543 513 578 μέσοις
527 543 584 574 τοῖς
598 541 688 577 ὄχλοις
706 548 824 575 κρυπτψ

32 590 113 625 μένην
130 590 220 625 αὐτὴν
232 589 433 629 θεωρήσαντες,
449 590 560 616 πάντων
577 589 616 620 εἰς
631 588 712 624 μέσον
728 587 775 614 καὶ
787 587 824 622 μὴ

30 636 163 662 θέλουσαν
186 637 310 670 ἄγουσιν,
328 636 375 662 καὶ
390 635 499 666 πάντων
509 636 537 661 ὲν
549 634 626 669 ὄψεσι
641 632 824 669 θριαμϐεύον-

31 689 86 707 σιν·
107 681 163 715 οὺχ
188 681 227 712 ὥς
259 689 285 707 τι
308 680 363 707 τῶν
385 680 494 707 ἀτόπων
516 680 683 715 ποιήσασιν,
706 677 763 705 ἁλλ⁴
788 678 825 709 ὼς

31 728 118 754 πίστει
132 728 186 762 τὴν
209 727 347 763 σωτηρίαν
374 726 556 762 κερδάνασαν,
575 725 622 752 καὶ
641 724 710 760 πρὸς
735 723 826 750 αὐτῶν

31 773 143 805 εἰκότως
161 772 329 799 ἀκούουσαν·
351 772 482 807 (Θάρσει,
497 771 629 806 θύγατερ,
646 771 765 806 ήπίστις
779 777 826 796 σου

32 820 151 846 σέσωκέν
167 828 210 851 σε,
224 818 342 854 πορεύου
359 819 399 849 είς
414 818 535 852 εἰρήνην.
559 826 568 842 ι

68 865 196 891 Ἐλπιδὶα
210 865 265 899 γὰρ
278 864 353 891 τουτὶ
363 864 394 891 τὺ
411 863 574 890 πιστότατον
587 861 709 896 γύναιον.
724 860 755 887 τὸ
775 861 824 896 τῆς

31 911 195 947 αἱμορροίας
211 911 290 945 ἔσχεν
314 910 499 946 ἀρρώστημα,
527 909 573 944 ὑφ’
588 906 618 935 οὗ
642 906 737 938 δεινῶς
763 915 825 933 κατ-

33 958 143 993 ετήκετο
157 957 205 983 καὶ
222 957 322 991 μᾶλλον
332 956 448 991 ἀφειδῶς
457 955 630 990 ἀνηλίσκετο,
644 953 735 989 πηγὴν
750 952 827 979 στελ-

32 1002 145 1037 λομένην
162 1001 212 1028 τοῦ
229 1001 335 1033 πάθους
352 1002 402 1028 οὐκ
413 1001 524 1036 ἔχουσα,
542 1000 592 1027 οὐκ
605 999 719 1025 άεννάου
735 997 825 1033 νάμα-

33 1056 83 1080 τος,
96 1047 168 1075 ἀλλὰ
187 1047 317 1083 βρύοντος
330 1046 462 1082 αἵματος·
481 1046 528 1073 καὶ
555 1044 670 1081 κρουνὸς
689 1044 733 1070 ἀεὶ
756 1044 826 1071 διαι-

33 1095 154 1127 νόμενος,
175 1094 227 1120 οὐκ
246 1093 437 1129 άργυροειδέσι
455 1093 514 1124 τοῖς
539 1091 644 1124 ὕδασιν,
663 1091 731 1118 ἀλλὰ
743 1099 827 1124 φοινι-

34 1139 151 1174 κόχρωσι
167 1138 314 1170 στάζουσιν
328 1138 454 1173 αἴμασιν.
465 1136 609 1164 Ἐντεῦθεν
631 1136 716 1168 νεκρά
731 1136 781 1170 μὲν
798 1137 826 1162 ἐν

32 1185 113 1215 ξῶειν
132 1184 273 1218 ἐφαίνετο,
287 1183 335 1210 τοῦ
353 1183 561 1218 ἐρυθραίνοντος
584 1182 771 1212 ἐπιλείποντος
789 1181 829 1207 αἴ-

34 1238 116 1263 μιτος
130 1238 137 1244 ·
156 1231 185 1255 ἐν
199 1230 309 1264 νεκροῖς
323 1228 352 1255 δὲ
380 1229 462 1254 πάλιν
486 1228 536 1254 οὐκ
559 1227 707 1262 ἐλογίζετο.
724 1227 765 1252 ἔτι
781 1226 827 1253 τοῦ

34 1273 151 1306 ζωτικοῦ
171 1274 325 1309 ψυχοῦντος
350 1274 436 1309 αὐτὴν
459 1274 505 1300 καὶ
526 1274 686 1308 συνέχοντος
703 1273 828 1306 πνεύμα-

34 1330 85 1352 τος.
104 1321 156 1347 Ἐκ
170 1320 266 1346 τούτου
284 1321 380 1354 φυγεῖν
395 1319 564 1346 θέλουσατοῦ
582 1320 749 1354 νοσήματος,
766 1318 830 1350 τοὺς

35 1366 199 1400 φυγαδεύειν
208 1365 276 1392 αὐτὸ
285 1365 537 1400 ἐπαγγελλομένους
551 1365 660 1400 ἰατροὺς
669 1365 829 1396 ἐπεδίωκεν,

34 1413 155 1444 ἐκείνους
170 1413 215 1438 ἀεὶ
241 1412 311 1447 μετὰ
340 1411 471 1446 πλείστης
497 1412 616 1447 σπουδῆς
640 1411 829 1446 ὰνιχνεὺουσα,

34 1462 92 1492 τοὶς
126 1461 161 1487 δι’
175 1460 272 1495 ἐξοχὴν
297 1459 489 1494 ἐνδεδυμένους
517 1460 580 1490 τοὺς
613 1458 759 1494 τρίϐωνας,
784 1459 832 1485 καὶ

34 1507 126 1533 πάντα
140 1507 175 1533 τὰ
193 1507 242 1541 τῆς
255 1506 352 1541 τέχνης
360 1505 512 1540 αὐχοῦντας
523 1503 698 1536 ἐπίστασθαι,
708 1504 757 1530 καὶ
769 1505 831 1536 τοὺς

36 1552 184 1586 μανθάνειν
199 1551 355 1583 ἐθέλοντας,
383 1551 411 1577 ὲν
426 1551 508 1586 ὀφρύϊ
528 1550 582 1577 τῶν
598 1551 686 1584 λόγων
699 1551 736 1582 ὡς
750 1551 777 1576 ὲν
791 1552 829 1576 εἰ-

34 1598 105 1632 δήσιι
124 1598 178 1624 τῶν
190 1597 281 1632 ἔργων
301 1597 476 1628 διδάσκοντας
488 1605 495 1612 ⁸
511 1595 559 1627 οὓς
580 1595 763 1630 εὐθηνοῦντας
779 1596 828 1630 μὲν

34 1644 83 1668 ἀνὰ
97 1642 150 1677 τὴν
163 1642 242 1669 πόλιν
264 1642 301 1674 ὡς
320 1642 415 1677 ἤθελεν
439 1641 578 1677 εὕρισκεν,
596 1641 776 1673 σπανίζοντας
800 1641 829 1667 δὲ

36 1690 99 1724 πρὸς
124 1689 196 1715 ἴασιν
210 1689 259 1723 οὐχ
270 1688 397 1724 εὕρισκεν
410 1688 448 1719 ὡς
473 1687 618 1723 ὴὸούλῖτοσ
631 1687 747 1714 ἑκάστου
774 1686 828 1723 γὰρ

35 1734 125 1761 αὸτῶν
134 1735 232 1769 πεῖραν
250 1734 442 1768 λαμϐάνουσα,
470 1733 510 1765 ὡς
524 1733 555 1760 οὐ
581 1733 742 1768 πειραθεϊσα
757 1733 827 1768 πρὸς

35 1780 112 1806 ἀλλον
133 1780 297 1815 μετὴρχετο,
314 1779 361 1806 καὶ
376 1779 437 1806 καθ’
450 1779 498 1805 ἕνα
509 1779 574 1810 τοὺς
590 1779 694 1810 πάντας
708 1779 829 1814 ἀμείψα-

35 1834 76 1857 σα,
90 1826 125 1853 τὸ
143 1828 259 1861 κατέχον
274 1825 360 1861 αὐτὴν
374 1826 425 1852 οὐκ
439 1825 540 1861 ῆλαυνε
559 1825 678 1861 νόσημα.

69 1957 136 1984 Ὅτε
149 1957 177 1984 δὲ
193 1957 284 1984 πάντα
298 1957 344 1984 τὸν
361 1957 418 1993 βίον
432 1958 519 1993 αὐτῆς
530 1957 578 1985 καὶ
592 1957 641 1994 τὴν
655 1957 774 1994 ὕπαρξιν
788 1959 828 1990 εἰς

36 2003 145 2039 ἰατροὺς
159 2002 326 2038 ἐδαπάνησε.
343 2005 390 2030 καὶ
409 2003 441 2030 τὸ
463 2003 549 2036 πάθος
565 2005 663 2039 φυγεῖν
678 2005 728 2031 οὐκ
744 2003 828 2030 εὐπό-

36 2058 112 2084 ρησε,
129 2048 191 2076 οὗτε
207 2050 387 2085 παραμυθίαν
410 2050 473 2077 τινὰ
487 2051 547 2083 ταῖς
568 2050 698 2086 ἀλγηδόσι
715 2050 829 2086 πορίσα-

38 2093 107 2126 σθαι,
129 2094 153 2120 εἰ
170 2095 218 2120 καὶ
230 2094 279 2130 τὴν
293 2094 411 2130 ἀπορίαν
427 2095 537 2123 πάντων
563 2095 760 2122 ἀναλωθέντων
787 2096 828 2127 εἰς

35 2139 134 2171 αὐτοὺς
148 2139 307 2175 ἐπορίσατο,
332 2141 378 2167 ἐπὶ
399 2141 491 2176 Κῦρον
512 2141 560 2168 καὶ
581 2141 711 2177 Ἰωάννην
735 2141 827 2177 ἡρέμα

841 860 862 887 Β

845 1531 867 1561 ο

36 2193 92 2215 πως
107 2185 231 2220 ἔρχεται,
245 2185 344 2220 κλέψαι
361 2186 503 2221 μελετῶσα
518 2188 551 2223 τῇ
569 2188 659 2214 πίστει
671 2187 722 2223 τὴν
742 2188 826 2214 ἴασιν.
843 2205 869 2235 n

36 2230 172 2265 Εὖκαιρον
185 2230 214 2257 δὲ
240 2232 336 2266 καιρὸν
352 2232 423 2266 πρὸς
444 2232 493 2267 τὴν
517 2231 622 2267 κλοπὴν
643 2232 829 2267 άναμένουσα,

37 2277 81 2302 καὶ
93 2277 144 2311 τὴν
155 2276 232 2312 ὥραν
243 2277 416 2311 φυλάττουσα
428 2277 490 2304 καθ’
503 2278 535 2313 ἢν
546 2278 662 2313 συλῆσαι
685 2277 735 2313 τὴν
750 2279 830 2314 θερα-

37 2321 116 2347 πῑὶαν
136 2321 265 2356 ἠδύνατο,
286 2321 437 2357 νυσταγμῷ
462 2321 541 2357 βαθεῖ
568 2322 756 2356 καταφέρεται
782 2322 830 2348 καὶ

38 2365 113 2402 ὕπνῳ
131 2366 260 2400 αυλᾶται,
279 2367 344 2402 πρὶν
359 2367 375 2402 ἢ
390 2366 503 2402 συλήσει
522 2367 585 2398 τοὺς
599 2367 742 2402 μάρτυρας
753 2376 760 2383 ·
783 2367 830 2394 καὶ

37 2412 134 2446 κλέψαι
153 2412 204 2447 τὴν
233 2411 305 2438 ἴασιν
331 2411 457 2443 θέλουσι,
483 2412 553 2447 αὐτὴ
581 2412 736 2438 τούναντίον
752 2413 830 2439 ἐκλέ-

37 2465 118 2484 ιτετο
130 2467 137 2472 ·
152 2459 201 2485 καὶ
215 2458 350 2484 κλαπείσα
369 2458 451 2485 πάλιν
472 2459 537 2493 περὶ
562 2459 610 2493 τῆς
631 2458 735 2493 κλοπῆς
753 2459 831 2485 ἐδου-

36 2504 139 2532 λεύετο.
159 2504 231 2530 Ἀλλ’
247 2504 340 2531 ἰδοῦσα
352 2504 476 2536 τούτους,
489 2504 526 2536 ὡς
539 2504 675 2536 ἀκουσίως
687 2504 828 2538 ἐκάθευδε,

37 2550 84 2585 τὴν
98 2551 204 2586 κλοπὴν
220 2551 342 2585 ὲφοὸήοη
360 2551 525 2586 ποιήσασθαι
541 2559 548 2566 ·
563 2551 685 2586 διορύξαι
712 2551 768 2587 γὰρ
784 2552 831 2578 τὸν

38 2595 174 2632 θησαυρὸν
201 2596 253 2623 οὒκ
273 2597 423 2632 ἐθάρσησε,
442 2596 574 2632 ἀλλήλους
605 2596 745 2632 βλέπουσα
765 2598 830 2630 τοὺς

37 2642 131 2675 irino;
146 2643 344 2677 φυλάττοντας,
358 2644 407 2670 καὶ
420 2644 457 2678 μὴ
477 2643 646 2678 δυναμένους
670 2644 724 2670 ὑπό
746 2652 829 2675 τινος.

38 2690 60 2715 εἰ
73 2689 112 2725 μὴ
124 2689 241 2722 θέλοιεν,
260 2689 437 2717 κλέπτεσθαι.

77 2779 156 2806 Αὐτοὶ
169 2780 198 2806 δὲ
216 2779 264 2806 τὸν
278 2780 380 2807 σκοπὸν
405 2781 451 2808 τοῦ
469 2782 580 2815 γυναίου
600 2783 759 2818 νοήσαντες,
783 2793 820 2811 κα

39 2824 87 2858 τὴν
103 2825 193 2853 τιέστιν
203 2825 401 2861 άποδεξάμενοι
426 2827 473 2854 καὶ
489 2827 539 2863 τὴν
559 2828 764 2863 φανερωθεῖσαν
781 2830 827 2856 εὐ-

875 221 910 248 ob
923 221 976 249 hoc
990 227 1018 250 et
1033 227 1166 255 tremens,
1181 228 1263 259 atque
1278 226 1432 253 secundum
1448 227 1522 254 illam
1539 227 1668 256 fortassis

877 267 1134 302 hatmorrhoissam,
1148 277 1209 305 qua:
1233 278 1248 298 a
1280 270 1423 300 Salvatore
1437 277 1532 300 sanata
1549 277 1590 301 est
1604 274 1667 300 lati-

877 318 939 341 tans
952 321 959 341 :
977 313 1141 343 formidabat.
1158 316 1232 343 enim
1247 320 1274 344 et
1288 317 1344 344 haec
1358 322 1430 352 apte,
1440 318 1585 353 nequando
1598 326 1665 345 illar-

877 362 962 393 tyres,
981 366 995 385 a
1011 359 1113 394 quibus
1141 360 1214 387 furto
1243 361 1388 389 sanitatem
1408 362 1571 394 abstulerat,
1588 363 1668 390 intel-

876 403 1004 440 ligerent,
1032 409 1059 432 et
1082 406 1258 434 manifestam
1283 414 1342 434 eam
1366 407 1494 436 omnibus
1534 408 1666 441 facerent,

877 450 949 477 sicut
963 454 990 477 et
1007 451 1081 477 illam
1098 450 1230 479 Dominus
1247 452 1407 487 publicavit,
1421 460 1482 488 quae
1501 457 1528 480 et
1549 453 1625 480 illum
1640 458 1668 480 et

876 503 973 524 omnes
988 497 1072 524 latere
1085 498 1207 532 putabat.
1227 497 1280 526 Sed
1296 506 1347 526 nec
1361 499 1414 527 ista
1435 499 1516 536 latuit
1530 507 1605 527 nunc
1619 507 1668 527 eos

876 542 922 576 qui
938 550 968 568 se
979 550 1074 570 sanam
1089 543 1227 576 fecerant;
1242 545 1473 579 quemadmodum
1487 545 1593 574 necilla
1603 550 1669 573 tunc

877 587 1021 615 Dominum
1039 597 1046 621 ;
1065 590 1153 616 sancti
1170 590 1243 617 enim
1265 590 1292 617 in
1309 590 1400 618 medio
1421 591 1566 619 turbarum
1583 591 1666 618 etiam

877 633 1012 660 volentem
1022 633 1170 666 adducunt,
1183 639 1210 662 et.
1225 641 1317 662 coram
1330 635 1460 663 omnibus
1470 635 1665 668 manifestam;

877 686 932 705 non
950 680 1028 713 quasi
1049 679 1114 714 quid
1134 687 1248 715 pravum
1265 681 1371 714 fecerit,
1390 681 1439 709 sed
1462 687 1591 716 tauquam
1606 689 1667 709 eam

876 732 937 759 qua:
953 724 1005 752 fide
1020 725 1137 753 salutem
1152 726 1258 753 lucrata
1272 726 1319 758 sit,
1336 731 1363 754 et
1376 726 1410 753 ab
1422 726 1463 754 eis
1475 726 1669 754 convenienter

877 770 996 797 audierit
1012 779 1019 797 ι
1041 780 1050 796 ι
1065 771 1188 804 Conilde,
1207 771 1273 804 illia,
1294 771 1361 800 ﬁdes
1373 775 1419 799 tua
1434 775 1462 799 te
1477 772 1579 799 salvam
1594 771 1668 803 fecit,

879 817 946 843 vade
959 816 992 853 in‘
1002 823 1080 851 pace.
1100 826 1110 842 ι

913 861 1036 896 Helpiilia
1064 862 1137 889 enim
1161 863 1220 889 haec
1247 862 1406 891 ﬁdelissima
1433 863 1533 890 mulier
1559 863 1669 898 sangui-

876 909 919 936 nis
947 908 1036 936 lluxus
1064 908 1159 936 habuit
1180 909 1382 944 aegritudinem,
1412 917 1427 937 a
1445 917 1499 945 qua
1524 910 1670 938 tabeilebat

876 955 1018 985 atrociter.
1032 959 1059 981 et
1077 954 1137 982 sine
1151 955 1205 981 ulla
1222 955 1356 990 parcitate
1372 956 1597 989 consumebatur,
1607 956 1668 983 fon—

877 1004 932 1027 tem
957 1000 1063 1028 habens
1082 1000 1221 1035 passionis
1244 1001 1290 1035 qui
1307 1008 1361 1028 non
1377 1000 1538 1033 deficiebat;
1555 1009 1609 1028 non
1627 1004 1669 1028 ta-

877 1053 939 1073 men
966 1045 1096 1073 laticibus
1117 1046 1285 1080 perennibus
1305 1045 1443 1079 ﬂuentem,
1459 1046 1507 1074 sed
1525 1047 1668 1081 sanguinis

878 1091 977 1118 rivulis
1005 1095 1192 1123 emanantem.
1224 1099 1312 1126 neque
1336 1092 1444 1127 argenti
1469 1092 1560 1127 specie
1582 1100 1669 1127 aquas

878 1137 1034 1167 Ital-cutem.
1053 1136 1100 1164 sed
1119 1137 1253 1170 phoenicei
1264 1137 1366 1164 coloris
1392 1138 1554 1173 sanguinem
1581 1138 1670 1165 distil-

879 1179 991 1207 lantem.
1007 1180 1046 1206 Ac
1061 1188 1107 1214 per
1121 1180 1173 1207 hoc
1188 1185 1293 1208 mortua
1325 1181 1434 1216 quidem
1464 1182 1534 1209 inter
1550 1183 1669 1210 viventes

879 1225 1039 1260 apparebat,
1053 1225 1198 1253 deﬁciente
1222 1227 1369 1262 sanguine.
1384 1227 1432 1263 qui
1462 1228 1589 1255 ruborem
1610 1228 1670 1255 vul-

880 1274 925 1297 tus
944 1276 1053 1305 pra‘stat
1071 1281 1078 1298 :
1097 1277 1123 1299 et
1137 1280 1233 1300 rursus
1249 1273 1275 1300 in
1297 1274 1413 1301 mortuis
1433 1281 1493 1302 esse
1517 1282 1572 1301 non
1596 1274 1670 1302 testi-

881 1317 1018 1350 mabalur,
1033 1325 1066 1344 eo
1078 1319 1151 1352 quod
1167 1318 1237 1346 hanc
1253 1319 1361 1346 vividus
1375 1319 1465 1346 adhuc
1479 1320 1594 1354 spiritus
1611 1320 1672 1347 ani-

882 1369 979 1397 maret,
996 1368 1023 1391 et
1035 1366 1199 1392 contineret.
1216 1365 1235 1392 Α
1248 1373 1302 1400 quo
1312 1366 1445 1401 languore
1459 1366 1552 1401 fugere
1563 1367 1670 1398 volens,

886 1410 1008 1438 medicos
1035 1410 1081 1445 qui
1105 1410 1202 1444 fugare
1223 1411 1295 1438 hunc
1322 1412 1554 1446 repromitterent,
1578 1419 1671 1447 perse-

883 1462 945 1483 cuta
960 1461 1012 1488 est,
1031 1457 1092 1484 illos
1120 1464 1229 1492 semper
1254 1457 1342 1484 multo
1373 1456 1466 1484 studio
1493 1457 1671 1492 investigatis,

883 1501 929 1536 qui
939 1506 1051 1536 propter
1070 1502 1249 1529 eminentiam
1266 1502 1421 1529 tribonibus
1435 1502 1631 1534 induebamur,
1646 1505 1673 1529 et

884 1548 977 1574 omnia
1001 1555 1062 1582 quae
1091 1553 1155 1575 sunt
1174 1548 1243 1576 artis
1258 1555 1287 1575 se
1317 1555 1400 1575 nosse
1430 1547 1630 1583 gloriabantur,
1647 1551 1673 1574 et

883 1600 931 1621 eos
957 1593 1004 1627 qui
1026 1593 1134 1620 discere
1154 1594 1272 1626 vellent,
1298 1594 1325 1620 in
1349 1593 1499 1629 supercilio
1526 1593 1672 1620 verborum

885 1646 962 1673 aeque
994 1642 1024 1665 ut
1046 1639 1074 1665 in
1106 1639 1222 1666 scientia
1253 1645 1367 1673 operum
1406 1637 1578 1670 edocebant;
1604 1645 1674 1672 quies

888 1685 1032 1713 abundare
1043 1692 1092 1720 per
1104 1685 1255 1715 civitatem.
1264 1689 1294 1712 ut
1314 1685 1433 1717 volebat,
1446 1684 1612 1716 inveniebat,
1625 1684 1673 1711 sed

886 1738 967 1758 raros
996 1730 1030 1758 ad
1059 1731 1206 1758 sanitatem
1231 1730 1347 1758 idoneos
1370 1730 1547 1763 inveniebat;
1579 1730 1674 1758 unius-

883 1775 1021 1810 cujusque
1037 1775 1110 1802 enim
1124 1775 1234 1802 illorum
1246 1775 1437 1809 experimento
1459 1779 1581 1810 accepto,
1593 1775 1673 1810 quasi

885 1829 942 1849 non
955 1825 1081 1856 experto,
1107 1821 1242 1849 transibat
1258 1821 1291 1848 ad
1316 1821 1411 1854 alium,
1423 1826 1450 1848 et
1465 1829 1515 1856 per
1537 1822 1672 1856 singulos,

883 1875 980 1896 omnes
992 1867 1188 1895 remunerabat
1201 1875 1209 1900 ;
1225 1867 1272 1895 sed
1286 1867 1455 1902 languorem,
1471 1867 1518 1902 qui
1542 1875 1573 1895 se
1589 1867 1673 1895 habe-

886 1913 943 1942 bat.
960 1919 1016 1939 nou
1033 1912 1197 1939 minorabat.

918 1958 986 1986 Cum
998 1961 1090 1985 autem
1106 1965 1214 1985 omnem
1229 1958 1332 1985 victum
1347 1965 1428 1986 suum
1440 1962 1524 1994 atque
1541 1959 1672 1987 substan-

883 2004 949 2031 tiam
969 2003 996 2031 in
1017 2003 1131 2032 ntedicis
1145 2004 1374 2038 consumpsisset,
1391 2007 1419 2031 et
1431 2004 1587 2039 passionem
1602 2005 1672 2032 etfu-

883 2056 947 2083 gere
963 2048 1078 2076 minime
1091 2048 1235 2081 valuisset,
1252 2049 1300 2077 sed
1316 2056 1366 2076 nec
1387 2050 1509 2084 requiem
1530 2050 1673 2078 doloribus

882 2094 1001 2122 mercari
1021 2094 1174 2130 quamlibet
1184 2095 1331 2130 potuisset,
1344 2095 1408 2123 licet
1421 2096 1507 2122 solam
1524 2100 1672 2131 egestatem

881 2142 1013 2170 omnibus
1028 2141 1055 2169 in
1071 2149 1120 2170 eos
1137 2142 1267 2177 expensis
1291 2142 1465 2177 acquisierit,
1482 2143 1516 2170 ad
1530 2143 1630 2179 Cyrum
1646 2149 1674 2171 et

881 2187 1016 2216 Joannem
1037 2188 1202 2223 pedetentim
1217 2189 1335 2223 accedit,
1359 2189 1412 2217 ﬁde
1425 2189 1510 2217 furari
1539 2190 1674 2218 meditans

887 2228 1047 2263 sanitatem.
1065 2234 1167 2263 Verum
1195 2235 1260 2263 dum
1291 2240 1401 2271 tempus
1425 2241 1612 2271 opportunum
1640 2237 1673 2264 ad

889 2280 1044 2308 faciendum
1059 2280 1162 2308 furtum
1177 2285 1328 2316 exspectat,
1340 2282 1404 2309 dum
1417 2283 1512 2310 horam
1531 2290 1584 2317 qua
1595 2290 1675 2310 ettra-

888 2327 989 2353 tionem
1007 2327 1126 2362 prmdari
1141 2331 1237 2362 posset
1253 2327 1391 2360 observat,
1403 2327 1597 2355 dormitatione
1610 2336 1674 2363 pro—

887 2372 972 2400 funda
1000 2373 1164 2408 deprimitur
1180 2382 1187 2406 ;
1201 2377 1228 2401 et
1247 2381 1262 2401 a
1281 2381 1379 2401 somno
1391 2373 1566 2409 dispoliatur,
1583 2374 1674 2408 prius-

886 2427 968 2454 quam
995 2419 1126 2454 dispoliet
1152 2423 1315 2454 martyres;
1348 2424 1375 2446 et
1415 2418 1501 2446 furari
1530 2420 1673 2447 sanitatem

884 2465 1000 2497 volens,
1025 2465 1083 2499 ipsa
1107 2472 1124 2492 e
1147 2464 1287 2498 contrario
1322 2463 1414 2492 furtim
1445 2465 1596 2497 adimitur,
1619 2465 1676 2492 fur—

885 2517 968 2546 toque
992 2510 1175 2545 adempta,de
1202 2510 1275 2537 l‘urto
1287 2518 1384 2538 rursus
1401 2510 1503 2539 iniehat
1517 2512 1674 2539 consilium.

887 2558 940 2585 Sed
954 2557 997 2585 his
1009 2557 1086 2590 visis,
1101 2565 1164 2585 cum
1196 2558 1256 2585 sine
1281 2557 1421 2584 voluntate
1447 2557 1592 2591 dormiret,
1620 2558 1673 2585 fur~

886 2610 942 2632 tum
969 2603 1062 2631 facere
1089 2603 1190 2636 timuit,
1219 2603 1358 2631 sulfodere
1374 2610 1493 2639 namque
1515 2604 1675 2632 thesaurum

887 2658 943 2677 non
964 2650 1152 2685 praesumpsit,
1181 2654 1294 2678 sanctos
1316 2651 1413 2677 videns
1438 2650 1555 2678 invicem
1581 2651 1676 2678 ohscr-

886 2700 994 2725 vantes.
1013 2700 1109 2723 etnon
1126 2702 1209 2731 posse
1237 2695 1331 2723 furtim
1346 2703 1360 2723 a
1373 2704 1524 2732 quoquam,
1549 2697 1602 2724 nisi
1627 2704 1676 2723 vo-

886 2741 1012 2771 lu'ssent.
1029 2740 1143 2768 auferri.
1158 2762 1166 2767 .

923 2786 975 2820 Ipsi
992 2789 1083 2813 autern
1108 2793 1170 2813 cum
1190 2786 1312 2813 mulieris
1332 2785 1504 2813 intentiouen
1524 2784 1676 2812 intellexis-

886 2836 948 2859 sent
974 2836 1000 2859 et
1029 2831 1121 2864 fidem,
1143 2839 1174 2860 ac
1196 2832 1369 2859 manili-stam
1385 2832 1436 2859 sibi
1455 2837 1479 2860 et
1508 2837 1597 2858 norant
1617 2831 1676 2863 ejus
