1910 3078
225 132 295 164 3405

654 130 683 160 S.
703 128 909 159 SOPHRONII
932 127 1184 158 PATRIARCHIE
1202 128 1403 159 HIEROSOL.

1781 131 1810 162 34
1815 132 1857 163 96

228 187 387 221 religionem
401 184 641 216 adntisissent,-:td
656 191 715 210 eam
727 183 850 214 veniunt,
865 187 892 209 et
908 183 1012 209 incolu-
1027 207 1028 211 η

1082 182 1186 215 ἀδειαν,
1203 183 1271 218 πρὸς
1284 183 1370 218 αὐτὴν
1390 184 1596 219 παραγίνονται,
1615 187 1722 222 καὶτῆς
1743 189 1858 223 ῥώσεως

227 231 332 258 mitatis
348 237 447 256 munus
463 229 630 260 c'ondonant,
651 233 678 254 et
695 228 832 262 passionis
848 232 889 255 ter
904 227 1012 254 deside-

226 277 340 305 rabilem
363 276 521 306 sanitatem,
547 282 600 301 non
624 273 702 309 quasi
730 274 890 308 ignorantes
918 273 1011 300 furtim

229 322 393 357 exspoliati,
415 321 495 348 sicuti
523 319 634 355 quidam
652 327 735 354 super
760 318 901 346 Salvatore
920 318 1013 346 dicere

227 370 470 404 przesumpserunt,
487 366 513 392 in
532 365 631 392 malum
646 373 678 392 os
690 368 823 400 ponentes
837 369 865 392 et
881 365 1012 400 iniquita-

227 420 280 442 tem
295 414 320 440 in
336 412 475 439 excelsum
491 412 645 445 loquentes,
660 414 687 437 et
702 411 795 445 lingua
809 416 908 437 terram
921 416 1012 437 trans-

227 464 333 491 euntes,
361 463 387 484 et
406 457 525 492 pessime
547 457 732 491 pethibeutes,
757 456 897 490 quomodo
934 456 1014 482 scivit

228 505 316 532 Deus?
340 509 365 532 et
386 504 408 531 si
425 508 468 531 est
482 502 600 530 Scientia
618 502 644 529 in
660 503 790 529 excelso?
804 501 854 534 Qui
874 510 935 529 cum
958 501 1012 533 his,

226 553 273 587 qui
303 551 433 578 dixerunt
448 558 454 576 :
469 549 559 581 Quare
585 553 624 578 tu,
647 548 728 574 homo
754 555 814 574 cum
837 548 886 579 sis,
905 547 972 574 facis
988 551 1014 574 te

227 599 316 633 ipsum
342 595 444 623 Deum?
472 594 756 625 connumerabuntur,
782 598 808 620 et
835 598 936 620 sortem
961 593 1013 620 sibi

228 641 383 677 insipientis
405 640 614 675 dispertientur.
641 638 693 666 Sed
714 638 884 665 inscientia
906 639 1014 665 miseri—

227 686 301 714 cordi
325 686 456 712 sunitotes
479 687 654 719 praestantes,
676 684 748 711 sicut
770 691 802 711 ex
818 684 949 711 omnibus
965 691 1013 711 e0-

231 739 289 758 rum
304 731 446 757 miraculis
463 729 595 756 diximus.

265 777 393 804 Astautes
407 783 483 810 ergo,
500 780 530 801 ut
553 774 724 807 dicebamus,
745 779 862 810 myrtum
880 775 908 802 in
921 775 1015 801 vinum

230 824 347 854 mittere,
365 827 392 848 et
417 821 442 847 id
462 821 624 856 praecipiunt
643 820 747 847 bibere.
771 820 806 846 At
824 820 869 846 illa
885 820 937 847 hoc
953 825 1015 855 post

1064 227 1094 253 τὸ
1104 227 1189 262 δῶρον
1206 227 1377 263 χαρίζονται,
1393 229 1441 255 καὶ
1454 229 1501 255 τοῦ
1513 230 1616 262 πάθους
1630 232 1680 266 τὴν
1690 233 1860 267 τριπόθητον

1066 272 1156 299 ἴασιν·
1181 273 1229 307 οὑχ
1257 273 1294 304 ὡς
1317 273 1477 307 ἀγνοοῦντες
1502 275 1662 310 συλούμενοι
1689 277 1736 308 (ὡς
1764 278 1860 311 λέγειν

1064 318 1137 349 τινὲς
1153 319 1199 344 ἐπὶ
1214 318 1261 344 τοῦ
1282 319 1407 354 Σωτῆρος
1429 320 1595 355 ἐτόλμησαν,
1625 323 1665 354 εἰς
1685 323 1800 358 οὐρανὸν
1821 324 1860 350 τὺ

1066 362 1154 397 στόμα
1170 363 1317 397 τιθέμενοι,
1333 365 1379 390 καὶ
1391 365 1499 399 μὰδικίαν
1514 366 1554 397 είς
1580 366 1645 401 bdo;
1660 368 1858 402 φθεγγόμενοι.

1066 408 1115 434 καὶ
1128 409 1160 443 τῇ
1175 408 1280 444 γλώττῃ
1298 409 1346 444 τὴν
1358 411 1410 444 γῆν
1425 411 1605 446 διερχόμενοι,
1617 413 1665 440 καὶ
1675 414 1795 440 κάκιστα
1808 415 1859 441 λέ-

1066 461 1160 487 γοντες
1174 461 1180 468 ·
1200 454 1260 486 Πῶς
1272 455 1342 488 ἔγνω
1367 456 1382 481 ὸ
1396 456 1462 487 Θεὸς
1475 465 1482 488 ς
1500 457 1546 483 καὶ
1565 457 1596 484 Εἰ
1620 457 1694 485 Ξστιν
1710 459 1812 492 γνῶσις
1825 460 1861 485 ὲν

1055 498 1105 534 ντῷ
1129 499 1249 534 ’Υψίστῳ
1263 508 1269 530 ;
1287 500 1318 526 Οἳ
1338 503 1393 532 τοῖς
1407 502 1530 529 εἰποῦσιν
1544 503 1628 538 αὐτῷ,
1646 505 1694 531 Διὰ
1709 504 1736 531 τί
1748 506 1792 537 σὺ,
1808 505 1861 531 ἄν·

1067 544 1174 579 θρωπος
1186 544 1233 578 ὢν,
1251 547 1338 577 ποιεῖς
1354 547 1449 574 ἑαυτὸν
1459 547 1541 581 Θεό-η
1558 549 1801 583 συνταχθήσονται,
1811 550 1860 575 καὶ

1066 590 1115 624 τὴν
1132 590 1296 625 κληρουχίαν
1313 591 1405 623 αὐτοῖς
1416 591 1462 618 τοῦ
1478 593 1594 627 ἄφρονος
1615 594 1861 628 συμμερίζονται),

1067 635 1125 662 ἀλλ’
1151 636 1180 661 ἐν
1207 635 1309 669 γνώσει
1339 636 1525 672 φιλανθρώπῳ
1540 638 1589 670 τὰς
1613 639 1697 670 ἰάσεις
1721 639 1861 674 παρέχον-

1067 688 1123 712 τες,
1140 680 1177 711 ὡς
1204 681 1236 706 ὲκ
1252 682 1362 707 πάντων
1379 682 1469 708 αὐτῶν
1486 683 1541 709 τῶν
1558 683 1704 719 θαυμάτων
1720 685 1862 719 μανθάνο-

1070 734 1129 761 μεν.

1111 773 1285 805 Ἐπιστάντες
1297 771 1354 803 οὖν,
1371 773 1407 803 ὡς
1428 773 1570 807 ἐλέγομεν,
1592 774 1725 809 μυρσίνην
1746 775 1775 801 ἐν
1791 775 1863 810 οἴνῳ

1071 817 1171 853 βαλεῖν,
1188 818 1235 844 καὶ
1258 818 1353 845 τοῦτον
1378 820 1451 845 πιεῖν
1476 819 1715 845 enicat-nouem.“
1729 812 1757 845 δὲ
1787 821 1864 854 μετὰ

230 867 367 895 somnium
390 866 471 898 iacto,
492 866 583 892 statim
600 872 615 891 a
638 864 745 899 ﬂagello
762 868 857 891 sanata
873 868 935 892 est:
952 872 1015 892 san-

1082 863 1110 889 δν
1123 863 1205 890 ὕπνον
1217 863 1296 890 τοῦτο
1309 864 1562 899 ποιήσασα,εὑθέως
1575 865 1634 901 ὶᾷτο
1647 865 1694 899 τῆς
1710 866 1860 899 μάστιγος.

231 913 291 946 guis
305 913 389 941 cnim.
417 911 462 945 qui
480 911 617 937 instanter
635 910 670 936 ab
685 916 717 936 ca
743 910 855 942 ﬂuebat,
879 917 941 936 cum
957 918 1015 937 me-

231 958 338 984 dicinas
352 956 495 988 sensisset,
512 955 598 986 stetit,
615 954 716 989 quibus
731 953 795 981 dum
809 962 857 988 per
870 962 901 982 os
912 954 1016 982 diﬂlue-

232 1009 271 1030 ret
284 1001 480 1037 prohibebatur
505 1000 630 1031 eﬂluerc,
653 1003 727 1026 statu
746 1007 796 1034 pro
818 998 904 1027 ﬂuore
925 1007 1018 1027 corre-

232 1053 305 1084 ptus,
317 1052 343 1075 et
363 1055 377 1074 a
391 1051 488 1074 natura
508 1046 611 1080 liquida
630 1050 657 1072 ct
675 1045 808 1076 instabili,
827 1045 853 1072 in
875 1045 1017 1072 robustam

233 1098 260 1121 et
274 1093 401 1120 stabilem
428 1096 626 1120 commutatus.
647 1090 702 1117 imo
726 1091 833 1125 penitus
849 1090 1016 1123 subductus,

232 1138 383 1167 exsistendi
409 1136 582 1165 etdtﬂluendi
605 1136 719 1163 omnino
743 1136 861 1171 quietem
888 1136 1013 1171 adeptus.

232 1184 318 1220 Igitur
349 1183 474 1219 Helpidia
497 1181 618 1217 quidem,
650 1180 839 1215 hujuscemodi
870 1174 1015 1208 sanitatem

233 1233 392 1261 consecuta,
412 1236 473 1256 cum
496 1235 546 1263 pro
564 1227 614 1254 hac
638 1227 741 1263 gratias
754 1227 884 1255 datttibus
900 1227 1019 1254 obtulis-

234 1280 285 1307 set,
300 1274 333 1301 ad
356 1275 524 1309 pergendum
544 1273 571 1300 in
593 1280 660 1307 pace
680 1272 714 1299 ab
731 1273 771 1300 eis
785 1273 943 1299 dimittitur.
964 1272 1019 1299 Nos

235 1327 338 1353 autem,
359 1329 452 1356 pacem
478 1324 616 1355 optantes,
643 1323 670 1346 ct
693 1319 818 1354 duplices
843 1321 946 1355 gratias
971 1327 1020 1355 pro

236 1375 301 1402 pace
331 1367 436 1393 scilicet
453 1369 479 1393 et
503 1365 644 1392 miraculis
669 1364 724 1391 Deo
747 1372 780 1392 ac
795 1365 961 1400 martyribus
975 1366 1020 1392 de-

236 1416 394 1443 cantantes,
416 1411 536 1445 linguam
553 1410 586 1437 ad
599 1410 713 1442 aliorum
732 1410 914 1437 narrationem
939 1410 1021 1437 mira-

243 1459 369 1485 culorum
387 1455 543 1490 dirigimus.

289 1511 383 1540 XXVI.
398 1511 434 1538 De
447 1510 582 1538 Tlteoduru
601 1519 659 1546 quw
672 1511 844 1540 absorbuerat
860 1518 965 1537 ranam.

273 1587 474 1614 Praecedeutem
501 1585 698 1620 investigantes
727 1586 879 1616 mulierem,
910 1588 1022 1612 sanato-

239 1639 354 1667 rutnque
381 1631 493 1666 pelagus
524 1631 694 1666 navigantes,
722 1635 749 1658 et
777 1631 835 1657 vias
857 1637 916 1663 qua).
948 1637 1023 1656 more

237 1676 358 1704 ﬂuminis
382 1680 466 1711 agunt
489 1676 680 1706 decurrentes,
706 1675 846 1702 mulierem
867 1675 1023 1702 invenimus

238 1723 330 1754 aliam,
347 1721 426 1755 cujus
441 1727 588 1756 antequam
622 1721 789 1748 vidissemus
808 1724 959 1755 aspectum.
978 1727 1024 1747 ra-
1043 1733 1047 1736 -

239 1768 388 1795 nuuculutn
408 1767 434 1793 in
457 1774 489 1794 ea
513 1770 654 1794 sonantem
676 1766 842 1798 audivimus,
860 1773 942 1800 quam
961 1773 1023 1793 cum

238 1813 363 1848 ipsajam
390 1819 456 1839 rana
480 1812 556 1839 vobis
574 1811 740 1839 adducimus
765 1819 861 1846 magna
876 1819 941 1838 voce
954 1819 1025 1847 prae-

238 1859 374 1886 dicantem
389 1857 463 1892 quod
479 1858 506 1884 in
529 1865 558 1885 se
574 1858 675 1885 factum
693 1861 736 1885 est
750 1857 906 1892 prodigium
923 1861 1025 1892 marty-

239 1913 310 1932 rum.
327 1904 469 1932 Theodora
495 1903 639 1931 dicebatur
658 1911 672 1930 a
695 1904 867 1938 parentibus,
882 1911 943 1937 quae
961 1911 1024 1930 cum

245 1957 343 1985 aquam
370 1950 486 1980 biberet,
511 1949 640 1983 pusillum
667 1949 849 1975 ranunculttm
863 1948 960 1980 ebibit,
978 1948 1025 1982 qui

239 1995 267 2022 in
295 1995 377 2029 hujus
392 1998 485 2021 ventre
501 1994 580 2028 quasi
599 1994 625 2020 in
648 1993 765 2027 quodam
780 1998 877 2027 stagno
892 1999 1026 2025 moratus,

242 2040 370 2074 primitus
383 2039 494 2074 quidem
519 2046 582 2065 cum
606 2043 680 2065 esset
703 2038 791 2065 adhuc
812 2039 954 2072 parvulus,
973 2047 1027 2066 non

241 2090 295 2112 tam
317 2092 410 2112 amare
438 2084 512 2111 illam
543 2083 752 2115 demoliebatur,
777 2084 911 2111 lorsioues
936 2089 1027 2111 autem

243 2129 376 2165 quasdam
416 2129 534 2156 faciebat
564 2135 626 2155 cum
667 2134 831 2162 moveretur,
867 2130 1027 2164 parvitatem

1067 909 1103 935 Τὸ
1115 909 1169 944 γάρ
1181 907 1250 944 αἷμα
1259 909 1287 935 τὺ
1298 910 1344 936 ἀπ’
1357 910 1442 945 αὐτῆς
1453 910 1577 941 ἀστάτως
1588 911 1716 946 ρέον,τῆς
1726 911 1774 937 τοῦ
1785 920 1863 946 φαρ·

1068 955 1156 990 μάκου
1174 954 1324 989 παρουσίας
1341 955 1502 989 αίσθόμενον
1513 956 1620 981 ἵστατο·
1639 955 1687 982 καὶ
1700 956 1796 982 τούτου
1812 957 1863 982 διὰ

1068 1001 1203 1035 στόματος
1217 1001 1427 1037 καταρρέοντος,
1450 1001 1517 1028 αὐτὸ
1539 1002 1688 1037 καταρρεῖν
1708 1002 1861 1031 ἐκωλύετο.

1069 1046 1163 1072 στάσιν
1178 1046 1239 1072 ἀντὶ
1253 1046 1373 1081 ρεύσεως
1395 1047 1598 1081 παιδευόμενον,
1617 1047 1663 1073 καὶ
1680 1047 1761 1081 φύσιν
1777 1047 1862 1074 ἐκλυ-

1067 1091 1112 1118 τόν
1128 1100 1156 1117 τε
1169 1091 1216 1118 καὶ
1229 1091 1357 1123 ἄστατον,
1372 1093 1411 1123 εις
1427 1092 1564 1127 σταθηρὰν
1576 1092 1623 1118 καὶ
1638 1092 1798 1127 στερέμνιον
1809 1093 1862 1118 ἁλ-

1068 1137 1242 1172 λαττόμενον.
1260 1137 1361 1171 μᾶλλον
1370 1137 1398 1163 δὲ
1412 1137 1551 1168 παντελῶς
1574 1137 1798 1172 συστελλόμενον,
1811 1140 1864 1164 καὶ

1069 1181 1099 1207 τὸ
1116 1179 1184 1207 εἶναι
1199 1182 1245 1208 καὶ
1272 1183 1329 1216 ῥεῖν
1345 1181 1461 1208 καθόλου
1483 1183 1646 1217 παυόμενον.
1669 1183 1791 1209 Ἐλπιδία
1808 1183 1864 1217 μὲν

1069 1226 1140 1253 οὕτω
1155 1227 1205 1261 τῆς
1217 1226 1327 1262 ῥώσεως
1338 1227 1429 1262 ἔτυχε,
1447 1227 1494 1253 καὶ
1508 1228 1556 1262 τὴν
1570 1228 1640 1261 ὑπὲρ
1653 1227 1755 1262 ταύτης
1776 1229 1864 1263 χάριν

1070 1273 1125 1303 τοῖς
1143 1272 1288 1298 δεδωκόσιν
1305 1274 1479 1307 προσάξασα,
1501 1275 1540 1305 τίς
1560 1275 1671 1309 εἰρήνην
1693 1274 1864 1308 πορεύεσθαι

1071 1317 1138 1352 πρὸς
1154 1317 1400 1355 αὐτῶνεὰπελὺετο.
1410 1319 1506 1354 Ἡμεῖς
1521 1319 1561 1351 δὲ,
1575 1320 1633 1354 ’τὴν
1650 1321 1762 1355 εἰρήνην
1778 1319 1865 1351 εὐξά-

1072 1371 1157 1398 μενοι,
1173 1363 1219 1389 καὶ
1232 1363 1330 1398 διπλῆν
1345 1365 1395 1399 τὴν
1416 1365 1495 1400 χάριν
1517 1364 1588 1399 ὑπὲρ
1601 1366 1711 1400 εἰρήνης
1729 1366 1777 1392 καὶ
1789 1364 1863 1391 θαύ-

1073 1418 1157 1444 ματος
1171 1409 1232 1443 Θεῷ
1255 1418 1284 1436 τε
1308 1410 1356 1436 καὶ
1374 1411 1507 1446 μάρτυσιν
1522 1411 1648 1447 ᾄσαντες.
1663 1412 1715 1446 τὴν
1735 1411 1865 1445 γλῶτταν

1076 1452 1210 1488 ῑθύνωμεν
1226 1453 1294 1488 πρὸς
1309 1454 1405 1489 ἑτέραν
1421 1454 1568 1490 θαυμάτων
1583 1455 1721 1491 διήγησιν.

1033 1518 1055 1546 c
1073 1510 1144 1544 KG".
1168 1508 1236 1544 Περὶ
1253 1510 1403 1545 Θεοδώρας
1431 1510 1483 1544 τῆς
1512 1513 1718 1545 καταπιούσης
1738 1512 1791 1538 τὸν
1802 1512 1865 1544 βά-

1414 1555 1533 1580 τραχον.

1107 1590 1145 1616 Τὸ
1169 1590 1305 1625 προλαὸδν
1330 1592 1516 1627 ἀνιχνεύοντες
1545 1592 1666 1626 γύναιον,
1689 1593 1737 1618 καὶ
1765 1592 1795 1618 τὸ
1807 1591 1866 1617 τῶν

1074 1635 1232 1670 ρωσθέντων
1247 1636 1364 1675 πέλαγος
1374 1637 1558 1669 διαπλέοντες,
1576 1638 1682 1668 καὶτὰς
1703 1637 1866 1672 ποταμηδδν

1073 1680 1192 1714 ἀγούσας
1208 1681 1282 1713 ὀδοὺς
1295 1681 1492 1717 διατρέχοντες,
1504 1683 1614 1717 γύναιον
1629 1683 1747 1718 εὕρομεν
1756 1684 1866 1719 ἕτερον,

1074 1726 1128 1761 πρὺ
1145 1726 1195 1760 τῆς
1206 1726 1271 1758 θέας
1286 1727 1333 1752 τοῦ
1357 1727 1496 1763 βατράχου
1518 1729 1546 1754 ὲν
1578 1728 1652 1763 αὐτῷ
1683 1728 1867 1759 κελαδοῦντος

1074 1773 1242 1806 ἀκούσαντες
1254 1783 1260 1789 ³
1275 1775 1323 1801 καὶ
1336 1774 1438 1809 ταύτην
1460 1775 1525 1809 ὑμῖν
1548 1775 1596 1800 σὺν
1618 1774 1656 1808 τῷ
1674 1774 1804 1810 βατράχῳ
1818 1775 1868 1808 φέ-

1077 1827 1159 1854 ρομεν
1174 1818 1370 1854 μεγαλοφὼνως
1387 1820 1574 1854 κηρύττουσαν
1593 1819 1642 1853 τὴν
1657 1819 1700 1844 ἐπ’
1714 1820 1800 1853 αὐτῆς
1819 1828 1867 1853 γε-

1075 1863 1191 1898 νομένην
1203 1864 1399 1898 τερατουργίαν
1412 1865 1468 1893 τοῖς
1486 1864 1631 1899 μάρτυσιν.
1650 1863 1778 1898 Θεοδώρα
1794 1864 1867 1898 πρὸς

1075 1908 1129 1935 τῶν
1145 1909 1245 1942 γονέων
1257 1909 1374 1943 ἐλέγετο,
1392 1909 1439 1935 καὶ
1451 1910 1524 1944 ὕδωρ
1540 1909 1666 1938 πίνουσα.
1684 1910 1782 1944 μικρὸν
1797 1918 1867 1936 κατ-

1077 1954 1153 1980 έπιεν
1172 1954 1317 1990 βάτραχον,
1330 1954 1359 1985 ὃς
1372 1955 1401 1981 ὲν
1415 1956 1448 1990 τῇ
1458 1955 1558 1990 ταύτης
1571 1956 1671 1990 γαστρὶ
1687 1955 1723 1986 ὡς
1735 1956 1765 1981 ἐν
1780 1955 1868 1990 λίμνῃ

1077 2000 1132 2025 τινὶ
1146 1999 1335 2035 διαιτώμενος,
1349 2001 1383 2027 τὰ
1410 2001 1457 2034 μὲν
1469 2000 1576 2036 πρῶτα,
1593 2001 1691 2036 μικρὸς
1705 2001 1746 2027 ἔτι
1758 2001 1868 2036 τυγχά-

1078 2053 1142 2076 νων,
1155 2044 1203 2079 οὐχ
1217 2045 1289 2072 οὕτω
1304 2046 1411 2080 πικρῶς
1434 2046 1518 2080 αὐτὴν
1542 2046 1713 2081 ἐλυμαίνετο,
1730 2047 1869 2080 στρόφους

1078 2089 1106 2115 δέ
1121 2099 1197 2121 τινας
1215 2090 1300 2116 ἐποέει
1325 2091 1493 2126 κινούμενος,
1519 2091 1717 2125 ἁναλογοῦντας
1735 2091 1821 2118 αὑτοῦ
1834 2094 1868 2126 τῇ

1080 2134 1247 2171 βραχύτητι·
1265 2137 1311 2162 καὶ
1327 2136 1437 2168 τούτους
1456 2137 1473 2172 ἡ
1487 2137 1555 2171 γυνὴ
1579 2137 1628 2162 ἀπ’
1645 2136 1728 2171 ἄλλης
1750 2138 1870 2172 πάσχειν

241 2183 319 2203 suam
342 2175 556 2210 atquiparantes,
579 2182 650 2209 quas
673 2174 771 2202 mulier
790 2175 825 2202 ab
846 2175 899 2202 alia
923 2183 952 2203 se
972 2176 1026 2211 pati

1082 2181 1170 2211 αἰτίας
1189 2178 1323 2215 ἐνόμιζέν,
1347 2181 1482 2215 ἀγνοοῦσα
1497 2183 1547 2216 τὴν
1564 2182 1610 2208 τοῦ
1628 2182 1764 2222 βατράχου
1782 2183 1869 2208 κατά-

242 2228 324 2248 causa
341 2222 464 2255 putabat,
477 2220 608 2255 ignorans
626 2220 700 2259 quod
726 2221 907 2247 ranunculum
932 2222 1027 2249 absor-

243 2265 343 2292 bucrit.
367 2264 436 2297 Quia
463 2271 528 2291 vcro
548 2271 677 2292 crescens
702 2272 817 2299 magnus
844 2265 958 2294 aﬂ‘ectus
974 2271 1026 2299 est,

242 2311 310 2338 etin
325 2316 419 2338 ventre
443 2309 508 2337 dum
537 2310 655 2337 aleretur
681 2311 802 2338 excrevit
823 2311 940 2342 mulieri,
967 2320 1029 2347 qua:

243 2355 295 2383 hcc
309 2360 369 2383 erat
382 2362 452 2382 novo
467 2360 494 2382 et
509 2355 624 2382 deformi
642 2356 753 2390 gravida
773 2356 850 2387 fmtu.
863 2357 945 2384 simul
960 2364 1029 2384 con—

243 2408 371 2429 crescens
397 2400 507 2428 dolores
527 2401 730 2436 multiplicavit,
768 2409 839 2436 quos
864 2403 936 2429 ultra
959 2403 1030 2431 ferre

245 2453 298 2473 non
328 2445 435 2476 valens,
459 2445 486 2472 in
513 2445 699 2480 pavimentum
723 2446 908 2479 volutabatur,
932 2446 1028 2475 horam

245 2491 411 2518 cessationis
437 2499 490 2518 non
511 2491 626 2523 habens,
652 2496 680 2519 et
702 2493 803 2527 quietis
828 2497 935 2528 tempus
952 2493 1030 2529 igno-

245 2543 320 2567 rans,
335 2536 371 2563 ita
405 2541 434 2564 ut
449 2538 503 2572 pati
520 2545 535 2564 a
553 2537 652 2572 spiritu
668 2538 759 2572 potius
774 2545 856 2572 quam
873 2538 1030 2572 passionem

245 2582 369 2616 corporis
385 2583 485 2610 habere
497 2587 651 2617 putaretur.

282 2627 415 2655 Praeterea
442 2629 524 2662 hujus
545 2628 683 2663 opinionis
706 2629 788 2656 etiam
817 2629 914 2656 medici
941 2634 1030 2661 erant,

246 2672 292 2707 qui
311 2673 509 2707 probabiliures
519 2675 651 2701 exsistere
675 2673 746 2701 inter
769 2678 884 2701 ca‘teros
898 2674 1030 2702 videban-

245 2724 299 2751 tur,
319 2719 420 2753 quique
445 2720 518 2746 circa
547 2720 704 2755 languorem
730 2720 900 2752 deﬁcientes,
926 2721 1030 2748 nullam

246 2763 308 2797 ejus
325 2771 423 2798 capere
448 2764 583 2796 notitiam,
601 2759 673 2791 unde
688 2764 744 2799 jam
767 2766 844 2800 quasi
865 2765 1030 2792 daemonium

250 2808 355 2836 habens
372 2809 522 2836 dueebatur
533 2807 566 2835 ad
583 2813 728 2844 martyres.
744 2810 812 2837 Cum
825 2814 915 2837 autetn
929 2810 963 2836 ad
983 2809 1031 2836 ho-

1079 2233 1169 2253 ποσιν.
1179 2226 1288 2262 Ἐπειδὴ
1315 2227 1343 2253 δὲ
1370 2227 1456 2262 μέγας
1481 2229 1662 2263 αὐξανόμενος
1679 2227 1802 2262 γέγονεν,
1820 2230 1869 2255 καὶ

1079 2272 1108 2298 ἐν
1121 2272 1212 2308 κοιλίᾳ
1226 2273 1393 2308 τρεφόμενος
1407 2273 1534 2309 ηὓξανεν,
1548 2275 1640 2309 καὶτῇ
1650 2274 1823 2310 κυοφορούσῃ
1839 2275 1870 2301 τὸ

1080 2318 1173 2344 καινὸν
1201 2318 1279 2344 τοῦτο
1298 2319 1345 2345 καλ⁷
1368 2319 1544 2354 κακόμορφον
1567 2319 1688 2354 ἔμϐρυον
1706 2320 1756 2351 τὰς
1771 2319 1869 2350 ὀδύνας

1083 2363 1261 2398 συνηύξανεν,
1277 2363 1309 2396 ἃς
1322 2365 1414 2391 οὐκέτι
1440 2365 1535 2400 φέρειν
1564 2365 1703 2400 ἰσχύουσα,
1719 2366 1760 2396 είς
1777 2364 1871 2391 1066a-

1082 2415 1131 2441 φος
1163 2409 1294 2441 ἐκυλίετο,
1315 2408 1389 2444 ὥραν
1413 2410 1574 2445 ἀναπαύλης
1603 2411 1654 2437 οὐκ
1681 2409 1794 2444 ἔχουσα,
1823 2413 1870 2436 καὶ

1083 2453 1197 2488 ἡσυχίας
1209 2454 1304 2488 καιρὸν
1317 2455 1347 2481 οὐ
1359 2455 1542 2488 γινώσκουσα,
1550 2455 1587 2486 ὡς
1599 2456 1714 2490 πάσχειν
1725 2455 1778 2481 ὑπὸ
1789 2456 1871 2481 πνεύ-

1084 2506 1169 2533 ματος
1183 2497 1393 2531 ὑποπτεύεσθαι,
1413 2499 1429 2535 ἢ
1448 2500 1532 2532 πάθος
1558 2500 1631 2535 ἔχειν
1645 2500 1805 2535 νομίζεσθαι
1818 2501 1871 2526 σώ-

1085 2552 1180 2578 ματος.

1118 2628 1226 2664 Ταύτης
1238 2629 1266 2656 δὲ
1282 2631 1330 2666 τῆς
1346 2629 1425 2665 δόξης
1445 2633 1491 2658 καὶ
1504 2632 1603 2667 ἰατρῶν
1623 2631 1745 2667 ὑπῆρχον
1757 2633 1781 2659 οἱ
1797 2631 1871 2659 δόκι-

1085 2682 1140 2709 μοι,
1172 2675 1310 2707 παντελῶς
1335 2676 1524 2711 απορήσαντες
1548 2679 1616 2713 πρὸς
1642 2678 1673 2704 τὸ
1694 2678 1813 2712 νόσημα,
1826 2680 1871 2704 καὶ

1086 2720 1221 2754 μηδεμίαν
1235 2721 1317 2748 αὑτοῦ
1341 2721 1433 2749 λαϐεῖν
1448 2723 1608 2758 δυνηθέντες
1631 2723 1873 2758 διάγνωσινῖοθεν

1083 2764 1178 2792 λοιπὸν
1198 2765 1236 2796 ὡς
1259 2766 1398 2801 δαιμόνιον
1416 2768 1525 2803 ἔχουσα,
1555 2769 1624 2804 πρδς
1651 2770 1714 2800 τοὺς
1731 2770 1871 2804 μάρτυρας

1084 2810 1183 2844 ἧγετο“
1209 2811 1263 2838 Καὶ
1283 2812 1369 2847 αὐτῆς
1387 2814 1519 2849 μολούσης
1530 2815 1570 2846 είς
1581 2815 1626 2841 τὸν
1641 2815 1710 2850 ναὸν,
1723 2814 1813 2841 αὐτῶν
1827 2814 1872 2840 τὸν
