  <div class='ocr_page' id='page_1' title='image "/cluster/home/n/w/nwhite01/storage/ocr_20150623/87, pt.3/njp.32101010943817/414.png"; bbox 0 0 1910 3078; ppageno 0'>
   <div class='ocr_carea' id='block_1_1' title="bbox 55 179 122 209">
    <p class='ocr_par' dir='ltr' id='par_1_1' title="bbox 55 179 122 209">
     <span class='ocr_line' id='line_1_1' title="bbox 55 179 122 209; baseline -0.015 0"><span class='ocrx_word' id='word_1_1' title='bbox 55 179 122 209; x_wconf 65' lang='grc' dir='ltr'><strong>3ἷι¹Π</strong></span> 
     </span>
    </p>
   </div>
   <div class='ocr_carea' id='block_1_2' title="bbox 569 175 1190 219">
    <p class='ocr_par' dir='ltr' id='par_1_2' title="bbox 569 175 1190 219">
     <span class='ocr_line' id='line_1_2' title="bbox 569 175 1190 219; baseline 0 -13"><span class='ocrx_word' id='word_1_2' title='bbox 569 177 620 219; x_wconf 44' lang='lat' dir='ltr'><strong>SS,</strong></span> <span class='ocrx_word' id='word_1_3' title='bbox 645 177 731 206; x_wconf 77' lang='lat' dir='ltr'><strong>CYRI</strong></span> <span class='ocrx_word' id='word_1_4' title='bbox 746 177 792 206; x_wconf 86' lang='lat' dir='ltr'><strong>ET</strong></span> <span class='ocrx_word' id='word_1_5' title='bbox 807 175 968 206; x_wconf 71' lang='lat' dir='ltr'><strong>JOANNIS</strong></span> <span class='ocrx_word' id='word_1_6' title='bbox 983 177 1190 208; x_wconf 51' lang='lat' dir='ltr'><strong>MIRACULL</strong></span> 
     </span>
    </p>
   </div>
   <div class='ocr_carea' id='block_1_3' title="bbox 1615 177 1685 208">
    <p class='ocr_par' dir='ltr' id='par_1_3' title="bbox 1615 177 1685 208">
     <span class='ocr_line' id='line_1_3' title="bbox 1615 177 1685 208; baseline 0.014 -1"><span class='ocrx_word' id='word_1_7' title='bbox 1615 177 1685 208; x_wconf 78' lang='lat'><strong>3538</strong></span> 
     </span>
    </p>
   </div>
   <div class='ocr_carea' id='block_1_4' title="bbox 56 230 850 268">
    <p class='ocr_par' dir='ltr' id='par_1_4' title="bbox 56 231 841 268">
     <span class='ocr_line' id='line_1_4' title="bbox 56 231 841 268; baseline -0.003 -9"><span class='ocrx_word' id='word_1_8' title='bbox 56 235 177 268; x_wconf 77' lang='grc' dir='ltr'><strong>ρὰματος</strong></span> <span class='ocrx_word' id='word_1_9' title='bbox 194 232 313 262; x_wconf 70' lang='grc' dir='ltr'><strong>ἔκλαιεν.</strong></span> <span class='ocrx_word' id='word_1_10' title='bbox 331 232 378 258; x_wconf 87' lang='grc' dir='ltr'><strong>καί</strong></span> <span class='ocrx_word' id='word_1_11' title='bbox 394 232 481 264; x_wconf 78' lang='grc' dir='ltr'><strong>τούτῳ</strong></span> <span class='ocrx_word' id='word_1_12' title='bbox 496 231 526 257; x_wconf 74' lang='grc' dir='ltr'><strong>τὺ</strong></span> <span class='ocrx_word' id='word_1_13' title='bbox 538 231 648 266; x_wconf 79' lang='grc' dir='ltr'><strong>εὕρημα</strong></span> <span class='ocrx_word' id='word_1_14' title='bbox 671 232 801 266; x_wconf 79' lang='grc' dir='ltr'><strong>παρέχειν</strong></span> <span class='ocrx_word' id='word_1_15' title='bbox 825 231 841 265; x_wconf 81' lang='grc' dir='ltr'><strong>ἡ</strong></span> 
     </span>
    </p>
   </div>
   <div class='ocr_carea' id='block_1_5' title="bbox 904 230 1682 268">
    <p class='ocr_par' dir='ltr' id='par_1_5' title="bbox 904 231 1682 267">
     <span class='ocr_line' id='line_1_5' title="bbox 904 231 1682 267; baseline 0.004 -10"><span class='ocrx_word' id='word_1_16' title='bbox 904 231 1018 264; x_wconf 70' lang='lat' dir='ltr'><strong>’ratrem.</strong></span> <span class='ocrx_word' id='word_1_17' title='bbox 1034 233 1120 267; x_wconf 87' lang='lat' dir='ltr'><strong>quasi‘</strong></span> <span class='ocrx_word' id='word_1_18' title='bbox 1134 231 1262 267; x_wconf 86' lang='lat' dir='ltr'><strong>quiddam</strong></span> <span class='ocrx_word' id='word_1_19' title='bbox 1288 239 1416 265; x_wconf 75' lang='lat' dir='ltr'><strong>magnum</strong></span> <span class='ocrx_word' id='word_1_20' title='bbox 1445 239 1525 258; x_wconf 89' lang='lat' dir='ltr'><strong>manu</strong></span> <span class='ocrx_word' id='word_1_21' title='bbox 1547 232 1682 265; x_wconf 78' lang='lat' dir='ltr'><strong>portabat.</strong></span> 
     </span>
    </p>
   </div>
   <div class='ocr_carea' id='block_1_6' title="bbox 57 276 845 314">
    <p class='ocr_par' dir='ltr' id='par_1_6' title="bbox 57 276 845 314">
     <span class='ocr_line' id='line_1_6' title="bbox 57 276 845 314; baseline -0.003 -10"><span class='ocrx_word' id='word_1_22' title='bbox 57 280 146 314; x_wconf 78' lang='grc' dir='ltr'><strong>μήτηρ</strong></span> <span class='ocrx_word' id='word_1_23' title='bbox 173 277 326 309; x_wconf 72' lang='grc' dir='ltr'><strong>ἐκέλευσεν,</strong></span> <span class='ocrx_word' id='word_1_24' title='bbox 345 278 388 304; x_wconf 82' lang='grc' dir='ltr'><strong>ἵνα</strong></span> <span class='ocrx_word' id='word_1_25' title='bbox 403 277 449 304; x_wconf 83' lang='grc' dir='ltr'><strong>τοῦ</strong></span> <span class='ocrx_word' id='word_1_26' title='bbox 471 277 633 312; x_wconf 82' lang='grc' dir='ltr'><strong>μικροτέρου</strong></span> <span class='ocrx_word' id='word_1_27' title='bbox 662 276 754 308; x_wconf 80' lang='grc' dir='ltr'><strong>παιδὸς</strong></span> <span class='ocrx_word' id='word_1_28' title='bbox 780 277 845 302; x_wconf 84' lang='grc' dir='ltr'><strong>ἀνα-</strong></span> 
     </span>
    </p>
   </div>
   <div class='ocr_carea' id='block_1_7' title="bbox 54 323 848 360">
    <p class='ocr_par' dir='ltr' id='par_1_7' title="bbox 54 323 848 360">
     <span class='ocr_line' id='line_1_7' title="bbox 54 323 848 360; baseline -0.004 -9"><span class='ocrx_word' id='word_1_29' title='bbox 54 325 145 360; x_wconf 78' lang='grc' dir='ltr'><strong>στείλῃ</strong></span> <span class='ocrx_word' id='word_1_30' title='bbox 164 324 195 350; x_wconf 73' lang='grc' dir='ltr'><strong>τὸ</strong></span> <span class='ocrx_word' id='word_1_31' title='bbox 217 324 347 358; x_wconf 81' lang='grc' dir='ltr'><strong>δάκρυον.</strong></span> <span class='ocrx_word' id='word_1_32' title='bbox 380 323 476 350; x_wconf 83' lang='grc' dir='ltr'><strong>θᾶττον</strong></span> <span class='ocrx_word' id='word_1_33' title='bbox 491 323 540 359; x_wconf 79' lang='grc' dir='ltr'><strong>τὴν</strong></span> <span class='ocrx_word' id='word_1_34' title='bbox 564 325 641 359; x_wconf 76' lang='grc' dir='ltr'><strong>χεῖρα</strong></span> <span class='ocrx_word' id='word_1_35' title='bbox 663 326 848 358; x_wconf 78' lang='grc' dir='ltr'><strong>προσενέγκας</strong></span> 
     </span>
    </p>
   </div>
   <div class='ocr_carea' id='block_1_8' title="bbox 54 369 845 406">
    <p class='ocr_par' dir='ltr' id='par_1_8' title="bbox 54 369 845 406">
     <span class='ocr_line' id='line_1_8' title="bbox 54 369 845 406; baseline -0.004 -8"><span class='ocrx_word' id='word_1_36' title='bbox 54 371 92 406; x_wconf 83' lang='grc' dir='ltr'>τῷ</span> <span class='ocrx_word' id='word_1_37' title='bbox 105 371 230 405; x_wconf 83' lang='grc' dir='ltr'><strong>στόματι,</strong></span> <span class='ocrx_word' id='word_1_38' title='bbox 239 370 269 396; x_wconf 72' lang='grc' dir='ltr'><strong>τὸ</strong></span> <span class='ocrx_word' id='word_1_39' title='bbox 277 370 329 396; x_wconf 78' lang='grc' dir='ltr'><strong>ὠὸν</strong></span> <span class='ocrx_word' id='word_1_40' title='bbox 345 369 449 401; x_wconf 73' lang='grc' dir='ltr'><strong>εὐθέως</strong></span> <span class='ocrx_word' id='word_1_41' title='bbox 464 369 609 396; x_wconf 74' lang='grc' dir='ltr'><strong>καταπίνει</strong></span> <span class='ocrx_word' id='word_1_42' title='bbox 619 369 665 396; x_wconf 87' lang='grc' dir='ltr'><strong>τοῦ</strong></span> <span class='ocrx_word' id='word_1_43' title='bbox 679 369 777 402; x_wconf 77' lang='grc' dir='ltr'><strong>ὄφεως,</strong></span> <span class='ocrx_word' id='word_1_44' title='bbox 795 377 845 403; x_wconf 86' lang='grc' dir='ltr'><strong>με·</strong></span> 
     </span>
    </p>
   </div>
   <div class='ocr_carea' id='block_1_9' title="bbox 57 414 848 452">
    <p class='ocr_par' dir='ltr' id='par_1_9' title="bbox 57 414 848 452">
     <span class='ocr_line' id='line_1_9' title="bbox 57 414 848 452; baseline -0.003 -10"><span class='ocrx_word' id='word_1_45' title='bbox 57 416 236 452; x_wconf 76' lang='grc' dir='ltr'><strong>μορφωμένον</strong></span> <span class='ocrx_word' id='word_1_46' title='bbox 247 415 297 450; x_wconf 74' lang='grc' dir='ltr'><strong>ήδη</strong></span> <span class='ocrx_word' id='word_1_47' title='bbox 314 415 360 441; x_wconf 75' lang='grc' dir='ltr'><strong>καὶ</strong></span> <span class='ocrx_word' id='word_1_48' title='bbox 369 415 472 442; x_wconf 79' lang='grc' dir='ltr'><strong>τέλειον</strong></span> <span class='ocrx_word' id='word_1_49' title='bbox 487 415 549 449; x_wconf 73' lang='grc' dir='ltr'><strong>ἔχον</strong></span> <span class='ocrx_word' id='word_1_50' title='bbox 566 414 639 441; x_wconf 78' lang='grc' dir='ltr'><strong>ἔνδον</strong></span> <span class='ocrx_word' id='word_1_51' title='bbox 649 415 678 441; x_wconf 81' lang='grc' dir='ltr'><strong>τὸ</strong></span> <span class='ocrx_word' id='word_1_52' title='bbox 691 414 739 449; x_wconf 81' lang='grc' dir='ltr'><strong>τῆς</strong></span> <span class='ocrx_word' id='word_1_53' title='bbox 752 414 848 440; x_wconf 81' lang='grc' dir='ltr'><strong>τεκού-</strong></span> 
     </span>
    </p>
   </div>
   <div class='ocr_carea' id='block_1_10' title="bbox 56 459 848 497">
    <p class='ocr_par' dir='ltr' id='par_1_10' title="bbox 56 459 848 497">
     <span class='ocr_line' id='line_1_10' title="bbox 56 459 848 497; baseline -0.004 -9"><span class='ocrx_word' id='word_1_54' title='bbox 56 470 104 497; x_wconf 87' lang='grc' dir='ltr'><strong>σης</strong></span> <span class='ocrx_word' id='word_1_55' title='bbox 127 461 255 496; x_wconf 82' lang='grc' dir='ltr'><strong>ὁμοίωμα</strong></span> <span class='ocrx_word' id='word_1_56' title='bbox 265 469 272 475; x_wconf 90' lang='grc'>·</span> <span class='ocrx_word' id='word_1_57' title='bbox 287 460 333 487; x_wconf 66' lang='grc' dir='ltr'><strong>καὶ</strong></span> <span class='ocrx_word' id='word_1_58' title='bbox 348 460 484 495; x_wconf 86' lang='grc' dir='ltr'><strong>μητρικοῦ</strong></span> <span class='ocrx_word' id='word_1_59' title='bbox 501 459 680 494; x_wconf 77' lang='grc' dir='ltr'><strong>παρακούσας</strong></span> <span class='ocrx_word' id='word_1_60' title='bbox 707 461 848 494; x_wconf 84' lang='grc' dir='ltr'><strong>προστάγ-</strong></span> 
     </span>
    </p>
   </div>
   <div class='ocr_carea' id='block_1_11' title="bbox 57 504 846 540">
    <p class='ocr_par' dir='ltr' id='par_1_11' title="bbox 57 504 846 540">
     <span class='ocr_line' id='line_1_11' title="bbox 57 504 846 540; baseline -0.004 -6"><span class='ocrx_word' id='word_1_61' title='bbox 57 515 143 540; x_wconf 86' lang='grc' dir='ltr'><strong>ματος</strong></span> <span class='ocrx_word' id='word_1_62' title='bbox 157 527 165 539; x_wconf 87' lang='grc'><strong>,</strong></span> <span class='ocrx_word' id='word_1_63' title='bbox 189 506 305 533; x_wconf 80' lang='grc' dir='ltr'><strong>θάνατον</strong></span> <span class='ocrx_word' id='word_1_64' title='bbox 324 505 470 540; x_wconf 69' lang='grc' dir='ltr'><strong>παρακοῆς</strong></span> <span class='ocrx_word' id='word_1_65' title='bbox 496 504 599 539; x_wconf 74' lang='grc' dir='ltr'><strong>ἐτρύγα</strong></span> <span class='ocrx_word' id='word_1_66' title='bbox 617 504 647 530; x_wconf 78' lang='grc' dir='ltr'><strong>τὸ</strong></span> <span class='ocrx_word' id='word_1_67' title='bbox 679 504 823 540; x_wconf 75' lang='grc' dir='ltr'><strong>βλάστημα</strong></span> <span class='ocrx_word' id='word_1_68' title='bbox 839 513 846 520; x_wconf 70' lang='grc'><strong>’</strong></span> 
     </span>
    </p>
   </div>
   <div class='ocr_carea' id='block_1_12' title="bbox 55 550 848 587">
    <p class='ocr_par' dir='ltr' id='par_1_12' title="bbox 55 550 848 587">
     <span class='ocr_line' id='line_1_12' title="bbox 55 550 848 587; baseline -0.004 -8"><span class='ocrx_word' id='word_1_69' title='bbox 55 554 78 579; x_wconf 78' lang='grc' dir='ltr'><strong>εἰ</strong></span> <span class='ocrx_word' id='word_1_70' title='bbox 92 553 132 587; x_wconf 76' lang='grc' dir='ltr'><strong>μὴ</strong></span> <span class='ocrx_word' id='word_1_71' title='bbox 148 551 239 587; x_wconf 80' lang='grc' dir='ltr'><strong>Κῦρος</strong></span> <span class='ocrx_word' id='word_1_72' title='bbox 254 551 335 577; x_wconf 80' lang='grc' dir='ltr'><strong>αὑτὸν</strong></span> <span class='ocrx_word' id='word_1_73' title='bbox 347 551 395 577; x_wconf 77' lang='grc' dir='ltr'><strong>καὶ</strong></span> <span class='ocrx_word' id='word_1_74' title='bbox 417 550 545 586; x_wconf 76' lang='grc' dir='ltr'><strong>Ἰωάννης</strong></span> <span class='ocrx_word' id='word_1_75' title='bbox 557 551 582 577; x_wconf 75' lang='lat' dir='ltr'><strong>oi</strong></span> <span class='ocrx_word' id='word_1_76' title='bbox 600 551 739 585; x_wconf 71' lang='grc' dir='ltr'><strong>μαρτυρεξ</strong></span> <span class='ocrx_word' id='word_1_77' title='bbox 757 551 789 577; x_wconf 73' lang='grc' dir='ltr'><strong>τὸ</strong></span> <span class='ocrx_word' id='word_1_78' title='bbox 803 551 848 577; x_wconf 85' lang='grc' dir='ltr'><strong>θα-</strong></span> 
     </span>
    </p>
   </div>
   <div class='ocr_carea' id='block_1_13' title="bbox 56 594 848 632">
    <p class='ocr_par' dir='ltr' id='par_1_13' title="bbox 56 594 848 632">
     <span class='ocr_line' id='line_1_13' title="bbox 56 594 848 632; baseline -0.001 -8"><span class='ocrx_word' id='word_1_79' title='bbox 56 598 208 632; x_wconf 80' lang='grc' dir='ltr'><strong>νατηφόρον</strong></span> <span class='ocrx_word' id='word_1_80' title='bbox 227 596 339 624; x_wconf 77' lang='grc' dir='ltr'><strong>ἐκδῦναι</strong></span> <span class='ocrx_word' id='word_1_81' title='bbox 355 596 508 632; x_wconf 78' lang='grc' dir='ltr'><strong>πεποίηκαν</strong></span> <span class='ocrx_word' id='word_1_82' title='bbox 524 596 632 623; x_wconf 82' lang='grc' dir='ltr'><strong>δίκτυον</strong></span> <span class='ocrx_word' id='word_1_83' title='bbox 647 605 653 611; x_wconf 90' lang='grc'><strong>·</strong></span> <span class='ocrx_word' id='word_1_84' title='bbox 670 594 730 623; x_wconf 80' lang='grc' dir='ltr'><strong>εἶτα</strong></span> <span class='ocrx_word' id='word_1_85' title='bbox 743 597 773 623; x_wconf 83' lang='grc' dir='ltr'><strong>τὸ</strong></span> <span class='ocrx_word' id='word_1_86' title='bbox 792 596 848 623; x_wconf 81' lang='grc' dir='ltr'><strong>λοι-</strong></span> 
     </span>
    </p>
   </div>
   <div class='ocr_carea' id='block_1_14' title="bbox 56 642 849 678">
    <p class='ocr_par' dir='ltr' id='par_1_14' title="bbox 56 642 849 678">
     <span class='ocr_line' id='line_1_14' title="bbox 56 642 849 678; baseline -0.003 -8"><span class='ocrx_word' id='word_1_87' title='bbox 56 644 105 670; x_wconf 74' lang='grc' dir='ltr'><strong>πδν</strong></span> <span class='ocrx_word' id='word_1_88' title='bbox 122 643 173 678; x_wconf 85' lang='grc' dir='ltr'><strong>τῆς</strong></span> <span class='ocrx_word' id='word_1_89' title='bbox 187 643 302 678; x_wconf 80' lang='grc' dir='ltr'><strong>πορείας</strong></span> <span class='ocrx_word' id='word_1_90' title='bbox 326 642 485 673; x_wconf 79' lang='grc' dir='ltr'><strong>ἀνύταντες.</strong></span> <span class='ocrx_word' id='word_1_91' title='bbox 506 643 545 674; x_wconf 78' lang='grc' dir='ltr'><strong>είς</strong></span> <span class='ocrx_word' id='word_1_92' title='bbox 570 643 599 669; x_wconf 78' lang='grc' dir='ltr'><strong>τὸ</strong></span> <span class='ocrx_word' id='word_1_93' title='bbox 625 642 738 678; x_wconf 75' lang='grc' dir='ltr'><strong>τέμενος</strong></span> <span class='ocrx_word' id='word_1_94' title='bbox 759 642 849 676; x_wconf 74' lang='grc' dir='ltr'><strong>τίνον-</strong></span> 
     </span>
    </p>
   </div>
   <div class='ocr_carea' id='block_1_15' title="bbox 57 698 112 716">
    <p class='ocr_par' dir='ltr' id='par_1_15' title="bbox 57 698 112 716">
     <span class='ocr_line' id='line_1_15' title="bbox 57 698 112 716; baseline 0.018 -1"><span class='ocrx_word' id='word_1_95' title='bbox 57 698 112 716; x_wconf 78' lang='grc' dir='ltr'><strong>ται.</strong></span> 
     </span>
    </p>
   </div>
   <div class='ocr_carea' id='block_1_16' title="bbox 95 734 850 769">
    <p class='ocr_par' dir='ltr' id='par_1_16' title="bbox 95 734 850 769">
     <span class='ocr_line' id='line_1_16' title="bbox 95 734 850 769; baseline -0.001 -8"><span class='ocrx_word' id='word_1_96' title='bbox 95 736 141 767; x_wconf 80' lang='grc' dir='ltr'><strong>Ὠς</strong></span> <span class='ocrx_word' id='word_1_97' title='bbox 159 735 189 761; x_wconf 76' lang='grc' dir='ltr'><strong>δὲ</strong></span> <span class='ocrx_word' id='word_1_98' title='bbox 202 734 282 761; x_wconf 82' lang='grc' dir='ltr'><strong>τοῦτο</strong></span> <span class='ocrx_word' id='word_1_99' title='bbox 303 734 462 767; x_wconf 79' lang='grc' dir='ltr'><strong>κατέλαὸον,</strong></span> <span class='ocrx_word' id='word_1_100' title='bbox 476 735 522 761; x_wconf 69' lang='grc' dir='ltr'><strong>καὶ</strong></span> <span class='ocrx_word' id='word_1_101' title='bbox 546 734 596 766; x_wconf 80' lang='grc' dir='ltr'><strong>τὰς</strong></span> <span class='ocrx_word' id='word_1_102' title='bbox 611 734 767 769; x_wconf 71' lang='grc' dir='ltr'><strong>προσευχὰς</strong></span> <span class='ocrx_word' id='word_1_103' title='bbox 791 734 850 768; x_wconf 85' lang='grc' dir='ltr'><strong>Θεῷ</strong></span> 
     </span>
    </p>
   </div>
   <div class='ocr_carea' id='block_1_17' title="bbox 58 780 851 815">
    <p class='ocr_par' dir='ltr' id='par_1_17' title="bbox 58 780 851 815">
     <span class='ocr_line' id='line_1_17' title="bbox 58 780 851 815; baseline -0.001 -8"><span class='ocrx_word' id='word_1_104' title='bbox 58 789 85 807; x_wconf 78' lang='grc' dir='ltr'><strong>τε</strong></span> <span class='ocrx_word' id='word_1_105' title='bbox 101 781 305 815; x_wconf 75' lang='grc' dir='ltr'><strong>προσήνεγκαν,</strong></span> <span class='ocrx_word' id='word_1_106' title='bbox 322 780 368 807; x_wconf 72' lang='grc' dir='ltr'><strong>καὶ</strong></span> <span class='ocrx_word' id='word_1_107' title='bbox 382 780 428 806; x_wconf 75' lang='grc' dir='ltr'><strong>τὸν</strong></span> <span class='ocrx_word' id='word_1_108' title='bbox 443 781 497 807; x_wconf 83' lang='grc' dir='ltr'><strong>τῶν</strong></span> <span class='ocrx_word' id='word_1_109' title='bbox 512 780 598 814; x_wconf 80' lang='grc' dir='ltr'><strong>ἁγίων</strong></span> <span class='ocrx_word' id='word_1_110' title='bbox 610 781 695 814; x_wconf 81' lang='grc' dir='ltr'><strong>τάφον</strong></span> <span class='ocrx_word' id='word_1_111' title='bbox 712 780 851 814; x_wconf 70' lang='grc' dir='ltr'><strong>ἠσπάσαν-</strong></span> 
     </span>
    </p>
   </div>
   <div class='ocr_carea' id='block_1_18' title="bbox 59 825 850 860">
    <p class='ocr_par' dir='ltr' id='par_1_18' title="bbox 59 825 850 860">
     <span class='ocr_line' id='line_1_18' title="bbox 59 825 850 860; baseline 0 -8"><span class='ocrx_word' id='word_1_112' title='bbox 59 835 97 858; x_wconf 83' lang='grc' dir='ltr'><strong>το,</strong></span> <span class='ocrx_word' id='word_1_113' title='bbox 119 826 178 860; x_wconf 74' lang='grc' dir='ltr'><strong>μετ’</strong></span> <span class='ocrx_word' id='word_1_114' title='bbox 192 826 224 852; x_wconf 83' lang='grc' dir='ltr'><strong>οὐ</strong></span> <span class='ocrx_word' id='word_1_115' title='bbox 238 826 305 852; x_wconf 74' lang='grc' dir='ltr'><strong>πολὺ</strong></span> <span class='ocrx_word' id='word_1_116' title='bbox 325 826 374 860; x_wconf 79' lang='grc' dir='ltr'><strong>τῆς</strong></span> <span class='ocrx_word' id='word_1_117' title='bbox 390 826 614 860; x_wconf 75' lang='grc' dir='ltr'><strong>προσκυνήσεως,</strong></span> <span class='ocrx_word' id='word_1_118' title='bbox 638 825 673 852; x_wconf 80' lang='grc' dir='ltr'><strong>τὰ</strong></span> <span class='ocrx_word' id='word_1_119' title='bbox 704 825 850 860; x_wconf 72' lang='grc' dir='ltr'><strong>σπλάγχνα</strong></span> 
     </span>
    </p>
   </div>
   <div class='ocr_carea' id='block_1_19' title="bbox 61 871 851 908">
    <p class='ocr_par' dir='ltr' id='par_1_19' title="bbox 61 871 851 908">
     <span class='ocr_line' id='line_1_19' title="bbox 61 871 851 908; baseline -0.001 -10"><span class='ocrx_word' id='word_1_120' title='bbox 61 873 151 899; x_wconf 71' lang='grc' dir='ltr'><strong>πονεῖν</strong></span> <span class='ocrx_word' id='word_1_121' title='bbox 164 873 179 899; x_wconf 80' lang='grc' dir='ltr'><strong>ὸ</strong></span> <span class='ocrx_word' id='word_1_122' title='bbox 191 872 353 902; x_wconf 70' lang='grc' dir='ltr'><strong>Καλλίνικος</strong></span> <span class='ocrx_word' id='word_1_123' title='bbox 367 871 481 908; x_wconf 71' lang='grc' dir='ltr'><strong>ἤρξατο,</strong></span> <span class='ocrx_word' id='word_1_124' title='bbox 498 871 670 906; x_wconf 76' lang='grc' dir='ltr'><strong>ἀνοιχθέντος</strong></span> <span class='ocrx_word' id='word_1_125' title='bbox 684 873 712 897; x_wconf 77' lang='grc' dir='ltr'><strong>ἐν</strong></span> <span class='ocrx_word' id='word_1_126' title='bbox 732 873 765 906; x_wconf 86' lang='grc' dir='ltr'><strong>τῇ</strong></span> <span class='ocrx_word' id='word_1_127' title='bbox 780 871 851 898; x_wconf 87' lang='grc' dir='ltr'><strong>τού-</strong></span> 
     </span>
    </p>
   </div>
   <div class='ocr_carea' id='block_1_20' title="bbox 899 276 1687 321">
    <p class='ocr_par' dir='ltr' id='par_1_20' title="bbox 899 276 1687 321">
     <span class='ocr_line' id='line_1_20' title="bbox 899 276 1687 321; baseline 0.004 -19"><span class='ocrx_word' id='word_1_128' title='bbox 899 276 930 303; x_wconf 83' lang='lat' dir='ltr'><strong>Et</strong></span> <span class='ocrx_word' id='word_1_129' title='bbox 946 278 1075 311; x_wconf 89' lang='lat' dir='ltr'><strong>quoniam</strong></span> <span class='ocrx_word' id='word_1_130' title='bbox 1093 277 1176 304; x_wconf 86' lang='lat' dir='ltr'><strong>frater</strong></span> <span class='ocrx_word' id='word_1_131' title='bbox 1199 277 1326 311; x_wconf 74' lang='lat' dir='ltr'><strong>captione</strong></span> <span class='ocrx_word' id='word_1_132' title='bbox 1335 276 1493 321; x_wconf 50' lang='lat' dir='ltr'><strong>[frustratus</strong></span> <span class='ocrx_word' id='word_1_133' title='bbox 1514 277 1650 311; x_wconf 76' lang='lat' dir='ltr'><strong>plorabat,</strong></span> <span class='ocrx_word' id='word_1_134' title='bbox 1662 284 1687 305; x_wconf 84' lang='lat' dir='ltr'><strong>et</strong></span> 
     </span>
    </p>
   </div>
   <div class='ocr_carea' id='block_1_21' title="bbox 900 321 1693 357">
    <p class='ocr_par' dir='ltr' id='par_1_21' title="bbox 900 321 1693 357">
     <span class='ocr_line' id='line_1_21' title="bbox 900 321 1693 357; baseline 0.004 -9"><span class='ocrx_word' id='word_1_135' title='bbox 900 322 961 349; x_wconf 83' lang='lat' dir='ltr'><strong>huic</strong></span> <span class='ocrx_word' id='word_1_136' title='bbox 983 323 1167 350; x_wconf 86' lang='lat' dir='ltr'><strong>inventionem</strong></span> <span class='ocrx_word' id='word_1_137' title='bbox 1179 327 1308 357; x_wconf 65' lang='lat' dir='ltr'><strong>praestare</strong></span> <span class='ocrx_word' id='word_1_138' title='bbox 1323 326 1410 348; x_wconf 88' lang='lat' dir='ltr'><strong>mater</strong></span> <span class='ocrx_word' id='word_1_139' title='bbox 1424 321 1544 355; x_wconf 84' lang='lat' dir='ltr'><strong>iubebat,</strong></span> <span class='ocrx_word' id='word_1_140' title='bbox 1559 328 1587 350; x_wconf 91' lang='lat' dir='ltr'><strong>ut</strong></span> <span class='ocrx_word' id='word_1_141' title='bbox 1602 324 1693 351; x_wconf 86' lang='lat' dir='ltr'><strong>mino-</strong></span> 
     </span>
    </p>
   </div>
   <div class='ocr_carea' id='block_1_22' title="bbox 899 365 1688 401">
    <p class='ocr_par' dir='ltr' id='par_1_22' title="bbox 899 365 1688 401">
     <span class='ocr_line' id='line_1_22' title="bbox 899 365 1688 401; baseline 0.003 -9"><span class='ocrx_word' id='word_1_142' title='bbox 899 366 937 392; x_wconf 90' lang='lat' dir='ltr'><strong>ris</strong></span> <span class='ocrx_word' id='word_1_143' title='bbox 962 366 1008 392; x_wconf 82' lang='lat' dir='ltr'><strong>lilii</strong></span> <span class='ocrx_word' id='word_1_144' title='bbox 1029 366 1164 401; x_wconf 85' lang='lat' dir='ltr'><strong>Iacrymas</strong></span> <span class='ocrx_word' id='word_1_145' title='bbox 1181 369 1347 397; x_wconf 74' lang='lat' dir='ltr'><strong>removeret;</strong></span> <span class='ocrx_word' id='word_1_146' title='bbox 1365 365 1448 393; x_wconf 87' lang='lat' dir='ltr'><strong>citius</strong></span> <span class='ocrx_word' id='word_1_147' title='bbox 1466 372 1577 393; x_wconf 87' lang='lat' dir='ltr'><strong>manum</strong></span> <span class='ocrx_word' id='word_1_148' title='bbox 1600 367 1688 401; x_wconf 85' lang='lat' dir='ltr'><strong>appli-</strong></span> 
     </span>
    </p>
   </div>
   <div class='ocr_carea' id='block_1_23' title="bbox 898 410 1688 445">
    <p class='ocr_par' dir='ltr' id='par_1_23' title="bbox 898 410 1688 445">
     <span class='ocr_line' id='line_1_23' title="bbox 898 410 1688 445; baseline 0 -8"><span class='ocrx_word' id='word_1_149' title='bbox 898 417 965 438; x_wconf 87' lang='lat' dir='ltr'><strong>cans</strong></span> <span class='ocrx_word' id='word_1_150' title='bbox 978 411 1031 442; x_wconf 88' lang='lat' dir='ltr'><strong>ori,</strong></span> <span class='ocrx_word' id='word_1_151' title='bbox 1051 418 1132 438; x_wconf 90' lang='lat' dir='ltr'><strong>ovum</strong></span> <span class='ocrx_word' id='word_1_152' title='bbox 1149 411 1242 438; x_wconf 87' lang='lat' dir='ltr'><strong>statim</strong></span> <span class='ocrx_word' id='word_1_153' title='bbox 1263 410 1393 438; x_wconf 89' lang='lat' dir='ltr'><strong>absorbet</strong></span> <span class='ocrx_word' id='word_1_154' title='bbox 1411 411 1559 445; x_wconf 74' lang='lat' dir='ltr'><strong>serpentis,</strong></span> <span class='ocrx_word' id='word_1_155' title='bbox 1587 410 1688 438; x_wconf 75' lang='lat' dir='ltr'><strong>forma—</strong></span> 
     </span>
    </p>
   </div>
   <div class='ocr_carea' id='block_1_24' title="bbox 899 455 1688 491">
    <p class='ocr_par' dir='ltr' id='par_1_24' title="bbox 899 455 1688 491">
     <span class='ocr_line' id='line_1_24' title="bbox 899 455 1688 491; baseline -0.001 -8"><span class='ocrx_word' id='word_1_156' title='bbox 899 461 954 483; x_wconf 83' lang='lat' dir='ltr'><strong>tum</strong></span> <span class='ocrx_word' id='word_1_157' title='bbox 965 456 1021 491; x_wconf 88' lang='lat' dir='ltr'><strong>jam</strong></span> <span class='ocrx_word' id='word_1_158' title='bbox 1038 462 1065 483; x_wconf 91' lang='lat' dir='ltr'><strong>et</strong></span> <span class='ocrx_word' id='word_1_159' title='bbox 1077 455 1227 490; x_wconf 79' lang='lat' dir='ltr'><strong>perlectam</strong></span> <span class='ocrx_word' id='word_1_160' title='bbox 1252 455 1356 483; x_wconf 85' lang='lat' dir='ltr'><strong>habens</strong></span> <span class='ocrx_word' id='word_1_161' title='bbox 1377 455 1452 482; x_wconf 89' lang='lat' dir='ltr'><strong>intus</strong></span> <span class='ocrx_word' id='word_1_162' title='bbox 1466 455 1601 490; x_wconf 85' lang='lat' dir='ltr'><strong>parientis</strong></span> <span class='ocrx_word' id='word_1_163' title='bbox 1612 456 1688 482; x_wconf 86' lang='lat' dir='ltr'><strong>simi-</strong></span> 
     </span>
    </p>
   </div>
   <div class='ocr_carea' id='block_1_25' title="bbox 900 502 1703 536">
    <p class='ocr_par' dir='ltr' id='par_1_25' title="bbox 900 502 1703 536">
     <span class='ocr_line' id='line_1_25' title="bbox 900 502 1703 536; baseline -0.002 -7"><span class='ocrx_word' id='word_1_164' title='bbox 900 502 1055 529; x_wconf 90' lang='lat' dir='ltr'><strong>litudinem.</strong></span> <span class='ocrx_word' id='word_1_165' title='bbox 1072 502 1104 529; x_wconf 83' lang='lat' dir='ltr'><strong>Et</strong></span> <span class='ocrx_word' id='word_1_166' title='bbox 1117 505 1270 528; x_wconf 84' lang='lat' dir='ltr'><strong>maternum</strong></span> <span class='ocrx_word' id='word_1_167' title='bbox 1284 505 1496 536; x_wconf 69' lang='lat' dir='ltr'><strong>praetergressus</strong></span> <span class='ocrx_word' id='word_1_168' title='bbox 1510 505 1687 536; x_wconf 53' lang='lat' dir='ltr'><strong>praeceptum,</strong></span> <span class='ocrx_word' id='word_1_169' title='bbox 1700 520 1703 523; x_wconf 89' lang='lat'><strong><em>.</em></strong></span> 
     </span>
    </p>
   </div>
   <div class='ocr_carea' id='block_1_26' title="bbox 900 547 1687 582">
    <p class='ocr_par' dir='ltr' id='par_1_26' title="bbox 900 547 1687 582">
     <span class='ocr_line' id='line_1_26' title="bbox 900 547 1687 582; baseline 0 -8"><span class='ocrx_word' id='word_1_170' title='bbox 900 552 1015 575; x_wconf 85' lang='lat' dir='ltr'><strong>mortem</strong></span> <span class='ocrx_word' id='word_1_171' title='bbox 1046 547 1237 576; x_wconf 62' lang='lat' dir='ltr'><strong>inobedientiaz</strong></span> <span class='ocrx_word' id='word_1_172' title='bbox 1259 554 1307 582; x_wconf 90' lang='lat' dir='ltr'><strong>per</strong></span> <span class='ocrx_word' id='word_1_173' title='bbox 1337 547 1430 575; x_wconf 69' lang='lat' dir='ltr'><strong>ﬂetum</strong></span> <span class='ocrx_word' id='word_1_174' title='bbox 1453 551 1602 582; x_wconf 79' lang='lat' dir='ltr'><strong>captasset,</strong></span> <span class='ocrx_word' id='word_1_175' title='bbox 1634 548 1687 575; x_wconf 83' lang='lat' dir='ltr'><strong>nisi</strong></span> 
     </span>
    </p>
   </div>
   <div class='ocr_carea' id='block_1_27' title="bbox 900 591 1687 628">
    <p class='ocr_par' dir='ltr' id='par_1_27' title="bbox 900 591 1687 628">
     <span class='ocr_line' id='line_1_27' title="bbox 900 591 1687 628; baseline 0.003 -9"><span class='ocrx_word' id='word_1_176' title='bbox 900 592 988 628; x_wconf 85' lang='lat' dir='ltr'><strong>Cyrus</strong></span> <span class='ocrx_word' id='word_1_177' title='bbox 1013 600 1076 620; x_wconf 90' lang='lat' dir='ltr'><strong>eum</strong></span> <span class='ocrx_word' id='word_1_178' title='bbox 1108 599 1189 628; x_wconf 82' lang='lat' dir='ltr'><strong>alque</strong></span> <span class='ocrx_word' id='word_1_179' title='bbox 1215 591 1337 620; x_wconf 72' lang='lat' dir='ltr'><strong>Joannes</strong></span> <span class='ocrx_word' id='word_1_180' title='bbox 1357 596 1492 628; x_wconf 77' lang='lat' dir='ltr'><strong>martyres</strong></span> <span class='ocrx_word' id='word_1_181' title='bbox 1517 593 1687 621; x_wconf 82' lang='lat' dir='ltr'><strong>mortiferum</strong></span> 
     </span>
    </p>
   </div>
   <div class='ocr_carea' id='block_1_28' title="bbox 900 637 1687 673">
    <p class='ocr_par' dir='ltr' id='par_1_28' title="bbox 900 637 1687 673">
     <span class='ocr_line' id='line_1_28' title="bbox 900 637 1687 673; baseline 0.001 -7"><span class='ocrx_word' id='word_1_182' title='bbox 900 638 1016 666; x_wconf 87' lang='lat' dir='ltr'><strong>evadere</strong></span> <span class='ocrx_word' id='word_1_183' title='bbox 1033 643 1089 666; x_wconf 84' lang='lat' dir='ltr'><strong>rete</strong></span> <span class='ocrx_word' id='word_1_184' title='bbox 1105 639 1246 666; x_wconf 86' lang='lat' dir='ltr'><strong>fecissent.</strong></span> <span class='ocrx_word' id='word_1_185' title='bbox 1263 637 1366 666; x_wconf 82' lang='lat' dir='ltr'><strong>Deinde</strong></span> <span class='ocrx_word' id='word_1_186' title='bbox 1383 637 1491 666; x_wconf 87' lang='lat' dir='ltr'><strong>residuo</strong></span> <span class='ocrx_word' id='word_1_187' title='bbox 1508 639 1558 666; x_wconf 68' lang='lat' dir='ltr'><strong>vite</strong></span> <span class='ocrx_word' id='word_1_188' title='bbox 1567 644 1687 673; x_wconf 82' lang='lat' dir='ltr'><strong>peracto,</strong></span> 
     </span>
    </p>
   </div>
   <div class='ocr_carea' id='block_1_29' title="bbox 902 685 1238 713">
    <p class='ocr_par' dir='ltr' id='par_1_29' title="bbox 902 685 1238 713">
     <span class='ocr_line' id='line_1_29' title="bbox 902 685 1238 713; baseline 0 -2"><span class='ocrx_word' id='word_1_189' title='bbox 902 685 934 713; x_wconf 84' lang='lat' dir='ltr'><strong>ad</strong></span> <span class='ocrx_word' id='word_1_190' title='bbox 952 685 1095 712; x_wconf 78' lang='lat' dir='ltr'><strong>basilicam</strong></span> <span class='ocrx_word' id='word_1_191' title='bbox 1112 685 1238 712; x_wconf 87' lang='lat' dir='ltr'><strong>veniunt.</strong></span> 
     </span>
    </p>
   </div>
   <div class='ocr_carea' id='block_1_30' title="bbox 934 729 1688 765">
    <p class='ocr_par' dir='ltr' id='par_1_30' title="bbox 934 729 1688 765">
     <span class='ocr_line' id='line_1_30' title="bbox 934 729 1688 765; baseline -0.001 -8"><span class='ocrx_word' id='word_1_192' title='bbox 934 730 1058 765; x_wconf 85' lang='lat' dir='ltr'><strong>Cumque</strong></span> <span class='ocrx_word' id='word_1_193' title='bbox 1076 730 1110 758; x_wconf 86' lang='lat' dir='ltr'><strong>ad</strong></span> <span class='ocrx_word' id='word_1_194' title='bbox 1127 729 1197 757; x_wconf 87' lang='lat' dir='ltr'><strong>hanc</strong></span> <span class='ocrx_word' id='word_1_195' title='bbox 1211 730 1410 764; x_wconf 78' lang='lat' dir='ltr'><strong>pervenissent,</strong></span> <span class='ocrx_word' id='word_1_196' title='bbox 1426 729 1535 764; x_wconf 84' lang='lat' dir='ltr'><strong>Deoque</strong></span> <span class='ocrx_word' id='word_1_197' title='bbox 1550 730 1688 757; x_wconf 72' lang='lat' dir='ltr'><strong>orationes</strong></span> 
     </span>
    </p>
   </div>
   <div class='ocr_carea' id='block_1_31' title="bbox 900 775 1688 810">
    <p class='ocr_par' dir='ltr' id='par_1_31' title="bbox 900 775 1688 810">
     <span class='ocr_line' id='line_1_31' title="bbox 900 775 1688 810; baseline -0.004 -6"><span class='ocrx_word' id='word_1_198' title='bbox 900 777 1077 807; x_wconf 82' lang='lat' dir='ltr'><strong>obtulissent,</strong></span> <span class='ocrx_word' id='word_1_199' title='bbox 1099 783 1153 802; x_wconf 90' lang='lat' dir='ltr'><strong>non</strong></span> <span class='ocrx_word' id='word_1_200' title='bbox 1177 775 1292 802; x_wconf 79' lang='lat' dir='ltr'><strong>militum</strong></span> <span class='ocrx_word' id='word_1_201' title='bbox 1321 779 1382 810; x_wconf 90' lang='lat' dir='ltr'><strong>post</strong></span> <span class='ocrx_word' id='word_1_202' title='bbox 1401 775 1555 802; x_wconf 85' lang='lat' dir='ltr'><strong>orationem</strong></span> <span class='ocrx_word' id='word_1_203' title='bbox 1583 775 1688 803; x_wconf 79' lang='lat' dir='ltr'><strong>viscera</strong></span> 
     </span>
    </p>
   </div>
   <div class='ocr_carea' id='block_1_32' title="bbox 901 820 1689 856">
    <p class='ocr_par' dir='ltr' id='par_1_32' title="bbox 901 820 1689 856">
     <span class='ocr_line' id='line_1_32' title="bbox 901 820 1689 856; baseline -0.003 -7"><span class='ocrx_word' id='word_1_204' title='bbox 901 822 993 850; x_wconf 85' lang='lat' dir='ltr'><strong>dolere</strong></span> <span class='ocrx_word' id='word_1_205' title='bbox 1019 821 1170 849; x_wconf 87' lang='lat' dir='ltr'><strong>Callinicus</strong></span> <span class='ocrx_word' id='word_1_206' title='bbox 1188 821 1281 856; x_wconf 65' lang='lat' dir='ltr'><strong>coepit,</strong></span> <span class='ocrx_word' id='word_1_207' title='bbox 1297 828 1360 848; x_wconf 89' lang='lat' dir='ltr'><strong>cum</strong></span> <span class='ocrx_word' id='word_1_208' title='bbox 1379 820 1436 855; x_wconf 84' lang='lat' dir='ltr'><strong>jam</strong></span> <span class='ocrx_word' id='word_1_209' title='bbox 1454 828 1537 848; x_wconf 84' lang='lat' dir='ltr'><strong>ovum</strong></span> <span class='ocrx_word' id='word_1_210' title='bbox 1554 820 1580 847; x_wconf 93' lang='lat' dir='ltr'><strong>in</strong></span> <span class='ocrx_word' id='word_1_211' title='bbox 1610 821 1689 855; x_wconf 80' lang='lat' dir='ltr'><strong>hujus</strong></span> 
     </span>
    </p>
   </div>
   <div class='ocr_carea' id='block_1_33' title="bbox 902 866 1688 902">
    <p class='ocr_par' dir='ltr' id='par_1_33' title="bbox 902 866 1688 902">
     <span class='ocr_line' id='line_1_33' title="bbox 902 866 1688 902; baseline 0 -8"><span class='ocrx_word' id='word_1_212' title='bbox 902 871 996 895; x_wconf 86' lang='lat' dir='ltr'><strong>ventre</strong></span> <span class='ocrx_word' id='word_1_213' title='bbox 1005 872 1129 902; x_wconf 87' lang='lat' dir='ltr'><strong>apertqu</strong></span> <span class='ocrx_word' id='word_1_214' title='bbox 1143 871 1225 898; x_wconf 82' lang='lat' dir='ltr'><strong>esset,</strong></span> <span class='ocrx_word' id='word_1_215' title='bbox 1238 870 1265 894; x_wconf 86' lang='lat' dir='ltr'><strong>et</strong></span> <span class='ocrx_word' id='word_1_216' title='bbox 1278 866 1438 894; x_wconf 79' lang='lat' dir='ltr'><strong>thesaurum</strong></span> <span class='ocrx_word' id='word_1_217' title='bbox 1454 867 1529 894; x_wconf 90' lang='lat' dir='ltr'><strong>illum</strong></span> <span class='ocrx_word' id='word_1_218' title='bbox 1541 868 1688 902; x_wconf 86' lang='lat' dir='ltr'><strong>pessimum</strong></span> 
     </span>
    </p>
   </div>
   <div class='ocr_carea' id='block_1_34' title="bbox 60 908 850 952">
    <p class='ocr_par' dir='ltr' id='par_1_34' title="bbox 60 917 848 952">
     <span class='ocr_line' id='line_1_34' title="bbox 60 917 848 952; baseline 0 -8"><span class='ocrx_word' id='word_1_219' title='bbox 60 926 103 944; x_wconf 78' lang='grc' dir='ltr'><strong>του</strong></span> <span class='ocrx_word' id='word_1_220' title='bbox 121 918 222 952; x_wconf 81' lang='grc' dir='ltr'><strong>γαστρὶ</strong></span> <span class='ocrx_word' id='word_1_221' title='bbox 241 918 288 944; x_wconf 84' lang='grc' dir='ltr'><strong>τοῦ</strong></span> <span class='ocrx_word' id='word_1_222' title='bbox 305 918 370 949; x_wconf 82' lang='grc' dir='ltr'><strong>ὠοῦ,</strong></span> <span class='ocrx_word' id='word_1_223' title='bbox 387 919 434 944; x_wconf 74' lang='grc' dir='ltr'><strong>καὶ</strong></span> <span class='ocrx_word' id='word_1_224' title='bbox 450 918 495 944; x_wconf 78' lang='grc' dir='ltr'><strong>τὸν</strong></span> <span class='ocrx_word' id='word_1_225' title='bbox 511 917 641 944; x_wconf 82' lang='grc' dir='ltr'><strong>κάκιστον</strong></span> <span class='ocrx_word' id='word_1_226' title='bbox 664 918 769 944; x_wconf 79' lang='grc' dir='ltr'><strong>ἐκεῖνον</strong></span> <span class='ocrx_word' id='word_1_227' title='bbox 799 917 848 952; x_wconf 87' lang='grc' dir='ltr'><strong>θη-</strong></span> 
     </span>
    </p>
   </div>
   <div class='ocr_carea' id='block_1_35' title="bbox 904 908 1690 952">
    <p class='ocr_par' dir='ltr' id='par_1_35' title="bbox 904 911 1690 945">
     <span class='ocr_line' id='line_1_35' title="bbox 904 911 1690 945; baseline -0.003 -5"><span class='ocrx_word' id='word_1_228' title='bbox 904 912 1078 940; x_wconf 79' lang='lat' dir='ltr'><strong>evomuisset.</strong></span> <span class='ocrx_word' id='word_1_229' title='bbox 1096 911 1129 938; x_wconf 82' lang='lat' dir='ltr'><strong>Et</strong></span> <span class='ocrx_word' id='word_1_230' title='bbox 1149 911 1258 945; x_wconf 80' lang='lat' dir='ltr'><strong>quidem</strong></span> <span class='ocrx_word' id='word_1_231' title='bbox 1277 911 1352 938; x_wconf 90' lang='lat' dir='ltr'><strong>initia</strong></span> <span class='ocrx_word' id='word_1_232' title='bbox 1376 911 1503 938; x_wconf 89' lang='lat' dir='ltr'><strong>dolorum</strong></span> <span class='ocrx_word' id='word_1_233' title='bbox 1527 911 1690 939; x_wconf 82' lang='lat' dir='ltr'><strong>tortionibus</strong></span> 
     </span>
    </p>
   </div>
   <div class='ocr_carea' id='block_1_36' title="bbox 62 962 847 998">
    <p class='ocr_par' dir='ltr' id='par_1_36' title="bbox 62 962 847 998">
     <span class='ocr_line' id='line_1_36' title="bbox 62 962 847 998; baseline 0.001 -9"><span class='ocrx_word' id='word_1_234' title='bbox 62 963 159 998; x_wconf 72' lang='grc' dir='ltr'><strong>σαυρὺν</strong></span> <span class='ocrx_word' id='word_1_235' title='bbox 190 963 381 998; x_wconf 49' lang='lat' dir='ltr'><strong>tamtum;</strong></span> <span class='ocrx_word' id='word_1_236' title='bbox 409 964 464 990; x_wconf 76' lang='grc' dir='ltr'><strong>Καὶ</strong></span> <span class='ocrx_word' id='word_1_237' title='bbox 480 964 608 998; x_wconf 70' lang='grc' dir='ltr'><strong>στρόφοις</strong></span> <span class='ocrx_word' id='word_1_238' title='bbox 630 962 680 996; x_wconf 79' lang='grc' dir='ltr'><strong>μὲν</strong></span> <span class='ocrx_word' id='word_1_239' title='bbox 714 964 743 990; x_wconf 79' lang='grc' dir='ltr'><strong>αἱ</strong></span> <span class='ocrx_word' id='word_1_240' title='bbox 762 964 847 998; x_wconf 81' lang='grc' dir='ltr'><strong>ἁρχαὶ</strong></span> 
     </span>
    </p>
   </div>
   <div class='ocr_carea' id='block_1_37' title="bbox 60 1009 851 1046">
    <p class='ocr_par' dir='ltr' id='par_1_37' title="bbox 60 1009 851 1046">
     <span class='ocr_line' id='line_1_37' title="bbox 60 1009 851 1046; baseline 0.001 -10"><span class='ocrx_word' id='word_1_241' title='bbox 60 1010 112 1036; x_wconf 81' lang='grc' dir='ltr'><strong>τῶν</strong></span> <span class='ocrx_word' id='word_1_242' title='bbox 152 1010 307 1044; x_wconf 72' lang='grc' dir='ltr'><strong>ἀλγηδόνων</strong></span> <span class='ocrx_word' id='word_1_243' title='bbox 343 1009 475 1045; x_wconf 61' lang='grc' dir='ltr'><strong>ἐῴκειρσαν</strong></span> <span class='ocrx_word' id='word_1_244' title='bbox 490 1017 496 1023; x_wconf 81' lang='lat'>&#39;</span> <span class='ocrx_word' id='word_1_245' title='bbox 521 1010 582 1041; x_wconf 80' lang='grc' dir='ltr'><strong>ταῖς</strong></span> <span class='ocrx_word' id='word_1_246' title='bbox 614 1009 640 1036; x_wconf 81' lang='grc' dir='ltr'><strong>δὲ</strong></span> <span class='ocrx_word' id='word_1_247' title='bbox 667 1010 737 1037; x_wconf 79' lang='grc' dir='ltr'><strong>κατὰ</strong></span> <span class='ocrx_word' id='word_1_248' title='bbox 769 1009 851 1046; x_wconf 81' lang='grc' dir='ltr'><strong>μέρος</strong></span> 
     </span>
    </p>
   </div>
   <div class='ocr_carea' id='block_1_38' title="bbox 61 1053 850 1091">
    <p class='ocr_par' dir='ltr' id='par_1_38' title="bbox 61 1053 850 1091">
     <span class='ocr_line' id='line_1_38' title="bbox 61 1053 850 1091; baseline 0.008 -12"><span class='ocrx_word' id='word_1_249' title='bbox 61 1053 207 1087; x_wconf 62' lang='grc' dir='ltr'><strong>αὐξζσεσιν</strong></span> <span class='ocrx_word' id='word_1_250' title='bbox 223 1054 278 1080; x_wconf 84' lang='grc' dir='ltr'><strong>τῶν</strong></span> <span class='ocrx_word' id='word_1_251' title='bbox 293 1055 342 1089; x_wconf 74' lang='grc' dir='ltr'><strong>μὲν</strong></span> <span class='ocrx_word' id='word_1_252' title='bbox 362 1055 485 1090; x_wconf 68' lang='grc' dir='ltr'><strong>στρόερων</strong></span> <span class='ocrx_word' id='word_1_253' title='bbox 506 1055 677 1091; x_wconf 80' lang='grc' dir='ltr'><strong>παρῃτοῦντο</strong></span> <span class='ocrx_word' id='word_1_254' title='bbox 700 1056 730 1082; x_wconf 83' lang='grc' dir='ltr'><strong>τὺ</strong></span> <span class='ocrx_word' id='word_1_255' title='bbox 749 1056 850 1091; x_wconf 88' lang='grc' dir='ltr'><strong>γνώρι-</strong></span> 
     </span>
    </p>
   </div>
   <div class='ocr_carea' id='block_1_39' title="bbox 62 1099 850 1136">
    <p class='ocr_par' dir='ltr' id='par_1_39' title="bbox 62 1099 850 1136">
     <span class='ocr_line' id='line_1_39' title="bbox 62 1099 850 1136; baseline 0.006 -13"><span class='ocrx_word' id='word_1_256' title='bbox 62 1106 128 1133; x_wconf 80' lang='grc' dir='ltr'><strong>σμα,</strong></span> <span class='ocrx_word' id='word_1_257' title='bbox 144 1100 200 1129; x_wconf 77' lang='grc' dir='ltr'><strong>τοις</strong></span> <span class='ocrx_word' id='word_1_258' title='bbox 219 1099 247 1125; x_wconf 78' lang='grc' dir='ltr'><strong>δὲ</strong></span> <span class='ocrx_word' id='word_1_259' title='bbox 259 1099 395 1134; x_wconf 79' lang='grc' dir='ltr'><strong>δαιμόνων</strong></span> <span class='ocrx_word' id='word_1_260' title='bbox 409 1099 557 1134; x_wconf 85' lang='grc' dir='ltr'><strong>ὡμοιοῦντο</strong></span> <span class='ocrx_word' id='word_1_261' title='bbox 568 1100 761 1136; x_wconf 77' lang='grc' dir='ltr'><strong>στρεϐλώσεσι.</strong></span> <span class='ocrx_word' id='word_1_262' title='bbox 771 1102 850 1136; x_wconf 82' lang='grc' dir='ltr'><strong>Ἀρτι</strong></span> 
     </span>
    </p>
   </div>
   <div class='ocr_carea' id='block_1_40' title="bbox 61 1143 850 1180">
    <p class='ocr_par' dir='ltr' id='par_1_40' title="bbox 61 1143 850 1180">
     <span class='ocr_line' id='line_1_40' title="bbox 61 1143 850 1180; baseline 0.005 -11"><span class='ocrx_word' id='word_1_263' title='bbox 61 1144 115 1178; x_wconf 74' lang='grc' dir='ltr'><strong>γὰρ</strong></span> <span class='ocrx_word' id='word_1_264' title='bbox 136 1143 184 1170; x_wconf 81' lang='grc' dir='ltr'><strong>τοῦ</strong></span> <span class='ocrx_word' id='word_1_265' title='bbox 201 1144 374 1180; x_wconf 75' lang='grc' dir='ltr'><strong>περιέχοντος</strong></span> <span class='ocrx_word' id='word_1_266' title='bbox 388 1145 595 1180; x_wconf 80' lang='grc' dir='ltr'><strong>ὀστρακοειδοῦς</strong></span> <span class='ocrx_word' id='word_1_267' title='bbox 607 1146 703 1180; x_wconf 81' lang='grc' dir='ltr'><strong>ὑμένος</strong></span> <span class='ocrx_word' id='word_1_268' title='bbox 727 1146 850 1180; x_wconf 69' lang='grc' dir='ltr'><strong>ὲκκύψαν</strong></span> 
     </span>
    </p>
   </div>
   <div class='ocr_carea' id='block_1_41' title="bbox 61 1189 851 1227">
    <p class='ocr_par' dir='ltr' id='par_1_41' title="bbox 61 1189 851 1227">
     <span class='ocr_line' id='line_1_41' title="bbox 61 1189 851 1227; baseline 0.005 -12"><span class='ocrx_word' id='word_1_269' title='bbox 61 1189 90 1215; x_wconf 75' lang='grc' dir='ltr'><strong>τὸ</strong></span> <span class='ocrx_word' id='word_1_270' title='bbox 106 1189 284 1224; x_wconf 74' lang='grc' dir='ltr'><strong>παγχάλεπον</strong></span> <span class='ocrx_word' id='word_1_271' title='bbox 293 1189 430 1224; x_wconf 72' lang='grc' dir='ltr'><strong>γέννημα,</strong></span> <span class='ocrx_word' id='word_1_272' title='bbox 446 1190 492 1216; x_wconf 79' lang='grc' dir='ltr'><strong>καὶ</strong></span> <span class='ocrx_word' id='word_1_273' title='bbox 507 1190 546 1226; x_wconf 81' lang='grc' dir='ltr'><strong>μὴ</strong></span> <span class='ocrx_word' id='word_1_274' title='bbox 558 1191 700 1226; x_wconf 84' lang='grc' dir='ltr'><strong>παροῦσαν</strong></span> <span class='ocrx_word' id='word_1_275' title='bbox 725 1192 851 1227; x_wconf 80' lang='grc' dir='ltr'><strong>εὑρίσκον</strong></span> 
     </span>
    </p>
   </div>
   <div class='ocr_carea' id='block_1_42' title="bbox 60 1233 852 1272">
    <p class='ocr_par' dir='ltr' id='par_1_42' title="bbox 60 1233 852 1272">
     <span class='ocr_line' id='line_1_42' title="bbox 60 1233 852 1272; baseline 0.004 -12"><span class='ocrx_word' id='word_1_276' title='bbox 60 1233 109 1269; x_wconf 81' lang='grc' dir='ltr'><strong>τὴν</strong></span> <span class='ocrx_word' id='word_1_277' title='bbox 127 1234 264 1268; x_wconf 78' lang='grc' dir='ltr'><strong>φύσασαν,</strong></span> <span class='ocrx_word' id='word_1_278' title='bbox 277 1235 346 1269; x_wconf 79' lang='grc' dir='ltr'><strong>πρὸς</strong></span> <span class='ocrx_word' id='word_1_279' title='bbox 359 1235 407 1270; x_wconf 82' lang='grc' dir='ltr'><strong>τὴν</strong></span> <span class='ocrx_word' id='word_1_280' title='bbox 431 1234 532 1270; x_wconf 82' lang='grc' dir='ltr'><strong>ταύτης</strong></span> <span class='ocrx_word' id='word_1_281' title='bbox 545 1233 624 1270; x_wconf 76' lang='grc' dir='ltr'><strong>εἷρπε</strong></span> <span class='ocrx_word' id='word_1_282' title='bbox 640 1236 728 1272; x_wconf 85' lang='grc' dir='ltr'>κακὴν</span> <span class='ocrx_word' id='word_1_283' title='bbox 750 1237 852 1272; x_wconf 80' lang='grc' dir='ltr'><strong>ἀναζή-</strong></span> 
     </span>
    </p>
   </div>
   <div class='ocr_carea' id='block_1_43' title="bbox 60 1279 849 1317">
    <p class='ocr_par' dir='ltr' id='par_1_43' title="bbox 60 1279 849 1317">
     <span class='ocr_line' id='line_1_43' title="bbox 60 1279 849 1317; baseline 0.005 -13"><span class='ocrx_word' id='word_1_284' title='bbox 60 1287 153 1313; x_wconf 82' lang='grc' dir='ltr'><strong>τησιν,</strong></span> <span class='ocrx_word' id='word_1_285' title='bbox 177 1279 225 1306; x_wconf 72' lang='grc' dir='ltr'><strong>καὶ</strong></span> <span class='ocrx_word' id='word_1_286' title='bbox 239 1280 303 1315; x_wconf 76' lang='grc' dir='ltr'><strong>τῇδε</strong></span> <span class='ocrx_word' id='word_1_287' title='bbox 319 1280 433 1306; x_wconf 79' lang='grc' dir='ltr'><strong>κάκεῖσε</strong></span> <span class='ocrx_word' id='word_1_288' title='bbox 446 1280 495 1306; x_wconf 83' lang='grc' dir='ltr'><strong>τοῦ</strong></span> <span class='ocrx_word' id='word_1_289' title='bbox 522 1281 618 1313; x_wconf 79' lang='grc' dir='ltr'><strong>παιδὸς</strong></span> <span class='ocrx_word' id='word_1_290' title='bbox 642 1281 675 1308; x_wconf 69' lang='grc' dir='ltr'><strong>τὰ</strong></span> <span class='ocrx_word' id='word_1_291' title='bbox 707 1282 849 1317; x_wconf 83' lang='grc' dir='ltr'><strong>σπλάγχνα</strong></span> 
     </span>
    </p>
   </div>
   <div class='ocr_carea' id='block_1_44' title="bbox 60 1322 850 1362">
    <p class='ocr_par' dir='ltr' id='par_1_44' title="bbox 60 1322 850 1362">
     <span class='ocr_line' id='line_1_44' title="bbox 60 1322 850 1362; baseline 0.008 -14"><span class='ocrx_word' id='word_1_292' title='bbox 60 1322 149 1349; x_wconf 74' lang='grc' dir='ltr'><strong>διέθεε</strong></span> <span class='ocrx_word' id='word_1_293' title='bbox 161 1331 168 1337; x_wconf 91' lang='grc'><strong>·</strong></span> <span class='ocrx_word' id='word_1_294' title='bbox 190 1323 260 1357; x_wconf 77' lang='grc' dir='ltr'><strong>τάχα</strong></span> <span class='ocrx_word' id='word_1_295' title='bbox 281 1323 309 1350; x_wconf 79' lang='grc' dir='ltr'><strong>δὲ</strong></span> <span class='ocrx_word' id='word_1_296' title='bbox 324 1324 371 1350; x_wconf 82' lang='grc' dir='ltr'><strong>καὶ</strong></span> <span class='ocrx_word' id='word_1_297' title='bbox 386 1324 536 1357; x_wconf 86' lang='grc' dir='ltr'><strong>διέδακνεν,</strong></span> <span class='ocrx_word' id='word_1_298' title='bbox 551 1326 642 1361; x_wconf 81' lang='grc' dir='ltr'><strong>εὑρεῖν</strong></span> <span class='ocrx_word' id='word_1_299' title='bbox 653 1327 682 1352; x_wconf 76' lang='grc' dir='ltr'><strong>ὲν</strong></span> <span class='ocrx_word' id='word_1_300' title='bbox 695 1326 787 1358; x_wconf 77' lang='grc' dir='ltr'><strong>αὐτοῖς</strong></span> <span class='ocrx_word' id='word_1_301' title='bbox 800 1328 850 1362; x_wconf 78' lang='grc' dir='ltr'><strong>τὴν</strong></span> 
     </span>
    </p>
   </div>
   <div class='ocr_carea' id='block_1_45' title="bbox 60 1368 850 1406">
    <p class='ocr_par' dir='ltr' id='par_1_45' title="bbox 60 1368 850 1406">
     <span class='ocr_line' id='line_1_45' title="bbox 60 1368 850 1406; baseline 0.008 -14"><span class='ocrx_word' id='word_1_302' title='bbox 60 1368 160 1402; x_wconf 66' lang='grc' dir='ltr'><strong>τροφὸν</strong></span> <span class='ocrx_word' id='word_1_303' title='bbox 179 1368 210 1394; x_wconf 91' lang='grc' dir='ltr'><strong>οὺ</strong></span> <span class='ocrx_word' id='word_1_304' title='bbox 227 1368 386 1403; x_wconf 77' lang='grc' dir='ltr'><strong>δυνάμενον.</strong></span> <span class='ocrx_word' id='word_1_305' title='bbox 407 1369 487 1396; x_wconf 83' lang='grc' dir='ltr'><strong>Ὅθεν</strong></span> <span class='ocrx_word' id='word_1_306' title='bbox 511 1370 544 1396; x_wconf 86' lang='grc' dir='ltr'><strong>τὰ</strong></span> <span class='ocrx_word' id='word_1_307' title='bbox 567 1370 664 1406; x_wconf 84' lang='grc' dir='ltr'><strong>πρῶτα</strong></span> <span class='ocrx_word' id='word_1_308' title='bbox 685 1371 733 1406; x_wconf 82' lang='grc' dir='ltr'><strong>μὲν</strong></span> <span class='ocrx_word' id='word_1_309' title='bbox 747 1371 850 1404; x_wconf 79' lang='grc' dir='ltr'><strong>ἔκλαιε,</strong></span> 
     </span>
    </p>
   </div>
   <div class='ocr_carea' id='block_1_46' title="bbox 60 1412 851 1451">
    <p class='ocr_par' dir='ltr' id='par_1_46' title="bbox 60 1412 851 1451">
     <span class='ocr_line' id='line_1_46' title="bbox 60 1412 851 1451; baseline 0.009 -14"><span class='ocrx_word' id='word_1_310' title='bbox 60 1412 209 1446; x_wconf 75' lang='grc' dir='ltr'><strong>προὸαἰνον</strong></span> <span class='ocrx_word' id='word_1_311' title='bbox 221 1412 249 1439; x_wconf 76' lang='grc' dir='ltr'><strong>δὲ</strong></span> <span class='ocrx_word' id='word_1_312' title='bbox 265 1414 371 1448; x_wconf 79' lang='grc' dir='ltr'><strong>μείζοσι</strong></span> <span class='ocrx_word' id='word_1_313' title='bbox 385 1416 519 1449; x_wconf 80' lang='grc' dir='ltr'><strong>κραυγαῖς</strong></span> <span class='ocrx_word' id='word_1_314' title='bbox 535 1413 599 1450; x_wconf 80' lang='grc' dir='ltr'><strong>ηὗξε</strong></span> <span class='ocrx_word' id='word_1_315' title='bbox 628 1416 657 1442; x_wconf 72' lang='grc' dir='ltr'><strong>τὸ</strong></span> <span class='ocrx_word' id='word_1_316' title='bbox 667 1416 784 1451; x_wconf 73' lang='grc' dir='ltr'><strong>δάκρυον</strong></span> <span class='ocrx_word' id='word_1_317' title='bbox 796 1426 802 1432; x_wconf 71' lang='grc' dir='ltr'><strong>ν</strong></span> <span class='ocrx_word' id='word_1_318' title='bbox 813 1418 851 1450; x_wconf 78' lang='grc' dir='ltr'><strong>ὡς</strong></span> 
     </span>
    </p>
   </div>
   <div class='ocr_carea' id='block_1_47' title="bbox 58 1457 848 1499">
    <p class='ocr_par' dir='ltr' id='par_1_47' title="bbox 58 1457 848 1499">
     <span class='ocr_line' id='line_1_47' title="bbox 58 1457 848 1499; baseline 0.01 -16"><span class='ocrx_word' id='word_1_319' title='bbox 58 1457 88 1484; x_wconf 68' lang='grc' dir='ltr'><strong>δὲ</strong></span> <span class='ocrx_word' id='word_1_320' title='bbox 103 1457 251 1492; x_wconf 79' lang='grc' dir='ltr'><strong>βαστάζειν</strong></span> <span class='ocrx_word' id='word_1_321' title='bbox 266 1459 347 1486; x_wconf 83' lang='grc' dir='ltr'><strong>πλέον</strong></span> <span class='ocrx_word' id='word_1_322' title='bbox 359 1460 405 1486; x_wconf 88' lang='grc' dir='ltr'><strong>τοῦ</strong></span> <span class='ocrx_word' id='word_1_323' title='bbox 425 1461 512 1494; x_wconf 69' lang='grc' dir='ltr'><strong>ὄφεως</strong></span> <span class='ocrx_word' id='word_1_324' title='bbox 528 1462 578 1493; x_wconf 74' lang='grc' dir='ltr'><strong>τὰς</strong></span> <span class='ocrx_word' id='word_1_325' title='bbox 592 1462 670 1494; x_wconf 82' lang='grc' dir='ltr'><strong>ἀνίας</strong></span> <span class='ocrx_word' id='word_1_326' title='bbox 679 1463 730 1490; x_wconf 75' lang='grc' dir='ltr'><strong>οὐκ</strong></span> <span class='ocrx_word' id='word_1_327' title='bbox 744 1463 848 1499; x_wconf 84' lang='grc' dir='ltr'><strong>ἴσχυσε,</strong></span> 
     </span>
    </p>
   </div>
   <div class='ocr_carea' id='block_1_48' title="bbox 60 1502 850 1541">
    <p class='ocr_par' dir='ltr' id='par_1_48' title="bbox 60 1502 850 1541">
     <span class='ocr_line' id='line_1_48' title="bbox 60 1502 850 1541; baseline 0.008 -13"><span class='ocrx_word' id='word_1_328' title='bbox 60 1502 154 1529; x_wconf 79' lang='grc' dir='ltr'><strong>πεσὼν</strong></span> <span class='ocrx_word' id='word_1_329' title='bbox 172 1503 213 1534; x_wconf 77' lang='grc' dir='ltr'><strong>είς</strong></span> <span class='ocrx_word' id='word_1_330' title='bbox 234 1503 287 1538; x_wconf 79' lang='grc' dir='ltr'><strong>γῆν</strong></span> <span class='ocrx_word' id='word_1_331' title='bbox 319 1503 452 1537; x_wconf 78' lang='grc' dir='ltr'><strong>ἐκυλίετο,</strong></span> <span class='ocrx_word' id='word_1_332' title='bbox 480 1506 677 1541; x_wconf 81' lang='grc' dir='ltr'><strong>ἐσπαράττετο,</strong></span> <span class='ocrx_word' id='word_1_333' title='bbox 703 1508 850 1541; x_wconf 75' lang='grc' dir='ltr'><strong>πολυειδῶς</strong></span> 
     </span>
    </p>
   </div>
   <div class='ocr_carea' id='block_1_49' title="bbox 59 1547 848 1586">
    <p class='ocr_par' dir='ltr' id='par_1_49' title="bbox 59 1547 848 1586">
     <span class='ocr_line' id='line_1_49' title="bbox 59 1547 848 1586; baseline 0.009 -13"><span class='ocrx_word' id='word_1_334' title='bbox 59 1549 115 1579; x_wconf 76' lang='grc' dir='ltr'><strong>τοῖς</strong></span> <span class='ocrx_word' id='word_1_335' title='bbox 131 1547 243 1583; x_wconf 81' lang='grc' dir='ltr'><strong>μέλεσιν</strong></span> <span class='ocrx_word' id='word_1_336' title='bbox 258 1549 424 1582; x_wconf 82' lang='grc' dir='ltr'><strong>ὲτυλίσσετο,</strong></span> <span class='ocrx_word' id='word_1_337' title='bbox 440 1550 477 1581; x_wconf 89' lang='grc' dir='ltr'><strong>ὼς</strong></span> <span class='ocrx_word' id='word_1_338' title='bbox 493 1551 561 1586; x_wconf 73' lang='grc' dir='ltr'><strong>μηδὲ</strong></span> <span class='ocrx_word' id='word_1_339' title='bbox 587 1553 678 1586; x_wconf 81' lang='grc' dir='ltr'><strong>φωνὴν</strong></span> <span class='ocrx_word' id='word_1_340' title='bbox 695 1553 776 1580; x_wconf 77' lang='grc' dir='ltr'><strong>αὐτὸν</strong></span> <span class='ocrx_word' id='word_1_341' title='bbox 802 1555 848 1580; x_wconf 82' lang='grc' dir='ltr'><strong>ὲκ-</strong></span> 
     </span>
    </p>
   </div>
   <div class='ocr_carea' id='block_1_50' title="bbox 61 1593 849 1633">
    <p class='ocr_par' dir='ltr' id='par_1_50' title="bbox 61 1593 849 1633">
     <span class='ocr_line' id='line_1_50' title="bbox 61 1593 849 1633; baseline 0.009 -14"><span class='ocrx_word' id='word_1_342' title='bbox 61 1593 184 1628; x_wconf 81' lang='grc' dir='ltr'><strong>πέμπειν</strong></span> <span class='ocrx_word' id='word_1_343' title='bbox 199 1594 239 1626; x_wconf 85' lang='grc' dir='ltr'><strong>εις</strong></span> <span class='ocrx_word' id='word_1_344' title='bbox 256 1594 368 1630; x_wconf 79' lang='grc' dir='ltr'><strong>ὕστερον</strong></span> <span class='ocrx_word' id='word_1_345' title='bbox 384 1595 526 1629; x_wconf 77' lang='grc' dir='ltr'><strong>δύνασθαι,</strong></span> <span class='ocrx_word' id='word_1_346' title='bbox 545 1597 612 1625; x_wconf 77' lang='grc' dir='ltr'><strong>ἀλλὰ</strong></span> <span class='ocrx_word' id='word_1_347' title='bbox 629 1597 755 1633; x_wconf 67' lang='grc' dir='ltr'><strong>θνήσιειν</strong></span> <span class='ocrx_word' id='word_1_348' title='bbox 769 1600 849 1631; x_wconf 73' lang='grc' dir='ltr'><strong>εὐθὺς</strong></span> 
     </span>
    </p>
   </div>
   <div class='ocr_carea' id='block_1_51' title="bbox 60 1639 416 1675">
    <p class='ocr_par' dir='ltr' id='par_1_51' title="bbox 60 1639 416 1675">
     <span class='ocr_line' id='line_1_51' title="bbox 60 1639 416 1675; baseline 0.014 -11"><span class='ocrx_word' id='word_1_349' title='bbox 60 1640 116 1670; x_wconf 63' lang='lat' dir='ltr'><strong>tot;</strong></span> <span class='ocrx_word' id='word_1_350' title='bbox 131 1639 234 1674; x_wconf 80' lang='grc' dir='ltr'><strong>ὁρῶσιν</strong></span> <span class='ocrx_word' id='word_1_351' title='bbox 251 1640 416 1675; x_wconf 73' lang='grc' dir='ltr'><strong>νομίζεσθαι.</strong></span> 
     </span>
    </p>
   </div>
   <div class='ocr_carea' id='block_1_52' title="bbox 93 1685 849 1726">
    <p class='ocr_par' dir='ltr' id='par_1_52' title="bbox 93 1685 849 1726">
     <span class='ocr_line' id='line_1_52' title="bbox 93 1685 849 1726; baseline 0.008 -15"><span class='ocrx_word' id='word_1_352' title='bbox 93 1685 223 1720; x_wconf 73' lang='grc' dir='ltr'><strong>Δωροθέα</strong></span> <span class='ocrx_word' id='word_1_353' title='bbox 244 1685 305 1722; x_wconf 75' lang='grc' dir='ltr'><strong>δὲή</strong></span> <span class='ocrx_word' id='word_1_354' title='bbox 333 1687 428 1715; x_wconf 80' lang='grc' dir='ltr'><strong>τοῦτον</strong></span> <span class='ocrx_word' id='word_1_355' title='bbox 450 1689 496 1715; x_wconf 75' lang='grc' dir='ltr'><strong>καὶ</strong></span> <span class='ocrx_word' id='word_1_356' title='bbox 517 1689 562 1716; x_wconf 74' lang='grc' dir='ltr'><strong>τὸν</strong></span> <span class='ocrx_word' id='word_1_357' title='bbox 584 1690 755 1724; x_wconf 71' lang='grc' dir='ltr'><strong>ἀδελφὸν,ὡς</strong></span> <span class='ocrx_word' id='word_1_358' title='bbox 769 1691 849 1726; x_wconf 63' lang='grc' dir='ltr'><strong>ἔφην,</strong></span> 
     </span>
    </p>
   </div>
   <div class='ocr_carea' id='block_1_53' title="bbox 60 1729 851 1769">
    <p class='ocr_par' dir='ltr' id='par_1_53' title="bbox 60 1729 851 1769">
     <span class='ocr_line' id='line_1_53' title="bbox 60 1729 851 1769; baseline 0.01 -14"><span class='ocrx_word' id='word_1_359' title='bbox 60 1729 192 1762; x_wconf 72' lang='grc' dir='ltr'><strong>ιὶὃενασα,</strong></span> <span class='ocrx_word' id='word_1_360' title='bbox 214 1731 379 1759; x_wconf 79' lang='grc' dir='ltr'><strong>Καλλινίκου</strong></span> <span class='ocrx_word' id='word_1_361' title='bbox 396 1733 431 1760; x_wconf 75' lang='grc' dir='ltr'><strong>τὰ</strong></span> <span class='ocrx_word' id='word_1_362' title='bbox 451 1734 592 1769; x_wconf 83' lang='grc' dir='ltr'><strong>σπλάγχνα</strong></span> <span class='ocrx_word' id='word_1_363' title='bbox 609 1735 689 1762; x_wconf 78' lang='grc' dir='ltr'><strong>πλέον</strong></span> <span class='ocrx_word' id='word_1_364' title='bbox 710 1737 851 1768; x_wconf 75' lang='grc' dir='ltr'><strong>ἑδάπτετο,</strong></span> 
     </span>
    </p>
   </div>
   <div class='ocr_carea' id='block_1_54' title="bbox 61 1776 853 1816">
    <p class='ocr_par' dir='ltr' id='par_1_54' title="bbox 61 1776 853 1816">
     <span class='ocr_line' id='line_1_54' title="bbox 61 1776 853 1816; baseline 0.01 -15"><span class='ocrx_word' id='word_1_365' title='bbox 61 1776 147 1807; x_wconf 78' lang='grc' dir='ltr'><strong>οὕτως</strong></span> <span class='ocrx_word' id='word_1_366' title='bbox 161 1777 286 1809; x_wconf 76' lang='grc' dir='ltr'><strong>ἐλεεινῶς</strong></span> <span class='ocrx_word' id='word_1_367' title='bbox 297 1778 343 1805; x_wconf 82' lang='grc' dir='ltr'><strong>τὸν</strong></span> <span class='ocrx_word' id='word_1_368' title='bbox 360 1779 418 1806; x_wconf 75' lang='grc' dir='ltr'><strong>υἱὸν</strong></span> <span class='ocrx_word' id='word_1_369' title='bbox 434 1780 621 1815; x_wconf 70' lang='grc' dir='ltr'><strong>ἀπολλύμενον</strong></span> <span class='ocrx_word' id='word_1_370' title='bbox 635 1781 770 1816; x_wconf 72' lang='grc' dir='ltr'><strong>βλέπουσα</strong></span> <span class='ocrx_word' id='word_1_371' title='bbox 783 1791 791 1798; x_wconf 89' lang='grc'><strong>·</strong></span> <span class='ocrx_word' id='word_1_372' title='bbox 808 1784 853 1809; x_wconf 81' lang='grc' dir='ltr'><strong>καὶ</strong></span> 
     </span>
    </p>
   </div>
   <div class='ocr_carea' id='block_1_55' title="bbox 63 1822 853 1861">
    <p class='ocr_par' dir='ltr' id='par_1_55' title="bbox 63 1822 853 1861">
     <span class='ocr_line' id='line_1_55' title="bbox 63 1822 853 1861; baseline 0.008 -14"><span class='ocrx_word' id='word_1_373' title='bbox 63 1822 252 1856; x_wconf 71' lang='grc' dir='ltr'><strong>προσελθοῦσα</strong></span> <span class='ocrx_word' id='word_1_374' title='bbox 277 1823 373 1851; x_wconf 80' lang='grc' dir='ltr'><strong>θᾶττον</strong></span> <span class='ocrx_word' id='word_1_375' title='bbox 390 1826 446 1856; x_wconf 80' lang='grc' dir='ltr'><strong>τοῖς</strong></span> <span class='ocrx_word' id='word_1_376' title='bbox 471 1825 606 1861; x_wconf 59' lang='grc' dir='ltr'><strong>μάρτυσιν</strong></span> <span class='ocrx_word' id='word_1_377' title='bbox 628 1826 698 1861; x_wconf 81' lang='grc' dir='ltr'><strong>μετὰ</strong></span> <span class='ocrx_word' id='word_1_378' title='bbox 725 1827 853 1861; x_wconf 75' lang='grc' dir='ltr'><strong>κραυγῶν</strong></span> 
     </span>
    </p>
   </div>
   <div class='ocr_carea' id='block_1_56' title="bbox 62 1867 852 1908">
    <p class='ocr_par' dir='ltr' id='par_1_56' title="bbox 62 1867 852 1908">
     <span class='ocr_line' id='line_1_56' title="bbox 62 1867 852 1908; baseline 0.008 -15"><span class='ocrx_word' id='word_1_379' title='bbox 62 1868 111 1893; x_wconf 74' lang='grc' dir='ltr'><strong>καὶ</strong></span> <span class='ocrx_word' id='word_1_380' title='bbox 125 1867 252 1903; x_wconf 78' lang='grc' dir='ltr'><strong>δακρύων</strong></span> <span class='ocrx_word' id='word_1_381' title='bbox 264 1868 313 1900; x_wconf 86' lang='grc' dir='ltr'><strong>τὰς</strong></span> <span class='ocrx_word' id='word_1_382' title='bbox 336 1870 455 1901; x_wconf 62' lang='grc' dir='ltr'><strong>ἱκετεία,</strong></span> <span class='ocrx_word' id='word_1_383' title='bbox 481 1870 658 1907; x_wconf 64' lang='grc' dir='ltr'><strong>προσέφερεν.</strong></span> <span class='ocrx_word' id='word_1_384' title='bbox 677 1872 761 1899; x_wconf 77' lang='grc' dir='ltr'><strong>Βαὸαὶ</strong></span> <span class='ocrx_word' id='word_1_385' title='bbox 776 1874 830 1908; x_wconf 74' lang='grc' dir='ltr'><strong>γὰρ</strong></span> <span class='ocrx_word' id='word_1_386' title='bbox 845 1893 852 1904; x_wconf 89' lang='grc'><strong>,</strong></span> 
     </span>
    </p>
   </div>
   <div class='ocr_carea' id='block_1_57' title="bbox 60 1913 851 1953">
    <p class='ocr_par' dir='ltr' id='par_1_57' title="bbox 60 1913 851 1953">
     <span class='ocr_line' id='line_1_57' title="bbox 60 1913 851 1953; baseline 0.01 -15"><span class='ocrx_word' id='word_1_387' title='bbox 60 1913 165 1947; x_wconf 80' lang='grc' dir='ltr'><strong>ἔλεγεν,</strong></span> <span class='ocrx_word' id='word_1_388' title='bbox 175 1913 248 1948; x_wconf 74' lang='grc' dir='ltr'><strong>ἅγιοι</strong></span> <span class='ocrx_word' id='word_1_389' title='bbox 262 1915 268 1941; x_wconf 87' lang='lat'><strong>!</strong></span> <span class='ocrx_word' id='word_1_390' title='bbox 285 1915 342 1947; x_wconf 82' lang='grc' dir='ltr'><strong>πῶς</strong></span> <span class='ocrx_word' id='word_1_391' title='bbox 352 1924 402 1951; x_wconf 78' lang='grc' dir='ltr'><strong>μου</strong></span> <span class='ocrx_word' id='word_1_392' title='bbox 414 1916 463 1952; x_wconf 55' lang='grc' dir='ltr'><strong>τὴν</strong></span> <span class='ocrx_word' id='word_1_393' title='bbox 479 1916 573 1943; x_wconf 72' lang='grc' dir='ltr'><strong>θυσίιν</strong></span> <span class='ocrx_word' id='word_1_394' title='bbox 586 1917 712 1950; x_wconf 72' lang='grc' dir='ltr'><strong>ἐδέξασθε</strong></span> <span class='ocrx_word' id='word_1_395' title='bbox 727 1927 733 1950; x_wconf 85' lang='grc'>;</span> <span class='ocrx_word' id='word_1_396' title='bbox 750 1918 830 1953; x_wconf 75' lang='grc' dir='ltr'><strong>βαϐαί</strong></span> <span class='ocrx_word' id='word_1_397' title='bbox 845 1920 851 1946; x_wconf 86' lang='lat'><strong>!</strong></span> 
     </span>
    </p>
   </div>
   <div class='ocr_carea' id='block_1_58' title="bbox 61 1958 854 1997">
    <p class='ocr_par' dir='ltr' id='par_1_58' title="bbox 61 1958 854 1997">
     <span class='ocr_line' id='line_1_58' title="bbox 61 1958 854 1997; baseline 0.008 -13"><span class='ocrx_word' id='word_1_398' title='bbox 61 1958 148 1985; x_wconf 64' lang='grc' dir='ltr'><strong>ποίων</strong></span> <span class='ocrx_word' id='word_1_399' title='bbox 162 1968 197 1994; x_wconf 89' lang='grc' dir='ltr'><strong>με</strong></span> <span class='ocrx_word' id='word_1_400' title='bbox 211 1959 322 1995; x_wconf 82' lang='grc' dir='ltr'><strong>δωρεῶν</strong></span> <span class='ocrx_word' id='word_1_401' title='bbox 337 1961 470 1996; x_wconf 73' lang='grc' dir='ltr'><strong>ἠξιώσατε</strong></span> <span class='ocrx_word' id='word_1_402' title='bbox 485 1970 492 1995; x_wconf 84' lang='lat'><strong>;</strong></span> <span class='ocrx_word' id='word_1_403' title='bbox 508 1962 692 1997; x_wconf 71' lang='grc' dir='ltr'><strong>βαδαίῐποίας</strong></span> <span class='ocrx_word' id='word_1_404' title='bbox 704 1972 749 1996; x_wconf 86' lang='grc' dir='ltr'><strong>μοι</strong></span> <span class='ocrx_word' id='word_1_405' title='bbox 762 1963 854 1996; x_wconf 67' lang='grc' dir='ltr'><strong>δεξιῶν</strong></span> 
     </span>
    </p>
   </div>
   <div class='ocr_carea' id='block_1_59' title="bbox 61 2006 854 2045">
    <p class='ocr_par' dir='ltr' id='par_1_59' title="bbox 61 2006 854 2045">
     <span class='ocr_line' id='line_1_59' title="bbox 61 2006 854 2045; baseline 0.01 -16"><span class='ocrx_word' id='word_1_406' title='bbox 61 2013 132 2036; x_wconf 80' lang='grc' dir='ltr'><strong>σεως</strong></span> <span class='ocrx_word' id='word_1_407' title='bbox 148 2006 320 2040; x_wconf 76' lang='grc' dir='ltr'><strong>μετεδώκατε</strong></span> <span class='ocrx_word' id='word_1_408' title='bbox 333 2008 446 2040; x_wconf 76' lang='grc' dir='ltr'><strong>ς’Δλλαι</strong></span> <span class='ocrx_word' id='word_1_409' title='bbox 457 2010 584 2043; x_wconf 80' lang='grc' dir='ltr'><strong>γυναῖκες</strong></span> <span class='ocrx_word' id='word_1_410' title='bbox 599 2010 680 2036; x_wconf 80' lang='grc' dir='ltr'><strong>τέκνα</strong></span> <span class='ocrx_word' id='word_1_411' title='bbox 697 2010 734 2045; x_wconf 82' lang='grc' dir='ltr'><strong>μὴ</strong></span> <span class='ocrx_word' id='word_1_412' title='bbox 747 2010 854 2045; x_wconf 68' lang='grc' dir='ltr'><strong>ἔχουσαι</strong></span> 
     </span>
    </p>
   </div>
   <div class='ocr_carea' id='block_1_60' title="bbox 62 2051 857 2090">
    <p class='ocr_par' dir='ltr' id='par_1_60' title="bbox 62 2051 857 2090">
     <span class='ocr_line' id='line_1_60' title="bbox 62 2051 857 2090; baseline 0.008 -13"><span class='ocrx_word' id='word_1_413' title='bbox 62 2051 130 2086; x_wconf 79' lang='grc' dir='ltr'><strong>πρὸς</strong></span> <span class='ocrx_word' id='word_1_414' title='bbox 143 2053 216 2087; x_wconf 77' lang='grc' dir='ltr'><strong>ὑμᾶς</strong></span> <span class='ocrx_word' id='word_1_415' title='bbox 227 2054 449 2089; x_wconf 78' lang='grc' dir='ltr'><strong>καταφεύγουσαι</strong></span> <span class='ocrx_word' id='word_1_416' title='bbox 473 2055 608 2082; x_wconf 80' lang='grc' dir='ltr'><strong>τίκτουσιν</strong></span> <span class='ocrx_word' id='word_1_417' title='bbox 620 2062 626 2069; x_wconf 79' lang='grc'><strong><em>³</em></strong></span> <span class='ocrx_word' id='word_1_418' title='bbox 642 2056 697 2090; x_wconf 81' lang='grc' dir='ltr'><strong>ἐγὼ</strong></span> <span class='ocrx_word' id='word_1_419' title='bbox 708 2056 736 2083; x_wconf 76' lang='grc' dir='ltr'><strong>δὲ</strong></span> <span class='ocrx_word' id='word_1_420' title='bbox 754 2056 800 2082; x_wconf 81' lang='grc' dir='ltr'><strong>δύο</strong></span> <span class='ocrx_word' id='word_1_421' title='bbox 814 2056 857 2083; x_wconf 83' lang='grc' dir='ltr'><strong>δο-</strong></span> 
     </span>
    </p>
   </div>
   <div class='ocr_carea' id='block_1_61' title="bbox 61 2099 856 2137">
    <p class='ocr_par' dir='ltr' id='par_1_61' title="bbox 61 2099 856 2137">
     <span class='ocr_line' id='line_1_61' title="bbox 61 2099 856 2137; baseline 0.006 -14"><span class='ocrx_word' id='word_1_422' title='bbox 61 2099 241 2135; x_wconf 64' lang='grc' dir='ltr'><strong>ρυφρουμέιξη</strong></span> <span class='ocrx_word' id='word_1_423' title='bbox 252 2099 310 2134; x_wconf 77' lang='lat' dir='ltr'><strong>(sic)</strong></span> <span class='ocrx_word' id='word_1_424' title='bbox 322 2100 435 2128; x_wconf 81' lang='grc' dir='ltr'><strong>τάνθάδε</strong></span> <span class='ocrx_word' id='word_1_425' title='bbox 447 2101 608 2133; x_wconf 79' lang='grc' dir='ltr'><strong>κατέλαϐον,</strong></span> <span class='ocrx_word' id='word_1_426' title='bbox 620 2103 665 2128; x_wconf 60' lang='grc' dir='ltr'><strong>καὶ</strong></span> <span class='ocrx_word' id='word_1_427' title='bbox 678 2102 737 2137; x_wconf 81' lang='grc' dir='ltr'><strong>μεθ’</strong></span> <span class='ocrx_word' id='word_1_428' title='bbox 747 2101 816 2134; x_wconf 74' lang='grc' dir='ltr'><strong>ἐνὸς,</strong></span> <span class='ocrx_word' id='word_1_429' title='bbox 833 2104 856 2128; x_wconf 86' lang='grc' dir='ltr'><strong>εἰ</strong></span> 
     </span>
    </p>
   </div>
   <div class='ocr_carea' id='block_1_62' title="bbox 61 2142 857 2182">
    <p class='ocr_par' dir='ltr' id='par_1_62' title="bbox 61 2142 857 2182">
     <span class='ocr_line' id='line_1_62' title="bbox 61 2142 857 2182; baseline 0.009 -14"><span class='ocrx_word' id='word_1_430' title='bbox 61 2142 100 2177; x_wconf 78' lang='grc' dir='ltr'><strong>μὴ</strong></span> <span class='ocrx_word' id='word_1_431' title='bbox 116 2143 272 2176; x_wconf 81' lang='grc' dir='ltr'><strong>σπεύσοιτε,</strong></span> <span class='ocrx_word' id='word_1_432' title='bbox 290 2144 346 2171; x_wconf 85' lang='grc' dir='ltr'><strong>τῶν</strong></span> <span class='ocrx_word' id='word_1_433' title='bbox 359 2145 464 2173; x_wconf 80' lang='grc' dir='ltr'><strong>ἐνθένδε</strong></span> <span class='ocrx_word' id='word_1_434' title='bbox 476 2146 646 2182; x_wconf 79' lang='grc' dir='ltr'><strong>ἀπέρχομαι.</strong></span> <span class='ocrx_word' id='word_1_435' title='bbox 665 2147 756 2173; x_wconf 74' lang='grc' dir='ltr'><strong>’Ἄλλοι</strong></span> <span class='ocrx_word' id='word_1_436' title='bbox 773 2147 857 2175; x_wconf 78' lang='grc' dir='ltr'><strong>θανά-</strong></span> 
     </span>
    </p>
   </div>
   <div class='ocr_carea' id='block_1_63' title="bbox 61 2189 857 2227">
    <p class='ocr_par' dir='ltr' id='par_1_63' title="bbox 61 2189 857 2227">
     <span class='ocr_line' id='line_1_63' title="bbox 61 2189 857 2227; baseline 0.009 -14"><span class='ocrx_word' id='word_1_437' title='bbox 61 2195 110 2214; x_wconf 81' lang='grc' dir='ltr'><strong>του</strong></span> <span class='ocrx_word' id='word_1_438' title='bbox 136 2189 266 2221; x_wconf 80' lang='grc' dir='ltr'><strong>πνέοντες</strong></span> <span class='ocrx_word' id='word_1_439' title='bbox 292 2189 429 2226; x_wconf 67' lang='grc' dir='ltr'><strong>ἔρχονται,</strong></span> <span class='ocrx_word' id='word_1_440' title='bbox 455 2191 502 2218; x_wconf 75' lang='grc' dir='ltr'><strong>καὶ</strong></span> <span class='ocrx_word' id='word_1_441' title='bbox 528 2191 623 2219; x_wconf 82' lang='grc' dir='ltr'><strong>τούτου</strong></span> <span class='ocrx_word' id='word_1_442' title='bbox 651 2193 857 2227; x_wconf 79' lang='grc' dir='ltr'><strong>καταγελῶντες</strong></span> 
     </span>
    </p>
   </div>
   <div class='ocr_carea' id='block_1_64' title="bbox 901 956 1689 992">
    <p class='ocr_par' dir='ltr' id='par_1_64' title="bbox 901 956 1689 992">
     <span class='ocr_line' id='line_1_64' title="bbox 901 956 1689 992; baseline 0 -7"><span class='ocrx_word' id='word_1_443' title='bbox 901 961 980 986; x_wconf 86' lang='lat' dir='ltr'><strong>erant</strong></span> <span class='ocrx_word' id='word_1_444' title='bbox 996 956 1082 992; x_wconf 87' lang='lat' dir='ltr'><strong>paria,</strong></span> <span class='ocrx_word' id='word_1_445' title='bbox 1097 964 1157 992; x_wconf 71' lang='lat' dir='ltr'><strong>quae</strong></span> <span class='ocrx_word' id='word_1_446' title='bbox 1170 956 1197 984; x_wconf 90' lang='lat' dir='ltr'><strong>in</strong></span> <span class='ocrx_word' id='word_1_447' title='bbox 1215 956 1392 985; x_wconf 79' lang='lat' dir='ltr'><strong>incrementis</strong></span> <span class='ocrx_word' id='word_1_448' title='bbox 1414 958 1512 992; x_wconf 85' lang='lat' dir='ltr'><strong>partim</strong></span> <span class='ocrx_word' id='word_1_449' title='bbox 1532 958 1689 985; x_wconf 81' lang='lat' dir='ltr'><strong>earumdem</strong></span> 
     </span>
    </p>
   </div>
   <div class='ocr_carea' id='block_1_65' title="bbox 901 1002 1689 1037">
    <p class='ocr_par' dir='ltr' id='par_1_65' title="bbox 901 1002 1689 1037">
     <span class='ocr_line' id='line_1_65' title="bbox 901 1002 1689 1037; baseline 0 -7"><span class='ocrx_word' id='word_1_450' title='bbox 901 1003 1050 1031; x_wconf 84' lang='lat' dir='ltr'><strong>tortionum</strong></span> <span class='ocrx_word' id='word_1_451' title='bbox 1075 1002 1247 1037; x_wconf 76' lang='lat' dir='ltr'><strong>denegabant</strong></span> <span class='ocrx_word' id='word_1_452' title='bbox 1264 1003 1400 1034; x_wconf 83' lang='lat' dir='ltr'><strong>notitiam.</strong></span> <span class='ocrx_word' id='word_1_453' title='bbox 1426 1003 1527 1037; x_wconf 78' lang='lat' dir='ltr'><strong>partim</strong></span> <span class='ocrx_word' id='word_1_454' title='bbox 1550 1011 1614 1029; x_wconf 78' lang='lat' dir='ltr'><strong>vero</strong></span> <span class='ocrx_word' id='word_1_455' title='bbox 1636 1003 1689 1030; x_wconf 75' lang='lat' dir='ltr'><strong>dte-</strong></span> 
     </span>
    </p>
   </div>
   <div class='ocr_carea' id='block_1_66' title="bbox 901 1047 1690 1077">
    <p class='ocr_par' dir='ltr' id='par_1_66' title="bbox 901 1047 1690 1077">
     <span class='ocr_line' id='line_1_66' title="bbox 901 1047 1690 1077; baseline -0.004 -1"><span class='ocrx_word' id='word_1_456' title='bbox 901 1056 1008 1077; x_wconf 89' lang='lat' dir='ltr'><strong>monnm</strong></span> <span class='ocrx_word' id='word_1_457' title='bbox 1025 1048 1192 1076; x_wconf 82' lang='lat' dir='ltr'><strong>tortienibus</strong></span> <span class='ocrx_word' id='word_1_458' title='bbox 1203 1050 1282 1074; x_wconf 78' lang='lat' dir='ltr'><strong>erant</strong></span> <span class='ocrx_word' id='word_1_459' title='bbox 1298 1047 1409 1074; x_wconf 81' lang='lat' dir='ltr'><strong>similia.</strong></span> <span class='ocrx_word' id='word_1_460' title='bbox 1431 1047 1498 1074; x_wconf 83' lang='lat' dir='ltr'><strong>Cum</strong></span> <span class='ocrx_word' id='word_1_461' title='bbox 1516 1048 1588 1074; x_wconf 79' lang='lat' dir='ltr'><strong>enim</strong></span> <span class='ocrx_word' id='word_1_462' title='bbox 1605 1050 1690 1074; x_wconf 87' lang='lat' dir='ltr'><strong>testa-</strong></span> 
     </span>
    </p>
   </div>
   <div class='ocr_carea' id='block_1_67' title="bbox 901 1094 1689 1130">
    <p class='ocr_par' dir='ltr' id='par_1_67' title="bbox 901 1094 1689 1130">
     <span class='ocr_line' id='line_1_67' title="bbox 901 1094 1689 1130; baseline -0.001 -7"><span class='ocrx_word' id='word_1_463' title='bbox 901 1103 956 1123; x_wconf 82' lang='lat' dir='ltr'><strong>ceae</strong></span> <span class='ocrx_word' id='word_1_464' title='bbox 977 1095 1069 1123; x_wconf 72' lang='lat' dir='ltr'><strong>forma:</strong></span> <span class='ocrx_word' id='word_1_465' title='bbox 1085 1095 1245 1122; x_wconf 85' lang='lat' dir='ltr'><strong>membrana</strong></span> <span class='ocrx_word' id='word_1_466' title='bbox 1264 1094 1481 1122; x_wconf 87' lang='lat' dir='ltr'><strong>circumdaretur</strong></span> <span class='ocrx_word' id='word_1_467' title='bbox 1498 1095 1620 1130; x_wconf 87' lang='lat' dir='ltr'><strong>prorupit</strong></span> <span class='ocrx_word' id='word_1_468' title='bbox 1637 1102 1689 1122; x_wconf 67' lang='lat' dir='ltr'><strong>ste-</strong></span> 
     </span>
    </p>
   </div>
   <div class='ocr_carea' id='block_1_68' title="bbox 901 1141 1689 1176">
    <p class='ocr_par' dir='ltr' id='par_1_68' title="bbox 901 1141 1689 1176">
     <span class='ocr_line' id='line_1_68' title="bbox 901 1141 1689 1176; baseline -0.001 -8"><span class='ocrx_word' id='word_1_469' title='bbox 901 1141 1043 1169; x_wconf 86' lang='lat' dir='ltr'><strong>vissimum</strong></span> <span class='ocrx_word' id='word_1_470' title='bbox 1063 1141 1200 1176; x_wconf 77' lang='lat' dir='ltr'><strong>genimcn.</strong></span> <span class='ocrx_word' id='word_1_471' title='bbox 1221 1146 1250 1168; x_wconf 89' lang='lat' dir='ltr'><strong>et</strong></span> <span class='ocrx_word' id='word_1_472' title='bbox 1275 1145 1437 1176; x_wconf 79' lang='lat' dir='ltr'><strong>praesentem</strong></span> <span class='ocrx_word' id='word_1_473' title='bbox 1465 1148 1519 1170; x_wconf 91' lang='lat' dir='ltr'><strong>non</strong></span> <span class='ocrx_word' id='word_1_474' title='bbox 1547 1141 1689 1168; x_wconf 84' lang='lat' dir='ltr'><strong>inveniens</strong></span> 
     </span>
    </p>
   </div>
   <div class='ocr_carea' id='block_1_69' title="bbox 900 1186 1687 1222">
    <p class='ocr_par' dir='ltr' id='par_1_69' title="bbox 900 1186 1687 1222">
     <span class='ocr_line' id='line_1_69' title="bbox 900 1186 1687 1222; baseline -0.001 -9"><span class='ocrx_word' id='word_1_475' title='bbox 900 1191 1026 1217; x_wconf 80' lang='lat' dir='ltr'><strong>matrem,</strong></span> <span class='ocrx_word' id='word_1_476' title='bbox 1041 1187 1074 1213; x_wconf 87' lang='lat' dir='ltr'><strong>ad</strong></span> <span class='ocrx_word' id='word_1_477' title='bbox 1090 1186 1172 1221; x_wconf 83' lang='lat' dir='ltr'><strong>hujus</strong></span> <span class='ocrx_word' id='word_1_478' title='bbox 1193 1186 1290 1216; x_wconf 86' lang='lat' dir='ltr'><strong>malam</strong></span> <span class='ocrx_word' id='word_1_479' title='bbox 1306 1187 1455 1222; x_wconf 85' lang='lat' dir='ltr'><strong>repedabat</strong></span> <span class='ocrx_word' id='word_1_480' title='bbox 1469 1186 1687 1221; x_wconf 81' lang='lat' dir='ltr'><strong>inquisitionem,</strong></span> 
     </span>
    </p>
   </div>
   <div class='ocr_carea' id='block_1_70' title="bbox 900 1231 1690 1267">
    <p class='ocr_par' dir='ltr' id='par_1_70' title="bbox 900 1231 1690 1267">
     <span class='ocr_line' id='line_1_70' title="bbox 900 1231 1690 1267; baseline -0.003 -7"><span class='ocrx_word' id='word_1_481' title='bbox 900 1237 928 1260; x_wconf 88' lang='lat' dir='ltr'><strong>et</strong></span> <span class='ocrx_word' id='word_1_482' title='bbox 945 1233 997 1259; x_wconf 86' lang='lat' dir='ltr'><strong>hac</strong></span> <span class='ocrx_word' id='word_1_483' title='bbox 1010 1232 1128 1267; x_wconf 87' lang='lat' dir='ltr'><strong>illacque</strong></span> <span class='ocrx_word' id='word_1_484' title='bbox 1140 1233 1248 1260; x_wconf 81' lang='lat' dir='ltr'><strong>viscera</strong></span> <span class='ocrx_word' id='word_1_485' title='bbox 1266 1232 1342 1267; x_wconf 89' lang='lat' dir='ltr'><strong>pueri</strong></span> <span class='ocrx_word' id='word_1_486' title='bbox 1357 1232 1519 1267; x_wconf 80' lang='lat' dir='ltr'><strong>peragrabat</strong></span> <span class='ocrx_word' id='word_1_487' title='bbox 1533 1231 1646 1259; x_wconf 78' lang='lat' dir='ltr'><strong>forsitan</strong></span> <span class='ocrx_word' id='word_1_488' title='bbox 1663 1235 1690 1259; x_wconf 89' lang='lat' dir='ltr'><strong>ct</strong></span> 
     </span>
    </p>
   </div>
   <div class='ocr_carea' id='block_1_71' title="bbox 901 1278 1688 1311">
    <p class='ocr_par' dir='ltr' id='par_1_71' title="bbox 901 1278 1688 1311">
     <span class='ocr_line' id='line_1_71' title="bbox 901 1278 1688 1311; baseline 0.001 -6"><span class='ocrx_word' id='word_1_489' title='bbox 901 1278 1053 1311; x_wconf 83' lang='lat' dir='ltr'><strong>mordebat,</strong></span> <span class='ocrx_word' id='word_1_490' title='bbox 1071 1278 1195 1306; x_wconf 90' lang='lat' dir='ltr'><strong>invenire</strong></span> <span class='ocrx_word' id='word_1_491' title='bbox 1223 1278 1250 1305; x_wconf 92' lang='lat' dir='ltr'><strong>in</strong></span> <span class='ocrx_word' id='word_1_492' title='bbox 1271 1278 1324 1306; x_wconf 89' lang='lat' dir='ltr'><strong>illis</strong></span> <span class='ocrx_word' id='word_1_493' title='bbox 1351 1278 1483 1306; x_wconf 87' lang='lat' dir='ltr'><strong>nutricem</strong></span> <span class='ocrx_word' id='word_1_494' title='bbox 1508 1286 1562 1305; x_wconf 92' lang='lat' dir='ltr'><strong>non</strong></span> <span class='ocrx_word' id='word_1_495' title='bbox 1579 1278 1688 1309; x_wconf 81' lang='lat' dir='ltr'><strong>valens;</strong></span> 
     </span>
    </p>
   </div>
   <div class='ocr_carea' id='block_1_72' title="bbox 901 1323 1691 1359">
    <p class='ocr_par' dir='ltr' id='par_1_72' title="bbox 901 1323 1691 1359">
     <span class='ocr_line' id='line_1_72' title="bbox 901 1323 1691 1359; baseline -0.003 -8"><span class='ocrx_word' id='word_1_496' title='bbox 901 1325 971 1351; x_wconf 80' lang='lat' dir='ltr'><strong>unde</strong></span> <span class='ocrx_word' id='word_1_497' title='bbox 984 1331 1051 1359; x_wconf 86' lang='lat' dir='ltr'><strong>puer</strong></span> <span class='ocrx_word' id='word_1_498' title='bbox 1062 1324 1155 1351; x_wconf 89' lang='lat' dir='ltr'><strong>dolore</strong></span> <span class='ocrx_word' id='word_1_499' title='bbox 1170 1331 1293 1358; x_wconf 88' lang='lat' dir='ltr'><strong>pressus,</strong></span> <span class='ocrx_word' id='word_1_500' title='bbox 1311 1324 1338 1351; x_wconf 92' lang='lat' dir='ltr'><strong>in</strong></span> <span class='ocrx_word' id='word_1_501' title='bbox 1356 1323 1512 1358; x_wconf 83' lang='lat' dir='ltr'><strong>primordiis</strong></span> <span class='ocrx_word' id='word_1_502' title='bbox 1526 1323 1633 1357; x_wconf 82' lang='lat' dir='ltr'><strong>quidem</strong></span> <span class='ocrx_word' id='word_1_503' title='bbox 1648 1323 1691 1350; x_wconf 71' lang='grc' dir='ltr'><strong>ιιι--</strong></span> 
     </span>
    </p>
   </div>
   <div class='ocr_carea' id='block_1_73' title="bbox 901 1370 1691 1405">
    <p class='ocr_par' dir='ltr' id='par_1_73' title="bbox 901 1370 1691 1405">
     <span class='ocr_line' id='line_1_73' title="bbox 901 1370 1691 1405; baseline -0.004 -8"><span class='ocrx_word' id='word_1_504' title='bbox 901 1370 958 1402; x_wconf 85' lang='lat' dir='ltr'><strong>hat,</strong></span> <span class='ocrx_word' id='word_1_505' title='bbox 977 1370 1139 1405; x_wconf 82' lang='lat' dir='ltr'><strong>procedente</strong></span> <span class='ocrx_word' id='word_1_506' title='bbox 1159 1377 1225 1397; x_wconf 86' lang='lat' dir='ltr'><strong>vero</strong></span> <span class='ocrx_word' id='word_1_507' title='bbox 1242 1374 1364 1405; x_wconf 89' lang='lat' dir='ltr'><strong>tempore</strong></span> <span class='ocrx_word' id='word_1_508' title='bbox 1388 1370 1538 1404; x_wconf 71' lang='lat' dir='ltr'><strong>majoribus</strong></span> <span class='ocrx_word' id='word_1_509' title='bbox 1556 1370 1691 1404; x_wconf 81' lang='lat' dir='ltr'><strong>lacryinas</strong></span> 
     </span>
    </p>
   </div>
   <div class='ocr_carea' id='block_1_74' title="bbox 901 1413 1691 1452">
    <p class='ocr_par' dir='ltr' id='par_1_74' title="bbox 901 1413 1691 1452">
     <span class='ocr_line' id='line_1_74' title="bbox 901 1413 1691 1452; baseline -0.004 -9"><span class='ocrx_word' id='word_1_510' title='bbox 901 1417 1018 1452; x_wconf 77' lang='lat' dir='ltr'><strong>augebat</strong></span> <span class='ocrx_word' id='word_1_511' title='bbox 1037 1415 1216 1444; x_wconf 79' lang='lat' dir='ltr'><strong>clamoribus.</strong></span> <span class='ocrx_word' id='word_1_512' title='bbox 1236 1415 1322 1442; x_wconf 88' lang='lat' dir='ltr'><strong>Porro</strong></span> <span class='ocrx_word' id='word_1_513' title='bbox 1350 1423 1411 1442; x_wconf 91' lang='lat' dir='ltr'><strong>cum</strong></span> <span class='ocrx_word' id='word_1_514' title='bbox 1437 1419 1547 1450; x_wconf 83' lang='lat' dir='ltr'><strong>portare</strong></span> <span class='ocrx_word' id='word_1_515' title='bbox 1571 1413 1691 1448; x_wconf 75' lang='lat' dir='ltr'><strong>amplius</strong></span> 
     </span>
    </p>
   </div>
   <div class='ocr_carea' id='block_1_75' title="bbox 901 1461 1688 1498">
    <p class='ocr_par' dir='ltr' id='par_1_75' title="bbox 901 1461 1688 1498">
     <span class='ocr_line' id='line_1_75' title="bbox 901 1461 1688 1498; baseline -0.005 -8"><span class='ocrx_word' id='word_1_516' title='bbox 901 1463 1034 1498; x_wconf 86' lang='lat' dir='ltr'><strong>serpentis</strong></span> <span class='ocrx_word' id='word_1_517' title='bbox 1049 1462 1190 1489; x_wconf 86' lang='lat' dir='ltr'><strong>cruciatus</strong></span> <span class='ocrx_word' id='word_1_518' title='bbox 1206 1469 1260 1488; x_wconf 91' lang='lat' dir='ltr'><strong>nou</strong></span> <span class='ocrx_word' id='word_1_519' title='bbox 1276 1467 1378 1496; x_wconf 87' lang='lat' dir='ltr'><strong>posset.</strong></span> <span class='ocrx_word' id='word_1_520' title='bbox 1404 1461 1506 1490; x_wconf 82' lang='lat' dir='ltr'><strong>cadens</strong></span> <span class='ocrx_word' id='word_1_521' title='bbox 1533 1461 1559 1488; x_wconf 90' lang='lat' dir='ltr'><strong>in</strong></span> <span class='ocrx_word' id='word_1_522' title='bbox 1586 1465 1688 1488; x_wconf 85' lang='lat' dir='ltr'><strong>terram</strong></span> 
     </span>
    </p>
   </div>
   <div class='ocr_carea' id='block_1_76' title="bbox 902 1506 1692 1543">
    <p class='ocr_par' dir='ltr' id='par_1_76' title="bbox 902 1506 1692 1543">
     <span class='ocr_line' id='line_1_76' title="bbox 902 1506 1692 1543; baseline -0.003 -8"><span class='ocrx_word' id='word_1_523' title='bbox 902 1508 1090 1539; x_wconf 66' lang='lat' dir='ltr'><strong>volutabatur,</strong></span> <span class='ocrx_word' id='word_1_524' title='bbox 1106 1506 1325 1543; x_wconf 77' lang='lat' dir='ltr'><strong>discerpebatur,</strong></span> <span class='ocrx_word' id='word_1_525' title='bbox 1341 1507 1546 1534; x_wconf 82' lang='lat' dir='ltr'><strong>multiformiter</strong></span> <span class='ocrx_word' id='word_1_526' title='bbox 1562 1507 1692 1534; x_wconf 84' lang='lat' dir='ltr'><strong>membris</strong></span> 
     </span>
    </p>
   </div>
   <div class='ocr_carea' id='block_1_77' title="bbox 903 1553 1692 1588">
    <p class='ocr_par' dir='ltr' id='par_1_77' title="bbox 903 1553 1692 1588">
     <span class='ocr_line' id='line_1_77' title="bbox 903 1553 1692 1588; baseline -0.001 -7"><span class='ocrx_word' id='word_1_527' title='bbox 903 1554 1101 1586; x_wconf 79' lang='lat' dir='ltr'><strong>invelvebatur,</strong></span> <span class='ocrx_word' id='word_1_528' title='bbox 1118 1554 1154 1580; x_wconf 83' lang='lat' dir='ltr'><strong>ita</strong></span> <span class='ocrx_word' id='word_1_529' title='bbox 1169 1558 1198 1580; x_wconf 92' lang='lat' dir='ltr'><strong>ut</strong></span> <span class='ocrx_word' id='word_1_530' title='bbox 1212 1553 1385 1588; x_wconf 82' lang='lat' dir='ltr'><strong>postmodum</strong></span> <span class='ocrx_word' id='word_1_531' title='bbox 1402 1561 1451 1581; x_wconf 86' lang='lat' dir='ltr'><strong>nec</strong></span> <span class='ocrx_word' id='word_1_532' title='bbox 1464 1561 1556 1580; x_wconf 85' lang='lat' dir='ltr'><strong>vocem</strong></span> <span class='ocrx_word' id='word_1_533' title='bbox 1568 1553 1692 1580; x_wconf 87' lang='lat' dir='ltr'><strong>ctuittcrc</strong></span> 
     </span>
    </p>
   </div>
   <div class='ocr_carea' id='block_1_78' title="bbox 902 1598 1692 1636">
    <p class='ocr_par' dir='ltr' id='par_1_78' title="bbox 902 1598 1692 1636">
     <span class='ocr_line' id='line_1_78' title="bbox 902 1598 1692 1636; baseline -0.006 -7"><span class='ocrx_word' id='word_1_534' title='bbox 902 1605 1005 1636; x_wconf 83' lang='lat' dir='ltr'><strong>posset,</strong></span> <span class='ocrx_word' id='word_1_535' title='bbox 1030 1599 1211 1628; x_wconf 88' lang='lat' dir='ltr'><strong>moribundus</strong></span> <span class='ocrx_word' id='word_1_536' title='bbox 1247 1599 1377 1626; x_wconf 90' lang='lat' dir='ltr'><strong>continuo</strong></span> <span class='ocrx_word' id='word_1_537' title='bbox 1401 1608 1415 1625; x_wconf 90' lang='lat' dir='ltr'><strong>a</strong></span> <span class='ocrx_word' id='word_1_538' title='bbox 1443 1598 1597 1626; x_wconf 85' lang='lat' dir='ltr'><strong>videntibus</strong></span> <span class='ocrx_word' id='word_1_539' title='bbox 1620 1599 1692 1626; x_wconf 50' lang='lat' dir='ltr'><strong>testi.</strong></span> 
     </span>
    </p>
   </div>
   <div class='ocr_carea' id='block_1_79' title="bbox 902 1651 1002 1674">
    <p class='ocr_par' dir='ltr' id='par_1_79' title="bbox 902 1651 1002 1674">
     <span class='ocr_line' id='line_1_79' title="bbox 902 1651 1002 1674; baseline 0 -1"><span class='ocrx_word' id='word_1_540' title='bbox 902 1651 1002 1674; x_wconf 84' lang='lat' dir='ltr'><strong>malus.</strong></span> 
     </span>
    </p>
   </div>
   <div class='ocr_carea' id='block_1_80' title="bbox 938 1690 1690 1728">
    <p class='ocr_par' dir='ltr' id='par_1_80' title="bbox 938 1690 1690 1728">
     <span class='ocr_line' id='line_1_80' title="bbox 938 1690 1690 1728; baseline -0.005 -8"><span class='ocrx_word' id='word_1_541' title='bbox 938 1694 1073 1722; x_wconf 87' lang='lat' dir='ltr'><strong>Dorolhca</strong></span> <span class='ocrx_word' id='word_1_542' title='bbox 1091 1702 1155 1722; x_wconf 88' lang='lat' dir='ltr'><strong>vero</strong></span> <span class='ocrx_word' id='word_1_543' title='bbox 1171 1702 1230 1728; x_wconf 67' lang='lat' dir='ltr'><strong>quae</strong></span> <span class='ocrx_word' id='word_1_544' title='bbox 1249 1693 1322 1721; x_wconf 87' lang='lat' dir='ltr'><strong>hunc</strong></span> <span class='ocrx_word' id='word_1_545' title='bbox 1336 1697 1363 1721; x_wconf 90' lang='lat' dir='ltr'><strong>et</strong></span> <span class='ocrx_word' id='word_1_546' title='bbox 1388 1693 1513 1723; x_wconf 76' lang='lat' dir='ltr'><strong>fratrem,</strong></span> <span class='ocrx_word' id='word_1_547' title='bbox 1536 1691 1611 1718; x_wconf 88' lang='lat' dir='ltr'><strong>sicut</strong></span> <span class='ocrx_word' id='word_1_548' title='bbox 1634 1690 1690 1717; x_wconf 74' lang='lat' dir='ltr'><strong>dixi</strong></span> 
     </span>
    </p>
   </div>
   <div class='ocr_carea' id='block_1_81' title="bbox 903 1737 1678 1774">
    <p class='ocr_par' dir='ltr' id='par_1_81' title="bbox 903 1737 1678 1774">
     <span class='ocr_line' id='line_1_81' title="bbox 903 1737 1678 1774; baseline -0.006 -8"><span class='ocrx_word' id='word_1_549' title='bbox 903 1743 1057 1774; x_wconf 85' lang='lat' dir='ltr'><strong>pepererat,</strong></span> <span class='ocrx_word' id='word_1_550' title='bbox 1081 1740 1142 1774; x_wconf 87' lang='lat' dir='ltr'><strong>plus</strong></span> <span class='ocrx_word' id='word_1_551' title='bbox 1158 1739 1288 1770; x_wconf 80' lang='lat' dir='ltr'><strong>membris</strong></span> <span class='ocrx_word' id='word_1_552' title='bbox 1301 1747 1382 1774; x_wconf 83' lang='lat' dir='ltr'><strong>quam</strong></span> <span class='ocrx_word' id='word_1_553' title='bbox 1402 1737 1553 1766; x_wconf 80' lang='lat' dir='ltr'><strong>Callinicus</strong></span> <span class='ocrx_word' id='word_1_554' title='bbox 1584 1737 1678 1764; x_wconf 84' lang='lat' dir='ltr'><strong>morde</strong></span> 
     </span>
    </p>
   </div>
   <div class='ocr_carea' id='block_1_82' title="bbox 904 1780 1692 1817">
    <p class='ocr_par' dir='ltr' id='par_1_82' title="bbox 904 1780 1692 1817">
     <span class='ocr_line' id='line_1_82' title="bbox 904 1780 1692 1817; baseline -0.01 -5"><span class='ocrx_word' id='word_1_555' title='bbox 904 1784 994 1817; x_wconf 80' lang='lat' dir='ltr'><strong>batur,</strong></span> <span class='ocrx_word' id='word_1_556' title='bbox 1013 1789 1066 1811; x_wconf 83' lang='lat' dir='ltr'><strong>tam</strong></span> <span class='ocrx_word' id='word_1_557' title='bbox 1094 1784 1290 1812; x_wconf 87' lang='lat' dir='ltr'><strong>miserabiliter</strong></span> <span class='ocrx_word' id='word_1_558' title='bbox 1306 1781 1392 1810; x_wconf 87' lang='lat' dir='ltr'><strong>filium</strong></span> <span class='ocrx_word' id='word_1_559' title='bbox 1420 1782 1554 1817; x_wconf 85' lang='lat' dir='ltr'><strong>perditum</strong></span> <span class='ocrx_word' id='word_1_560' title='bbox 1574 1780 1692 1814; x_wconf 80' lang='lat' dir='ltr'><strong>intuens.</strong></span> 
     </span>
    </p>
   </div>
   <div class='ocr_carea' id='block_1_83' title="bbox 905 1827 1691 1864">
    <p class='ocr_par' dir='ltr' id='par_1_83' title="bbox 905 1827 1691 1864">
     <span class='ocr_line' id='line_1_83' title="bbox 905 1827 1691 1864; baseline -0.009 -7"><span class='ocrx_word' id='word_1_561' title='bbox 905 1830 937 1856; x_wconf 80' lang='lat' dir='ltr'><strong>Et</strong></span> <span class='ocrx_word' id='word_1_562' title='bbox 949 1831 1082 1857; x_wconf 86' lang='lat' dir='ltr'><strong>accedens</strong></span> <span class='ocrx_word' id='word_1_563' title='bbox 1094 1830 1149 1857; x_wconf 89' lang='lat' dir='ltr'><strong>cito</strong></span> <span class='ocrx_word' id='word_1_564' title='bbox 1164 1830 1198 1857; x_wconf 88' lang='lat' dir='ltr'><strong>ad</strong></span> <span class='ocrx_word' id='word_1_565' title='bbox 1217 1834 1368 1864; x_wconf 88' lang='lat' dir='ltr'><strong>martyres,</strong></span> <span class='ocrx_word' id='word_1_566' title='bbox 1387 1827 1606 1864; x_wconf 81' lang='lat' dir='ltr'><strong>supplicationes</strong></span> <span class='ocrx_word' id='word_1_567' title='bbox 1629 1833 1691 1852; x_wconf 89' lang='lat' dir='ltr'><strong>cum</strong></span> 
     </span>
    </p>
   </div>
   <div class='ocr_carea' id='block_1_84' title="bbox 904 1869 1691 1909">
    <p class='ocr_par' dir='ltr' id='par_1_84' title="bbox 904 1869 1691 1909">
     <span class='ocr_line' id='line_1_84' title="bbox 904 1869 1691 1909; baseline -0.009 -8"><span class='ocrx_word' id='word_1_568' title='bbox 904 1873 1073 1901; x_wconf 72' lang='lat' dir='ltr'><strong>clamoribus</strong></span> <span class='ocrx_word' id='word_1_569' title='bbox 1092 1877 1118 1900; x_wconf 86' lang='lat' dir='ltr'><strong>et</strong></span> <span class='ocrx_word' id='word_1_570' title='bbox 1136 1873 1265 1909; x_wconf 84' lang='lat' dir='ltr'><strong>lacrymis</strong></span> <span class='ocrx_word' id='word_1_571' title='bbox 1290 1872 1432 1900; x_wconf 73' lang='lat' dir='ltr'><strong>offerebat.</strong></span> <span class='ocrx_word' id='word_1_572' title='bbox 1461 1870 1574 1897; x_wconf 85' lang='lat' dir='ltr'><strong>Dicebat</strong></span> <span class='ocrx_word' id='word_1_573' title='bbox 1596 1869 1667 1896; x_wconf 90' lang='lat' dir='ltr'><strong>enim</strong></span> <span class='ocrx_word' id='word_1_574' title='bbox 1686 1877 1691 1894; x_wconf 90' lang='lat'>:</span> 
     </span>
    </p>
   </div>
   <div class='ocr_carea' id='block_1_85' title="bbox 906 1914 1692 1952">
    <p class='ocr_par' dir='ltr' id='par_1_85' title="bbox 906 1914 1692 1952">
     <span class='ocr_line' id='line_1_85' title="bbox 906 1914 1692 1952; baseline -0.009 -6"><span class='ocrx_word' id='word_1_575' title='bbox 906 1918 963 1946; x_wconf 77' lang='lat' dir='ltr'><strong>Heu</strong></span> <span class='ocrx_word' id='word_1_576' title='bbox 983 1919 1045 1951; x_wconf 87' lang='lat' dir='ltr'><strong>heu,</strong></span> <span class='ocrx_word' id='word_1_577' title='bbox 1066 1919 1165 1952; x_wconf 86' lang='lat' dir='ltr'><strong>sancti,</strong></span> <span class='ocrx_word' id='word_1_578' title='bbox 1178 1918 1315 1951; x_wconf 80' lang='lat' dir='ltr'><strong>quomodo</strong></span> <span class='ocrx_word' id='word_1_579' title='bbox 1332 1916 1497 1945; x_wconf 82' lang='lat' dir='ltr'><strong>sacriﬁcium</strong></span> <span class='ocrx_word' id='word_1_580' title='bbox 1528 1923 1617 1941; x_wconf 90' lang='lat' dir='ltr'><strong>meum</strong></span> <span class='ocrx_word' id='word_1_581' title='bbox 1644 1914 1692 1939; x_wconf 81' lang='lat' dir='ltr'><strong>ad-</strong></span> 
     </span>
    </p>
   </div>
   <div class='ocr_carea' id='block_1_86' title="bbox 906 1959 1693 1999">
    <p class='ocr_par' dir='ltr' id='par_1_86' title="bbox 906 1959 1693 1999">
     <span class='ocr_line' id='line_1_86' title="bbox 906 1959 1693 1999; baseline -0.01 -6"><span class='ocrx_word' id='word_1_582' title='bbox 906 1965 1045 1993; x_wconf 83' lang='lat' dir='ltr'><strong>misistis?</strong></span> <span class='ocrx_word' id='word_1_583' title='bbox 1061 1965 1112 1992; x_wconf 89' lang='lat' dir='ltr'><strong>heu</strong></span> <span class='ocrx_word' id='word_1_584' title='bbox 1130 1964 1182 1992; x_wconf 88' lang='lat' dir='ltr'><strong>heu</strong></span> <span class='ocrx_word' id='word_1_585' title='bbox 1193 1963 1321 1999; x_wconf 82' lang='lat' dir='ltr'><strong>qualibus</strong></span> <span class='ocrx_word' id='word_1_586' title='bbox 1343 1969 1386 1989; x_wconf 90' lang='lat' dir='ltr'><strong>me</strong></span> <span class='ocrx_word' id='word_1_587' title='bbox 1399 1962 1507 1997; x_wconf 81' lang='lat' dir='ltr'><strong>dignam</strong></span> <span class='ocrx_word' id='word_1_588' title='bbox 1536 1959 1693 1987; x_wconf 78' lang='lat' dir='ltr'><strong>muneribus</strong></span> 
     </span>
    </p>
   </div>
   <div class='ocr_carea' id='block_1_87' title="bbox 907 2005 1692 2044">
    <p class='ocr_par' dir='ltr' id='par_1_87' title="bbox 907 2005 1692 2044">
     <span class='ocr_line' id='line_1_87' title="bbox 907 2005 1692 2044; baseline -0.009 -5"><span class='ocrx_word' id='word_1_589' title='bbox 907 2011 1066 2039; x_wconf 84' lang='lat' dir='ltr'><strong>reddidistis</strong></span> <span class='ocrx_word' id='word_1_590' title='bbox 1079 2012 1085 2039; x_wconf 82' lang='lat'><strong>!</strong></span> <span class='ocrx_word' id='word_1_591' title='bbox 1109 2011 1159 2038; x_wconf 87' lang='lat' dir='ltr'><strong>heu</strong></span> <span class='ocrx_word' id='word_1_592' title='bbox 1173 2010 1226 2038; x_wconf 85' lang='lat' dir='ltr'><strong>heu</strong></span> <span class='ocrx_word' id='word_1_593' title='bbox 1240 2016 1325 2044; x_wconf 90' lang='lat' dir='ltr'><strong>quam</strong></span> <span class='ocrx_word' id='word_1_594' title='bbox 1345 2008 1410 2036; x_wconf 90' lang='lat' dir='ltr'><strong>mihi</strong></span> <span class='ocrx_word' id='word_1_595' title='bbox 1426 2007 1627 2041; x_wconf 78' lang='lat' dir='ltr'><strong>susceptionem</strong></span> <span class='ocrx_word' id='word_1_596' title='bbox 1642 2005 1692 2032; x_wconf 86' lang='lat' dir='ltr'><strong>tri-</strong></span> 
     </span>
    </p>
   </div>
   <div class='ocr_carea' id='block_1_88' title="bbox 907 2051 1693 2085">
    <p class='ocr_par' dir='ltr' id='par_1_88' title="bbox 907 2051 1693 2085">
     <span class='ocr_line' id='line_1_88' title="bbox 907 2051 1693 2085; baseline -0.011 0"><span class='ocrx_word' id='word_1_597' title='bbox 907 2057 1027 2085; x_wconf 81' lang='lat' dir='ltr'><strong>buistis‘l</strong></span> <span class='ocrx_word' id='word_1_598' title='bbox 1045 2057 1112 2085; x_wconf 73' lang='lat' dir='ltr'><strong>Aliae</strong></span> <span class='ocrx_word' id='word_1_599' title='bbox 1126 2057 1256 2084; x_wconf 84' lang='lat' dir='ltr'><strong>mulieres</strong></span> <span class='ocrx_word' id='word_1_600' title='bbox 1271 2059 1350 2083; x_wconf 88' lang='lat' dir='ltr'><strong>natos</strong></span> <span class='ocrx_word' id='word_1_601' title='bbox 1366 2062 1419 2081; x_wconf 90' lang='lat' dir='ltr'><strong>non</strong></span> <span class='ocrx_word' id='word_1_602' title='bbox 1436 2053 1567 2080; x_wconf 81' lang='lat' dir='ltr'><strong>habentes</strong></span> <span class='ocrx_word' id='word_1_603' title='bbox 1583 2059 1644 2078; x_wconf 74' lang='lat' dir='ltr'><strong>cum</strong></span> <span class='ocrx_word' id='word_1_604' title='bbox 1660 2051 1693 2077; x_wconf 87' lang='lat' dir='ltr'><strong>ad</strong></span> 
     </span>
    </p>
   </div>
   <div class='ocr_carea' id='block_1_89' title="bbox 907 2097 1693 2138">
    <p class='ocr_par' dir='ltr' id='par_1_89' title="bbox 907 2097 1693 2138">
     <span class='ocr_line' id='line_1_89' title="bbox 907 2097 1693 2138; baseline -0.009 -9"><span class='ocrx_word' id='word_1_605' title='bbox 907 2111 957 2130; x_wconf 83' lang='lat' dir='ltr'><strong>vos</strong></span> <span class='ocrx_word' id='word_1_606' title='bbox 972 2102 1147 2138; x_wconf 71' lang='lat' dir='ltr'><strong>confugerint</strong></span> <span class='ocrx_word' id='word_1_607' title='bbox 1166 2102 1289 2137; x_wconf 83' lang='lat' dir='ltr'><strong>pariunt.</strong></span> <span class='ocrx_word' id='word_1_608' title='bbox 1304 2107 1355 2136; x_wconf 71' lang='lat' dir='ltr'><strong>ego</strong></span> <span class='ocrx_word' id='word_1_609' title='bbox 1371 2103 1462 2130; x_wconf 84' lang='lat' dir='ltr'><strong>autem</strong></span> <span class='ocrx_word' id='word_1_610' title='bbox 1484 2098 1553 2125; x_wconf 89' lang='lat' dir='ltr'><strong>duos</strong></span> <span class='ocrx_word' id='word_1_611' title='bbox 1569 2097 1693 2124; x_wconf 81' lang='lat' dir='ltr'><strong>oblatura</strong></span> 
     </span>
    </p>
   </div>
   <div class='ocr_carea' id='block_1_90' title="bbox 907 2144 1693 2178">
    <p class='ocr_par' dir='ltr' id='par_1_90' title="bbox 907 2144 1693 2178">
     <span class='ocr_line' id='line_1_90' title="bbox 907 2144 1693 2178; baseline -0.009 -2"><span class='ocrx_word' id='word_1_612' title='bbox 907 2150 962 2177; x_wconf 91' lang='lat' dir='ltr'><strong>huc</strong></span> <span class='ocrx_word' id='word_1_613' title='bbox 978 2150 1050 2178; x_wconf 83' lang='lat' dir='ltr'><strong>veni.</strong></span> <span class='ocrx_word' id='word_1_614' title='bbox 1067 2153 1094 2175; x_wconf 82' lang='lat' dir='ltr'><strong>et</strong></span> <span class='ocrx_word' id='word_1_615' title='bbox 1110 2157 1170 2175; x_wconf 89' lang='lat' dir='ltr'><strong>cum</strong></span> <span class='ocrx_word' id='word_1_616' title='bbox 1191 2156 1245 2176; x_wconf 93' lang='lat' dir='ltr'><strong>uno</strong></span> <span class='ocrx_word' id='word_1_617' title='bbox 1262 2148 1326 2175; x_wconf 89' lang='lat' dir='ltr'><strong>hinc</strong></span> <span class='ocrx_word' id='word_1_618' title='bbox 1342 2146 1394 2174; x_wconf 87' lang='lat' dir='ltr'><strong>nisi</strong></span> <span class='ocrx_word' id='word_1_619' title='bbox 1409 2144 1629 2173; x_wconf 82' lang='lat' dir='ltr'><strong>acceleraveritis</strong></span> <span class='ocrx_word' id='word_1_620' title='bbox 1651 2151 1693 2169; x_wconf 86' lang='lat' dir='ltr'><strong>re-</strong></span> 
     </span>
    </p>
   </div>
   <div class='ocr_carea' id='block_1_91' title="bbox 909 2190 1692 2230">
    <p class='ocr_par' dir='ltr' id='par_1_91' title="bbox 909 2190 1692 2230">
     <span class='ocr_line' id='line_1_91' title="bbox 909 2190 1692 2230; baseline -0.009 -8"><span class='ocrx_word' id='word_1_621' title='bbox 909 2196 1028 2230; x_wconf 75' lang='lat' dir='ltr'><strong>grediar.</strong></span> <span class='ocrx_word' id='word_1_622' title='bbox 1058 2195 1109 2221; x_wconf 80' lang='lat' dir='ltr'><strong>Alii</strong></span> <span class='ocrx_word' id='word_1_623' title='bbox 1126 2195 1201 2222; x_wconf 78' lang='lat' dir='ltr'><strong>necis</strong></span> <span class='ocrx_word' id='word_1_624' title='bbox 1216 2195 1356 2229; x_wconf 83' lang='lat' dir='ltr'><strong>spirantes</strong></span> <span class='ocrx_word' id='word_1_625' title='bbox 1374 2192 1519 2222; x_wconf 83' lang='lat' dir='ltr'><strong>accedunt.</strong></span> <span class='ocrx_word' id='word_1_626' title='bbox 1549 2191 1595 2218; x_wconf 78' lang='lat' dir='ltr'><strong>sed</strong></span> <span class='ocrx_word' id='word_1_627' title='bbox 1622 2190 1692 2216; x_wconf 84' lang='lat' dir='ltr'><strong>hanc</strong></span> 
     </span>
    </p>
   </div>
   <div class='ocr_carea' id='block_1_92' title="bbox 61 2234 850 2273">
    <p class='ocr_par' dir='ltr' id='par_1_92' title="bbox 61 2234 850 2273">
     <span class='ocr_line' id='line_1_92' title="bbox 61 2234 850 2273; baseline 0.009 -14"><span class='ocrx_word' id='word_1_628' title='bbox 61 2234 228 2269; x_wconf 77' lang='grc' dir='ltr'><strong>ἀπέρχονται</strong></span> <span class='ocrx_word' id='word_1_629' title='bbox 251 2243 259 2251; x_wconf 89' lang='grc'>·</span> <span class='ocrx_word' id='word_1_630' title='bbox 274 2236 342 2271; x_wconf 72' lang='grc' dir='ltr'><strong>ἐμοῦ</strong></span> <span class='ocrx_word' id='word_1_631' title='bbox 356 2237 384 2264; x_wconf 81' lang='grc' dir='ltr'><strong>δὲ</strong></span> <span class='ocrx_word' id='word_1_632' title='bbox 406 2237 570 2273; x_wconf 51' lang='grc' dir='ltr'><strong>τῆς-ἀθλίας</strong></span> <span class='ocrx_word' id='word_1_633' title='bbox 589 2237 619 2264; x_wconf 82' lang='grc' dir='ltr'><strong>τὸ</strong></span> <span class='ocrx_word' id='word_1_634' title='bbox 642 2239 736 2273; x_wconf 78' lang='grc' dir='ltr'><strong>νήπιον</strong></span> <span class='ocrx_word' id='word_1_635' title='bbox 756 2239 850 2271; x_wconf 76' lang='grc' dir='ltr'><strong>παῖζον</strong></span> 
     </span>
    </p>
   </div>
   <div class='ocr_carea' id='block_1_93' title="bbox 904 2234 1692 2273">
    <p class='ocr_par' dir='ltr' id='par_1_93' title="bbox 905 2235 1692 2272">
     <span class='ocr_line' id='line_1_93' title="bbox 905 2235 1692 2272; baseline -0.009 -4"><span class='ocrx_word' id='word_1_636' title='bbox 905 2240 1072 2271; x_wconf 82' lang='lat' dir='ltr'><strong>deridentes,</strong></span> <span class='ocrx_word' id='word_1_637' title='bbox 1086 2240 1257 2272; x_wconf 85' lang='lat' dir='ltr'><strong>abscedunt;</strong></span> <span class='ocrx_word' id='word_1_638' title='bbox 1288 2246 1365 2266; x_wconf 86' lang='lat' dir='ltr'><strong>meus</strong></span> <span class='ocrx_word' id='word_1_639' title='bbox 1383 2242 1474 2265; x_wconf 83' lang='lat' dir='ltr'><strong>autem</strong></span> <span class='ocrx_word' id='word_1_640' title='bbox 1502 2235 1596 2264; x_wconf 76' lang='lat' dir='ltr'><strong>infelix</strong></span> <span class='ocrx_word' id='word_1_641' title='bbox 1626 2243 1692 2269; x_wconf 89' lang='lat' dir='ltr'><strong>puc-</strong></span> 
     </span>
    </p>
   </div>
   <div class='ocr_carea' id='block_1_94' title="bbox 61 2278 856 2322">
    <p class='ocr_par' dir='ltr' id='par_1_94' title="bbox 61 2278 856 2322">
     <span class='ocr_line' id='line_1_94' title="bbox 61 2278 856 2322; baseline 0.009 -16"><span class='ocrx_word' id='word_1_642' title='bbox 61 2278 130 2314; x_wconf 79' lang='grc' dir='ltr'><strong>ἧκεν</strong></span> <span class='ocrx_word' id='word_1_643' title='bbox 140 2282 210 2316; x_wconf 73' lang='grc' dir='ltr'><strong>πρὸς</strong></span> <span class='ocrx_word' id='word_1_644' title='bbox 221 2282 293 2317; x_wconf 77' lang='grc' dir='ltr'><strong>ὑμᾶς</strong></span> <span class='ocrx_word' id='word_1_645' title='bbox 310 2282 359 2309; x_wconf 74' lang='grc' dir='ltr'><strong>καὶ</strong></span> <span class='ocrx_word' id='word_1_646' title='bbox 373 2278 538 2318; x_wconf 58' lang='grc' dir='ltr'><strong>ὀρχοῆιενον</strong></span> <span class='ocrx_word' id='word_1_647' title='bbox 550 2303 557 2316; x_wconf 90' lang='grc'><strong>,</strong></span> <span class='ocrx_word' id='word_1_648' title='bbox 576 2284 624 2311; x_wconf 82' lang='grc' dir='ltr'><strong>καὶ</strong></span> <span class='ocrx_word' id='word_1_649' title='bbox 640 2285 748 2317; x_wconf 86' lang='grc' dir='ltr'><strong>πάντως</strong></span> <span class='ocrx_word' id='word_1_650' title='bbox 761 2287 856 2322; x_wconf 81' lang='grc' dir='ltr'><strong>τεθνή-</strong></span> 
     </span>
    </p>
   </div>
   <div class='ocr_carea' id='block_1_95' title="bbox 62 2326 855 2369">
    <p class='ocr_par' dir='ltr' id='par_1_95' title="bbox 62 2326 855 2369">
     <span class='ocr_line' id='line_1_95' title="bbox 62 2326 855 2369; baseline 0.009 -17"><span class='ocrx_word' id='word_1_651' title='bbox 62 2326 148 2357; x_wconf 79' lang='grc' dir='ltr'><strong>ξεται.</strong></span> <span class='ocrx_word' id='word_1_652' title='bbox 174 2327 224 2353; x_wconf 72' lang='grc' dir='ltr'><strong>ἐὰν</strong></span> <span class='ocrx_word' id='word_1_653' title='bbox 240 2327 318 2362; x_wconf 79' lang='grc' dir='ltr'><strong>ὑμεῖς</strong></span> <span class='ocrx_word' id='word_1_654' title='bbox 337 2328 368 2354; x_wconf 71' lang='grc' dir='ltr'><strong>οὐ</strong></span> <span class='ocrx_word' id='word_1_655' title='bbox 388 2329 563 2364; x_wconf 79' lang='grc' dir='ltr'><strong>λυτρώσησθε</strong></span> <span class='ocrx_word' id='word_1_656' title='bbox 576 2339 582 2346; x_wconf 88' lang='grc'>·</span> <span class='ocrx_word' id='word_1_657' title='bbox 606 2331 653 2357; x_wconf 78' lang='grc' dir='ltr'><strong>καὶ</strong></span> <span class='ocrx_word' id='word_1_658' title='bbox 675 2331 724 2366; x_wconf 81' lang='grc' dir='ltr'><strong>τὴν</strong></span> <span class='ocrx_word' id='word_1_659' title='bbox 744 2332 803 2359; x_wconf 81' lang='grc' dir='ltr'><strong>ὁδὸν</strong></span> <span class='ocrx_word' id='word_1_660' title='bbox 823 2333 855 2369; x_wconf 78' lang='grc' dir='ltr'><strong>ἢν</strong></span> 
     </span>
    </p>
   </div>
   <div class='ocr_carea' id='block_1_96' title="bbox 62 2372 855 2413">
    <p class='ocr_par' dir='ltr' id='par_1_96' title="bbox 62 2372 855 2413">
     <span class='ocr_line' id='line_1_96' title="bbox 62 2372 855 2413; baseline 0.011 -16"><span class='ocrx_word' id='word_1_661' title='bbox 62 2372 187 2407; x_wconf 71' lang='grc' dir='ltr'><strong>ἐλήλυθε,</strong></span> <span class='ocrx_word' id='word_1_662' title='bbox 206 2373 288 2400; x_wconf 80' lang='grc' dir='ltr'><strong>πάλιν</strong></span> <span class='ocrx_word' id='word_1_663' title='bbox 302 2373 356 2405; x_wconf 82' lang='grc' dir='ltr'><strong>ζῶν</strong></span> <span class='ocrx_word' id='word_1_664' title='bbox 376 2375 405 2402; x_wconf 72' lang='grc' dir='ltr'><strong>οὔ</strong></span> <span class='ocrx_word' id='word_1_665' title='bbox 428 2375 601 2410; x_wconf 78' lang='grc' dir='ltr'><strong>πορεύσεται.</strong></span> <span class='ocrx_word' id='word_1_666' title='bbox 618 2377 723 2412; x_wconf 85' lang='grc' dir='ltr'><strong>Ἥρατέ</strong></span> <span class='ocrx_word' id='word_1_667' title='bbox 741 2387 792 2413; x_wconf 90' lang='grc' dir='ltr'><strong>μου</strong></span> <span class='ocrx_word' id='word_1_668' title='bbox 808 2379 855 2406; x_wconf 83' lang='grc' dir='ltr'><strong>τοῦ</strong></span> 
     </span>
    </p>
   </div>
   <div class='ocr_carea' id='block_1_97' title="bbox 62 2418 855 2460">
    <p class='ocr_par' dir='ltr' id='par_1_97' title="bbox 62 2418 855 2460">
     <span class='ocr_line' id='line_1_97' title="bbox 62 2418 855 2460; baseline 0.011 -17"><span class='ocrx_word' id='word_1_669' title='bbox 62 2419 166 2452; x_wconf 81' lang='grc' dir='ltr'><strong>γήρους</strong></span> <span class='ocrx_word' id='word_1_670' title='bbox 182 2418 214 2445; x_wconf 82' lang='grc' dir='ltr'><strong>τὸ</strong></span> <span class='ocrx_word' id='word_1_671' title='bbox 239 2419 390 2454; x_wconf 83' lang='grc' dir='ltr'><strong>στήριγμα,</strong></span> <span class='ocrx_word' id='word_1_672' title='bbox 406 2421 456 2455; x_wconf 84' lang='grc' dir='ltr'><strong>τῆς</strong></span> <span class='ocrx_word' id='word_1_673' title='bbox 482 2421 624 2454; x_wconf 80' lang='grc' dir='ltr'><strong>ἀσθενείας</strong></span> <span class='ocrx_word' id='word_1_674' title='bbox 637 2424 687 2459; x_wconf 81' lang='grc' dir='ltr'><strong>τὴν</strong></span> <span class='ocrx_word' id='word_1_675' title='bbox 704 2424 855 2460; x_wconf 77' lang='grc' dir='ltr'><strong>βακτηρίαν</strong></span> 
     </span>
    </p>
   </div>
   <div class='ocr_carea' id='block_1_98' title="bbox 62 2463 856 2506">
    <p class='ocr_par' dir='ltr' id='par_1_98' title="bbox 62 2463 856 2506">
     <span class='ocr_line' id='line_1_98' title="bbox 62 2463 856 2506; baseline 0.01 -17"><span class='ocrx_word' id='word_1_676' title='bbox 62 2463 187 2496; x_wconf 70' lang='grc' dir='ltr'><strong>ἐλάϐετε,</strong></span> <span class='ocrx_word' id='word_1_677' title='bbox 218 2464 268 2500; x_wconf 80' lang='grc' dir='ltr'><strong>τὴν</strong></span> <span class='ocrx_word' id='word_1_678' title='bbox 299 2465 395 2496; x_wconf 76' lang='grc' dir='ltr'><strong>ἐλπίδα</strong></span> <span class='ocrx_word' id='word_1_679' title='bbox 412 2466 470 2501; x_wconf 40' lang='grc' dir='ltr'><strong>,τῆς</strong></span> <span class='ocrx_word' id='word_1_680' title='bbox 497 2467 526 2493; x_wconf 78' lang='grc' dir='ltr'><strong>ὲν</strong></span> <span class='ocrx_word' id='word_1_681' title='bbox 554 2468 676 2503; x_wconf 76' lang='grc' dir='ltr'><strong>ἐσχάτοις</strong></span> <span class='ocrx_word' id='word_1_682' title='bbox 696 2470 856 2506; x_wconf 77' lang='grc' dir='ltr'><strong>ἀναπαύλης</strong></span> 
     </span>
    </p>
   </div>
   <div class='ocr_carea' id='block_1_99' title="bbox 63 2510 856 2551">
    <p class='ocr_par' dir='ltr' id='par_1_99' title="bbox 63 2510 856 2551">
     <span class='ocr_line' id='line_1_99' title="bbox 63 2510 856 2551; baseline 0.01 -16"><span class='ocrx_word' id='word_1_683' title='bbox 63 2510 207 2543; x_wconf 80' lang='grc' dir='ltr'><strong>ἡρπάσατε</strong></span> <span class='ocrx_word' id='word_1_684' title='bbox 221 2518 228 2525; x_wconf 89' lang='grc'>·</span> <span class='ocrx_word' id='word_1_685' title='bbox 241 2510 287 2537; x_wconf 86' lang='grc' dir='ltr'><strong>τὸν</strong></span> <span class='ocrx_word' id='word_1_686' title='bbox 304 2511 416 2546; x_wconf 83' lang='grc' dir='ltr'><strong>τρέφειν</strong></span> <span class='ocrx_word' id='word_1_687' title='bbox 428 2520 462 2551; x_wconf 83' lang='grc' dir='ltr'><strong>με</strong></span> <span class='ocrx_word' id='word_1_688' title='bbox 475 2512 545 2547; x_wconf 85' lang='grc' dir='ltr'><strong>μετὰ</strong></span> <span class='ocrx_word' id='word_1_689' title='bbox 559 2514 623 2541; x_wconf 87' lang='grc' dir='ltr'><strong>Θεὸν</strong></span> <span class='ocrx_word' id='word_1_690' title='bbox 635 2515 856 2551; x_wconf 82' lang='grc' dir='ltr'><strong>προσδοκώμενον</strong></span> 
     </span>
    </p>
   </div>
   <div class='ocr_carea' id='block_1_100' title="bbox 60 2555 856 2595">
    <p class='ocr_par' dir='ltr' id='par_1_100' title="bbox 60 2555 856 2595">
     <span class='ocr_line' id='line_1_100' title="bbox 60 2555 856 2595; baseline 0.011 -15"><span class='ocrx_word' id='word_1_691' title='bbox 60 2555 144 2589; x_wconf 76' lang='grc' dir='ltr'><strong>ἔχετε</strong></span> <span class='ocrx_word' id='word_1_692' title='bbox 173 2556 204 2583; x_wconf 82' lang='grc' dir='ltr'><strong>ΕΙ</strong></span> <span class='ocrx_word' id='word_1_693' title='bbox 227 2556 294 2590; x_wconf 72' lang='grc' dir='ltr'><strong>ἐγὼ,</strong></span> <span class='ocrx_word' id='word_1_694' title='bbox 319 2557 468 2593; x_wconf 81' lang='grc' dir='ltr'><strong>μάρτυρες,</strong></span> <span class='ocrx_word' id='word_1_695' title='bbox 492 2558 619 2592; x_wconf 81' lang='grc' dir='ltr'><strong>ἐπταισα,</strong></span> <span class='ocrx_word' id='word_1_696' title='bbox 639 2560 664 2587; x_wconf 86' lang='grc' dir='ltr'><strong>τί</strong></span> <span class='ocrx_word' id='word_1_697' title='bbox 678 2568 729 2595; x_wconf 89' lang='grc' dir='ltr'><strong>μου</strong></span> <span class='ocrx_word' id='word_1_698' title='bbox 749 2561 779 2588; x_wconf 80' lang='grc' dir='ltr'><strong>τὸ</strong></span> <span class='ocrx_word' id='word_1_699' title='bbox 793 2570 856 2589; x_wconf 66' lang='grc' dir='ltr'><strong>παις</strong></span> 
     </span>
    </p>
   </div>
   <div class='ocr_carea' id='block_1_101' title="bbox 61 2599 853 2640">
    <p class='ocr_par' dir='ltr' id='par_1_101' title="bbox 61 2599 853 2640">
     <span class='ocr_line' id='line_1_101' title="bbox 61 2599 853 2640; baseline 0.008 -15"><span class='ocrx_word' id='word_1_700' title='bbox 61 2599 119 2625; x_wconf 74' lang='grc' dir='ltr'><strong>δίον</strong></span> <span class='ocrx_word' id='word_1_701' title='bbox 133 2600 264 2631; x_wconf 77' lang='grc' dir='ltr'><strong>κολάζετε</strong></span> <span class='ocrx_word' id='word_1_702' title='bbox 285 2608 293 2634; x_wconf 88' lang='lat'><strong>;</strong></span> <span class='ocrx_word' id='word_1_703' title='bbox 310 2601 334 2631; x_wconf 74' lang='lat' dir='ltr'><strong>si</strong></span> <span class='ocrx_word' id='word_1_704' title='bbox 350 2602 406 2635; x_wconf 77' lang='grc' dir='ltr'><strong>ἐγὼ</strong></span> <span class='ocrx_word' id='word_1_705' title='bbox 422 2602 557 2637; x_wconf 76' lang='grc' dir='ltr'><strong>ἥμαρτον,</strong></span> <span class='ocrx_word' id='word_1_706' title='bbox 573 2603 624 2637; x_wconf 71' lang='grc' dir='ltr'><strong>ἐμὲ</strong></span> <span class='ocrx_word' id='word_1_707' title='bbox 636 2604 830 2640; x_wconf 80' lang='grc' dir='ltr'><strong>τιμωρήσασθε</strong></span> <span class='ocrx_word' id='word_1_708' title='bbox 847 2614 853 2620; x_wconf 90' lang='grc'><strong>·</strong></span> 
     </span>
    </p>
   </div>
   <div class='ocr_carea' id='block_1_102' title="bbox 62 2644 855 2683">
    <p class='ocr_par' dir='ltr' id='par_1_102' title="bbox 62 2644 855 2683">
     <span class='ocr_line' id='line_1_102' title="bbox 62 2644 855 2683; baseline 0.009 -14"><span class='ocrx_word' id='word_1_709' title='bbox 62 2644 89 2669; x_wconf 79' lang='grc' dir='ltr'><strong>τί</strong></span> <span class='ocrx_word' id='word_1_710' title='bbox 106 2645 207 2680; x_wconf 83' lang='grc' dir='ltr'><strong>μητρὸς</strong></span> <span class='ocrx_word' id='word_1_711' title='bbox 230 2645 369 2681; x_wconf 81' lang='grc' dir='ltr'><strong>ἁμαρτίας</strong></span> <span class='ocrx_word' id='word_1_712' title='bbox 384 2646 512 2680; x_wconf 66' lang='grc' dir='ltr'><strong>ἀγνοοῦσι</strong></span> <span class='ocrx_word' id='word_1_713' title='bbox 527 2647 632 2679; x_wconf 86' lang='grc' dir='ltr'><strong>τέκνοις</strong></span> <span class='ocrx_word' id='word_1_714' title='bbox 654 2648 772 2683; x_wconf 80' lang='grc' dir='ltr'><strong>ὲπὰγετε</strong></span> <span class='ocrx_word' id='word_1_715' title='bbox 787 2658 794 2682; x_wconf 77' lang='lat'><strong>;</strong></span> <span class='ocrx_word' id='word_1_716' title='bbox 812 2649 855 2676; x_wconf 85' lang='grc' dir='ltr'><strong>διὰ</strong></span> 
     </span>
    </p>
   </div>
   <div class='ocr_carea' id='block_1_103' title="bbox 63 2688 855 2730">
    <p class='ocr_par' dir='ltr' id='par_1_103' title="bbox 63 2688 855 2730">
     <span class='ocr_line' id='line_1_103' title="bbox 63 2688 855 2730; baseline 0.008 -15"><span class='ocrx_word' id='word_1_717' title='bbox 63 2688 90 2714; x_wconf 84' lang='grc' dir='ltr'><strong>τί</strong></span> <span class='ocrx_word' id='word_1_718' title='bbox 104 2690 225 2724; x_wconf 72' lang='grc' dir='ltr'><strong>κατάρας</strong></span> <span class='ocrx_word' id='word_1_719' title='bbox 237 2691 351 2726; x_wconf 75' lang='grc' dir='ltr'><strong>νομικῆς</strong></span> <span class='ocrx_word' id='word_1_720' title='bbox 361 2692 408 2718; x_wconf 82' lang='grc' dir='ltr'><strong>καὶ</strong></span> <span class='ocrx_word' id='word_1_721' title='bbox 420 2692 569 2727; x_wconf 83' lang='grc' dir='ltr'><strong>Μωσαῖκῆς</strong></span> <span class='ocrx_word' id='word_1_722' title='bbox 581 2693 707 2728; x_wconf 83' lang='grc' dir='ltr'><strong>γίγνεσθε</strong></span> <span class='ocrx_word' id='word_1_723' title='bbox 722 2695 855 2730; x_wconf 82' lang='grc' dir='ltr'><strong>κατακρί-</strong></span> 
     </span>
    </p>
   </div>
   <div class='ocr_carea' id='block_1_104' title="bbox 65 2735 855 2775">
    <p class='ocr_par' dir='ltr' id='par_1_104' title="bbox 65 2735 855 2775">
     <span class='ocr_line' id='line_1_104' title="bbox 65 2735 855 2775; baseline 0.009 -15"><span class='ocrx_word' id='word_1_724' title='bbox 65 2742 134 2766; x_wconf 76' lang='grc' dir='ltr'><strong>σεως</strong></span> <span class='ocrx_word' id='word_1_725' title='bbox 161 2735 264 2763; x_wconf 75' lang='grc' dir='ltr'><strong>ἔκδικοι</strong></span> <span class='ocrx_word' id='word_1_726' title='bbox 281 2745 289 2768; x_wconf 82' lang='grc'><strong>;</strong></span> <span class='ocrx_word' id='word_1_727' title='bbox 310 2736 461 2773; x_wconf 74' lang='grc' dir='ltr'><strong>Ἃμαρτίας</strong></span> <span class='ocrx_word' id='word_1_728' title='bbox 476 2737 539 2773; x_wconf 84' lang='grc' dir='ltr'><strong>γὰρ,</strong></span> <span class='ocrx_word' id='word_1_729' title='bbox 551 2738 642 2774; x_wconf 69' lang='grc' dir='ltr'><strong>φησὶν,</strong></span> <span class='ocrx_word' id='word_1_730' title='bbox 656 2739 783 2775; x_wconf 79' lang='grc' dir='ltr'><strong>πατέρων</strong></span> <span class='ocrx_word' id='word_1_731' title='bbox 809 2741 855 2767; x_wconf 76' lang='grc' dir='ltr'><strong>ἐπὶ</strong></span> 
     </span>
    </p>
   </div>
   <div class='ocr_carea' id='block_1_105' title="bbox 66 2780 855 2821">
    <p class='ocr_par' dir='ltr' id='par_1_105' title="bbox 66 2780 855 2821">
     <span class='ocr_line' id='line_1_105' title="bbox 66 2780 855 2821; baseline 0.01 -16"><span class='ocrx_word' id='word_1_732' title='bbox 66 2780 158 2807; x_wconf 76' lang='grc' dir='ltr'><strong>τέκνα.</strong></span> <span class='ocrx_word' id='word_1_733' title='bbox 183 2780 254 2807; x_wconf 81' lang='grc' dir='ltr'><strong>Ἀλλ’</strong></span> <span class='ocrx_word' id='word_1_734' title='bbox 279 2782 312 2808; x_wconf 82' lang='grc' dir='ltr'><strong>ὲκ.</strong></span> <span class='ocrx_word' id='word_1_735' title='bbox 336 2782 385 2820; x_wconf 79' lang='grc' dir='ltr'><strong>τῆς</strong></span> <span class='ocrx_word' id='word_1_736' title='bbox 411 2784 534 2819; x_wconf 82' lang='grc' dir='ltr'><strong>κατάρας</strong></span> <span class='ocrx_word' id='word_1_737' title='bbox 559 2784 606 2810; x_wconf 82' lang='grc' dir='ltr'><strong>τοῦ</strong></span> <span class='ocrx_word' id='word_1_738' title='bbox 633 2785 715 2820; x_wconf 74' lang='grc' dir='ltr'><strong>νόμον</strong></span> <span class='ocrx_word' id='word_1_739' title='bbox 739 2786 855 2821; x_wconf 72' lang='grc' dir='ltr'><strong>Χριστὸς</strong></span> 
     </span>
    </p>
   </div>
   <div class='ocr_carea' id='block_1_106' title="bbox 66 2827 855 2867">
    <p class='ocr_par' dir='ltr' id='par_1_106' title="bbox 66 2827 855 2867">
     <span class='ocr_line' id='line_1_106' title="bbox 66 2827 855 2867; baseline 0.008 -14"><span class='ocrx_word' id='word_1_740' title='bbox 66 2827 140 2860; x_wconf 64' lang='grc' dir='ltr'><strong>ἡμᾶς</strong></span> <span class='ocrx_word' id='word_1_741' title='bbox 152 2827 330 2863; x_wconf 75' lang='grc' dir='ltr'><strong>ἐξηγόρασεν,</strong></span> <span class='ocrx_word' id='word_1_742' title='bbox 346 2828 415 2864; x_wconf 64' lang='grc' dir='ltr'><strong>ὑπὲρ</strong></span> <span class='ocrx_word' id='word_1_743' title='bbox 426 2829 504 2865; x_wconf 85' lang='grc' dir='ltr'><strong>ὴμῶν</strong></span> <span class='ocrx_word' id='word_1_744' title='bbox 514 2830 620 2865; x_wconf 84' lang='grc' dir='ltr'><strong>κατάρα</strong></span> <span class='ocrx_word' id='word_1_745' title='bbox 635 2831 781 2867; x_wconf 82' lang='grc' dir='ltr'><strong>γενόμενος</strong></span> <span class='ocrx_word' id='word_1_746' title='bbox 790 2841 796 2847; x_wconf 90' lang='grc'>·</span> <span class='ocrx_word' id='word_1_747' title='bbox 809 2834 855 2859; x_wconf 77' lang='grc' dir='ltr'><strong>καὶ</strong></span> 
     </span>
    </p>
   </div>
   <div class='ocr_carea' id='block_1_107' title="bbox 66 2871 855 2911">
    <p class='ocr_par' dir='ltr' id='par_1_107' title="bbox 66 2871 855 2911">
     <span class='ocr_line' id='line_1_107' title="bbox 66 2871 855 2911; baseline 0.008 -12"><span class='ocrx_word' id='word_1_748' title='bbox 66 2871 168 2908; x_wconf 60' lang='grc' dir='ltr'><strong>ταύτξν</strong></span> <span class='ocrx_word' id='word_1_749' title='bbox 194 2872 238 2899; x_wconf 79' lang='grc' dir='ltr'><strong>διὰ</strong></span> <span class='ocrx_word' id='word_1_750' title='bbox 264 2873 309 2899; x_wconf 83' lang='grc' dir='ltr'><strong>τοῦ</strong></span> <span class='ocrx_word' id='word_1_751' title='bbox 340 2875 479 2910; x_wconf 73' lang='grc' dir='ltr'><strong>προφήτου</strong></span> <span class='ocrx_word' id='word_1_752' title='bbox 502 2877 549 2911; x_wconf 78' lang='grc' dir='ltr'><strong>τὴν</strong></span> <span class='ocrx_word' id='word_1_753' title='bbox 573 2876 735 2911; x_wconf 70' lang='grc' dir='ltr'><strong>κατάκρισιν</strong></span> <span class='ocrx_word' id='word_1_754' title='bbox 760 2877 855 2905; x_wconf 78' lang='grc' dir='ltr'><strong>ἔλυσεν</strong></span> 
     </span>
    </p>
   </div>
   <div class='ocr_carea' id='block_1_108' title="bbox 908 2281 1694 2320">
    <p class='ocr_par' dir='ltr' id='par_1_108' title="bbox 908 2281 1694 2320">
     <span class='ocr_line' id='line_1_108' title="bbox 908 2281 1694 2320; baseline -0.008 -7"><span class='ocrx_word' id='word_1_755' title='bbox 908 2287 986 2314; x_wconf 82' lang='lat' dir='ltr'><strong>rulns</strong></span> <span class='ocrx_word' id='word_1_756' title='bbox 1008 2287 1053 2320; x_wconf 93' lang='lat' dir='ltr'><strong>qui</strong></span> <span class='ocrx_word' id='word_1_757' title='bbox 1079 2286 1176 2313; x_wconf 85' lang='lat' dir='ltr'><strong>ludens</strong></span> <span class='ocrx_word' id='word_1_758' title='bbox 1196 2285 1269 2313; x_wconf 87' lang='lat' dir='ltr'><strong>venit</strong></span> <span class='ocrx_word' id='word_1_759' title='bbox 1286 2289 1313 2311; x_wconf 89' lang='lat' dir='ltr'><strong>ct</strong></span> <span class='ocrx_word' id='word_1_760' title='bbox 1342 2284 1458 2314; x_wconf 76' lang='lat' dir='ltr'><strong>saltatus.</strong></span> <span class='ocrx_word' id='word_1_761' title='bbox 1488 2282 1583 2317; x_wconf 87' lang='lat' dir='ltr'><strong>procul</strong></span> <span class='ocrx_word' id='word_1_762' title='bbox 1611 2281 1694 2308; x_wconf 73' lang='lat' dir='ltr'><strong>dubio</strong></span> 
     </span>
    </p>
   </div>
   <div class='ocr_carea' id='block_1_109' title="bbox 907 2329 1695 2365">
    <p class='ocr_par' dir='ltr' id='par_1_109' title="bbox 907 2329 1695 2365">
     <span class='ocr_line' id='line_1_109' title="bbox 907 2329 1695 2365; baseline -0.008 -6"><span class='ocrx_word' id='word_1_763' title='bbox 907 2333 1050 2365; x_wconf 86' lang='lat' dir='ltr'><strong>morietur,</strong></span> <span class='ocrx_word' id='word_1_764' title='bbox 1073 2332 1126 2359; x_wconf 83' lang='lat' dir='ltr'><strong>nisi</strong></span> <span class='ocrx_word' id='word_1_765' title='bbox 1143 2339 1191 2359; x_wconf 87' lang='lat' dir='ltr'><strong>vos</strong></span> <span class='ocrx_word' id='word_1_766' title='bbox 1206 2330 1402 2362; x_wconf 82' lang='lat' dir='ltr'><strong>liberaveritis,</strong></span> <span class='ocrx_word' id='word_1_767' title='bbox 1424 2333 1450 2356; x_wconf 89' lang='lat' dir='ltr'><strong>et</strong></span> <span class='ocrx_word' id='word_1_768' title='bbox 1472 2329 1515 2356; x_wconf 86' lang='lat' dir='ltr'><strong>via</strong></span> <span class='ocrx_word' id='word_1_769' title='bbox 1537 2335 1590 2364; x_wconf 90' lang='lat' dir='ltr'><strong>qua</strong></span> <span class='ocrx_word' id='word_1_770' title='bbox 1621 2329 1695 2355; x_wconf 75' lang='lat' dir='ltr'><strong>venit</strong></span> 
     </span>
    </p>
   </div>
   <div class='ocr_carea' id='block_1_110' title="bbox 906 2371 1693 2404">
    <p class='ocr_par' dir='ltr' id='par_1_110' title="bbox 906 2371 1693 2404">
     <span class='ocr_line' id='line_1_110' title="bbox 906 2371 1693 2404; baseline -0.009 0"><span class='ocrx_word' id='word_1_771' title='bbox 906 2384 961 2404; x_wconf 88' lang='lat' dir='ltr'><strong>non</strong></span> <span class='ocrx_word' id='word_1_772' title='bbox 984 2376 1064 2403; x_wconf 83' lang='lat' dir='ltr'><strong>vivus</strong></span> <span class='ocrx_word' id='word_1_773' title='bbox 1079 2375 1175 2402; x_wconf 90' lang='lat' dir='ltr'><strong>abibit.</strong></span> <span class='ocrx_word' id='word_1_774' title='bbox 1205 2374 1322 2401; x_wconf 86' lang='lat' dir='ltr'><strong>Tulistis</strong></span> <span class='ocrx_word' id='word_1_775' title='bbox 1345 2373 1496 2401; x_wconf 87' lang='lat' dir='ltr'><strong>senectutis</strong></span> <span class='ocrx_word' id='word_1_776' title='bbox 1514 2380 1581 2400; x_wconf 70' lang='lat' dir='ltr'><strong>mete</strong></span> <span class='ocrx_word' id='word_1_777' title='bbox 1602 2371 1693 2398; x_wconf 75' lang='lat' dir='ltr'><strong>[irrua-</strong></span> 
     </span>
    </p>
   </div>
   <div class='ocr_carea' id='block_1_111' title="bbox 907 2418 1693 2454">
    <p class='ocr_par' dir='ltr' id='par_1_111' title="bbox 907 2418 1693 2454">
     <span class='ocr_line' id='line_1_111' title="bbox 907 2418 1693 2454; baseline -0.006 -6"><span class='ocrx_word' id='word_1_778' title='bbox 907 2426 1043 2454; x_wconf 86' lang='lat' dir='ltr'><strong>mentum,</strong></span> <span class='ocrx_word' id='word_1_779' title='bbox 1074 2421 1243 2449; x_wconf 83' lang='lat' dir='ltr'><strong>infirmitatis</strong></span> <span class='ocrx_word' id='word_1_780' title='bbox 1273 2420 1401 2447; x_wconf 89' lang='lat' dir='ltr'><strong>baculutn</strong></span> <span class='ocrx_word' id='word_1_781' title='bbox 1429 2418 1587 2453; x_wconf 81' lang='lat' dir='ltr'><strong>accepistis,</strong></span> <span class='ocrx_word' id='word_1_782' title='bbox 1618 2425 1693 2452; x_wconf 64' lang='lat' dir='ltr'><strong>spem</strong></span> 
     </span>
    </p>
   </div>
   <div class='ocr_carea' id='block_1_112' title="bbox 906 2465 1695 2502">
    <p class='ocr_par' dir='ltr' id='par_1_112' title="bbox 906 2465 1695 2502">
     <span class='ocr_line' id='line_1_112' title="bbox 906 2465 1695 2502; baseline -0.008 -7"><span class='ocrx_word' id='word_1_783' title='bbox 906 2468 1005 2502; x_wconf 87' lang='lat' dir='ltr'><strong>quietis</strong></span> <span class='ocrx_word' id='word_1_784' title='bbox 1019 2471 1170 2494; x_wconf 85' lang='lat' dir='ltr'><strong>extremam</strong></span> <span class='ocrx_word' id='word_1_785' title='bbox 1201 2465 1343 2500; x_wconf 85' lang='lat' dir='ltr'><strong>rapuistis,</strong></span> <span class='ocrx_word' id='word_1_786' title='bbox 1363 2469 1390 2492; x_wconf 89' lang='lat' dir='ltr'><strong>et</strong></span> <span class='ocrx_word' id='word_1_787' title='bbox 1424 2471 1486 2491; x_wconf 89' lang='lat' dir='ltr'><strong>cum</strong></span> <span class='ocrx_word' id='word_1_788' title='bbox 1515 2471 1598 2498; x_wconf 88' lang='lat' dir='ltr'><strong>quem</strong></span> <span class='ocrx_word' id='word_1_789' title='bbox 1633 2468 1695 2497; x_wconf 83' lang='lat' dir='ltr'><strong>post</strong></span> 
     </span>
    </p>
   </div>
   <div class='ocr_carea' id='block_1_113' title="bbox 907 2510 1696 2548">
    <p class='ocr_par' dir='ltr' id='par_1_113' title="bbox 907 2510 1696 2548">
     <span class='ocr_line' id='line_1_113' title="bbox 907 2510 1696 2548; baseline -0.005 -7"><span class='ocrx_word' id='word_1_790' title='bbox 907 2515 991 2542; x_wconf 86' lang='lat' dir='ltr'><strong>Deum</strong></span> <span class='ocrx_word' id='word_1_791' title='bbox 1020 2514 1125 2542; x_wconf 88' lang='lat' dir='ltr'><strong>nutrire</strong></span> <span class='ocrx_word' id='word_1_792' title='bbox 1150 2521 1192 2541; x_wconf 91' lang='lat' dir='ltr'><strong>me</strong></span> <span class='ocrx_word' id='word_1_793' title='bbox 1225 2511 1403 2548; x_wconf 81' lang='lat' dir='ltr'><strong>praestolabar</strong></span> <span class='ocrx_word' id='word_1_794' title='bbox 1436 2510 1553 2538; x_wconf 88' lang='lat' dir='ltr'><strong>habetis.</strong></span> <span class='ocrx_word' id='word_1_795' title='bbox 1587 2510 1615 2536; x_wconf 80' lang='lat' dir='ltr'><strong>Si</strong></span> <span class='ocrx_word' id='word_1_796' title='bbox 1645 2517 1696 2544; x_wconf 77' lang='lat' dir='ltr'><strong>ego</strong></span> 
     </span>
    </p>
   </div>
   <div class='ocr_carea' id='block_1_114' title="bbox 906 2555 1693 2595">
    <p class='ocr_par' dir='ltr' id='par_1_114' title="bbox 906 2555 1693 2595">
     <span class='ocr_line' id='line_1_114' title="bbox 906 2555 1693 2595; baseline -0.008 -8"><span class='ocrx_word' id='word_1_797' title='bbox 906 2565 1041 2595; x_wconf 82' lang='lat' dir='ltr'><strong>martyres</strong></span> <span class='ocrx_word' id='word_1_798' title='bbox 1054 2558 1174 2594; x_wconf 83' lang='lat' dir='ltr'><strong>culpari,</strong></span> <span class='ocrx_word' id='word_1_799' title='bbox 1195 2562 1224 2584; x_wconf 91' lang='lat' dir='ltr'><strong>ut</strong></span> <span class='ocrx_word' id='word_1_800' title='bbox 1247 2557 1311 2592; x_wconf 80' lang='lat' dir='ltr'><strong>quid</strong></span> <span class='ocrx_word' id='word_1_801' title='bbox 1329 2564 1442 2592; x_wconf 88' lang='lat' dir='ltr'><strong>puerum</strong></span> <span class='ocrx_word' id='word_1_802' title='bbox 1471 2563 1561 2582; x_wconf 85' lang='lat' dir='ltr'><strong>meum</strong></span> <span class='ocrx_word' id='word_1_803' title='bbox 1586 2555 1693 2582; x_wconf 86' lang='lat' dir='ltr'><strong>crucia-</strong></span> 
     </span>
    </p>
   </div>
   <div class='ocr_carea' id='block_1_115' title="bbox 906 2603 1695 2639">
    <p class='ocr_par' dir='ltr' id='par_1_115' title="bbox 906 2603 1695 2639">
     <span class='ocr_line' id='line_1_115' title="bbox 906 2603 1695 2639; baseline -0.008 -7"><span class='ocrx_word' id='word_1_804' title='bbox 906 2605 960 2632; x_wconf 77' lang='lat' dir='ltr'><strong>tis?</strong></span> <span class='ocrx_word' id='word_1_805' title='bbox 979 2604 1006 2631; x_wconf 90' lang='lat' dir='ltr'><strong>Si</strong></span> <span class='ocrx_word' id='word_1_806' title='bbox 1019 2613 1069 2639; x_wconf 78' lang='lat' dir='ltr'><strong>ego</strong></span> <span class='ocrx_word' id='word_1_807' title='bbox 1085 2603 1206 2639; x_wconf 81' lang='lat' dir='ltr'><strong>peccavi,</strong></span> <span class='ocrx_word' id='word_1_808' title='bbox 1223 2611 1264 2630; x_wconf 90' lang='lat' dir='ltr'><strong>me</strong></span> <span class='ocrx_word' id='word_1_809' title='bbox 1283 2603 1387 2638; x_wconf 78' lang='lat' dir='ltr'><strong>punito.</strong></span> <span class='ocrx_word' id='word_1_810' title='bbox 1405 2603 1496 2635; x_wconf 75' lang='lat' dir='ltr'><strong>Quare</strong></span> <span class='ocrx_word' id='word_1_811' title='bbox 1510 2607 1622 2637; x_wconf 84' lang='lat' dir='ltr'><strong>peccata</strong></span> <span class='ocrx_word' id='word_1_812' title='bbox 1639 2610 1695 2628; x_wconf 83' lang='lat' dir='ltr'><strong>ma-</strong></span> 
     </span>
    </p>
   </div>
   <div class='ocr_carea' id='block_1_116' title="bbox 906 2647 1694 2685">
    <p class='ocr_par' dir='ltr' id='par_1_116' title="bbox 906 2647 1694 2685">
     <span class='ocr_line' id='line_1_116' title="bbox 906 2647 1694 2685; baseline -0.006 -8"><span class='ocrx_word' id='word_1_813' title='bbox 906 2650 955 2678; x_wconf 89' lang='lat' dir='ltr'><strong>tris</strong></span> <span class='ocrx_word' id='word_1_814' title='bbox 971 2650 1160 2685; x_wconf 77' lang='lat' dir='ltr'><strong>ignOrantibus</strong></span> <span class='ocrx_word' id='word_1_815' title='bbox 1188 2649 1261 2676; x_wconf 81' lang='lat' dir='ltr'><strong>natis</strong></span> <span class='ocrx_word' id='word_1_816' title='bbox 1288 2648 1418 2676; x_wconf 78' lang='lat' dir='ltr'><strong>infertis‘!</strong></span> <span class='ocrx_word' id='word_1_817' title='bbox 1435 2655 1523 2683; x_wconf 85' lang='lat' dir='ltr'><strong>quare</strong></span> <span class='ocrx_word' id='word_1_818' title='bbox 1554 2647 1694 2674; x_wconf 84' lang='lat' dir='ltr'><strong>condem-</strong></span> 
     </span>
    </p>
   </div>
   <div class='ocr_carea' id='block_1_117' title="bbox 906 2692 1720 2731">
    <p class='ocr_par' dir='ltr' id='par_1_117' title="bbox 906 2692 1720 2731">
     <span class='ocr_line' id='line_1_117' title="bbox 906 2692 1720 2731; baseline -0.006 -8"><span class='ocrx_word' id='word_1_819' title='bbox 906 2697 1025 2724; x_wconf 81' lang='lat' dir='ltr'><strong>nationis</strong></span> <span class='ocrx_word' id='word_1_820' title='bbox 1039 2695 1136 2731; x_wconf 76' lang='lat' dir='ltr'><strong>legalis</strong></span> <span class='ocrx_word' id='word_1_821' title='bbox 1151 2699 1233 2730; x_wconf 84' lang='lat' dir='ltr'><strong>atque</strong></span> <span class='ocrx_word' id='word_1_822' title='bbox 1247 2695 1374 2722; x_wconf 68' lang='lat' dir='ltr'><strong>mosaicza</strong></span> <span class='ocrx_word' id='word_1_823' title='bbox 1399 2693 1600 2721; x_wconf 85' lang='lat' dir='ltr'><strong>maledictionis</strong></span> <span class='ocrx_word' id='word_1_824' title='bbox 1611 2692 1695 2720; x_wconf 82' lang='lat' dir='ltr'><strong>cﬂici-</strong></span> <span class='ocrx_word' id='word_1_825' title='bbox 1717 2709 1720 2717; x_wconf 85' lang='lat'><em>.</em></span> 
     </span>
    </p>
   </div>
   <div class='ocr_carea' id='block_1_118' title="bbox 907 2740 1692 2776">
    <p class='ocr_par' dir='ltr' id='par_1_118' title="bbox 907 2740 1692 2776">
     <span class='ocr_line' id='line_1_118' title="bbox 907 2740 1692 2776; baseline -0.006 -8"><span class='ocrx_word' id='word_1_826' title='bbox 907 2742 972 2768; x_wconf 91' lang='lat' dir='ltr'><strong>mini</strong></span> <span class='ocrx_word' id='word_1_827' title='bbox 992 2741 1177 2769; x_wconf 83' lang='lat' dir='ltr'><strong>defensores?</strong></span> <span class='ocrx_word' id='word_1_828' title='bbox 1201 2746 1343 2776; x_wconf 83' lang='lat' dir='ltr'><strong>peccatum</strong></span> <span class='ocrx_word' id='word_1_829' title='bbox 1366 2741 1440 2768; x_wconf 87' lang='lat' dir='ltr'><strong>enim</strong></span> <span class='ocrx_word' id='word_1_830' title='bbox 1469 2740 1557 2774; x_wconf 88' lang='lat' dir='ltr'><strong>inquit</strong></span> <span class='ocrx_word' id='word_1_831' title='bbox 1586 2742 1692 2773; x_wconf 83' lang='lat' dir='ltr'><strong>patrum</strong></span> 
     </span>
    </p>
   </div>
   <div class='ocr_carea' id='block_1_119' title="bbox 907 2784 1692 2820">
    <p class='ocr_par' dir='ltr' id='par_1_119' title="bbox 907 2784 1692 2820">
     <span class='ocr_line' id='line_1_119' title="bbox 907 2784 1692 2820; baseline -0.006 -7"><span class='ocrx_word' id='word_1_832' title='bbox 907 2787 932 2813; x_wconf 90' lang='lat' dir='ltr'><strong>in</strong></span> <span class='ocrx_word' id='word_1_833' title='bbox 950 2786 1030 2813; x_wconf 87' lang='lat' dir='ltr'><strong>filios.</strong></span> <span class='ocrx_word' id='word_1_834' title='bbox 1056 2785 1108 2813; x_wconf 84' lang='lat' dir='ltr'><strong>Sed</strong></span> <span class='ocrx_word' id='word_1_835' title='bbox 1126 2794 1157 2814; x_wconf 86' lang='lat' dir='ltr'><strong>ex</strong></span> <span class='ocrx_word' id='word_1_836' title='bbox 1177 2785 1326 2813; x_wconf 72' lang='lat' dir='ltr'><strong>maledicto</strong></span> <span class='ocrx_word' id='word_1_837' title='bbox 1339 2785 1407 2820; x_wconf 77' lang='lat' dir='ltr'><strong>legis</strong></span> <span class='ocrx_word' id='word_1_838' title='bbox 1431 2784 1561 2810; x_wconf 69' lang='lat' dir='ltr'><strong>Christus</strong></span> <span class='ocrx_word' id='word_1_839' title='bbox 1576 2790 1625 2809; x_wconf 88' lang='lat' dir='ltr'><strong>nos</strong></span> <span class='ocrx_word' id='word_1_840' title='bbox 1650 2789 1692 2808; x_wconf 87' lang='lat' dir='ltr'><strong>re-</strong></span> 
     </span>
    </p>
   </div>
   <div class='ocr_carea' id='block_1_120' title="bbox 906 2827 1692 2866">
    <p class='ocr_par' dir='ltr' id='par_1_120' title="bbox 906 2827 1692 2866">
     <span class='ocr_line' id='line_1_120' title="bbox 906 2827 1692 2866; baseline -0.01 -8"><span class='ocrx_word' id='word_1_841' title='bbox 906 2832 1002 2864; x_wconf 84' lang='lat' dir='ltr'><strong>demit,</strong></span> <span class='ocrx_word' id='word_1_842' title='bbox 1019 2839 1069 2866; x_wconf 83' lang='lat' dir='ltr'><strong>pro</strong></span> <span class='ocrx_word' id='word_1_843' title='bbox 1085 2831 1163 2858; x_wconf 87' lang='lat' dir='ltr'><strong>nobis</strong></span> <span class='ocrx_word' id='word_1_844' title='bbox 1177 2830 1340 2861; x_wconf 74' lang='lat' dir='ltr'><strong>adveniens,</strong></span> <span class='ocrx_word' id='word_1_845' title='bbox 1359 2833 1385 2856; x_wconf 83' lang='lat' dir='ltr'><strong>et</strong></span> <span class='ocrx_word' id='word_1_846' title='bbox 1402 2836 1449 2863; x_wconf 87' lang='lat' dir='ltr'><strong>per</strong></span> <span class='ocrx_word' id='word_1_847' title='bbox 1461 2827 1619 2862; x_wconf 81' lang='lat' dir='ltr'><strong>prophetam</strong></span> <span class='ocrx_word' id='word_1_848' title='bbox 1631 2833 1692 2851; x_wconf 84' lang='lat' dir='ltr'><strong>con-</strong></span> 
     </span>
    </p>
   </div>
   <div class='ocr_carea' id='block_1_121' title="bbox 906 2870 1692 2908">
    <p class='ocr_par' dir='ltr' id='par_1_121' title="bbox 906 2870 1692 2908">
     <span class='ocr_line' id='line_1_121' title="bbox 906 2870 1692 2908; baseline -0.013 -3"><span class='ocrx_word' id='word_1_849' title='bbox 906 2877 1108 2905; x_wconf 79' lang='lat' dir='ltr'><strong>demnationem</strong></span> <span class='ocrx_word' id='word_1_850' title='bbox 1139 2876 1276 2908; x_wconf 66' lang='lat' dir='ltr'><strong>dissolvit,</strong></span> <span class='ocrx_word' id='word_1_851' title='bbox 1315 2873 1458 2902; x_wconf 77' lang='lat' dir='ltr'><strong>manifeste</strong></span> <span class='ocrx_word' id='word_1_852' title='bbox 1479 2873 1592 2901; x_wconf 80' lang='lat' dir='ltr'><strong>dicens,</strong></span> <span class='ocrx_word' id='word_1_853' title='bbox 1621 2870 1692 2905; x_wconf 76' lang='lat' dir='ltr'><strong>quod</strong></span> 
     </span>
    </p>
   </div>
  </div>
