1910 3078
71 182 144 215 3549

576 186 627 217 SS.
649 187 737 217 CYRI
751 188 798 218 ET
817 186 977 218 JOANNIS
991 184 1198 219 MIRACULA.

1639 164 1709 222 3550

73 251 125 274 σιν,
137 243 197 268 νυνὶ
209 242 237 268 δὲ
254 242 321 269 Θεοῦ
337 243 429 277 χάριτι
443 243 489 270 καὶ
507 246 653 280 μαρτύρων
667 245 800 281 φωτισμῷ
817 246 865 272 καὶ

933 247 957 272 ia
972 246 1118 278 scindunt;
1139 254 1213 273 nunc
1231 251 1322 273 auteln
1336 245 1384 273 Dei
1409 251 1495 281 gratia
1509 255 1537 274 et
1559 252 1709 282 martyrum

73 288 275 324 προστάγματι,
286 289 334 315 καὶ
349 290 378 315 ὲν
396 290 452 321 τοῖς
465 289 570 324 ταύτης
583 292 660 317 παισὶ
676 291 863 325 λογιζόμενος,

73 334 121 360 καὶ
134 334 242 368 βαθμοῦ
253 334 343 369 τυχὼν
355 335 495 370 ίερατικοῦ
504 336 551 362 τοῦ
567 337 637 371 μετὰ
649 337 714 367 τοὺς
726 336 866 367 διακόνους

73 380 254 414 ὑπάρχοντος.
288 380 335 406 καὶ
361 380 527 415 λειτουργῶν
541 381 579 412 ὡς
590 381 765 412 ὐποδιάκονος
784 381 813 407 ἐν
828 380 867 415 τῷ

74 426 165 460 σεπτῷ
182 426 236 452 τῶν
253 426 338 459 ἁγίων
355 427 496 462 οἰκήματι,
512 423 606 458 Οὗτος,
618 426 655 458 ὣς
669 435 759 460 φασιν,
771 427 785 453 ὁ
801 426 866 452 Θεό-

73 471 158 506 δωρος
173 472 206 498 ὲκ
221 471 284 502 νέας
313 472 421 506 ἡλικίας
440 471 479 507 τῷ
510 472 564 498 τῶν
590 472 679 498 ποδῶν
707 472 867 507 περιπίπτει

73 517 220 552 νοσήματι,
246 517 315 552 ὅπερ
346 518 432 552 ἰατροὶ
455 517 606 551 ποδάγραν,
622 517 660 548 ὡς
673 515 759 552 οἶμαι,
777 517 867 549 καλῶς

74 563 315 597 προσηγόρευσαν,
335 563 381 589 διὰ
393 563 442 597 τὴν
465 562 512 589 τοῦ
533 563 635 594 πάθους
650 563 750 598 πολλὴν
774 563 867 598 ἀγριό-

73 615 153 641 τητα.
172 607 280 642 Ὥσπερ
305 608 359 643 γὰρ
385 608 438 634 τῶν
457 607 549 642 θηρῶν
568 607 725 643 ἀγριώτερα
744 608 867 642 φυσικῶς

73 654 103 679 sb
114 653 253 688 ἀνήμερον
276 654 372 688 ἔχοντα
400 655 457 685 τοῖς
484 654 605 689 ἡμεροῦν
637 655 776 681 ἐθέλουσίν
799 656 867 681 εἰσιν

74 700 252 725 ἀνυπζτακτα
267 699 462 726 τιθασσεύοντα
491 699 597 734 χαλινὸν
622 700 754 735 δεχόμενα
771 709 777 716 ⁸
797 700 867 726 οὕτω

75 746 122 771 καὶ
133 745 213 771 τοῦτο
227 745 257 771 τὸ
269 745 407 780 ἀνήμερον
421 746 538 780 νόσημα,
554 746 648 772 παισὶν
663 745 762 780 ιατρῶν
777 747 866 780 ὑπάρ-

75 800 123 825 χον
145 791 303 824 ἀτίθασσον,
340 792 434 825 ὑγείας
460 792 569 826 χαλινὸν
583 792 633 818 οὐκ
659 792 795 826 ἀνέχεται,
810 793 866 819 ἀλλ’

75 839 175 869 αὐτοὺς
186 839 250 869 τοὺς
271 838 509 873 προσφερομένους
523 837 596 872 αὖτῷ
611 839 669 869 τοῖς
685 838 867 874 βοηθήμασιν,

75 884 172 920 ὥσπερ
187 885 216 918 ἐξ
232 885 354 919 ἀράχνης
374 884 453 914 δντας
466 884 619 919 περικόψαν
636 884 799 919 ἀπέρχεται,
814 885 865 920 τὴν

75 930 181 957 οἰκείαν
196 930 329 958 ἀναλαῦὒν
346 929 505 965 ἀγριότητα.

111 975 208 1010 Τούτῳ
223 974 384 1010 περιπεσὼν
395 976 409 1001 ὁ
419 975 556 1010 Θεόδωρος
565 975 596 1000 ἐκ
606 975 734 1010 βραχείας
749 975 867 1010 ἡλικίας,

76 1024 114 1054 ὡς
125 1022 243 1056 ἔφημεν,
256 1020 411 1056 προκόπτον
426 1018 482 1055 εἶχε
493 1021 524 1046 τὸ
539 1020 624 1051 πάθος
639 1021 787 1055 ἀφόρητον⁸
801 1022 869 1056 ὅπερ

77 1068 148 1095 κατὰ
166 1067 222 1093 τῶν
245 1067 323 1099 ζώων
336 1067 503 1101 γεννήματα,
520 1063 568 1092 καὶ
590 1066 682 1100 φυτῶν
695 1066 742 1092 καὶ
753 1065 870 1100 δένδρων

79 1113 258 1148 βλαστήματα
271 1112 306 1138 τὰ
320 1112 369 1147 τὴν
383 1111 488 1138 οἰκείαν
499 1111 603 1146 ἀρετὴν
619 1111 668 1138 καὶ
681 1111 823 1143 εὐγένειαν
839 1111 871 1137 ἐκ

78 1159 232 1195 προοιμίων
255 1158 335 1189 εὐθὺς
361 1157 566 1192 ἐνδεικνύμενα,
598 1158 631 1192 ἢν
656 1156 728 1192 ἔχειν
757 1157 871 1190 εὐφυΐαν

79 1207 177 1233 ἔπειτα
195 1204 347 1239 μέλλουσιν,
364 1205 420 1235 τοῖς
430 1204 527 1230 εἰδόσιν
540 1203 605 1238 δρᾷν
623 1204 654 1229 ὲκ
669 1204 775 1238 μήτρας
788 1202 872 1237 αὐτῆς

79 1251 207 1286 καὶφυῆς
219 1250 476 1286 παραστράπτονταθ
492 1250 539 1276 καὶ
551 1249 616 1277 αὐτὸ
630 1249 659 1275 τὺ
674 1249 772 1275 ἑαυτοῦ
788 1249 872 1282 φανὲν

81 1297 289 1334 προσεδείκνυεν
315 1296 439 1331 μέγεθος,
452 1296 490 1327 ὡς
505 1295 606 1330 πόρους
636 1295 717 1326 εὐθὺς
742 1295 872 1325 δυσειδεῖς

80 1344 128 1370 καὶ
154 1342 356 1377 προκόπτοντας
389 1340 434 1367 ἐπί
443 1349 473 1369 τε
487 1339 576 1366 ποδῶν
589 1341 636 1366 καὶ
649 1339 749 1374 χειρῶν
770 1341 802 1374 τῇ
818 1339 873 1365 τῶν

80 1385 237 1421 ἀλγηδόνων
254 1384 405 1418 βλαστῆσαι
421 1384 583 1418 σφοδρότητι
606 1384 652 1410 καὶ
666 1385 698 1418 τῇ
716 1384 874 1419 πανομερξᾳ

80 1433 128 1460 τοῦ
144 1432 249 1468 συχνῶς
261 1440 331 1458 κατα
336 1432 478 1463 στάζοντος
493 1431 638 1466 ῥεύματος.
649 1430 875 1457 ΕἸετεπὶάττοντο

81 1480 136 1515 γὰρ
151 1478 227 1514 αὺτῴ
245 1477 313 1513 πρὸς
337 1477 420 1503 λίθων
436 1477 576 1511 ἀμορφίαν
592 1476 616 1502 οἱ
631 1476 770 1507 δάκτυλοι,
791 1476 874 1510 μήπω

82 1525 190 1556 τελείας
206 1524 334 1559 τυχόντες
349 1522 509 1557 αὐξήσεως·
527 1523 574 1548 καὶ
589 1521 644 1548 τῶν
662 1521 752 1548 ποδῶν
769 1522 793 1548 οἱ
811 1529 875 1556 ταρσ

83 1572 125 1597 σοὶ
140 1565 289 1605 ἐμιμοῦντο
303 1569 337 1596 τὰ
345 1569 394 1604 τῆς
404 1570 456 1603 γῆς
478 1568 660 1602 ἀναστήματα
670 1576 677 1583 ·
698 1567 745 1594 καὶ
758 1567 827 1602 τάχα
843 1567 876 1593 ἂν

82 1615 106 1640 nl
121 1613 202 1644 πόδες
214 1612 289 1647 αὑτῷ
303 1613 351 1638 καὶ
367 1613 415 1638 σὺν
425 1611 531 1643 τούτοις
546 1612 573 1638 αἱ
591 1612 682 1646 χεῖρες
697 1612 765 1646 πρὸς
788 1611 875 1637 ταῦτα

86 1659 246 1695 μετέϐαλον,
267 1659 316 1693 τὴν
337 1659 441 1685 οἰκείαν
472 1657 580 1692 μορφὴν
610 1657 807 1692 ἀρνησάμενοι,
829 1657 876 1683 καὶ

83 1706 114 1732 τὺ
133 1704 210 1739 σφῶν
222 1701 292 1735 εἶδος
307 1703 444 1734 παντελῶς
458 1702 651 1734 διαλλάξαντες
662 1711 670 1717 ·
689 1702 713 1728 εἰ
728 1702 765 1737 μὴ
785 1701 877 1737 Κῦρον

86 1747 164 1785 εὗρεν
173 1751 207 1784 τῇ
216 1750 286 1784 νόσῳ
301 1749 465 1784 μαχόμνον,
483 1749 529 1774 καὶ
546 1747 674 1783 Ἰωάννην
687 1747 732 1773 τὸν
746 1747 875 1782 μάρτυρα

85 1796 130 1821 τὸν
142 1794 240 1822 τούτου
259 1793 412 1828 συνόμιλον.

128 1842 243 1876 ’ἰατροῖς
273 1841 322 1876 μὲν
350 1841 403 1874 γὰρ
429 1840 525 1866 ἑαυτὸν
538 1839 568 1865 τὸ
585 1839 694 1874 πρῶτον
708 1839 856 1866 ἐκδέδωκεν
869 1846 876 1853 ·

87 1888 144 1915 ἀλλ’
168 1887 206 1918 ὡς
223 1887 277 1913 ἴδεν
293 1886 411 1921 κρατοῦν
439 1885 519 1914 αὑτὸν
531 1885 561 1912 τὸ
573 1885 747 1921 ἀρρώστημα
765 1886 812 1912 καὶ
827 1885 878 1919 τῆς

88 1932 185 1967 τέχνης
208 1931 338 1966 ἐμφανῶς
362 1930 601 1965 περιγιγνόμενον,
628 1930 693 1966 πρὶν
705 1930 722 1965 ἢ
738 1931 785 1956 καὶ
797 1930 879 1956 αὐτοῦ

88 1978 281 2013 περιγένηται,
307 1977 375 2011 πρὸς
392 1977 455 2007 τοὺς
483 1976 579 2010 ἁγίους
606 1976 756 2010 κατέφυγε,
784 1975 881 2011 μόνους

91 2026 159 2060 μετά
168 2025 247 2056 Θεὸν,
262 2025 286 2050 εἰ
297 2023 450 2058 Θελήσαιεν,
463 2022 594 2049 δύνασθαι
606 2022 781 2054 κατευνάζειν
792 2013 822 2048 τὸ
833 2022 882 2048 πάι

91 2071 134 2103 θος
149 2069 315 2107 πυθόμενος,
324 2069 432 2104 χαλινὸν
445 2068 590 2103 ὀρέγοντας
605 2067 706 2099 ἔνθεον,
720 2068 767 2094 καὶ
776 2067 807 2093 οὐ
821 2068 883 2102 βρο-

91 2117 164 2148 τείας
179 2117 212 2143 ὲκ
226 2116 324 2150 τέχνης
335 2114 491 2150 γενόμενον.
509 2113 608 2140 Ἐλθὼν
635 2112 681 2141 οὖν
695 2113 785 2140 αὑτῶν
800 2115 839 2144 εὶς
852 2114 882 2139 τὸ

92 2162 214 2196 τέμενος,
228 2159 375 2195 θεραπείας
391 2160 481 2194 τυχεῖν
496 2159 568 2193 μετὰ
583 2158 690 2186 πάντων
700 2158 838 2185 ἐδέετο.οί
855 2158 882 2184 δὲ

93 2206 279 2241 φιλάνθρωποι
304 2204 442 2239 μάρτυρες
456 2203 645 2237 παραστάντες
657 2202 731 2237 αὐτῷ
753 2202 884 2234 πολλάκις

919 291 1119 319 illuminatione
1143 297 1225 327 atque
1244 296 1391 326 praecepto,
1407 296 1434 319 et
1458 300 1519 319 cum
1544 293 1626 327 hujus
1646 294 1710 322 tiliis

918 336 1063 370 deputatus
1078 342 1217 364 sacratum
1243 337 1369 372 gradum,
1382 338 1428 372 qui
1445 343 1487 365 est
1504 343 1566 373 post
1581 339 1710 366 diaconos

918 386 1094 414 consecutus,
1109 386 1135 409 et
1152 383 1289 410 ministrat
1314 386 1342 409 ut
1367 383 1554 412 subdiaconus
1575 384 1602 411 in
1628 392 1710 411 vene-

918 428 998 455 rabili
1021 433 1179 455 sanctorum
1203 429 1372 456 habitacula.
1395 429 1443 456 llic
1470 434 1500 456 ut
1519 430 1605 458 fertur
1623 430 1712 458 Theo-

919 473 1003 501 dorus
1020 474 1054 500 ab
1071 474 1181 500 ineunte
1196 478 1275 501 aetate
1292 474 1390 508 pedum
1407 475 1564 510 languorem
1581 477 1709 508 incurrit,

919 528 999 555 quem
1013 520 1083 547 bene
1095 524 1124 546 ut
1140 527 1202 546 reor
1216 520 1314 547 medici
1329 521 1475 555 podagram
1492 522 1710 556 appellaverunt,

918 566 953 593 ob
982 565 1094 592 multam
1122 566 1229 592 scilicet
1258 565 1430 599 mgriludinis
1456 566 1602 594 feritatem.
1632 567 1711 594 Sicut

919 612 991 638 enim
1006 611 1153 638 ferociores
1175 611 1268 638 bestia:
1286 615 1382 638 natura
1401 612 1520 639 immites
1535 613 1710 644 exsistentes.

918 661 946 683 et
971 656 1013 684 his
1028 656 1074 690 qui
1089 656 1138 682 bas
1154 655 1360 683 mansuefacere
1371 656 1465 683 volunt
1478 664 1507 684 se
1520 657 1631 684 minime
1644 658 1712 686 sub-

918 702 996 733 dunt,
1005 705 1031 728 et
1040 701 1103 728 dum
1112 701 1230 735 mitigari
1240 705 1391 732 tentantur.
1401 701 1508 728 frenum
1519 709 1572 728 non
1582 703 1713 737 reeipien.

920 753 961 775 tes
977 747 1125 779 resultant;
1143 747 1177 773 ita
1197 751 1224 773 et
1241 747 1284 773 hic
1301 747 1503 774 immitissimus
1517 748 1634 782 languor
1647 757 1710 775 cum

918 794 954 820 sit
965 793 1109 828 discipulis
1119 793 1285 820 medicorum
1298 801 1411 827 prorsus
1423 793 1547 825 immitis,
1562 794 1723 822 curationis

919 841 995 867 frena
1016 847 1068 866 non
1086 839 1213 869 sustinet.
1232 840 1278 866 sed
1292 847 1355 866 cum
1372 840 1430 866 haec
1452 839 1504 866 sibi
1520 840 1601 866 allata
1618 839 1645 866 in
1666 847 1714 866 au-

921 887 1015 913 xilium
1038 885 1147 917 fuerint,
1164 885 1244 919 quasi
1272 893 1304 912 ex
1321 893 1420 912 aranea
1435 889 1564 912 contexta
1578 885 1675 913 recidit
1688 891 1715 912 et

922 931 1069 958 indomitus
1085 930 1195 961 recedit,
1209 930 1317 964 propria
1333 930 1439 957 feritate
1452 934 1604 964 resumpta.

958 976 1036 1003 lluuc
1051 984 1112 1003 Clllll
1129 976 1290 1002 incurrisset
1306 984 1319 1001 a
1337 983 1419 1009 parva
1436 980 1464 1002 ut
1481 975 1621 1002 innuimus
1635 979 1714 1002 tetate

923 1022 1096 1054 Theodorus,
1123 1029 1283 1056 processum
1308 1021 1424 1048 habebat
1443 1021 1654 1052 intolerabilem,
1668 1020 1714 1055 qui

924 1067 1075 1095 secundum
1099 1065 1259 1092 animalium
1283 1066 1422 1100 genimina
1449 1070 1477 1092 et
1507 1065 1661 1099 plantarum
1688 1068 1716 1092 ct

924 1111 1054 1138 arborum
1069 1111 1204 1146 germina,
1221 1118 1281 1144 quae
1295 1111 1433 1144 propriam
1448 1110 1577 1137 virtutem
1593 1114 1620 1136 et
1635 1109 1715 1136 nobi-

925 1157 1027 1184 litatem
1048 1164 1110 1183 mox
1128 1163 1141 1181 a
1159 1155 1302 1190 principiis
1316 1155 1457 1187 exhibent,
1470 1162 1551 1189 quam
1573 1155 1715 1182 babiturus

926 1203 1044 1230 indolem
1061 1205 1144 1233 esset,
1160 1201 1333 1236 postmodum
1349 1201 1391 1228 his
1406 1201 1450 1235 qui
1466 1200 1558 1227 videre
1574 1204 1715 1232 noverant,

925 1256 957 1274 ex
979 1248 1038 1282 ipso
1058 1251 1134 1274 utero
1146 1251 1171 1273 et
1189 1247 1330 1272 nativitate
1352 1246 1581 1280 praemonstravit.
1599 1245 1716 1279 Ipseque

926 1301 1061 1328 apparens
1082 1300 1158 1320 suam
1172 1291 1228 1326 jam
1248 1291 1464 1326 magnitudinem
1489 1291 1663 1322 ostendebat,
1680 1291 1717 1318 ita

929 1346 958 1368 ut
979 1335 1086 1368 meatus
1110 1347 1170 1367 mox
1196 1340 1259 1366 findi
1279 1343 1448 1374 rumpentes,
1469 1344 1524 1366 tam
1549 1340 1576 1366 in
1602 1338 1718 1373 pedibus

928 1395 1011 1422 quam
1029 1387 1056 1413 in
1073 1385 1199 1412 manibus
1211 1393 1243 1412 ex
1259 1385 1383 1411 dolorum
1398 1384 1563 1419 pullularent
1579 1384 1719 1411 nimietate

929 1440 1003 1459 more
1032 1432 1182 1464 imbrium,
1213 1429 1349 1458 indefesse
1378 1434 1501 1457 reumate
1528 1429 1716 1457 distillantes:

929 1477 1201 1512 trausligurabautur
1220 1476 1293 1503 enim
1309 1476 1333 1503 ei
1349 1476 1428 1511 digiti
1444 1476 1471 1502 in
1487 1475 1607 1510 lapidum
1628 1474 1719 1502 defor-

929 1524 1062 1555 mitatem,
1086 1522 1167 1549 etiam
1193 1521 1312 1548 nondum
1340 1522 1462 1556 perfecto
1484 1521 1655 1548 incremento
1676 1520 1719 1547 sui

891 1589 911 1616 ε
931 1573 1074 1604 percepto;
1095 1573 1122 1596 et
1147 1569 1246 1604 pedum
1265 1569 1374 1603 plantae,
1391 1571 1470 1594 terra:
1487 1566 1612 1594 cumulos
1630 1566 1721 1592 imita-

930 1616 1038 1642 bantur.
1056 1614 1087 1642 Et
1102 1614 1220 1642 fortasse
1233 1614 1314 1649 pedes
1329 1614 1352 1641 ei
1367 1619 1393 1640 et
1408 1620 1461 1640 una
1482 1621 1543 1640 cum
1560 1613 1603 1640 bis
1623 1619 1721 1639 manus

927 1662 960 1688 ad
974 1662 1029 1688 bzrc
1042 1662 1182 1688 trzmslalae
1206 1660 1333 1692 fuissent,
1348 1659 1434 1686 forma
1448 1658 1558 1694 propria
1577 1658 1720 1692 denegata.

928 1709 955 1732 et
977 1705 1068 1740 specie
1090 1713 1138 1732 sua
1159 1705 1269 1740 penitus
1291 1708 1471 1736 commutata,
1488 1703 1540 1731 nisi
1561 1703 1661 1738 Cyrum
1677 1703 1721 1729 in-

927 1753 1050 1779 venissrt
1074 1756 1170 1779 contra
1198 1752 1322 1778 morbum
1343 1754 1521 1786 pugnantem,
1538 1755 1564 1777 et
1586 1749 1721 1776 Joannem

930 1802 1075 1831 nmrtyrcm
1093 1797 1275 1825 sacratissimi
1292 1797 1354 1832 Cyri
1372 1797 1545 1824 consocimn.

966 1843 1032 1870 Nam
1049 1844 1136 1878 primo
1149 1842 1260 1876 quidem
1275 1850 1304 1869 se
1325 1842 1437 1869 medicis
1455 1841 1579 1872 tradidit,
1599 1840 1645 1867 sed
1660 1847 1723 1867 cum

931 1889 1046 1916 vidisset
1061 1887 1172 1922 quodet
1187 1887 1249 1914 illos
1259 1891 1415 1921 superaret.
1430 1891 1457 1914 et
1471 1891 1556 1912 artem
1575 1884 1724 1912 manifeste

931 1935 1055 1962 vinceret
1077 1935 1192 1968 languor
1206 1941 1214 1966 ;
1234 1933 1311 1968 prius
1334 1940 1415 1968 quam
1431 1937 1457 1960 et
1474 1940 1504 1959 se
1518 1939 1628 1966 quoque
1645 1930 1724 1965 peni-

931 1985 976 2009 tus
991 1981 1137 2011 obtineret.
1159 1979 1192 2006 ad
1208 1984 1319 2007 sanctos
1337 1979 1461 2014 contingit
1476 1979 1550 2006 solos
1561 1982 1623 2012 post
1639 1977 1723 2004 Deum

933 2027 955 2054 si
992 2027 1094 2054 vellent
1117 2033 1199 2060 posse
1226 2025 1384 2059 passionem
1413 2031 1591 2058 compescere
1621 2025 1725 2052 sciens.

933 2072 1056 2098 divinum
1079 2071 1250 2105 porrigentes
1274 2069 1394 2102 frenum,
1415 2074 1442 2096 et
1465 2077 1518 2096 non
1547 2069 1667 2095 humano
1692 2075 1726 2095 ex

933 2118 1050 2149 artificio
1072 2115 1186 2144 factum.
1211 2115 1278 2143 Cum
1302 2115 1336 2143 ad
1355 2116 1484 2150 templum
1516 2123 1581 2149 ergo
1597 2115 1726 2147 venisset,

934 2164 1104 2191 curationem
1120 2163 1251 2196 consequi
1267 2169 1328 2188 cum
1346 2162 1473 2188 omnibus
1492 2161 1664 2195 precabatur.
1678 2161 1728 2186 Ast

937 2207 1186 2235 miscricordissimi
1225 2211 1360 2241 martyres
1393 2207 1554 2233 assisteutes
1596 2206 1620 2232 ei
1657 2213 1727 2239 saepe

95 2252 260 2282 καθεύδοντι,
277 2252 310 2285 τῇ
326 2249 457 2286 καθολικῇ
470 2250 609 2276 κοινωνεῖν
631 2247 782 2283 Ἐκκλησία
799 2256 877 2283 προσ-

936 2252 1082 2280 dormienti
1124 2252 1266 2279 catholica:
1292 2252 1497 2278 communicare
1527 2251 1722 2285 praecipiebant

94 2299 216 2328 ἔταττον,
227 2297 263 2323 δι’
279 2297 368 2331 ὅρκων
398 2294 640 2329 ἐπαγγελλόμενοι,
663 2293 700 2324 ὡς
718 2294 742 2319 εί
759 2293 883 2328 πεισθείη

95 2345 186 2375 αὐτοῖς
202 2342 268 2377 περὶ
285 2342 404 2372 πίστεως
425 2341 508 2376 ὀρθῆς
539 2339 614 2374 αὐτῷ
641 2339 884 2374 συμϐουλεύουσιν,

95 2390 207 2425 miri-1v
231 2388 316 2424 ρὦιν
343 2388 512 2422 χαρίσονται,
541 2387 589 2413 καὶ
607 2386 712 2420 δωρεὰς
731 2385 798 2421 πρὸς
812 2385 885 2420 ζωὴν

97 2435 277 2466 συντελούσας
292 2434 341 2469 τὴν
360 2433 500 2468 παροῦσαν
519 2431 692 2468 παρέξουσιν,
712 2434 760 2459 καὶ
777 2432 885 2466 κλήρων

96 2481 241 2518 ἱερατικῶν
255 2480 416 2512 ἀξιώσουσιν
430 2487 436 2494 ·
454 2479 504 2513 τῆς
520 2478 574 2513 γὰρ
591 2477 734 2508 Ἰουλιανοῦ
751 2477 797 2504 τοῦ
813 2477 886 2503 Ἀλι-

96 2526 270 2564 καρνασσέως
287 2525 409 2560 ὑπῆρχεν
429 2523 573 2560 αἱρέσεως.
591 2524 620 2550 ’0
631 2523 659 2549 δὲ
683 2522 785 2550 τούτων
800 2523 887 2549 ἀπάν-

95 2583 147 2601 των
167 2574 219 2606 τὰς
247 2572 306 2608 μεθ’
323 2573 412 2606 ὅρκων
436 2570 602 2605 ἐπαγγελίας
623 2569 786 2604 πυθόμενος,
810 2568 885 2595 οὐδὲν

96 2617 174 2654 ἦττον
187 2617 305 2653 ἀπειθὴς
318 2617 365 2644 καὶ
380 2615 546 2651 ἀμετάθετος
560 2615 764 2651 ἔμεινεν.”0οεν
777 2615 800 2641 οἱ
817 2613 889 2649 μάρ-

96 2674 175 2701 τυρες
198 2664 237 2696 ὡς
251 2664 341 2698 λόγοις
367 2663 447 2690 αὑτὸν
464 2663 514 2688 οὐκ
534 2661 642 2688 ἔπειθον
658 2660 805 2696 χρώμενοι,
828 2662 890 2692 ταῖς

96 2713 144 2746 τῆς
161 2711 305 2742 ἀσθενείας
318 2709 464 2745 ἐπείραζον
481 2708 607 2744 μάστιξιν
621 2716 627 2722 ·
641 2707 678 2739 ὡς
689 2707 717 2733 δὲ
737 2707 798 2742 μηδ’
813 2707 886 2733 οὕτω

98 2757 142 2784 τὸν
165 2757 311 2792 ἄνθρωπον
336 2755 458 2786 ἔπεισαν,
487 2753 571 2786 δεῖξαι
602 2753 763 2784 θεσπίζουσι
782 2753 832 2788 τῆς
847 2754 884 2787 οἱ·

100 2802 173 2834 κείας
201 2801 341 2833 ἀσθενείας
365 2801 395 2827 τὸ
426 2799 552 2836 μεγέθος,
585 2799 628 2826 ἵνα
659 2799 705 2825 καὶ
732 2799 803 2825 οὕτω
831 2798 886 2824 δει-

99 2848 194 2880 Msa;
219 2848 253 2874 τὰ
285 2847 416 2884 μέλλοντα
435 2868 441 2879 ,
470 2845 608 2880 πειθήνιον
639 2844 736 2871 ἑαυτὸν
762 2845 886 2879 ἀπεργᾶμ

103 2903 182 2922 σοιτο.

937 2299 1078 2331 Ecclesiae,
1100 2298 1282 2333 jurejurando
1306 2306 1336 2325 se
1349 2298 1521 2332 pollicentes,
1536 2298 1559 2324 si
1585 2297 1636 2324 sibi
1663 2297 1728 2324 obc-

937 2346 1023 2373 disset
1047 2345 1081 2372 de
1097 2345 1148 2372 [ide
1174 2350 1248 2372 recta
1261 2344 1285 2371 ei
1311 2344 1458 2371 consilium
1484 2343 1680 2375 tribuentibus,
1702 2348 1729 2370 et

937 2390 1081 2418 sanitatem
1108 2389 1145 2416 illi
1166 2389 1327 2420 donaturos.
1345 2393 1371 2415 et
1392 2388 1557 2415 donationes
1575 2387 1636 2414 Viue
1657 2395 1727 2423 pra:-

938 2436 1024 2464 sentis
1047 2443 1184 2470 congruas
1208 2435 1389 2469 praestituros,
1406 2437 1433 2461 et
1445 2442 1506 2460 eum
1524 2434 1600 2461 clero
1617 2435 1729 2469 dignum

940 2488 1020 2509 sacro
1032 2481 1156 2508 facturos
1175 2488 1183 2513 ;
1208 2478 1309 2506 Juliani
1331 2479 1432 2514 quippe
1446 2478 1668 2506 Halicarnasseus
1677 2486 1737 2504 erat

939 2527 1086 2554 haereseos.
1102 2526 1137 2552 At
1151 2525 1196 2552 ille
1211 2525 1308 2551 borum
1323 2525 1446 2551 omnium
1466 2523 1730 2558 repromissionibus

939 2580 1002 2600 cum
1026 2572 1191 2606 iuramentis
1214 2570 1326 2601 auditis,
1346 2569 1526 2597 nihilominus
1550 2569 1730 2596 iucurvabilis

937 2622 966 2647 et
981 2617 1160 2645 immutabilis
1181 2617 1293 2644 mansit.
1316 2616 1392 2644 Unde
1417 2620 1551 2651 martyres
1566 2623 1629 2643 cum
1648 2615 1730 2642 trullis

940 2664 1116 2692 sermonibus
1157 2663 1327 2690 inﬂexissent
1349 2683 1356 2694 ,
1391 2662 1551 2689 verberibus
1591 2661 1732 2688 tentabant

941 2709 1122 2736 infirmitatis.
1136 2709 1204 2736 Cum
1224 2713 1315 2737 autem
1329 2716 1378 2735 nec
1399 2707 1439 2734 sic
1454 2708 1583 2734 fecissent
1595 2707 1729 2734 hominem

940 2756 1153 2790 conquiescere,
1178 2753 1368 2781 demonstrare
1397 2754 1549 2780 decernunt
1567 2752 1732 2779 infirmitatis

941 2802 1058 2836 propriae
1072 2800 1336 2835 magnitudincmmt
1351 2800 1389 2826 \‘cI
1407 2800 1444 2826 sic
1463 2799 1552 2826 futura
1569 2805 1729 2832 μάντεσι-πμ,

943 2853 1028 2876 sctuct
1044 2847 1184 2874 exhiberet
1200 2845 1385 2873 obedientem.
