1910 3078
185 164 254 195 3551

624 165 655 195 S.
676 166 882 197 SOPHRONII
902 167 1152 198 PATRIARCHd-I
1173 168 1371 199 IIIEROSOL.

1246 86 1260 97 θ

1742 169 1810 199 355‘!

223 219 256 245 Et
284 223 444 252 apparentes
474 217 554 244 ambo
569 225 616 252 per
640 218 726 244 visum
751 218 776 245 in
804 219 971 247 domicilium

1059 220 1114 246 Καὶ
1132 221 1261 255 φανέντες
1274 221 1313 252 είς
1327 220 1395 255 ὃναρ
1405 221 1568 256 ἀμφότεροι,
1593 222 1631 253 είς
1643 222 1674 248 τὸ
1688 223 1734 248 τοῦ
1746 224 1809 250 ναοῦ

188 264 331 299 imponunt
356 263 459 298 templi,
476 270 505 290 se
531 264 607 297 sequi
633 264 831 298 prmcipientcs,
850 269 876 291 et
893 266 970 299 juxta

189 309 371 337 summitatem
389 309 506 335 domatis
522 312 684 341 statuentes,
703 317 777 337 mare
794 311 969 346 tranquillum

190 354 290 381 factum
313 354 512 386 monstrabant,
531 359 557 380 et
584 355 606 380 si
619 354 699 388 hujus
712 359 804 389 posset
827 363 971 384 numerare

188 400 295 430 ﬂuctus,
314 398 527 433 interrogabant.
552 398 586 425 At
607 399 661 431 ille,
677 399 770 431 etiam,
794 399 876 426 nimis
894 395 977 428 facile-

188 444 371 479 respondebat
389 453 396 478 ;
421 447 448 471 et
462 448 596 479 martyres
609 452 753 472 numerare
769 445 969 480 praecipiebant.

187 490 310 524 Cumque
325 490 370 517 ille
385 496 531 517 numerare
545 489 684 524 coepisset,
700 494 726 517 et
742 499 872 518 numeros
891 492 970 519 sicuti

186 538 213 562 et
233 533 330 561 ﬂuctus
358 541 504 569 parumper
525 533 657 568 ediceret,
682 539 708 562 et
723 535 760 562 illi
777 543 792 562 e
808 539 902 563 contra
918 537 972 564 frc-

184 578 344 613 quentinres
365 579 495 612 paulatim
514 578 613 611 eﬂecti,
630 583 657 605 et
673 587 769 607 rursus
785 581 866 615 spissi
885 585 912 608 et
934 582 972 609 al-

186 623 286 651 teruati
303 623 335 650 ad
353 623 426 658 ripas
446 624 629 656 illiderentur,
648 624 822 653 Theodorum
835 627 880 661 qui
893 635 972 662 posse

187 676 217 696 se
240 677 385 696 numerare
400 669 517 700 dicebat,
541 671 727 704 potentialiter
750 673 925 706 superabant,
946 679 972 702 et

186 721 218 741 se
233 722 296 742 esse
316 719 474 749 superatum
494 715 571 742 fateri
596 716 740 751 cogebant.
762 717 812 750 Qui
840 717 970 747 ﬂuctuum

188 760 277 787 vietus
293 759 456 795 frequentia,
467 760 566 788 cadens
581 761 608 788 in
622 761 717 789 faciem
733 767 758 789 et
776 770 829 789 non
847 771 927 797 posse
944 773 972 792 se

191 805 354 838 perlubens,
370 805 564 840 indulgentiam
588 807 747 841 expetebat.
770 809 804 835 At
820 808 857 835 illi
879 814 972 837 erecto

186 855 231 879 eo,
255 848 328 876 vides
348 849 424 875 aiunt
443 849 600 884 frequentes
623 848 699 877 istos
713 855 739 878 et
759 851 971 881 innumerabiles

188 893 286 921 ﬂuctus
296 895 366 927 ‘IQui
378 896 425 925 ait.
435 895 526 927 etiam,
536 896 724 931 gloriosissimi
737 903 879 932 martyres.
896 898 973 927 Tune

188 939 284 966 iterum
296 941 383 967 sancti
392 941 503 968 dicunt:
517 941 594 969 Sicut
606 942 655 968 hos
666 942 762 969 ﬂuctus
773 951 859 977 neque
875 952 971 972 nume—

187 992 249 1012 rare
265 986 327 1019 quis
341 993 428 1020 neque
442 987 592 1019 continere,
605 986 660 1014 Deo
675 988 720 1022 qui
737 990 970 1024 crearitexcepto,

187 1034 285 1064 potest,
307 1031 347 1058 sic
373 1038 422 1058 nec
440 1031 607 1060 inﬁrmitatis
625 1036 678 1060 tua:
704 1038 834 1060 reumata.
859 1034 929 1069 Ergo
947 1036 969 1062 si

185 1075 341 1103 obaudieris
363 1083 423 1108 nos,
451 1075 483 1102 ad
510 1077 534 1103 id
557 1084 611 1110 quo
633 1078 681 1104 tibi
709 1078 806 1106 crebro
826 1080 968 1107 consilium

184 1118 291 1153 damus,
308 1123 335 1147 et
358 1120 447 1148 factus
464 1121 549 1148 fueris
565 1121 617 1149 fide
637 1123 799 1156 catholicus,
823 1129 850 1151 et
874 1133 924 1152 nos
944 1129 969 1153 te

184 1166 336 1199 audiemus,
353 1171 380 1194 et
402 1166 540 1194 Chrislnm
562 1175 612 1202 pro
636 1173 661 1195 te
679 1168 760 1195 Deum
788 1174 813 1196 ct
825 1169 967 1197 Dominum

184 1215 307 1238 nostrum
324 1213 490 1247 rogabimus,
502 1217 528 1240 et
543 1213 681 1241 credimus
693 1215 763 1248 quod
781 1216 903 1242 omnium
918 1216 966 1244 tibi

184 1257 301 1290 praebeat
321 1257 476 1285 sanitatem.
497 1257 565 1285 Nam
583 1259 719 1293 quomodo
737 1267 799 1286 eum
816 1268 865 1294 pro
878 1265 904 1287 te
918 1262 967 1288 de-

183 1302 368 1336 precabimur,
384 1306 410 1330 te
431 1307 558 1331 manente
572 1304 644 1330 circa
657 1312 708 1332 nos
723 1305 894 1334 inobediente
908 1307 920 1336 2'
932 1308 967 1335 At

183 1346 230 1373 ille
256 1346 300 1374 his
313 1350 340 1373 et
354 1347 416 1375 aliis
431 1347 556 1382 pluribus
579 1350 690 1383 auditis,
708 1358 877 1386 nequaquam
893 1362 964 1380 mnu-

184 1396 238 1419 tem
252 1392 377 1419 mutavit.

221 1479 320 1506 Verum
335 1487 396 1507 cum
412 1485 441 1508 et
460 1481 530 1508 hanc
544 1489 637 1509 eorum
653 1483 867 1512 admonitionem
887 1493 964 1521 spre-

1020 264 1157 300 δωμάτιον
1168 265 1346 299 ἀναφέρουσιν
1355 266 1511 292 ἀκολουθεῖν
1519 267 1609 297 αὐτοῖς
1621 267 1808 300 διατάξαντες.

1021 311 1069 337 καὶ
1081 311 1148 346 πρὸς
1159 311 1188 337 τὸ
1199 311 1282 346 ἄκρον
1307 312 1353 338 τοῦ
1369 312 1493 347 δώματος
1520 312 1681 347 στήσαντες,
1697 314 1746 347 τὴν
1759 314 1808 340 θά-

1020 354 1121 381 λατταν
1133 355 1306 390 γαληνιῶσαν
1324 355 1469 383 ἐδείκνυον·
1480 356 1528 382 καὶ
1539 357 1562 382 εἰ
1575 357 1686 391 μετρεῖν
1701 357 1810 384 δύναιτο

1020 399 1054 426 τὰ
1070 400 1170 435 ταύτης
1188 401 1368 427 ἐπυνθάνοντο
1389 401 1509 436 κύματα.
1522 402 1552 428 '0
1562 401 1590 428 δὲ
1604 401 1663 428 λίαν
1677 403 1809 437 εὐμαρῶς

1023 446 1133 480 μετρεῖν
1148 446 1321 480 ἀπεκρίνατο.
1353 447 1409 473 Καὶ
1429 447 1538 482 μετρεῖν
1556 447 1581 473 οί
1596 447 1735 482 μάρτυρες
1749 448 1809 474 ἕλε-

1022 498 1080 524 γον.
1093 490 1259 525 Ἀρξαμένου
1274 491 1302 518 δὲ
1322 491 1405 518 αὑτοῦ
1419 492 1468 526 τῆς
1484 492 1654 528 μετρήσεως,
1670 493 1717 519 καὶ
1744 494 1810 524 τοὺς

1021 534 1154 569 ἀριθμοὺς
1168 535 1318 570 ἀνειμένως
1334 536 1371 567 ὼς
1388 536 1421 562 τά
1435 532 1546 571 κύματα
1564 536 1690 570 λέγοντος
1704 538 1810 564 πυκνό-

1021 588 1088 613 τερα
1102 579 1188 606 ταῦτα
1205 581 1264 607 κατ’
1278 580 1368 614 ὀλίγον
1382 581 1542 615 γιγνόμενα,
1561 581 1608 608 καὶ
1622 581 1704 608 πάλιν
1723 583 1811 617 συχνά

1022 624 1069 650 καὶ
1083 619 1219 659 ἐπάλληλα
1234 626 1289 656 τοῖς
1300 625 1414 652 εἰσιοῦσι
1432 625 1647 660 προσπίπτοντα,
1657 626 1726 652 κατὰ
1742 627 1810 661 κρά-

1022 678 1066 696 τος
1077 670 1172 696 ἐνίκων
1190 670 1234 697 τὸν
1247 670 1376 697 δύνασθαι
1388 672 1497 706 μετρεῖν
1512 671 1643 706 εἰρηκότα
1660 672 1809 706 Θεόδωρον,

1023 715 1068 740 καὶ
1080 715 1128 749 τὴν
1138 713 1223 750 ἧτταν
1244 716 1383 751 ὁμολογεῖν
1399 717 1614 751 κατηνάγκαζον.
1629 717 1677 748 Ὃς
1688 717 1811 752 νικηθεὶς

1022 761 1054 794 τῇ
1068 760 1122 786 τῶν
1136 761 1266 794 κυμάτων
1287 761 1441 796 συχνὸτητι,
1470 761 1562 788 πεσὼν
1590 762 1636 788 ἐπὶ
1663 763 1810 796 πρόσωπον

1022 805 1069 830 καὶ
1076 804 1162 838 λέγων
1170 806 1352 841 μὴδύνασθαι,
1364 806 1431 841 προς
1441 806 1493 832 τῶν
1501 807 1586 836 ἁγίων
1594 806 1654 842 ῇτει
1665 808 1808 843 συγχώρη-

1024 857 1076 876 σιν.
1092 850 1123 876 Οἱ
1143 850 1170 876 δὲ
1186 850 1280 877 τοῦτον
1290 852 1454 886 ἐγείραντες,
1465 851 1557 887 Ὁρᾷς.
1570 852 1690 886 λέγουσι,
1699 853 1733 879 τὰ
1748 861 1810 879 συν-

1025 893 1074 928 εχῆ
1082 893 1169 921 ταῦτα
1183 895 1227 921 καὶ
1237 895 1378 930 ἀμέτρητα
1390 895 1518 930 stipata;
1540 897 1570 922 Ὀ
1585 896 1623 926 δὲ.
1637 897 1701 927 Ναὶ,
1713 899 1808 932 φησιν,

1024 932 1187 970 ἐνδοξότατοι
1200 939 1348 975 μάρτυρες.
1362 941 1429 967 Τότε
1453 941 1533 968 πάλιν
1543 942 1567 968 οί
1581 941 1654 976 ἀγιοι
1671 942 1807 976 λέγουσιν·

1024 983 1128 1018 Ὥσπερ
1143 985 1230 1012 ταῦτα
1243 986 1277 1012 τὰ
1294 986 1403 1021 κύματα
1427 987 1483 1013 οὔτ’
1506 988 1657 1023 ἀριθμῆσαί
1674 998 1726 1020 τις,
1744 989 1808 1016 οὒτε

1022 1031 1167 1064 κατασχεῖν
1181 1030 1245 1057 ἄνευ
1273 1030 1339 1057 Θεοῦ
1352 1031 1398 1058 τοῦ
1415 1032 1555 1063 κτίσαντος
1567 1032 1677 1060 δύναται
1691 1052 1698 1064 ,
1720 1033 1808 1064 οὕτως

1020 1071 1082 1098 οὗτε
1097 1075 1145 1108 τῆς
1161 1074 1210 1108 σῆς
1223 1074 1362 1106 ἀσθενείας
1372 1076 1405 1102 τὶ
1418 1075 1551 1111 ῥεύματα.
1563 1077 1594 1103 Et
1608 1075 1654 1104 οὖν
1664 1078 1808 1112 πεισθείης

1020 1119 1085 1153 ἡμῖν
1115 1119 1154 1151 είς
1171 1120 1184 1145 ὃ
1197 1128 1237 1151 σοι
1258 1120 1378 1155 συνεχῶς
1409 1122 1643 1157 συμϐουλεύομεν,
1669 1123 1716 1149 καὶ
1738 1124 1807 1158 γένῃ

1019 1164 1082 1198 περὶ
1096 1163 1144 1198 τὴν
1161 1165 1250 1191 πίστιν
1269 1166 1404 1200 ὁμόδοξος,
1419 1167 1464 1193 καὶ
1485 1167 1565 1202 ἡμεῖς
1581 1176 1622 1194 σοι
1639 1169 1804 1203 πειθόμεθα,

1019 1210 1065 1236 καὶ
1087 1211 1204 1244 Χριστὸν
1228 1213 1292 1247 περὶ
1316 1212 1362 1238 σοῦ
1377 1213 1421 1239 τον
1435 1212 1501 1240 Θεὸν
1513 1215 1559 1240 καὶ
1574 1215 1714 1250 Δεσπότην
1727 1216 1808 1250 ἡμῶν

1018 1255 1201 1290 ίκετεύσομεν,
1227 1258 1272 1283 καὶ
1298 1257 1462 1293 πιστεύομεν
1477 1258 1513 1290 ὡς
1535 1259 1645 1290 πάντως
1668 1260 1808 1295 παράσχοι

1016 1300 1064 1336 τὴν
1080 1301 1152 1327 1ἔασιν
1164 1310 1170 1317 ·
1191 1302 1248 1333 πῶς
1262 1303 1317 1338 γὰρ
1332 1303 1413 1329 «om
1437 1303 1501 1338 περὶ
1517 1304 1565 1330 σοῦ
1599 1302 1807 1340 λιτανεύσωμεν

1015 1344 1143 1376 ἁπειθοῦς
1163 1346 1229 1380 ἡμῖν
1251 1346 1441 1380 διαμένοντοςς
1461 1347 1489 1374 '0
1503 1347 1531 1374 δὲ
1547 1349 1597 1374 καὶ
1626 1348 1745 1375 τούτωνί
1758 1350 1808 1376 καὶ

1015 1390 1145 1417 πλειόνων
1175 1391 1262 1418 ἄλλων
1289 1392 1454 1427 πυθόμενος,
1480 1392 1606 1428 οὐδαμῶς
1628 1394 1676 1429 τὴν
1687 1393 1804 1429 γνώμην

1017 1436 1174 1471 μετέϐαλεν.
1310 1469 1319 1472 μ

1055 1482 1124 1508 ’Λλλ¹
1137 1481 1174 1513 ὡς
1185 1482 1232 1508 καὶ
1259 1482 1362 1517 ταύτην
1377 1482 1466 1510 αὐτῶν
1491 1483 1626 1518 ἀπέρριψε
1638 1483 1687 1518 τὴν
1699 1492 1775 1519 παρα
1784 1486 1808 1510 ί-

183 1524 276 1556 visset,
295 1532 347 1552 non
367 1526 423 1560 jam
444 1529 473 1553 ut
498 1527 608 1555 humani
625 1529 811 1562 cohortantes,
834 1532 881 1559 sed
895 1533 964 1560 sicut

1021 1535 1101 1558 νεσιν,
1124 1527 1215 1553 οὐκέτι
1244 1528 1443 1563 προτρέποντες
1465 1528 1504 1559 ὡς
1527 1529 1724 1563 φιλάνθρωποι,
1748 1529 1806 1556 ἀλλ’

184 1571 325 1598 inhumani
357 1572 512 1600 minitantes
538 1580 677 1608 apparent.
696 1575 760 1603 Post
776 1577 880 1612 aliquot
894 1579 966 1606 enim

183 1616 244 1644 dies
265 1617 320 1651 jam
344 1617 423 1645 dicta:
439 1618 551 1646 visionis
566 1620 665 1647 iterum
688 1622 810 1655 aspiere
834 1629 968 1659 martyres

185 1661 339 1694 videbatur,
364 1670 417 1690 non
435 1664 491 1698 jam
518 1665 624 1694 lenibus
648 1668 738 1695 verbis
758 1668 907 1701 hortantes,
920 1670 966 1697 sed

184 1707 267 1735 minis
281 1711 363 1742 atque
387 1709 540 1738 terroribus
558 1712 755 1746 praecipientes.
786 1713 874 1748 Supra
891 1715 968 1742 sedes

183 1753 254 1780 enim
271 1754 348 1788 quasi
365 1755 506 1788 sedebant,
535 1760 562 1784 et
577 1758 714 1785 exercitus
725 1765 751 1786 et
767 1759 878 1787 ordines
895 1760 969 1795 prin-

184 1799 286 1834 cipales
313 1799 468 1828 sedentibus
500 1802 554 1829 illis
582 1804 706 1831 astabant
731 1806 967 1840 :quorumatiqui

184 1848 313 1880 tanquam
327 1854 358 1873 ex
382 1847 530 1882 martyrico
553 1848 629 1876 missi
646 1849 768 1881 decreto,
788 1851 967 1885 iuspectorem

189 1890 287 1920 somnii
318 1893 586 1927 comprehenderunt
612 1893 795 1928 Theodorum,
819 1901 846 1924 et
872 1905 969 1925 manus

185 1941 334 1965 retrorsum
349 1943 496 1971 vertentes,
511 1944 537 1966 et
556 1940 656 1967 collum
681 1941 812 1969 inclinare
828 1943 853 1968 in
869 1947 968 1970 terram

184 1987 320 2017 cogentes,
344 1984 370 2010 in
388 1984 593 2011 similitudinem
606 1993 658 2020 qua
679 1994 795 2022 nequam
820 1988 968 2022 operarios,

183 2029 326 2056 carniﬁces
360 2033 478 2058 tractare
507 2031 604 2062 solent.
639 2032 778 2059 timentem
801 2040 862 2060 eum
889 2038 970 2068 atque

183 2078 345 2102 trementem
375 2075 486 2102 ductum
512 2077 538 2104 in
563 2078 682 2104 medium
708 2078 850 2112 utriusque
865 2079 970 2107 ordinis

183 2124 349 2147 statuerunt.
365 2121 432 2148 Cum
452 2126 542 2149 autem
559 2124 645 2149 sancti
664 2123 752 2150 minas
766 2123 932 2151 intentarent
944 2130 971 2152 et

182 2166 239 2193 haec
255 2169 282 2193 et
296 2166 351 2194 haec
368 2167 457 2194 facere
476 2167 519 2195 his
535 2167 580 2202 qui
595 2176 656 2195 eum
669 2168 797 2196 deorsum
811 2169 969 2197 innuentem

1020 1572 1194 1604 ἀπειλοῦντες
1215 1573 1253 1604 ὡς
1276 1573 1408 1607 ἁπότομοι
1428 1574 1581 1607 φαίνονται.
1609 1574 1677 1600 Μεθ’
1700 1575 1808 1611 ἡμέρας

1019 1618 1072 1651 γάρ
1083 1626 1157 1649 τινας
1171 1618 1219 1644 τοῦ
1235 1617 1375 1653 λεχθέντος
1397 1619 1549 1654 ὁράματος,
1574 1619 1655 1647 πάλιν
1670 1620 1736 1655 όρᾷν
1751 1620 1808 1647 ὲδόο

1020 1670 1062 1688 κει
1072 1663 1135 1693 τοὺς
1150 1662 1292 1697 μάρτυρας
1311 1663 1402 1689 οὐκέτι
1427 1663 1576 1698 προσηνέσι
1590 1663 1679 1698 λόγοις
1695 1663 1810 1699 προτρέ-

1020 1715 1129 1738 πον-τας.
1158 1707 1215 1734 ἀλλ’
1238 1707 1364 1739 ἀπειλαῖς
1386 1709 1432 1734 καὶ
1458 1709 1551 1743 φὸὃοις
1576 1709 1808 1744 προστάσσοντας.

1026 1753 1086 1779 Ἐπὶ
1099 1753 1195 1780 θώκων
1206 1754 1269 1789 γὰρ,
1281 1754 1373 1788 φησὶν,
1385 1754 1557 1786 ἐκαθέζοντο,
1571 1755 1617 1782 καὶ
1626 1755 1751 1790 στρατιαὶ
1761 1756 1809 1781 καὶ

1019 1799 1110 1832 τάξεις
1126 1800 1287 1834 ἀρχοντικαὶ
1298 1800 1463 1835 καθημένοις
1477 1801 1571 1831 αὐτοῖς
1590 1801 1806 1836 παρεστήκασιν·

1019 1841 1057 1871 ὧν
1070 1852 1142 1876 τινες
1159 1845 1196 1876 ὡς
1211 1845 1242 1871 ἐκ
1258 1844 1428 1880 μαρτυρικοῦ
1441 1844 1611 1880 πεμφθέντες
1622 1845 1809 1880 θεσπίσματος

1019 1889 1064 1916 τὸν
1076 1890 1299 1925 ὀνειροπολοῦντα
1322 1890 1451 1926 συνέσχον
1464 1891 1611 1926 Θεόδωρον,
1631 1891 1678 1917 καὶ
1692 1891 1740 1922 τὰς
1753 1892 1808 1926 χεῖ-

1022 1936 1116 1971 ραςείς
1129 1935 1252 1962 τούπίσω
1265 1936 1473 1972 συστρέψαντες,
1489 1937 1537 1963 καὶ
1547 1937 1592 1963 τον
1602 1935 1737 1971 τράχηλον
1751 1936 1810 1962 κλίδ

1020 1989 1075 2008 νειν
1090 1982 1128 2014 et;
1139 1983 1190 2017 γῆν
1209 1982 1424 2014 ἀναγκάσαντες,
1442 1982 1536 2017 ὥσπερ
1556 1982 1620 2013 τοὺς
1637 1981 1810 2016 κακούργους

1020 2027 1045 2053 οι
1069 2027 1161 2061 δήμιοι
1195 2028 1421 2063 σχηματίζουσιν,
1442 2028 1482 2059 είς
1508 2027 1590 2062 μέσον
1605 2027 1687 2054 αὑτὸν
1704 2027 1810 2054 δεδιότα

1021 2072 1068 2099 καὶ
1098 2073 1236 2107 τρέμοντα
1258 2073 1422 2108 ἀμφοτέρων
1449 2072 1504 2099 τῶν
1529 2072 1634 2106 τάξεων
1657 2072 1809 2106 ἀγαγόντες

1021 2118 1091 2152 παρέ
1095 2126 1206 2152 οτησαν.
1216 2118 1369 2145 Ἀπειλοῦσι
1380 2119 1409 2145 δὲ
1422 2119 1479 2150 τοῖς
1488 2117 1575 2152 ἁγίοις
1584 2118 1632 2145 καὶ⁵
1642 2117 1705 2145 τάδε
1720 2119 1809 2144 ποιεῖν

1021 2164 1068 2190 καὶ
1082 2163 1146 2190 τάδε
1159 2165 1214 2196 τοῖς
1224 2164 1305 2190 αὑτὸν
1316 2164 1392 2191 κάτω
1400 2163 1514 2190 νεύοντα
1529 2163 1576 2190 καὶ
1589 2163 1726 2197 κεκυφότα
1741 2171 1810 2189 κατα

181 2217 208 2239 et
222 2212 348 2239 inclinem
368 2213 507 2244 tenebant,
522 2214 544 2240 si
559 2213 612 2241 sibi
626 2214 738 2241 credere
753 2214 887 2242 noluisset
900 2222 968 2250 prae-

1021 2209 1137 2244 έχουσιν,
1158 2210 1182 2235 εί
1199 2209 1236 2244 μὴ
1251 2209 1391 2236 πιστεύειν
1406 2209 1497 2240 αὐτοῖς
1515 2208 1613 2240 ἐθέλοι,
1625 2208 1810 2243 προσ-τάττου-

181 2260 312 2294 cipereut,
337 2263 458 2287 astantes
473 2260 583 2286 ordines
606 2260 796 2294 procidebant,
816 2265 843 2286 et
855 2268 968 2296 parcere

182 2306 237 2338 irae,
253 2309 281 2333 et
295 2306 515 2340 acquiescentem
529 2313 561 2332 ex
574 2305 625 2332 hoc
639 2305 812 2333 Theodorqu
834 2307 966 2341 recipere,

181 2356 209 2378 et
234 2351 338 2379 donare
358 2351 501 2387 prieterita:
515 2351 671 2378 diﬂidentiaa
689 2351 885 2385 indulgentiam
901 2359 968 2386 sup—

181 2398 329 2431 plicabant.

215 2444 346 2471 Praeterea
371 2446 519 2477 martyres,
547 2442 643 2469 horum
667 2441 746 2477 quasi
763 2443 883 2477 suscepti
898 2443 968 2476 peti-

181 2488 313 2518 tionibus.
325 2491 353 2514 et
370 2494 465 2522 parum
482 2487 546 2522 quid
561 2487 599 2514 ira
616 2488 746 2520 cohibita,
761 2488 856 2515 tollere
866 2489 910 2515 his
921 2488 966 2522 qui

181 2535 310 2562 tenebant
337 2540 399 2561 eum
421 2533 564 2568 jusserunt
587 2537 614 2561 et
638 2535 793 2567 dimittere,
817 2535 839 2560 si
866 2539 967 2561 sauciae

180 2579 383 2608 cmmuunicare
414 2580 591 2614 polliceretur
614 2579 762 2607 Ecclesite.
793 2579 967 2607 Adducentcs

179 2633 243 2659 ergo
259 2632 320 2651 eum
333 2625 359 2651 hi
375 2625 420 2659 qui
437 2625 577 2654 tenebant,
593 2624 615 2651 si
631 2631 742 2651 causam
757 2627 894 2651 tantarum
911 2624 965 2650 sei-

180 2674 220 2697 ret
247 2669 384 2696 minarum
413 2669 628 2704 interrogabant.
652 2668 702 2702 Qui
724 2668 772 2700 ait,
792 2669 886 2701 etiam,
908 2668 966 2695 scio

178 2723 299 2742 causam.
320 2715 359 2742 illi
376 2723 449 2746 Vero,
469 2719 496 2741 et
513 2722 636 2749 quaenam
663 2718 747 2746 esset.
770 2722 868 2742 rursus
883 2714 966 2740 inter-

179 2766 350 2795 rogaverunt.
363 2762 472 2794 Astille,
485 2769 532 2796 pro
547 2769 579 2788 co
592 2761 662 2796 quod
679 2761 817 2792 accedere,
829 2759 964 2794 inquiens,

179 2807 211 2832 ad
225 2808 387 2833 catholicam
402 2807 549 2834 Ecclesiam
561 2807 655 2838 nolim,
667 2806 698 2832 ad
708 2805 864 2839 Christique
872 2813 964 2832 sacra—

180 2858 266 2878 ιιιι-ιιιπ
284 2862 342 2887 cum:
361 2854 386 2880 in
409 2861 439 2880 ra
464 2853 649 2884 celebrantur,
663 2851 844 2879 denuntiarit.
860 2850 964 2885 Ergone

1021 2263 1072 2287 σιν,
1090 2255 1118 2281 αἱ
1132 2255 1306 2290 παρεστῶσαι
1328 2255 1419 2287 τάξεις
1442 2255 1640 2290 προσέπιπτον,
1662 2254 1742 2289 λῆξαι
1757 2255 1809 2289 τῆς

1019 2300 1106 2335 ὀργῆς
1126 2300 1309 2327 ἱκετεύουσαν
1325 2301 1372 2327 καὶ
1387 2300 1547 2335 πειθόμενον
1564 2299 1618 2327 ἀπὸ
1639 2299 1687 2326 τοῦ
1702 2299 1750 2326 νῦν
1762 2300 1809 2326 τὸν

1018 2345 1156 2380 Θεόδωρον
1171 2345 1311 2378 δέξασθαι,
1329 2346 1377 2376 καὶ
1401 2345 1580 2380 δωρήσασθαι
1600 2344 1649 2381 τὴν
1667 2344 1716 2379 τῆς
1732 2353 1807 2380 παργ

1018 2389 1149 2424 ελθούσης
1162 2390 1304 2424 ἀπειθείας
1321 2390 1507 2426 συγχώρησιν,

1053 2437 1085 2464 Οἱ
1099 2436 1128 2463 δὲ
1144 2437 1293 2472 μάρτυρες,
1310 2437 1404 2472 φησιν,
1420 2436 1524 2463 τούτων
1537 2438 1586 2468 τὰς
1609 2436 1734 2471 αἰτήσεις
1751 2436 1807 2463 είσ-

1017 2483 1168 2517 δεξάμενοι,
1196 2483 1244 2510 καὶ
1270 2483 1367 2518 μικρὸν
1396 2485 1445 2518 τῆς
1470 2483 1555 2517 ὀργῆς
1582 2481 1806 2514 ὑπενὸώσαντες,

1018 2529 1137 2563 ἀπάγειν
1153 2529 1215 2561 τοὺς
1228 2528 1396 2564 κρατοῦντας
1411 2529 1569 2561 ἐκέλευσαν,
1596 2529 1643 2555 καὶ
1666 2528 1747 2556 πάλιν
1761 2528 1809 2554 αὑ-

1017 2575 1063 2602 τὸν
1077 2575 1204 2602 ἀπολύειν
1230 2576 1263 2610 τῇ
1289 2575 1354 2610 ἁγίᾳ
1378 2576 1517 2602 κοινωνεῖν
1537 2574 1684 2609 Ἐκκλησία
1711 2574 1807 2600 συνθέ-

1019 2629 1113 2656 μενον.
1122 2620 1149 2647 ’Δ
1155 2621 1288 2654 πάγοντες
1297 2620 1362 2652 γοῦν
1375 2620 1455 2647 αὑτὸν
1469 2620 1493 2646 oi
1508 2620 1678 2654 κατέχοντες,
1690 2618 1807 2654 ἠρώτων

1016 2666 1042 2692 εἰ
1055 2665 1104 2700 τῆς
1117 2666 1252 2701 τοσαύτης
1265 2666 1388 2700 ἀπειλῆς·
1397 2667 1445 2699 τὴν
1459 2666 1548 2692 αἰτίαν
1565 2665 1719 2692 ἐπίσταται.
1728 2665 1757 2691 '0
1764 2665 1804 2696 δὲ,

1017 2711 1080 2743 Ναὶ,
1092 2712 1184 2745 φησὶν,
1204 2710 1261 2738 οἶδα
1275 2712 1306 2738 τὸ
1317 2712 1412 2738 αἴτιον.
1427 2711 1457 2737 Oi
1470 2711 1508 2743 δὲ,
1524 2711 1578 2738 Καὶ
1589 2711 1613 2738 τί
1628 2710 1661 2737 ἂν
1676 2710 1736 2746 atq;
1755 2712 1809 2737 πά-

1016 2757 1058 2784 λιν
1069 2758 1224 2792 ἠρώτησαν.
1244 2758 1319 2789 Ὀδὲ,
1331 2758 1367 2784 Τὸ
1389 2757 1426 2792 μὴ
1443 2757 1531 2784 θέλειν
1547 2765 1581 2791 με
1603 2756 1762 2792 προσελθεῖν
1773 2758 1807 2791 τῇ

1017 2803 1163 2837 καθολικῇ
1178 2802 1325 2838 Ἐκκλησία
1357 2803 1403 2829 καὶ
1428 2805 1483 2834 τοῖς
1501 2804 1529 2829 ὲν
1544 2803 1612 2838 αὐτῇ
1634 2802 1807 2837 τελουμένοις

1017 2849 1135 2884 Χριστοῦ
1165 2850 1334 2884 μυστηρίοις.
1361 2849 1558 2885 προσήγγελλε.
1576 2850 1607 2876 Τί
1629 2847 1693 2882 οὗν;
1718 2857 1807 2884 προτ-
