1910 3078
69 85 129 116 3553

559 84 609 113 SS.
627 83 712 113 CYRI
731 82 777 112 ΕΤ
798 76 956 112 ,ἴΟΛΝΝΙΞ
975 81 1183 112 MIRACULA.

1617 74 1687 107 3554

69 144 137 177 ἔρχῃ,
153 142 243 176 φασὶν,
258 142 281 167 ιε
299 141 349 175 τῆς
377 140 447 166 κατὰ
476 139 521 165 σιῦ
551 139 742 173 μελετωμένης
761 138 844 172 ὀργῆς

906 137 1013 169 tccedis,
1034 138 1120 166 aiunt.
1148 137 1264 170 siquam
1292 132 1455 160 meditantur
1475 131 1542 158 iratn
1556 131 1685 157 adversus

68 187 237 220 ἀπολύσωμεν
263 195 269 217 ;
291 186 345 211 Καὶ
378 184 541 218 συνθέμενον
569 182 648 209 αὐτὸν
674 181 848 207 ἀπολύουσιν.

69 233 190 267 Στραφεὶς
206 232 234 257 δὲ
251 231 320 265 μετὰ
335 230 380 256 τὸν
405 230 522 264 διειρον,
540 227 667 263 περιδεὴς
683 227 721 253 ἑτι
739 226 785 252 καὶ
804 225 849 251 ἐν·

68 284 157 311 τρομος
171 276 205 301 τὰ
222 276 281 302 κατ’
297 275 364 310 ὄναρ
382 274 500 306 φανέντα
513 272 575 299 καθ’
589 272 684 298 ἑαυτὸν
694 271 830 304 ἐλογίζετο
840 279 847 285 “

69 319 136 344 οὕτω
161 318 189 344 δὲ
221 319 363 348 πέπειστο,
396 316 624 351 ἁλλ’-ἀμφίϐολον
658 313 731 350 εἶχεν
757 315 850 350 ἀκμὴν

68 364 112 398 τὴν
123 364 250 395 διάνοιαν,
268 364 314 390 καὶ
339 364 384 389 τὸν
395 362 526 397 λογισμὸν
543 362 607 397 τῇδε
635 362 745 388 κάκεῖσε
768 361 849 395 φερό-

70 418 151 444 μενον.

105 456 144 482 Ἐν
157 457 212 490 ὅσῳ
223 455 252 482 δὲ
277 455 311 482 τὰ
338 456 404 491 περὶ
428 455 531 482 τούτων
561 454 718 486 ἐσκέπτετο,
746 454 812 488 πρὶν
831 453 847 488 ἢ

68 501 225 536 ταλαντεύσῃ
254 501 284 526 τὸ
298 502 444 536 χρήσιμον,
458 500 505 526 καὶ
532 499 563 525 τὸ
579 500 716 535 πρακτέον
734 499 849 533 βεϐαίως

66 546 212 580 «Meleona,
226 546 307 572 πάλιν
335 546 493 580 ἀφύπνωσε,
512 546 558 572 καὶ
580 545 660 572 πάλιν
676 544 770 579 βλέπει
787 544 849 575 τοὺς

69 592 212 628 μάρτυρας,
237 593 266 618 ἐν
287 591 431 618 Ἰουλιανοῦ
444 590 491 618 τοῦ
508 591 632 617 διακόνου
656 591 705 625 θέᾳ
721 583 767 615 καὶ
782 590 849 624 σχήο

69 647 137 672 ματι,
152 638 180 669 ὃς
195 639 257 665 κατ’
273 638 361 664 ἐκεῖνο
387 636 484 672 καιροῦ
499 637 666 671 λειτουργεῖν
685 637 713 661 ὲν
737 635 776 670 τῷ
793 633 850 669 ναῷ

68 685 268 719 προκεχείρ;στο
284 703 292 715 ,
306 683 484 718 παρεστῶτας
512 682 559 709 καὶ
588 682 717 716 λέγοντας
730 689 737 696 ·
752 681 847 716 Δεῦρο,

66 731 128 764 πρὸς
142 731 172 756 τὸ
187 731 281 764 μνῆμα
296 729 350 755 τῶν
359 728 444 762 ἁγίων
458 727 579 759 ἐλθόντες
591 727 743 761 εὐξώμεθα.
755 726 848 753 Ταῦτα

65 774 89 800 δὲ
121 774 185 808 πρὸς
209 774 290 800 αὐτὸν
317 773 481 807 διελέγοντο,
509 770 702 808 δοκιμάζοντες
724 772 805 799 αὑτὸν
824 773 848 798 εί

902 186 928 209 te
954 182 1132 209 rclaxamus?
1158 182 1189 207 Lt
1211 179 1392 214 spondentem
1418 177 1493 204 illum
1513 175 1687 203 dimiserunt.

900 227 1057 254 Conversus
1074 231 1165 253 autem
1180 230 1242 261 post
1266 225 1414 255 somnium,
1440 229 1543 258 pavens
1557 221 1647 248 adhuc
1661 227 1689 248 et

901 277 1031 304 tremens,
1049 279 1110 306 qua:
1136 271 1186 298 sibi
1204 274 1388 305 apparuerant
1401 270 1427 295 in
1447 269 1505 295 visu
1527 274 1619 294 secum
1635 272 1688 293 tra-

900 318 992 344 ctabat
1008 326 1015 350 ;
1043 316 1165 344 nondutu
1181 321 1272 342 tamen
1291 315 1431 345 credebat,
1448 313 1495 340 sed
1509 312 1623 339 dubium
1640 310 1688 338 ad-

901 362 954 389 httc
967 363 1088 389 animum
1100 361 1269 396 possidebat,
1287 364 1313 388 et
1335 360 1528 395 cogitationem
1543 358 1596 384 huc
1609 357 1689 384 illuc-

899 416 953 443 que
968 407 1083 435 ferebat.

936 452 1021 479 Porro
1054 452 1120 479 dum
1151 452 1186 479 de
1216 452 1260 479 his
1290 450 1500 482 consideraret,
1527 448 1688 484 priusquam

900 498 1090 533 perpendisset
1105 498 1178 532 qttod
1194 502 1267 525 esset
1284 498 1389 529 utilius,
1401 500 1428 523 et
1441 495 1506 530 quid
1521 496 1590 522 foret
1605 502 1689 529 agen-

900 545 964 571 dum
993 545 1170 577 decerneret,
1199 545 1298 572 iterum
1323 544 1499 576 obdormivit,
1530 547 1558 569 et
1591 542 1689 568 iterum

901 595 1035 625 martyres
1047 590 1155 624 aspicit,
1168 591 1194 616 in
1206 589 1299 616 habitu
1312 593 1338 616 et
1354 588 1554 623 specieluliani
1569 587 1689 619 diaconi,

899 635 946 669 qni
973 642 1022 669 per
1038 635 1108 662 idem
1132 639 1242 669 tempus
1265 633 1298 660 ad
1320 634 1525 668 obsequendum
1546 632 1573 659 in
1588 633 1692 669 templo

901 681 1021 715 ipsorum
1038 686 1183 715 provectus
1196 681 1349 711 exstiterat,
1365 684 1487 706 astantes
1501 684 1582 714 atque
1596 679 1692 705 dicen-

900 731 940 754 tes
958 736 964 754 :
990 726 1056 754 Heia
1071 727 1103 754 ad
1122 727 1280 754 memoriam
1301 730 1459 753 sanctorum
1476 725 1617 752 venientes
1631 731 1692 751 ore-

901 779 971 798 mus.
1004 773 1065 799 Hac
1095 779 1161 798 vero
1185 772 1218 798 ad
1242 779 1303 798 eum
1328 770 1519 806 disputabant,
1545 770 1692 805 probantes

67 820 198 854 μετέθετο,
214 821 261 847 καὶ
290 820 427 856 πειθήνιος
441 820 534 850 αὐτοῖς
550 819 620 854 μετά
642 819 769 852 τοιαύτην
787 819 847 853 δψιν

906 817 988 848 illum.
1004 817 1028 844 si
1044 821 1163 844 mutatus
1180 820 1261 848 esset,
1275 821 1302 843 et
1321 817 1451 844 obediens
1464 816 1516 844 sibi
1533 820 1593 851 post
1607 816 1690 843 talem

65 866 199 900 γεγένητο.
231 865 340 900 Ἀμέλει
372 864 434 899 γοῦν
454 865 499 891 ὲπί
525 865 574 900 τὴν
590 865 668 899 σορὸν
692 864 782 890 αὐτῶν
798 865 848 899 τὴν

65 911 151 946 τιμίαν
167 911 320 946 ἐρχόμενοι,
334 911 381 937 καὶ
410 911 460 937 σὺν
477 911 571 942 αὐτοῖς
593 909 790 943 ἀκολουθοῦντα
803 909 848 936 τὸν

67 957 198 991 θεόδωρον
214 956 334 992 ἔχοντες,
348 956 402 991 πρὸ
427 955 475 982 τοῦ
496 947 677 990 φωτιστηρίου
695 955 847 990 γενόμενοι,

64 1003 123 1029 ἔνθα
144 1003 264 1035 {too-noxi
280 1002 399 1037 Χριστοῦ
424 1003 514 1028 κεῖται
537 1001 686 1037 μυστήρια,
717 1001 848 1028 εἰσελθεῖν

63 1049 141 1075 αὑτὸν
157 1049 203 1074 καὶ
221 1047 382 1082 μεταλαϐεῖν
397 1046 608 1083 προετρέποντο,
619 1046 728 1073 Εῐσελθε
737 1067 744 1079 ,
756 1046 849 1080 λέγον-

63 1102 115 1125 τες,
128 1094 175 1119 σὺν
199 1093 265 1127 ἡμῖν
287 1093 335 1119 καὶ
356 1092 410 1118 τῶν
436 1092 522 1126 ἁγίων
547 1091 666 1127 Χριστοῦ
691 1092 849 1127 μυστηρίων

66 1138 207 1174 μετάλαϐε.
225 1138 255 1165 '0
273 1138 312 1169 δὲ,
329 1137 379 1170 Οὐ,
393 1138 543 1173 φησὶν,οὺκ
558 1137 716 1172 εἰσέρχομαι
731 1146 738 1154 ·
753 1138 850 1172 ἑτέρας

63 1186 115 1220 γὰρ
127 1184 182 1218 ἐγὼ
198 1184 276 1218 δόξης
305 1183 474 1218 καθέστηκα,
491 1183 537 1209 καὶ
559 1183 590 1209 οὺ
605 1182 653 1209 τοῦ
667 1182 717 1217 τῆς
736 1182 851 1217 Ἐκκλη-

63 1231 121 1262 σίας
136 1230 315 1265 κηρύγματος
326 1237 333 1244 ·
347 1229 490 1265 προσδοκῶ
511 1229 540 1255 δὲ
560 1229 680 1264 σήμερον
690 1229 739 1264 τὴν
753 1229 850 1264 γεννή-

63 1285 156 1308 cum,
171 1278 206 1302 τὰ
231 1277 280 1311 τῆς
309 1275 488 1310 μεταλήψεώς
512 1284 557 1310 μοι
572 1275 647 1310 δῶρα
662 1275 848 1310 κομίζουσαν.

68 1323 136 1349 Ἆλλ*
151 1322 232 1348 ἔασόν
243 1330 277 1356 με
293 1322 372 1352 τέως,
383 1321 451 1356 πρὸς
462 1321 507 1346 τὸν
521 1321 602 1346 αὑτὸν
609 1321 731 1347 διάκονον
746 1320 849 1354 ἔλεγεν,

62 1369 133 1399 ὁπως
149 1369 178 1394 ἐν
191 1368 246 1402 ὅσῳ
275 1367 309 1393 τὰ
334 1367 380 1392 τοῦ
396 1367 538 1402 μνήματος
550 1366 684 1401 ἠνέῳκται
704 1366 850 1399 κάνκελλα,

61 1413 189 1440 εἰσελθὼν
204 1413 234 1439 τὸ
248 1413 299 1447 τῆς
324 1412 459 1447 κανδήλας
482 1412 572 1438 ἔλαιον
602 1411 734 1447 δέξωμαι.
752 1412 850 1438 Πολλοὶ

61 1461 113 1495 γὰρ
123 1459 204 1486 τοῦτο
218 1458 272 1484 τῶν
289 1459 320 1484 οὺ
335 1457 503 1484 κοινωνικῶν
526 1457 749 1492 διαπράττονται,
772 1458 801 1484 ὲν
816 1459 849 1493 τῇ

61 1506 113 1532 τῶν
126 1506 213 1538 ἁγίων
232 1504 350 1539 κανδήλα
365 1503 508 1538 καιόμενον
527 1503 626 1535 ἔλαιον,
643 1504 702 1530 ἀντὶ
725 1503 850 1537 σώματος

62 1552 140 1585 ἁγίου
151 1551 200 1576 καὶ
217 1550 333 1584 αἵματος
357 1548 477 1584 Χριστοῦ
502 1547 550 1574 τοῦ
564 1547 673 1574 πάντων
690 1547 768 1582 ἡμῶν
782 1547 850 1574 θεοῦ

61 1597 106 1623 καὶ
128 1596 256 1629 Σωτῆρος
278 1594 418 1629 δεχόμενοι
433 1593 489 1628 (22)
504 1601 510 1608 ·
522 1593 583 1628 μηδ’
595 1593 609 1620 ὃ
625 1593 802 1628 πράττουσιν,
814 1594 852 1625 ὼς

61 1641 150 1677 οἶμαι,
163 1641 356 1676 γινώσκοντες,
372 1641 440 1675 μήτε
451 1640 480 1666 τὸ
495 1640 544 1674 τῆς
558 1639 660 1674 βλάόης
675 1640 852 1674 ἐπιστάμενοι

63 1687 190 1722 μέγεθος.

99 1733 237 1767 Ἦγιάσοη
249 1731 297 1767 μὲν
312 1731 377 1766 γὰρ,
392 1731 464 1765 λέγω
475 1730 617 1766 κὰγὼ,[τὸ]
628 1731 676 1764 τῆς
700 1730 753 1757 τῶν
769 1730 866 1766 ἁγίων.

63 1779 200 1814 κανδήλας
215 1778 315 1809 ἔλαιον,
332 1777 399 1804 ἀλλὰ
409 1776 435 1802 τί
450 1776 528 1802 τοῦτο
537 1776 605 1811 πρὸς
617 1776 662 1802 τὸν
681 1776 744 1807 τοὺς
759 1776 854 1809 ἁγίους

63 1824 161 1854 αὖτοὺς
177 1823 324 1856 ἁγιάζοντα
340 1830 348 1854 ;
366 1821 420 1846 Καὶ
437 1820 551 1854 δύναμιν
567 1820 632 1846 αὐτὸ
646 1819 718 1846 κατὰ
733 1819 855 1854 νοσημά-

62 1878 114 1895 των
134 1869 209 1903 ἔχειν
232 1866 364 1902 τιθέμεθα
380 1866 448 1901 (25),
464 1866 533 1892 ἀλλὰ
547 1866 573 1892 τί
595 1866 663 1900 πρὸς
678 1866 795 1901 Χριστὸν
808 1865 853 1893 τοῦ

63 1914 129 1941 Θεοῦ
141 1914 239 1947 σοφίαν
254 1913 318 1939 ὖντα
329 1913 374 1939 καὶ
388 1912 514 1946 δύναμιν,
531 1912 576 1937 τὸν
593 1911 638 1937 καὶ
656 1912 791 1946 μάρτυσιν
805 1912 854 1937 αὺ-

64 1962 117 1992 τοῖς
128 1959 290 1995 χαρίσματα
319 1958 460 1992 δυνάμεων
475 1957 591 1991 νέμοντα
604 1965 610 1988 ;
626 1957 705 1990 Λέγω
725 1957 753 1983 δὲ
773 1957 855 1992 τιμῆς

64 2006 136 2038 ἀξιον
142 2005 182 2036 ὡς
190 2004 284 2031 ἐπάνω
293 2004 340 2037 τῆς
350 2002 438 2038 θήκης
451 2003 606 2036 καιόμενον,
619 2001 682 2028 ἁλλὰ
693 2002 718 2028 τί
731 2003 799 2038 πρὸς
810 2003 855 2028 τὸν

64 2052 106 2077 ἐπὶ
119 2050 176 2077 τῶν
201 2049 342 2084 Χερουόὶμ
356 2048 557 2083 καθεζόμενονς
580 2048 627 2074 καὶ
641 2048 668 2073 τί
684 2048 713 2074 τὸ
728 2048 777 2081 τῆς
789 2056 856 2074 κανη

62 2096 142 2131 εήλας
154 2095 244 2121 ἔλαιον
254 2094 308 2121 τῶν
320 2093 403 2127 ἁγίων
418 2093 655 2128 παραφερόμενον,
665 2091 681 2127 ἦ
690 2092 753 2123 τοὺς
762 2092 856 2126 ἁγίους

904 863 1035 890 visionem
1050 863 1205 890 exsisteret.
1229 863 1351 897 Denique
1373 863 1406 890 ad
1433 863 1582 897 pretiosum
1597 869 1691 889 eorum

903 910 1038 935 tumulum
1064 910 1268 940 convenientes,
1295 913 1322 936 et
1337 913 1495 944 sequentem
1517 908 1692 936 Theodorum

903 963 995 983 secum
1024 957 1164 985 habentes.
1194 964 1256 984 cum
1282 960 1346 984 ante
1371 955 1597 983 illuminatorium
1627 955 1692 984 facti

904 1002 1033 1035 inissent,
1061 1002 1105 1029 ubi
1129 1002 1233 1030 rivilica
1246 1002 1348 1030 Christi
1362 1002 1450 1037 posita
1474 1006 1538 1029 sunt
1550 1003 1691 1037 mysteria,

903 1049 1017 1077 introire
1035 1049 1106 1076 llllllc
1121 1053 1148 1076 et
1164 1048 1369 1076 communicare
1392 1049 1609 1076 adhortabantur
1623 1059 1630 1076 :
1648 1050 1693 1076 ln-

903 1095 1027 1130 gredere,
1042 1095 1176 1126 dicentes,
1190 1095 1340 1126 nobiscum,
1356 1098 1382 1122 et
1400 1098 1497 1121 sancta
1511 1094 1615 1122 Christi
1635 1102 1694 1129 my-

903 1142 985 1168 steria
1009 1142 1127 1176 percipe.
1148 1141 1183 1168 At
1202 1140 1359 1172 illc:Non,
1384 1141 1481 1175 inquit,
1505 1148 1558 1167 non
1581 1148 1694 1175 prorsus

904 1187 1043 1221 ingredior
1060 1195 1067 1220 ;
1086 1187 1200 1214 alterius
1216 1187 1288 1214 enim
1303 1194 1353 1222 ego
1372 1186 1511 1221 opinionis
1535 1188 1650 1217 exsisto.
1666 1191 1694 1213 et

904 1240 958 1259 non
973 1233 1176 1268 praedicationis
1194 1233 1342 1266 Ecclesim;
1361 1237 1490 1267 exspecto
1508 1237 1599 1260 autem
1613 1233 1693 1260 hodie

904 1279 1077 1314 genitricem,
1090 1279 1293 1306 communionis
1304 1279 1370 1306 mihi
1383 1286 1497 1307 tnunera
1513 1278 1692 1306 deferentem.

905 1325 957 1354 Sed
974 1326 1082 1354 dimitte
1105 1334 1148 1353 me
1164 1326 1284 1356 interim,
1302 1325 1334 1352 ad
1355 1325 1481 1353 eumdem
1508 1325 1617 1353 dicebat
1636 1325 1695 1352 dia-

905 1380 1015 1404 conum,
1040 1376 1068 1399 ut
1087 1373 1150 1407 quia
1176 1373 1346 1399 monumenti
1371 1371 1488 1399 cancelli
1509 1372 1596 1406 aperti
1619 1377 1693 1405 sunt,

905 1418 1046 1452 ingressus
1065 1418 1154 1445 oleum
1173 1418 1293 1444 candela:
1309 1417 1468 1452 suSvipiam.
1484 1417 1561 1444 Multi
1574 1417 1647 1445 enim
1660 1426 1694 1445 ex

907 1463 949 1491 his
966 1465 1012 1498 qui
1026 1472 1079 1491 non
1097 1464 1311 1493 communicant.
1336 1463 1362 1490 id
1381 1468 1462 1497 agunt
1479 1473 1487 1497 ;
1503 1464 1606 1497 oleum,
1621 1463 1694 1498 quod

903 1517 931 1543 in
957 1515 1115 1536 sanctorum
1134 1509 1211 1536 ardet
1241 1509 1366 1542 candela,
1389 1517 1440 1544 pro
1456 1517 1573 1544 corpore
1598 1516 1695 1538 sancto

901 1557 929 1581 et
960 1554 1094 1589 sanguine
1116 1554 1217 1581 Christi
1233 1556 1354 1581 omnium
1383 1559 1506 1582 nostrum
1531 1554 1577 1581 Dei
1589 1561 1616 1581 et
1633 1554 1694 1581 Sal-

903 1600 1006 1626 vatoris
1017 1604 1265 1634 sumcntes,neque
1274 1599 1346 1634 quod
1356 1604 1440 1634 agunt
1453 1604 1480 1626 ut
1493 1606 1555 1626 reor
1563 1599 1694 1631 scientes.

904 1652 993 1678 neque
1009 1644 1130 1672 lu‘sionis
1145 1644 1361 1682 magnitudinem
1375 1648 1583 1679 cognoscentes.

940 1730 1045 1758 Etenim
1072 1723 1273 1758 sanctificatum
1292 1730 1402 1765 quidem
1419 1737 1490 1760 esse.
1506 1730 1570 1757 dico
1583 1736 1609 1757 et
1626 1738 1688 1765 ego,

905 1781 1063 1804 sanctorum
1090 1776 1210 1804 candela:
1234 1777 1346 1809 oleum;
1375 1777 1420 1803 sed
1442 1775 1508 1810 quid
1526 1781 1567 1804 est
1585 1777 1646 1808 hoc,
1661 1777 1695 1804 ad

905 1823 1136 1857 comparationem
1164 1822 1224 1856 ejus
1237 1823 1282 1856 qui
1303 1822 1376 1856 ipsos
1392 1826 1502 1848 sanctos
1516 1821 1667 1849 sanctiﬁcat
1685 1822 1698 1848 τ

906 1868 939 1895 Ει
954 1869 1079 1895 virtutem
1098 1868 1123 1894 id
1142 1872 1236 1894 contra
1254 1868 1401 1900 languores
1418 1867 1518 1894 habere
1535 1868 1668 1894 conﬁteor
1686 1876 1694 1901 ;

906 1913 952 1941 sed
969 1912 1034 1947 quid
1048 1912 1082 1939 ad
1106 1912 1280 1940 collationem
1294 1912 1408 1943 Christi,
1423 1912 1469 1947 qui
1485 1917 1527 1940 est
1545 1912 1591 1940 Dei
1605 1914 1692 1940 virtus

906 1964 932 1985 et
959 1957 1092 1992 sapientia
1107 1958 1120 1984 ’ί
1145 1957 1191 1992 qui
1210 1961 1236 1984 et
1256 1957 1323 1992 ipsis
1334 1965 1443 1992 quoque
1453 1957 1620 1991 martyribus
1634 1958 1691 1984 vir-

908 2008 995 2031 tutum
1018 2002 1184 2030 charismata
1208 2002 1315 2030 tribuit.
1338 2003 1403 2030 Dico
1415 2009 1504 2030 antem
1527 2008 1555 2030 et
1571 2003 1696 2038 quodest

908 2049 1013 2076 honore
1037 2048 1161 2083 dignum.
1184 2052 1314 2082 tanquam
1334 2048 1359 2075 id
1386 2048 1459 2083 quod
1475 2056 1558 2083 supra
1576 2048 1696 2076 loculum

909 2094 1010 2126 ardet;
1037 2093 1084 2121 sed
1107 2093 1172 2128 quid
1198 2093 1231 2119 ad
1261 2093 1443 2127 equalitatem
1462 2093 1531 2128 ejus,
1552 2094 1598 2129 qui
1622 2094 1698 2122 sedet

63 2141 160 2172 αὐτοὺς
184 2140 248 2170 τοὺς
264 2138 318 2174 [τὸ]
333 2138 383 2172 τῆς
408 2137 543 2172 κανδήλας
562 2136 724 2170 ἁγιάζοντας
749 2136 851 2168 ἐλαιον;

909 2147 991 2174 super
1007 2139 1155 2184 Cherubin:
1177 2139 1188 2166 ?
1202 2137 1233 2165 Et
1246 2139 1311 2174 quid
1330 2139 1451 2166 candelae
1466 2145 1623 2166 sanctorum
1634 2139 1700 2166 atte-

64 2186 118 2212 Πᾶν
134 2186 190 2221 γὰρ
203 2185 273 2219 ὅπερ
292 2183 421 2218 κτίσματι
432 2182 571 2214 τέτακται,
586 2182 617 2208 οὺ
632 2182 712 2216 μόνον
724 2182 855 2215 ἐπίγειον,

64 2233 128 2259 ἀλλὰ
143 2233 177 2268 δὴ
199 2231 246 2258 καὶ
262 2231 397 2266 οὐράνιον,
415 2231 470 2257 εἴτε
486 2228 659 2264 Θρόνοι,εἵτε
676 2228 773 2263 Ἀρχαὶ
785 2249 791 2260 ,
803 2228 857 2253 εἴτε

69 2277 216 2310 Ἐξουσίαι,
231 2277 286 2303 εἴτε
301 2277 479 2311 Κυριὸτητες.
492 2276 546 2301 εἶτε
558 2275 691 2308 Δυνάμεις
703 2272 856 2307 ἀγγελικαὶ,

65 2322 108 2347 καὶ
126 2321 204 2356 παρὰ
222 2320 325 2351 ταύτας
339 2320 442 2354 ἕτεραι,
458 2320 512 2345 εἴτε
529 2318 597 2345 αὐτὰ
609 2318 749 2353 Χερουϐὶμ
763 2318 810 2344 καὶ
823 2318 855 2344 τὰ

66 2366 190 2402 Σίραφὶμ
217 2367 251 2392 τὰ
274 2366 455 2400 πολυόμματα
471 2364 535 2395 ζῶα
552 2364 599 2391 καὶ
618 2364 803 2398 ἑξαπτέρυγα,
820 2363 854 2389 τὰ

65 2413 114 2438 τῶν
143 2411 253 2438 πολλῶν
283 2411 440 2446 κτισμάτων
462 2411 528 2437 πολὺ
553 2409 713 2445 τιμιώτερα,
741 2409 787 2436 καὶ¹
811 2409 855 2436 διὰ

63 2457 141 2485 τοῦτο
155 2457 224 2484 Θεὸν
239 2456 424 2491 ἐποχούμενον
444 2456 556 2491 ἔχοντα’
581 2455 637 2482 εἴτε
652 2463 694 2486 τις
710 2456 740 2481 ὲν
752 2456 857 2490 νοητοῖς

63 2504 143 2539 ἑτέρα
160 2503 251 2534 κτίσις
275 2501 440 2540 καθέστηκε,
455 2500 515 2536 Θεῷ
535 2501 585 2537 μὲν
602 2500 707 2536 φανερὰ
720 2500 759 2535 τῷ
779 2501 857 2536 ποιή-

62 2555 152 2581 σαντι,
163 2548 232 2583 ἡμῖν
243 2547 272 2573 δι
288 2547 344 2578 τοῖς
352 2545 507 2581 ἀνθρώποις
521 2545 691 2581 ἀπόκρυφος.
712 2545 855 2581 ἀγαπητὸν

60 2595 170 2628 ἡγεῖται
197 2593 247 2620 καὶ
276 2591 386 2627 εὔχεται
407 2592 438 2619 τὸ
452 2591 572 2619 δούλειον
594 2592 672 2625 ἄγειν
697 2591 789 2625 ζυγὸν,
808 2592 856 2619 καὶ

908 2188 994 2214 rimus
1004 2180 1104 2218 oleum,
1118 2186 1291 2221 potittsquam
1305 2191 1417 2214 sanctos
1434 2188 1506 2221 ipsos
1515 2186 1560 2221 qui
1577 2185 1696 2214 candela:

907 2232 1081 2260 sanctilicant
1103 2232 1213 2259 oleum?
1229 2233 1314 2258 Utnuc
1326 2232 1425 2266 quippe
1441 2233 1513 2266 qttod
1530 2232 1600 2258 inter
1616 2239 1694 2259 crea-
1724 2258 1727 2261 ,

906 2283 981 2306 tutas
992 2278 1191 2310 dinumeratur,
1208 2285 1261 2304 non
1276 2279 1363 2304 solum
1379 2283 1529 2309 terrenum,
1540 2277 1586 2304 sed
1602 2281 1630 2304 et
1641 2284 1698 2304 ra)-

905 2325 983 2356 leste,
992 2324 1049 2351 sive
1059 2323 1172 2355 Tltroni,
1193 2324 1250 2351 sive
1270 2323 1454 2358 Principatus,
1477 2322 1535 2350 sive
1546 2322 1700 2350 Potestatcs

908 2369 965 2396 sive
979 2369 1195 2401 nominationes,
1208 2370 1266 2396 sive
1281 2368 1401 2395 Virtutes
1415 2368 1553 2403 angelicae,
1565 2371 1592 2394 et
1602 2374 1700 2402 praner

909 2413 958 2440 has
971 2414 1042 2446 alia,
1051 2414 1106 2441 sive
1120 2414 1170 2449 ipsi
1186 2413 1333 2441 Clterubitn
1349 2418 1376 2440 et
1385 2413 1538 2447 Seraphim,
1549 2413 1698 2440 multorum

907 2459 1048 2486 oculorum
1058 2467 1241 2494 senarumque
1250 2459 1354 2486 alarum
1367 2459 1506 2491 animalia,
1514 2458 1561 2492 qui
1572 2465 1633 2486 cum
1643 2460 1700 2486 sint

907 2504 1085 2538 pretiosiores
1108 2511 1190 2538 quant
1214 2504 1307 2531 multae
1328 2509 1478 2536 creaturas.
1496 2504 1580 2532 Deum
1597 2505 1701 2532 idcirco

906 2549 1005 2577 vehere
1015 2550 1209 2582 dinoscuntur,
1227 2550 1267 2577 rei
1287 2550 1372 2585 siqua
1393 2551 1419 2577 itt
1445 2550 1629 2578 invisibilibus
1645 2551 1699 2577 alia

907 2599 1032 2623 creatura
1042 2602 1084 2623 est
1093 2595 1148 2624 Deo
1156 2595 1300 2623 manifesta
1308 2596 1354 2632 qui
1367 2595 1442 2629 fecit,
1451 2601 1478 2624 et
1491 2596 1571 2624 nobis
1579 2596 1697 2629 occulta,

809 2638 939 2667 NUME-

93 2685 155 2720 (22)
165 2685 270 2713 Confer
284 2685 336 2713 hoc
349 2685 488 2720 egregium
504 2684 536 2711 tle
548 2691 664 2720 corpore
677 2687 705 2711 et
722 2684 855 2720 sanguine

60 2719 186 2752 Domini,
215 2721 247 2748 in
263 2719 432 2748 eucharistia
459 2719 647 2754 praesentibus,
664 2719 853 2745 testimonimn

60 2755 297 2789 Sophronii,cum
311 2756 366 2782 alio
380 2756 406 2782 in
429 2754 626 2782 commentario
641 2754 763 2787 ejusdem
778 2755 855 2789 litur-

60 2788 133 2824 κίοι).
156 2798 242 2826 quem
259 2790 311 2825 ipsi
327 2790 464 2818 edidimus
480 2798 488 2822 ;
509 2789 627 2824 itemque
641 2790 666 2815 in
690 2789 787 2816 mirae.
806 2788 851 2815 38.

944 2686 1000 2722 (25)
1013 2687 1096 2715 Viden
1117 2687 1313 2722 Sophroninm,
1332 2689 1378 2722 qui
1398 2688 1459 2715 oleo
1473 2692 1536 2716 ante
1550 2695 1644 2716 sacras
1654 2694 1698 2715 re-

909 2721 1007 2756 liquias
1032 2721 1298 2750 incenso’virtutem
1321 2721 1521 2753 medicinalem.
1549 2727 1699 2758 martyrum

910 2759 1015 2785 scilicet
1033 2758 1141 2786 meritis
1159 2758 1344 2791 conciliatum,
1363 2759 1405 2798 pie
1421 2757 1541 2785 tribuit?
