1910 3078
211 94 282 126 3555

637 92 667 121 S.
683 90 891 121 SOPHRONII
909 89 1161 120 PATRIARCIIE
1182 88 1383 120 HIEROSOL.

1775 90 1842 122 3556

211 150 328 178 amabile
355 149 516 181 arbitratur.
539 153 566 176 et
581 153 657 183 optat
672 149 770 177 servile
786 149 885 176 ducere
897 149 1004 183 jugum,

1058 148 1148 175 δοῦλον
1163 149 1234 176 εἶναι
1252 149 1298 174 καὶ
1329 148 1459 181 λέγεσθαι
1478 147 1525 174 τοῦ
1542 142 1709 174 Δεσποτίκιιῦ
1723 150 1840 184 Χριστοῦ

210 201 238 223 et
252 195 392 227 famulari,
407 199 434 221 et
449 193 578 221 dominici
591 193 700 228 Christj‘
715 193 760 220 Dei
778 194 865 220 nostri
881 193 1005 226 corporis

211 241 363 268 membrum
392 239 497 272 vocari,
517 247 570 266 non
601 244 691 266 autem
717 239 740 266 ei
767 239 934 273 comparari,
962 238 1004 265 vel

211 287 404 321 aequalitatem,
429 285 452 311 si
472 285 546 311 velut
575 284 639 318 quid
657 292 726 318 pene
752 284 842 311 simile
868 285 914 315 sit,
937 283 1006 311 velle

212 334 386 367 aliquatenus
413 330 552 365 applicare
571 337 578 362 ;
605 330 678 364 quod
698 337 787 364 neque
807 329 829 356 si
853 330 915 363 quis
931 333 1005 356 eSset

211 378 257 413 qui
282 377 424 411 przeberet.
452 376 594 409 percipere
622 375 819 402 consensisset.
845 374 893 400 Hic
906 381 1004 401 sensus

210 429 252 451 est
269 423 356 449 hostis
371 421 489 456 antiqui,
509 429 557 456 per
575 429 654 455 quem
668 426 694 448 et
712 421 769 455 ipse
790 421 911 455 rapinam
930 421 1003 448 arbi-

210 472 299 495 tratus
315 475 376 494 esse
387 475 417 494 se
432 467 564 501 aqualem
588 466 652 497 Deo,
674 470 700 492 et
719 466 826 493 seditim
842 466 1002 493 similitudi-

210 521 271 540 nem
301 520 384 546 super
410 512 496 538 nubes
523 511 708 546 praetendens,
727 512 761 538 ab
784 511 879 539 abside
894 512 1001 539 caelesti

210 565 272 585 cum
293 561 356 584 ante
373 556 454 584 fuerit
471 555 569 582 lucifer
580 556 690 586 cecidit,
711 562 737 583 et
753 556 858 590 primos
875 561 1002 591 parentes

209 607 321 630 nostros
339 603 365 629 iu
391 601 519 637 paradiso
540 601 676 629 seducens
697 602 816 636 pellexit.
833 602 889 629 Hoc
911 607 1002 629 autem

210 649 328 676 dicimus
354 656 406 674 non
437 647 631 681 praedictorum
666 655 775 674 errores
798 647 968 681 carrigentes
994 656 1001 680 ;

210 694 275 728 quid
291 693 363 720 enim
378 693 442 719 mihi
459 700 507 720 eos
521 693 566 727 qui
579 692 646 720 foris
663 697 728 719 sunt
739 693 876 727 judicare,
892 697 920 720 ut
937 693 1003 720 dicit

210 738 358 773 Apostolus
381 738 392 764 ?
419 737 466 764 sed
492 737 590 764 fratres
613 743 722 765 nostros
737 741 832 765 cautos
845 738 1000 769 reddentes,

211 793 245 812 ne
259 785 328 811 forte
343 783 404 810 illos
420 783 471 810 hoc
486 783 586 818 saepius
603 782 692 810 lacere
704 783 927 818 contemplantes,
939 791 1001 811 eum

1056 192 1104 218 τοῦ
1117 192 1184 218 Θεοῦ
1201 192 1279 227 ἡμῶν
1295 192 1419 227 σώματος
1432 200 1438 207 ·
1457 193 1494 228 μὴ
1511 193 1564 227 μὴν
1585 192 1650 218 αὺτδ
1673 194 1843 228 παραϐάλλε-

1057 238 1129 270 σθαι,
1146 238 1193 264 καὶ
1212 238 1242 263 τὸ
1258 238 1314 264 ἴσον
1329 238 1345 271 ἢ
1366 237 1442 272 παρὰ
1463 238 1560 272 μικρὸν
1580 237 1765 272 ἀποφέρεσθαι
1781 238 1842 273 βού-

1055 283 1165 309 λεσθαι·
1182 284 1250 318 ὅπερ
1263 283 1322 310 οὐδέ
1345 292 1388 314 τις
1405 282 1437 318 ἦν
1454 285 1467 309 ὁ
1494 284 1621 318 παρέχων
1637 284 1783 318 ἐτύγχανεν
1799 285 1844 310 λα-

1056 330 1113 355 ὗεῖν
1126 329 1296 361 κατεδέξατο.
1314 329 1398 356 Τοῦτο
1411 330 1464 364 γὰρ
1486 330 1533 356 τοῦ
1558 331 1713 365 ἁρχεκάκου
1726 331 1757 356 τὸ
1777 331 1843 365 φρό-

1055 385 1141 411 νημα,
1173 376 1206 402 δι’
1235 373 1265 403 οὗ
1289 377 1336 403 καὶ
1350 376 1430 407 αὐτὸς
1445 377 1495 411 τὴν
1521 377 1632 410 ἰσότητα
1652 376 1700 411 τὴν
1713 378 1782 412 πρὸς
1799 378 1843 403 τὸν

1055 423 1121 448 Θεὸν
1150 423 1296 458 ἁρπαγμὸν
1329 423 1512 457 ἡγησάμενος,
1529 423 1577 449 καὶ
1601 423 1696 458 θρόνου
1712 424 1842 458 ὁμοίωσιν

1055 468 1125 503 ὑπὲρ
1136 469 1202 503 νέφη
1216 468 1419 503 φανταζόμενος
1431 468 1481 502 τῆς
1495 469 1620 504 οὐρανίου
1634 469 1737 503 ἁψῖδος,
1754 471 1768 496 ὁ
1780 471 1843 505 πρὶν

1055 514 1378 548 έωσφόροςὲκπέπτωκε·
1390 515 1438 540 καὶ
1449 514 1510 545 τοὺς
1526 513 1605 545 ὂντας
1620 515 1692 549 ἡμᾶς
1709 516 1737 550 ‘sv
1754 524 1841 549 παρα-

1053 559 1135 594 δείσῳ
1152 559 1338 594 προπάτορας,
1353 559 1392 590 εἰς
1402 559 1507 593 φθορὰν
1519 559 1649 590 δελεάσας
1657 560 1842 587 κατέσπασεν.

1055 604 1148 631 Ταῦτα
1161 603 1189 630 δὲ
1200 604 1326 639 λέγομεν.
1335 604 1366 630 οὐ
1375 605 1408 630 τὰ
1424 604 1477 630 τῶν
1489 605 1642 640 εἰρημένων
1656 605 1842 640 διορθούμενοι

1055 649 1201 684 σφάλματα
1210 649 1246 683 (τί
1261 649 1315 684 γάρ
1333 658 1377 684 μοι
1406 649 1468 681 τοὺς
1488 649 1540 681 ἔξω
1564 649 1684 684 κρίνειν,
1704 649 1741 679 ὥς
1761 659 1843 684 φησιν

1054 696 1068 721 ὁ
1082 694 1348 729 Ἀπόστολος;),ὰλλὰ
1360 695 1422 725 τοὺς
1431 693 1509 729 ἡμῶν
1519 694 1648 728 ἀδελφοὺς
1656 688 1843 728 ἀσφαλιζόμε·

1054 749 1105 773 νοι,
1122 742 1220 776 μήπως
1234 740 1332 772 αὐτοὺς
1343 740 1421 766 τοῦτο
1438 739 1580 770 ποιοῦντας
1601 740 1761 774 συχνότερον
1780 739 1843 774 βλέ-

1055 795 1161 820 ποντες,
1174 787 1222 812 σὺν
1251 786 1343 817 αὐτοῖς
1357 785 1538 820 ἀσεϐήσωσιν.
1561 785 1630 811 Ἀλλ’
1646 785 1692 811 ἐπὶ
1705 785 1735 811 τδ
1748 784 1843 812 λειπό-

212 831 256 857 eis
268 829 352 864 impie
365 833 457 867 agant.
468 828 521 856 Sed
539 829 571 856 ad
582 829 749 856 narrationis
760 829 898 856 residuum
910 830 1003 857 venia-

1058 817 1216 867 usvovrijpiv
1231 831 1280 866 τῆς
1293 817 1446 866 διηγήσεως
1461 830 1592 866 ἔλθωμεν.

214 883 285 903 mus.
824 877 835 914 ⁸,

246 920 394 949 Audientes
418 928 483 956 ergo
508 923 653 956 martyres,
686 921 733 955 qui
761 922 840 955 quasi
867 920 997 957 Julianus

212 966 347 993 diaconus
379 966 518 1001 languenti
554 970 751 1000 apparuerunt,
781 966 852 1000 quod
884 966 1005 993 candelae

212 1021 268 1040 suae
281 1014 371 1039 oleum
389 1013 471 1039 vellet
496 1012 630 1046 accipere,
654 1012 680 1037 in
702 1011 776 1037 aditu
802 1011 848 1046 qui
875 1014 918 1038 est
943 1016 1005 1038 ante

212 1058 348 1085 cancellos
368 1057 558 1088 tnonumenti,
589 1057 733 1087 assistunt,
759 1061 786 1083 et
812 1049 954 1082 introitum
980 1057 1004 1083 ei

213 1102 402 1137 prohibebant,
420 1101 447 1128 in
469 1101 564 1128 faciem
594 1101 766 1133 resistentes,
792 1106 818 1127 et
845 1101 1005 1136 ingredienti

213 1147 344 1174 velociter
361 1150 562 1178 occurrentes;
588 1150 615 1172 et
639 1146 722 1173 modo
746 1147 855 1180 quidem
879 1147 911 1173 ad
936 1147 1005 1174 sini-

214 1198 311 1224 stram,
331 1193 413 1220 modo
427 1200 490 1220 vero
505 1193 533 1219 in
548 1192 687 1219 dexteram
710 1197 894 1224 transeuntes,
910 1198 937 1220 et
959 1200 1006 1227 per

214 1240 381 1273 semetipsos
410 1238 551 1265 introitum
582 1237 769 1264 obstruentes.
809 1238 876 1265 Ctnn
915 1241 1005 1265 autem

215 1285 316 1312 multos
343 1285 478 1311 transitus
505 1283 645 1315 fecissent,
672 1283 706 1310 ad
733 1283 959 1311 illuminatorium
981 1284 1005 1310 ei

215 1337 338 1365 pergere,
366 1332 394 1355 et
422 1328 524 1356 Christi
552 1334 723 1355 sacramenta
751 1330 889 1363 percipere
916 1329 1008 1358 minus

215 1379 429 1409 persuaserunt;
456 1382 549 1401 verum
577 1374 767 1401 concedebant
793 1375 831 1401 illi
863 1375 1005 1402 introitum

215 1421 262 1455 qui
286 1421 318 1447 ad
336 1421 476 1455 proprium
496 1420 631 1446 tumulum
654 1416 817 1456 deducebat.
841 1419 926 1453 Quem
943 1428 1006 1448 eum

216 1466 379 1493 Theodorus
406 1466 613 1500 pertransissel,
631 1466 828 1500 ingressusque
849 1466 923 1494 fores
940 1466 1007 1493 fuis-

218 1515 269 1543 set,
286 1512 444 1546 priusquam
469 1512 501 1538 ad
526 1511 665 1539 cancellos
696 1512 874 1546 pervenisset,
900 1513 1005 1539 oleum-

217 1565 270 1591 que
285 1557 461 1591 sumpsisset,
487 1557 624 1590 posterius
647 1557 706 1590 ejus
721 1557 911 1584 vestimentum
931 1564 1006 1584 com-

218 1602 429 1636 prehendentes,
447 1605 475 1627 ut
497 1601 530 1628 ad
548 1608 596 1628 eos
621 1605 796 1629 convertatur
819 1606 952 1637 egerunt;
979 1607 1006 1629 et

217 1653 316 1674 rursus
344 1654 373 1674 se
399 1646 616 1673 cohortabantur
642 1646 747 1678 audire,
779 1652 805 1673 et
833 1647 884 1674 sibi
914 1647 1006 1681 potius

218 1699 300 1726 quam
325 1691 366 1717 his
380 1691 426 1726 qui
448 1691 564 1725 propria:
582 1695 729 1725 prreessent
753 1691 860 1723 haeresi,
882 1692 1003 1719 obedire.

218 1736 342 1771 Cumque
364 1743 414 1763 nec
442 1737 482 1764 sic
507 1743 569 1762 cum
601 1736 775 1771 obedientem
803 1737 947 1769 vidissent,
973 1738 1006 1772 ad

218 1781 374 1816 sepulcrum
405 1781 529 1816 progredi
562 1781 738 1809 dimiserunt.
768 1781 819 1815 Qui
845 1790 1005 1814 conversus,

219 1827 363 1854 obseratos
377 1826 450 1854 videt
466 1828 635 1854 monumenti
655 1827 805 1860 cancellos,
821 1829 891 1855 etde
906 1832 1006 1856 caetero

219 1878 273 1898 non
288 1871 397 1898 invento
412 1872 528 1905 qualiter
542 1871 663 1899 candelae
681 1877 803 1899 sumeret
817 1873 917 1905 oleum,
931 1881 1005 1900 rece-

219 1916 301 1944 debat
316 1921 430 1943 maestus
451 1921 478 1943 et
499 1917 596 1944 tristis.
613 1916 698 1944 Porro
715 1922 851 1945 amatores
866 1918 1007 1946 hominum

220 1965 352 1996 martyres
368 1970 539 1996 nequaquam
554 1962 658 1989 desidia
683 1963 781 1998 pressi,
795 1964 842 1991 scd
863 1968 926 1991 ante
946 1965 1009 1991 illu-

219 2007 397 2034 rninatorium
412 2014 629 2042 perseverantes,
647 2008 746 2035 iterum
760 2014 903 2036 exeuntem
919 2016 934 2035 a
949 2016 1008 2036 mo-

220 2058 352 2080 numento
381 2053 514 2088 rogabant
551 2057 578 2080 et
612 2053 792 2080 hortabantur
823 2053 957 2081 doctrinis
982 2059 1009 2082 et

221 2099 332 2126 monitis
358 2100 451 2126 multis
481 2102 601 2126 utentes.
633 2099 757 2133 Cumque
785 2099 916 2126 vidissent
937 2100 1008 2128 hunc

1097 918 1278 950 Ἀκούσαντες
1293 918 1358 953 γοῦν
1371 919 1395 944 οι
1419 918 1557 953 μάρτυρες
1577 918 1602 945 οἱ
1618 920 1656 950 ὡς
1674 919 1816 951 Ίουλιανδς
1831 921 1845 946 ὁ

1054 966 1177 997 διάκονος
1189 965 1226 999 τῷ
1238 965 1358 992 νοσοῦντι
1373 965 1541 998 φαινόμενοι,
1554 957 1631 996 ὠξτδ
1645 965 1695 1000 τῆς
1709 966 1845 1000 κανδήλας

1055 1011 1144 1037 ἔλαιον
1159 1009 1291 1045 βούλεται’
1309 1008 1448 1041 δέξασθαι,
1464 1010 1504 1039 εἰς
1530 1009 1577 1034 τὸν
1608 1009 1713 1044 βατῆρα
1727 1009 1772 1035 τὸν
1791 1010 1846 1044 πρὸ

1054 1056 1109 1082 τῶν
1123 1055 1280 1082 κανκέλλων
1307 1054 1372 1080 ὄντα
1397 1053 1445 1079 τοῦ
1477 1054 1618 1088 μνήματος
1647 1053 1780 1086 ἵστανται,
1797 1054 1846 1080 καὶ

1055 1101 1104 1136 τὴν
1119 1100 1221 1127 εἴσοδον
1237 1099 1326 1126 αὐτῶν
1339 1098 1485 1125 διεκώλυον
1503 1099 1542 1129 εἰς
1557 1099 1618 1133 ὄψιν
1630 1099 1779 1133 γινόμενοι.
1796 1101 1845 1125 καὶ

1055 1147 1165 1173 εἰσιόντι
1183 1145 1389 1181 προτρέχοντες,
1414 1145 1460 1170 καὶ
1491 1144 1556 1170 ποτὲ
1570 1144 1619 1178 μὲν
1634 1144 1674 1175 εις
1688 1145 1761 1175 λαιὰ,
1778 1145 1847 1170 ποτὲ

1056 1192 1085 1219 δὲ
1099 1193 1137 1224 εἰς
1148 1191 1238 1224 δεξιὰν
1252 1190 1474 1225 μεταϐαίνοντες,
1491 1190 1536 1216 καὶ
1552 1189 1600 1224 τὴν
1615 1190 1717 1216 εἴσοδον
1731 1189 1764 1216 δι’
1784 1191 1847 1216 ἑαυ-

1055 1241 1109 1263 τῶν
1126 1237 1352 1271 ἀναφράττοντες.
1373 1236 1417 1267 Ὠς
1433 1236 1462 1262 δὲ
1475 1236 1572 1266 πολλὰς
1587 1235 1750 1270 μεταϐάσεις
1765 1237 1849 1271 ποιή-

1058 1291 1153 1314 σαντες
1169 1282 1236 1317 πρδς
1251 1281 1281 1307 τὸ
1295 1281 1475 1316 φωτιστήριον
1491 1281 1580 1307 αὐτῶν
1595 1281 1720 1307 ἀπελθεῖν
1734 1281 1781 1307 καὶ
1791 1282 1848 1308 τῶν

1057 1328 1175 1364 Χριστοῦ
1195 1328 1350 1363 μυστηρίων
1379 1327 1542 1362 μεταλαϐεῖν
1570 1327 1619 1352 οὐκ
1635 1326 1759 1358 ἔπεισαν,
1774 1335 1848 1362 παρ-

1058 1375 1178 1411 εχώρουν
1195 1374 1270 1408 αὺτῷ
1298 1373 1348 1408 τὴν
1373 1373 1419 1399 ἐπὶ
1447 1372 1496 1407 τὴν
1511 1373 1612 1398 οἰκείαν
1637 1373 1715 1407 σορὸν
1726 1373 1861 1413 ἄγουσαν.

1058 1423 1170 1449 εἴσοδον.
1200 1421 1254 1447 Καὶ
1280 1419 1382 1454 ταύτην
1405 1419 1433 1444 δὲ
1456 1418 1615 1453 περάσαντα
1633 1418 1679 1444 τὸν
1696 1418 1848 1453 Θεόδωρον,

1059 1470 1105 1496 καὶ
1127 1467 1280 1494 εἰσελθόντα
1303 1466 1332 1492 τὸ
1350 1465 1494 1500 πρόθυρον,
1522 1465 1586 1499 πρὶν
1606 1464 1623 1498 ἢ
1647 1464 1797 1490 καταλάσοι
1815 1465 1850 1490 τὰ

1058 1513 1193 1540 κὰνκε).λα
1209 1512 1256 1538 καὶ
1273 1513 1303 1537 τὸ
1323 1511 1412 1537 ἔλαιον
1427 1510 1547 1544 δέξηται,
1569 1509 1623 1535 τῶν
1638 1509 1748 1535 δπισθεν
1763 1509 1849 1535 αὑτοῦ

1057 1559 1182 1589 λαϐόντες
1192 1558 1298 1592 ἱμάτιον
1310 1555 1465 1591 στραφῆναι
1482 1555 1548 1589 πρὸς
1560 1555 1658 1585 αὐτοὺς
1675 1555 1851 1589 παρεσκεύα-

1058 1613 1123 1631 σαν·
1138 1604 1185 1630 καὶ
1204 1602 1284 1629 πάλιν
1292 1601 1380 1628 αὐτῶν
1393 1600 1502 1627 ἀκούειν
1523 1600 1703 1634 προέτρεπον,
1719 1601 1767 1626 καὶ
1785 1601 1850 1626 πεί-

1057 1648 1151 1674 θεσθαι
1171 1647 1271 1681 μᾶλλον
1283 1647 1373 1676 αὐτοῖς
1407 1646 1423 1680 ἢ
1440 1646 1495 1675 τοῖς
1516 1645 1565 1678 τῆς
1586 1645 1690 1676 οἰκείας
1708 1643 1851 1680 προεστῶ-

1058 1701 1100 1718 σιν
1110 1693 1252 1727 αἱρέσεως.
1281 1691 1322 1721 Ὠς
1335 1690 1363 1716 δὲ
1380 1689 1522 1725 μηδόὖτω
1544 1689 1704 1724 πειθόμενον
1722 1689 1850 1722 ἕίλεπον,

1058 1738 1180 1773 προϊέναι
1199 1736 1266 1771 πρὸς
1288 1736 1334 1761 τὸν
1364 1737 1447 1769 τάφον
1463 1735 1611 1761 ἀπέλυσαν.
1627 1734 1656 1760 Ὀ
1671 1734 1698 1760 δὲ
1717 1736 1851 1769 στραφεὶς

1057 1781 1246 1816 ὴσφαλισμένα
1262 1780 1354 1814 βλέπει
1366 1780 1399 1805 τὰ
1415 1779 1461 1805 τοῦ
1476 1780 1616 1813 μνήματος
1633 1779 1767 1805 κάνκελλα
1777 1787 1785 1794 ο
1800 1780 1852 1806 καὶ

1060 1829 1096 1863 μὴ
1111 1827 1198 1862 εὑρὼν
1213 1827 1307 1853 λοιπὸν
1329 1826 1376 1853 τοῦ
1396 1827 1446 1861 τῆς
1475 1826 1608 1859 κανδήλας
1634 1825 1723 1851 ἐλαίου
1741 1825 1850 1858 λαϐεῖν,

1058 1873 1189 1908 ἀνεχώρει
1205 1872 1329 1907 κατηφὴς
1345 1872 1392 1898 καὶ
1405 1871 1584 1905 λυπούμενος,
1605 1872 1635 1897 Οἱ
1657 1871 1685 1897 δὲ
1694 1870 1852 1906 φιλάνθρω-

1059 1927 1104 1945 ποι
1118 1919 1253 1953 μάρτυρες
1267 1916 1399 1952 μηδαμῶς
1415 1916 1631 1951 ρᾳθυμήσαντες,
1648 1915 1715 1941 ἀλλὰ
1731 1915 1783 1947 πρὸ
1800 1915 1852 1942 τοῦ

1059 1963 1243 1999 φωτιστηρίου
1256 1962 1481 1998 προσμείναντες,
1497 1962 1576 1988 πάλιν
1589 1962 1668 1987 αὑτὸν
1686 1961 1792 1993 ἐξιόντα
1802 1962 1852 1988 τοῦ

1061 2010 1200 2044 μνήματος
1231 2008 1401 2043 παρεκάλουν
1417 2008 1462 2034 καὶ
1486 2007 1671 2042 προῦτρεπον,
1686 2007 1853 2042 διδασκαλίᾳ

1059 2055 1195 2090 χρώμενοι
1213 2054 1258 2080 καὶ
1271 2053 1380 2085 πολλαῖς
1398 2044 1601 2088 παραινέσεων.
1625 2053 1668 2083 Ὠς
1684 2052 1713 2078 δὲ
1729 2052 1784 2078 ἴδον
1804 2053 1853 2079 οῦ-

1059 2105 1113 2132 τως
1127 2099 1244 2135 ἁκαμπῆ
1261 2099 1308 2125 καὶ
1336 2098 1477 2131 πεισθῆναι
1497 2098 1535 2132 μὴ
1560 2098 1681 2129 θέλοντα,
1695 2097 1775 2123 τοῦτο
1788 2098 1852 2132 μεθ’

220 2148 274 2169 tam
289 2143 487 2170 incurrahilem
502 2148 529 2170 et
549 2150 644 2178 parere
665 2143 813 2175 nolentem,
830 2143 1003 2178 dimiserunt,

1058 2146 1136 2180 ὅρκου
1167 2144 1318 2179 φρικώδους
1343 2143 1483 2178 εἰρηκότες
1495 2143 1634 2170 ἀπέλυσαν
1649 2150 1656 2157 ·
1683 2143 1729 2169 Mi
1744 2143 1793 2169 τὸν
1804 2144 1853 2170 τοῦ

220 2189 271 2215 hoc
289 2189 412 2215 horribili
430 2188 611 2223 jurejurando
632 2187 757 2215 dicentes
773 2197 780 2214 :
799 2187 851 2214 Per
867 2188 1006 2216 Christum

221 2234 266 2261 Dei
283 2239 309 2261 et
331 2235 421 2262 Patris
453 2235 562 2266 Filium,
577 2239 736 2261 cunctorutn
760 2234 958 2261 dominatorem
982 2238 1008 2262 et

222 2279 315 2310 Deum,
334 2279 380 2312 qui
400 2278 427 2304 in
455 2278 600 2312 martyriea
619 2278 716 2304 militia
740 2281 833 2306 nostra
861 2283 967 2313 regnat,
982 2283 1009 2305 et

220 2326 366 2351 sanitatum
387 2324 465 2350 nobis
480 2324 594 2359 gratiam
611 2323 705 2356 donat,
723 2324 774 2351 nisi
793 2324 870 2351 no'bis
884 2324 1007 2356 obedias,

219 2375 247 2397 et
262 2371 313 2398 nisi
331 2371 363 2397 ad
396 2369 483 2397 solam
510 2369 675 2396 catholicam
697 2369 957 2406 ipsiuyEcclesiam
982 2373 1009 2396 et

220 2418 348 2453 mysteria
365 2425 441 2444 sacra
457 2425 517 2452 qnte
531 2417 557 2443 in
573 2425 604 2444 ea
621 2417 793 2444 celebrantur
807 2417 923 2443 accedas
947 2424 1008 2443 eum

221 2464 322 2490 munda
348 2466 375 2490 et
400 2467 475 2490 casta
506 2463 684 2494 conscientia,
715 2463 750 2489 ita
784 2463 845 2489 hinc
877 2463 1009 2497 languens

222 2508 312 2535 abibis
328 2508 399 2535 sicut
415 2513 442 2535 et
456 2508 508 2536 huc
539 2509 655 2540 venisti,
681 2508 718 2534 nil
743 2515 757 2533 ιι
781 2509 860 2534 nobis
884 2499 1009 2535 utilitatis

221 2554 347 2588 adeptus.
366 2553 398 2579 Et
417 2553 474 2580 haec
491 2553 600 2588 quidem
617 2561 664 2587 per
685 2553 771 2579 visum
790 2553 860 2579 dicta
888 2559 964 2581 sunt.

257 2599 334 2625 Mune
351 2603 440 2626 autem
455 2606 516 2626 cum
535 2599 715 2632 processisset
741 2599 774 2624 ad
801 2603 1010 2625 monumentum

222 2650 367 2677 oraturus,
395 2651 551 2672 sanctorum
593 2645 666 2672 videt
706 2648 768 2671 ante
805 2649 1010 2671 nmnumentum

222 2692 367 2725 quemdam
393 2690 571 2719 Paschasitnn
596 2691 706 2718 nomine
731 2698 745 2716 ει
770 2691 867 2725 spiritu
892 2691 1011 2725 maligno

224 2730 359 2769 vexatum,
374 2738 419 2771 qui
439 2737 532 2764 videns
548 2737 734 2768 Theodorum,
756 2736 852 2770 grandi
872 2743 938 2763 Voce
954 2737 1010 2763 haec

223 2782 255 2809 ad
269 2791 329 2810 eum
350 2783 448 2811 aﬂ‘atus
462 2791 503 2816 es,
521 2783 607 2822 torvis
628 2782 715 2810 oculis
741 2783 860 2813 intuens,
875 2786 901 2808 et
919 2781 1007 2809 deuti.

1058 2190 1126 2217 Θεοῦ
1155 2190 1201 2216 καὶ
1231 2189 1336 2225 Πατρδς
1359 2189 1433 2221 Υἱὸν,
1449 2189 1494 2214 τὸν
1518 2189 1626 2215 πάντων
1650 2189 1792 2222 Δεσπότην
1805 2190 1854 2215 καὶ

1059 2236 1136 2268 Θεὸν,
1152 2235 1197 2261 τὸν
1207 2236 1253 2261 καὶ
1269 2235 1318 2269 τῆς
1332 2234 1503 2270 μαρτυρικῆς
1516 2235 1645 2269 στρατιᾶς
1657 2233 1851 2268 βασιλεύοντα,

1060 2281 1107 2307 καὶ
1123 2282 1172 2315 τὴν
1187 2281 1267 2315 χάριν
1280 2272 1334 2306 τῶν
1351 2280 1474 2315 ἰαμάτων
1491 2279 1671 2314 δωρούμενον,
1689 2280 1713 2305 ει
1736 2279 1777 2314 μὴ
1791 2288 1854 2306 πει-

1061 2325 1152 2360 σθείης
1169 2326 1246 2359 ἡμῖν,
1260 2325 1307 2350 καὶ
1340 2324 1407 2359 μόνῃ
1421 2325 1454 2359 τῇ
1474 2323 1605 2358 καθολικῇ
1630 2323 1712 2349 αὐτοῦ
1732 2323 1854 2359 Ἐκκλη-

1062 2371 1107 2406 σία
1123 2371 1171 2396 καὶ
1185 2371 1241 2400 τοῖς
1273 2370 1509 2404 ἱερουργουμένοις
1537 2370 1566 2396 ὲν
1591 2369 1658 2404 αὐτῇ
1687 2369 1855 2404 μυστηρίοις

1062 2417 1214 2452 προσέλθῃς
1241 2416 1312 2451 μετὰ
1339 2415 1461 2450 καθαρᾶς
1475 2415 1523 2440 καὶ
1547 2415 1632 2449 ἁγνῆς
1657 2415 1854 2450 συνειδήσεως,

1060 2462 1146 2493 οὕτως
1162 2461 1284 2488 ἐντεῦθεν
1300 2460 1443 2487 ἀπελεύσει
1458 2460 1553 2492 νοσῶν,
1570 2460 1665 2494 ὥσπερ
1677 2463 1724 2485 καὶ
1736 2461 1856 2487 τάνθάδε

1060 2508 1219 2538 κατέλαϐες,
1255 2507 1337 2541 μηδὲν
1362 2506 1429 2540 πρὸς
1464 2506 1542 2541 ἡμῶν
1564 2505 1765 2540 ὠφελούμενος.
1799 2507 1857 2532 Καὶ

1060 2554 1146 2581 ταῦτα
1162 2554 1211 2588 μὲν
1226 2552 1285 2579 κατ’
1301 2552 1367 2586 ὅναρ
1382 2551 1476 2586 ἐλέχθη
1492 2560 1522 2577 τε
1541 2552 1588 2577 καὶ
1604 2550 1762 2585 γεγένηται.

1097 2600 1206 2634 Πρωῖα;
1217 2599 1245 2624 δὲ
1261 2597 1362 2632 προῖὼν
1390 2598 1429 2625 si:
1441 2596 1471 2622 τὸ
1488 2596 1583 2631 μνῆμα
1605 2596 1658 2621 τῶν
1670 2596 1757 2628 ἁγέων
1770 2604 1858 2630 προσ-

1061 2642 1200 2674 εύξασθαι,
1217 2642 1267 2677 όρᾷ
1294 2641 1347 2676 πρὸ
1370 2640 1416 2667 τοῦ
1447 2641 1587 2675 μνήματὸς
1614 2649 1675 2666 τινα
1696 2641 1858 2675 Πασχάσιον

1061 2688 1191 2723 τοῦνομα,
1207 2688 1259 2713 ὑπὸ
1275 2687 1393 2722 πονηροῦ
1420 2686 1575 2721 πνεύματος
1598 2686 1794 2721 ἐνοχλούμενον
1805 2696 1813 2702 ·
1827 2687 1858 2718 ὃς

1063 2733 1124 2760 ἰδὼν
1140 2735 1170 2760 τὸ
1185 2733 1332 2768 Θεόδωρον,
1347 2732 1501 2766 ὀιαπρυσίῳ
1517 2733 1592 2766 φωνῇ
1605 2732 1668 2759 τάδε
1689 2732 1757 2766 πρὸς
1773 2733 1859 2758 αὑτὸν

1062 2778 1260 2814 ἀπεφθέγξατο,
1292 2778 1421 2812 βλοσυρὸν
1456 2777 1551 2804 ἐνιδὼν
1582 2778 1630 2804 καὶ
1663 2777 1720 2807 τοῖς
1764 2777 1859 2803 ὀδοῦσι
