1910 3078
186 112 238 143 563

595 114 624 143 S.
646 114 853 144 SOPHROXII
877 114 1130 145 PATiiiAliCllE
1148 118 1341 150 HlEllOSOL

1731 124 1803 156 3561

205 169 266 195 Haec
280 169 307 195 in
326 169 431 197 somnis
457 170 481 197 is
492 169 538 205 qui
555 177 645 198 oecus
668 170 778 198 interim
800 171 952 198 habebatur

1040 171 1132 200 Ταῦτα
1146 175 1206 201 καθ’
1221 175 1322 208 ΰπνους
1337 178 1351 204 ὁ
1365 178 1434 210 τέως
1447 179 1546 212 τυφλὸς
1560 179 1739 216 θεασάμενος,
1753 184 1802 210 τὸν

169 215 297 247 intuitus,
310 222 438 242 somnum
457 216 567 251 quidem
590 217 701 252 abiecit,
729 217 872 253 mysticam
891 224 957 245 vero

167 262 391 296 instructionem,
406 270 467 298 qua
480 271 528 299 per
542 264 679 291 somnium
702 264 773 292 facta
791 264 882 292 fuerat
897 269 956 292 sta-

170 309 268 341 bilivit,
287 308 408 336 divinam
427 309 498 337 hanc
523 310 683 343 arbitratus,
713 315 742 339 et
770 311 954 346 corporalium

167 354 323 387 oculorum,
339 354 362 381 si
382 358 572 381 consummata
590 355 671 388 l'oret,
699 356 861 383 donaturam
876 357 956 383 obtu-

167 407 236 429 tum.
254 400 333 429 Unde
343 408 525 436 consurgens,
543 403 724 430 sacramentis
739 403 783 430 ubi
793 403 889 438 jussus
900 407 953 436 est,

165 447 291 483 protinus
304 447 528 480 communicavit,
543 448 617 474 onmi
631 456 680 475 sua
698 449 791 484 priore
805 449 955 476 traditione

164 494 299 529 deposita,
311 497 338 521 et
354 494 476 522 ecclesiae
501 494 649 522 animabus
674 496 733 522 utili
758 495 954 530 praedicatione

1013 217 1062 264 μεν
1074 218 1157 246 ὕπνον
1181 221 1312 255 ἀπέϐαλε,
1332 223 1383 259 τὴν
1404 224 1433 250 δέ
1453 225 1514 251 καθ’
1534 225 1617 252 ὕπνον
1642 228 1802 264 ἐνιστήριξι

1012 263 1123 299 μύησιν,
1139 266 1214 293 θείαν
1231 268 1315 303 αὐτὴν
1332 269 1488 303 ὑπολαϐὼν,
1502 271 1549 298 καὶ
1564 272 1614 308 τὴν
1631 273 1686 300 τῶν
1704 263 1801 309 σωμα-

1009 311 1094 356 τικῶν
1106 311 1253 348 ὀφθαλμῶν
1265 315 1288 341 εἰ
1297 315 1436 352 τελεσθείη
1444 318 1629 354 χαριουμένην
1642 319 1800 356 ἀνάϐλεψιν.

1010 355 1093 383 Ὅθεν
1106 358 1224 390 ἀναστὰς
1232 360 1288 386 τῶν
1303 363 1461 396 μυστηρίων
1473 363 1573 395 εὐθέως
1586 363 1650 391 ἔνθα
1664 367 1802 401 προσετά-

1009 401 1060 437 χθη
1078 404 1211 438 μετέλαϐε
1222 426 1229 438 ,
1242 406 1333 433 πᾶσαν
1347 406 1428 434 αὑτοῦ
1444 407 1493 444 τὴν
1501 410 1637 446 προτέραν
1649 412 1800 446 παράδοσιν

1008 448 1188 485 ἀποθέμενος,
1203 452 1251 479 καὶ
1264 451 1294 479 τὸ
1303 453 1354 488 τῆς
1369 455 1519 490 ἐκκλησίας
1533 456 1694 492 ψυχωφελὲς
1708 459 1801 486 ἀσπα-

1009 494 1128 529 σάμενος
1145 497 1278 533 κήρυγμα
1289 507 1297 515 ’
1327 501 1374 526 καὶ
1400 500 1480 527 τοῦτο
1506 503 1653 538 πεπραχὼς
1670 504 1708 536 ὼς
1723 505 1799 532 τεθέ-

163 544 283 575 recepta.
297 539 330 567 Et
344 539 397 567 ltoc
409 544 497 575 gesto,
510 541 583 567 sicut
600 540 804 575 fueraljussus,
818 542 954 569 tertianus

1006 548 1099 573 more,
1114 544 1236 578 τριταῖος
1254 544 1286 570 τὸ
1308 545 1366 579 φῶς
1389 547 1446 578 τοῖς
1473 546 1594 582 ὖμμασιν
1618 548 1744 583 Εϐλεπεν,
1759 551 1799 586 τῷ

162 587 255 614 lumen
270 586 376 614 visibus
391 587 596 622 contemplatus
619 591 671 621 est,
698 589 796 615 anima:
813 589 953 616 illumina-

163 633 264 658 tionem
283 640 298 658 ε
321 631 437 667 vestigio
460 633 637 665 subsecutus,
655 638 682 660 ct
697 633 787 662 factus
812 639 855 662 est
878 635 952 662 sicut

162 681 245 705 natus
263 682 316 708 est,
332 682 359 704 et
378 682 438 704 erat
460 678 540 712 quasi
556 686 696 713 nunquam
728 679 876 714 aliquando
894 681 953 707 lan-

160 725 259 759 guidos
274 723 402 751 habuerit
415 725 540 760 corporis
553 726 660 753 oculos.

195 769 297 797 Verum
314 777 376 797 cum
394 770 421 797 in
440 770 483 797 bis
496 775 579 804 esset,
594 775 621 798 et
633 771 708 799 clare
729 779 845 806 prorsus
875 772 952 800 vide-

162 821 213 846 ret.
240 815 286 842 ille
303 816 350 850 qui
382 815 519 842 bonorum
547 821 590 843 est
618 816 811 851 interemptor,
836 817 947 849 invidit,

1008 587 1142 623 φωτισμῷ
1161 588 1211 623 τῆς
1231 589 1320 625 ψυχῆς
1335 591 1407 618 κατὰ
1429 592 1512 624 πόδας
1529 593 1673 629 ἑπόμενον,
1686 596 1732 622 καὶ
1747 597 1798 630 γέ-

1006 639 1086 665 γονεν
1105 633 1143 665 ὡς
1157 635 1299 669 γεγένητο,
1317 638 1364 663 καὶ
1383 635 1416 672 ἦν
1433 637 1470 669 ὡς
1486 639 1517 664 οὐ
1535 640 1652 675 νοσήσας
1676 641 1742 669 ποτὶ
1762 642 1798 669 τὰ

1005 677 1053 705 τοῦ
1065 678 1193 713 σώματος
1206 680 1329 716 ὄμματα.

1042 764 1113 792 Ἀλλ’
1128 768 1157 794 ἐν
1171 767 1278 800 τούτοις
1290 769 1349 797 ϐντι
1369 772 1415 797 καὶ
1431 771 1612 807 λαμπρότατα
1626 773 1762 809 βλέποντι,
1781 777 1797 803 6

1004 810 1059 837 τῶν
1075 811 1167 840 καλῶν
1180 813 1327 850 ἀναιρέτης
1347 816 1508 852 ἐφθόνησεν,
1527 819 1689 854 ἀποστερεῖν
1700 829 1731 846 τε
1747 821 1796 848 τοῦ

162 861 324 896 privareque
338 861 440 896 duplici
467 865 625 889 sanctorum
657 870 770 890 munere
791 863 948 890 festinabat.

1006 856 1088 884 ’διττοῦ
1104 858 1159 885 τῶν
1171 859 1257 893 ἀγίων
1274 861 1434 897 δωρήματος
1449 864 1590 892 ἔσπευδεν.
1605 867 1659 892 Καὶ
1671 867 1703 901 δὴ
1715 868 1794 894 ἐστέ-

162 909 194 935 h‘t
210 908 346 943 privabat,
363 908 436 935 sicut
450 909 573 941 volebat;
594 908 642 936 sed
659 915 758 937 rursus
784 915 949 944 apparentes

159 955 311 982 salvatoris
335 955 489 988 salvarunt,
520 959 549 983 et
575 957 667 984 osoris
706 956 770 983 boni
801 958 947 985 consilium

123 992 131 995 >
159 1001 365 1029 subverterunt.
393 1001 510 1028 Joannis
528 1001 603 1029 enim
632 1006 708 1037 patre
741 1007 858 1036 mortuo,
901 1003 948 1038 qui

160 1046 322 1075 Theodorus
350 1047 504 1078 dicebatur,
535 1051 562 1074 et
585 1047 718 1076 diaconus
741 1049 862 1083 ejusdem
890 1053 949 1076 erat

161 1094 309 1126 haereseos,
324 1093 440 1121 veniunt
457 1093 570 1129 quidam
593 1094 666 1121 illius
696 1095 848 1122 secundum
861 1103 948 1130 genus

159 1138 314 1173 propinqui,
332 1143 359 1165 et
370 1137 481 1165 domum
497 1138 521 1165 ei
535 1139 634 1166 reverti
658 1139 786 1173 suadent,
801 1140 946 1168 diaconum

159 1192 207 1218 pro
220 1191 296 1220 patre
326 1184 418 1213 facere
439 1185 609 1220 pollicentes.
641 1185 674 1213 Et
703 1191 813 1221 sumpto
834 1187 945 1221 juvene.

159 1231 317 1258 mandatum
331 1235 491 1258 sanctorum
522 1231 633 1266 penitus
661 1232 793 1260 oblivioni
811 1233 945 1266 tradente,

158 1277 315 1311 pergebant.
342 1276 409 1304 Cum
422 1281 513 1304 autem
531 1277 559 1304 hi
586 1278 633 1312 qui
665 1276 798 1305 Joannem
815 1279 945 1311 tulerant,

156 1323 233 1359 (Sync
244 1323 522 1358 appropinquassent,
539 1328 567 1351 ct
584 1331 639 1351 uno
660 1324 852 1352 tantummodo
868 1325 947 1359 signo

157 1377 171 1395 a
185 1369 295 1396 civitate
307 1369 365 1403 ipsa
382 1368 528 1401 distarent,
547 1370 661 1397 veniunt
676 1374 810 1405 martyres
819 1375 846 1397 et
859 1371 946 1405 palam

158 1416 257 1443 lacicm
269 1414 384 1443 Joannis
396 1416 554 1450 percutiunt
572 1416 661 1451 alapa,
676 1420 703 1444 et
715 1417 806 1444 lumen
823 1417 947 1444 adimunt

157 1462 230 1497 quod
246 1462 389 1494 dederant,
404 1466 432 1488 et
455 1462 576 1490 tenebris
590 1462 707 1490 induunt
729 1471 799 1497 quas
826 1463 947 1490 abstule-

158 1512 230 1535 rant.
254 1508 284 1535 lu
318 1508 370 1535 hoc
385 1513 476 1535 autem
501 1507 622 1536 Joannes
651 1509 753 1536 malum
785 1509 944 1541 deveniens.

156 1554 285 1589 cognovit
301 1561 434 1588 causam;
460 1558 488 1580 et
504 1555 625 1590 cognita,
641 1563 672 1582 se
703 1555 841 1590 paenituit,
862 1561 890 1582 et
902 1563 946 1583 re-

158 1602 295 1636 pceuitens
310 1601 507 1636 indulgentiam
524 1605 690 1629 consecutus
709 1606 761 1632 est,
788 1606 815 1629 ct
840 1602 945 1629 veniam

156 1651 323 1675 consecutus
337 1652 482 1683 correptus
496 1650 549 1680 est,
559 1652 586 1675 et
595 1653 739 1683 correptus
749 1648 840 1676 denuo
854 1649 945 1676 lumen

161 1695 274 1730 recepit,
289 1698 316 1722 et
328 1698 438 1729 recepto
464 1694 568 1721 lumine
585 1695 699 1722 servivit
716 1696 894 1730 martyribus,
919 1699 946 1723 ct

157 1743 281 1771 serviens
306 1742 467 1778 rcccptione
494 1742 594 1777 dignus
626 1742 743 1770 etiicitur
766 1742 892 1775 liberali,
917 1747 944 1770 et

156 1790 208 1818 hac
230 1789 330 1823 dignus
344 1788 458 1817 electus
482 1790 509 1816 in
538 1789 642 1816 clerum
670 1788 786 1824 profecit
809 1788 944 1816 ecclesiae.

154 1835 274 1871 Accepta
290 1842 355 1862 vero
368 1834 486 1869 benigna
502 1838 569 1863 tunc
597 1835 686 1870 alapa,
715 1839 742 1862 et
767 1842 857 1862 caecus
873 1834 946 1861 sicut

156 1881 235 1916 prius
252 1880 378 1914 eﬂ'ectus,
398 1881 497 1909 iterum
513 1889 639 1908 reversus
651 1885 702 1914 est,
731 1885 760 1908 et
784 1881 946 1908 desideratas

154 1927 275 1955 civitatis
291 1926 437 1962 abnegavit
457 1927 619 1958 introitum;
641 1931 801 1954 sanctorum
818 1933 942 1960 compas—

154 1973 260 2001 sionem
278 1973 394 2008 etquod
417 1980 581 2001 conversum
597 1973 752 2007 suscepturi
769 1978 797 2000 et
820 1972 943 2000 curaturi

152 2023 246 2048 essent
258 2019 291 2047 ad
308 2020 425 2047 salutem
438 2019 633 2055 corripientes.
649 2027 702 2046 non
715 2019 853 2046 nescit-ns.

188 2109 311 2145 Denique
325 2117 388 2136 cum
417 2113 498 2137 nocte
515 2109 560 2136 illa
579 2108 724 2138 dormiret,
759 2107 851 2140 videt;
890 2107 944 2133 imo

153 2156 283 2191 quoniam
301 2163 356 2183 non
367 2155 491 2186 videbat.
503 2155 652 2187 audiebat;
675 2155 731 2182 cito
748 2159 896 2185 revertere,
916 2158 944 2180 et

1003 910 1085 937 ρησεν
1098 904 1137 936 ὡς
1152 905 1280 933 ἐϐούλετο
1290 915 1298 923 ε
1312 907 1381 935 ἀλλὰ
1396 908 1477 936 πάλιν
1494 911 1623 945 φανέντες
1634 912 1659 938 οί
1671 913 1795 948 σωτῆρες

999 948 1145 995 όιέσωσαν,
1164 953 1211 978 καὶ
1224 952 1273 988 τὴν
1286 954 1334 980 τοῦ
1360 956 1509 989 μισοκάλου
1530 957 1627 993 βουλὴν
1643 960 1793 995 κατεστρέ-

999 994 1096 1029 ψαντο,
1111 996 1165 1041 τοῦ
1177 997 1231 1034 γὰρ
1240 999 1364 1027 Ἰωάννου
1377 1002 1484 1037 Πατρὺς
1497 1003 1707 1039 τελευτήσαντος
1715 1006 1792 1041 (Θεό-

999 1041 1084 1077 δωρος
1113 1040 1191 1076 οὗτος
1221 1045 1330 1080 ἐλέγετο
1358 1048 1405 1074 καὶ
1430 1048 1553 1081 διάκονος
1575 1050 1625 1086 τῆς
1649 1040 1792 1088 λεχθείσης

999 1088 1122 1124 ὑπῆρχεν
1143 1091 1298 1127 αἱρέσεως),
1310 1093 1491 1128 ἀφικνοῦνταί
1507 1103 1579 1128 τινες
1595 1096 1649 1122 τῶν
1667 1097 1734 1132 πρὸς
1744 1099 1792 1132 γέ-

997 1142 1042 1166 νος
1055 1135 1130 1171 αὺτῷ
1144 1137 1359 1172 πλησιαζόντων,
1371 1140 1418 1167 καὶ
1430 1141 1611 1177 ἀναστρέφειν
1623 1143 1715 1169 οἴκαδε
1730 1144 1791 1170 πειι

998 1180 1101 1214 θουσιν,
1118 1182 1242 1211 διάκονον
1259 1187 1346 1212 ποιεῖν
1369 1187 1429 1213 ἀντὶ
1444 1187 1490 1214 τοῦ
1521 1188 1625 1223 Πατρὸς
1637 1189 1791 1224 ὑποσχόμε-

998 1235 1048 1254 νοι.
1066 1228 1122 1255 Καὶ
1150 1229 1183 1265 δὴ
1209 1230 1338 1264 λαϐόντες
1358 1233 1403 1259 τὸν
1418 1234 1478 1260 νέον
1499 1235 1641 1270 ἀπῄεσαν,
1664 1236 1714 1271 τῆς
1734 1237 1788 1262 τῶν

996 1273 1082 1307 ἁγίων
1098 1274 1209 1311 ἐντολῆς
1224 1278 1364 1310 παντελῶς
1389 1278 1582 1313 ἐκλαθόμενον.
1605 1274 1649 1312 Ὠς
1672 1281 1702 1307 δὲ
1721 1280 1789 1317 πλη-

998 1320 1054 1346 σίον
1069 1321 1118 1355 τῆς
1139 1322 1220 1348 Koth
1233 1323 1279 1349 τὸν
1293 1323 1421 1360 Ἰωάννην
1439 1326 1464 1352 ot
1480 1324 1609 1358 λαϐόντες
1623 1327 1768 1360 γεγόνασιν
1779 1348 1787 1360 ,

997 1365 1045 1392 καὶ
1058 1369 1171 1402 σημεῖον
1187 1368 1216 1394 ἒν
1225 1369 1273 1395 καὶ
1285 1369 1366 1404 μόνον
1382 1371 1495 1406 ἀπεῖχον
1506 1372 1556 1405 τῆς
1573 1372 1686 1404 πόλεως,
1704 1382 1791 1401 κατα-

997 1411 1127 1445 λαϐόντες
1154 1414 1178 1440 οί
1196 1415 1335 1451 μάρτυρες
1357 1416 1573 1452 ὀφθαλμοφανῶς
1588 1419 1714 1446 Ἰωάννου
1738 1421 1791 1451 τὰς

997 1457 1073 1492 opst;
1089 1459 1263 1494 ῥαπίζουσιν,
1276 1461 1324 1487 καὶ
1337 1461 1368 1488 τὸ
1382 1462 1439 1495 φῶς
1462 1463 1643 1498 ἀφαιροῦνται
1657 1465 1725 1499 ὅπερ
1745 1465 1789 1491 δε-

997 1503 1126 1537 δώκασιν,
1154 1506 1203 1532 καὶ
1228 1507 1259 1533 τὸ
1279 1507 1375 1539 σκότος
1395 1508 1534 1534 ὲνδύουσιν
1555 1510 1624 1544 ὅπερ
1640 1511 1788 1544 ἀφελόντες

998 1550 1157 1585 ἐτύγχανον.
1178 1553 1221 1579 Ἐν
1233 1553 1320 1588 τούτῳ
1334 1554 1362 1580 δὲ
1380 1555 1466 1581 κακοῦ
1481 1555 1611 1591 Ἰωάννης
1630 1557 1789 1591 γενόμενος,

998 1594 1106 1629 ἐγνωτδ
1119 1596 1215 1628 αἴτιον,
1233 1598 1279 1624 καὶ
1293 1599 1372 1631 γνοὺς
1386 1600 1559 1634 μετενόησεν,
1576 1602 1623 1627 καὶ
1637 1603 1791 1635 μεταγνοὺς

997 1641 1076 1676 ἔτυχε
1093 1646 1304 1678 συγχωρήσεως,
1321 1645 1369 1670 καὶ
1383 1645 1549 1680 συγγνώμης
1561 1647 1651 1681 τυχὼν
1666 1647 1790 1682 διωρθώ-

998 1695 1074 1719 σατο,
1091 1689 1138 1714 καὶ
1153 1689 1372 1725 διορθωσάμενος
1386 1691 1469 1718 πάλιν
1484 1692 1640 1726 ἀνέϐλεψεν,
1657 1693 1704 1719 καὶ
1721 1694 1790 1720 ἀπ’

997 1733 1098 1768 ϐλέψας
1116 1733 1236 1761 δουλεύει
1262 1737 1319 1767 τοῖς
1341 1736 1470 1772 μάρτυσι,
1492 1737 1626 1765 δουλεύων
1653 1739 1790 1774 ἀποδοχῆς

997 1779 1101 1814 ἠξιώθη
1116 1780 1287 1815 φιλόφρονος,
1304 1781 1353 1808 καὶ
1365 1783 1467 1818 ταύτης
1480 1783 1608 1815 ἀξιωθεὶς
1625 1785 1665 1815 εἰς
1677 1785 1723 1810 τὴν
1739 1785 1790 1818 τῆς

997 1825 1144 1859 ἐκκλησίας
1155 1827 1254 1861 κλῆρον
1265 1827 1402 1862 προέκοψε
1413 1836 1422 1845 ⁸
1434 1830 1495 1856 τότε
1509 1829 1538 1855 δέ
1553 1830 1642 1856 λαϐὼν
1653 1831 1682 1856 τὸ
1695 1831 1791 1864 φιλάνε

996 1871 1104 1906 θρωπον
1121 1873 1255 1908 ῥάπισμα,
1275 1875 1322 1901 καὶ
1337 1875 1435 1909 τυφλὸς
1448 1875 1486 1907 ὡς
1501 1876 1531 1902 τὸ
1546 1877 1654 1912 πρῶτον
1666 1878 1787 1911 γενόμεο

995 1927 1052 1950 νος.
1068 1919 1150 1946 πάλιν
1176 1920 1330 1956 ὑπέστρεφε
1347 1922 1394 1949 καὶ
1418 1921 1469 1957 τῆς
1490 1922 1662 1958 ποθουμένης
1682 1924 1790 1955 πόλεως

995 1965 1144 2000 ἀπηρνεῖτο
1159 1967 1210 2002 τὴν
1225 1967 1339 2001 εἴσοδον,
1354 1967 1410 1994 τῶν
1421 1968 1508 2002 ἁγίων
1522 1968 1600 2000 εἰδὼς
1612 1969 1663 2004 τὴν
1676 1970 1790 2004 συμπά-

996 2011 1082 2042 θειαν,
1097 2012 1145 2038 καὶ
1167 2013 1205 2044 ὡς
1221 2014 1422 2048 ἐπιστρέφοντα
1439 2013 1564 2046 δέξονται
1591 2015 1637 2041 καὶ
1651 2014 1789 2050 θεραπεύ-

996 2065 1088 2083 σονσιν
1104 2057 1171 2092 πρὸς
1187 2059 1325 2094 σωτηρίαν
1345 2059 1552 2091 παιδεύσαντες.

1031 2103 1140 2139 ’Δμέλει
1156 2105 1216 2131 κατ’
1232 2105 1342 2141 ἐκείνην
1352 2106 1401 2141 τὴν
1415 2106 1500 2133 νύκτα
1516 2106 1689 2141 κοιμώμενος
1704 2106 1786 2133 ἔϐλε-

995 2158 1041 2182 πε,
1063 2150 1165 2185 μᾶλλον
1188 2150 1216 2177 δέ
1241 2152 1301 2177 ἐπεὶ
1322 2152 1359 2187 μὴ
1379 2151 1503 2183 ἔϐλεπεν,
1534 2152 1664 2187 ἤκουσεν·
1681 2151 1789 2178 Θᾶττον

153 2202 263 2236 placare
277 2206 376 2229 curato
400 2205 538 2236 martyres
562 2200 729 2235 indignatos,
745 2207 816 2235 quos
830 2200 942 2234 dispen-

1006 2196 1176 2232 ιπόστρεψον,
1203 2198 1249 2224 καὶ
1260 2197 1397 2232 θεράπευε
1411 2197 1623 2232 τεθυμωμένους
1636 2198 1699 2228 τοὺς
1715 2198 1790 2232 μάρ-

153 2248 241 2276 sautis
256 2247 385 2283 templum
402 2246 576 2274 Cbristodori
591 2246 699 2274 scilicet
718 2246 790 2273 illius
806 2245 941 2273 mirabilis

153 2293 314 2321 insinuabat
328 2292 473 2320 vocabulo.
487 2291 630 2319 Veraciter
645 2295 735 2318 autem
758 2297 786 2318 et
816 2291 856 2318 sic
882 2294 942 2318 erat

150 2339 300 2371 somnium,
312 2339 365 2366 hoc
377 2337 448 2366 forte
459 2337 562 2365 sanctis
579 2345 626 2372 per
641 2337 762 2364 divinam
781 2337 941 2372 dispositio-

151 2393 212 2412 nem
229 2385 420 2421 operantibus.
439 2383 505 2418 quia
518 2383 578 2411 sine
591 2382 774 2413 Christodori,
794 2382 843 2415 ait,
871 2389 942 2416 prae-

151 2431 282 2466 ceptione
312 2430 427 2458 recessit
456 2437 462 2454 :
493 2429 567 2456 unde
616 2429 771 2456 venientem
807 2426 941 2454 Joannem

149 2485 240 2512 neque
255 2477 357 2509 videre,
372 2483 461 2511 neque
475 2476 518 2504 his
528 2476 574 2511 qui
589 2476 615 2502 in
629 2476 730 2510 templo
739 2479 817 2502 erant
827 2474 943 2502 inﬁrmis

149 2531 352 2551 connumerare
374 2522 473 2554 voluit,
506 2523 553 2551 sed
572 2522 599 2549 in
622 2522 773 2550 venerabili
788 2522 880 2556 templi
901 2529 945 2548 sa-

150 2570 242 2597 crario
254 2569 373 2605 jacebat,
385 2569 431 2596 ubi
456 2577 553 2596 omnes
569 2569 692 2603 hospites
706 2567 853 2602 iacebant;
883 2568 943 2594 loco

151 2617 216 2649 alio,
230 2620 342 2652 propter
358 2616 546 2652 languentium
557 2615 603 2649 qui
622 2615 678 2642 illic
695 2616 784 2641 inerat
800 2613 943 2649 p0pulum,

150 2669 205 2689 non
219 2667 339 2696 reperto.
360 2661 465 2688 Interea
489 2668 551 2688 cum
567 2659 690 2688 Joannes
719 2659 746 2686 in
774 2659 826 2686 hoc
854 2659 943 2686 trilms

149 2707 248 2735 diebus
272 2708 416 2742 iacuisset,
438 2711 464 2734 et
483 2707 572 2733 locum
596 2704 763 2733 inﬂrmantis
792 2705 862 2732 sicut
878 2705 943 2731 inti<

152 2758 255 2781 malum
269 2759 311 2781 est
332 2762 384 2781 non
403 2753 567 2786 accepisset,
582 2753 705 2788 gratiﬂca
722 2752 773 2778 hoc
792 2757 942 2787 martyrum

151 2800 331 2835 dispensante
343 2800 453 2831 rirtutc.
468 2803 530 2833 post
543 2803 598 2826 tres
614 2798 676 2825 illos
692 2798 751 2825 dies
765 2805 826 2824 cum
838 2798 943 2824 donni-

152 2849 203 2878 ret,
216 2845 362 2873 diaconum
380 2844 452 2872 videt
477 2844 502 2871 iu
532 2843 591 2870 loco
618 2842 744 2870 anthonis
762 2847 893 2870 stanti-ut.
919 2849 944 2870 ct

995 2240 1082 2277 τυρας
1093 2243 1203 2274 τούτους
1228 2245 1292 2276 τοὺς
1309 2244 1356 2270 τοῦ
1382 2244 1592 2279 οἱκονομοῦντος
1617 2244 1647 2270 τὸ
1661 2244 1788 2278 τέμενος,

996 2289 1182 2325 Χριστόδωρος
1211 2288 1245 2325 ἦν
1269 2292 1282 2317 ό
1307 2290 1471 2324 θαυμάσιος,
1504 2290 1629 2326 δηλώσας
1662 2291 1787 2324 ὀνόματι.

1003 2336 1113 2371 annos;
1127 2337 1155 2363 δὲ
1168 2337 1214 2363 καὶ
1228 2336 1313 2369 οὕτως
1324 2335 1358 2372 ἦν
1372 2338 1403 2363 τὸ
1416 2337 1553 2370 ἐνύπνιον,
1563 2337 1642 2363 τοῦτο
1651 2338 1722 2371 τάχα
1734 2337 1790 2363 τῶν

997 2383 1082 2416 ἁγίων
1096 2382 1167 2409 κατὰ
1180 2382 1254 2409 θείαν
1265 2383 1463 2418 ἐργασαμένων
1477 2384 1612 2418 διοίκησιν
1627 2392 1632 2398 ·
1652 2383 1790 2418 ὃτιχωρὶς

996 2428 1046 2462 τῆς
1054 2428 1255 2463 Χριστοδὼρου,
1265 2429 1358 2463 φησὶν,
1366 2428 1518 2464 ἐπιτροπῆς
1531 2430 1714 2463 ἀνεχώρησεν·
1727 2428 1790 2454 ὅθεν

997 2473 1107 2501 ἐλθόντα
1116 2475 1160 2501 τὸν
1170 2474 1298 2510 Ἰωάννην
1305 2474 1366 2501 οὔτε
1377 2475 1441 2501 ἰδεῖν
1450 2474 1511 2501 οὕτε
1524 2476 1578 2505 τοῖς
1590 2475 1641 2500 ἀνα
1650 2474 1694 2500 τὸν
1705 2474 1790 2507 σηκὸν

997 2521 1156 2548 ἀσθενοῦσιν
1166 2521 1385 2558 [συντάττεσθαι]
1392 2521 1546 2556 τεθέληκεν,
1555 2521 1646 2547 ἁλλ’ὲν
1652 2520 1689 2554 τῷ
1699 2519 1792 2554 οεπτῷ

997 2568 1043 2594 τοῦ
1058 2568 1188 2603 τεμένους
1201 2568 1326 2603 ἱερατείῳ
1337 2568 1491 2599 κατέκειτο,
1504 2567 1568 2594 ἔνθα
1581 2567 1628 2593 καὶ
1648 2567 1749 2596 πάντες
1766 2565 1792 2591 οι

999 2613 1164 2649 ξενιζόμενοι
1176 2614 1312 2649 μένουσιν,
1322 2614 1404 2641 τόπον
1417 2614 1510 2649 ῐἕτερον
1518 2614 1560 2639 δια
1571 2613 1616 2639 τὸν
1627 2613 1722 2639 ἐνόντα
1736 2611 1792 2637 τῶν

998 2660 1149 2686 νοσούντων
1162 2660 1230 2687 λεὼν
1244 2660 1281 2695 μὴ
1294 2661 1478 2696 εὑρίσκοντες.
1496 2661 1539 2687 Ἐν
1553 2659 1643 2695 τούτῳ
1651 2657 1717 2694 γοῦν
1732 2658 1792 2684 Ἰω-

999 2706 1196 2741 άννηεήμέραε
1221 2708 1295 2741 τρεῖς
1319 2706 1530 2740 κατακείμενος,
1550 2706 1597 2732 καὶ
1612 2705 1695 2731 τόπον
1708 2703 1793 2731 ἀσθε-

998 2752 1104 2783 νοῦντος
1120 2753 1149 2778 οὐ
1165 2752 1265 2782 λαϐὼν,
1282 2754 1319 2784 ὡς
1337 2752 1498 2787 δεδήλωται,
1508 2753 1557 2786 τῆς
1570 2753 1623 2778 τῶν
1639 2752 1790 2787 μαρτύρων

998 2798 1078 2825 τοῦτο
1092 2798 1280 2833 διοικουμένης
1295 2800 1477 2834 χαριεστάτης
1491 2799 1644 2833 δυνάμεως,
1659 2797 1728 2833 μετά
1742 2797 1794 2828 τὰς

998 2845 1072 2878 τρεῖς
1088 2843 1126 2874 ὡς
1142 2844 1283 2875 ἐκάθευδε,
1298 2844 1423 2871 διάκονον
1436 2845 1488 2880 όρᾷ
1501 2845 1572 2871 κατὰ
1588 2844 1671 2870 τόπον
1687 2842 1794 2870 ἑστῶτα
