1910 3078
174 135 242 168 3567

625 136 655 166 S.
677 135 886 166 SOPHRONH
903 137 1157 166 PATRURCIIIE
1176 137 1376 167 HIEROSOL.

1741 142 1812 173 3368

174 196 201 218 et
221 188 379 224 Itnjusmodi
396 196 462 217 voce
477 188 510 217 ad
524 188 662 217 inﬁrmum
675 189 773 217 ellatus
791 198 797 216 :
815 190 893 222 Vere,
908 190 962 216 fra-

1022 189 1151 225 Ξεύτερον,
1177 191 1258 218 πάλιν
1288 192 1302 218 ὁ
1331 191 1423 227 Κῦρος
1450 192 1614 219 ἐπιδέδωκεν
1636 192 1809 229 ἀνελόμενος,

173 241 227 268 ter,
251 235 329 263 valde
344 235 458 262 multum
479 235 633 263 desideravi
649 236 751 270 templo
770 241 795 262 te
818 236 962 263 adita-ren-

174 288 240 314 tt‘m,
254 287 279 310 et
291 283 405 310 audire:
418 283 512 315 Amen,
525 290 615 315 amen,
633 283 756 315 Domine,
769 283 918 310 dicentem.
932 284 965 310 At

176 329 222 356 ille
238 329 394 364 intelligens
407 329 479 364 quod
501 329 535 356 de
561 329 756 364 mysteriorum
781 329 885 356 Christi
904 337 964 364 per-

176 375 304 409 ceptione
323 375 444 405 dit-etet;
464 379 529 401 tunc
556 375 628 402 enim
656 374 727 400 hanc
753 375 964 406 sacerdotibus,

175 421 240 447 dum
255 421 391 447 virilicntn
409 426 435 446 et
453 420 574 447 salutare
591 428 691 455 corpus
706 425 731 447 et
744 421 903 455 sanguinem
918 420 964 448 Dei

175 467 355 500 distribuunt,
380 466 574 494 allocutionem
594 466 792 500 respondentes
819 466 963 499 edicimus,

177 513 364 541 testimonium
383 520 448 539 voce
464 512 575 547 propria
590 513 768 548 perliibentes
784 519 816 538 ac
834 512 965 547 proﬁten-

173 563 215 587 tes
234 559 306 595 quod
322 567 417 586 verum
432 559 478 591 sit,
491 562 518 586 et
530 560 605 586 'vere
626 559 734 585 dicatur
750 558 824 593 quod
854 558 888 585 ab
909 558 964 585 illis

175 605 255 633 nobis
269 606 295 632 in
312 606 484 640 spiritualem
501 613 604 636 escam,
621 605 684 632 etin
699 604 890 631 remissionem
903 612 965 639 pce-

173 656 295 679 catortnn
321 652 470 685 tribuitur;
503 659 551 686 per
579 651 702 686 singulos
728 650 881 678 dominicus
906 651 964 677 dies

173 697 244 725 hanc
256 705 286 725 se
303 697 485 724 immortalem
518 704 610 724 escam
642 704 752 723 sumere
776 695 962 730 promittebat.

175 742 229 770 Sed
244 748 359 771 sanctus
374 742 548 770 manifestius
561 743 665 769 iaciens
681 742 813 772 audienti.
835 748 908 773 vere,
921 741 964 767 in-

176 788 248 822 quit,
265 795 316 815 nec
329 787 413 815 semel
441 788 494 815 huc
511 787 623 814 veniens
639 786 860 819 eommuuicasti,
889 785 962 820 quod

177 834 230 862 nisi
248 834 377 869 gesseris,
395 842 445 861 nec
458 842 508 862 nos
520 834 569 861 tibi
584 834 648 869 quid
666 834 885 861 necessariorum
897 840 964 860 eon-

178 880 248 907 ferre
263 880 426 915 poterimus.

1024 235 1068 266 Ὥς
1079 235 1107 262 δὲ
1123 236 1204 263 πάλιν
1216 236 1246 262 τὺ
1261 237 1352 272 τρίτον
1371 237 1538 272 παρέπεσεν,
1561 237 1643 265 πάλιν
1666 239 1699 266 ἐκ
1715 241 1809 275 τρίτον

1017 281 1108 308 λαῦὼν
1119 282 1293 314 ἐπιδέδωκεν,
1309 283 1431 318 οἰμώξας
1445 283 1549 320 τρόπον
1565 285 1639 318 τινὰ,
1652 286 1700 312 καὶ
1713 287 1810 314 τοιαύ-

1017 336 1067 363 την
1081 330 1176 364 φωνὴν
1193 329 1261 364 πρὸς
1274 329 1319 356 τὸν
1335 329 1501 357 ἀσθενοῦντα
1520 331 1707 365 φθεγξάμενος
1719 339 1726 347 ·
1745 333 1812 360 Ὃν-

1015 383 1080 406 τως,
1095 374 1203 409 ἀδελφὲ,
1218 375 1288 402 πάνυ
1312 375 1379 402 πολὺ
1408 377 1603 413 προσεπόθησα
1629 377 1668 413 τῷ
1691 378 1745 414 νεῷ
1763 378 1812 406 σοῦ

1016 419 1270 455 προσπελάσαντος,
1285 421 1333 448 τοῦ
1351 422 1468 449 ἀκοῦσαί
1490 432 1535 450 σου
1549 424 1589 456 τδ,
1612 424 1710 460 ’Λμὴν,
1724 425 1810 460 ἀμὴν,

1017 465 1113 500 Κύριε,
1131 466 1265 500 λέγοντος.
1284 466 1312 493 'U
1325 467 1353 493 δὲ
1371 468 1458 500 συνεὶς
1470 468 1507 500 ὡς
1523 469 1572 504 τῆς
1587 470 1641 496 τῶν
1652 471 1813 506 μυστηρίων

1015 511 1135 547 Χριστοῦ
1157 512 1334 547 μεταλήψεως
1348 513 1442 540 ἕνεκεν
1452 514 1564 550 εἴρηκεν
1576 514 1649 550 (τότε
1665 515 1720 551 γὰρ
1731 516 1813 543 τοῦτο

1015 558 1072 588 τοῖς
1091 557 1211 591 ἱερεῦσιν
1225 558 1256 584 τὸ
1283 559 1417 590 ζωοποιὺν
1430 560 1477 586 καὶ
1490 561 1625 596 σωτήριον
1654 561 1736 596 σῶμα
1765 562 1813 588 καὶ

1015 600 1085 636 αἷμα
1101 603 1220 638 Χριστοῦ
1233 603 1279 630 τοῦ
1293 604 1360 630 Θεοῦ
1375 604 1532 640 διανέμουσι
1556 607 1739 642 πρόσφθεγμα
1766 607 1813 633 λέ-

1015 657 1112 683 γομεν,
1128 649 1332 684 μαρτυροῦντες
1346 651 1435 686 οίκείᾳ
1452 653 1527 687 φωνῇ
1544 654 1590 678 καὶ
1608 653 1810 686 συντιθέμενοι,

1015 693 1051 724 ὡς
1063 694 1163 729 ἀληθὲς
1179 694 1226 721 καὶ
1242 695 1300 721 ἐστι
1317 704 1345 722 τε
1361 697 1408 722 καὶ
1423 696 1541 731 λέγεται.
1571 697 1603 723 τὸ
1614 698 1680 732 πρὸς
1694 698 1810 724 ἐκείνων

1015 740 1055 771 είς
1066 739 1169 775 τροφὴν
1181 741 1246 776 ἡμῖν
1263 741 1450 777 πνευματικὴν
1475 743 1522 769 καὶ
1545 742 1641 777 ἄφεσιν
1665 743 1812 779 ἁμαρτιῶν

1016 786 1213 821 παρεχόμενον,
1231 787 1290 814 καθ’
1309 787 1428 823 ἑκάστην
1445 789 1587 824 Κυριακὴν
1601 789 1704 823 ταύτης
1721 798 1809 824 μετα-

1015 832 1166 867 λαμὸάνειν
1181 835 1230 868 τῆς
1245 833 1381 861 ἀθανάτου
1396 835 1499 869 τροφῆς
1513 835 1690 870 ἀπεκρίνατο.
1708 835 1782 862 Ἀλλ’
1795 836 1811 861 ό

1016 878 1093 913 ἅγιος
1109 879 1299 916 φανερώτερον
1312 880 1398 907 ποιῶν
1407 880 1445 916 τῷ
1469 881 1596 908 ἀκούοντι
1605 881 1636 908 τὸ
1650 882 1811 918 λεγόμενον,

179 929 294 961 Ὄντως,
309 928 403 964 φησὶν,
425 927 478 954 οὐδ’
495 925 569 960 ἅπαξ
585 927 678 955 ἐνθάδε
700 926 788 962 μολὼν
807 926 999 961 ἑκοινώνησας’
1015 926 1083 963 ὅπερ
1100 927 1125 954 εί
1147 927 1184 964 μὴ
1209 927 1323 964 δράσῃς,
1345 929 1372 955 τὶ
1395 929 1449 956 τῶν
1475 929 1633 963 ἀναγκαίων
1655 930 1752 965 ὀνῆσαι
1777 931 1811 957 οὗ

174 975 326 1012 δυνάμεθα.

210 1022 333 1057 Surgens
354 1026 444 1049 autem
459 1029 474 1048 τι
495 1028 592 1048 somno
604 1020 772 1056 Stephanus,
787 1021 820 1048 ad
839 1028 964 1048 commn-

176 1067 286 1095 nionem
299 1067 424 1102 confugit
443 1066 581 1098 Ecclesiae,
599 1065 736 1101 bujusque
764 1065 892 1101 mysteria
921 1071 965 1091 se-

176 1118 304 1150 quentem
327 1113 427 1148 reperit
445 1113 544 1140 visum.
568 1111 636 1139 llinc
658 1116 685 1139 et
701 1112 743 1139 bis
759 1112 804 1146 qui
830 1111 894 1138 huic
911 1110 964 1137 mi-

175 1161 330 1189 nistra‘bant
341 1159 375 1187 de
391 1158 587 1187 ecclesiasticis
601 1157 752 1185 Salvatoris
762 1156 859 1184 ovibus
875 1155 964 1183 factus

176 1211 230 1239 est,
244 1207 380 1235 insaniant
401 1213 464 1233 esse
479 1203 654 1231 manifestam
668 1224 675 1236 ,
693 1210 850 1239 quanquam
863 1201 964 1228 barba-

176 1261 224 1281 rus
238 1256 323 1286 esset,
337 1251 474 1286 cogitans.
490 1254 585 1277 contra
603 1249 685 1276 Deum
698 1252 725 1275 et
741 1252 853 1274 sanctos
869 1245 964 1272 Eccle-

176 1300 301 1334 siamque
312 1297 475 1325 catholicam
492 1301 520 1323 et
534 1295 713 1323 orthodoxam
729 1294 810 1321 ﬁdem
832 1299 963 1328 pugnare.

177 1345 230 1373 Sed
250 1345 294 1372 ille
309 1344 356 1380 qui
371 1341 615 1370 omnibusinvidet
641 1341 730 1372 bonis,
746 1345 774 1367 et
797 1340 823 1366 in
843 1339 895 1366 hos
918 1338 964 1372 qui

176 1391 317 1417 salvantur
334 1389 428 1416 livoris
447 1388 554 1415 facibus
575 1386 736 1417 inardescit,
753 1385 853 1412 donum
883 1383 965 1410 dimi-

176 1437 251 1464 dium
265 1436 388 1465 abstulit,
402 1435 465 1462 licet
483 1439 568 1461 totum
598 1433 706 1460 auferre
733 1432 826 1458 volens
852 1430 965 1458 minime

177 1483 322 1518 potuisset.
338 1481 404 1508 Post
422 1481 567 1508 sanitatem
582 1480 683 1515 quippe
707 1479 806 1505 animm
827 1484 858 1504 ac
871 1483 964 1510 corpo-
978 1467 1000 1498 C

179 1529 226 1561 ris,
241 1527 590 1563 reccptumqueutriusque
605 1525 677 1552 oculi
691 1524 791 1555 vistnn,
805 1531 866 1550 cum
876 1522 966 1549 adlmc

178 1577 205 1603 in
222 1579 380 1603 sanctorum
396 1572 508 1600 basilica
524 1575 690 1603 moraretur,
708 1571 832 1597 minister
847 1569 967 1596 interro-

178 1622 256 1657 gabat
270 1620 437 1656 Stephanum
456 1628 463 1647 :
480 1618 560 1651 Ecce,
578 1618 625 1650 ait,
643 1625 658 1644 ο
669 1617 790 1648 domine,
801 1616 844 1642 hic
857 1619 966 1642 sancto-

178 1675 238 1695 rum
257 1666 416 1694 obedientes
434 1664 533 1699 jussis,
552 1666 803 1690 commumcatorcs
825 1660 967 1688 catholica:

181 1714 244 1742 I'acti
272 1720 370 1741 sumus
382 1711 529 1744 Ecclesia);
557 1717 618 1737 cum
639 1714 729 1736 autem
763 1708 797 1734 ad
826 1707 966 1734 civitatem

178 1763 300 1787 nostram
335 1757 483 1784 auxiliante
504 1754 559 1783 Deo
581 1755 786 1790 pervenerimus
811 1753 838 1780 in
868 1753 966 1779 horutn

179 1809 258 1841 putas
286 1802 460 1839 jussionibus
487 1799 730 1836 permanebimns?
758 1807 792 1826 an
810 1799 910 1826 iterum
932 1796 966 1824 ad

179 1851 296 1886 pristina
312 1845 526 1884 repedabimus?
542 1847 588 1874 llle
602 1854 666 1874 vero
678 1845 713 1873 ad
723 1852 785 1872 eum
806 1843 947 1880 respondit
959 1853 964 1870 :

179 1897 247 1925 Dum
259 1904 364 1929 sumus,
376 1895 514 1930 inquiens,
523 1893 578 1925 hic,
590 1899 651 1928 qua:
662 1892 790 1919 videntur
800 1890 966 1925 martyribus

179 1949 361 1979 peragamus;
385 1948 448 1968 cum
479 1944 570 1967 autem
592 1938 656 1965 hinc
673 1937 833 1969 abierimus,
856 1935 966 1971 propria

177 1989 306 2024 dogmata
328 1987 401 2015 sicut
425 1989 505 2013 antea
537 1984 727 2015 retinebimus,
743 1987 769 2010 et
790 1982 869 2009 [idem
884 1988 966 2016 quam

179 2034 258 2061 nobis
274 2037 364 2069 patres
382 2031 468 2059 nostri
481 2030 664 2058 tradiderunt.

214 2164 247 2191 Et
262 2164 320 2192 haec
333 2163 443 2199 quidem
460 2163 528 2190 solis
542 2162 651 2189 interim
672 2159 873 2188 intentionibus
891 2159 966 2186 dice-

179 2212 295 2244 bautur;
310 2219 380 2246 opus
397 2215 487 2237 autem
501 2209 592 2237 verbis
612 2208 734 2236 nondum
763 2208 817 2235 tale
854 2207 966 2242 copula-

179 2259 272 2290 batur;
292 2258 360 2284 ultio
373 2257 465 2284 divina
477 2255 652 2283 sermonibus
673 2263 750 2290 aeque
776 2260 803 2282 ιιι
835 2255 965 2290 operibus

179 2304 290 2337 auditis,
306 2303 383 2338 quasi
399 2306 533 2338 agentem,
544 2301 679 2328 dicentem
700 2301 896 2328 insectabatur.
908 2300 966 2327 Nux

179 2350 251 2378 enim
262 2353 324 2384 post
335 2348 403 2376 solis
418 2355 547 2374 occasum
564 2352 591 2374 et
606 2347 679 2374 illius
699 2347 752 2373 diei
768 2347 880 2374 veniens
908 2350 965 2373 ter-

181 2396 282 2426 minus,
299 2395 342 2422 his
357 2394 404 2429 qui
414 2401 495 2428 supra
510 2397 610 2420 terram
627 2397 705 2420 erant
722 2393 841 2427 requiem
863 2400 965 2420 concc-

179 2443 271 2474 debat,
287 2440 442 2468 hominibus
461 2440 575 2472 Scilicet,
593 2438 863 2474 aliisquodattnnodo
875 2439 966 2465 ferens

179 2494 317 2519 somnum,
332 2490 360 2512 ct
376 2487 494 2512 clamore
511 2486 635 2512 rocituns
651 2485 753 2516 lutneu,
773 2492 833 2510 cum
846 2492 895 2510 nec
907 2485 965 2519 ipsa

180 2532 303 2567 profecto
319 2537 389 2558 vane
401 2530 435 2557 ab
452 2531 573 2557 omniutn
589 2529 704 2557 Factore
716 2530 750 2556 sit
764 2530 835 2557 lacla
852 2538 858 2557 :
872 2538 925 2564 qua
939 2534 967 2556 et

181 2576 322 2610 Stephano
341 2580 470 2609 tanquam
496 2576 603 2610 ingrato
616 2581 750 2610 martyres
766 2580 910 2610 apparent,
939 2579 966 2601 et

182 2622 386 2657 ingratitudinis
408 2630 469 2648 eum
497 2629 589 2656 punias
619 2622 694 2647 luere
724 2625 837 2654 cogunt,
862 2620 967 2647 balneis

181 2668 254 2694 hunc
278 2667 317 2694 uti
342 2667 542 2702 praecipientes,
577 2666 676 2701 quibus
705 2666 776 2692 sient
808 2665 901 2699 iussus
926 2670 968 2692 est

181 2718 272 2746 ntens,
286 2713 322 2740 ita
344 2713 413 2740 male
429 2717 560 2740 lrnt'lattts
581 2715 633 2743 est,
649 2716 678 2738 ut
693 2717 772 2738 nocte
792 2719 824 2738 ac
842 2711 886 2737 die
907 2711 967 2745 plu-

182 2758 281 2786 rimum
296 2759 429 2794 vigilaret,
442 2763 540 2785 etcum
559 2757 652 2784 multis
675 2756 827 2786 doloribus.
846 2757 908 2791 quia
928 2756 968 2782 in-

181 2811 303 2831 somuem
317 2803 530 2831 ducebatvitam
549 2802 678 2837 ploraret,
701 2802 772 2836 quod
790 2802 816 2828 in
843 2802 969 2836 passione

167 2856 375 2878 mensuumeos
400 2850 444 2884 qui
476 2849 617 2884 patiuntur
641 2846 777 2874 adducere
803 2847 887 2874 norit.
915 2846 967 2874 Sed

1058 1020 1193 1053 Ἀναστὰς
1204 1021 1232 1048 δὲ
1245 1021 1300 1048 τῶν
1316 1021 1408 1049 ὕπνων
1424 1023 1437 1050 ό
1452 1022 1598 1057 Στέφανος,
1610 1024 1643 1058 τῇ
1659 1022 1708 1058 τῆς
1724 1022 1810 1049 καθο-

1016 1065 1094 1101 λικῆς
1111 1067 1276 1102 Ἑκκλησίας
1303 1069 1431 1104 κοινωνίᾳ
1453 1068 1653 1104 προσέδραμεν,
1680 1069 1727 1095 καὶ
1751 1071 1810 1100 τοῖς

1015 1112 1115 1148 ταύτης
1149 1113 1309 1149 μυστηρίοις
1323 1114 1460 1150 ἑπομένην
1477 1115 1524 1150 τὴν
1554 1115 1699 1150 ἀνάϐλεψιν
1732 1115 1810 1150 εὔρι-

1017 1166 1093 1185 σκεν.
1117 1158 1256 1185 Ἐντεῦθεν
1270 1160 1317 1186 καὶ
1329 1160 1344 1186 ό
1355 1160 1441 1194 τούτῳ
1457 1159 1677 1194 διακονούμενος,
1692 1160 1748 1186 τῶν
1762 1161 1811 1187 ὲκ-

1018 1203 1219 1238 κλησιαστικῶν
1235 1204 1281 1230 τοῦ
1291 1204 1416 1240 Σωτῆρος
1429 1204 1573 1239 προεάτων
1584 1206 1698 1239 ἐγίνετο,
1709 1205 1810 1239 μανία-ι

1018 1246 1088 1275 εἶναι
1102 1250 1185 1284 σαφῆ,
1203 1249 1291 1276 καίτοι
1308 1249 1446 1286 βάρϐαρος
1473 1250 1523 1283 ὣν,
1551 1250 1742 1286 λογισάμενος,
1777 1251 1810 1278 τδ

1019 1295 1086 1330 πρὸς
1102 1296 1168 1322 Θεὸν
1184 1297 1231 1322 καὶ
1246 1296 1352 1330 ἁγίους,
1365 1297 1530 1332 Ἐκκλησίαν
1545 1306 1574 1324 τε
1593 1297 1739 1333 καθολικὴν
1760 1298 1811 1327 καὶ

1019 1341 1110 1368 πίστιν
1123 1340 1264 1377 ὸρθόδοξον
1277 1342 1413 1377 μάχεσθαι
1432 1351 1438 1358 ·
1455 1343 1514 1369 ἀλλ’
1536 1344 1550 1370 ό
1578 1344 1662 1370 πᾶσιν
1689 1344 1733 1370 ἀεὶ
1750 1346 1810 1374 τοῖς

1018 1390 1146 1424 χρηστοῖς
1164 1388 1402 1424 διαφθονούμενος,
1428 1389 1475 1415 καὶ
1491 1389 1602 1420 τούτους
1632 1389 1807 1424 σωζομένους

1019 1433 1181 1465 ἐϐάσκανεν,
1194 1434 1241 1460 καὶ
1259 1433 1289 1459 τὸ
1302 1433 1388 1469 δῶρον
1412 1433 1442 1465 ἐξ
1464 1434 1593 1468 ἡμισείας
1621 1433 1748 1468 ἀφείλετο
1760 1441 1769 1449 ·
1785 1434 1811 1460 εἰ

1017 1479 1064 1506 καὶ
1087 1479 1117 1506 τὸ
1128 1479 1180 1506 πᾶν
1194 1479 1342 1514 ἀφελέσθαι
1360 1479 1502 1514 βουληθεὶς
1517 1480 1547 1506 οὐ
1561 1479 1716 1514 δεδύνηται,
1744 1479 1811 1511 τοὺς

1019 1526 1163 1562 μάρτυρας
1175 1525 1263 1561 εὑρὼν
1278 1526 1452 1557 ὑπασπιστὰς
1475 1526 1520 1552 τοῦ
1538 1525 1711 1561 δωρήματος.
1732 1526 1811 1552 Μετὰ

1017 1571 1072 1605 γὰρ
1089 1573 1138 1606 τὴν
1151 1571 1235 1606 ρὦιν
1249 1573 1297 1606 τῆς
1310 1572 1398 1607 ψυχῆς
1416 1573 1464 1598 καὶ
1480 1571 1528 1598 τοῦ
1541 1571 1679 1606 σώματος,
1689 1571 1737 1598 καὶ
1753 1571 1812 1598 τῶν

1018 1617 1156 1652 ἑκατέρων
1168 1616 1315 1651 ὀφθαλμῶν
1327 1616 1376 1652 τὴν
1390 1616 1548 1650 ἀνάδλεψιν,
1558 1616 1598 1642 ἔτι
1611 1616 1681 1642 κατὰ
1692 1616 1738 1642 τὸν
1755 1623 1808 1650 6n-

1018 1663 1065 1689 κόν
1084 1663 1277 1698 διατρίϐοντες,
1297 1663 1311 1689 ό
1327 1663 1535 1698 διακονούμενος
1554 1662 1647 1698 ἠρώτα
1669 1663 1713 1688 τὸν
1745 1662 1813 1688 Στέ-

1019 1717 1101 1741 φανον
1119 1717 1125 1724 ·
1159 1708 1237 1741 Ίδοῠ,
1270 1709 1362 1742 φησὶν,
1384 1707 1487 1740 ἐνθάδε,
1510 1705 1532 1734 ὦ
1556 1707 1644 1742 κύριε,
1671 1709 1732 1739 ταῖς
1753 1708 1810 1733 τῶν

1018 1756 1104 1790 ἁγίων
1118 1755 1277 1786 πεισθέντες
1305 1754 1472 1786 κελεύσεσιν,
1497 1755 1650 1781 κοινωνικοὶ
1669 1755 1718 1788 τῆς
1740 1753 1811 1780 καθ-

1017 1802 1110 1835 ολικῆς
1133 1800 1296 1835 Ἐκκλησίας
1311 1800 1480 1835 γεγόναμεν·
1507 1800 1556 1835 τὴν
1576 1801 1765 1835 ὲνεγκαμένην
1777 1800 1808 1826 δὲ

1019 1848 1066 1874 σὺν
1100 1846 1159 1882 Θεῷ
1183 1845 1436 1880 καταλαμϐάνοντες
1465 1846 1628 1881 ἐμμένωμεν
1664 1843 1718 1880 ἆρα
1745 1847 1811 1877 ταῖς

1017 1891 1120 1918 τούτων
1138 1890 1336 1926 κελεύσεσιν,ἦ
1352 1891 1419 1924 πρὸς
1430 1891 1460 1917 τὸ
1477 1890 1572 1926 πρώην
1603 1890 1684 1917 πάλιν
1713 1891 1809 1925 χωρή-

1018 1945 1125 1971 coitum;
1144 1937 1174 1963 '0
1193 1937 1221 1963 δὲ
1236 1937 1304 1972 πρὸς
1319 1937 1399 1963 αὐτὸν
1421 1937 1597 1972 ἀπεκρίνατο,
1620 1937 1656 1969 ὡς
1670 1936 1809 1964 Ἐνταῦοα

1020 1982 1069 2017 μὲν
1081 1982 1156 2013 ὅντες
1172 1982 1204 2008 τὰ
1220 1981 1349 2009 δοκοῦντα
1364 1983 1472 2017 δρῶμεν
1483 1984 1539 2014 τοῖς
1557 1982 1809 2018 μάρτυσιν,ἅπιόν-

1017 2036 1062 2060 τες
1082 2028 1110 2055 δὲ
1129 2028 1183 2054 τῶν
1198 2028 1334 2059 ἐντεῦθεν,
1349 2028 1404 2054 τῶν
1421 2028 1528 2054 οἰκείων
1553 2028 1634 2055 πάλιν
1662 2029 1810 2063 δογμάτων

1018 2073 1056 2105 ὡς
1069 2074 1099 2100 τὸ
1127 2074 1191 2110 πρὶν
1208 2073 1394 2109 ἁνθεξώμεθα,
1419 2074 1466 2100 καὶ
1495 2074 1614 2105 πίστεως
1638 2072 1672 2109 ἦς
1685 2075 1752 2109 ἡμῖν
1782 2074 1809 2100 οι

1020 2120 1136 2154 πατέρες
1149 2119 1228 2154 ἡμῶν
1244 2120 1424 2154 ἐνεχείρισαν.

1054 2164 1108 2190 Καὶ
1122 2164 1209 2190 ταῦτα
1222 2163 1271 2198 μὲν
1285 2164 1313 2189 ὲν
1329 2163 1423 2197 μόναις
1438 2163 1506 2195 τέως
1518 2163 1626 2197 ἐλέγετο
1640 2165 1700 2195 ταῖς
1712 2163 1804 2190 ἐντεύ-
1842 2173 1845 2191 1

1018 2209 1091 2241 ξεσιν
1106 2217 1113 2224 ·
1129 2210 1208 2243 ἔργον
1224 2209 1253 2235 δὲ
1265 2209 1322 2245 τοῖς
1333 2208 1423 2242 λόγοις
1436 2208 1511 2234 οὔπω
1525 2208 1624 2237 τοιόνδε
1642 2209 1808 2243 συνήπτετο·

1018 2256 1064 2281 καὶ
1076 2255 1138 2289 δίκη
1155 2255 1209 2281 τῶν
1224 2254 1311 2288 λόγων
1326 2254 1420 2288 ὥσπερ
1431 2254 1518 2289 ἔργων
1532 2254 1684 2286 ἀκούσασα,
1702 2255 1740 2286 ὡς
1756 2263 1810 2281 πε-

1017 2301 1141 2336 πραχότα
1154 2300 1199 2327 τὸν
1209 2301 1340 2335 εἰρηκότα
1354 2301 1515 2335 μετήρχετο.
1534 2300 1590 2333 Νὺξ
1609 2301 1664 2336 γὰρ
1681 2301 1752 2335 μετὰ
1760 2301 1812 2332 τὰς

1018 2347 1096 2382 ἡλίου
1115 2346 1220 2382 δυσμὰς
1236 2346 1368 2381 κάκείνης
1383 2346 1432 2381 τῆς
1448 2347 1557 2381 ἡμέρας
1583 2346 1698 2372 ἐλθοῦσα
1714 2346 1746 2372 τὸ
1760 2346 1812 2372 πέ-

1019 2401 1069 2428 ρας
1084 2393 1137 2423 τοίς
1150 2392 1196 2418 ἐπὶ
1210 2393 1262 2426 γῆς
1278 2391 1431 2427 ὲὸρὰδευσε
1440 2392 1490 2425 τὴν
1525 2392 1680 2418 ἀνάπαυσιν
1701 2391 1812 2426 ἀνθρώ-

1018 2447 1091 2470 ποις,
1109 2437 1232 2472 δηλονότι
1241 2436 1326 2463 ὕπνον
1341 2437 1410 2471 αὺτῆ
1420 2439 1480 2468 ταῖς
1494 2437 1606 2472 πτέρυξι
1621 2437 1754 2473 φέρουσα,
1765 2438 1813 2463 καὶ

1019 2485 1108 2520 βοῶσα
1127 2485 1220 2518 σαφῶς
1231 2483 1268 2514 ὡς
1281 2484 1311 2509 οὺ
1334 2484 1423 2518 μάτην
1452 2483 1506 2510 οὐδ’
1535 2483 1607 2519 αὑτὴ
1640 2483 1678 2518 τῷ
1700 2484 1813 2510 πάντων

1019 2530 1115 2564 ποιητῇ
1133 2528 1411 2563 πεπλαστούργηται·
1429 2528 1489 2554 καθ’
1500 2529 1589 2564 ἦνκαὶ
1615 2530 1639 2555 oi
1671 2529 1813 2564 μάρτυρες

1018 2576 1146 2611 Στεφάνῳ
1173 2576 1209 2606 ὡς
1234 2574 1374 2610 ἀγνώμονι
1400 2576 1554 2609 φαίνονται,
1583 2576 1630 2602 καὶ
1653 2576 1702 2610 τῆς
1716 2577 1815 2611 ἀχαρι-

1019 2623 1095 2653 στίας
1113 2622 1194 2648 αὐτὸν
1207 2622 1254 2652 τὰς
1269 2621 1346 2652 δίκας
1363 2620 1574 2656 εἰσπράττοντα,
1591 2621 1714 2657 λουτροῖς
1730 2622 1814 2648 αὐτὴν

1019 2668 1211 2703 ἐπιτρέψαντες
1224 2667 1376 2702 χρήσασθαι
1389 2676 1395 2683 ·
1413 2666 1453 2699 οἷς
1480 2668 1515 2699 ὠς
1538 2667 1686 2703 ἐκελεύσθη
1704 2668 1813 2702 χρησὰ-

1021 2723 1110 2750 μενος,
1137 2713 1210 2740 οὕτω
1236 2713 1343 2748 διετέθη
1365 2714 1469 2746 κακῶς,
1485 2715 1522 2745 ὡς
1539 2714 1625 2740 πολλὰ
1636 2716 1812 2749 γρηγορῆσαι

1019 2761 1190 2795 νυχθήμερα,
1207 2760 1254 2786 καὶ
1267 2760 1314 2796 τὴν
1333 2760 1433 2796 πολλὴν
1460 2761 1576 2787 ὰῡπνίαν
1597 2761 1646 2787 σὺν
1660 2762 1720 2792 ταῖς
1749 2761 1812 2787 ὀδύ-

1024 2811 1084 2834 ναις
1101 2802 1254 2837 ὀδύρεσθαι,
1264 2804 1303 2833 είς
1312 2802 1396 2834 πάθος
1411 2803 1517 2838 φρενῶν
1533 2799 1739 2837 φέρεινέίδυίαν
1750 2803 1814 2835 τοὺς

1024 2848 1188 2882 πάσχοντας.
1221 2846 1293 2874 Ἀλλ’
1310 2848 1376 2884 αὑτὴ
1400 2849 1448 2884 μὲν
1465 2849 1617 2883 μαστίξισα
1642 2850 1678 2882 ὡς
1698 2850 1757 2876 δέον
1780 2849 1814 2885 ἦν
