1910 3078
116 123 186 154 2573

599 121 651 150 SS.
665 119 752 149 (lYl’tl
774 119 820 147 ΕΤ
839 116 1000 148 JOANNIS
1015 114 1225 145 MIRACULA.

1687 104 1758 137 3574

118 182 300 217 φλεγόμενον.
318 179 448 215 τοιαύτην
469 178 544 213 αὐτῷ
564 178 738 213 προτείνουσι
757 176 812 210 (27)
829 175 913 210 λητὴν
930 197 933 204 ,

986 177 1073 203 entes,
1090 171 1114 198 si
1140 171 1193 203 ris,
1209 170 1298 202 aiunt,
1314 176 1329 195 a
1348 168 1478 203 languore
1503 166 1627 196 liberari,
1644 173 1760 200 surgens

121 229 187 265 [imo
210 225 420 263 Ἰσραηλιτικδν]
432 225 500 252 λεὼν
514 226 538 251 οἱ
560 224 662 251 τούτων
683 224 773 257 γονεῖς
789 222 836 249 καὶ
848 229 914 256 προ-

121 274 241 309 πάτορες
252 281 260 288 ·
284 272 346 299 ὅθεν
362 272 376 297 ὁ
393 272 495 306 Πέτρος
523 270 590 306 μηδὲ
607 270 699 304 τυχεῖν
720 268 805 303 ἔφησε
822 267 915 302 βούλε-

122 321 186 348 σθαι
205 320 324 356 ῥώσεως,
338 318 406 353 μηδὲ
416 318 467 351 τῆς
481 317 590 344 συνόδου
601 316 728 350 γενέσθαι
737 315 786 349 τῆς
801 315 830 341 ὲν
845 313 916 341 Χαλ-

121 367 216 402 κηδόνι
233 365 416 400 συναχθείσης
430 363 568 399 όμόδοξος.
585 362 617 388 Οί
632 362 661 388 δὲ
677 361 816 388 θεσπέσιοι
829 360 916 387 ταῦτα

121 413 229 447 λέγοντι
249 410 485 447 προσηπείλησαν,
499 410 548 436 καὶ
563 408 602 440 ὡς
618 408 669 435 οὐκ
684 408 771 439 ἄλλως
791 407 915 443 σωθήσε-

121 468 167 486 ται
184 459 322 494 φήσαντες
347 456 540 492 ἀνεχώρησαν.
555 453 605 486 τὰς
625 453 774 488 ἀλγηδόνας
787 452 862 486 αὑτῷ
875 452 915 478 δι-

121 505 302 536 υπνίσαντες,
331 502 365 534 ἃς
393 500 465 537 ἦσαν
491 499 814 534 αὐτοικατευνάσαντις.
844 498 916 525 Ὀδὲ

121 552 238 583 ταύταις
260 549 355 582 δεινῶς
379 548 554 583 αἰκιζόμενος
574 547 655 574 πάλιν
679 546 807 581 ἀρωγοὺς
824 544 916 572 ἐκάλει

121 597 186 628 τοὺς
203 596 345 631 μάρτυρας
355 603 362 610 ·
375 593 444 621 ἀλλὰ
465 592 546 620 πάλιν
561 592 695 623 ὲλθόντες,
707 591 756 617 καὶ
771 590 806 616 τὰ
820 589 917 624 πρῶτα

123 640 328 675 προτείναντες,
346 638 506 673 ἀπράκτους
525 636 671 663 ἀπέλυσεν.
688 635 726 661 υὺ
743 633 823 668 μόνον
835 633 864 659 δὲ
876 632 918 664 δὶς

123 687 172 714 καὶ
189 687 248 721 τρὶς
270 686 286 720 ἢ
302 685 431 720 τετράκις
455 684 534 710 τοῦτο
548 682 711 717 πεποίηκεν,
733 680 800 707 ἀλλὰ
818 679 918 706 πολλά-

123 742 168 765 κις
189 733 290 763 αὐτοὺς
305 731 397 759 καλῶν
410 732 451 762 είς
469 730 606 765 βοήθειαν,
623 728 671 755 καὶ
685 727 720 754 δι’
740 725 830 754 οἶκτον
844 725 918 761 αὺτῷ

123 779 209 805 πολὺν
224 777 423 809 ὑπακούοντας,
444 777 490 803 καὶ
508 776 542 802 τὰ
560 774 630 801 αὐτᾶ
648 774 734 800 ποιεῖν
756 771 919 807 ἐπιτρέπον-

123 833 185 856 τας,
198 824 236 854 ὡς
247 824 298 851 οὐκ
312 823 439 854 ἐλθόντας
455 822 584 853 ἀπέλυεν,
602 820 638 856 μὴ
653 818 816 855 βουλόμενος
827 817 919 849 αὐτοῖς

966 217 1118 253 pretiosum
1135 215 1283 244 Iordanem
1307 212 1452 248 ingredere
1469 211 1535 246 (hoc
1552 211 1624 237 enim
1651 209 1762 237 nomine

966 261 1145 289 Alexandrini
1181 259 1250 288 sacri
1285 257 1460 293 baptismatis
1493 256 1629 291 piscinam
1657 255 1763 288 signiti-

965 311 1028 336 cant
1041 307 1109 342 (‘29),
1127 313 1161 334 eo
1171 305 1242 340 quod
1251 304 1381 332 Christus
1396 302 1528 330 Dominus
1544 306 1639 329 noster
1654 299 1687 327 ad
1703 308 1764 335 pur-

966 352 1106 388 gationem
1123 350 1211 378 nostri
1227 350 1264 377 sit
1281 350 1308 376 in
1330 347 1451 376 Jordane
1466 347 1580 374 ﬂumine
1593 346 1761 382 baptizatus)

967 399 1150 432 manibusque
1179 395 1280 423 ibidem
1312 395 1388 426 lotis,
1418 394 1550 429 mysteria
1572 392 1679 420 Christi
1702 399 1763 427 qua:

968 443 1024 470 illic
1040 446 1106 470 sunt
1115 442 1222 476 accipe,
1234 447 1364 467 manuum
1385 438 1571 479 ostendentes‘
1583 439 1682 473 ﬁgura,
1700 444 1764 464 cor-

968 490 1042 525 poris
1056 489 1161 517 Christi
1178 496 1210 515 ac
1225 487 1371 523 sanguinis
1386 487 1522 514 ﬁvilicam
1536 494 1570 513 ac
1579 485 1686 513 beatam
1699 492 1764 520 pero

968 536 1131 570 ceptionem.
1141 534 1192 568 Qui
1204 533 1363 564 hocaudito.
1372 533 1470 560 malam
1479 532 1694 568 propositionem
1703 539 1765 560 esse

968 580 1185 616 ait,synodoque
1204 579 1344 607 maledixit
1355 577 1717 614 Chalcedonensi,quamvis
1732 578 1766 605 li-

968 627 1052 662 quido
1065 626 1148 654 sciret
1163 625 1245 660 hujus
1261 631 1401 653 auctores.
1414 624 1513 653 Odium
1529 625 1631 660 quippe
1645 626 1763 652 multum

969 674 1089 710 [Egyptii
1123 681 1155 701 ex
1181 673 1422 701 irrationabilitate
1448 680 1480 700 ac
1509 667 1656 701 barbarico
1681 680 1765 701 sensu

969 726 1063 749 contra
1080 725 1205 748 sanctum
1223 719 1274 747 hoc
1285 720 1409 747 feruntur
1425 719 1574 747 concilium
1588 718 1767 754 (30),quem-

969 767 1118 793 admodum
1147 765 1285 801 quondam
1310 764 1444 793 adversus
1469 764 1651 792 lsraeliticnm
1679 772 1766 800 popu-

971 813 1038 844 lum,
1061 812 1158 839 horutn
1175 816 1300 846 parentes
1329 818 1361 838 ac
1386 811 1538 846 genitores.
1567 810 1647 838 Unde
1672 810 1768 842 Petrus

125 871 253 897 ὑπείκειν
278 871 325 896 καὶ
358 868 513 896 πείθεσθαι.
540 865 747 901 Δυσμετάθετον
770 864 824 901 γὰρ
846 863 920 894 ἔθνος

986 867 1061 894 teque
1076 858 1222 886 sanitatem
1240 857 1308 885 velle
1341 865 1372 885 se
1400 858 1549 892 impetrare
1582 856 1662 890 dixit,
1679 864 1769 892 neque

125 915 272 948 Αἰγύπτιοι
287 915 357 949 (28),
374 915 421 941 καὶ
437 914 450 941 ὃ
463 914 552 940 ποιεῖν
565 912 640 945 ἅπαξ
657 912 846 943 θεσπίσουσιν,
863 909 920 936 εἴτε

125 960 209 987 καλὸν
226 961 282 987 εῖτε
300 959 413 995 χηρεὺοι
436 958 484 986 τοῦ
510 958 675 993 κρείττονος.
691 957 722 983 οὐ
749 956 852 991 ῥᾳδίως
875 963 923 989 με-

126 1007 248 1033 θειᾶσιν·
262 1007 310 1033 καὶ
322 1003 396 1033 οὗτοι
410 1004 585 1040 μὲντοιοῦτοι
598 1004 781 1038 τυγχάνουσιν
793 1002 924 1032 ἅπαντες.

975 905 1072 942 synodi
1086 912 1149 940 quae
1161 904 1336 932 Chalcedone
1352 904 1466 931 collecta
1483 909 1535 936 est,
1545 903 1603 931 ﬁeri
1621 908 1770 932 consenta-

978 959 1071 979 neum.
1090 951 1130 978 Illi
1143 956 1234 977 autem
1248 951 1348 986 egregii
1363 955 1497 986 martyres
1523 950 1583 979 hac
1604 950 1706 979 dicenti
1718 951 1770 978 mi-

979 999 1036 1025 nati
1053 1002 1135 1029 sunt;
1152 1002 1179 1024 et
1199 998 1273 1032 quod
1293 1005 1347 1024 non
1364 998 1444 1024 aliter
1463 1001 1537 1025 esset
1560 997 1711 1025 salvandus
1725 1004 1771 1025 as-

127 1056 299 1084 severantes,
311 1055 497 1084 recesserunt,
516 1050 627 1078 dol0res
640 1050 665 1077 ei
686 1049 838 1076 excitantes
848 1053 921 1082 quos
938 1044 1042 1080 pridem
1059 1042 1241 1076 sedaverant;
1276 1043 1324 1078 qui
1359 1042 1492 1070 atrociter
1523 1042 1567 1071 his
1595 1043 1768 1072 verberatus.

127 1097 227 1126 iterum
255 1099 396 1133 adjutores
426 1097 562 1125 asciscere
585 1099 722 1130 martyres
739 1093 915 1129 procumbat.
937 1090 983 1118 sed
1001 1090 1099 1117 iterum
1119 1089 1260 1117 venientes
1287 1089 1416 1123 etprima
1445 1088 1660 1123 pmtendentes,
1699 1089 1770 1115 incf-

128 1145 231 1172 ﬂcaces
256 1145 363 1172 dimisit
380 1153 387 1177 ;
405 1152 459 1171 non
484 1148 577 1170 autem
603 1142 644 1169 his
665 1146 691 1168 et
705 1145 747 1169 tcr
764 1145 812 1168 aut
827 1144 923 1174 quater
934 1137 986 1164 hoc
998 1137 1072 1170 fecit,
1091 1138 1139 1166 sed
1158 1136 1300 1165 multoties
1337 1142 1386 1163 eos
1398 1142 1502 1162 vocans
1531 1135 1560 1162 in
1588 1135 1768 1170 adjutOrium,

128 1193 175 1227 qui
193 1200 257 1220 cum
270 1197 381 1228 propter
393 1192 507 1220 multam
523 1189 729 1218 miserationem
748 1187 921 1218 exaudirent,
941 1185 1075 1213 eteadem
1099 1185 1191 1213 facere
1204 1184 1395 1219 praeciperent,
1414 1182 1492 1218 quasi
1522 1189 1578 1209 non
1617 1182 1770 1214 venissent,

129 1238 198 1265 nihil
216 1241 321 1266 veritus
346 1238 516 1270 dimittebat,
533 1236 632 1264 nolens
645 1235 686 1263 eis
709 1234 790 1262 subdi
811 1233 852 1261 vel
867 1232 979 1260 obedire
992 1240 1000 1265 ;
1012 1231 1087 1259 natio
1102 1231 1176 1259 enim
1192 1230 1383 1265 Egyptiorum
1416 1230 1460 1256 vix
1488 1233 1622 1260 mutatur,
1641 1232 1669 1256 et
1695 1229 1768 1264 quod

129 1283 222 1312 facere
253 1286 338 1312 semel
365 1284 529 1315 decreverit,
559 1283 619 1310 sive
635 1282 672 1310 sit
686 1282 800 1312 bonum,
813 1280 871 1307 sive
891 1279 926 1306 sit
945 1279 1051 1304 meliori
1081 1278 1217 1309 deterius,
1238 1275 1376 1303 dillicilius
1397 1275 1576 1308 immittatur;
1592 1279 1620 1302 et
1644 1275 1689 1304 isti
1704 1276 1766 1310 qui-

130 1335 196 1363 dem
216 1335 286 1362 tales
298 1338 364 1361 sunt
378 1332 511 1360 universi.

166 1382 269 1416 Πέτρος
280 1382 308 1408 δὶ
318 1381 369 1415 τῆς
383 1381 479 1416 ὀδύνης
494 1379 631 1416 ὑπερϐολῇ
643 1378 860 1414 τιμωρούμενος,
875 1377 924 1404 καὶ

130 1427 227 1461 φέρειν
243 1426 284 1452 ἔτι
309 1426 362 1452 τῶν
377 1425 502 1460 βασάνων
524 1425 573 1460 οὐχ
590 1422 647 1457 οἷός
659 1433 689 1451 τε
705 1423 743 1451 ὢν
760 1423 810 1458 τὴν
830 1422 927 1459 δριμύ-

129 1482 212 1506 τητα,
226 1473 303 1508 μόλις
317 1472 345 1499 δὲ
361 1473 408 1499 καὶ
423 1471 495 1499 οὕτω
511 1471 633 1503 πεισθεὶς
647 1472 703 1503 τοῖς
714 1471 768 1498 τῶν
780 1471 866 1504 ἁγίων
881 1478 928 1497 κε-

130 1519 278 1553 λεύσμασι,
296 1518 409 1550 τούτους
420 1519 450 1545 τὸ
465 1519 619 1545 τελευταῖον
633 1517 773 1549 ἐκάλεσεν,
787 1517 830 1544 ἕνα
846 1516 927 1543 πάλιν

131 1564 320 1599 οἰκτείραντες
336 1564 445 1595 ἔλθωσι,
468 1565 516 1591 καὶ
537 1563 588 1596 τὰς
607 1562 703 1594 ὀδύνας
720 1562 864 1595 διώξωσιν.
880 1562 928 1589 καὶ

131 1611 183 1645 τὴν
198 1609 282 1644 ρῶσιν
302 1610 486 1645 χαρίσωνται·
505 1610 552 1637 καὶ
567 1609 668 1640 παντὸς
682 1605 712 1638 οὗ
727 1608 749 1636 δ’
766 1608 799 1636 ἂν
813 1608 927 1635 ὲοέλωσί

131 1665 164 1684 τε
189 1657 238 1684 καὶ
261 1656 385 1688 λέξωσιν,
413 1656 509 1684 τούτου
537 1656 685 1691 πληρωτὴν
710 1655 808 1683 ἑαυτὸν
829 1655 928 1690 ὁρίζων

133 1703 269 1730 ἑκούσιον.
285 1703 315 1730 Οἱ
339 1702 367 1729 δὲ
394 1702 549 1737 συμπαθεῖς
574 1702 651 1733 ὄντες
677 1701 725 1728 καὶ
741 1700 928 1736 φιλάνθρωποι

136 1748 288 1784 μάρτυρες,
306 1748 353 1776 καὶ
366 1748 428 1775 τότε
440 1748 587 1780 καλοῦντος
602 1748 743 1782 ἀφίκοντο,
755 1748 803 1777 καὶ
814 1747 848 1774 τὰ
859 1746 929 1773 αὐτὰ

135 1795 226 1821 ποιεῖν
253 1794 438 1826 διετάττοντο,
462 1794 510 1820 καὶ
533 1793 662 1821 κοινωνὸν
683 1793 766 1820 αὑτὸν
786 1793 859 1828 ἔχειν
879 1792 929 1827 τῆς

135 1840 267 1872 πίστεως.
281 1842 306 1869 εἰ
323 1841 447 1876 πεισθείη
462 1841 510 1868 καὶ
522 1841 643 1876 ποιήσει,
655 1840 818 1876 διώμνυντο.
835 1841 930 1876 Τούτῳ

135 1887 190 1922 γὰρ
207 1887 250 1914 ἔτι
265 1886 416 1919 διστάζοντι
434 1888 499 1922 περὶ
519 1887 572 1923 τὴν
593 1887 648 1914 τῶν
665 1887 822 1922 μυστηρίων
846 1887 930 1922 μετά-

135 1933 228 1968 ληψιν,
237 1933 294 1960 οὑκ
304 1933 385 1968 ἀρκεῖ
398 1933 549 1964 πιστεύειν,
561 1932 739 1968 ἐφθέγξαντο,
754 1933 792 1965 ὡς
804 1933 895 1968 ἡμεῖς,
908 1929 930 1959 ὦ

137 1978 237 2013 Πέτρε,
261 1977 440 2012 πιστεύομεν,
456 1978 504 2006 διιιᾶ⁸
518 1979 585 2013 ἡμῖν
611 1979 640 2004 ὲν
656 1978 696 2013 τῷ
721 1977 787 2014 περὶ
812 1978 930 2010 πίστεως

136 2024 210 2060 λόγῳ
226 2025 441 2058 συντάττετθαις
461 2025 493 2052 Ὀ
508 2025 537 2052 δὲ
549 2025 618 2060 πρὸς
632 2025 731 2056 αὐτοὺς
749 2024 830 2052 πάλιν
840 2024 931 2058 λέγειν

138 2070 292 2105 ἐτόλμησεν
303 2078 311 2086 ”
326 2069 358 2096 Τί
373 2070 427 2105 γὰρ
446 2070 493 2098 καὶ
507 2070 596 2105 ὑμεῖς,
609 2066 631 2097 ὣ
648 2069 696 2097 τοῦ
711 2068 829 2105 Χριστοῦ
843 2069 931 2103 μεγά-

138 2115 179 2142 λοι
195 2115 371 2149 θεράποντες,
388 2114 426 2146 ὡς
441 2115 459 2150 ἡ
478 2115 507 2142 ὲν
522 2114 676 2150 Χαλκηδόνι
701 2114 843 2141 πιστεύετε
866 2114 930 2142 σύν-

139 2161 214 2194 οδος;
225 2161 258 2187 ΟΞ
271 2161 299 2188 δὲ
310 2160 380 2187 κατὰ
390 2160 492 2195 ταύτην
507 2161 615 2195 φρονεῖν
629 2159 679 2196 τὴν
690 2159 744 2186 τῶν
759 2160 840 2196 ἱερῶν
854 2160 931 2187 ὁσίαν

139 2207 247 2243 πληθὺν
270 2207 467 2243 ὡμολόγησαν·
484 2207 531 2234 καὶ
549 2207 621 2233 οὕτω
646 2207 785 2233 πιστεύειν
807 2207 878 2242 ὡςὴ
902 2208 931 2233 ὲν

1015 1374 1113 1401 Petrus
1138 1376 1229 1399 autern
1255 1370 1398 1398 doloribus
1427 1371 1542 1398 nimium
1573 1371 1724 1403 cruciatus,
1744 1377 1772 1400 et

980 1419 1096 1448 sufferre
1113 1419 1185 1446 ultra
1200 1421 1402 1445 tormentorum
1421 1426 1475 1444 non
1489 1418 1584 1446 valens
1600 1419 1768 1448 acrediuent.

980 1467 1075 1500 sicque
1091 1464 1201 1491 tandem
1218 1467 1379 1490 sanctorum
1405 1462 1578 1496 jnssionihns
1595 1470 1705 1497 parens,
1722 1463 1770 1489 hos

981 1510 1132 1539 novissime
1154 1510 1291 1541 inritavit,
1304 1515 1359 1543 quo
1390 1515 1487 1534 rursus
1501 1507 1607 1535 miserti
1634 1508 1769 1538 venirent.

980 1561 1007 1585 et
1021 1557 1131 1585 dolores
1147 1555 1290 1591 pellerent,
1304 1558 1331 1582 et
1344 1554 1489 1581 sanitatem
1507 1553 1654 1585 donarent,
1671 1558 1698 1581 et
1721 1561 1770 1589 pro

980 1607 1056 1630 certo
1067 1603 1201 1630 deliniens
1217 1609 1247 1629 se
1260 1601 1394 1636 quidquid
1415 1600 1514 1628 vellent
1528 1604 1556 1628 et
1571 1600 1705 1632 dicerent,
1722 1608 1770 1628 vo-

980 1649 1099 1677 luntarie
1113 1649 1326 1684 completurum.
1337 1648 1387 1675 Ast
1401 1647 1659 1682 compatientissimi
1676 1655 1771 1676 revera

980 1700 1007 1722 et
1035 1699 1173 1723 amatores
1201 1695 1343 1722 hominum
1362 1698 1508 1729 martyres,
1536 1694 1618 1720 etiam
1643 1697 1710 1721 tunc
1725 1693 1771 1721 illo

981 1745 1096 1768 vocante
1120 1740 1279 1772 veniebant,
1290 1743 1317 1767 et
1329 1738 1426 1767 eadem
1454 1738 1547 1766 facere
1567 1738 1770 1774 praecipiebant,

981 1786 1300 1821 communicatoremque
1329 1793 1360 1813 se
1393 1784 1455 1813 ﬁdei
1484 1784 1558 1812 hunc
1579 1784 1722 1818 iurabant,
1748 1787 1772 1812 si

981 1833 1182 1868 acquiesceret,
1201 1835 1230 1858 et
1246 1832 1324 1866 jussa
1341 1831 1493 1866 perﬁceret,
1524 1829 1677 1858 habituros.
1693 1830 1773 1858 Hunc

980 1886 1047 1913 ergo
1063 1885 1126 1905 cum
1151 1877 1242 1904 adhuc
1265 1877 1340 1904 circa
1367 1880 1603 1904 sacramentorum
1621 1875 1773 1910 perceptio—

982 1932 1044 1952 nem
1062 1924 1214 1956 dubitaret,
1227 1922 1286 1951 Non
1301 1923 1349 1951 tibi
1372 1923 1473 1950 sulIit-it
1491 1922 1603 1950 credere
1630 1926 1774 1956 perconta-

982 1971 1093 2002 bantur,
1109 1971 1181 1998 sicut
1194 1977 1244 1997 nos
1253 1969 1401 2001 credimus,
1415 1968 1528 1999 nPetre,
1543 1974 1571 1996 et
1586 1968 1729 1996 nobiscum
1746 1968 1773 1996 in

983 2017 1090 2044 ratione
1103 2016 1164 2044 lidei
1173 2016 1328 2051 computari
1343 2015 1355 2042 2
1371 2014 1417 2042 ille
1429 2023 1494 2042 vero
1515 2015 1547 2042 ad
1561 2023 1608 2042 eos
1626 2015 1724 2042 iterum
1737 2015 1775 2042 di-

983 2070 1046 2090 cere
1057 2063 1253 2098 prtesnmehat,
1269 2061 1458 2096 nunquidnatu
1474 2065 1501 2089 et
1516 2069 1578 2094 vas,
1591 2069 1608 2088 o
1623 2062 1714 2097 magni
1734 2062 1774 2089 fa-

983 2109 1048 2137 muli
1063 2109 1177 2142 Christi,
1185 2110 1258 2137 sicut
1266 2108 1502 2136 Chalcedonensis
1511 2108 1624 2136 creditis
1637 2108 1775 2144 synodus?

982 2155 1019 2183 At
1031 2156 1070 2183 illi
1080 2156 1232 2183 secundum
1245 2155 1316 2182 itane
1325 2162 1423 2190 sapere
1437 2159 1560 2182 sanctam
1573 2153 1774 2182 multitudinem

983 2203 1153 2230 sacerdotum
1169 2201 1288 2229 coulessi
1304 2207 1378 2234 sunt,
1395 2207 1421 2228 et
1435 2201 1471 2228 ita
1480 2200 1593 2228 credere
1605 2200 1678 2227 sicut
1693 2200 1776 2227 Chal-

139 2252 294 2288 Χαλκηδόνι
312 2253 480 2279 πεπίστευκε
499 2251 623 2284 σύνοδοςο
648 2253 698 2279 καὶ
716 2252 820 2286 ταύτην
840 2251 933 2286 ἔλεγον

986 2249 1144 2277 cedonense
1165 2249 1312 2276 concilium
1337 2248 1454 2275 credidit
1471 2247 1641 2279 astruebant,
1657 2251 1685 2274 et
1705 2247 1775 2275 hanc

141 2300 234 2326 πίστιν
256 2299 340 2334 ὀρθὴν
356 2299 403 2325 καὶ
424 2298 603 2326 θεόπνευστον
629 2299 772 2334 κήρυγμα,
792 2297 826 2333 ἢν
844 2298 861 2333 ἡ
888 2297 932 2324 λε-

141 2345 240 2381 χθεῖσα
253 2345 362 2376 σύνοδος
378 2344 473 2380 ὥρισε.

178 2391 273 2418 Ταῦτα
290 2390 418 2422 λέξαντες
433 2391 458 2417 ot
471 2390 618 2423 θεσπέσιοι,
638 2390 685 2417 καὶ
700 2389 735 2416 δι’
752 2389 841 2425 ὅρκων
864 2389 934 2417 αὐτὰ

144 2435 355 2471 βεὸαιὼσαντες,
367 2435 415 2462 καὶ
428 2436 473 2462 τὸν
484 2435 588 2471 Πέτρον
601 2435 652 2470 ἢδη
666 2434 866 2470 προπεισθέντα
878 2436 935 2467 τοῖς

143 2481 272 2517 βασάνοις
285 2481 445 2516 δράσαντες,
457 2481 496 2516 τῷ
505 2481 593 2508 δοκεῖν
604 2481 783 2516 ἀνεχώρησαν
794 2480 841 2508 τοῦ
854 2481 935 2516 τεμέο

143 2536 207 2560 νονς
219 2528 310 2555 αὐτῶν
321 2528 371 2554 οὐκ
383 2528 549 2564 εἰργόμενοι.
565 2527 593 2554 ’0
601 2528 630 2554 δὶ
641 2527 748 2562 πρωΐας
756 2527 787 2553 τὸ
799 2527 935 2563 μακάριον

145 2575 290 2611 ὶπλήρωσε
322 2576 497 2612 πρόσταγμα,
520 2574 569 2602 καὶ
598 2574 693 2610 μισθὸν
715 2573 858 2605 εὐσεϐείας
883 2574 936 2609 τὴν

983 2302 1046 2322 esse
1061 2295 1140 2322 ﬁdem
1153 2298 1255 2322 rectam
1272 2298 1300 2322 et
1314 2294 1537 2329 praedicationem
1547 2293 1680 2321 divinitus
1692 2294 1775 2328 inspi«

983 2345 1168 2377 numquam
1178 2341 1308 2376 praedicta
1317 2340 1437 2376 synodus
1447 2339 1593 2370 deﬁnierit,
1604 2339 1774 2368 asserebant.

1021 2388 1084 2416 Haec
1099 2395 1160 2415 cum
1185 2387 1286 2422 egregii
1311 2387 1454 2418 dixissent,
1472 2390 1500 2414 et
1530 2385 1711 2421 jurejurando
1742 2394 1774 2413 ea

987 2433 1153 2465 ﬁrmassent,
1168 2431 1333 2467 Petrumque
1348 2431 1404 2467 jam
1414 2430 1558 2458 credulum
1573 2430 1719 2458 tormentis
1729 2438 1777 2466 pa-

989 2484 1119 2511 trassent,
1136 2483 1165 2506 ut
1178 2483 1303 2514 putatum
1322 2482 1376 2510 est,
1387 2481 1563 2506 recesserunt
1582 2485 1597 2505 a
1612 2477 1715 2513 templo
1725 2485 1777 2505 suo

988 2527 1092 2555 exclusi
1110 2526 1277 2554 nullatenus.
1301 2526 1336 2552 At
1354 2525 1411 2557 ille,
1433 2525 1512 2552 beato
1537 2524 1674 2561 completo
1697 2532 1778 2552 mane

988 2577 1134 2609 praecepto,
1144 2572 1269 2600 mercede
1282 2572 1392 2607 pietatis
1405 2571 1593 2599 incolumitate
1606 2572 1710 2606 potitus
1723 2576 1775 2602 est.

890 2645 1003 2674 NOT/E.

184 2694 241 2728 (97)
257 2694 329 2727 Quid
350 2694 378 2722 in
390 2694 496 2721 codicis
511 2693 599 2720 Graeci
616 2693 715 2720 lacuna
732 2691 768 2719 sit
782 2691 934 2727 perditum,

148 2729 445 2757 demonstrat-Latinus
460 2733 561 2756 textus.

186 2764 242 2798 (εει
259 2764 382 2800 IEuyptii
394 2765 494 2798 quippe
503 2767 569 2791 sunt
582 2762 747 2800 Dioscoriet
756 2761 851 2800 Severi
860 2769 936 2800 asse-

150 2796 210 2829 clze.
224 2796 343 2834 quorum
360 2796 501 2826 hominum
513 2802 609 2826 contra
621 2797 768 2826 concilium
786 2796 937 2825 Chalcedo-

153 2833 240 2862 nense
255 2840 326 2862 nota:
341 2839 406 2862 sunt
419 2836 458 2861 ira
470 2839 497 2862 et
511 2833 649 2868 impietas.

1025 2691 1081 2724 (29)
1098 2691 1202 2725 “eapse
1222 2694 1248 2716 et
1263 2690 1289 2716 in
1307 2688 1408 2724 priscis
1426 2688 1607 2725 ecclesiarum
1624 2685 1702 2725 Item:
1716 2694 1777 2711 tnu-

990 2720 1057 2753 sivis
1074 2720 1215 2760 spectatur
1237 2720 1336 2752 [invius
1352 2732 1415 2751 cum
1431 2723 1612 2760 inscriptione
1627 2720 1774 2760 Jordmtcs,

990 2770 1044 2795 quo
1064 2757 1205 2788 lustralem
1233 2759 1361 2794 baptismi
1389 2767 1489 2793 aquam
1515 2757 1676 2792 signiﬁcari,
1696 2764 1776 2782 tit-nio

991 2797 1163 2828 antiqttarius
1179 2804 1232 2822 non
1245 2795 1321 2822 dicit.

1027 2832 1082 2866 (30)
1096 2831 1168 2858 Gens
1187 2830 1376 2865 :‘Egyptiornm
1393 2829 1524 2863 propositi
1544 2833 1623 2854 tenax
