1910 3078
152 110 222 140 35ῖῦ

599 114 629 143 S.
643 113 852 151 SOPIIRONII
871 115 1124 149 PATRIARCILE
1143 121 1345 154 HIEROSOL.

1722 130 1791 162 3576

151 173 179 196 et
191 167 342 202 permansit
354 167 435 196 lidem
450 168 624 201 custodiens,
636 178 716 205 quam
735 171 787 198 silui
815 177 949 208 marlyres

1003 175 1086 210 ρὦιν
1102 177 1243 212 ὲδρὲψατο,
1258 179 1304 205 καὶ
1320 179 1462 214 φυλάττων
1477 181 1526 218 τὴν
1541 182 1633 210 πίστιν
1643 183 1790 220 διέμεινεν,

154 213 340 246 tradiderunt,
365 217 392 241 et
409 215 563 242 mercedem
586 223 647 250 qua:
663 217 766 244 auferri
780 225 832 244 non
852 224 946 252 posset

152 260 247 289 habuit
274 268 289 288 α
313 265 388 288 recta
405 261 459 289 lide
476 262 588 289 minime
605 263 789 294 rei-idvndzun,
812 265 859 291 sed
882 273 944 292 cum

152 308 204 334 hac
218 308 396 334 exsistentem
405 311 433 335 et
450 312 616 340 manentem,
633 314 716 344 atque
740 311 943 344 separationem

154 355 227 381 illius
257 354 414 381 nullatenus
435 355 642 382 admittenteni:
663 356 708 382 St'il
728 364 816 390 neque
843 365 944 390 prrece-

153 398 282 426 dentibus
300 398 400 426 similia
424 399 537 433 patitur.
567 407 656 434 neque
675 400 726 427 lide
745 401 785 427 vel
811 403 943 436 sospitale

154 445 287 477 privatur,
302 449 330 472 ut
352 446 450 471 iterum
479 446 553 472 sicut
580 446 703 481 ingratus
719 448 896 482 corripiatur.
915 453 942 476 et

150 491 302 525 llagellatiis
321 491 433 517 meliora
454 496 587 524 sectetur,
604 492 651 518 sed
665 497 706 518 est
725 494 826 523 lidi-lis.
843 494 941 520 inutilit-

149 535 250 568 labilis,
265 535 447 563 indelirientis
456 537 586 564 sanitatis
596 537 767 565 vindemians
780 539 940 574 botryones.

147 580 179 606 lit
196 579 294 608 Petrus
311 581 420 616 quidem
451 582 543 609 taliter
564 584 781 610 eonnnunii-atur
808 583 939 612 Ecclesia!

147 627 238 653 lactus
252 630 308 658 est,
321 631 348 654 et
359 627 430 654 liiins
443 627 512 654 Illt‘is‘
530 629 684 662 appellatus
699 633 751 655 est.
844 662 847 665 ‘

181 672 294 700 Menuas
311 678 403 701 autem
419 674 595 700 Christodori
612 679 772 702 sanctorum
797 676 940 710 diapensa-

145 720 213 746 turis
241 720 376 751 notarius,
408 727 471 747 cum
502 721 705 748 Alexandrinus
726 721 884 753 exsisteret,
913 727 940 749 et

144 765 269 799 ejusdem
288 766 437 797 haereseos,
456 766 606 793 manili-ste
633 767 785 802 ﬂagellatus
812 775 938 794 commu-

145 811 260 839 nicavit.
279 811 330 839 Hie
344 813 418 839 enim
432 817 545 840 sanctus
576 813 717 840 dormiens
729 813 762 840 ad
779 814 938 840 honorabile

144 859 298 885 sacrarium
335 862 362 885 et
398 860 542 894 mystiram
581 861 777 894 caelestumque
817 867 939 886 mensam

145 910 305 939 pergentes,
316 906 395 940 quasi
410 905 443 932 ad
459 912 554 932 saneta
568 910 746 940 pereepturos
755 910 939 938 sacramenta,

145 949 258 977 videbat
273 959 281 982 ς
311 950 360 985 qui
377 950 508 977 conversi
523 954 550 977 et
567 955 725 984 sequentem
749 950 862 977 minime
873 958 942 977 con-

148 995 329 1030 templantes.
353 995 386 1024 ad
396 1003 458 1024 eum
473 1004 503 1023 se
511 1000 633 1027 vertunt,
645 1001 672 1022 et
691 996 802 1024 retentis
815 1003 871 1031 prae
884 1003 942 1023 ma-

146 1041 234 1069 nibus
247 1042 346 1077 virgis,
363 1042 501 1070 indelesse
516 1043 590 1070 hunc
600 1049 626 1070 et
638 1042 745 1070 fortiter
755 1043 940 1081 ﬂagellabant,

144 1095 256 1115 causam
268 1092 467 1115 tormentorum
479 1088 699 1116 manilestantes.
708 1088 919 1116 Dicebantenim
933 1098 940 1117 :

144 1133 329 1167 Quamobrem
343 1139 491 1169 pergentes
506 1142 558 1162 nos
572 1134 606 1161 ad
621 1135 828 1162 communionis
844 1142 942 1170 perce-

145 1179 266 1215 ptionem
276 1179 396 1211 intuens,
414 1187 467 1207 non
478 1180 581 1214 pariter
596 1180 862 1215 cucurristi‘llgitur
878 1180 899 1207 si
915 1180 941 1206 in

144 1226 226 1254 domo
242 1226 282 1254 vis
295 1234 456 1261 permanere
472 1231 576 1258 nostra,
586 1231 694 1253 nostras
702 1234 818 1261 sequere
826 1227 944 1254 sanctio.

145 1275 243 1303 nes;et
254 1270 324 1297 unde
338 1278 389 1298 nos
399 1269 540 1297 Dominica
547 1277 611 1297 esca
622 1269 753 1302 fruimur,
763 1270 838 1298 illinc
850 1275 876 1298 et
886 1270 944 1305 ipse

146 1317 331 1348 communica,
345 1316 494 1351 digitorum
505 1320 586 1343 exten
593 1315 720 1343 sionibus
741 1323 849 1343 sacram
861 1323 940 1343 men-

147 1370 205 1390 sam
222 1365 418 1390 monstrantes.

956 847 976 874 Β

184 1429 238 1457 Sed
251 1438 312 1457 cum
329 1436 418 1464 neque
432 1429 518 1456 multa
530 1429 699 1465 spondentes
712 1429 821 1465 ﬂagella
839 1430 863 1456 ei
879 1438 942 1465 per-

148 1477 316 1509 suasissent,
333 1475 479 1503 verissime
494 1475 653 1503 minitantes
665 1476 840 1508 dimiserunt,
854 1477 939 1504 laetit-

148 1530 210 1550 rum
234 1522 343 1558 penitus
368 1529 398 1550 se
413 1521 487 1557 quod
502 1522 610 1557 jussum
636 1522 725 1549 luerat
750 1523 935 1558 pollicentem.
951 1519 972 1548 C

149 1569 202 1603 Qui
224 1576 375 1598 conversus
393 1569 537 1596 doloribus
565 1569 782 1603 astringebamr.
805 1575 935 1604 tanquam

149 1623 213 1643 vere
227 1623 378 1650 percussus
400 1615 513 1642 livorem
530 1615 659 1646 habebat,
686 1615 818 1642 voluntati
834 1621 938 1650 marty-

148 1670 210 1690 rum
240 1661 428 1689 testimonium
463 1661 672 1696 perhilientcm;
713 1662 786 1688 unde
821 1669 938 1696 surgens

150 1706 244 1734 statim
283 1705 510 1735 communicavit.
542 1705 708 1739 doloresque
737 1709 937 1732 tormentorum

150 1751 288 1786 deposuit,
305 1755 332 1778 et
357 1758 427 1778 verte
449 1751 510 1778 fidei
537 1751 624 1786 gratia
644 1750 815 1777 illumiuaius
836 1751 938 1782 anima,

152 1798 285 1832 benignos
298 1796 331 1824 de
342 1802 441 1824 cancro
461 1801 573 1824 sanctos
591 1796 722 1830 possedit.
747 1795 832 1823 Porro
847 1796 939 1823 volen-

155 1848 196 1871 tes
210 1843 327 1870 aliormn
348 1849 458 1877 quoque
473 1842 639 1869 mentionem
661 1841 841 1876 plurimorum
863 1840 938 1868 lace-

153 1898 192 1924 re,
223 1889 269 1924 qui
295 1888 448 1923 martyricis
473 1887 712 1915 communicavere
737 1887 893 1922 praeceptis,
909 1886 941 1914 li-

152 1936 250 1970 deique
273 1934 394 1962 didicere
422 1935 573 1965 veritatem,
605 1933 671 1960 solis
692 1941 752 1968 qua:
777 1933 849 1960 dicta
877 1936 941 1960 sunt

152 1987 250 2009 sumus
262 1979 395 2011 contenti,
413 1983 442 2005 ut
457 1985 538 2005 nemo
557 1985 608 2005 nos
624 1978 780 2012 suspicetur
802 1978 863 2005 lidei
880 1982 940 2004 tan-

153 2032 211 2055 tum
239 2033 335 2058 causa,
367 2030 526 2053 sanctorum
552 2024 699 2059 scripsisse
725 2024 868 2052 miracula.
891 2023 940 2052 Hic

153 2078 219 2106 ergo
234 2076 262 2098 et
283 2069 318 2097 de
333 2069 418 2096 Petro
438 2077 469 2096 ac
495 2068 594 2105 Henna
610 2069 731 2101 notario,
750 2069 938 2096 narrationem

153 2116 344 2148 tet-minantes,
374 2120 400 2142 et
425 2119 536 2142 sanctos
566 2114 674 2148 hymnis
703 2113 794 2141 solitis
821 2114 938 2142 elferen-

154 2170 205 2198 tes,
221 2163 255 2191 ad
272 2162 356 2190 aliam
377 2161 513 2189 divinitus
531 2159 694 2195 inspiratam
712 2159 876 2188 relationem
892 2169 939 2188 ve-

153 2211 273 2239 uiamus.

153 2268 208 2296 XL.
228 2269 267 2296 De
291 2267 395 2296 Joanne
417 2266 574 2294 Μηρηισιίιη
600 2271 754 2292 sanrlormn
779 2266 823 2299 qui
850 2274 943 2293 renum

400 2304 551 2336 patiebatur
565 2301 692 2329 dolorem.

188 2349 248 2378 Non
279 2349 487 2382 inconveniens,
517 2351 547 2374 ut
571 2347 709 2380 arbitror,
738 2352 790 2379 est,
809 2346 942 2375 Joannem

156 2397 239 2423 etiam
270 2397 334 2423 huic
362 2393 556 2422 commendare
578 2393 724 2428 scripturae.
749 2394 796 2428 qui
826 2401 945 2421 mnema—

157 2443 221 2470 tites
243 2441 465 2475 nuncupabatur,
490 2447 523 2467 eo
546 2438 619 2474 quod
644 2443 822 2465 monumento
842 2446 942 2473 praees-

155 2493 198 2517 set
215 2487 369 2515 Curationis
390 2490 569 2517 sanctorum;
594 2492 703 2512 muenia
719 2486 821 2519 quippe
843 2492 943 2511 monu-

156 2538 278 2561 mentum
299 2533 513 2567 interpretatur;
530 2532 576 2567 qui
593 2536 649 2558 tam
663 2530 846 2558 Christodoro
860 2538 942 2565 quam

155 2579 359 2614 dispensatiOni
394 2578 568 2606 ministrabat
608 2582 779 2608 sanctorum,
813 2576 942 2607 quoniam

157 2635 221 2654 eum
255 2625 289 2653 de
317 2625 399 2652 Petro
428 2624 556 2660 Egyptio
590 2622 778 2650 referebamus
815 2621 941 2650 Mennam

155 2673 239 2701 etiam
263 2672 402 2699 notarium
423 2670 614 2706 apposuinius,
631 2669 694 2696 licet
711 2667 877 2703 martyribus
891 2668 943 2694 mi-

158 2719 335 2747 nistrantium
351 2725 482 2753 personas
500 2716 566 2744 lidcs
580 2720 607 2743 et
625 2722 724 2750 genera
745 2715 942 2742 miraculorum

159 2765 188 2792 in
211 2771 259 2791 cos
281 2768 450 2799 patratorum
475 2769 526 2790 nos
553 2761 588 2788 ab
608 2761 724 2788 invicem
742 2768 871 2796 separare
897 2768 944 2787 eu-

159 2810 274 2846 rgerint,
291 2810 354 2835 dum
380 2809 508 2843 colligere
532 2808 592 2834 illas
615 2807 747 2834 vellemus
769 2810 795 2833 et
820 2806 944 2833 simium—

161 2865 232 2884 IIIHS.

997 220 1031 255 ἣν
1043 222 1067 247 οἱ
1089 222 1227 258 μάρτυρες
1242 224 1317 260 αὐτῷ
1330 225 1461 260 δέδωκαν,
1476 228 1523 255 καὶ
1539 228 1585 255 τὸν
1606 230 1702 264 μισθὸν
1723 233 1791 259 ἀνα-

997 267 1127 301 φαίρετον
1144 268 1245 305 ἔσχηκε
1260 271 1310 306 τῆς
1324 272 1409 308 ὀρθῆς
1423 273 1454 300 οὐ
1475 275 1643 311 τεμνόμενον
1661 277 1790 312 πίστεως,

995 312 1065 339 ἀλλὰ
1075 313 1160 349 ταύτῃ
1177 316 1290 343 συνόντα
1304 317 1352 344 κα).
1371 319 1496 353 μένοντα,
1516 321 1563 347 καὶ
1581 321 1628 348 τὸν
1649 325 1790 358 χωρισμὸν

995 359 1081 394 αὐτῆς
1102 361 1134 387 οὐ
1155 361 1320 396 δεχόμενονο
1343 364 1405 390 οὐδὲ
1430 366 1529 401 πάσχει
1549 368 1604 399 τοῖς
1622 368 1790 403 προλαϐοῦσι

995 405 1028 431 τὰ
1043 405 1134 440 ὅμοια,
1152 407 1214 433 οὐδὲ
1238 408 1358 440 πίστεως
1378 406 1578 444 στερεῖται’καὶ
1600 413 1722 448 ῥώσεως,
1739 416 1790 442 καὶ

995 451 1076 477 πάλιν
1096 452 1133 484 ὡς
1150 453 1288 488 ἀγνώμων
1310 456 1468 483 παιδεύεται
1496 458 1543 484 καὶ
1558 460 1788 494 μαστιγούμενος.

995 500 1184 532 μεταποιεῖται
1200 500 1234 527 τὰ
1248 502 1402 536 κρείττονα,
1419 501 1478 529 άλλ*
1497 503 1556 530 ἔστι
1572 505 1668 536 πιστὸς
1683 507 1789 542 άμετάρ

994 543 1080 577 θετος,
1097 545 1278 578 ἀδιαλείπτως
1291 548 1401 582 τρυγών
1411 548 1461 584 τῆς
1476 549 1571 583 ὑγείας
1583 552 1645 582 τοὺς
1658 551 1787 587 βότρυας.

993 591 1048 617 Καὶ
1071 591 1173 627 Πέτρος
1192 593 1241 628 μὲν
1267 592 1340 620 οὕτω
1361 595 1519 627 κοινωνικὸς
1545 596 1596 630 τῆς
1622 597 1787 633 Ἐκκλησίας

993 636 1114 670 ἐγένετο,
1134 638 1182 664 καὶ
1201 639 1296 665 τέκνον
1314 640 1414 674 φωτός.
1609 639 1613 643 ’

1026 683 1123 717 Μηνᾶς
1134 683 1162 709 δὲ
1176 684 1190 710 ό
1206 685 1396 722 Χριστοδώρου
1411 687 1458 713 τοῦ
1469 688 1524 715 τῶν
1538 689 1625 724 ἁγίων
1640 690 1787 724 οἰκονόμου

990 728 1126 763 νοτάριος,
1149 729 1342 766 Ἀλεξανδρεὺς
1357 731 1394 758 ὼν
1416 734 1463 759 καὶ
1479 734 1530 769 τῆς
1552 735 1638 770 αὐτῆς
1653 736 1786 770 ὑπάρχων

990 774 1133 809 αἱρέσεως,
1158 776 1283 812 φανερῶς
1300 778 1461 813 μαστιχθεὶς
1485 780 1675 815 ἐκοινώνησεν.
1700 780 1785 813 Οὗτος

990 820 1044 856 γὰρ
1063 822 1128 853 τοὺς
1154 821 1250 856 άγίους
1266 824 1450 858 κοιμώμενος,
1476 826 1524 852 ἐπὶ
1547 827 1578 853 τὸ
1603 829 1694 862 τίμιον
1709 829 1782 862 ἱερα-

991 869 1073 899 τεῖον,
1090 867 1137 894 καὶ
1152 869 1202 900 τὴν
1218 870 1352 904 μυστικὴν
1373 871 1419 897 καὶ
1433 871 1559 906 οὐράνιον
1579 873 1730 907 τράπεζαν,
1746 873 1784 904 ὡς

992 913 1032 943 είς
1050 913 1208 948 μυστηρίων
1230 914 1316 948 ἁγίων
1329 915 1461 948 ἀπιόντας
1479 917 1632 953 μετάληψιν
1658 918 1785 946 tatem-

992 957 1017 984 οἳ
1041 958 1207 993 στραφέντες
1223 959 1271 986 καὶ
1289 960 1327 996 μὴ
1339 961 1473 995 ἑπόμενον
1487 963 1569 989 αὑτὸν
1582 963 1782 998 θεωρήσαντες,

993 1006 1061 1041 πρὸς
1078 1006 1160 1033 αὑτὸν
1184 1007 1397 1043 ὑποστρέφουσι,
1414 1010 1461 1035 καὶ
1482 1009 1597 1044 ῥάϐδους
1616 1010 1706 1036 αὐτῶν
1723 1012 1783 1040 ταῖς

993 1051 1134 1087 παλάμαις
1155 1053 1327 1088 κατέχοντες,
1355 1054 1470 1086 ἐντόνως
1486 1055 1568 1082 αὑτὸν
1583 1055 1630 1082 καὶ
1651 1056 1784 1089 γενναίως

993 1098 1150 1133 ἐμάστιζον,
1177 1098 1226 1134 τὴν
1248 1100 1338 1126 αίτίαν
1361 1099 1415 1126 τῶν
1438 1099 1563 1135 βασάνων
1593 1102 1782 1136 ἐμφαίνοντες.

993 1146 1072 1177 Τίνος
1088 1146 1144 1181 γὰρ
1159 1146 1264 1178 ἕνεκεν,
1280 1146 1384 1180 ἔλεγον,
1398 1147 1529 1179 ἀπιόντας
1542 1149 1614 1182 ἡμᾶς
1627 1148 1673 1174 ἰπὶ
1688 1156 1784 1174 κοινω-

993 1191 1054 1224 νίας
1067 1191 1173 1226 βλέπων
1190 1192 1343 1227 μετάληψιν
1351 1193 1382 1219 οὺ
1395 1193 1562 1228 συνέδραμες
1573 1203 1581 1226 ;
1595 1194 1624 1220 Εἰ
1637 1194 1727 1220 τοίνυν
1741 1194 1779 1226 εἰς

993 1235 1067 1264 οἶκον
1079 1237 1168 1273 βούλει
1176 1238 1345 1274 παραμένειν
1355 1239 1371 1274 ή
1376 1238 1440 1273 μέτε
1444 1247 1502 1274 ρον,
1511 1240 1567 1270 τοῖς
1582 1239 1598 1274 ἡ
1602 1239 1660 1273 μῶν
1668 1239 1782 1266 ἀκολού-

994 1283 1035 1309 θει
1050 1282 1233 1318 θεσπίσμασιν
1242 1291 1249 1298 ·
1261 1284 1309 1310 καὶ
1321 1283 1383 1311 ὅθεν
1396 1284 1479 1319 ἡμεῖς
1499 1285 1669 1320 Δεσποτικῆς
1679 1285 1783 1320 τροφῆς

994 1329 1178 1364 ἀπολαύομεν,
1192 1329 1282 1356 ἐκεῖσε
1294 1330 1341 1357 καὶ
1348 1330 1429 1362 αὐτὸς
1443 1331 1648 1365 μεταλάμϐανε,
1658 1332 1719 1363 ταῖς
1727 1331 1784 1357 τῶν

993 1374 1132 1401 δακτύλων
1141 1375 1285 1402 ὲκτάσεσιν
1299 1375 1349 1411 τὴν
1358 1375 1435 1410 ἱερὰν
1447 1375 1615 1408 δεικνύοντες
1631 1376 1780 1411 τράπεζαν.

1037 1442 1108 1468 Ἀλλ’
1129 1441 1190 1468 οὔτε
1206 1442 1274 1477 μετὰ
1290 1442 1420 1475 πλείστας
1444 1443 1536 1475 αὐτοῖς
1561 1443 1707 1470 συνθέσθαι
1731 1444 1784 1479 μά-

995 1496 1090 1522 στιγας
1105 1487 1227 1518 ἔπεισαν,
1242 1487 1380 1522 ἑμδριθῶς
1391 1488 1588 1523 ἀπειλήσαντες
1601 1488 1706 1520 εἴασαν,
1720 1489 1784 1515 πάν-

990 1542 1044 1566 τως
1064 1535 1151 1561 ποιεῖν
1165 1533 1194 1560 τδ
1214 1533 1358 1560 κελευσθὲν
1378 1535 1588 1569 συνταξάμενον.
1612 1534 1641 1560 Ὁ
1657 1534 1686 1561 δὲ
1699 1543 1784 1570 στραι-

992 1580 1052 1614 φεὶς
1067 1580 1126 1610 ταῖς
1137 1579 1282 1614 ἀλγηδόσιν
1295 1579 1437 1614 ὲστύφετο,
1450 1580 1497 1606 καὶ
1511 1579 1548 1611 ὡς
1561 1579 1636 1615 ὕπαρ
1650 1580 1785 1616 πληχθεὶς

991 1624 1048 1661 εἶχε
1074 1626 1138 1657 τοὺς
1159 1624 1307 1660 μώλωπας,
1324 1625 1363 1660 τῷ
1382 1625 1437 1652 τῶν
1461 1626 1547 1660 ἁγίων
1576 1625 1785 1662 μαρτυροῦντας

993 1671 1073 1707 βουλή
1079 1671 1239 1707 ματι.’¹οθεν
1251 1671 1370 1704 ἀναστάς
1380 1671 1460 1704 εὐθὺς
1472 1672 1661 1707 ἐκοινώνησεν,
1675 1671 1722 1698 καὶ
1735 1671 1784 1703 τὰς

991 1718 1046 1745 τῶν
1062 1718 1186 1753 βασάνων
1201 1718 1281 1750 εὐθὺς
1295 1717 1392 1750 ὀδύνας
1415 1718 1536 1745 ἀπέϐαλε
1548 1725 1556 1733 ·
1571 1717 1620 1746 καὶ
1637 1717 1784 1751 φωτισθεὶς

992 1764 1040 1799 τὴν
1054 1763 1143 1799 ψυχὴν
1157 1765 1191 1800 τῇ
1207 1763 1258 1798 τῆς
1270 1763 1388 1799 ἀληθοῦς
1402 1764 1522 1796 πίστεως
1538 1764 1643 1800 χάριτι,
1658 1764 1784 1798 εὐμενεῖς

992 1810 1022 1836 τὸ
1036 1809 1130 1836 λοιπὸν
1146 1810 1210 1841 τοὺς
1229 1809 1325 1844 ἁγίους
1341 1810 1487 1845 ἐκτήσατο,
1510 1809 1671 1845 Βουλόμενοι
1687 1809 1716 1836 δὲ
1736 1809 1784 1835 καὶ

994 1855 1125 1883 πλειόνων
1155 1855 1243 1883 ἄλλων
1270 1856 1384 1891 μνήμην
1411 1856 1579 1892 ποιήσασθαι
1605 1855 1784 1891 μαρτυρικοῖς

994 1901 1232 1937 κεκοινωνηκότων
1255 1901 1476 1937 προστάγμασιν,
1499 1901 1547 1928 καὶ
1575 1901 1714 1936 μαθόντων
1734 1900 1784 1935 τῆς

991 1949 1110 1980 πίστεως
1128 1947 1179 1983 τὴν
1196 1947 1336 1984 ἀλήθειαν,
1351 1949 1407 1980 τοῖς
1419 1947 1555 1983 λεχθεῖσιν
1576 1947 1667 1983 μόνοις
1683 1946 1784 1981 ἀρκού-

992 1994 1062 2030 μεθα
1072 2002 1080 2009 ’
1098 1995 1142 2022 τνα
1157 1995 1254 2031 μηδεὶς
1271 1995 1345 2030 ἡμᾶς
1358 1994 1555 2021 ὑποπτεύσειεν
1568 1994 1688 2026 πίστεως
1700 1993 1784 2020 ἕνεκα

989 2041 1157 2076 γεγραφέναι
1168 2041 1223 2068 τῶν
1234 2040 1319 2075 ἁγίων
1329 2041 1363 2068 τὰ
1373 2040 1512 2076 θαύματα.
1530 2039 1662 2067 Ἐνταῦθα
1670 2039 1724 2074 γὰρ
1736 2039 1785 2066 καὶ

991 2087 1041 2122 τὴν
1057 2087 1122 2122 περὶ
1144 2086 1249 2122 Πέτρου
1264 2087 1312 2114 καὶ
1325 2087 1410 2121 Μηνᾶ
1429 2086 1478 2113 τοῦ
1505 2085 1631 2121 νοταρίου
1656 2084 1785 2120 διήγησιν

994 2133 1236 2169 συμπεράναντες,
1262 2133 1382 2164 καὶτοὺς
1397 2132 1493 2167 ἁγίους
1514 2132 1695 2168 ὑμνήσαντες,
1713 2130 1785 2165 πρὸς

994 2180 1078 2216 ἀλλην
1091 2180 1218 2216 διήγησιν
1233 2178 1325 2207 ἔνθεον
1339 2179 1473 2219 ἔλθωμεν.

995 2264 1040 2291 Μ’.
1056 2263 1128 2298 Περὶ
1159 2263 1296 2291 Ἰωάννου
1321 2262 1374 2290 τοῦ
1397 2261 1592 2298 Μνηματίτου
1616 2260 1675 2287 τῶν
1693 2259 1787 2294 ἁγίων

1185 2298 1257 2332 τοὺς
1272 2297 1402 2333 νεφροὺς
1418 2297 1602 2332 πάσχοντος.

1031 2347 1089 2374 Οὐκ
1096 2347 1207 2379 ἄτοπον,
1216 2346 1254 2377 ὡς
1265 2342 1352 2380 οἶμαι,
1369 2345 1524 2379 καθέστηκε
1537 2343 1582 2370 καὶ
1595 2342 1722 2376 Ἰωάννην
1734 2349 1788 2369 πα-

996 2392 1126 2428 ραθέσθαι
1145 2391 1184 2427 τῷ
1199 2392 1346 2426 γράμματι
1362 2390 1407 2416 τὸν
1421 2388 1605 2424 Μνηματίτην
1620 2386 1787 2420 ἐπιλεγόμε-

995 2447 1051 2469 νον,
1071 2438 1109 2469 ὡς
1123 2437 1173 2472 τῆς
1189 2437 1337 2472 θεραπείας
1353 2435 1401 2462 τοῦ
1413 2436 1469 2462 τῶν
1483 2434 1569 2469 άγίων
1584 2433 1785 2469 προϊστάμενον

998 2484 1149 2519 μνήματος,
1169 2482 1262 2517 ἐπειδὴ
1278 2482 1313 2509 τὰ
1331 2482 1402 2509 κατὰ
1420 2481 1524 2516 Πέτρον
1543 2479 1720 2515 διηγούμενοι
1740 2478 1788 2505 τὸν

995 2529 1157 2563 Αίγύπτιον,
1172 2529 1219 2556 καὶ
1234 2529 1330 2564 Μηνᾶν
1344 2527 1520 2563 παρεθέμεθα
1534 2526 1580 2552 τὸν
1593 2525 1727 2560 νοτάριον,
1741 2523 1788 2550 τὸν

995 2575 1178 2610 Χριστοδώρῳ
1200 2574 1248 2601 καὶ
1261 2575 1295 2609 τῇ
1312 2573 1367 2601 τῶν
1389 2573 1473 2608 άγίων
1489 2571 1630 2607 οἰκονομία
1644 2569 1790 2598 διακονού-

997 2628 1088 2655 μενον,
1106 2620 1130 2645 εἰ
1153 2619 1201 2646 καὶ
1224 2620 1258 2646 τὰ
1283 2618 1337 2645 τῶν
1357 2617 1565 2654 ὑπηρετούντων
1586 2618 1644 2648 τοῖς
1668 2616 1789 2652 μάρτυσι

997 2666 1142 2700 πρόσωπα,
1160 2666 1188 2691 αἱ
1202 2665 1308 2697 πίστεις
1331 2665 1379 2692 καὶ
1393 2665 1427 2691 τὰ
1440 2664 1520 2698 γένη,
1537 2664 1584 2690 καὶ
1599 2663 1660 2689 ’τῶν
1679 2663 1720 2693 εἰς
1736 2662 1789 2688 αὐ-

995 2712 1059 2743 τοὺς
1080 2711 1257 2746 πραχθέντων
1273 2711 1419 2747 θαυμάτων
1435 2710 1533 2738 διελεῖν
1549 2710 1623 2746 ἡμᾶς
1639 2709 1687 2736 ἀπ’
1701 2708 1788 2744 ἀλλή-

996 2758 1049 2784 λων
1072 2758 1223 2792 ὴνάγκασε,
1238 2758 1328 2785 καίτοι
1351 2757 1499 2784 συνάπτειν
1514 2755 1584 2783 αὐτὰ
1608 2755 1789 2791 βουλομένους

998 2805 1044 2831 καὶ
1063 2804 1237 2837 σπεύδοντας.
