1910 3078
14 132 72 165 3:377
481 125 534 155 SS.
550 124 638 154 CYRI
655 124 702 154 ET
716 123 878 154 JOANNIS
904 122 1111 152 MlllACULA.

1577 119 1651 152 3578

46 185 128 216 Λίϐυς
145 185 159 210 ὁ
179 183 308 217 Ἰωάννης
321 182 481 215 ἐτύγχανεν,
497 179 545 205 καὶ
558 177 729 213 Μαραιώτην
739 177 806 213 ᾤκει

896 177 997 212 Libyus
1014 178 1133 205 Joannes
1150 183 1218 209 erat,
1245 181 1272 204 et
1290 177 1362 210 apud
1388 176 1532 203 Mttrazoten
1552 178 1648 212 primi-

14 233 39 260 τὸ
52 232 200 267 πρότερον·
214 228 272 256 ἀλλ’
286 229 325 259 εἰς
341 227 371 254 τὸ
384 226 439 252 τῶν
455 226 542 259 ἁγίων
563 225 710 258 γενόμενος
723 224 805 258 τέμε-

15 288 62 310 “ν‹ς,
71 278 172 313 τρόπον
183 276 245 303 τινὰ
255 276 334 309 γένος
345 273 481 308 ἠλλάξατο
490 281 497 287 ·
510 271 650 310 Αίγύπτομ
661 270 715 304 γὰρ
725 269 805 295 τοῦτο

17 326 107 361 μᾶλλόν
129 325 189 350 ἐστι
211 321 406 356 πλησιαίτερον
420 326 426 332 ·
451 317 482 344 τὸ
505 317 532 343 δὲ
547 317 595 351 τῆς
619 315 804 350 μετοικήσεως

16 374 103 404 αἴτιον,
127 370 236 404 δαίμων
249 365 295 404 ἦν,
307 367 345 397 ὡς
367 365 503 398 λέγουσιν,
520 363 625 398 ἄγριος,
640 360 669 392 ὃς
685 361 713 386 ἐν
729 359 806 394 αὑτῷ

16 420 57 454 τὴν
77 416 223 444 κατοικίαν
240 413 415 448 ποιούμενος,
435 411 571 445 ἀφόρητος
586 407 620 444 ἦν
640 407 684 434 διὰ
705 406 806 440 πολλὴν

17 452 170 500 ἀγριότητα.
188 460 292 488 Τούτου
311 459 391 494 χάριν
407 458 421 483 ὁ
439 457 567 490 Ἰωάννης
583 454 726 500 δεδεμένος
743 452 807 500 αλο-

17 519 83 537 σεσιν
97 509 168 545 προς
180 508 244 538 τοὺς
267 506 410 540 μάρτυρας
427 503 521 538 ἦγετο,
540 501 615 531 ὅπως
631 499 714 525 αὑτὸν
728 498 807 534 ἐλεή-

18 565 105 587 σαντες
131 554 179 582 τοῦ
204 551 394 582 συνοικοῦντος
417 548 612 584 λυτρὼσωνται
634 545 778 580 δαίμονος*
794 543 808 570 ὃ

19 604 58 630 καὶ
78 603 179 629 θᾶττον
194 598 380 635 πεπράχασιν.
403 594 580 624 Ἐκϐαλόντες
606 592 660 626 γὰρ
686 590 766 621 εὐθὺς
778 589 810 616 τὸ

18 649 160 684 δαιμόνιον,
175 646 226 681 τῆς
240 644 338 672 τούτου
356 642 454 678 μανίας
469 640 581 676 διηνεκῆ
598 640 749 675 δωροῦνται
759 637 809 673 τὴν

19 697 159 730 λύτρωσιν.

54 743 81 768 ’0
97 742 126 767 δέ
150 739 254 773 ταύτης
272 735 362 772 τυχὼν
386 734 436 770 τῆς
454 731 628 768 λυτρώσεως,
648 730 702 757 τῶν
724 737 811 756 σεσω-

20 788 99 812 κίτων
113 786 202 818 ἁγίων
223 782 317 809 δοῦλον
331 779 427 807 ἑαυτὸν
451 777 643 813 ἀπεγράψατο,
662 776 712 810 τῆς
729 775 811 810 Θερα-

22 833 92 863 πείις
106 831 188 864 ἀξίαν
200 827 409 862 ἐνδεικνύμενος
426 824 544 856 εὖνοιαν,
561 823 596 850 δι’
619 823 653 858 ἢν
672 822 720 849 καὶ
748 830 812 857 μετ-

856 229 901 251 tus
918 224 1099 254 habitaverat.
1124 223 1171 251 sed
1198 231 1261 250 eum
1282 223 1316 250 ad
1339 227 1500 250 sanctorum
1527 222 1650 250 venisset

856 269 1011 300 basilicam,
1028 277 1116 304 genus
1133 269 1213 295 modo
1225 268 1343 304 quodam
1359 269 1485 300 mutavit,
1506 268 1563 294 luce
1575 269 1648 295 enim

856 320 898 344 est
914 316 1032 351 [Egypto
1057 316 1252 350 propinquius.
1280 315 1368 342 Porro
1395 315 1650 349 transmigrationis

857 366 953 390 auctor
967 362 1073 389 tiumton
1088 367 1157 394 erat,
1175 366 1203 388 ιιι
1219 361 1321 393 ferunt,
1340 362 1524 397 agrestis,qni
1543 361 1651 388 habita-

858 409 960 436 tionem
977 407 1096 434 faciebat
1113 408 1139 434 in
1160 407 1231 441 ipso,
1253 409 1280 433 et
1292 410 1351 434 erat
1366 407 1402 434 ob
1421 407 1535 433 multam
1560 406 1653 433 ferita-

858 458 911 481 tem
929 454 1119 481 intolerabilis.
1137 453 1226 488 Hujus
1247 453 1285 480 rei
1302 453 1390 488 gratia
1406 452 1527 480 Joannes
1540 453 1651 481 vinctul

858 502 965 528 catenis
979 501 1012 528 ad
1030 505 1169 535 martyres
1186 500 1333 534 agebatur,
1350 500 1373 526 si
1387 507 1442 534 quo
1455 499 1584 527 modosui
1598 499 1651 526 mi-

859 547 937 579 serti,
955 555 969 574 a
989 547 1110 574 daemone
1131 546 1178 581 qui
1204 554 1234 573 se
1255 545 1377 578 tenebat,
1407 546 1562 580 eriperent;
1576 543 1652 579 quod

859 597 886 621 et
915 593 1047 620 velociter
1075 596 1258 626 peregerunt;
1289 591 1378 624 ejecto
1404 590 1476 617 enim
1505 590 1652 621 confestim

860 635 1007 668 daemonio,
1027 635 1061 662 ab
1077 635 1160 670 hujus
1181 634 1290 662 insania
1306 635 1466 662 continuam
1483 634 1588 662 donant
1607 642 1652 662 re-

860 682 1056 716 demptionem.

895 729 929 755 At
953 729 998 755 ille
1024 729 1097 755 hanc
1117 728 1245 763 adeptus.
1271 732 1430 754 sanctorum
1447 727 1493 761 qui
1514 735 1543 754 se
1565 727 1654 754 salva-

861 779 958 802 verant
978 779 1066 802 semet
1083 781 1192 801 servum
1213 774 1352 808 ascripsit,
1377 774 1522 800 curatione
1542 773 1653 808 dignam

862 820 1012 848 ostendens
1038 819 1270 852 benevolentiam,
1295 827 1344 855 per
1369 827 1451 854 quam
1475 823 1502 846 et
1527 818 1656 846 transmi-

22 880 135 912 ανάσ-ῑης
164 877 273 910 ἐγένετο
286 895 294 906 ,
320 874 369 900 καὶ
393 873 444 907 τὴν
461 870 577 906 πατρίδα
596 869 693 902 λιπὼν,
715 869 745 895 τὸ
758 869 812 895 τῶν

870 871 957 901 grator
972 864 1087 893 effectus
1103 869 1155 897 est,
1175 870 1202 892 et.
1219 865 1308 900 patria
1328 863 1474 897 derelicta,
1492 872 1578 900 penes
1590 871 1655 892 san-

22 926 99 958 ἁγίυιν
118 923 270 959 μαρτύριον
286 921 406 956 ᾤκησεν.
420 919 476 945 Καὶ
492 918 572 945 τοῦτο
592 917 640 952 μὲν
654 917 703 951 τῆς
720 924 811 951 μετοι-

23 972 108 1003 traria;
123 970 155 997 τδ
174 969 273 996 αἴτιον.
289 967 368 994 Μετὰ
381 968 477 1002 χρόνον
493 964 521 991 δὲ
544 964 616 990 πάνυ
634 963 731 998 συχνὺν
747 962 812 992 τοὺς

22 1019 129 1053 νεφροὺς
149 1016 256 1052 βαρέως
270 1015 412 1049 ἐνόσησεν,
428 1012 475 1039 καὶ
493 1012 509 1046 ὴ
522 1011 598 1042 νόσος
608 1007 643 1045 ἦν
657 1009 812 1036 ἀνυπόστα-

22 1073 75 1096 τος·
94 1064 162 1090 ποτὲ
178 1063 227 1098 μὲν
242 1062 297 1096 γὰρ
322 1061 430 1087 πίπτων
456 1059 496 1086 είς
515 1058 567 1092 γῆν
587 1056 720 1087 ἐκυλίετο,
746 1054 812 1081 ποτὲ

22 1111 45 1136 δὲ
59 1112 109 1145 τῆς
135 1109 187 1143 γῆς
206 1107 388 1141 ἀνιστάμενος
405 1105 457 1132 ἀνὰ
484 1104 515 1130 τὸ
539 1103 653 1137 τέμενος
678 1101 748 1131 ἔθεε,
765 1101 812 1127 καὶ

23 1158 192 1192 βιρυειςώνοις
207 1154 378 1188 στενάγμασι
397 1152 502 1182 πάντας
518 1150 582 1180 τοὺς
604 1149 651 1175 σὺν
666 1147 740 1182 αὐτῷ
754 1146 813 1172 δια-

21 1204 161 1239 τρίεοντας
173 1201 280 1236 ὲστέρει
295 1201 345 1233 τῆς
361 1197 528 1233 προσφιλοῦς
545 1194 735 1225 ἀναπαύσεως,
751 1193 813 1228 ἥτις

23 1250 109 1280 ,ῖᾷτοῖς
123 1248 230 1283 ἠρεμίᾳ
244 1244 442 1281 προσγινέσθαι
459 1243 593 1277 πέφυκεν,
610 1241 656 1268 καὶ
670 1240 740 1274 τάχα
752 1247 814 1273 συγ-

22 1295 130 1329 ζνώμης
147 1293 298 1327 ἐτύγχανεν
315 1291 402 1323 ἄξιος,
426 1289 513 1320 οὕτως
530 1286 653 1322 σφοδρῶς
675 1284 813 1319 ὀδυνώμε-

23 1350 70 1372 νος.
87 1341 150 1366 Τῶν
167 1339 217 1374 μὲν
231 1339 287 1374 γὰρ
304 1338 392 1365 ἄλλων
406 1335 501 1363 παθῶν
517 1335 583 1366 ἴσως
595 1342 637 1365 τις
651 1333 701 1367 τῆς
717 1331 814 1365 ὀδύνης

23 1388 195 1422 στοχάσαιτο,
210 1384 318 1421 νεφρῶν
333 1385 361 1411 δὲ
376 1383 457 1410 πόνον
481 1382 570 1408 εἰπεῖν
595 1381 644 1407 καὶ
660 1379 743 1413 ἄλγος
765 1379 814 1404 άν-

23 1433 144 1460 ιίκαστον
158 1432 214 1458 τῶν
231 1432 262 1458 οὺ
280 1430 455 1457 πεπονθότων
469 1427 568 1459 οὐδεὶς,
585 1425 660 1462 μόνοι
672 1425 700 1451 δὲ
713 1423 815 1458 γιγνώ-

24 1487 130 1505 σκουσιν
154 1479 180 1504 οἱ
202 1478 378 1512 νοσήσαντες.
402 1473 575 1502 Κινδυνεύων
603 1469 651 1498 οὖν
668 1470 814 1503 οὖτως,ὡς

23 1526 136 1561 ὶςημεν,
146 1525 276 1559 Ἰωάννης
290 1522 470 1557 σφοδρότατα,
483 1520 553 1555 τάχα
565 1519 597 1546 ἂν
614 1517 815 1551 συντονωτέρας

24 1573 98 1608 ἔτυχε
124 1573 173 1607 τῆς
190 1572 301 1603 ἰάσεως,
319 1570 343 1597 εί
366 1569 415 1596 σὺν
442 1567 618 1604 μακροθυμίᾳ
634 1566 697 1597 τοὺς
719 1565 815 1599 ἁγίους

25 1619 140 1646 ἰκέτευε.

54 1710 147 1738 Καλὴν
169 1710 198 1736 δέ
223 1708 310 1735 εἰπεῖν
327 1707 401 1738 ὅπως
415 1705 465 1732 καὶ
489 1704 568 1731 τοῦτο
591 1703 711 1739 διαφύγῃ
726 1702 757 1729 τὸ
773 1702 818 1729 νό-

24 1767 96 1792 στμα
107 1766 115 1772 ·
129 1758 187 1783 ἐστι
204 1755 259 1790 γὰρ
275 1754 289 1780 ὁ
313 1754 414 1789 τρόπος
437 1752 549 1788 χάριτος
567 1750 696 1785 ἔμπλεος.
720 1748 818 1784 ’ἰατρί-

26 1813 86 1836 suo;
101 1811 145 1834 τις
164 1801 259 1829 τοῦτον
279 1800 340 1827 ἰδὼν
365 1797 493 1834 χαλεπῶς
508 1796 686 1831 ὀδυνώμενον,
706 1795 818 1830 καὶτῆς

26 1850 118 1884 ὑγείας
135 1846 257 1879 διακαῶς
271 1845 447 1881 ὀρεγόμενον,
463 1844 532 1879 Τρία
545 1843 590 1875 δός
612 1851 667 1877 μοι,
686 1841 753 1876 πρὸς
769 1841 818 1867 αὑ-

25 1896 67 1922 ἰἒν
82 1895 148 1930 ἔφη,
161 1894 329 1929 νομίσματα,
345 1891 423 1926 κάγώ
439 1899 480 1918 σοι
496 1890 529 1917 δι’
553 1889 692 1917 ἀντιδότου
706 1889 818 1924 παρέχω

24 1942 70 1978 τὴν
87 1942 172 1969 [ασιν.
195 1940 226 1966 ’0
246 1940 275 1966 δὲ
293 1939 390 1974 φυγεῖν
407 1936 567 1968 σπουδάζων
581 1936 630 1970 τὴν
647 1934 773 1970 βάσανον,
788 1934 818 1960 τὸ

24 1988 133 2023 χρυσίον
155 1986 306 2021 προθύμως
328 1984 478 2015 ἐπέδωκεν,
499 1982 549 2009 καὶ
567 1981 657 2008 λαϐὼν
681 1981 772 2015 ἐτήρει
789 1979 819 2005 τὸ

25 2036 181 2069 φάρμακον,
200 2033 245 2059 ἵνα
260 2032 328 2067 πρὸς
341 2030 441 2065 ὄρθρον
455 2028 521 2055 αὐτὸ
532 2027 576 2054 διὰ
593 2026 725 2062 στόματος
742 2025 818 2060 δέξη-

25 2089 76 2106 ται.
93 2079 150 2106 Καὶ
166 2077 228 2105 κατ’
245 2075 355 2110 ἐκείνην
376 2075 426 2111 τὴν
442 2074 529 2101 νύκτα
542 2071 727 2108 κοιμώμενος,
747 2077 818 2104 παρ-

26 2126 142 2156 εστῶτας
161 2123 238 2158 αὐτῷ
258 2122 352 2157 βλέπει
366 2121 430 2152 τοὺς
449 2120 604 2155 μάρτυρας,
619 2119 666 2145 καὶ
682 2118 732 2152 τὴν
753 2118 818 2143 ἀπι-

26 2171 98 2197 στίαν
119 2169 169 2204 τὴν
195 2168 265 2204 πρὸς
290 2167 390 2198 αὐτοὺς
415 2164 609 2197 ὀνειδίζοντας,
636 2163 682 2190 καὶ
707 2162 761 2189 τῶν
777 2162 818 2193 εἰς

862 914 969 938 ctorum
992 910 1125 938 habitavit
1148 911 1322 946 martyrium.
1343 909 1376 937 Et
1395 911 1454 938 lta‘c
1475 910 1587 944 quidem
1605 909 1656 937 fuit

862 956 946 991 hujus
962 964 1047 983 eausa
1061 957 1327 991 transmigrationis.
1353 956 1420 984 Post
1440 961 1548 992 tempus
1562 961 1654 983 autem

863 1004 1012 1031 admodum
1030 1004 1125 1036 breve,
1149 1011 1246 1031 renum
1268 1004 1428 1039 languorem
1444 1005 1566 1039 graviter
1583 1003 1656 1030 inci-

862 1050 913 1084 dit,
927 1055 955 1078 et
969 1050 1085 1086 languor
1100 1054 1161 1077 erat
1181 1050 1386 1077 intolerabilis:
1408 1051 1509 1077 etenim
1529 1050 1656 1085 aliquan-

863 1096 898 1124 do
922 1096 1026 1123 cadens
1042 1096 1069 1122 in
1088 1099 1189 1123 terram
1213 1096 1400 1129 volutabatur,
1421 1095 1571 1130 aliquando
1589 1103 1656 1123 vero

863 1149 878 1169 a
898 1146 973 1169 terra
987 1147 1103 1170 erectus
1126 1149 1174 1176 per
1193 1141 1335 1168 basilicam
1355 1141 1543 1173 discurrebat,
1567 1141 1658 1176 gravi-

864 1189 972 1224 busque
987 1189 1104 1216 vocibus
1122 1192 1148 1215 et
1165 1187 1312 1222 gemitibus
1334 1195 1430 1214 omnes
1446 1187 1492 1222 qui
1510 1187 1537 1214 in
1548 1195 1580 1214 ea
1598 1194 1657 1213 mo-

864 1235 999 1262 rabantur
1015 1235 1109 1270 requie
1125 1234 1250 1269 privabat
1264 1237 1366 1266 amata,
1384 1241 1444 1268 qua
1459 1233 1514 1260 illis
1532 1233 1565 1260 ad
1580 1233 1657 1267 quie-

866 1285 918 1308 tem
933 1281 1068 1316 pt‘oftcere
1083 1281 1162 1308 solet.
1180 1280 1213 1307 Et
1231 1279 1303 1307 forte
1317 1280 1395 1308 venia
1413 1280 1514 1315 dignus
1526 1283 1586 1306 erat
1600 1283 1656 1306 tam

864 1327 954 1354 valide
967 1327 1065 1354 dolens
1079 1335 1087 1354 :
1103 1334 1167 1353 natn
1179 1326 1294 1353 aliarum
1309 1326 1419 1360 quidem
1435 1325 1596 1360 passionum
1609 1325 1658 1351 do-

866 1374 908 1401 lor
925 1374 1043 1401 fortasse
1060 1374 1207 1408 quisquam
1226 1372 1262 1399 sit
1278 1372 1426 1399 vehemens
1449 1371 1586 1405 advertit;
1613 1379 1659 1398 re-

866 1429 931 1448 num
952 1426 1043 1448 autem
1068 1420 1191 1448 dolorem
1214 1425 1241 1447 et
1264 1419 1430 1453 cruciatum,
1453 1419 1552 1451 fateor,
1577 1425 1659 1445 nemo

866 1468 912 1502 qui
928 1474 1027 1502 passus
1053 1474 1108 1493 non
1126 1471 1169 1494 est
1186 1466 1327 1500 conjicere
1341 1470 1442 1501 potest,
1462 1473 1524 1493 cum
1546 1466 1598 1492 hoc
1611 1472 1658 1492 so-

870 1513 1010 1541 lnnnnodo
1024 1513 1070 1548 qni
1089 1514 1187 1540 borum
1204 1513 1365 1547 languorem
1377 1511 1451 1547 passi
1467 1515 1544 1543 sunt,
1558 1512 1658 1538 sciant.

869 1559 937 1587 Cum
953 1567 1018 1594 ergo
1038 1558 1160 1586 Joannes
1179 1562 1246 1591 tarn,
1272 1561 1302 1585 ut
1321 1556 1453 1589 dixim'ns,
1474 1557 1564 1584 valide
1584 1556 1659 1591 peri-

867 1605 1020 1636 clitaretur,
1038 1604 1157 1631 fortasse
1181 1604 1327 1630 sanitatem
1346 1602 1432 1637 magis
1451 1602 1588 1628 concitam
1607 1601 1660 1628 int-

869 1655 1014 1687 petrasset,
1034 1651 1057 1679 si
1072 1654 1183 1678 sanctos
1200 1650 1393 1685 longanimiter
1408 1649 1568 1684 flagitasset.

905 1697 1008 1724 Bonum
1024 1701 1115 1724 autem
1139 1699 1180 1723 est
1199 1700 1229 1723 ut
1247 1695 1358 1723 dicatur
1374 1703 1428 1730 quo
1441 1700 1468 1722 et
1483 1695 1556 1721 hunc
1579 1693 1661 1721 modo

869 1745 1027 1780 languorem
1047 1743 1183 1779 effugerit,
1195 1747 1239 1771 est
1251 1743 1322 1770 enim
1336 1743 1434 1770 modus
1447 1742 1533 1777 gratia
1551 1742 1658 1777 plentts.

870 1791 1021 1818 Mediculus
1039 1790 1150 1824 quidam
1176 1790 1249 1815 hunc
1271 1796 1344 1816 saevo
1367 1789 1465 1816 videns
1479 1788 1573 1815 dolore
1594 1788 1660 1814 fati-

869 1843 973 1872 gatum,
995 1841 1022 1863 et
1046 1836 1191 1864 sanitatem
1211 1836 1405 1862 ardentissime
1429 1834 1656 1862 desiderantem:

869 1883 949 1915 Tres.
966 1883 1035 1910 dixit
1047 1882 1080 1909 ad
1099 1889 1173 1914 eum,
1197 1881 1231 1909 da
1255 1880 1323 1908 milti
1345 1888 1485 1914 nummos,
1506 1885 1533 1908 et
1547 1888 1597 1914 ego
1612 1880 1661 1907 tibi

869 1937 919 1965 per
938 1928 1092 1956 antidotum
1120 1927 1266 1954 sanitatem
1287 1924 1435 1961 prtestabo.
1452 1926 1484 1952 At
1504 1926 1549 1953 ille
1568 1925 1662 1960 fugere

869 1975 965 2002 volens
992 1967 1168 2009 supplicium,
1197 1980 1295 1999 aurum
1327 1972 1455 2000 alacriter
1482 1971 1605 2005 tradidit,
1634 1975 1661 1999 et

869 2025 982 2055 aceepto
1021 2019 1215 2051 medicamine,
1243 2018 1408 2046 observabat
1428 2021 1566 2053 quatenus
1594 2018 1660 2045 illud

870 2075 918 2103 per
936 2074 967 2094 os
979 2065 1101 2094 diluculo
1116 2069 1248 2093 sumeret.
1263 2065 1298 2092 Et
1316 2064 1410 2092 eadem
1426 2068 1507 2091 nocte
1520 2064 1662 2091 dormiens

870 2114 922 2142 sibi
941 2117 1078 2148 mart3res
1105 2111 1180 2139 videt
1204 2115 1337 2144 astantes,
1353 2114 1380 2138 et
1400 2110 1552 2138 inﬂdclitati
1577 2118 1659 2145 quatn

871 2159 897 2186 in
926 2159 988 2186 illos
1017 2158 1176 2186 ostenderat
1210 2157 1422 2192 exprobrantes,
1454 2162 1483 2183 et
1509 2158 1660 2185 sanitatum

26 2216 102 2242 αὗτὸν
110 2215 249 2249 διαφόρως
264 2212 420 2247 γενομένων
435 2210 536 2237 ίάσεων
545 2208 813 2244 ἀναμιμνήσκοντας.

872 2212 940 2238 quas
956 2204 982 2231 in
999 2211 1061 2231 eum
1085 2204 1196 2230 diverso
1212 2202 1293 2230 modo
1309 2206 1454 2238 gesserant
1470 2203 1660 2231 recordantes.

27 2263 59 2289 03
85 2262 165 2297 μόνον
181 2260 237 2296 γὰρ
263 2258 344 2286 αὑτὸν
364 2257 492 2292 δαίμονος
509 2253 579 2291 ἦσαν
599 2253 816 2289 λυτρωσάμενοι,

25 2310 90 2336 ἀλλὰ
107 2310 153 2336 καὶ
168 2308 217 2335 τοῦ
229 2309 279 2343 τῆς
295 2306 436 2339 ποδάγρας
460 2303 572 2331 ἀνιάτου
589 2303 753 2337 νοσήματος,
771 2301 818 2328 καὶ

28 2356 128 2390 μυρίων
143 2354 233 2382 ἄλλων
246 2353 342 2379 παθῶν
360 2351 444 2378 ἱδικοῦ
464 2350 600 2385 δεομένων
616 2348 816 2381 συντάγματος,

27 2388 49 2426 si
64 2388 181 2436 γράφειν
195 2398 268 2425 αὐτά
286 2406 328 2429 τις
343 2397 374 2423 τὸ
387 2396 449 2423 καθ’
471 2395 499 2421 ἒν
518 2394 685 2429 ἐθελήσειεν.
702 2392 768 2428 Περὶ
780 2388 818 2418 ὧν

28 2447 232 2482 ὑπομνήσαντες
248 2444 358 2471 πάντων
370 2442 452 2470 αὐτὸν
466 2442 491 2468 οἱ
506 2440 669 2472 καλλίνικοι,
683 2439 731 2465 καὶ
745 2438 818 2473 μάλα

26 2492 136 2527 κομψῶς
164 2490 368 2525 ἐγκαλέσαντες
395 2487 427 2514 τὸ
458 2487 594 2518 ἄπιστον,
628 2485 658 2512 τὺ
689 2483 817 2520 ἀμνημό-

27 2547 135 2570 νευτον,
167 2537 199 2563 τὸ
229 2536 396 2570 ἀχάριστον,
427 2533 474 2560 καὶ
507 2532 535 2558 εί
561 2540 588 2558 τι
623 2530 729 2562 τούτοις
759 2530 818 2556 ἐστὶ

30 2584 228 2618 παραπλήσιον.
245 2582 328 2612 Τέλος
355 2581 383 2607 ἐν
407 2579 535 2615 εἰρωνείᾳ
558 2577 698 2611 τὸνλόγον
723 2576 818 2603 ποιού-

30 2637 112 2663 μενοι,
132 2628 178 2661 Τί,
205 2627 309 2662 quoia;
329 2627 394 2662 ἡμῖν
411 2625 434 2651 εί
451 2624 588 2660 παρέσχες
610 2624 644 2649 τὰ
663 2622 726 2657 τρία
741 2621 819 2657 νομί-

29 2684 127 2709 σματα,
143 2676 194 2702 οὐκ
217 2675 327 2709 εἴχομεν
343 2672 494 2707 παρασχεῖν
517 2679 559 2697 σοι
576 2670 627 2705 τὴν
652 2670 743 2703 ῐασιν;
756 2669 819 2700 τοὺς

28 2722 123 2752 also-‘2;
136 2721 234 2754 λόγους
249 2719 469 2754 ἀπαραλλάκτως
483 2717 677 2752 φθεγξάμενοι,
691 2713 732 2747 οἷς
749 2714 818 2750 πρὸς

29 2767 107 2793 αὑτὸν
131 2769 145 2794 ὁ
162 2767 248 2798 καλὸς
272 2767 377 2797 ἐκεῖνος
406 2765 547 2800 ἰατρίσκος
569 2764 718 2798 ἐχρήσατο.
744 2761 818 2796 Πλὴν

32 2813 137 2846 ἄπελθε,
152 2813 275 2847 λέγουσι,
289 2812 337 2838 καὶ
349 2812 400 2838 ὅσα
411 2810 449 2846 τῷ
465 2810 550 2845 ίατρῷ
561 2808 765 2844 προσεκόμισας
779 2806 818 2842 τῷ

31 2858 151 2886 δεδωκότι
166 2868 206 2887 σοι
219 2859 270 2894 τὴν
285 2858 432 2890 ἀντίδοτον,
445 2857 492 2884 καὶ
507 2856 544 2891 τῷ
557 2856 683 2891 ἡμετέρῳ
696 2853 817 2888 vagoqu-

869 2251 928 2278 Non
956 2250 1028 2277 enim
1051 2250 1124 2276 htmc
1152 2253 1258 2277 tanttttn
1275 2256 1291 2275 a
1306 2249 1443 2276 daemonio
1466 2249 1660 2281 liberaverant,

869 2297 917 2324 sed
944 2297 1022 2323 etab
1049 2295 1196 2322 insanabili
1225 2296 1356 2330 languore
1375 2295 1512 2330 podagrae,
1533 2295 1662 2328 milleque

869 2343 932 2369 aliis
948 2341 1126 2377 passionibus
1141 2348 1201 2376 qua:
1224 2340 1334 2374 proprio
1355 2344 1467 2375 egerent
1492 2343 1659 2370 commento,

869 2390 893 2416 si
920 2396 969 2424 per
994 2389 1119 2423 singulas
1143 2387 1289 2423 quisquam
1316 2387 1364 2414 bas
1385 2387 1466 2414 vellet
1491 2385 1659 2413 describere.

869 2436 935 2469 Quae
962 2438 1054 2463 omnia
1078 2434 1143 2462 boni
1167 2435 1287 2462 victores
1310 2434 1343 2460 ad
1358 2433 1418 2468 ejus
1436 2433 1596 2460 memoriam
1615 2440 1660 2460 re-

869 2482 1013 2515 ducentes,
1037 2487 1064 2509 et
1083 2481 1304 2509 incredulitatem
1322 2480 1511 2514 comptiSsime
1526 2487 1662 2507 accusan-

869 2533 920 2560 tes,
941 2532 968 2555 et
982 2527 1054 2562 quod
1071 2527 1206 2554 bonorum
1225 2525 1306 2552 fuerit
1326 2524 1472 2552 itmnetnor
1484 2530 1510 2551 et
1525 2524 1661 2560 ingratus.

869 2578 897 2602 et
918 2574 941 2601 si
966 2573 1034 2608 quid
1062 2577 1104 2600 est
1118 2573 1179 2600 istis
1200 2571 1304 2605 simile;
1323 2575 1462 2606 postretno
1476 2578 1524 2606 per
1542 2571 1662 2608 iroqiam

870 2627 1025 2648 sermonem
1053 2619 1208 2646 facientes:
1232 2617 1329 2645 Nonne
1360 2618 1381 2646 si
1412 2617 1503 2651 nobis,
1522 2617 1662 2652 inquiunt,

870 2673 924 2694 tres
949 2666 1011 2694 illos
1036 2672 1163 2692 nummos
1183 2663 1340 2696 tribuisses,
1365 2663 1528 2690 baberetnus
1546 2663 1594 2690 tibi
1611 2662 1663 2690 tri-

869 2714 954 2741 buere
971 2712 1135 2740 sanitatem?
1160 2711 1263 2738 eisdem
1282 2710 1494 2737 immutabiliter
1516 2709 1606 2736 verbis
1621 2708 1662 2735 af-

870 2759 931 2793 fati,
947 2759 1047 2794 quibus
1062 2759 1107 2785 ille
1125 2759 1212 2785 bonus
1229 2757 1382 2784 medieulus
1395 2764 1461 2784 ttstts
1476 2760 1527 2783 est.
1545 2754 1662 2782 Verum-

872 2812 961 2834 tamen
977 2806 1055 2838 vatle,
1077 2805 1184 2838 dicunt,
1206 2810 1232 2832 et
1247 2810 1381 2840 quotquot
1404 2804 1509 2831 mcdtco
1522 2803 1567 2837 qui
1587 2800 1662 2829 dedit

871 2852 919 2879 tibi
934 2851 1086 2879 antidotum
1104 2850 1231 2885 attulisti,
1250 2853 1342 2878 nostro
1359 2849 1441 2878 etiam
1462 2846 1660 2884 gazopltylacio
