1910 3078
24 102 97 135 3581

557 107 608 138 SS.
629 108 718 139 CYRI
743 109 790 139 ET
809 110 972 141 JOANNIS
987 111 1196 144 MIRACULA-

1612 117 1684 149 3582

22 157 223 205 inhiandae
240 158 289 194 τῆς
305 159 379 195 ζωῆς
396 160 474 196 ἧνθει
493 162 543 197 τῆς
567 163 709 199 παρούσης
727 164 818 191 ὲπὼδυ

889 166 1017 196 formitas
1041 169 1201 203 apparebat.
1230 168 1280 196 sed
1304 172 1333 197 et
1352 168 1432 196 dolor
1453 168 1516 197 vitae
1540 174 1698 205 presentis'

23 212 80 230 wn.
97 204 217 238 Τῳφῆς
231 204 280 240 μὲν
298 206 352 242 γὰρ
365 207 479 242 στερεᾶς
494 209 630 241 παντοίως
640 210 781 246 ἐστέρητο,
793 211 832 246 μὴ

22 250 195 285 δυναμένων
211 251 252 278 Ετι
269 253 324 278 τῶν
339 253 453 280 ὀδόντων
472 254 574 290 ταύτην
599 255 715 283 λεαίνειν
737 256 832 293 ῶσπερ

25 296 191 330 εἱώθεισαν,
205 298 251 324 διὰ
266 298 316 335 τὴν
332 299 381 334 τῆς
403 299 526 335 γλώττης
549 301 646 337 ἐξοχὴν
661 302 709 329 καὶ
726 303 833 338 παραύ-

25 342 120 376 iactv,
137 344 228 380 ὑγρᾶς
242 345 271 371 δὲ
290 345 367 380 μόλις
377 347 425 373 καὶ
441 346 556 382 ροώδους
567 348 678 382 ἐγεύετο
691 348 830 384 βρώσεως,

26 392 142 426 μηχανῇ
159 400 215 418 τινι
230 393 281 428 τῆς
294 393 398 428 μητρὸς
411 394 462 428 τὴν
477 393 602 428 γλῶτταν
616 395 773 430 εἰργούσης,
785 398 830 424 καὶ

25 436 134 472 ταύτην
156 438 308 474 ἐγχεούσης
317 439 355 474 τῷ
371 440 496 475 στόματι.
511 441 567 468 Καὶ
580 441 660 468 τοῦτο
674 442 722 477 μὲν
737 441 771 478 ἦν
781 442 828 470 τοῦ

27 483 125 515 παιδὸς
137 483 169 510 τὸ
183 484 388 520 ἁρῤὡστημα,ὄ
401 486 507 521 μηδεὶς,
516 487 555 519 ὡς
563 486 650 523 οῐμαι,
662 488 717 516 τῶν
725 479 830 525 ἀνθρώ-

26 537 86 555 πων
114 531 278 565 ὑπέμεινεν,
298 532 366 567 μηδὲ
389 532 522 565 παθόντος
547 533 628 560 ἄλλου
644 534 784 568 τεθέαται,
805 536 830 563 ει

27 577 73 601 καὶ
89 575 127 602 τὰ
143 576 266 611 μάλιστα
282 578 365 613 μηδὲν
380 578 432 605 ὑπὸ
452 579 497 605 τὸν
515 579 591 614 ἥλιον
607 577 676 606 εἶναι
691 581 784 607 καινόν
800 589 830 607 τε

28 623 74 648 καὶ
88 622 252 656 πρόσφατον
263 622 277 650 ὸ
293 623 374 658 σοιρὺς
393 624 610 661 Ἐκκλησιαστὴς
622 626 794 661 ἀπεφήνατο.

64 711 167 737 Πολλοὶ
182 711 249 745 γοῦν
263 712 360 744 παῖδες
380 713 448 739 αὐτὸ
463 712 517 739 τῶν
542 712 644 746 ἰατρῶν
669 712 828 745 ἐθεάσαντο,

27 757 73 782 καὶ
90 757 200 784 τούτων
220 758 273 783 ἴδον
291 758 315 784 οἱ
331 757 507 794 προῦχοντες,
522 759 571 785 καὶ
594 758 663 794 πρὸς
687 758 718 785 τὸ
743 758 830 790 πάθος

33 803 114 834 εὐθὺς
132 803 364 839 ἐκπληττόμενοι,
383 805 495 838 μονονοὺ
512 805 612 836 πάντες
623 804 672 836 τὰς
686 805 762 839 Mat;
780 804 828 831 τύ-

889 211 1002 239 ﬂorebat
1019 219 1025 237 :
1044 212 1134 240 solido
1159 212 1262 247 quippe
1279 212 1343 240 cibo
1360 220 1473 247 pmrsus
1487 214 1610 247 cuebat,
1626 222 1683 243 non

884 257 1044 284 valentibus
1068 257 1143 284 hunc
1165 257 1222 284 ullo
1247 257 1329 284 modo
1354 258 1484 286 dentibus
1510 266 1586 286 more
1600 260 1683 289 solito

886 301 1089 335 comminuere,
1110 306 1223 336 propter
1243 301 1343 335 linguae
1367 302 1632 336 supereminentiam
1653 308 1681 331 et

882 347 1038 382 improbum
1064 347 1275 375 incrementum.
1299 347 1444 375 llumidam
1464 356 1529 375 vero
1544 353 1571 375 et
1588 350 1677 376 sorbi-

882 393 935 420 lem
958 393 1150 420 tantummodo
1175 393 1303 428 gustabat
1332 400 1435 424 escam.
1469 394 1581 428 ingenio
1607 403 1677 429 ψιθ-

883 439 945 466 dam
970 443 1057 466 matre
1079 439 1200 474 linguam
1229 444 1352 473 arcente,
1380 443 1407 466 et
1425 447 1515 467 escam
1543 440 1630 474 ipsam
1649 440 1677 467 in

883 493 914 513 os
929 484 1098 514 eﬂ‘uudente.
1121 486 1154 512 Et
1169 485 1214 513 hic
1233 485 1343 520 quidem
1367 485 1444 520 pueri
1468 486 1583 521 languor
1607 491 1677 517 erat.

880 539 962 566 quem
978 532 1081 565 nullus,
1094 536 1123 559 ut
1137 539 1210 565 reor,
1229 532 1372 559 hominum
1396 532 1540 563 sustinuit.
1559 532 1607 559 sed
1624 539 1675 559 nec

882 576 938 610 pati
961 576 1045 603 alium
1067 577 1269 611 contemplatus
1294 579 1347 608 est,
1372 577 1500 610 quamvis
1531 575 1599 602 nihil
1624 575 1676 603 sub

880 621 940 649 sole
959 629 1060 649 novum
1081 630 1143 650 esse
1167 622 1210 649 vel
1227 629 1336 655 recens,
1353 621 1538 649 Ecclesiastes
1562 622 1675 657 sapiens

882 666 1064 699 perhibuerit.

916 710 992 737 Multi
1007 711 1089 746 igitur
1106 711 1179 738 hunc
1192 710 1320 746 discipuli
1346 710 1514 738 medicorum
1536 710 1674 742 viderunt.

880 760 907 784 et
922 756 1018 784 horqu
1032 757 1124 784 intuiti
1141 762 1205 785 sunt
1215 760 1409 792 praeceptores,
1425 762 1453 784 et
1466 764 1514 792 pro
1526 760 1598 783 tanta
1612 764 1675 791 pas-

882 801 959 829 sione
981 802 1127 837 stupefacti
1150 809 1258 835 omnes,
1295 806 1401 829 tantum
1428 802 1613 837 percuticutes
1639 801 1676 828 fa-

28 855 144 879 πτοντες
159 848 262 882 ἔφυγον
272 867 279 878 ,
298 849 397 883 μηκέτι
413 849 511 884 δρᾶσαι
527 849 742 883 γιγνώσκοντες.
763 850 820 885 μήτι

883 849 954 882 cies,
984 848 1154 882 fugiebant;
1182 856 1272 884 neque
1295 849 1360 884 quid
1383 848 1539 883 hujnstnodi
1572 848 1673 876 factum

29 894 118 929 εὑρεῖν
131 894 165 920 ὲν
180 896 239 926 τοῖς
256 894 310 921 τῶν
325 895 448 930 ἀρχαίων
460 895 669 930 Ἀσκληπιάδων
686 896 830 932 συγγράμ-

31 948 107 974 μασι.
133 939 229 975 Κῦρος
247 940 275 966 δὲ
293 940 342 967 καὶ
359 941 486 975 Ἰωάννης
500 941 525 967 ot
544 941 681 977 μάρτυρες
697 943 722 968 ot
737 941 829 969 θεόθεν

27 985 73 1016 τὰς
88 986 182 1016 ἰάσεις
197 987 394 1021 προφέροντες,
412 986 462 1022 τὴν
475 987 619 1022 παροῦσαν
634 987 734 1019 ἰδόντες
749 987 829 1014 ἀσθέ-

28 1040 109 1062 νειαν,
126 1032 209 1058 οὐδὲν
223 1032 329 1059 τοιοῦτο
344 1033 525 1067 δεδράκασιν,
540 1033 600 1060 οὐδὲ
615 1033 683 1068 πρὸς
699 1033 748 1068 τὴν
763 1032 828 1060 θέαν

28 1078 110 1113 αὐτὴν
124 1077 332 1114 ἐξεπλάγησαν,
344 1079 405 1105 οὐδὲ
421 1079 460 1110 ὼς
474 1079 594 1116 δυσχερῆ
619 1080 826 1117 παρῃτήσαντο,

27 1123 83 1150 οὐδὲ
100 1124 142 1159 μὴ
161 1123 319 1159 γεγράφθαι
336 1123 438 1159 ταύτης
460 1124 490 1152 τὺ
511 1125 658 1161 φάρμακον
678 1125 754 1160 παρὰ
768 1125 827 1160 θεῷ

26 1169 62 1203 τῷ
81 1170 199 1197 πάντων
225 1170 310 1206 ἰατρῷ
333 1171 657 1207 διεκήρυξαν.Ἀκρι6ὦς
681 1172 735 1207 γὰρ
759 1172 825 1207 ηπί-

28 1224 135 1248 οταν-το,
150 1216 191 1248 ὡς
205 1216 296 1243 πάντα
311 1217 361 1243 ὅσα
376 1217 504 1253 ἐθέλῃσιν
515 1218 529 1244 ὁ
543 1217 644 1251 Κύριος
658 1217 787 1253 ἐποίησεν
799 1219 826 1244 ἐν

27 1261 62 1296 τῷ
76 1260 192 1297 οὐρανῷ
216 1262 264 1287 καὶ
287 1262 316 1288 ὲν
336 1263 370 1297 τῇ
386 1262 432 1297 γῇ,
448 1263 478 1288 ὲν
495 1263 555 1293 ταῖς
570 1262 720 1293 θαλάσσαις
736 1262 783 1288 καὶ
797 1263 826 1288 ὲν

28 1308 126 1338 πάσαις
149 1309 213 1339 ταῖς
229 1307 369 1340 ἁδύσσοις,
384 1308 431 1335 καὶ
452 1308 490 1341 ὼς
514 1308 550 1335 τὰ
572 1308 648 1344 παρὰ
671 1308 826 1344 ἀνθρώποις

28 1353 158 1384 ἀδύνατα,
177 1353 279 1380 δυνατὰ
296 1354 374 1390 παρὰ
397 1354 458 1390 Θεῷ
482 1354 701 1390 καθεστήκασιν,
717 1355 764 1382 καὶ
787 1356 824 1388 ὡς

28 1399 116 1425 πάντα
131 1399 268 1431 ὲλεεί.ὃτι
279 1400 380 1431 πάντα,
396 1399 468 1427 καθὰ
483 1401 498 1427 ὁ
514 1400 576 1426 Ἰὼὸ
589 1400 686 1436 ἔφησε,
696 1400 821 1428 δύναται·

29 1445 71 1471 καὶ
82 1445 123 1477 ὼς
148 1446 163 1472 ὁ
180 1445 299 1480 μελῳδὸς
315 1445 397 1472 Δαδὶδ
414 1447 443 1472 ὲν
459 1445 584 1481 Ψαλμοῖς
599 1445 782 1481 ὲμελῴδησεν,
798 1447 822 1473 οι

882 895 1013 928 scientes,
1028 903 1117 930 neque
1133 896 1244 923 audisse
1258 902 1288 922 se
1306 902 1445 930 nunquam
1471 895 1526 922 tale
1537 894 1673 930 juratttes,

882 941 929 968 sed
947 949 998 968 nec
1011 941 1150 969 inveniSSe
1169 949 1199 968 se
1224 942 1250 967 iu
1267 941 1443 975 antiquorum
1460 940 1670 974 conscriptioni-

881 987 933 1014 bus
943 987 1122 1015 medicorum.
1135 987 1224 1023 Cyrus
1241 991 1333 1014 autem
1347 991 1374 1014 et
1384 985 1507 1014 Joannes
1538 990 1672 1021 martyres

880 1034 1013 1061 sanitates
1047 1033 1180 1060 divinitus
1214 1032 1402 1068 proferentes,
1443 1031 1573 1066 praesenti
1613 1032 1671 1059 visa

879 1079 1048 1110 infirmitate,
1064 1079 1132 1106 nihil
1153 1079 1207 1106 tale
1220 1083 1376 1113 gesserunt,
1391 1086 1480 1112 neque
1490 1078 1521 1104 ad
1536 1078 1667 1105 visionem

878 1124 967 1160 ipsam
992 1124 1206 1159 obstupuerunt,
1224 1132 1313 1159 neque
1337 1128 1366 1151 ut
1385 1123 1451 1159 quid
1472 1122 1579 1150 dillicile
1591 1130 1671 1149 recu-

878 1175 986 1203 sarunt,
1004 1171 1051 1198 sed
1077 1179 1164 1206 neque
1190 1171 1271 1205 hujus
1299 1171 1432 1198 medelam
1460 1170 1590 1204 scriptam
1613 1177 1669 1196 non

877 1224 940 1245 esse
955 1218 1025 1252 apud
1040 1216 1124 1243 Deum
1145 1221 1307 1244 cunctorqu
1323 1217 1459 1244 medicum
1474 1216 1668 1251 praedicarunt.

876 1264 1035 1291 Certissime
1049 1271 1166 1298 namque
1179 1267 1323 1295 noverant,
1336 1263 1408 1297 quod
1422 1262 1514 1290 omnia
1540 1270 1669 1297 quaecun-
1701 1298 1704 1302 Δ

876 1318 929 1345 que
953 1309 1040 1336 voluit
1058 1309 1189 1336 Dominus
1217 1309 1281 1336 fecit
1295 1310 1321 1336 iu
1335 1310 1406 1336 cmlo
1429 1312 1457 1335 et
1482 1309 1509 1336 in
1533 1314 1615 1341 terra,
1639 1309 1666 1336 in

876 1355 944 1381 mari
966 1358 993 1381 et
1019 1354 1046 1381 iu
1059 1354 1186 1381 omnibus
1205 1354 1311 1389 abyssis
1330 1363 1337 1387 ;
1358 1358 1384 1381 et
1398 1354 1471 1388 quod
1488 1353 1667 1389 impossibilia

876 1401 945 1435 apud
962 1400 1098 1431 homines,
1111 1400 1249 1434 possibilia
1262 1404 1325 1427 sunt
1341 1399 1413 1434 apud
1428 1399 1512 1426 Deum
1529 1408 1537 1432 ;
1555 1404 1582 1426 et
1593 1399 1666 1434 quod

874 1446 996 1472 omnium
1025 1445 1184 1476 miseratur,
1215 1447 1279 1479 quia
1300 1446 1402 1477 omnia,
1434 1444 1527 1472 utJoh
1555 1445 1666 1476 asserit.

29 1491 169 1527 οἰκτιρμοὶ
183 1491 265 1518 αὐτοῦ
280 1491 328 1517 ἐπὶ
342 1492 432 1518 πάντα
445 1491 479 1518 τὰ
502 1490 570 1526 ἔργα
587 1491 670 1518 αὑτοῦ
687 1492 820 1526 πλουσίως

877 1497 977 1528 potest.
998 1491 1031 1520 Et
1058 1492 1131 1519 sicut
1153 1491 1307 1518 modulator
1332 1491 1415 1518 David
1441 1491 1467 1518 in
1490 1491 1605 1518 Psalmis
1626 1495 1668 1518 est

30 1538 200 1573 ἑκχύνονται.
216 1537 297 1564 Ὅθεν
325 1537 372 1564 τὸν
396 1537 565 1565 ἀσθενοῦντα
578 1537 732 1573 δεξάμενοι,
748 1539 823 1573 φιλο-

30 1583 168 1618 φροσύνης
186 1583 236 1618 μὲν
251 1583 359 1618 πρῶτον
374 1583 503 1618 ἠξίωσαν,
520 1581 580 1610 εἷτα
592 1583 640 1611 καὶ
651 1583 762 1620 θαρσεῖν
773 1584 823 1620 τὴν

30 1630 123 1656 τούτου
148 1629 250 1664 τροφὸν
273 1630 494 1665 παρεσκεύασαν.
519 1630 709 1666 σκοπουμένην
733 1630 823 1657 αὐτῶν

30 1675 59 1702 τὰ
72 1676 229 1711 παράδοξα.
244 1677 348 1712 Χρόνον
363 1677 392 1703 δὲ
406 1677 510 1712 βραχὺν
524 1677 722 1712 ἀναμείναντες
733 1678 763 1704 οὐ
775 1678 824 1712 τὴν

31 1722 180 1757 θεραπείαν
197 1722 388 1757 σκωπτόμενοι,
404 1722 462 1749 ἀλλ’
478 1722 521 1749 ἵνα
535 1722 573 1759 μὴ
588 1722 618 1749 τὸ
631 1722 736 1749 τοιοῦτο
750 1722 824 1757 πρᾶ-

31 1774 84 1800 γμα
96 1766 253 1802 θαυμάσιον
263 1768 304 1798 είς
317 1767 425 1801 ὀλίγους
438 1767 537 1803 κομιδῇ
556 1768 604 1794 καὶ
614 1767 673 1795 λίαν
690 1767 823 1804 ἀριθμου-

32 1812 127 1846 μένους
138 1812 276 1846 άφίκοιτο,
291 1812 494 1848 ἐμφανέστερον
505 1813 532 1839 δὲ
544 1812 643 1847 μᾶλλον
651 1814 707 1845 τοῖς
718 1813 823 1839 πλείοσι

32 1858 73 1884 καὶ
88 1857 304 1894 γνωριμώτερον
319 1858 435 1893 γένοιτο.
454 1858 508 1886 Καὶ
526 1858 605 1885 τοῦτο
618 1858 696 1894 δῆλον
709 1859 763 1885 ἀπὸ
775 1858 822 1885 τοῦ

31 1906 74 1939 τῆς
99 1904 201 1936 ἰάσεως
223 1905 324 1940 τρόπου
341 1904 511 1940 καθέστηκεν
522 1910 529 1918 ’
545 1904 575 1931 οὑ
589 1905 643 1941 γὰρ
660 1906 718 1931 τόδε
736 1906 823 1931 ποιεῖν

31 1950 59 1976 δι’
72 1951 224 1987 ὁράματος,
235 1951 252 1987 ἢ
263 1951 322 1978 τόδε
337 1951 519 1987 προσέταξαν,
534 1951 570 1984 ὡς
583 1952 644 1984 ἔθος
658 1953 749 1984 αὐτοῖς
765 1952 823 1979 δια-

32 1995 208 2029 πράττεσθαι,
222 1996 280 2022 ἀλλ’
290 1996 334 2022 ὅτε
350 1996 490 2032 ῥωσθῆναι
502 1996 532 2023 τὸ
545 1997 651 2024 παιδίον
663 1997 821 2031 ὲθέσπισαν,

32 2041 111 2074 οὕτως
130 2042 259 2078 ἐπράχθη
277 2043 402 2079 φανερῶς
420 2043 456 2070 τά
474 2044 524 2080 τῆς
544 2044 667 2079 ῥώσεως.

876 1539 1052 1572 modulatus,
1081 1539 1273 1566 miserationes
1298 1538 1359 1572 ejus
1384 1539 1474 1573 opime
1504 1537 1666 1564 funduntur.

875 1584 953 1612 Unde
971 1585 1110 1612 infirmum
1134 1585 1221 1619 primo
1237 1584 1347 1619 quidem
1371 1583 1521 1610 liberaliter
1535 1591 1666 1617 suscepe-

874 1635 949 1662 runt,
972 1630 1071 1658 deinde
1084 1638 1149 1658 vero
1165 1631 1246 1658 etiam
1272 1630 1370 1657 nutrici
1388 1629 1514 1656 fiduciam
1531 1629 1666 1664 praestite-

874 1682 949 1710 runt,
966 1685 1060 1705 eorum
1083 1677 1279 1711 contemplanti
1299 1676 1442 1703 miracula.
1455 1675 1579 1710 Cumque
1589 1674 1665 1702 brevi

874 1728 998 1759 tempore
1025 1724 1173 1758 prastolati
1203 1723 1331 1754 fuissent,
1357 1731 1411 1750 non
1425 1729 1508 1757 super
1522 1722 1666 1749 curatione

874 1769 1057 1803 ambigentes.
1079 1769 1126 1796 sed
1153 1776 1187 1795 ue
1213 1773 1267 1795 tam
1298 1768 1451 1795 mirandum
1477 1768 1617 1801 negotium
1631 1766 1666 1799 ad

874 1814 953 1843 valde
978 1822 1092 1850 paucos,
1108 1819 1135 1841 et
1152 1815 1199 1849 qui
1217 1818 1331 1849 possent
1348 1814 1426 1841 facile
1442 1813 1582 1840 numerari
1602 1820 1665 1847 per-

873 1861 1003 1895 lingeret,
1023 1863 1077 1888 imo
1099 1865 1129 1887 ut
1156 1861 1329 1888 manifestius
1365 1861 1490 1895 plurihus
1516 1865 1542 1886 et
1577 1859 1666 1894 magis

874 1907 1012 1942 cognitum
1038 1906 1125 1933 fieret.
1146 1905 1179 1932 Et
1203 1906 1255 1933 hoc
1283 1906 1458 1940 perspicuum
1480 1912 1495 1932 a
1512 1905 1665 1932 sanationis

875 1953 955 1980 modo
969 1952 1109 1980 consistit.
1126 1951 1186 1979 Non
1201 1953 1273 1980 enim
1295 1953 1347 1979 hoc
1362 1952 1452 1980 facere
1467 1960 1515 1987 per
1525 1952 1662 1979 somnium

873 1999 915 2027 vel
948 1999 1011 2030 hoc,
1028 2003 1058 2026 ut
1075 1999 1158 2026 moris
1181 2003 1241 2026 erat
1257 1999 1297 2025 eis
1316 1998 1423 2033 agendi.
1435 1998 1579 2033 jusserunt
1595 1997 1663 2030 ;sed

873 2045 985 2080 quando
1008 2045 1172 2072 incolumem
1190 2044 1304 2072 reddere
1333 2050 1446 2079 puerum
1471 2044 1662 2076 decreverunt,

873 2091 914 2118 sic
937 2096 1012 2127 gesta
1033 2095 1098 2118 sunt
1118 2098 1179 2126 quae
1195 2090 1228 2117 ad
1245 2090 1389 2118 sanitatem
1411 2090 1548 2125 pertinere
1559 2089 1665 2124 liquido

871 2136 1043 2163 claruerunt.

61 2173 208 2209 Μεσούσης
227 2173 278 2209 τῆς
298 2173 405 2209 ἡμέρας
429 2174 487 2209 μεθ’
503 2175 604 2209 ἡλίκων
618 2175 699 2202 τινῶν
712 2175 742 2202 τὸ
760 2184 820 2211 μει-

908 2181 1045 2209 Mediante
1071 2181 1126 2214 die,
1147 2188 1209 2209 cum
1244 2179 1407 2216 quibusdam
1424 2179 1571 2207 cotetaneis
1595 2186 1665 2213 puer

34 2219 122 2252 ράκιον
148 2219 204 2254 πρὸ
227 2218 275 2246 τοῦ
293 2218 347 2246 τῶν
372 2220 458 2254 ἁγίων
482 2219 578 2252 ἔπαιζε
596 2221 754 2256 μνήματος·
774 2222 821 2247 καλ⁹

33 2264 93 2300 ὅπερ
117 2264 192 2298 φιλεῖ
213 2263 373 2300 συμϐαίνειν
396 2265 425 2292 ἑν
448 2266 505 2297 τοῖς
525 2265 629 2292 παίδων
652 2265 819 2301 άθύρμασιν,

35 2311 90 2337 ποτε
108 2311 159 2346 μὲν
173 2310 255 2342 αὐτὸς
269 2311 380 2346 ἐτέρους
395 2311 464 2347 πρὸς
478 2311 575 2345 ἔδαφος
589 2311 698 2346 ἔφερεν,
712 2312 779 2339 ποτε
792 2312 821 2339 δὲ

35 2356 120 2384 τοῦτον
144 2356 220 2383 ἄλλοι
237 2357 415 2384 κατέϐαλλον.
436 2357 570 2388 Πεσόντος
585 2358 650 2391 γοῦν
666 2357 759 2387 αὑτοῦ.
775 2359 822 2385 καὶ

35 2403 82 2432 τοῖς
96 2402 255 2438 μαρμάροις
269 2403 489 2438 προσεγγισάσης
506 2404 556 2439 τῆς
571 2404 668 2438 ὅψεως,
686 2404 788 2430 τούτων
804 2405 820 2440 ή

36 2447 134 2479 γλῶττα
152 2448 327 2483 προσήψατο·
343 2450 389 2475 καὶ
410 2449 488 2484 μόνον
503 2449 540 2481 ὡς
554 2449 666 2484 sane“,
683 2450 720 2481 ὡς
739 2451 770 2477 ἐκ
782 2459 823 2477 τι-

37 2502 72 2525 νος
84 2495 242 2530 διωκομένη
253 2495 300 2522 καὶ
313 2494 462 2529 φεύγουσα,
477 2496 545 2531 πρὸς
557 2496 625 2531 ὅπερ
636 2494 670 2532 ἦν
682 2497 711 2523 ἐν
722 2497 822 2533 ἀρχαῖς

37 2541 232 2573 σλνεστέλλετο,
249 2540 296 2568 καὶ
310 2540 345 2567 τὰ
362 2540 415 2567 ἴδια
433 2541 519 2577 μέτρα
537 2542 570 2568 τὰ
586 2542 639 2577 πρὸ
653 2541 700 2568 τοῦ
718 2542 822 2574 πάθους

36 2586 145 2621 ἐδέχετο,
171 2587 219 2613 καὶ
243 2586 292 2622 τὴν
318 2586 446 2623 εὔχροιαν
472 2587 553 2620 εὐθὺς
579 2587 777 2622 ἀνελάμϐανεν,
792 2589 822 2615 τὸ

36 2630 145 2664 δυσειδὲς
156 2634 246 2660 ἐκεῖνο
259 2634 359 2668 χρῶμα
373 2634 419 2660 καὶ
431 2633 525 2669 σχῆμα
540 2634 586 2660 καὶ
601 2633 716 2669 μέγεθος
729 2634 760 2661 τὸ
772 2643 822 2661 πο-

37 2675 164 2714 λυσαρκίᾳ
190 2679 350 2715 βριθόμενον
375 2679 494 2715 ῥίψασα·
519 2680 566 2706 καὶ
591 2681 608 2716 η
632 2680 686 2707 τῶν
708 2680 822 2708 ὀδόντων

38 2723 164 2757 ἀκουσίως
190 2724 244 2757 ἔξω
268 2723 476 2760 προκύπτουσα,
498 2723 548 2761 τὴν
573 2726 702 2762 τοιαύτην
724 2726 823 2763 ἀθρόον

38 2768 144 2797 λαθοῦσα
173 2770 331 2807 συνήθειαν,
353 2772 407 2799 οὐδ’
425 2772 558 2804 ἑκουσίως
583 2774 751 2806 προκύπτειν
774 2774 822 2807 ὴν-

41 2815 129 2849 ῐηκο,
147 2817 205 2845 ἀλλ’
222 2818 288 2845 εἴσω
301 2818 414 2854 χειλέων
429 2818 466 2851 ὼς
481 2819 508 2845 ὲν
522 2818 610 2854 οἰκεία
628 2818 742 2847 παστάδι
757 2819 823 2847 καθ-

873 2231 936 2254 ante
966 2233 1124 2254 Sanctorum
1146 2231 1354 2254 monumentum
1383 2226 1517 2257 ludebat;
1543 2231 1570 2252 et
1587 2225 1662 2260 quod

872 2274 1114 2308 contingereinter
1127 2274 1207 2301 ludos
1223 2280 1370 2308 puerorum
1386 2273 1498 2304 assolet,
1514 2271 1663 2306 aliquando

871 2318 982 2353 quidem
1006 2318 1065 2353 ipse
1090 2318 1159 2345 alios
1175 2318 1201 2344 in
1227 2321 1328 2344 terram
1346 2318 1495 2348 sternebat,
1514 2316 1664 2350 aliquando

872 2371 936 2391 vero
950 2363 1022 2390 hunc
1033 2363 1078 2390 alii
1092 2363 1267 2397 dcjiciebaut.
1285 2362 1353 2398 Ergo
1369 2369 1402 2389 eo
1420 2361 1533 2389 cadente
1547 2364 1574 2388 et
1590 2368 1662 2387 utar-

872 2410 995 2437 moribus
1011 2409 1082 2436 facie
1098 2409 1171 2437 illius
1194 2409 1284 2440 allisa,
1302 2409 1359 2435 haec
1377 2407 1438 2442 ejus
1453 2407 1543 2442 attigit
1558 2407 1662 2442 lingua.

874 2456 906 2483 Et
922 2460 952 2482 ut
969 2455 1140 2482 solummodo
1162 2459 1234 2482 taeta
1250 2459 1303 2487 est,
1322 2454 1401 2489 quasi
1424 2461 1438 2479 a
1454 2461 1592 2488 quoquam
1606 2461 1665 2488 per-

873 2502 1041 2529 secutionem
1067 2509 1156 2536 passa,
1174 2505 1200 2528 et
1221 2501 1284 2536 fuga
1311 2501 1396 2536 lapsa,
1424 2501 1457 2528 ad
1482 2500 1509 2528 id
1535 2499 1607 2535 quod
1634 2500 1661 2527 in

873 2548 1016 2582 principiis
1026 2551 1086 2574 erat
1100 2546 1274 2582 subterfugit.
1284 2551 1312 2573 et
1325 2554 1480 2574 mensuram
1490 2554 1568 2574 suam
1577 2554 1659 2581 quam

873 2598 936 2620 ante
953 2593 1110 2628 passionem
1130 2593 1272 2624 habuerat,
1290 2592 1428 2627 extemplo
1444 2593 1555 2627 recepit,
1571 2596 1598 2618 ct
1613 2592 1662 2619 bo-

873 2647 938 2666 num
967 2640 1086 2666 colorem
1115 2638 1259 2666 confestim
1285 2640 1453 2674 resumpsit,
1476 2639 1592 2667 deformi
1615 2639 1662 2666 illo

873 2685 996 2720 exploso,
1009 2693 1040 2712 ac
1055 2684 1140 2712 forma
1155 2693 1202 2712 seu
1216 2685 1404 2720 magnitudine
1422 2694 1483 2721 quae
1496 2685 1588 2713 multis
1598 2693 1660 2712 car-

874 2731 955 2758 nibus
979 2730 1146 2765 gravabatur
1170 2730 1288 2764 abjecta.
1309 2731 1341 2758 Et.
1365 2739 1425 2766 quae
1445 2731 1505 2758 sine
1522 2732 1660 2758 voluntate

875 2777 950 2803 foras
976 2779 1052 2802 extra
1074 2777 1170 2803 dentes
1191 2777 1350 2809 eminebat,
1371 2776 1527 2812 hujusmodi
1551 2779 1660 2810 repente

875 2822 1032 2850 oblitterata
1048 2822 1258 2856 consuetudine,
1278 2831 1327 2851 nec
1342 2823 1494 2851 voluntarie
1505 2822 1661 2859 prominere
