1910 3078
239 138 310 171 3583

672 142 703 172 S.
717 142 926 172 SOPHRONII
941 139 1196 172 PATRIARCHE
1217 140 1420 171 HIEROSOL.

1806 139 1873 171 3581

241 197 404 232 patiebatur,
418 197 465 226 sed
481 198 551 226 intra
572 198 644 226 lahia
663 199 735 226 sicut
762 200 789 226 in
811 200 923 235 proprio
938 200 1029 227 locata

1098 206 1183 229 σασα,
1203 197 1249 224 καὶ
1269 197 1372 232 κόσμον
1398 197 1570 226 ἀναλαϐοῦσα
1594 198 1640 225 τὸν
1666 197 1808 234 πρότερον,
1831 199 1876 225 καὶ

239 244 372 276 thalamo,
397 245 514 279 priorem
534 249 660 272 ornatum
683 246 843 280 resumpsit.
863 245 895 273 Et
916 254 977 274 cum
992 246 1031 273 fa-

239 294 313 317 ceret
330 291 481 317 secundum
495 295 622 318 naturam
635 291 822 324 operationem
847 299 937 326 suam,
954 293 1030 321 inco-

240 336 333 369 gnitus
357 336 553 364 05Iendebatur
583 337 780 371 propemodum
816 345 884 372 puer
912 339 954 366 his
983 339 1029 374 qui

239 380 312 407 hunc
327 386 390 408 ante
404 382 545 417 paululum
560 382 694 410 viderant.
717 382 775 410 lloc
796 388 885 412 autem
897 384 1029 412 miraculo

239 426 320 458 facto,
342 428 447 455 clamor
468 429 565 464 ingens
580 431 614 458 ab
634 433 677 460 his
697 432 743 466 qni
761 432 842 458 simul
863 432 1030 465 jocabantur

238 473 331 506 putetis
357 475 533 510 exsurgebal,
561 481 585 503 et
607 478 704 506 omnes
720 479 765 514 qui
789 479 816 505 in
833 478 933 512 templo
950 482 1029 506 erant

237 517 270 545 ad
292 519 426 547 visionem
450 523 661 556 conveniebant,
687 525 732 559 qui
757 524 789 552 ad
811 529 946 560 patratum
960 531 1028 552 con-

237 567 350 592 stcrmti
367 567 534 601 prodigium,
550 574 577 595 et
598 576 710 597 sanctos
722 571 848 598 laudibus
858 571 1026 604 extulerunt,

235 616 262 637 et
274 613 389 646 positam
401 614 427 640 in
439 613 594 649 Evangeliis
605 616 638 643 de
646 615 795 644 SalvaLOris
803 618 910 644 actibus
920 625 1024 650 verem,

237 665 335 690 magna
361 657 556 687 vociferatione
571 661 704 688 miserunt
719 671 725 689 :
744 661 877 694 Vidimus,
891 663 1025 695 dicentes,

237 703 374 729 mirabilia
406 703 486 732 hodie
511 714 519 738 ;
549 705 746 742 Christumque
773 708 874 742 ipsum,
908 708 954 743 qui
979 716 1026 743 per

236 749 347 776 eesdem
361 755 471 777 sanctos
493 752 654 779 miraculum
673 758 809 788 gesserat,
825 754 1024 789 glorilicahaut,

236 798 262 821 ct
279 795 346 822 bene
367 796 400 823 de
414 799 532 825 sanitate
549 800 721 834 propriarum
745 801 904 835 passionum
932 809 1024 835 spera-

235 841 311 866 bant.
328 840 413 868 Porro
429 851 478 870 nos
491 844 657 872 mirabilium
673 846 753 873 hodie
769 847 907 874 auditores
924 846 1024 881 et‘l'ccti,

234 885 387 921 horumque
409 888 543 922 operariis
565 889 656 925 digitis
674 890 782 926 hymnis
804 892 894 925 elatis,
908 893 1024 920 aliorum

235 932 403 961 mirabilium
428 934 577 962 elliciamur
594 944 745 972 pracoues.

320 1012 401 1040 XLII.
423 1013 461 1041 De
478 1014 597 1051 Eugenio
621 1023 756 1052 geometra
780 1018 936 1054 hydropico.

271 1112 307 1140 De
316 1120 380 1141 rure
396 1115 474 1142 nobis
483 1107 625 1151 genittetra
637 1117 711 1145 venit
723 1117 874 1154 Eugenius,
887 1120 933 1153 qui
946 1128 1027 1149 omne

233 1160 345 1194 quidem
371 1168 482 1190 mensus
506 1167 548 1190 est
567 1171 675 1197 arvum,
697 1170 818 1193 ventrem
840 1171 929 1194 autem
946 1176 1026 1195 suum

234 1205 324 1232 metiri
349 1213 402 1233 non
428 1208 526 1241 potuit,
556 1209 602 1243 qui
615 1217 647 1236 cx
672 1211 790 1245 quadam
816 1211 926 1238 lnnuida
952 1212 978 1239 in
997 1220 1027 1239 se

233 1249 348 1278 collecta
368 1252 522 1279 substantia
547 1259 681 1288 creverat,
702 1263 756 1281 non
773 1256 895 1283 imitatus
908 1257 1025 1283 ruralem

234 1301 262 1323 et
278 1298 474 1326 numerabilem
499 1300 726 1334 magnitudinem,
751 1302 798 1328 sed
819 1303 1027 1338 incomprehen-

235 1343 353 1375 sibilcm,
376 1348 403 1370 et
418 1345 489 1371 mole
509 1345 682 1381 niaximoque
699 1351 806 1374 tumore
833 1348 932 1376 factam
947 1358 1025 1377 mon-

236 1388 310 1416 tibus
326 1389 442 1416 similem
456 1391 661 1419 celsitudinem.
674 1392 816 1422 Demensis
828 1400 919 1422 autem
939 1397 1025 1430 proci-

235 1435 288 1463 bus
305 1438 399 1469 utitur,
415 1437 485 1465 inter
497 1443 656 1466 sanctorum
680 1441 772 1468 volens
786 1443 924 1470 numerari
941 1444 1026 1470 mira-

235 1483 296 1510 cula
319 1492 325 1515 ;
346 1491 469 1518 magnam
489 1486 590 1520 quippe
604 1487 654 1514 hoe
670 1495 731 1515 esse
753 1488 913 1524 dignitatem
928 1491 1026 1517 existi-

1084 243 1233 278 ποιουμένη
1250 243 1321 270 κατά
1337 244 1418 278 φύσιν
1435 244 1534 279 ἑαυτῆς
1547 244 1598 280 τὴν
1613 243 1767 279 ἐνέργειαν,
1785 244 1875 278 ἁγνῶ-

1083 297 1174 324 pta-cm
1198 289 1305 316 ἐδεὲκνυ
1329 291 1386 321 τοῖς
1409 290 1462 325 πρὸ
1485 290 1611 326 βραχέως
1635 291 1718 326 ὁρῶσι
1738 291 1830 326 σχεδὸν
1846 291 1876 317 τὸ

1084 335 1238 370 μειράκιον.
1254 335 1357 362 Τούτου
1375 336 1429 371 γὰρ
1444 336 1587 370 γεγονότος
1602 336 1649 362 τοῦ
1664 336 1814 372 θαύματος,
1829 336 1876 371 βοὴ

1081 379 1243 415 διαπρύσιος
1267 381 1335 416 πρὸς
1360 381 1414 407 τῶν
1439 381 1595 417 ἀϐυρόντων
1623 381 1738 408 παιδίων
1755 382 1875 416 ἐγένετο,

1081 426 1127 452 καὶ
1143 427 1206 457 τοὺς
1221 427 1248 452 ἐν
1264 427 1302 462 τῷ
1317 426 1373 462 ναῷ
1388 427 1492 459 πάντας
1514 428 1560 454 ἐπὶ
1584 428 1634 464 τὴν
1649 428 1713 455 θέαν
1731 429 1876 463 συνήθροι-

1081 473 1137 505 ζεν,
1153 473 1178 499 οἶ
1201 473 1268 508 πρὸς
1281 473 1312 499 τὺ
1326 473 1447 508 πραχθὲν
1463 473 1646 507 ἐκπλαγέντες
1661 475 1814 509 τεράστιον,
1830 476 1877 501 καὶ

1079 519 1142 550 τοὺς
1156 519 1249 553 ἁγίους
1267 519 1427 554 ἀνύμνησαν
1437 541 1444 552 ,
1463 519 1594 555 κάκείνην
1609 520 1659 555 τὴν
1672 521 1765 555 φωνὴν
1781 520 1830 554 τὴν
1848 521 1877 545 ἐν

1079 565 1256 599 Εὑαγγελίοις
1270 566 1402 600 κειμένην
1418 566 1482 602 περὶ
1495 567 1547 592 τῶν
1556 566 1601 593 τοῦ
1611 566 1736 602 Σωτῆρος
1750 567 1877 601 πράξεων

1080 611 1279 647 μεγαλοφώνως
1289 613 1370 638 άνέπε
1375 620 1457 647 μπον,
1466 613 1484 638 Ε
1488 612 1525 639 ῖδο
1529 621 1589 648 μεν,
1594 612 1730 646 λέγοντες,
1736 621 1774 638 πα
1779 612 1877 648 ράδοξα

1079 658 1216 693 σήμερον·
1233 659 1279 684 καὶ
1298 658 1417 694 Χριστὸν
1434 659 1516 685 αὐτὸν
1532 659 1578 685 τδν
1601 659 1634 685 δι’
1652 659 1743 686 αὐτῶν
1765 667 1876 694 πεπρα-

1078 704 1144 739 χότα
1166 705 1196 730 τὸ
1218 704 1311 739 θαῦμα
1335 705 1562 740 εὐχαριστοῦντες
1579 706 1722 738 ἐδόξαζον·
1748 706 1794 732 καὶ
1811 706 1875 740 περὶ

1076 752 1126 786 τῆς
1140 751 1250 786 ῥώσεως
1263 752 1363 784 πάντες
1375 752 1498 786 ἐγένοντο
1513 753 1567 779 τῶν
1582 753 1691 780 οἰκείων
1704 754 1879 789 παθημάτιιιν

1077 797 1225 829 εὐέλπιδες.
1250 798 1348 833 Ἡμεῖς
1365 798 1393 825 δὲ
1408 798 1569 834 παραδόξων
1587 800 1720 834 ἀκροαταὶ
1733 800 1878 834 γενόμενοι

1079 844 1211 880 σήμερον,
1233 845 1280 871 καὶ
1296 845 1358 876 τοὺς
1374 845 1477 871 τούτων
1494 846 1613 880 ἐργάτας
1628 846 1710 879 ἀξίως
1734 847 1879 882 ὑμνήσαν-

1078 899 1134 923 τες,
1152 890 1311 926 παραδόξων
1328 891 1416 917 ἄλλων
1431 891 1577 926 γενώμεθα
1593 893 1728 928 κήρυκες.

1095 1011 1163 1039 Mll'.
1190 1011 1260 1046 Περὶ
1280 1012 1427 1047 Εὑγενίου
1447 1012 1499 1039 τοῦ
1521 1011 1684 1047 γεωμέτρου
1705 1013 1858 1047 ὑδρωπιά-

1414 1055 1526 1080 σαντος
1531 1067 1537 1074 .

1113 1114 1158 1147 Ἐξ
1176 1113 1298 1150 ἀρούρας
1313 1114 1379 1149 ἡμῖν
1405 1114 1419 1140 ὁ
1442 1114 1604 1150 γεωμέτρης
1626 1113 1708 1150 ἦλθεν
1733 1116 1877 1150 Εὐγένιοξ,

1078 1163 1168 1189 πᾶσαν
1194 1163 1243 1197 μὲν
1272 1162 1482 1197 μετρησάμενος
1507 1163 1638 1197 ἄρουραν,
1655 1162 1754 1190 ἑαυτοῦ
1779 1163 1880 1198 δὲτὴν

1077 1209 1197 1243 γαστέρα
1211 1210 1321 1244 μετρεῖν
1335 1208 1364 1234 οὐ
1378 1208 1536 1242 δυνάμενος,
1549 1208 1581 1235 ἐκ
1592 1210 1761 1243 τινος¹ὺγρᾶς
1778 1209 1880 1241 οὖσῖας

1077 1256 1115 1287 είς
1133 1255 1217 1289 αὐτὴν
1231 1253 1427 1290 ἀθροιζομένης
1442 1254 1602 1289 αὑξήσασαν
1612 1274 1619 1286 ,
1635 1255 1682 1281 καὶ
1700 1255 1879 1290 μιμουμένην

1077 1302 1126 1328 οὐκ
1146 1301 1291 1337 ἁρουραῖον
1305 1300 1474 1336 εὐμέτρητον
1494 1300 1620 1335 μέγεθος,
1636 1300 1692 1327 ἀλλ’
1709 1301 1803 1336 ὄρεσιν
1820 1302 1879 1327 ὲοι-

1078 1347 1125 1377 κὸς
1141 1346 1303 1380 δυσέφικτον
1321 1345 1423 1380 ὕψωμα
1435 1365 1442 1375 ,
1458 1347 1519 1377 ταῖς
1543 1346 1706 1381 ὑπερόγκοις
1726 1346 1773 1372 καὶ
1797 1347 1880 1380 μεγί-

1079 1400 1156 1423 σταις
1170 1392 1303 1426 οῐδήσεσι.
1320 1391 1551 1426 Μεμετρημέναις
1572 1391 1600 1418 δὲ
1621 1391 1720 1426 χρῆται
1734 1392 1879 1426 δεήσεσιν,

1079 1437 1296 1473 συμμετρεῖσθαι
1310 1438 1366 1468 τοῖς
1383 1436 1503 1471 θαύμασι
1521 1437 1574 1463 τῶν
1589 1438 1674 1471 ἁγίων
1689 1437 1860 1472 βουλόμενος
1871 1446 1879 1454 ·

1080 1483 1201 1519 μεγάλην
1219 1483 1273 1518 γὰρ
1291 1481 1361 1509 εἷναι
1378 1483 1428 1517 τὴν
1449 1483 1528 1515 ἀξίαν
1549 1483 1711 1518 ἡγούμενος,
1726 1483 1771 1510 διὰ
1795 1483 1885 1510 τοῦτο

236 1535 324 1560 mans,
341 1527 444 1556 idcirco
456 1531 548 1557 uthac
564 1531 639 1558 lieret
651 1532 750 1567 dignus
767 1535 919 1568 proposuit.
935 1535 961 1562 In
975 1536 1025 1563 hoc

1098 1529 1181 1564 αύτης
1194 1528 1335 1562 ἀξιοῦσθαι
1351 1528 1522 1564 προείρηται.
1532 1529 1575 1555 Ἐν
1588 1529 1682 1564 ταυτῷ
1693 1529 1721 1556 δὲ
1736 1530 1786 1556 καὶ
1800 1530 1885 1562 ὅπως

1204 1574 1215 1582 ..
1239 1574 1245 1580 ,
1339 1575 1344 1582 .
1371 1574 1381 1581 ..
1451 1573 1457 1580 .
1566 1573 1578 1582 .
1661 1574 1668 1582 .
1725 1574 1733 1582 ι
1772 1575 1779 1582 .
1856 1577 1868 1582 -

235 1572 296 1607 ipso
321 1579 412 1601 autem
435 1580 463 1603 et
487 1577 606 1611 qualiter
632 1585 662 1605 se
689 1578 801 1606 haberet
828 1582 966 1616 correptio
981 1582 1028 1609 de-

235 1625 405 1655 monstrans,
418 1628 524 1650 sextum
534 1631 595 1652 sese
617 1624 687 1652 inter
703 1626 895 1661 (Egyptiorum
914 1628 1029 1656 adduxit

235 1670 263 1694 et
276 1666 422 1703 Libyorum
436 1670 752 1707 narrationes,praedicti
766 1674 871 1700 numeri
884 1673 1030 1708 perfectio-

237 1719 298 1739 nem
314 1711 465 1747 admiraus,
485 1719 511 1742 et
527 1715 599 1743 hunc
618 1722 760 1752 propterea
783 1719 925 1754 suscipere
953 1723 1028 1746 sorte

237 1757 371 1787 festinans
385 1761 473 1792 ;uude
487 1769 538 1789 nos
556 1766 611 1790 tam
627 1763 756 1792 desiderii
779 1772 861 1801 qualn
876 1765 1029 1801 disciplinae

237 1804 311 1832 hunc
325 1806 504 1840 admirantes,
521 1816 616 1843 preces
641 1817 766 1845 agamus.

273 1892 429 1927 Geometra,
445 1899 475 1922 ut
492 1895 622 1930 diximus,
641 1903 700 1925 erat
716 1898 867 1934 Eugenius,
882 1899 1028 1936 Egyptius

238 1945 346 1973 genere.
364 1938 414 1967 Hic
428 1948 560 1975 aquarum
578 1943 716 1977 potatione
730 1945 879 1972 multarum
899 1945 936 1973 ob
958 1946 1027 1973 cali-

237 1982 335 2010 dorum
360 1991 453 2012 aerum
471 1986 625 2014 molestiam
647 1996 726 2022 usus,
745 1989 904 2025 languorem
920 1991 1028 2025 gravis-

238 2030 453 2065 simunn‘ncidit,
470 2033 516 2067 qui
528 2033 606 2061 valde
619 2042 696 2062 suam
711 2035 870 2070 expandens
882 2037 1026 2070 virtutem,

237 2075 266 2102 in
293 2076 442 2112 hydropem
468 2078 616 2106 maximam
643 2080 785 2108 minitnum
801 2081 867 2108 illud
888 2083 1026 2110 residuum

238 2123 389 2150 transtulit.
412 2123 479 2151 Nam
496 2129 523 2152 et
548 2125 600 2152 hoc
624 2125 728 2154 habens
743 2126 893 2162 Eugenius,
916 2137 965 2156 nec
981 2130 1028 2157 sic

237 2168 273 2195 ab
290 2176 424 2203 aquarum
449 2171 589 2204 potatione
605 2173 733 2200 cessabat
749 2182 757 2205 ;
772 2181 918 2209 quousque
934 2181 1028 2204 ventre

1079 1574 1136 1609 ἔχει
1151 1574 1319 1605 παιδεύσεως
1337 1573 1553 1608 ἐνδεικνύμενος.
1566 1573 1646 1600 ἕκτον
1659 1574 1754 1601 ἑαυτὸν
1770 1575 1802 1601 ὲν
1817 1577 1884 1606 ταῖς

1078 1620 1235 1654 Αἰγυπτίων
1257 1620 1305 1646 καὶ
1329 1619 1437 1646 Λιϐύων
1459 1619 1548 1655 ἠγαγε
1574 1619 1742 1655 διηγήσεσιν,
1760 1619 1811 1646 τοῦ
1834 1620 1883 1646 λε-

1078 1665 1188 1701 χθέντος
1202 1664 1320 1700 άριθμοῦ
1335 1663 1484 1699 θαυμάζων
1495 1664 1525 1690 τὺ
1537 1665 1639 1691 τέλειον
1652 1685 1660 1697 ,
1678 1664 1725 1691 καὶ
1737 1664 1782 1690 διὰ
1794 1665 1885 1691 τοῦτο

1070 1712 1173 1744 »τοῦτον
1199 1711 1355 1743 σπουδάσας
1371 1710 1582 1747 κληρώσασθαι·
1608 1710 1669 1737 ὅθεν
1685 1711 1765 1746 ἡμεῖς
1781 1712 1833 1737 τοῦ
1851 1720 1884 1738 τε

1078 1758 1162 1786 πόθου
1178 1758 1225 1784 καὶ
1238 1757 1288 1792 τῆς
1304 1757 1429 1789 παιδείας
1445 1757 1527 1784 αὐτὸν
1540 1757 1720 1792 άγασάμενοι,
1736 1757 1788 1792 τὴν
1801 1757 1884 1792 αἴτη-

1079 1813 1122 1832 σιν
1141 1804 1298 1840 δράσωμεν.

1114 1894 1278 1930 Γεωμέτρης
1292 1892 1336 1930 ἦν,
1354 1896 1392 1926 ὡς
1407 1895 1487 1931 ἔφην,
1502 1895 1640 1930 Εὑγένιος,
1657 1895 1687 1922 τδ
1701 1895 1780 1929 γένος
1791 1896 1886 1929 Atrd—

1079 1949 1166 1972 πτιος.
1188 1938 1272 1972 Οὗτος
1285 1940 1434 1977 ὑδροποσίᾳ
1448 1941 1533 1977 πολλῇ
1559 1940 1604 1968 διὰ
1624 1941 1674 1976 τὴν
1688 1941 1742 1967 τῶν
1763 1941 1887 1976 Θερμὼν

1078 1985 1168 2020 ἀέρων
1192 1984 1343 2020 ὲπάχθειαν
1364 1984 1524 2020 χρώμενος,
1548 1986 1589 2017 είς
1611 1986 1690 2012 νόσον
1716 1985 1888 2021 βαρυτάτην

1079 2030 1278 2062 είσπέπτωκεν,
1291 2031 1352 2066 ἥτις
1367 2031 1434 2058 πολὺ
1449 2031 1499 2066 τῆς
1515 2031 1618 2063 οίκείας
1633 2031 1747 2059 ὲνδοῦσα
1759 2032 1887 2067 σφοδρό-

1077 2086 1170 2113 τητος,
1194 2078 1234 2109 είς
1250 2077 1344 2113 ὕδερον
1365 2077 1494 2112 μέγιστον
1509 2078 1540 2104 τὸ
1556 2077 1674 2114 σμικρὸν
1700 2079 1791 2105 ἐκεῖνο
1817 2087 1889 2114 μετ-

1080 2123 1175 2150 έϐαλεν
1192 2123 1326 2158 ἔλειμμα·
1351 2125 1398 2150 καὶ
1421 2124 1500 2156 τοῦτο
1517 2125 1571 2162 γὰρ
1587 2125 1655 2160 ἔχων
1671 2125 1816 2160 Εὖγένιος,
1833 2127 1889 2161 τῆς

1078 2169 1133 2196 τῶν
1155 2169 1260 2196 ὑδάτων
1276 2170 1326 2196 οὐκ
1342 2170 1423 2205 ἔληγε
1440 2172 1544 2203 πόσεως
1555 2179 1561 2187 ’
1585 2171 1638 2203 ἕως
1660 2168 1691 2198 οὗ
1711 2172 1771 2198 κατ’
1788 2173 1891 2207 ὀλίγαν

237 2217 408 2242 tumesoente
419 2215 549 2250 paulatim
560 2216 662 2250 iaceret
675 2217 833 2252 immobilis,
846 2224 905 2246 cete
915 2221 1027 2255 grandia

1098 2216 1258 2251 γκοὺμενος.
1273 2215 1402 2250 ἀκίνητος
1415 2216 1533 2252 ἔμεινεν,
1543 2218 1591 2244 καὶ
1605 2216 1707 2252 μᾶλλον
1721 2218 1890 2248 κατέκειτο.

237 2265 265 2288 et
279 2269 392 2296 magnos
420 2261 541 2289 imitatus
564 2263 708 2296 dracones,
733 2265 780 2300 qui
800 2273 946 2300 corporum
959 2268 1028 2294 mole

238 2308 480 2344 magnitudineque
495 2309 612 2343 gravati,
629 2309 758 2338 incedere
771 2310 799 2338 in
821 2313 957 2339 anteriora
973 2320 1027 2340 non

238 2355 338 2383 valent.
356 2354 454 2382 Verum
469 2363 522 2383 non
542 2361 606 2383 tunc
629 2356 664 2383 ab
679 2365 811 2391 aquarum
826 2363 889 2393 potu
905 2359 1029 2393 quiesce-

238 2400 284 2428 bat
302 2409 308 2427 :
331 2399 403 2428 unde
416 2408 477 2428 cum
495 2408 575 2428 omne
587 2401 785 2429 incrementum
801 2407 904 2429 motum
928 2403 1029 2430 habent

240 2446 417 2481 principium,
439 2447 511 2473 sicut
537 2447 634 2474 hormn
659 2447 737 2482 periti
753 2448 949 2483 dogmatizaut,
972 2449 1030 2483 ipse

238 2492 381 2519 crescebat
414 2492 571 2520 nullatenus
599 2497 710 2523 motus,
739 2498 834 2520 natura
862 2496 944 2520 ctiam
971 2495 1029 2529 ipsa

240 2539 336 2564 lmrutn
368 2538 478 2565 fallente
504 2539 680 2566 sententiam.
701 2539 786 2566 Porro
812 2539 905 2567 dicere
929 2541 1028 2567 itertnu

239 2588 266 2610 ιιι
281 2585 307 2610 iu
338 2584 390 2611 hoc
414 2585 545 2620 languore
569 2585 737 2612 medicorum
751 2586 948 2618 inﬁrmitatem,
966 2595 1027 2614 ('llln

239 2630 367 2657 omnibus
382 2631 418 2658 sit
439 2631 594 2665 perspicua,
610 2632 745 2658 recusabo
762 2640 768 2664 ;
787 2632 844 2659 hwc
867 2632 939 2659 enim
955 2636 1029 2659 certa

240 2679 292 2707 est,
320 2676 382 2703 licet
398 2684 447 2704 nos
474 2680 624 2704 taceamus.
651 2676 723 2712 Ergo
746 2678 816 2704 hanc
833 2678 942 2704 silentio
960 2686 1030 2713 pra-.—

241 2725 390 2755 tereuutes,
413 2721 528 2751 Joannis
560 2728 587 2751 et
609 2723 671 2759 Cyri
697 2731 824 2751 verorum
861 2725 1029 2751 medicorum

241 2767 370 2795 virtutem
390 2768 533 2796 fatebimur
553 2779 558 2797 :
578 2774 712 2806 quantum
728 2771 800 2798 enitn
814 2768 1029 2806 praecedentium

243 2813 389 2842 infirmitas
411 2815 480 2842 facta
503 2821 544 2844 est
560 2817 670 2845 silentio
695 2818 786 2853 digna,
808 2822 912 2845 tantum
933 2817 1030 2845 horum

245 2860 330 2886 \n'tus
345 2861 500 2895 magnisone
514 2862 686 2896 plucdirauw.
706 2862 770 2889 Nam
784 2866 809 2889 et
822 2862 875 2890 illis
893 2861 1030 2898 Eugenius

1079 2261 1114 2287 τά
1128 2260 1234 2295 μεγάλα
1250 2261 1321 2296 κήτη
1337 2262 1384 2288 καὶ
1399 2262 1463 2293 τοὺς
1479 2262 1613 2296 μεγάλους
1632 2262 1803 2298 μιμούμενος
1816 2265 1892 2300 δρά-

1080 2315 1188 2339 κοντας,
1203 2306 1228 2332 οἳ
1244 2306 1380 2342 σωμάτων
1404 2306 1479 2342 ὄγκῳ
1502 2307 1549 2334 καὶ
1568 2307 1682 2342 μεγέθει
1698 2307 1891 2343 βαρούμενοι,

1079 2354 1120 2384 εἰς
1143 2353 1179 2379 τὰ
1203 2353 1297 2388 πρόσω
1311 2354 1411 2388 χωρεῖν
1425 2354 1475 2380 οὐκ
1491 2354 1640 2389 ἰσχύουσιν.
1654 2354 1723 2380 Ἀλλ’
1738 2355 1803 2381 οὐδὲ
1821 2357 1892 2382 τότε

1079 2398 1128 2433 τῆς
1142 2398 1196 2425 τῶν
1213 2398 1317 2425 ὑδάτων
1332 2398 1450 2425 ἐπαύετο
1467 2399 1587 2430 vros-amr
1601 2399 1662 2426 ὅθεν
1678 2400 1769 2434 πάσης
1794 2401 1894 2436 αὐξή-

1080 2453 1150 2475 σεως
1165 2445 1252 2479 ἀρχὴν
1267 2445 1383 2480 ἐχούσης
1397 2444 1445 2480 τὴν
1462 2445 1570 2480 κίνησιν
1581 2464 1588 2476 ,
1601 2445 1640 2476 ὼς
1654 2445 1678 2472 οἰ
1693 2445 1781 2472 ταῦτα
1799 2446 1895 2473 δεινοὶ

1079 2490 1301 2526 δογματίζουσιν,
1320 2491 1401 2523 αὐτὸς
1417 2490 1494 2527 ηὖξε,
1514 2493 1562 2518 καὶ
1587 2492 1648 2527 μηδ’
1663 2492 1732 2523 ὅλως
1747 2493 1895 2528 κινούμε-

1079 2546 1124 2569 νος
1137 2538 1187 2572 τὴν
1204 2537 1285 2572 φύσιν
1298 2537 1394 2572 αὐτὴν,
1405 2537 1452 2564 καὶ
1465 2537 1495 2564 τὸ
1507 2537 1609 2565 τούτων
1625 2537 1841 2573 παραλογίζόμε
1850 2549 1895 2572 ιος

1080 2583 1229 2618 θέσπισμα.
1247 2583 1344 2616 Λέγειν
1359 2583 1386 2610 δὲ
1401 2583 1481 2610 πάλιν
1498 2584 1544 2610 καὶ
1559 2583 1606 2610 ἐπὶ
1621 2583 1716 2609 τούτου
1731 2582 1780 2609 τοῦ
1799 2589 1896 2619 νοσή-

1081 2638 1167 2665 ματος
1193 2629 1247 2655 τῶν
1275 2629 1375 2665 ἰατρῶν
1399 2629 1449 2665 τὴν
1471 2629 1615 2656 ἀσθένειαν
1631 2630 1669 2660 ὡς
1687 2630 1770 2655 πὶσιν
1796 2629 1896 2658 οὖσαν

1080 2675 1246 2702 εὐσύνοπτον
1262 2675 1481 2711 παραιτήσομαι⁴
1500 2675 1566 2711 δήλη
1583 2676 1638 2711 γὰρ
1653 2675 1721 2709 αὕτη
1742 2676 1897 2713 καθέστη-

1080 2731 1139 2755 κεν,
1164 2722 1213 2748 κᾶν
1239 2722 1319 2757 ἡμεῖς
1343 2723 1540 2758 σιωπήσωμεν.
1563 2721 1668 2749 οὐκοῦν
1686 2721 1792 2757 ταύτην
1820 2727 1895 2760 σιγῇ

1081 2767 1299 2803 παρελάσαντες,
1314 2767 1362 2802 τὴν
1381 2768 1505 2794 Ἰωάννου
1523 2769 1569 2794 καὶ
1585 2767 1676 2802 Κύρου
1700 2767 1754 2793 τῶν
1781 2768 1896 2804 ἀληθι-

1081 2813 1135 2840 νῶν
1153 2812 1252 2848 ἰατρῶν
1267 2812 1389 2848 λέξωμεν
1404 2813 1519 2849 δύναμιν
1530 2821 1536 2828 ·
1561 2814 1623 2840 ὅσον
1640 2813 1694 2848 γὰρ
1709 2813 1724 2848 ἡ
1739 2812 1795 2839 τῶν
1817 2823 1896 2850 προ.

1081 2860 1220 2887 λαϐόντων
1244 2859 1372 2886 ἀσθὲνξια
1397 2860 1474 2895 σιγῆς
1493 2860 1554 2892 ἀξία
1572 2860 1729 2895 γεγένηται,
1753 2862 1896 2899 τοσαύτη
