1910 3078
58 148 129 180 3585

574 143 626 173 SS.
646 143 733 173 CYRI
747 144 793 173 ET
813 143 973 175 JOANNJS
985 146 1189 179 MIRACULA.

1586 147 1591 151 ’
1617 152 1686 184 3586

61 205 162 231 τούτων
183 202 200 236 ή
223 200 338 235 δύναμις
364 199 563 234 μεγαλοφὼνως
583 199 766 234 κηρύττεται·
790 201 851 227 ἐπεὶ

906 206 963 235 post
980 204 1092 230 multam
1108 204 1304 238 experientiam
1318 209 1449 241 tanquam
1463 207 1581 235 inﬁrmis
1593 208 1688 244 depul-

62 250 203 278 κάκεξνους
224 246 353 280 Εὺγένιος
367 245 437 280 μετὰ
453 246 549 280 πεῖραν
564 245 663 281 πολλὴν
677 245 714 277 ὡς
728 246 850 277 ἀσθενεῖς

50 289 271 330 ’παρωσάμενος,
294 292 405 323 τούτους
420 291 457 323 ὡς
471 291 601 323 δυνατοὺς
615 293 647 318 ὲκ
665 293 748 328 μόνης
765 292 851 326 ἀκοῆς

61 341 215 373 ἐπελέξατο.

95 386 198 414 Ἐλθὼν
215 383 262 412 οὖν
278 385 324 410 ἐπὶ
341 383 371 410 τὺ
386 383 440 409 τῶν
454 382 539 416 ἁγίων
557 383 682 418 ἰατρεῖον,
706 384 736 409 τὸ
761 384 851 419 πάσης

60 433 176 468 ἀκηδὴς
189 433 237 458 καὶ
254 430 388 457 παντοίων
406 429 502 455 παθῶν
517 429 687 461 ἀλεξίκακον,
701 431 746 456 καὶ
769 431 859 466 πεῖρᾳ.

62 479 223 514 μεμάθηκεν
238 477 252 503 ὃ
268 477 300 503 δι’
317 476 401 511 ἀκοῆς
425 475 479 511 πρὸ
499 474 546 502 τοῦ
570 475 671 506 πάθους
688 475 849 509 ἐγίγνωσκε.

61 526 116 552 Καὶ
131 524 260 558 καθάπερ
276 522 445 558 ἠκούσαμεν.
465 521 551 552 οὕτως
567 522 614 547 καὶ
629 521 731 555 ἴδομεν,
748 522 796 547 σὺν
813 522 851 556 τῷ

61 571 175 606 μελῳδῷ
190 569 357 605 διαπρυσίως
380 569 528 603 ἐκήρυττεν
539 575 545 583 ·
561 567 621 594 κατ’
636 568 721 602 αὐτὴν
735 567 790 602 γὰρ
807 568 852 593 εὑ-

60 617 129 648 Θὲως
144 617 195 651 τὴν
210 615 306 647 νύκτα,
328 613 378 649 τὴν
397 612 455 648 μεθ’
472 613 579 648 ἡμέραν
595 613 624 638 ἐν
675 613 851 647 παρεγένετο,

59 662 113 697 πρὸ
128 661 175 688 τοῦ
191 662 278 696 τάφου
294 660 347 686 τῶν
364 660 448 694 ἁγίων
464 659 658 694 κοιμώμενος,’
668 659 776 690 τούτους
791 659 851 694 βλέ-

59 716 105 733 πει
120 706 267 742 προϊόντας
282 706 343 737 τοὺς
360 706 512 740 μάρτυρας,
530 704 577 730 καὶ
590 704 658 739 προς
673 704 753 730 αὐτὸν
769 705 853 740 ἤκουε

59 754 192 787 λέγοντας
204 761 214 771 ι
236 752 366 783 ’Δναστὰς
381 751 516 782 ἐντεῦθεν,
534 751 655 785 Εὺγένιε,
667 751 733 786 πρὸς
744 752 792 786 τὴν
804 751 853 787 σὴν

59 800 154 826 ἑστίαν
180 798 322 833 ἀπόδραμε
336 806 342 812 ·
366 797 421 824 ἰδοὺ
436 798 490 832 γάρ
508 805 536 823 σε
552 797 584 822 δι’
599 797 677 832 ἡμῶν
698 798 712 823 ὁ
737 797 853 832 Χριστὸς

60 846 254 882 ἐθεράπευσεν,
268 845 316 870 καὶ
330 843 379 878 τὴν
395 843 471 870 νόσον
485 841 518 879 ἧς
533 843 614 869 ἕνεκα
632 843 698 878 πρὸς
713 844 787 878 ἡμᾶς
803 842 851 878 ἦλ-

60 891 105 921 θες
130 891 236 917 ἰάσατο.
262 888 400 924 Ἐγερθεὶς
413 886 460 914 οὖν
479 887 596 922 πορεύου
612 887 680 923 πρὸς
693 888 851 923 ἁφεδρῶνας

59 937 97 968 ὡς
118 936 248 971 τάχιστα,
269 936 315 962 καὶ
328 935 418 960 πᾶσαν
431 933 480 969 τὴν
494 935 522 960 ὲν
538 934 579 960 σοὶ
595 934 772 968 συναχθεῖσαν
786 933 851 969 ὕλην

60 982 195 1009 ἀπόϐαλε.
217 982 272 1008 Καὶ
294 980 380 1007 ταῦτα
403 980 539 1014 λέγοντες,
565 980 614 1015 τῆς
640 980 687 1006 τοῦ
712 981 851 1012 νοσοῦντος

59 1028 165 1059 κοιλίας
179 1026 360 1062 προπέψαυον,
378 1026 415 1057 ὡς
431 1025 510 1060 δῆθεν
532 1025 614 1051 αὑτὸν
635 1024 850 1060 καταψήχοντες,

59 1075 96 1110 τῷ
111 1075 134 1102 δ’
148 1073 244 1108 ἀληθεῖ
259 1073 307 1108 τὴν
321 1071 435 1106 ἐκϐολὴν
458 1071 690 1106 δημιουργοῦντες
714 1072 769 1103 τοῖς
789 1071 852 1098 ὓδα-

60 1130 112 1147 σιν.

92 1167 183 1194 Τοῦτο
196 1165 321 1200 δρώντων
345 1164 445 1197 αὐτῶν,
467 1163 505 1195 ὡς
530 1163 590 1199 μεθ’
605 1163 687 1191 ῦπνον
704 1164 808 1199 (ταυτὸν
824 1165 852 1191 δὲ

58 1215 105 1240 καὶ
131 1213 204 1248 μετὰ
224 1213 303 1238 νόσον
325 1210 423 1245 εἰπεῖν)
441 1210 568 1244 Εὐγὲνιος
583 1211 675 1244 ἔλεγεν
692 1211 785 1246 (μέχρι
798 1211 852 1246 γὰρ

59 1260 147 1286 ὓπνου
171 1259 206 1285 τὰ
230 1258 278 1293 τῆς
301 1257 379 1284 νόσου
404 1256 582 1291 κεκράτηκε).
597 1257 696 1290 γύναια
712 1257 775 1292 τρία
798 1257 853 1283 τῶν

60 1305 213 1340 μαρτύρων
243 1303 353 1329 ὄπισθεν
370 1302 502 1337 ἔκραζεν·
521 1302 599 1334 Τίνος
626 1302 737 1335 ἕνεκεν,
768 1302 851 1336 ἅγιοι,

58 1352 140 1385 ἡμεῖς
160 1350 210 1384 μὲν
225 1349 320 1384 χρόνον
334 1348 431 1382 ἔχομεν
445 1347 538 1374 ἐνθάδε
556 1348 724 1383 καθήμεναι,
736 1349 782 1374 καὶ
793 1349 853 1380 ταῖς

58 1397 177 1431 πληγαῖς
189 1394 356 1428 ὁδυνώμεναι
374 1393 440 1427 (τῶν
455 1393 509 1428 γὰρ
527 1394 615 1419 ἐκεῖσε
630 1394 766 1428 κειμένων
776 1393 854 1428 ἐτύγ-

59 1441 197 1477 χινον,ὡς
214 1440 317 1471 ταύτας
333 1440 440 1473 ὲπέγνω
457 1439 589 1474 μετ’δναρ
599 1440 613 1465 ὁ
628 1439 793 1474 ἄρρωστος),
806 1440 854 1466 καὶ

59 1487 223 1522 νοσημάτων
234 1485 311 1512 οὔπω
323 1485 499 1519 πεπαύμεθα·
513 1483 589 1516 οὗτος
603 1485 630 1511 δὲ
643 1485 705 1519 χθὲς
719 1486 853 1520 ἀφικόμεη

59 1542 113 1564 νος,
145 1533 195 1558 καὶ
221 1531 302 1557 πάθει
324 1530 476 1565 τηλικούτῳ
502 1530 706 1565 κρατούμενος,
734 1524 853 1567 σήμερον
868 1544 888 1572 C

59 1578 177 1612 ἠξίωται
196 1577 317 1612 ῥώσεως.
336 1577 383 1602 καὶ
408 1578 507 1612 χωρεῖν
521 1577 590 1603 οἶκοι
605 1576 765 1610 κελεύεταις
782 1578 852 1612 Πρὸς

59 1626 90 1655 ἃς
108 1624 278 1660 στραφέντες
295 1623 319 1649 οἱ
336 1623 482 1658 μάρτυρες,
495 1623 590 1657 φησὶν,
609 1623 677 1657 μετὰ
693 1624 783 1658 πάσης
801 1624 853 1649 ὰπ-

60 1670 206 1704 ελογοῦντο
236 1668 399 1704 πραότητος·
428 1669 484 1703 Οὐχ
513 1669 604 1704 ἡμεῖς,
630 1666 652 1694 ὦ
676 1669 786 1702 γῦναια,
803 1670 853 1704 τῆς

61 1716 159 1751 ὑγείας
183 1715 354 1749 τυγχάνομεν
376 1714 486 1750 κύριοι,
510 1714 577 1741 ἀλλά
593 1714 709 1749 Χριστὸς
723 1716 737 1740 ὀ
752 1715 851 1748 προδο-

60 1762 122 1793 isti;
134 1770 166 1787 τε
181 1761 228 1786 καὶ
237 1759 378 1794 πρύτανις.
395 1759 583 1793 Ἀφικνοῦνται
597 1768 669 1791 τινες
681 1760 852 1795 μακροτέρας

61 1808 189 1839 παιδεὶας
214 1806 347 1839 δεόμενοι,
367 1806 414 1832 καὶ
439 1805 522 1832 πάλιν
547 1806 636 1840 ἕτεροι
652 1806 852 1841 θεραπευθῆναι

61 1853 160 1879 θᾶττον
183 1851 336 1885 ὀφείλοντες
346 1857 354 1865 ⁸
375 1851 456 1885 ἡμεῖς
475 1851 529 1885 γὰρ
545 1851 616 1886 ὑπὲρ
632 1851 738 1878 πάντων
753 1852 852 1886 ὁμοίως

59 1898 108 1929 ﬁ;
132 1897 257 1926 ἱκετείας
279 1895 470 1930 προσφέρομεν
480 1904 488 1911 ·
507 1896 553 1922 καὶ
567 1895 596 1922 ὃν
610 1896 643 1922 ἂν
661 1897 729 1932 πρὸς
742 1897 789 1923 τιῦ
804 1898 852 1923 Δε-

61 1943 162 1969 σποτου
189 1941 260 1968 Θεοῦ
284 1943 331 1967 καὶ
359 1941 484 1977 Σωτῆρος
503 1941 588 1975 Ἰησοῦ
614 1942 733 1978 Χριστοῦ
756 1943 853 1970 κελευ-

60 1988 205 2022 σθείημεν,
220 1987 315 2013 τοῦτον
338 1986 556 2022 θεραπεύσαντες
583 1987 663 2019 εὐθὺς
687 1988 850 2024 ἀπολύομεν.

59 2033 161 2060 τοῦτον
174 2031 222 2059 οὖν
235 2033 283 2058 καὶ
295 2033 374 2066 ὑμεῖς
389 2033 437 2059 σὺν
452 2033 517 2068 ἡμῖν
539 2033 707 2067 ἱκετεύσατε,
733 2034 776 2061 ἴνα
802 2036 852 2070 τὴν

59 2079 139 2113 χάριν
168 2077 306 2112 παράσχοι
331 2076 384 2103 τῶν
414 2077 554 2112 ὑμετέρων
574 2078 728 2112 αἰτήσεων·
753 2078 800 2105 καὶ
827 2080 851 2105 ει

60 2123 296 2158 σπλαγχνισθείη,
319 2122 366 2149 καὶ
390 2123 469 2157 μόνον
492 2122 620 2149 κελεῦσαι
647 2122 850 2156 καταξιώσειεν,

58 2171 165 2204 ταχέως
182 2170 263 2203 ἡμεῖς
278 2168 420 2203 πληρωταὶ
432 2168 487 2195 τῶν
500 2168 580 2194 θείων
598 2168 680 2195 αὑτοῦ
697 2169 851 2205 θεσπισμά-

57 2224 111 2241 των
127 2215 297 2249 γιγνόμεθα·
313 2212 343 2240 οὗ
360 2215 444 2249 χωρὶς
466 2215 645 2246 ἑπινεύσεως,
662 2214 724 2241 οῦτε
741 2217 852 2249 κρατεῖν
869 2221 890 2248 υ

58 2260 119 2286 οἷστε
135 2259 267 2286 ἀπολύειν
279 2261 342 2291 τοὺς
355 2260 422 2295 πρὸς
439 2260 512 2294 ἡμᾶς
526 2259 689 2295 ἐρχομένους
702 2260 850 2295 δυνάμεθα.

59 2306 113 2332 Καὶ
125 2306 220 2333 ταῦτα
236 2306 285 2340 μὲν
300 2306 323 2332 οἱ
339 2306 478 2332 θεσπέσιοι
497 2306 634 2341 μάρτυρες
655 2307 723 2341 πρὸς
744 2307 792 2338 τὰς
806 2315 854 2339 γυ-

59 2353 156 2384 ναῖκας
178 2351 355 2385 ἐφθέγξαντο.

94 2398 203 2424 ’Υπνου
227 2397 255 2424 δὲ
278 2398 326 2424 καὶ
352 2397 520 2432 στρωμάτων
544 2398 663 2428 ἀναστὰς
684 2398 698 2423 ό
713 2398 851 2431 Εὐγένιος,

59 2445 125 2479 πρὸς
140 2443 302 2478 ἁφεδρὼνας
323 2443 484 2474 ἐσπούδαζε,
502 2443 627 2470 σπεύδειν
640 2444 721 2470 αὑτὸν
736 2444 786 2478 τῆς
802 2452 853 2478 γα-

60 2491 137 2525 στρὸς
152 2490 224 2524 πρὸς
237 2489 267 2515 τὸ
284 2490 453 2525 μαρτυρικὸν
469 2489 678 2524 ἀναγκαζούσης
700 2490 851 2525 ἐπίταγμα.

60 2537 111 2562 Καὶ
127 2538 157 2562 ἐν
175 2535 283 2566 τούτοις
299 2536 455 2570 γενόμενος,
480 2535 591 2562 ἅπασαν
615 2536 697 2567 εὐθὺς
720 2536 768 2571 τὴν
787 2536 852 2571 ὓλην

61 2580 119 2617 [τὴν
143 2583 175 2607 ἐν
190 2582 242 2616 μιᾷ
254 2580 349 2616 χρόνου
359 2582 461 2616 στιγμῇ
477 2581 675 2616 προσεκένωσεν
689 2582 734 2607 καὶ
751 2581 853 2616 ταύτην

57 2627 199 2658 κενωθεὶς,
210 2627 247 2658 ὡς
255 2627 419 2662 εἰρήκαμεν,
428 2628 442 2653 ὀ
451 2627 560 2653 πάντων
568 2626 696 2653 εἰσελθὼν
705 2627 768 2654 ὅσον
786 2628 853 2662 πρὸς

58 2670 126 2704 εἶδος
149 2673 316 2707 παχύτερος,
337 2673 406 2699 πολὺ
424 2673 528 2699 πολλῶν
546 2673 639 2708 ἐξῆλθε
659 2673 714 2699 τῶν
730 2673 853 2708 ἀφεδρῶ-

57 2727 109 2745 νων
128 2719 294 2753 ἱηνότερος.
319 2719 428 2745 Μᾶλλον
449 2719 476 2745 δὲ
496 2719 633 2746 κάνταῦθα
658 2720 814 2755 σύμμετρος
839 2721 853 2747 ὸ

58 2766 219 2800 γεωμέτρης
245 2765 369 2801 ἐξέθορε·
398 2766 478 2800 μόνον
509 2766 563 2801 γὰρ
588 2767 637 2801 τῆς
664 2767 782 2802 γαστρὸς
805 2767 851 2794 τὴν

58 2811 140 2844 εγκον
154 2811 235 2846 ἔσχεν
250 2811 416 2847 ἀμέτρητον,
429 2812 477 2838 καὶ
491 2811 535 2839 τὸν
552 2812 648 2848 καιρὸν
668 2813 718 2847 τῆς
742 2813 850 2845 ἰάσεως,

59 2857 102 2883 τὸν
128 2858 178 2892 μὲν
202 2857 245 2884 διὰ
262 2857 364 2892 πολλὴν
381 2858 452 2885 πάνυ
468 2858 635 2894 βραχύτητα,
652 2858 698 2886 τὸν
713 2859 741 2886 δὲ
757 2859 800 2886 διὰ
822 2859 851 2885 τὸ

902 248 951 279 sis,
966 247 1016 275 hos
1033 255 1066 275 ex
1082 249 1141 276 solo
1154 249 1248 276 auditu
1262 250 1346 277 veluti
1366 255 1494 286 potentes
1507 253 1600 288 elegit.

937 377 1031 411 Itaque
1045 385 1106 404 cum
1133 379 1250 407 vertisset
1284 381 1316 408 ad
1346 387 1502 410 sanctorum
1536 385 1687 412 remedium

902 425 1112 457 capessendum,
1130 427 1202 460 qum]
1217 435 1298 454 omne
1322 429 1431 455 la‘dilllll
1448 435 1474 457 et
1486 430 1610 458 diversas
1626 439 1688 466 pas-

904 468 997 496 siones
1021 470 1154 504 abigebat,
1172 474 1359 506 experimento
1379 476 1485 507 didicit,
1505 477 1576 511 quod
1593 478 1687 505 auditu

903 517 966 540 ante
995 516 1149 548 passionem
1172 525 1348 552 cognorat-at.
1374 520 1405 547 Et
1426 522 1497 548 sicut
1521 523 1687 555 audivimus,

904 559 938 585 ita
953 565 978 586 et
989 561 1117 595 vidimus,
1127 572 1188 590 cum
1205 565 1374 593 tnodulatore
1384 568 1498 595 altisone
1513 570 1687 603 praedicabat.

903 603 1002 631 Eadem
1025 607 1126 641 quippe
1143 610 1274 636 continuo
1300 617 1390 644 nocte,
1407 617 1467 646 post
1481 613 1551 640 diem
1574 622 1627 649 qua
1642 622 1688 642 ve-

903 655 991 682 nerat,
1022 658 1083 678 cum
1108 658 1172 680 ante
1199 655 1355 690 sepulcrum
1380 662 1536 685 sanctorum
1546 660 1688 693 dormiret,

904 695 954 723 hos
972 697 1042 724 videt
1061 699 1209 732 procedi-re
1231 705 1375 737 martyres,
1393 708 1419 730 et
1436 704 1528 732 dieere
1547 706 1598 732 sibi
1612 706 1690 733 audi-

904 742 966 769 vit:
988 742 1169 778 Sttrge'hiuc,
1197 745 1312 781 Eugcni,
1346 748 1380 775 ad
1411 753 1542 785 tuamque
1573 751 1686 779 domum

904 789 1068 821 regredere:
1087 797 1152 816 ecce
1169 791 1240 817 enirn
1254 795 1279 818 te
1299 800 1346 826 per
1364 801 1413 820 nos
1432 793 1560 822 Christus
1573 796 1688 830 curavit,

904 836 930 860 et
957 834 1129 868 languorem,
1147 840 1259 870 propter
1281 845 1361 871 quem
1377 838 1409 864 ad
1424 846 1474 866 nos
1490 841 1599 872 venisti,
1610 848 1690 868 sana-

904 878 950 905 vit.
965 877 1086 912 Surgens
1100 887 1165 914 ergo
1180 881 1213 908 ad
1227 889 1365 910 secessum
1378 887 1542 918 quantocius
1553 894 1667 921 propera
1680 895 1689 920 ;

903 926 929 950 et
952 922 1044 952 faecem
1073 928 1182 953 onlnem
1216 935 1276 962 quae
1293 929 1319 956 in
1337 934 1363 956 te
1377 931 1491 958 collecta
1521 936 1573 964 est,
1602 933 1688 960 abice.

903 967 936 994 Et
950 977 1012 996 cum
1039 970 1096 997 haec
1111 971 1243 1005 dicerent,
1257 979 1380 1001 ventrem
1400 977 1691 1013 tetigeruntlanguen-

903 1015 949 1046 tis,
969 1016 1041 1042 hunc
1067 1018 1144 1052 quasi
1164 1018 1304 1054 frit-antes,
1330 1021 1376 1048 sed
1395 1022 1422 1049 in
1435 1023 1549 1050 veritate
1564 1024 1690 1051 morbum

902 1061 1072 1095 :egritudinis
1100 1063 1288 1098 insequentes,
1315 1070 1341 1092 et
1356 1073 1489 1101 aquarum
1507 1067 1688 1102 abjectionem

903 1106 1050 1134 salubriter
1062 1114 1217 1142 operantes.

938 1152 1006 1179 Cum
1025 1157 1115 1180 autem
1134 1154 1186 1182 hoc
1207 1161 1344 1190 gererent,
1361 1161 1391 1184 ut
1416 1164 1476 1192 post
1492 1159 1628 1187 somnium
1649 1159 1689 1195 (id

904 1199 993 1234 ipsum
1009 1204 1051 1227 est
1070 1200 1092 1227 si
1118 1201 1243 1229 dicamus
1267 1206 1329 1236 post
1349 1203 1519 1238 languorem,
1542 1213 1628 1240 usque
1657 1206 1690 1233 ad

904 1252 1029 1272 somnum
1057 1246 1158 1281 quippe
1187 1254 1217 1274 se
1238 1248 1353 1283 languor
1380 1249 1530 1286 obtinuit),
1553 1251 1690 1286 Eugenius

903 1291 1052 1323 asserebat,
1072 1293 1200 1320 mulieres
1218 1297 1273 1321 tres
1287 1295 1443 1322 clamabant
1455 1301 1516 1331 post
1531 1302 1665 1332 martyres
1679 1307 1686 1324 :

904 1335 1098 1371 Quamobrem,
1117 1339 1215 1372 sancti,
1231 1347 1281 1367 nos
1304 1348 1405 1367 annum
1434 1342 1476 1369 hic
1499 1343 1631 1370 habemus
1648 1351 1692 1371 se-

904 1380 1009 1413 dentes,
1029 1382 1178 1416 plagasque
1192 1382 1315 1411 dolentes
1334 1385 1377 1419 (ex
1391 1386 1445 1412 illis
1461 1387 1531 1412 enim
1543 1391 1622 1414 erant
1633 1395 1693 1422 qua:

905 1425 1107 1460 illicjacebant,
1125 1432 1153 1453 ut
1172 1427 1221 1454 has
1241 1432 1302 1461 post
1327 1429 1464 1456 somnium
1478 1433 1634 1465 recognovit
1653 1433 1692 1458 in-

905 1470 1020 1506 firmus),
1035 1475 1062 1498 et
1074 1480 1129 1506 prae
1144 1472 1322 1508 languoribus
1340 1476 1461 1509 requiem
1478 1483 1531 1503 non
1548 1477 1692 1509 habemus,

905 1521 931 1543 et
949 1517 1000 1544 iste
1016 1519 1062 1552 qtti
1077 1518 1135 1544 heri
1148 1519 1233 1552 venit,
1253 1524 1279 1546 et
1297 1521 1426 1554 passione
1442 1526 1517 1548 tanta
1536 1524 1692 1557 tenebatur,

908 1562 987 1590 hodie
1000 1563 1118 1591 sanitate
1133 1563 1233 1599 dignus
1243 1565 1369 1598 ellicitur,
1382 1573 1409 1593 et
1421 1567 1613 1595 domumabire
1625 1577 1692 1604 pra:-

907 1609 1024 1643 cipitur?
1038 1609 1079 1636 Ad
1090 1618 1159 1645 quas
1177 1617 1312 1647 martyres
1326 1613 1404 1647 quasi
1417 1614 1541 1641 conversi
1557 1622 1618 1640 cum
1634 1623 1692 1641 Ulli-

907 1653 934 1679 ui
950 1655 1159 1682 mansuetudine
1175 1657 1378 1691 respondebant
1394 1666 1401 1685 :
1416 1659 1475 1685 Non
1487 1666 1547 1692 nos,
1560 1667 1576 1685 ο
1594 1661 1693 1688 mulie-

907 1705 961 1730 res,
974 1699 1101 1728 sanitatis
1120 1701 1223 1729 domini
1243 1710 1350 1736 sumus,
1374 1706 1421 1731 sed
1440 1705 1566 1732 Christus
1584 1706 1630 1740 qui
1651 1712 1693 1733 est

906 1744 1032 1777 provisor
1048 1749 1074 1772 et
1086 1749 1189 1773 custos.
1210 1746 1327 1775 Veniunt
1346 1749 1486 1784 igiturhic
1503 1750 1615 1784 quidam
1634 1759 1687 1785 pro

907 1788 1013 1816 lixioris
1027 1791 1218 1826 castigationis
1238 1798 1362 1828 egentes,
1378 1799 1405 1821 et
1422 1803 1520 1823 rursus
1534 1796 1579 1822 alii
1602 1797 1693 1824 curari

906 1835 960 1862 cito
972 1836 1118 1870 debentes;
1134 1845 1184 1865 nos
1198 1838 1270 1865 enim
1282 1840 1412 1868 similiter
1429 1849 1479 1876 pro
1491 1843 1619 1870 omnibus
1629 1851 1693 1878 sup-

905 1881 1066 1917 plicationes
1079 1883 1230 1916 ollerimus,
1245 1889 1475 1922 etquemcunque
1491 1895 1506 1915 a
1517 1888 1694 1917 dominatore

906 1925 961 1953 Deo
975 1934 1007 1954 ac
1024 1926 1167 1956 Salvatore
1192 1934 1288 1956 nostro
1305 1930 1369 1958 Jesu
1386 1931 1498 1960 Christo
1516 1934 1587 1969 jussi
1610 1935 1690 1962 l'ueri-

905 1981 966 2001 mus
981 1982 1088 2007 curare,
1105 1976 1177 2003 hunc
1203 1983 1331 2006 sanatum
1355 1980 1499 2008 confestim
1516 1982 1693 2011 dimittimus.

906 2020 983 2047 Hunc
1001 2028 1065 2057 ergo
1075 2025 1101 2049 et
1114 2030 1163 2050 vos
1173 2031 1224 2050 una
1237 2024 1379 2052 nobiseum
1394 2032 1516 2061 exorate,
1532 2032 1562 2055 ut
1577 2030 1693 2064 gratiam

905 2072 1059 2095 vestrarum
1089 2070 1193 2097 tribuat
1217 2072 1390 2106 sanitatum;
1413 2077 1440 2100 et
1458 2075 1480 2101 si
1504 2075 1694 2104 misericordia

906 2117 995 2141 motus
1010 2118 1116 2142 tantum
1141 2115 1222 2143 fuerit
1245 2117 1341 2152 jubere
1357 2119 1496 2155 dignatus,
1523 2123 1627 2150 celeres
1644 2131 1694 2150 nos

905 2161 1085 2194 completorcs
1104 2162 1256 2190 divinorum
1272 2165 1332 2198 ejus
1348 2166 1518 2195 decretorum
1533 2168 1692 2200 eﬂicietnttl',

905 2206 964 2233 sine
988 2207 1066 2241 cujus
1087 2214 1152 2235 nutu
1171 2217 1260 2244 neque
1275 2215 1368 2239 tenere
1392 2221 1480 2248 neque
1505 2215 1642 2242 dimittere
1658 2215 1692 2242 ad

905 2260 955 2280 nos
977 2254 1116 2281 venientes
1143 2256 1274 2284 valemus.
1306 2257 1339 2284 Et
1366 2259 1422 2286 haec
1452 2260 1561 2294 quidem
1591 2262 1692 2297 egregii

904 2304 1040 2335 martyres
1056 2302 1089 2328 ad
1103 2303 1232 2330 mulieres
1249 2304 1309 2331 illas
1320 2304 1393 2332 allati
1405 2311 1480 2333 sunt.

938 2391 1005 2419 Cum
1030 2397 1120 2420 autem
1145 2390 1162 2420 a‘
1177 2401 1274 2421 somno
1294 2399 1320 2421 et
1346 2397 1503 2424 stramentis
1526 2399 1693 2426 surrexisset

906 2439 1055 2473 Euge-nius,
1074 2439 1105 2465 ad
1123 2439 1237 2466 latrinas
1249 2441 1431 2473 accclerabat,
1447 2442 1520 2469 hunc
1538 2444 1693 2471 accelerare

905 2490 1000 2511 ventre
1015 2486 1046 2511 ad
1065 2486 1242 2521 tuartyricum
1255 2492 1371 2522 cogente
1387 2493 1565 2523 praeceptum.
1581 2490 1613 2516 Et
1629 2499 1692 2518 cum

903 2531 935 2557 ad
951 2530 1000 2557 bas
1013 2532 1193 2565 pervenisset,
1208 2539 1316 2559 omnetn
1332 2534 1464 2560 continuo
1482 2535 1586 2566 lituum.
1605 2537 1651 2571 qui
1666 2538 1693 2565 in

904 2585 936 2604 eo
955 2578 1057 2604 diutius
1074 2577 1174 2609 fuerat,
1193 2586 1248 2604 uno
1262 2584 1365 2612 puncto
1380 2581 1514 2614 temporis
1530 2582 1692 2610 exinanivit.

904 2622 936 2648 lit
961 2623 1022 2654 hoc,
1037 2628 1067 2650 ut
1085 2624 1218 2656 diximus,
1235 2625 1387 2655 exinanito,
1400 2626 1446 2660 qui
1465 2628 1591 2656 omnibus
1607 2629 1694 2656 intra-

903 2670 940 2697 vit
957 2675 1089 2704 quanlum
1115 2670 1148 2696 ad
1176 2670 1294 2704 speciem
1317 2672 1457 2705 grassior,
1483 2674 1574 2701 turritis
1597 2675 1691 2708 exivit,

902 2721 1052 2743 evacuante
1078 2724 1107 2743 se
1131 2723 1253 2747 secessu,
1278 2717 1417 2752 gracilior.
1447 2719 1502 2745 lmo
1524 2724 1552 2746 et
1574 2721 1614 2747 sic
1629 2729 1692 2756 geo-

905 2767 989 2789 metra
1006 2762 1057 2788 iste
1070 2762 1193 2796 pristina:
1206 2770 1342 2790 mensura:
1359 2764 1483 2791 redditus
1496 2766 1617 2793 exsilivit
1627 2775 1635 2800 ;
1647 2775 1692 2794 so-

903 2811 958 2837 lmn
978 2818 1095 2845 namque
1121 2811 1225 2838 ventris
1246 2811 1342 2838 habuit
1366 2816 1512 2844 tumorem,
1536 2816 1564 2838 et
1585 2817 1692 2848 tempus

903 2857 1030 2884 sanitatis
1054 2858 1216 2885 immensum
1232 2866 1239 2890 ;
1256 2858 1308 2886 hoc
1323 2858 1435 2894 quidem
1454 2861 1488 2887 ob
1505 2859 1617 2886 multam
1639 2867 1692 2897 op-
