1910 3078
233 137 302 168 ΒῖίξἹ
334 133 339 137 ”
687 142 718 172 S.
736 141 944 171 SOPIIRONIl
967 140 1034 170 ΡΑΤ

1108 139 1219 169 ΙὶΕΗιΕ
1238 140 1441 171 HIEROSOL.
1802 140 1869 171 3588

236 196 300 227 pido
317 195 490 229 brevitatem,
506 196 580 223 illum
595 204 659 225 vero
671 202 782 232 propter
794 203 898 225 vastam
914 201 942 224 ct
962 197 1028 224 ime-

1106 197 1148 223 ολὺ
1162 197 1211 223 καὶ
1227 196 1387 224 ἀνείκαστον
1400 196 1525 232 μέγεθος.
1548 196 1626 223 Οὕτω
1640 196 1688 231 μὲν
1701 195 1748 222 οὖν
1764 197 1808 223 καί
1824 196 1871 221 Εὑ-

235 241 401 268 ειῖιηιιὺίιυπι
426 242 652 277 magnitudinem.
676 242 770 278 Itaque
786 244 879 271 taliter
894 247 920 271 et
937 243 1026 278 Euge-

1106 243 1168 274 ίνιος
1184 242 1229 268 τδν
1245 243 1328 277 μόρον
1343 243 1437 276 φυγὼν
1463 242 1511 269 τοῦ
1535 244 1697 278 νοσήματος,
1715 242 1762 268 καὶ
1781 242 1872 268 σύντο-

233 285 300 314 nius
316 295 409 314 necem
426 287 534 322 fugiens
547 289 730 323 aegritudinis,
744 294 770 316 et
783 290 892 317 coneite
907 290 1026 316 sanitate

1106 296 1131 314 av
1153 287 1202 322 τὴν
1227 287 1322 322 ὑγείαν
1347 287 1533 322 δρεψάμενος,
1550 287 1600 324 τὴν
1624 288 1706 323 χάριν
1731 288 1873 323 εὐρύθμως

236 336 375 366 percepta,
393 334 496 367 gratias
515 335 655 361 moderate
669 338 846 370 martyribus.
864 340 891 363 et
914 335 1027 364 Christo

1106 333 1243 368 ελῳδὴσας
1260 335 1316 364 τοῖς
1341 334 1461 368 μάρτυσι
1478 334 1526 360 καὶ
1549 334 1661 369 Χριστῷ
1677 333 1716 368 τῷ
1739 333 1775 360 δι’
1787 333 1874 360 αὐτῶν

235 379 281 412 qui
292 386 392 412 pereos
406 380 608 414 perceptionem
620 382 738 408 contulit
751 382 921 413 modulatus,
933 381 1027 409 exsul-

1106 379 1208 405 ;δωκότι
1220 378 1250 405 τὸ
1262 378 1424 413 δρέψασθαι,
1436 379 1483 406 τοῦ
1495 379 1548 406 νεὼ
1559 380 1678 414 σκιρτῶν
1690 379 1874 415 ἀνεχώρησεν.

236 427 298 451 tans
309 431 322 450 a
341 426 442 459 templo
455 427 582 453 secessit.
601 426 687 453 Porro
703 435 755 454 nos
773 427 872 455 iterum
887 428 966 462 quasi
981 434 1027 455 sa-

235 469 349 497 nitatem
368 470 419 505 ipsi
438 471 527 506 adepti
545 473 693 500 fuissemus
703 474 732 501 in
746 473 1029 508 relationejucunda-

234 515 267 548 ti,
283 514 422 543 Christum
439 523 605 552 sanctosque
619 519 727 554 hymnis
742 524 884 552 canentes,
900 519 934 547 ad
946 519 1028 546 aliam

234 560 422 589 delectabilem
441 563 652 597 proﬁciscamur
669 565 849 592 auditionem.

440 609 531 637 XLIII.
551 610 589 638 De
605 610 723 638 Taurino
743 611 830 638 lardo.

272 653 357 682 Adest
369 660 396 682 et
411 654 550 684 Taurinos
562 664 577 683 e
595 657 720 692 proximo
738 657 864 689 veniens.
879 660 907 684 et
918 656 964 684 vix
981 664 1030 684 an-

235 707 272 727 no
293 701 402 728 tandem
424 702 598 737 perveniens,
624 703 689 730 dum
712 703 764 731 iter
781 703 889 733 eminus
909 703 977 738 agit,
995 703 1031 731 ob

236 745 389 774 breviorem
412 748 510 782 pedum
533 753 561 775 et
588 749 737 777 tardiorem
763 749 909 783 effectum;
929 755 956 777 et
975 757 1030 778 non

238 796 343 819 tantum
363 793 445 826 hujus
460 794 498 821 rei
519 795 657 829 gratia,ut
670 800 795 830 apparet,
813 795 860 822 sed
878 799 906 822 et
918 802 1027 830 percus-

238 844 311 865 sura:
331 845 414 865 causa
437 839 554 871 fabrilis,
582 844 696 875 propter
718 847 801 875 quam
831 844 962 868 canentes
980 847 1031 868 nos

1087 425 1183 460 Ἥμεῖς
1194 425 1222 451 δέ
1233 424 1313 452 πάλιν
1323 424 1360 456 ὡς
1373 424 1540 457 πεπονθότες
1550 425 1600 461 τὴν
1610 426 1692 457 fama,
1707 427 1740 461 τῇ
1751 426 1875 460 διηγήσει

1081 471 1255 506 τερπόμενοι.
1270 472 1389 507 Χριστὸν
1412 473 1460 499 καὶ
1484 472 1547 504 τοὺς
1575 472 1670 506 ἁγίους
1692 473 1874 508 ὑμνήσαντες,

1082 516 1127 543 ἐπ’
1143 516 1209 545 ἄλλο
1224 518 1342 553 τερπνὸν
1359 518 1528 554 ὁρμήσωμεν
1546 517 1682 554 ἄκουσμα.

1211 604 1277 632 ΜΓ.
1299 605 1369 640 Περὶ
1392 606 1536 640 Ταυρίνω)
1566 607 1751 641 λωρόποδος.

1119 651 1241 687 Πάρεστι
1265 653 1313 679 καὶ
1331 653 1464 687 Ταυρίνος
1479 653 1511 680 ἐκ
1534 653 1581 679 τοῦ
1606 653 1691 685 πέλας
1712 654 1876 689 ἐρχόμενος·

1086 697 1162 732 μόλις
1176 697 1206 724 δέ
1223 707 1288 725 ποτε
1302 698 1372 734 πρὸς
1386 699 1460 734 ἡμᾶς
1473 698 1639 733 ἀφικόμενος
1648 699 1685 731 ὡς
1701 699 1752 735 τὴν
1762 701 1878 736 πορείαν

1087 744 1225 780 μακρόθεν
1236 744 1409 780 ποιούμενος.
1419 745 1463 772 διὰ
1475 745 1524 780 τὴν
1537 745 1592 772 τῶν
1607 745 1695 772 ποδῶν
1712 746 1880 782 βραδυτέραν

1085 790 1227 826 ινέργειαν
1239 799 1246 806 ο
1271 792 1319 818 καὶ
1334 791 1364 817 οὐ
1384 791 1468 826 μόνης
1483 791 1586 827 ταύτης
1612 792 1703 827 χάριν,
1716 791 1753 823 ὡς
1779 792 1879 823 ἔοικεν,

1085 835 1156 862 ἀλλὰ
1182 836 1230 863 καὶ
1256 836 1305 864 τοῦ
1320 836 1502 872 χαλκευτικοῦ
1525 836 1698 872 κρούσματος
1711 836 1806 867 ἕνεκα,
1824 836 1857 862 δι’
1869 837 1882 863 δ

238 890 397 912 sanctorum
420 886 564 919 miracula,
581 887 664 914 citius
680 887 778 914 audire
795 895 848 915 non
870 888 966 915 valuit.
983 887 1034 915 Ve-

1106 881 1274 908 ελαδῡὺντων
1290 882 1369 917 ἡμῶν
1380 881 1435 908 τῶν
1450 881 1535 915 ἁγίων
1548 881 1583 908 τὰ
1598 881 1882 917 θαύματα.πυθέσθαι

238 935 394 972 ruuutamen
410 932 522 960 veniens
545 933 680 960 rationem
704 933 842 961 tarditatis
857 934 986 966 reddidit.
1004 938 1032 962 et

239 985 274 1004 nc
286 979 487 1011 praeteriremus
500 987 562 1006 eum
579 987 632 1006 non
649 979 783 1015 scriptum
798 981 934 1015 poposcit,
950 989 1031 1015 quem

239 1023 349 1058 dignam
371 1031 421 1059 pro
452 1026 532 1060 culpa
558 1025 693 1052 rationem
721 1025 879 1059 facientem,
899 1034 984 1054 unum
998 1035 1032 1054 ex

240 1068 283 1097 his
305 1070 381 1096 illum
397 1070 445 1104 qui
468 1070 494 1097 in
522 1071 681 1106 martyriois
700 1071 855 1107 gloriantur
869 1072 1034 1099 visitationi-

239 1113 291 1141 btts
308 1114 453 1142 faciemus.

276 1160 396 1188 Huraclii
425 1161 633 1196 possessionis,
658 1169 719 1197 quae
747 1162 848 1197 templo
874 1168 1034 1191 sanctorum

240 1207 366 1242 proxima
382 1212 452 1239 erat.
465 1211 493 1235 et
506 1207 618 1235 Sabbati
636 1208 670 1235 ab
685 1208 738 1236 hoc
753 1208 852 1236 itinere
869 1212 976 1236 tantum
992 1208 1035 1236 di-

241 1253 342 1286 stabat,
356 1254 381 1280 id
397 1259 439 1281 est
449 1258 567 1288 quatuor
579 1254 731 1282 stadiorum
743 1255 870 1282 etdeccm
882 1254 1035 1290 intercape-

241 1299 315 1333 dine,
337 1300 454 1328 villanns
465 1300 601 1328 Tanrinus
616 1305 686 1332 erat,
698 1306 726 1328 et
743 1301 892 1328 clavariam
909 1301 1036 1329 sectaba-

241 1348 286 1372 tur
300 1350 405 1380 artem;
420 1346 519 1381 pedum
538 1350 629 1373 autem
646 1354 700 1373 non
714 1341 799 1374 levem
821 1347 980 1382 possidebat
994 1347 1035 1374 in-

243 1391 397 1418 ﬁrmitatem
413 1392 459 1419 sed
479 1400 618 1426 magnam.
640 1396 667 1420 et
682 1399 743 1427 quae
757 1391 1036 1420 auditionisexeede-

243 1438 288 1464 hat
302 1445 467 1464 sermonem.
486 1436 517 1464 Ili
534 1438 607 1464 enim
624 1438 717 1472 specie
731 1436 841 1472 pedum,
857 1437 1034 1465 sidicendum

241 1484 294 1513 usi,
317 1481 462 1514 abnegata,
486 1480 609 1508 lororum
627 1481 810 1508 imitabantur
825 1482 945 1516 speciem
961 1490 1036 1509 mor-

243 1533 372 1559 tuorum;
391 1532 502 1562 propter
519 1527 593 1562 quod
607 1532 634 1555 et
647 1535 709 1555 eum
725 1535 806 1563 quem
827 1527 1035 1564 habebantpos-

241 1580 391 1605 sessorem,
419 1573 467 1600 tali
486 1573 652 1608 cognomine
665 1574 801 1601 nominari
818 1573 961 1608 fecerunt;
979 1574 1036 1602 cla—

242 1620 347 1646 varium
372 1619 444 1646 cnim
471 1620 506 1646 ab
527 1624 587 1646 arte
613 1619 811 1655 cognominare
830 1621 1002 1654 omittentes,
1021 1628 1037 1647 a

243 1665 360 1700 pedibus
385 1665 523 1692 vocabant
547 1665 669 1701 loripeda
684 1674 691 1699 ;
709 1670 737 1692 et
752 1665 889 1700 fortejam
905 1667 974 1694 bene
991 1666 1036 1693 Iali

242 1718 305 1738 eunt
321 1711 432 1738 nomine
445 1711 613 1745 vocitabant,
629 1712 761 1747 quoniam
778 1713 860 1747 pedes
877 1720 932 1740 non
948 1713 1037 1741 solum

243 1758 366 1784 lororum
395 1758 534 1785 habebant
558 1758 670 1792 idioma,
693 1758 741 1786 sed
759 1759 824 1794 quia
840 1764 868 1786 et
885 1759 1037 1786 secundum

244 1806 302 1831 haec
319 1808 398 1831 erant
412 1805 542 1839 deinceps
553 1804 719 1837 ineﬂicaces.
735 1810 763 1833 et
777 1805 843 1840 quia
860 1805 941 1840 quasi
954 1813 968 1832 a
980 1805 1038 1832 cla-

244 1850 320 1877 varia
336 1855 447 1886 propter
463 1851 546 1885 pedes
563 1855 621 1878 arte
637 1852 794 1887 quiescens,
808 1859 824 1878 a
844 1851 943 1886 pedum
960 1859 1040 1879 voca-

244 1897 325 1924 batur
342 1897 483 1932 languore.
503 1897 582 1925 Hanc
600 1896 740 1925 Taurinus
754 1897 901 1933 pessimam
922 1897 1038 1925 inﬁrmi-

245 1947 328 1971 tatem
359 1943 476 1976 habens,
499 1947 562 1979 post
582 1947 733 1972 extremam
753 1944 926 1972 medicorum
944 1945 1038 1979 repul-

243 1990 366 2023 sionetn,
397 1989 470 2024 quod
509 1997 649 2024 nunquam
677 1989 826 2025 aliquando
854 1990 935 2024 pedes
966 1995 1039 2018 esset

245 2040 369 2063 moturus
383 2035 543 2070 huiusmodi
567 2036 788 2071 perhibentium;
813 2035 871 2063 haec
882 2036 955 2062 enim
980 2041 1039 2063 erat

244 2081 364 2116 ipsorum
382 2089 413 2108 ex
439 2086 499 2109 arte
524 2082 683 2113 sententia;
700 2081 733 2108 ad
759 2081 861 2116 Cyrum
880 2081 1038 2110 sublevatus

245 2126 330 2158 venit,
344 2131 371 2154 et
389 2126 525 2154 Joannem
547 2126 611 2162 Cyri
625 2130 851 2161 commartyrem,
867 2126 966 2154 divinae
984 2135 1040 2154 me-

244 2173 343 2200 dicinae
357 2178 553 2209 praeceptores,
570 2178 597 2201 et
613 2181 668 2201 non
682 2173 743 2208 ejus
755 2181 816 2209 quae
832 2173 1037 2209 Hippocratem,

244 2218 389 2251 Calenum,
406 2223 433 2246 et
448 2220 645 2251 Democritum.
666 2220 712 2255 qui
731 2220 765 2247 de
780 2225 852 2247 terra
875 2220 1036 2255 loquuntur.
1055 2235 1077 2262 ι)

246 2263 311 2290 facit
332 2264 482 2296 doctores;
507 2271 563 2298 quo
579 2264 735 2291 admirandi
753 2269 889 2301 martyres
911 2266 1037 2294 veniente

245 2314 386 2344 suscepto,
400 2309 473 2336 hunc
485 2310 604 2337 sanitate
619 2309 745 2346 dignum,
760 2318 841 2345 quam
857 2311 894 2338 illi
909 2312 1037 2346 despera—

245 2360 349 2387 verant,
365 2355 555 2382 reddiderunt.
573 2355 745 2390 Apparentes
760 2357 832 2384 enim
845 2358 869 2385 ei
885 2359 1036 2384 secundum

245 2409 348 2429 morem
363 2403 390 2428 in
412 2402 571 2429 stramentis
587 2406 614 2430 et
638 2402 726 2435 lectis,
744 2403 852 2430 salitam
867 2404 1036 2430 coturnicem

244 2452 271 2473 et
285 2447 451 2474 exsiccataln
465 2447 626 2482 praecipiunt
643 2455 763 2480 sumere,
779 2453 806 2475 et
819 2447 889 2475 hanc
903 2453 992 2475 terere
1010 2451 1038 2474 et

245 2493 327 2528 pedes
347 2501 450 2527 ungere
473 2494 639 2526 sancientes,
662 2494 762 2521 iterum
788 2494 870 2521 veluti
894 2495 1033 2521 somnium

244 2541 435 2567 avolaverunt.
452 2542 485 2567 At
504 2540 549 2568 ille
561 2544 622 2575 post
640 2542 777 2568 somnium
795 2541 868 2576 quod
885 2541 1037 2576 imperave-

247 2589 308 2610 r-mt
321 2585 434 2617 faciens,
453 2585 616 2613 mirabiliter
631 2585 794 2617 satiabatur,
810 2590 837 2613 et
852 2587 925 2613 omni
939 2587 1036 2621 pcdnnl

246 2630 405 2658 inﬁrmitate
438 2635 464 2658 ct
495 2632 596 2658 duritia
622 2632 686 2662 illa,
709 2632 886 2666 lororunique
922 2633 1037 2660 deformi

247 2676 363 2711 prorsus
378 2677 575 2712 imaginatione
601 2677 736 2712 deposita,
756 2677 861 2711 integer
879 2681 907 2704 et
922 2678 1037 2711 pedibus

245 2723 325 2750 bonis
339 2723 427 2750 factus
441 2728 495 2756 est,
507 2728 534 2751 et
548 2723 618 2751 forte
630 2723 754 2750 obtinere
768 2723 926 2750 coturnices
940 2723 1037 2758 pedum

245 2770 430 2798 crassitudine
446 2771 550 2797 valens.
571 2770 605 2796 Et
621 2769 759 2797 Taurinos
773 2769 883 2804 quidem
896 2769 1039 2804 sospitaz-is

245 2817 324 2852 copia
346 2812 604 2851 fretus,rgrstiarum
623 2815 779 2843 actionibus
789 2815 844 2843 Deo
856 2815 1038 2852 martyribus-

246 2871 300 2900 que
315 2864 428 2897 oblatis,
454 2863 570 2891 recessit
589 2871 595 2889 :
610 2870 660 2890 nos
675 2868 765 2889 autent
780 2862 896 2897 hymnos
923 2867 1039 2890 cantan-

1048 1566 1072 1595 C

1087 927 1183 954 θᾶττον
1199 928 1249 955 οὐκ
1265 927 1386 963 ἴσχυσεν.
1403 927 1502 955 Ἐλθὼν
1511 928 1558 955 οὖν
1571 928 1647 963 ὅμως
1662 928 1711 960 τὰς
1726 928 1818 960 alsia;
1836 928 1882 955 τοῦ

1087 973 1202 1010 βράδους
1215 974 1379 1010 ἀπήγγειλε,
1396 975 1443 1001 καὶ
1469 974 1507 1010 μὴ
1534 974 1680 1010 παρελθεῖν
1697 975 1778 1001 αὑτὸν
1791 974 1882 1008 ἄγρα-

1087 1028 1137 1055 φον
1150 1020 1250 1056 ᾔτησεν
1260 1029 1267 1036 ·
1283 1020 1313 1047 ὃν
1325 1020 1363 1053 ὡς
1381 1021 1493 1054 ἀναξίαν
1507 1021 1558 1056 τῆς
1574 1020 1704 1060 μέμψεως
1719 1020 1768 1056 τὴν
1781 1021 1884 1048 ἀπολο-

1087 1067 1151 1101 γίαν
1177 1067 1340 1102 ποιήσαντα.
1366 1067 1414 1094 ἕνα
1432 1076 1488 1094 των
1512 1067 1670 1102 αὐχούντων
1696 1069 1883 1103 μαρτυρικαῑς

1088 1111 1252 1147 ἐπισκέψεσι
1272 1112 1319 1138 καὶ
1339 1112 1421 1139 αὑτὸν
1440 1111 1632 1147 ποιησώμεθα.

1132 1157 1291 1194 Ἡρακλείου
1303 1158 1349 1185 τοῦ
1367 1159 1507 1194 κτήματος
1524 1159 1570 1185 τοῦ
1586 1159 1625 1194 τῷ
1639 1159 1716 1195 σηκῷ
1725 1160 1779 1187 τῶν
1796 1160 1883 1194 ἁγίων

1090 1205 1328 1240 προσεγγὶζοντος,
1342 1205 1390 1232 καὶ
1403 1205 1540 1233 σαϐϐάτου
1554 1205 1614 1232 όδὸν
1626 1205 1723 1232 τούτου
1738 1207 1823 1241 μόνον
1835 1208 1885 1233 άπ-

1089 1251 1207 1286 έχῆντος,
1223 1252 1364 1279 τουτέστιν
1375 1252 1514 1288 τεττάρων
1536 1252 1583 1279 καὶ
1605 1251 1671 1279 δέκα
1695 1252 1812 1279 σταδίων
1828 1253 1885 1280 διά-

1090 1306 1193 1333 στημα,
1215 1299 1347 1334 κωμήτης
1370 1299 1385 1325 ὸ
1411 1299 1546 1335 Ταυρῖνος
1576 1299 1733 1334 ἐτύγχανεν,
1759 1300 1810 1326 καὶ
1836 1300 1885 1335 τὴν

1089 1342 1257 1378 ἡλουργικὴν
1268 1343 1367 1378 τέχνην
1383 1343 1544 1379 μετήρχετο,
1562 1343 1617 1370 τῶν
1629 1343 1718 1370 ποδῶν
1735 1344 1785 1379 τὴν
1803 1344 1887 1370 ἀσθέ-

1089 1396 1163 1415 νειαν
1179 1389 1212 1415 οὐ
1225 1388 1360 1424 τυχοῦσαν
1371 1389 1513 1424 ἐκέκτητο,
1525 1390 1592 1417 ἀλλὰ
1605 1390 1729 1425 μεγάλην
1742 1391 1790 1416 καὶ
1805 1390 1887 1423 λόγον

1089 1434 1176 1468 ἀκοῆς
1192 1433 1496 1470 ὐπεραίρουσαν.οὖτοι
1516 1436 1569 1472 γὰρ
1585 1436 1616 1463 τὺ
1629 1435 1682 1462 τιῖιν
1698 1436 1786 1463 ποδῶν
1803 1434 1888 1468 εἶδος,

1090 1482 1114 1507 εί
1137 1481 1210 1507 ἐστιν
1235 1482 1332 1514 εἰπεῖν,
1350 1482 1546 1517 ἀρνησάμενοι,
1564 1482 1659 1517 λὼρων
1674 1482 1827 1517 ἐμιμοῦντο
1844 1491 1889 1509 νε-

1091 1526 1166 1561 κρῶν
1192 1526 1328 1562 ἰδιότητα·
1355 1527 1417 1554 δι’δ
1444 1527 1492 1555 καὶ
1519 1528 1564 1555 τὸν
1588 1527 1684 1563 ἔχοντα
1701 1529 1837 1563 κτήτορα,
1856 1531 1889 1563 τῇ

1088 1571 1191 1598 τούτων
1199 1573 1343 1608 ἐπωνυμίᾳ
1354 1574 1536 1609 πεποιήκασιν
1544 1573 1738 1608 ὀνομάζεσθαι²
1746 1575 1777 1600 τὸ
1788 1575 1892 1609 ἡλουρ-

1089 1618 1136 1651 γὸν
1150 1619 1204 1653 γάρ
1219 1618 1399 1654 ἐπονομάζειν
1413 1619 1467 1646 άπὸ
1480 1619 1531 1654 τῆς
1550 1619 1648 1654 τέχνης
1671 1620 1816 1651 ἐάσαντες,
1835 1621 1891 1647 ἀπὸ

1088 1665 1143 1691 τῶν
1154 1665 1241 1691 ποδῶν
1258 1665 1372 1691 ἐκάλουν
1395 1664 1536 1700 λωρόποδα
1547 1674 1554 1680 ·
1569 1666 1615 1692 καὶ
1636 1667 1707 1701 τάχα
1721 1666 1816 1698 καλῶς
1833 1676 1891 1693 τοι-

1089 1710 1161 1746 ούτῳ
1182 1710 1263 1737 αὐτὸν
1287 1711 1401 1738 ἐκάλουν
1427 1711 1549 1744 ὀνόματι,
1568 1712 1685 1747 ἐπείπερ
1705 1712 1731 1738 οι
1758 1712 1843 1745 πόδες
1860 1713 1890 1740 οὑ

1091 1756 1170 1791 μόνον
1185 1757 1216 1783 τὸ
1227 1757 1281 1783 τῶν
1297 1757 1392 1792 λώρων
1404 1757 1484 1793 ἔσχον
1499 1757 1607 1792 ίδίωμα,
1623 1757 1680 1784 ἀλλ’
1695 1758 1736 1784 ὅτι
1752 1759 1801 1784 καὶ
1819 1759 1892 1785 κατά

1088 1802 1175 1829 ταῦτα
1188 1799 1260 1838 ἦσαν
1273 1803 1367 1829 λοιπὸν
1387 1803 1433 1829 άνε
1439 1802 1564 1838 νέργητοι
1577 1810 1584 1816 ·
1598 1803 1645 1829 καὶ
1659 1802 1710 1833 ὅτι.
1725 1803 1822 1838 φησὶν,
1841 1804 1892 1838 τῆς

1089 1848 1257 1884 ήλουργικῆς
1273 1849 1372 1883 τέχνης
1388 1848 1431 1875 διὰ
1446 1848 1507 1880 τοὺς
1526 1848 1611 1880 πόδας
1629 1848 1818 1883 παυσάμενος,
1835 1848 1892 1876 ἀπὸ

1088 1895 1136 1922 τοῦ
1151 1895 1205 1922 τῶν
1223 1896 1312 1922 ποδῶν
1326 1895 1450 1922 ἐκαλεῖτο
1466 1895 1631 1930 νοσήματος.
1647 1893 1757 1929 Ταύτην
1777 1895 1792 1920 6
1815 1894 1892 1921 Ταυ-

1091 1942 1164 1976 ρῖνος
1190 1940 1240 1976 τὴν
1262 1941 1397 1976 κακίστην
1418 1941 1488 1976 ἔχων
1511 1940 1664 1972 ἀσθένειαν,
1684 1941 1753 1975 μετὰ
1767 1941 1821 1976 τὴν
1837 1941 1892 1968 τῶν

1091 1986 1192 2021 ἰατρῶν
1206 1986 1366 2013 τελευταίαν
1383 1985 1533 2020 ἀπόφασιν,
1547 1985 1586 2016 ὼς
1606 1985 1657 2011 οὐκ
1670 1985 1703 2011 ἄν
1720 1993 1788 2011 ποτε
1804 1985 1892 2016 πόδας

1089 2031 1104 2057 ό
1117 2032 1239 2062 τοιοῦτος
1253 2032 1391 2066 κινήσειεν
1404 2031 1485 2067 (αὕτη
1499 2031 1552 2066 γὰρ
1569 2028 1604 2066 ἦν
1621 2030 1712 2057 αὐτῶν
1728 2031 1761 2057 ἐκ
1775 2031 1830 2066 τῆς
1847 2031 1892 2057 τέ-

1089 2085 1156 2112 χνης
1180 2076 1330 2111 ἀπόφασις)
1347 2078 1414 2112 apo;
1438 2077 1484 2103 τὸν
1506 2077 1597 2112 Κῦρον
1615 2077 1760 2111 αἰρόμενος
1777 2076 1893 2111 ἔρχεται

1090 2121 1138 2148 καὶ
1159 2122 1287 2157 Ἰωάννην
1298 2122 1345 2148 τὸν
1359 2121 1453 2157 Κύρου
1469 2121 1516 2148 τοῦ
1530 2121 1602 2148 θείου
1620 2122 1893 2158 συμμάρτυρα.τοὺς

1091 2166 1166 2198 θείας
1185 2167 1312 2203 ἰατρικῆς
1324 2168 1421 2201 ἐπιστή
1427 2175 1521 2202 μονας,
1536 2167 1584 2193 καὶ
1595 2167 1626 2193 οὐ
1637 2167 1686 2201 τῆς
1701 2167 1894 2203 Ἱπποκράτην

1091 2216 1139 2242 καὶ
1155 2215 1275 2250 Fair,va
1288 2214 1336 2241 καὶ
1350 2214 1532 2249 Δημόκριτον,
1556 2214 1619 2245 τοὺς
1633 2214 1686 2241 ἀπὸ
1701 2213 1753 2248 γῆς
1771 2214 1895 2248 φθεγγο-

1095 2262 1204 2296 μένους,
1217 2261 1382 2296 ποιουμένης
1390 2262 1566 2296 γεννήτορας.
1573 2261 1621 2286 Ὃν
1630 2260 1654 2286 οἱ
1663 2260 1814 2294 θαυμάσιοι
1825 2262 1895 2298 pap-

1091 2317 1173 2344 τυρες
1188 2307 1299 2334 ἐλθόντα
1312 2307 1464 2342 δεξάμενοι,
1480 2307 1590 2341 ῥώσεως
1612 2306 1664 2340 τῆς
1691 2306 1756 2342 παρ’
1774 2308 1894 2334 ἐκείνων

1092 2353 1318 2388 ἀπογνωσθείσης
1344 2353 1473 2388 ἠξίωσαν.
1493 2353 1625 2383 Φανέντες
1649 2352 1704 2386 γὰρ
1728 2352 1806 2387 αὐτῷ
1824 2353 1894 2379 καθ’

1093 2401 1192 2432 ὕπνους
1202 2401 1249 2427 καὶ
1274 2399 1430 2434 στρωμνὰς,
1444 2398 1482 2430 ὡς
1502 2398 1642 2429 εἰώθασιν,
1660 2396 1761 2422 παιπὺν
1784 2398 1895 2432 δρτυγα

1093 2449 1186 2476 λαϐεῖν
1213 2448 1406 2480 ἐπιτάττουσι,
1432 2447 1479 2474 καὶ
1496 2447 1591 2473 τοῦτον
1608 2446 1705 2481 τρίψαι
1724 2446 1773 2472 καὶ
1796 2447 1895 2481 χρίσαι

1092 2496 1155 2527 τοὺς
1171 2495 1254 2527 πόδας
1273 2495 1464 2525 θεσπίσαντες,
1479 2494 1561 2520 πάλιν
1576 2493 1614 2524 ὡς
1631 2493 1698 2528 δναρ
1712 2492 1894 2527 ἀπέπτησαν.

1099 2542 1127 2568 '0
1138 2541 1166 2567 δὲ
1184 2541 1254 2576 μετὰ
1267 2540 1312 2566 τὸν
1328 2539 1412 2567 ὕπνον
1429 2541 1546 2575 ποιήσας
1557 2539 1587 2566 τὸ
1599 2538 1753 2572 θέσπισμα,
1769 2538 1897 2573 παραδό-

1093 2588 1145 2621 ξως
1162 2588 1295 2622 ἐρὼννυτο
1305 2608 1312 2619 ,
1332 2587 1379 2614 καὶ
1392 2587 1446 2613 πᾶν
1457 2586 1603 2613 άποδαλὼν
1620 2586 1673 2612 τῶν
1687 2585 1777 2612 ποδῶν
1793 2586 1826 2612 τὸ
1843 2587 1895 2622 ἀρ-

1094 2634 1238 2669 ρώστημα,
1251 2635 1299 2660 καὶ
1312 2634 1342 2660 τὸ
1357 2633 1544 2668 κατεσκληκδς
1559 2633 1646 2659 ἐκεῖνο
1663 2633 1709 2659 καὶ
1721 2632 1776 2658 τῶν
1794 2632 1897 2668 λώριυν

1092 2680 1294 2707 δυσειδέστστον
1307 2679 1430 2715 ίνδαλμα,
1442 2679 1535 2715 ἄρτιος
1552 2679 1599 2705 καὶ
1612 2677 1758 2709 καλλίπους
1772 2679 1896 2712 ἐγίνετο,

1094 2726 1141 2751 καὶ
1155 2725 1227 2760 τάχα
1243 2725 1360 2761 δρτυγας
1386 2727 1498 2760 κρατεῖν
1521 2725 1554 2759 τῇ
1579 2724 1634 2750 τῶν
1650 2723 1738 2750 ποδῶν
1754 2724 1897 2759 ’παχύτητι

1095 2771 1274 2802 ἱκανώτατος.
1299 2772 1354 2798 Καὶ
1368 2771 1501 2806 Ταυρῖνος
1518 2771 1567 2806 μὲν
1580 2770 1652 2797 οὕτω
1667 2769 1779 2805 ῥώσεως
1805 2771 1838 2796 ἐν
1851 2771 1899 2796 εὑ-

1095 2818 1178 2853 πορίᾳ
1193 2818 1351 2852 γενόμενος,
1369 2817 1574 2853 εὐχαριστήσας
1587 2816 1648 2852 Θεῷ
1670 2817 1718 2843 καὶ
1740 2817 1801 2846 τοῖς
1821 2817 1896 2852 μάρ-

1094 2871 1172 2890 τυσιν
1189 2864 1476 2900 ἀπελήλυθεν.Ἦμεῖς
1491 2863 1520 2890 δὲ
1533 2863 1720 2899 ὑμνήσαντες,
1739 2863 1788 2890 καὶ
1803 2863 1897 2897 λόγων
