1910 3078
149 126 220 156 3563

151 228 279 260 intuitus,
292 233 419 254 somnum
439 226 549 262 quidem
572 226 683 262 abiecit,
711 225 854 261 mysticam
873 231 939 252 vero

149 275 373 307 instructionem,
388 281 450 309 quae
462 282 510 310 per
524 274 662 302 somnium
684 273 756 300 facta
774 273 865 300 fuerat
880 276 939 300 sta-

152 322 250 354 bilivit,
270 321 390 348 divinam
409 320 480 347 hanc
506 320 666 352 arbitratus,
696 323 725 348 et
753 318 937 353 corporalium

149 367 306 399 oculorum,
322 365 345 392 si
365 368 555 392 consummata
573 364 655 397 foret,
683 364 844 391 donaturam
859 363 940 390 obtu-

151 420 219 442 tum.
237 412 317 441 Unde
327 419 509 447 cousurgcns,
527 412 708 439 sacramentis
723 411 766 438 ubi
777 411 873 446 jussus
884 413 937 442 est,

149 461 275 496 protinus
287 459 512 490 communicavit,
527 457 602 485 outtti
615 465 665 484 sua
682 458 776 493 priore
789 456 939 484 traditione

148 506 284 542 deposita,
296 509 323 533 et
338 505 460 533 ecclesiae
486 504 633 531 animabus
659 504 718 530 utili
743 502 939 538 praedicatione

147 556 268 588 recepta.
283 551 315 579 Et
329 551 382 578 Itoc
395 554 482 586 gesto,
495 552 568 577 sicut
584 549 789 584 i'ueratjnssns,
803 549 939 576 tertianus

147 600 240 626 luttten
256 598 361 626 visibus
377 597 581 632 contemplatus
604 601 656 629 est,
684 597 782 623 animae
798 596 939 624 illumina-

148 646 251 672 tiouem
269 652 283 670 e
307 642 422 678 vestigio
445 643 622 674 subsecutus,
641 647 667 669 et
683 642 773 670 factus
798 646 841 669 est
864 642 938 669 sicut

148 694 231 718 natus
250 693 302 720 est,
319 694 346 716 et
364 692 424 716 erat
446 688 526 723 quasi
542 695 682 722 nunquam
713 687 863 722 aliquando
880 688 940 714 lan-

147 737 246 772 guidos
260 735 388 763 habuerit
401 735 525 770 corporis
539 735 646 762 octtlos.

182 781 283 810 Verum
300 789 362 809 cum
381 781 408 808 in
427 781 469 807 bis
483 785 566 814 esset,
580 783 608 807 et
620 780 695 807 clare
716 787 832 814 prorsus
862 779 939 806 vide-

148 834 200 860 ret.
227 827 272 855 ille
290 828 337 862 qui
369 826 506 854 bonorum
533 830 577 853 est
606 825 798 859 interemptor,
823 823 934 855 invidit,

575 124 605 153 S.
627 122 833 153 SOPHRONII
858 121 1111 151 I’ATRlAl‘tCiLE
1130 123 1323 154 [HEROSOL

187 182 248 208 llaec
261 182 288 208 in
308 181 413 208 somnis
439 181 462 208 is
474 180 520 216 qui
537 188 626 208 otecus
650 179 759 207 interim
782 179 934 205 habebatur
951 181 972 207 Α

1712 123 1783 156 ὅῦδί

1022 177 1115 206 Ταῦτα
1128 180 1188 206 καθ’
1203 180 1303 212 ὕπνους
1319 182 1332 207 ό
1347 181 1416 213 τέως
1430 181 1527 214 τυφλὸς
1540 181 1720 217 θεασάμενος,
1734 183 1782 209 τὸν

995 223 1045 258 μέν
1056 223 1140 251 ὕπνον
1163 226 1295 259 ἀπέϐαλε,
1315 227 1365 262 τὴν
1387 227 1415 253 δὲ
1435 227 1496 254 καθ’
1516 226 1599 254 ὕπνον
1624 228 1783 264 ἐνεστήριξι

995 269 1106 305 μύησιν,
1121 271 1196 298 θείαν
1213 272 1298 307 αὐτὴν
1315 273 1470 305 ὑπολαὸὼν,
1484 273 1531 300 καὶ
1546 273 1595 309 τὴν
1613 273 1667 300 τῶν
1685 283 1783 309 σωμα-

992 317 1077 343 τικῶν
1089 317 1236 352 ὀφθαλμῶν
1247 319 1271 345 ει
1280 318 1418 354 τελεσθείη
1427 319 1611 355 χαριουμένην
1625 320 1782 355 ἀνάὸλεψιν.

994 362 1076 389 Ὅθεν
1089 363 1208 395 ἀναστὰς
1216 364 1271 390 τῶν
1287 365 1444 400 μυστηρίων
1456 365 1556 396 εὐθέως
1569 364 1633 391 ἔνθα
1647 366 1784 401 προσετά-

993 407 1044 443 χθη
1062 409 1194 443 μετέλαϐε
1206 430 1214 443 ,
1226 410 1317 436 πᾶσαν
1331 409 1412 436 αὑτοῦ
1428 410 1476 446 τὴν
1485 411 1620 446 προτέραν
1632 411 1784 446 παράδοσιν

993 454 1172 490 ἀποθέμενος,
1187 457 1234 483 καὶ
1248 456 1337 492 τὸτῆς
1354 457 1502 493 ἐκκλησίας
1517 457 1678 493 ψυχωφελές
1691 459 1784 485 ἀσπα-

993 499 1113 535 σάμενος
1129 502 1262 537 κήρυγμα
1273 510 1281 518 ⁸
1311 504 1359 529 καὶ
1384 503 1465 530 τοῦτο
1490 503 1638 539 πεπραχὼς
1654 504 1691 536 ὡς
1707 505 1783 531 τεθέ-

977 553 1084 579 σπιστο,
1099 549 1221 583 τριταῖος
1239 548 1271 574 τὺ
1293 548 1350 582 φῶς
1373 550 1430 580 τοῖς
1457 548 1579 584 δμμασιν
1603 549 1727 582 εδλεπεν,
1743 550 1783 586 τῷ

993 592 1128 628 φωτισμῷ
1146 593 1196 628 τῆς
1216 593 1306 629 ψυχῆς
1320 594 1392 621 κατὰ
1414 594 1497 626 πόδας
1514 594 1658 630 ἑπόμενον,
1670 595 1717 622 καὶ
1732 596 1782 630 γέ-

992 645 1071 671 γονεν
1091 638 1129 670 ὼς
1143 639 1284 673 γεγένητο,
1303 641 1350 666 καὶ
1368 637 1402 675 ἦν
1418 639 1455 671 ὡς
1472 640 1502 666 οὐ
1520 641 1636 676 νοσήσας
1662 641 1727 669 ποτὲ
1747 641 1783 668 τά

991 683 1039 710 τοῦ
1052 683 1179 718 σώματος
1192 685 1316 720 ὄμματα.

1029 770 1100 797 Ἀλλ’
1115 773 1144 799 ἐν
1158 771 1265 804 τούτοις
1276 773 1336 799 ὔντι
1355 774 1402 800 καὶ
1418 773 1598 809 λαμπρότατα
1613 773 1749 809 βλέποντι,
1768 776 1783 802 ό

991 815 1046 843 τῶν
1063 816 1154 844 καλῶν
1168 818 1314 854 ἀναιρέτης
1335 819 1494 855 ἐφθόνησεν,
1514 820 1676 855 ἀποστερεῖν
1688 828 1717 846 τε
1733 820 1782 847 τοῦ

149 874 311 908 privareque
324 872 428 907 duplici
454 875 612 899 sanctorqu
644 878 758 898 munere
779 870 936 898 festinabat.

995 861 1076 889 Ξιττοῦ
1092 863 1147 889 τῶν
1159 863 1245 898 ἁγίων
1261 865 1422 900 δωρήματος
1437 866 1577 893 ἔσπευδεν.
1592 867 1647 893 Καὶ
1658 866 1691 902 δὴ
1702 867 1782 894 ἐστέ-

149 922 181 948 Et
197 921 333 956 privabat.
351 920 424 947 sicut
438 919 560 951 volebat;
582 917 630 945 sed
646 924 746 945 rursus
772 921 938 952 apparentes

146 968 299 995 salvatoris
323 966 477 998 salvarunt,
508 969 537 993 et
563 966 655 993 osoris
693 965 759 992 boni
790 964 936 991 consiliunt

111 1006 117 1009 ”
147 1015 353 1042 subvertcrunt.
382 1012 499 1040 Joannis
517 1011 592 1039 enim
621 1015 697 1046 patre
729 1015 848 1043 mortuo,
890 1010 937 1045 qui

149 1059 311 1089 Theodorus
339 1059 493 1089 dicebatur,
524 1061 551 1085 et
574 1057 708 1085 diaconus
730 1056 852 1091 ejusdem
879 1060 938 1083 erat

151 1107 299 1139 haereseos,
314 1105 430 1132 veniunt
447 1103 559 1139 quidam
583 1103 656 1130 illius
686 1103 838 1130 secundant
851 1110 938 1137 genus

149 1150 305 1186 propinqui,
322 1155 349 1177 et
361 1149 471 1177 domutn
487 1149 511 1175 ei
526 1148 624 1176 reverti
649 1148 776 1181 suadent,
792 1147 936 1175 diaconum

149 1205 198 1231 pro
210 1203 287 1232 patre
316 1196 408 1224 facere
429 1195 600 1231 pollicentes.
632 1194 664 1221 Et
694 1199 804 1229 sumpto
825 1194 935 1229 juvene.

150 1245 308 1270 mandatum
323 1246 483 1270 sanctorum
513 1241 624 1276 penitus
652 1241 784 1268 oblivioni
802 1240 936 1272 tradente,

149 1290 307 1324 pergebant.
333 1287 401 1316 Cum
414 1291 504 1314 autem
522 1287 551 1314 hi
577 1287 624 1321 qtti
656 1285 790 1314 Joannem
806 1287 936 1318 tulerant,

148 1337 224 1372 Cyno
236 1335 514 1370 appropinquassent.
530 1338 558 1361 et
575 1341 631 1360 uno
651 1332 843 1360 tantummodo
859 1332 938 1366 signo

149 1390 163 1409 a
176 1382 287 1410 civitate
298 1381 357 1416 ipsa
374 1380 520 1411 distarent.
539 1380 653 1407 veniunt
668 1383 802 1414 martyres
811 1383 838 1405 et
851 1378 938 1412 palam

150 1429 248 1456 iacieut
261 1427 376 1455 Joannis
389 1427 546 1462 percutiunt
565 1425 653 1460 alapa,
669 1429 696 1452 et
707 1426 799 1452 lumen
815 1424 940 1451 adittttutt

150 1475 222 1511 quod
238 1475 382 1506 dederant,
396 1477 424 1500 et
448 1473 569 1500 tenebris
582 1471 700 1499 induunt
722 1479 791 1506 quas
819 1469 940 1497 abstule.

151 1525 223 1548 rant.
247 1521 276 1548 lu
311 1521 362 1547 ltoc
378 1524 469 1546 autem
494 1518 615 1546 Joannes
644 1518 746 1545 malum
778 1516 938 1547 deveniens,

149 1567 279 1602 cognovit
295 1573 406 1594 causam
420 1574 428 1599 ;
454 1569 481 1592 et
497 1565 619 1600 cognita,
635 1572 665 1591 se
697 1563 835 1598 paenituit,
856 1567 883 1589 et
896 1570 940 1589 re-

152 1614 289 1650 patnitcns
304 1612 501 1648 indulgentiam
518 1615 685 1639 consecutus
704 1615 755 1641 est.
782 1614 809 1637 et
834 1610 939 1636 veniam

150 1663 318 1688 consecutus
332 1663 476 1694 correptus
491 1661 734 1692 est,etcorreptus
744 1656 835 1684 denuo
848 1656 940 1683 lumen

155 1708 269 1742 recepit.
283 1710 310 1734 et
322 1709 433 1740 recepto
459 1705 563 1732 lumine
579 1704 694 1732 servivit
711 1703 889 1738 martyribus,
913 1706 941 1730 ct

151 1755 275 1784 serviens
301 1754 462 1790 rcceptione
489 1752 590 1788 dignus
622 1751 739 1779 edicitur
761 1750 887 1782 liberali,
912 1754 940 1776 et

151 1804 203 1831 hac
225 1802 325 1836 dignus
339 1800 453 1828 eiectus
478 1800 505 1827 in
534 1799 638 1826 clerum
666 1797 782 1833 profecit
805 1796 939 1823 ecclesiae.

150 1849 269 1884 Accepta
286 1854 351 1875 vero
364 1845 482 1880 benigna
499 1849 566 1873 tunc
593 1845 682 1879 alapa,
712 1847 738 1871 et
763 1850 852 1870 caecus
869 1842 942 1869 sicut

153 1894 232 1930 prius
248 1892 375 1926 eﬂ'ectus,
395 1892 493 1920 iterum
509 1898 636 1918 reversus
647 1893 699 1924 est,
728 1893 756 1917 et
780 1889 942 1916 desiderate

151 1940 272 1968 civitatis
287 1937 434 1974 abnegavit
454 1937 616 1968 introitum;
638 1940 798 1963 sauctortun
815 1940 939 1968 compaso

151 1986 256 2014 sionem
275 1989 303 2012 et
316 1984 391 2020 quod
414 1990 578 2012 conversum
595 1981 749 2016 suscepturi
767 1986 794 2008 et
817 1979 940 2007 curaturi

150 2036 244 2061 essent
255 2031 289 2059 ad
306 2031 422 2059 salutent
435 2029 631 2065 corripientes.
647 2036 700 2055 non
712 2027 850 2054 nesciens.

187 2122 310 2157 Denique
324 2128 387 2148 cum
415 2123 497 2147 nocte
513 2119 558 2146 illa
577 2117 722 2147 dormiret,
757 2115 850 2147 videt;
888 2114 942 2140 imo

152 2169 281 2204 quoniam
299 2175 354 2196 non
366 2166 489 2198 videbat.
502 2165 650 2196 audiebat;
674 2163 730 2190 cito
746 2167 894 2193 revertere,
915 2165 942 2187 et

991 915 1074 943 ρησεν
1087 908 1126 941 ὡς
1140 909 1268 936 ἐϐούλετο
1279 919 1286 926 ·
1300 910 1369 938 ἀλλά
1384 911 1466 938 πάλιν
1482 912 1610 946 φανέντες
1622 913 1647 939 οί
1659 913 1782 947 σωτῆρες

988 954 1134 987 διέσωσαν,
1152 957 1200 982 καὶ
1213 955 1261 992 τὴν
1275 957 1323 984 τοῦ
1349 958 1498 992 μισοκάλου
1519 958 1615 994 βουλὴν
1631 959 1780 994 κατεστρέ-

988 1000 1085 1035 ψαντο.
1100 1001 1154 1028 Τοῦ
1166 1002 1220 1038 γὰρ
1229 1003 1353 1030 Ἰωάννου
1365 1004 1473 1039 Πατρὸς
1486 1004 1696 1039 τελευτήσαντος
1703 1005 1781 1041 (Θεό-

988 1047 1074 1082 δωρος
1103 1045 1180 1081 οὗτος
1210 1049 1319 1084 ἐλέγετο
1347 1051 1394 1077 καὶ
1419 1050 1543 1082 διάκονος
1564 1051 1614 1086 τῆς
1637 1050 1781 1087 λεχθείσης

989 1094 1112 1130 ὑπῆρχεν
1132 1095 1288 1131 αἱρέσεως),
1300 1096 1481 1130 ἀφικνοῦνται
1496 1105 1568 1129 τινες
1584 1097 1639 1123 τῶν
1657 1097 1723 1132 πρὸς
1733 1098 1781 1132 γέο

987 1148 1032 1172 νος
1046 1140 1121 1176 αὐτῷ
1134 1141 1349 1177 πλησιαζόντων,
1361 1143 1408 1169 καὶ
1421 1143 1601 1178 ἀναστρέφειν
1612 1143 1704 1170 οἴκαδε
1719 1152 1753 1170 πε
1759 1143 1780 1169 ί-

989 1186 1092 1218 θουσιν,
1108 1187 1233 1215 διάκονον
1249 1190 1336 1215 ποιεῖν
1359 1190 1420 1216 ἀντὶ
1434 1189 1481 1216 τοῦ
1511 1189 1615 1224 [ἰατρὸς
1628 1189 1781 1224 ὑποσχόμε-

989 1241 1039 1259 νοι.
1057 1233 1113 1260 Καὶ
1141 1234 1174 1269 δὴ
1200 1234 1329 1266 λασόντες
1349 1235 1394 1262 τὸν
1409 1236 1468 1262 νέον
1490 1236 1631 1271 ἀπῄεσαν,
1655 1236 1704 1271 τῆς
1725 1236 1779 1262 τῶν

988 1278 1074 1312 ἁγίων
1089 1279 1200 1316 ἐντολῆς
1215 1281 1355 1313 παντελῶς
1381 1281 1574 1315 ἐκλαθόμενον.
1596 1275 1640 1313 Ὠς
1663 1281 1693 1307 δὲ
1712 1280 1780 1316 πλη-

990 1325 1046 1352 σίον
1060 1326 1109 1360 τῆς
1131 1326 1212 1353 Κυνῶ
1225 1327 1270 1353 τὸν
1284 1327 1412 1362 Ἰωάννην
1431 1328 1456 1353 ot
1471 1326 1600 1358 λαϐόντες
1614 1327 1759 1361 γεγόνασιν
1769 1347 1778 1359 ,

989 1371 1037 1398 καὶ
1051 1373 1163 1407 σημεῖον
1179 1372 1208 1398 ἓν
1218 1373 1265 1399 καὶ
1277 1373 1358 1408 μόνον
1374 1373 1487 1408 ἀπεῖχον
1499 1373 1549 1407 τῆς
1566 1373 1678 1404 πόλεως,
1696 1381 1783 1400 κατα-

990 1417 1119 1450 λαϐόντες
1146 1418 1171 1445 οἱ
1189 1419 1328 1454 μάρτυρες
1349 1418 1565 1454 ὀφθαλμοφανῶς
1580 1420 1706 1446 Ἰωάννου
1730 1420 1783 1450 τὰς

989 1463 1066 1498 ὄψεις
1082 1464 1256 1499 ῥαπίζουσιν,
1269 1464 1317 1491 καὶ
1331 1464 1361 1491 τὸ
1375 1465 1432 1498 φῶς
1455 1464 1636 1499 ἀφαιροῦνται
1650 1465 1718 1499 ὅπερ
1737 1464 1782 1490 δε-

990 1509 1120 1543 δώκασιν,
1148 1510 1196 1537 καὶ
1222 1511 1252 1537 τὸ
1272 1510 1367 1542 σκότος
1389 1510 1528 1537 ἑνδύουσιν
1548 1511 1618 1546 ὅπερ
1633 1511 1781 1545 ἀφελόντες

992 1556 1150 1591 ἐτύγχανον.
1170 1557 1215 1584 Ἐν
1226 1557 1314 1592 τούτῳ
1328 1557 1356 1583 δὲ
1373 1558 1460 1589 κακοῦ
1474 1557 1605 1592 Ἰωάννης
1623 1557 1782 1591 γενόμενος,

992 1601 1062 1634 ἔγνω
1070 1601 1100 1627 τὸ
1112 1600 1209 1633 αἴτιον,
1227 1602 1274 1628 καὶ
1287 1603 1366 1635 γνοὺς
1380 1601 1554 1636 μετενόησεν,
1570 1603 1617 1628 καὶ
1632 1601 1784 1636 μεταγνοὺς

992 1647 1070 1681 ἔτυχε
1087 1650 1299 1682 συγχωρήσεως,
1315 1648 1364 1674 καὶ
1378 1648 1543 1682 συγγνώμης
1556 1647 1645 1682 τυχὼν
1661 1646 1783 1682 δωρθώ-

993 1701 1069 1725 σατο,
1086 1693 1133 1719 καὶ
1148 1693 1367 1728 διορθωσάμενος
1381 1694 1464 1720 πάλιν
1478 1693 1634 1727 ἀνέὸλεψεν,
1651 1693 1698 1719 καὶ
1715 1694 1784 1719 ἀνα-

992 1739 1092 1773 6λέψας
1111 1739 1231 1766 δουλεύει
1257 1741 1314 1771 τοῖς
1336 1739 1465 1774 μάρτυσι,
1487 1739 1622 1765 δουλεύων
1649 1738 1784 1772 ἀποδοχῆς

992 1785 1096 1820 ἠξιώθη
1111 1785 1282 1819 φιλόῳρονοε,
1300 1785 1349 1812 καὶ
1360 1785 1463 1820 ταύτης
1475 1784 1604 1816 ἀξιωθεὶς
1621 1786 1661 1816 εἰς
1673 1784 1718 1810 τὸν
1733 1784 1785 1817 τῆς

992 1831 1140 1865 ἐκκλησίας
1150 1831 1250 1866 κλῆρον
1261 1830 1398 1866 προέκοψε
1409 1839 1418 1847 ·
1430 1832 1491 1858 τότε
1505 1831 1534 1857 δὲ
1548 1830 1639 1857 λαϐὼν
1649 1831 1679 1856 τὸ
1690 1830 1786 1864 eddv-

993 1877 1101 1912 θρωπον
1117 1878 1252 1912 ῥάπισμα,
1272 1879 1318 1905 καὶ
1333 1878 1431 1912 τυφλὸς
1445 1877 1482 1909 ὡς
1497 1877 1528 1904 τὸ
1542 1878 1651 1913 πρῶτον
1663 1877 1782 1911 γενόμε-

993 1933 1048 1956 νος,
1065 1925 1146 1951 πάλιν
1172 1925 1327 1960 ὑπέστρεφε
1343 1925 1391 1951 καὶ
1414 1924 1465 1959 τῆς
1487 1923 1659 1959 ποθουμένης
1680 1923 1786 1954 πόλεως

992 1971 1141 2006 ἀπηρνεῖτο
1156 1972 1207 2006 τὴν
1222 1971 1336 2004 εἴσοδον,
1351 1970 1406 1997 τῶν
1418 1970 1505 2004 ἁγίων
1519 1969 1598 2002 εἰδὼς
1610 1969 1660 2004 τὴν
1673 1969 1785 2004 συμπά-

993 2017 1080 2048 θειαν,
1095 2017 1142 2043 καὶ
1164 2018 1202 2048 ὡς
1218 2018 1420 2051 ἐπιστρέφοντα
1437 2015 1562 2048 δέξονται
1588 2015 1635 2042 καὶ
1649 2014 1785 2050 θεραπεύ-

994 2071 1085 2089 σουσιν
1102 2062 1169 2098 πρὸς
1185 2063 1323 2098 σωτηρίαν
1343 2061 1550 2092 παιδεύσαντες.

1029 2109 1139 2143 ’Λμέλει
1154 2109 1215 2136 κατ’
1231 2109 1340 2144 ἐκείνην
1351 2109 1399 2144 τὴν
1413 2108 1499 2135 νύκτα
1515 2107 1688 2142 κοιμώμενος
1703 2106 1782 2132 ἔϐλε-

994 2163 1040 2188 πε,
1062 2155 1164 2190 μᾶλλον
1187 2155 1215 2181 δέ
1240 2155 1300 2181 ἐπεὶ
1321 2155 1358 2190 μὴ
1378 2154 1502 2184 ἔϐλεπεν.
1532 2154 1663 2189 ἤκουσεν
1680 2152 1786 2178 Θᾶττον

152 2197 262 2250 placare
277 2218 375 2241 curato
399 2216 536 2246 martyres
561 2210 728 2244 indignatos,
745 2215 815 2243 quos
829 2208 941 2241 dispen-

995 2201 1175 2237 ὐπόστρεψον,
1202 2202 1248 2227 καὶ
1259 2201 1396 2235 θεράπευε
1411 2199 1622 2234 τεθυμωμένους
1636 2199 1699 2229 τοὺς
1714 2197 1788 2232 μάρ-

152 2261 241 2289 nautis
255 2259 385 2295 templum
401 2256 575 2285 Christodori
590 2255 699 2283 scilicet
718 2254 790 2281 illius
806 2252 940 2280 mirabilis

153 2306 314 2334 insinuabat
328 2303 474 2332 vocabulo.
487 2301 629 2329 Veraciter
645 2304 736 2327 autem
759 2304 786 2326 ct
816 2298 856 2326 sic
882 2301 942 2325 erat

151 2352 300 2384 somnium,
313 2351 365 2378 hoc
377 2349 449 2378 forte
459 2348 562 2376 sanctis
579 2354 626 2381 per
641 2346 762 2373 divinant
781 2344 942 2379 dispositio-

152 2406 213 2425 nem
230 2396 421 2433 operantibus,
440 2395 505 2428 quia
518 2393 578 2421 siue
591 2390 775 2421 Cltristodori,
795 2390 844 2422 ait,
872 2395 942 2423 prae-

153 2444 282 2478 ceptione
313 2441 428 2469 recessit
457 2447 463 2466 :
494 2439 568 2466 unde
617 2437 773 2465 venientem
808 2434 942 2462 Joannem

151 2497 242 2525 neque
257 2489 359 2521 videre,
374 2495 463 2522 neque
477 2487 520 2514 Itis
530 2486 576 2521 qui
590 2485 617 2512 in
630 2484 732 2519 templo
740 2487 819 2511 erant
829 2481 945 2509 inﬁrmis

152 2543 354 2564 connuttterare
375 2533 475 2564 voluit.
507 2532 555 2561 sed
574 2532 601 2559 in
623 2530 775 2559 venerabili
790 2529 882 2564 templi
903 2536 946 2555 sa-

153 2582 244 2609 crario
257 2581 375 2617 iacebat,
388 2581 433 2607 ubi
459 2586 555 2607 outnes
572 2577 694 2612 hospites
709 2575 856 2611 iacebant;
885 2575 945 2601 loco

154 2629 219 2662 alio,
234 2632 344 2664 propter
361 2626 549 2662 languentium
559 2625 606 2659 qui
624 2624 681 2650 illic
697 2625 788 2650 inerat
803 2621 946 2657 populum,

154 2682 209 2702 non
222 2678 342 2708 reperto.
363 2672 468 2699 Interea
492 2678 555 2698 cum
570 2668 693 2697 Joannes
722 2668 750 2695 itt
778 2667 829 2694 hoc
857 2667 946 2693 tribus

154 2720 252 2748 diebus
275 2719 419 2754 iacuisset.
441 2721 468 2744 et
486 2717 576 2744 locum
600 2712 767 2742 inﬁrmantis
795 2713 866 2740 sicut
882 2712 946 2738 inti—

156 2771 259 2794 rnatum
273 2771 315 2793 est
336 2773 388 2792 uon
407 2763 571 2797 accepisset,
586 2761 709 2797 gratiﬂca
726 2761 777 2786 hor.
796 2763 946 2794 martyrum

156 2813 335 2848 dispensante
347 2811 458 2841 virtute,
472 2814 535 2844 post
547 2814 603 2836 tres
619 2807 680 2834 illos
696 2806 756 2833 dies
770 2813 831 2832 cum
843 2805 948 2831 dormi-

157 2862 208 2890 ret,
221 2858 367 2885 diaconum
385 2855 457 2883 videt
482 2856 508 2882 in
536 2854 596 2880 loco
623 2851 748 2878 atnitottis
767 2854 898 2877 stanti-tn.
924 2855 949 2876 ct

994 2245 1081 2283 τυ“ρας
1093 2248 1203 2278 τούτους
1228 2248 1292 2278 τοὺς
1308 2247 1356 2274 τοῦ
1382 2245 1591 2282 οἱκονομοῦντος
1617 2245 1647 2271 τὸ
1661 2244 1786 2278 τέμενος,

996 2295 1183 2331 Χριστόδωρος
1211 2292 1246 2329 ἦν
1269 2295 1283 2321 ὁ
1307 2293 1471 2328 θαυμάσιος,
1504 2291 1630 2327 δηλώσας
1663 2291 1786 2324 ὀνόματι.

1003 2341 1114 2377 ’Λληθὲς
1127 2341 1156 2368 δὲ
1169 2341 1215 2368 καὶ
1228 2340 1314 2373 οὕτως
1324 2338 1358 2376 ἦν
1373 2340 1404 2366 τὸ
1417 2339 1554 2371 ἐνύπνιον,
1564 2338 1643 2364 τοῦτο
1652 2337 1723 2372 τάχα
1734 2336 1790 2362 τῶν

997 2389 1083 2422 ἁγίων
1097 2388 1168 2415 κατὰ
1181 2387 1255 2413 θείαν
1267 2386 1464 2422 ἐργασαμένων
1478 2385 1612 2419 διοίκησιν
1627 2391 1634 2399 ·
1654 2383 1790 2417 ὃτιχωρὶς

997 2435 1048 2468 τῆς
1056 2433 1257 2468 Χριστοδώρου,
1267 2431 1519 2467 ῳησὶν,ἐπιτροπῆ;
1533 2430 1716 2464 ἁνεχώρησεν’
1728 2428 1791 2454 ὅθεν

999 2480 1109 2506 ἐλθόντα
1117 2479 1162 2506 τὸν
1171 2478 1300 2513 Ἰωάννην
1307 2477 1368 2505 οὔτε
1379 2477 1442 2503 ίδεῐν
1452 2476 1514 2503 οὔτε
1526 2478 1580 2507 τοῖς
1592 2476 1643 2501 ἀνᾶ
1652 2475 1696 2500 τὸν
1707 2472 1792 2507 σηκὸν

999 2526 1159 2554 ἀσθενοῦσιν
1169 2524 1388 2562 [συντάττεσθαι]
1395 2523 1488 2558 τεθέλη
1494 2532 1548 2553 κεν,
1557 2522 1648 2549 ἀλλ’ἐν
1654 2520 1692 2554 τῷ
1701 2518 1794 2554 σεπτῷ

999 2574 1045 2600 τοῦ
1061 2573 1190 2608 τεμένους
1204 2572 1329 2607 ίερατείῳ
1341 2571 1494 2601 κατέκειτο,
1506 2569 1570 2596 ἔνθα
1584 2567 1631 2594 καὶ
1651 2567 1751 2596 πάντες
1769 2564 1794 2590 οι

1002 2619 1167 2654 ξενιζόμενοι
1180 2619 1316 2654 μένουσιν,
1325 2617 1407 2643 τόπον
1420 2617 1513 2651 ἓτερον
1521 2615 1563 2641 διὰ
1574 2614 1619 2640 τὸν
1630 2613 1726 2649 ἐνόντα
1739 2611 1795 2637 τῶν

1001 2665 1152 2692 νοσούντων
1166 2664 1234 2691 λεὼν
1248 2664 1285 2699 μὴ
1297 2664 1482 2699 εὑρίσκοντες.
1500 2663 1543 2688 Ἐν
1557 2661 1646 2696 τούτῳ
1654 2658 1721 2694 γοῦν
1735 2658 1795 2684 Ίω-

1002 2711 1201 2746 ἁννηεὴμέρας
1225 2712 1300 2745 τρεῖς
1323 2708 1534 2743 κατακείμενος,
1554 2707 1601 2733 καὶ
1615 2705 1699 2732 τόπον
1712 2704 1796 2730 ἀσθε-

1002 2758 1108 2788 νοῦντος
1125 2758 1154 2783 οὺ
1169 2756 1270 2786 λαϐὼν,
1287 2757 1323 2788 ὡς
1341 2755 1502 2790 δεδήλωται,
1513 2755 1561 2788 τῆς
1575 2753 1628 2779 τῶν
1644 2752 1794 2787 μαρτύρων

1003 2804 1082 2831 τοῦτο
1097 2803 1284 2838 διοικουμένης
1300 2802 1482 2837 χαριεστάτης
1496 2801 1650 2835 δυνάμεως,
1664 2797 1733 2834 μετὰ
1748 2796 1798 2827 τὰς

1004 2851 1077 2885 τρεῖς
1094 2848 1131 2880 ὡς
1147 2847 1289 2879 ἐκάθευδε,
1303 2848 1428 2874 διάκονον
1441 2846 1492 2882 ὁρᾷ
1506 2846 1578 2872 κατὰ
1593 2845 1676 2872 τόπον
1693 2842 1798 2870 ἑστῶτα
