1910 3078
168 132 236 165 3567

620 133 649 163 S.
671 132 880 163 SOPHRONII
897 133 1151 163 PATRIARCIMZ
1171 134 1370 164 HIEROSOL.

1735 139 1806 170 Eli-68

168 193 195 215 et
215 186 372 221 hujusmodi
390 193 456 214 voce
471 186 503 214 ad
518 185 656 214 intlrmum
669 186 767 214 etl‘atus
785 195 791 213 :
809 187 887 219 Vere,
902 187 957 213 rra-

1016 186 1145 222 δεύτερον,
1172 188 1252 214 πάλιν
1282 190 1296 215 ὁ
1325 189 1417 224 Κῦρος
1444 189 1607 216 ἐπιδέδωκεν
1631 189 1804 226 ἀνελόμενος.

167 239 220 265 ter,
244 232 322 260 valde
337 233 451 260 multum
473 232 627 260 desideravi
643 233 745 267 templo
765 238 789 259 te
812 233 957 260 adhazren-

167 285 233 312 tvm,
247 285 272 308 et
284 281 398 308 audire:
411 280 506 312 Amen,
519 287 609 312 amen,
627 280 750 312 Domine,
763 280 912 307 dit-cutem.
926 281 960 308 At

170 327 215 353 ille
231 326 387 361 intelligens
401 326 473 361 quod
495 326 529 353 de
555 327 749 361 mysteriorum
776 325 879 352 Christi
897 333 958 360 per-

169 373 298 406 ceptione
317 372 437 403 diceret;
458 376 523 398 luuc
550 371 622 399 enim
651 371 721 398 hanc
747 371 958 403 sacerdotibus,

168 418 233 445 dum
248 418 385 445 viviticum
403 423 429 444 et
447 417 569 445 salutare
585 425 686 452 corpus
700 422 726 444 et
738 418 898 452 sanguinem
912 417 958 445 Dei

168 464 349 497 distribuunt,
374 463 569 491 allocutionem
588 463 786 498 respondentes
813 463 958 496 edicimus,

171 510 358 538 testimonium
377 517 442 537 voce
458 510 569 545 propria
584 510 762 544 perhibemus
778 517 810 536 ac
829 509 959 544 proﬁten-

167 561 208 585 tes
228 556 300 592 quod
316 564 410 584 verum
426 557 471 589 sit,
486 557 599 584 et'vere
619 556 728 583 dicatur
744 555 818 590 quod
848 555 882 582 ab
903 555 958 582 illis

168 603 249 630 nobis
263 603 289 630 in
306 603 478 637 spiritualem
495 610 598 633 escam,
614 603 678 629 etin
693 601 884 629 remissionem
896 609 959 636 pec-

167 653 289 676 catorum
314 649 463 682 tribuitur;
497 656 544 683 per
573 648 697 683 singulos
722 648 876 675 dominicus
900 648 958 674 dies

167 694 238 722 hanc
250 702 280 722 se
296 694 479 721 immortalem
512 701 604 721 escam
635 701 745 720 sumere
769 692 955 728 promittebat.

169 739 223 767 Sed
238 745 352 768 sanctus
368 739 541 768 manifestius
555 740 659 766 faciens
675 739 807 770 audienti,
829 746 901 770 vere,
915 738 958 764 in-

170 785 241 819 quit,
259 793 309 812 nec
322 785 407 812 semel
435 785 487 812 huc
504 785 616 812 veniens
633 783 855 816 communicasti,
883 782 957 818 quod

170 831 223 859 nisi
241 831 370 866 gesseris,
388 839 438 858 nec
450 839 501 859 nos
514 831 562 859 tibi
577 831 643 866 quid
659 831 879 858 necessariorum
891 837 958 857 con-

171 877 241 905 ferre
257 877 418 912 poterimus.

1019 232 1062 263 Ὠς
1073 232 1102 259 δὲ
1117 232 1198 260 πάλιν
1210 233 1241 259 τὸ
1255 234 1346 269 τρίτον
1365 234 1532 269 παρέπεσεν,
1555 234 1637 262 πάλιν
1660 236 1693 263 ἐκ
1709 237 1803 272 τρίτου

1011 278 1102 305 λαϐὼν
1113 279 1288 311 ἐπιδέδωκεν.
1304 279 1425 315 οἰμώξας
1440 280 1543 316 τρόπον
1559 282 1633 314 τινὰ,
1646 283 1694 309 καὶ
1707 283 1804 310 τοιαύ-

1011 333 1061 360 την
1076 327 1170 360 φωνὴν
1187 326 1255 361 πρὸς
1268 326 1314 353 τὸν
1329 326 1495 354 ἀσθενοῦντα
1514 328 1701 362 φθεγξάμενος
1713 336 1720 343 ·
1738 330 1806 357 νον-

1010 380 1074 403 τως,
1090 371 1197 406 ἁδελφὲ,
1212 372 1282 398 πάνυ
1306 372 1373 399 πολὺ
1402 374 1597 410 προσεπόθησα
1623 374 1663 409 τῷ
1685 375 1739 410 νεῷ
1757 375 1807 402 σοῦ

1010 417 1264 452 προσπελάσαντος,
1280 418 1327 445 τοῦ
1345 419 1462 446 ἀκοῦσαί
1484 428 1529 447 σου
1543 421 1584 453 sb,
1606 421 1704 456 Ἀμὴν,
1718 421 1804 457 ἀμὴν,

1011 462 1107 497 Κύριε,
1125 463 1260 497 λέγοντος.
1278 463 1306 490 Ὀ
1320 464 1348 490 δὲ
1364 465 1453 496 συνεὶς
1464 465 1502 497 ὡς
1517 466 1566 500 τῆς
1581 466 1635 493 τῶν
1647 468 1807 503 μυστηρίων

1010 508 1129 544 Χριστοῦ
1151 509 1328 544 μεταλήψεως
1342 510 1436 537 ἕνεκεν
1446 511 1558 547 εἴρηκεν
1570 512 1643 547 (τότε
1660 512 1715 547 γὰρ
1725 512 1806 539 τοῦτο

1009 555 1066 585 τοῖς
1086 554 1205 589 ἱερεῦσιν
1220 555 1250 581 τὸ
1278 556 1411 586 ζωοποιὺν
1424 557 1471 583 καὶ
1485 558 1619 592 σωτήριον
1649 557 1730 593 σῶμα
1758 558 1807 584 καὶ

1009 597 1080 632 αἷμα
1095 600 1213 635 Χριστοῦ
1227 600 1273 627 τοῦ
1287 601 1354 628 Θεοῦ
1369 601 1526 637 διανέμουσι
1550 603 1733 639 πρόσφθεγμα
1759 603 1806 629 λέ-

1009 654 1106 681 γομεν,
1122 646 1326 682 μαρτυροῦντες
1341 647 1429 683 οἰκείᾳ
1446 650 1522 684 φωνῇ
1538 650 1585 675 καὶ
1602 649 1803 683 συντιθέμενοι,

1009 691 1046 721 ὡς
1058 691 1158 726 ἀληθὲς
1173 691 1221 718 καὶ
1236 692 1294 718 ἔστι
1310 701 1339 718 τε
1355 693 1402 719 καὶ
1417 693 1536 727 λέγεται,
1566 694 1597 720 τὸ
1609 694 1675 728 πρὸς
1689 694 1803 721 ἐκείνων

1009 737 1049 768 είς
1060 737 1163 772 τροφὴν
1175 738 1240 772 ἡμῖν
1257 738 1444 774 πνευματικὴν
1470 740 1517 766 καὶ
1539 739 1635 773 ἄφεσιν
1659 739 1805 776 ἁμαρτιῶν

1010 783 1207 818 παρεχόμενον,
1225 785 1285 810 καθ’
1302 784 1421 820 ἑκάστην
1439 785 1581 820 Κυριακὴν
1595 785 1697 820 ταύτης
1715 794 1802 821 μετα-

1009 829 1160 864 λαμϐάνειν
1176 831 1224 866 τῆς
1239 830 1375 858 ἀθανάτου
1390 832 1494 866 τροφῆς
1507 832 1684 866 ἁπεκρίνατο.
1703 831 1776 859 Ἀλλ’
1789 833 1804 857 δ

1010 875 1087 910 ἅγιος
1103 877 1294 913 φανερώτερον
1307 877 1392 904 ποιῶν
1401 877 1439 913 τῷ
1463 877 1591 904 ἀκούοντι
1600 878 1631 905 τὸ
1644 878 1804 914 λεγόμενον,

172 927 288 959 Ὄντως,
302 925 396 961 φησιν,
418 925 472 952 οὐδ’
488 923 563 957 ἅπαξ
579 925 672 952 ἐνθάδε
693 924 782 960 μολὼν
801 923 993 958 ἐκοινώνησας·
1010 924 1078 960 ὅπερ
1094 925 1119 951 εί
1141 924 1179 961 μὴ
1203 925 1317 961 δράσῃς,
1340 926 1366 952 τὶ
1389 925 1444 952 τῶν
1470 926 1627 960 ἀναγκαίων
1650 927 1746 962 ὀνῆσαι
1772 928 1804 954 οὐ

167 973 320 1009 δυνάμεθα.

204 1020 327 1055 Surgens
347 1023 438 1046 autem
454 1026 467 1045 a
489 1026 587 1046 somno
599 1018 766 1053 Stephanus,
781 1018 814 1045 ad
833 1025 958 1045 commu-

170 1065 280 1092 nionem
293 1064 419 1099 confugit
437 1062 575 1096 Ecclesiae,
593 1062 731 1097 bujusque
758 1062 886 1098 mysteria
916 1068 959 1088 se-

169 1115 298 1147 quentem
321 1111 422 1145 reperit
439 1110 538 1137 visum.
562 1109 630 1136 llinc
652 1113 679 1136 et
696 1109 738 1136 his
753 1109 798 1143 qui
824 1108 888 1135 huic
906 1107 958 1134 mi-

169 1158 324 1186 nistra‘bant
335 1156 369 1184 de.
385 1156 581 1184 ecclesiasticis
596 1154 747 1182 Salvatoris
757 1154 854 1181 ovibus
869 1152 959 1179 factus

171 1209 224 1237 est,
239 1204 374 1232 insaniam
395 1210 458 1230 esse
473 1201 648 1229 manifestam
662 1221 669 1234 ,
687 1207 844 1236 quanquam
858 1199 959 1225 barba-

171 1257 218 1278 rus
232 1254 317 1283 esset,
332 1248 468 1283 cogitans,
484 1251 579 1274 contra
597 1247 679 1273 Deum
692 1249 719 1272 et
736 1249 847 1271 sanctos
863 1242 959 1269 Eccle-

170 1297 295 1331 siamque
306 1295 470 1322 catholicam
487 1298 514 1321 et
529 1293 708 1320 orthodoxam
724 1291 805 1318 tidem
827 1296 957 1325 pugnare.

171 1343 224 1370 Sed
244 1342 289 1369 ille
303 1342 350 1376 qui
365 1339 609 1368 omnibusiuvidet
635 1338 724 1369 bonis,
740 1343 768 1364 et
791 1337 817 1363 in
838 1336 889 1363 hos
912 1335 958 1369 qui

170 1388 312 1415 salvantur
328 1387 422 1414 livoris
441 1385 548 1412 facibus
570 1384 730 1414 inardescit,
747 1383 848 1409 donum
878 1381 959 1407 dimi-

170 1435 245 1462 dium
259 1434 382 1463 abstulit,
396 1432 459 1459 licet
477 1436 563 1459 totum
592 1431 701 1458 auferre
727 1429 820 1456 Volcns
847 1427 959 1454 minime

171 1480 316 1515 potuisset.
332 1478 398 1506 Ρυει
416 1478 561 1505 sanitatem
576 1477 677 1512 quippe
701 1476 801 1502 animae
821 1481 853 1500 ac
865 1480 958 1508 eurpo-
972 1464 994 1494 (ἶ

173 1527 220 1559 ris,
234 1523 584 1560 receptumqueutriusque
599 1522 671 1549 oculi
686 1521 785 1552 visum,
798 1528 860 1547 cum
871 1519 961 1545 adhuc

172 1575 199 1601 in
215 1576 375 1600 sanctorum
390 1569 502 1597 basilica
519 1572 685 1599 moraretur,
702 1567 826 1594 minister
841 1566 961 1593 interro-

172 1620 251 1654 gabat
264 1618 431 1654 Stephanum
450 1625 457 1644 :
474 1615 555 1648 Ecce,
572 1615 620 1647 ait,
637 1621 653 1641 ο
664 1614 784 1645 domine,
795 1613 838 1639 hic
851 1615 960 1639 sancto-

173 1673 233 1692 rum
251 1663 411 1692 obedienles
429 1661 528 1697 jussis,
546 1663 797 1687 commumcatores
819 1657 962 1684 catholica:

174 1712 238 1739 lacti
267 1718 364 1738 sumus
377 1708 523 1741 Ecclesia);
551 1714 612 1734 cum
634 1711 723 1733 autent
757 1705 792 1732 ad
820 1704 960 1731 civitatem

172 1761 295 1784 nostram
329 1755 478 1782 auxiliante
498 1751 554 1780 Deo
576 1752 780 1787 pervenerimus
806 1750 833 1777 iu
862 1749 960 1776 horum

173 1807 253 1838 putas
280 1800 454 1836 jussionibus
481 1796 725 1834 permanebimus?
752 1804 786 1823 an
805 1796 905 1823 iterum
927 1793 961 1821 ad

173 1848 291 1884 pristina
306 1843 520 1882 repedabimus?
537 1844 583 1871 Ille
597 1851 661 1871 vero
673 1843 707 1870 ad
717 1849 779 1870 eum
801 1840 959 1876 respondit:

173 1895 241 1922 Dum
253 1901 359 1927 sumus,
371 1892 508 1927 inquiens,
517 1891 572 1923 hic,
585 1897 646 1925 qum
657 1889 784 1916 videntur
794 1887 961 1922 martyribus

173 1947 356 1976 peragamus;
380 1946 443 1965 cum
473 1941 564 1964 autem
586 1935 651 1963 hinc
667 1934 828 1966 abierimus,
850 1932 960 1968 propria

171 1986 300 2022 dogmata
323 1985 396 2012 sicut
420 1987 500 2011 antea
531 1982 722 2013 retinebimus,
737 1985 764 2007 et
784 1979 864 2006 (idem
879 1985 961 2013 quam

173 2031 252 2059 nobis
268 2034 359 2066 patres
377 2029 463 2057 nostri
476 2027 659 2056 tradiderunt.

208 2162 242 2189 Et
256 2162 315 2189 haec
329 2161 437 2196 quidem
455 2159 522 2188 solis
537 2159 645 2186 interim
666 2157 868 2185 intentionibus
885 2157 960 2183 dice-

174 2210 289 2242 bantur;
304 2216 374 2244 opus
392 2213 482 2235 autem
496 2206 586 2234 verbis
606 2206 729 2234 nondum
757 2205 811 2233 tale
848 2204 961 2240 copula-

174 2257 267 2288 batur;
287 2255 355 2282 ultio
368 2255 459 2281 divina
472 2253 646 2280 sernmnibus
667 2260 745 2287 mque
770 2257 798 2279 ut
830 2251 960 2287 operibus

174 2302 285 2334 auditis,
301 2300 378 2335 quasi
394 2304 527 2334 agentem,
538 2298 674 2326 dicentem
695 2298 891 2326 insectabatur.
904 2297 960 2324 Nox

174 2347 319 2382 enimpost
330 2345 398 2373 solis
413 2352 541 2371 occasum
559 2350 585 2371 et
601 2343 674 2371 illius
694 2344 748 2370 diei
762 2344 875 2371 veniens
903 2347 960 2370 ter-

176 2393 276 2424 minus,
294 2392 337 2418 liis
352 2391 398 2426 qui
409 2399 490 2426 supra
505 2395 605 2418 terram
621 2394 700 2417 erant
717 2390 836 2424 requieut
858 2397 960 2417 conce—

175 2440 266 2470 debat,
282 2437 437 2464 hominibus
456 2437 570 2469 scilicﬂ,
588 2435 858 2470 aliisquodammodo
870 2435 961 2462 ferens

174 2491 312 2516 soumum,
327 2487 354 2509 et
371 2483 489 2509 clamore
505 2482 630 2508 vocitaus
646 2482 748 2513 lumen,
767 2489 828 2507 cum
841 2489 890 2507 nec
903 2481 960 2516 ipsa

176 2529 298 2564 profecto
314 2535 384 2555 vane
396 2528 430 2555 ab
446 2528 567 2554 omnium
584 2526 699 2554 Factore
712 2527 745 2553 sit
759 2526 830 2553 tacta
847 2536 853 2553 :
867 2535 921 2560 qua
935 2531 962 2553 et

177 2573 317 2607 Stephano
336 2577 465 2606 tanquam
491 2573 598 2607 ingrato
611 2577 745 2607 martyres
761 2577 905 2606 apparent,
935 2575 961 2598 et

177 2619 381 2654 iugratitudinis
403 2627 464 2646 eum
491 2626 584 2654 pmnas
614 2620 689 2645 luere
719 2622 832 2651 cogunt,
857 2617 962 2644 balneis

177 2665 250 2692 hunc
273 2665 312 2692 uti
336 2665 536 2699 praeripientes,
571 2664 671 2698 quibus
701 2662 772 2689 sicut
803 2662 896 2696 iussus
921 2667 963 2689 est

176 2716 268 2743 utens,
281 2711 317 2737 ita
339 2710 408 2737 male
424 2714 555 2737 tractatus
576 2713 628 2740 est,
644 2713 673 2735 ut
688 2714 767 2735 nocte
787 2716 819 2735 ac
838 2708 881 2735 die
902 2708 963 2742 plu-

177 2756 275 2783 rimum
291 2756 425 2791 vigilaret,
438 2760 536 2782 etcum
555 2754 647 2781 multis
670 2753 823 2783 doloribus.
842 2754 904 2788 quia
924 2754 964 2779 iu-

176 2809 298 2829 somnem
313 2801 431 2828 ducebat
443 2802 525 2827 vitam
544 2799 673 2834 plorarct,
696 2799 768 2833 quod
785 2799 811 2825 in
838 2799 964 2833 passione

161 2854 307 2874 mensuum
321 2854 370 2874 eos
395 2846 440 2881 qui
471 2845 612 2880 patiuntur
636 2843 772 2871 adducere
798 2844 882 2871 novit.
910 2843 962 2871 Sed

1053 1017 1187 1050 ’Λναστὰς
1198 1018 1226 1045 δὲ
1239 1018 1294 1045 τῶν
1310 1018 1403 1046 ὕπνων
1418 1020 1431 1046 ὁ
1446 1019 1592 1054 Στέφανος,
1605 1020 1637 1054 τῇ
1654 1019 1703 1054 τῆς
1718 1019 1803 1046 καθο-

1010 1063 1089 1098 λικῆς
1105 1064 1270 1099 Ἑκκλησίας
1297 1065 1425 1100 κοινωνίᾳ
1447 1065 1647 1101 προσέδραμεν,
1675 1065 1721 1092 καὶ
1746 1067 1803 1097 τοῖς

1009 1109 1110 1145 ταύτης
1143 1110 1303 1146 μυστηρίοις
1317 1111 1454 1147 ἑπομένην
1472 1111 1519 1146 τὴν
1549 1111 1694 1146 ἀνάϐλεψιν
1726 1111 1803 1146 εὖρι-

1011 1163 1087 1182 σκεν.
1111 1155 1250 1182 Ἐντεῦθεν
1265 1156 1311 1182 καὶ
1324 1157 1338 1183 ό
1349 1156 1436 1191 τούτῳ
1451 1156 1671 1190 διακονούμενος,
1687 1157 1742 1183 τῶν
1756 1158 1804 1183 ὲκ-

1012 1200 1213 1235 κλησιαστικῶν
1229 1201 1275 1227 τοῦ
1285 1201 1410 1236 Σωτῆρος
1423 1201 1567 1236 προϐάτων
1578 1202 1693 1236 ἐγίνετο,
1704 1202 1803 1236 μανίαν

1012 1243 1082 1272 εἶναι
1096 1247 1179 1281 σαφῆ.
1197 1246 1286 1273 καίτοι
1302 1246 1440 1283 βάρϐαρος
1468 1247 1517 1279 ὢν,
1545 1248 1736 1282 λογισάμενος,
1771 1247 1803 1274 τὸ

1013 1292 1081 1327 πρὸς
1096 1293 1163 1319 Θεὸν
1178 1294 1225 1319 καὶ
1240 1294 1346 1328 ἁγίους,
1359 1294 1524 1329 Ἐκκλησίαν
1540 1303 1569 1320 τε
1587 1294 1734 1330 καθολικὴν
1754 1294 1804 1325 καὶ

1014 1338 1104 1365 πίστιν
1117 1337 1258 1374 ὀρθόδοξον
1271 1339 1407 1374 μάχεσθαι
1426 1348 1432 1355 ⁸
1450 1340 1509 1366 ἀλλ’
1530 1341 1544 1367 ὁ
1572 1341 1656 1367 πᾶσιν
1684 1340 1727 1367 ἀεὶ
1744 1342 1802 1371 τοῖς

1012 1387 1140 1421 χρηστοῖς
1158 1385 1397 1421 διαφθονούμενος,
1422 1386 1469 1412 καὶ
1486 1386 1597 1417 τούτους
1626 1386 1800 1421 σωζομένους

1013 1430 1175 1462 ἐϐάσκανεν,
1188 1430 1235 1456 καὶ
1254 1430 1283 1456 τὸ
1296 1430 1382 1466 δῶρον
1407 1429 1436 1462 ἐξ
1459 1431 1587 1465 ἡμισείας
1615 1430 1742 1465 ἀφείλετο
1753 1437 1762 1446 ν
1779 1431 1804 1456 εἰ

1011 1476 1059 1503 καὶ
1081 1476 1111 1502 τὸ
1122 1477 1175 1503 πᾶν
1189 1476 1336 1510 ἀφελέσθαι
1355 1475 1497 1511 βουληθεὶς
1511 1477 1541 1502 οὐ
1555 1476 1711 1511 δεδύνηται,
1738 1477 1804 1508 τοὺς

1013 1523 1157 1559 μάρτυρας
1169 1522 1258 1558 εὑρὼν
1272 1523 1447 1554 ὑπασπιστὰς
1469 1523 1515 1549 τοῦ
1532 1523 1705 1558 δωρήματος.
1726 1522 1803 1548 Μετὰ

1011 1568 1066 1602 γὰρ
1083 1569 1133 1603 τὴν
1146 1568 1229 1603 ρῶσιν
1243 1569 1291 1602 τῆς
1304 1569 1393 1603 ψυχῆς
1410 1569 1458 1595 καὶ
1474 1568 1522 1595 τοῦ
1535 1568 1673 1602 σώματος,
1684 1568 1731 1595 καὶ
1747 1568 1804 1594 τῶν

1012 1614 1150 1648 ἑκατέρων
1162 1613 1309 1648 ὀφθαλμῶν
1321 1614 1370 1649 τὴν
1384 1612 1543 1647 ἀνάϐλεψιν,
1553 1613 1592 1639 ἔτι
1605 1613 1675 1639 κατὰ
1687 1612 1733 1639 τὸν
1749 1620 1800 1647 ση-

1012 1660 1059 1686 κδν
1079 1659 1271 1695 διατρίϐοντες,
1291 1660 1305 1685 ὁ
1321 1659 1529 1694 διακονούμενος
1548 1659 1641 1694 ἠρώτα
1664 1659 1708 1685 τὸν
1740 1658 1805 1685 Στέ-

1013 1714 1095 1738 φανον
1113 1714 1119 1720 ·
1153 1705 1232 1738 Ἰδοὺ,
1264 1705 1356 1739 φησιν,
1378 1704 1481 1737 ἐνθάδε,
1504 1701 1526 1730 ὦ
1550 1704 1638 1739 κύριε,
1665 1705 1726 1736 ταῖς
1748 1705 1803 1730 τῶν

1012 1753 1098 1787 ἁγίων
1112 1751 1272 1782 πεισθέντες
1299 1751 1466 1783 κελεύσεσιν,
1491 1751 1645 1777 κοινωνικοὶ
1664 1751 1713 1785 τῆς
1735 1750 1803 1776 καθ-

1012 1799 1104 1832 ολικῆς
1128 1797 1291 1832 Ἐκκλησίας
1305 1797 1475 1832 γεγόναμεν·
1502 1796 1551 1832 τὴν
1571 1797 1758 1831 ὲνεγκαμένην
1771 1796 1800 1822 δὲ

1014 1844 1061 1870 σὺν
1094 1843 1153 1878 Θεῷ
1178 1842 1431 1877 καταλαμϐάνοντες
1459 1843 1622 1878 ἐμμένωμεν
1658 1840 1712 1877 ἆρα
1740 1843 1804 1873 ταῖς

1012 1888 1114 1915 τούτων
1132 1887 1331 1922 κελεύσεσιν,ἢ
1347 1887 1413 1921 πρὸς
1425 1888 1455 1913 τὸ
1471 1887 1566 1922 πρώην
1597 1887 1678 1914 πάλιν
1708 1888 1802 1922 χωρή-

1013 1942 1119 1968 σωμεν;
1139 1934 1168 1960 '0
1188 1933 1215 1960 δὲ
1231 1934 1298 1968 πρὸς
1314 1933 1393 1960 αὑτὸν
1416 1933 1592 1969 ἀπεκρίνατο,
1615 1934 1651 1966 ὼς
1665 1933 1802 1961 Ἐνταῦθα

1014 1979 1063 2014 μὲν
1076 1979 1151 2010 δντες
1166 1979 1199 2004 τὰ
1215 1978 1344 2006 δοκοῦντα
1359 1979 1467 2014 δρῶμεν
1478 1981 1534 2010 τοῖς
1551 1979 1695 2014 μάρτυσιν,
1705 1980 1802 2006 ἀπιόν-

1012 2033 1057 2056 τες
1076 2025 1104 2051 δὲ
1123 2025 1178 2051 τῶν
1193 2025 1328 2056 ἐντεῦθεν,
1344 2025 1399 2050 τῶν
1416 2025 1523 2051 οἰκείων
1548 2025 1629 2051 πάλιν
1657 2025 1802 2060 δογμάτων

1012 2070 1050 2102 ὡς
1063 2070 1094 2097 τὺ
1122 2071 1186 2106 πρὶν
1203 2070 1388 2105 ἀνθεξώμεθα,
1413 2071 1460 2096 καὶ
1489 2070 1609 2102 πίστεως
1632 2069 1666 2106 ἦς
1681 2071 1746 2106 ἡμῖν
1776 2071 1802 2097 οῑ

1014 2117 1131 2151 πατέρες
1144 2116 1223 2151 ἡμῶν
1238 2117 1418 2152 ἐνεχείρισαν.

1048 2161 1102 2187 Καὶ
1117 2161 1204 2187 ταῦτα
1217 2160 1265 2195 μὲν
1280 2161 1308 2186 ὲν
1323 2160 1418 2194 μόναις
1432 2161 1501 2191 τέως
1513 2160 1621 2194 ἐλέγετο
1634 2161 1695 2192 ταῖς
1707 2160 1797 2186 ὲντεύ-
1834 2169 1837 2190 ;

1013 2206 1086 2238 ξεσιν
1101 2214 1108 2221 ”
1124 2206 1203 2241 ἔργον
1219 2205 1248 2232 δὲ
1261 2206 1316 2242 τοῖς
1329 2205 1417 2239 λόγοις
1430 2205 1506 2231 οὔπω
1519 2205 1619 2236 τοιόνδε
1637 2206 1800 2240 συνήπτετο·

1013 2253 1058 2278 καὶ
1071 2252 1132 2287 δίκη
1149 2252 1204 2278 τῶν
1219 2251 1306 2285 λόγων
1320 2250 1415 2285 ὥσπερ
1425 2251 1513 2286 ἔργων
1527 2251 1679 2284 ἀκούσασα,
1697 2252 1734 2283 ὡς
1750 2260 1802 2278 πε-

1013 2298 1136 2333 πραχότα
1148 2297 1193 2324 τὸν
1204 2297 1334 2332 εἰρηκότα
1349 2298 1510 2332 μετήρχετο.
1528 2297 1585 2330 Νὺξ
1604 2297 1659 2333 γὰρ
1677 2297 1746 2332 μετὰ
1754 2298 1804 2328 τὰς

1013 2344 1091 2379 ἡλίου
1109 2343 1215 2378 δυσμὰς
1231 2343 1362 2378 κάκείνης
1378 2343 1427 2378 τῆς
1443 2344 1552 2378 ἡμέρας
1578 2343 1693 2369 ἐλθοῦσα
1709 2343 1740 2369 τὸ
1754 2343 1805 2369 πέ-

1014 2398 1064 2425 ρας
1078 2390 1132 2420 τοῖς
1145 2389 1191 2415 ἐπὶ
1205 2390 1257 2423 γῆς
1273 2388 1425 2424 ἐϐράϐευε-ε
1435 2389 1484 2423 τὴν
1520 2389 1676 2416 ἀνάπαυσιν
1696 2388 1805 2423 ἀνθρώ-

1013 2444 1086 2467 ποις,
1104 2434 1227 2469 δηλονότι
1237 2433 1321 2460 ὕπνον
1336 2434 1405 2468 αὑτὴ
1415 2436 1475 2465 ταῖς
1488 2434 1601 2469 πτέρυξι
1615 2434 1748 2470 φέρουσα,
1760 2434 1806 2460 καὶ

1014 2481 1103 2517 βοῶσα
1122 2482 1216 2516 σαφῶς
1226 2480 1263 2511 ὡς
1276 2481 1306 2506 οὐ
1329 2481 1417 2515 μάτην
1447 2480 1501 2506 οὐδ’
1530 2481 1601 2516 αὑτὴ
1635 2480 1673 2516 τῷ
1695 2481 1806 2507 πάντων

1014 2527 1110 2562 ποιητῇ
1128 2524 1406 2560 πεπλαστούργηται·
1424 2525 1484 2551 καθ’
1495 2526 1584 2560 ἦνκαὶ
1610 2527 1634 2552 at
1666 2526 1808 2561 μάρτυρες

1014 2573 1142 2608 Στεφάνῳ
1168 2573 1205 2603 ὡς
1229 2571 1369 2607 ἀγνώμονι
1395 2573 1548 2606 φαίνονται,
1578 2573 1625 2599 καὶ
1648 2573 1697 2607 τῆς
1711 2574 1809 2608 ἀχαρι-

1014 2620 1090 2650 στίας
1109 2619 1190 2645 αὑτὸν
1202 2619 1250 2649 τὰς
1264 2618 1342 2649 δίκας
1359 2619 1570 2653 εἰσπράττοντα,
1586 2619 1708 2654 λουτροῖς
1724 2619 1808 2645 αὐτὸν

1014 2665 1206 2699 ἐπιτρέψαντες
1220 2664 1372 2699 χρήσασθαι
1384 2673 1390 2680 ·
1408 2662 1448 2696 οἷς
1475 2665 1510 2696 ὡς
1533 2665 1681 2700 ἐκελεύσθη
1698 2665 1807 2699 χρησά-

1016 2719 1105 2746 μενος,
1133 2709 1206 2737 οὓτω
1231 2710 1338 2745 διετέθη
1360 2711 1464 2742 κακῶς,
1481 2711 1517 2742 ὡς
1534 2711 1620 2737 πολλὰ
1632 2713 1807 2747 γρηγορῆσαι

1014 2757 1185 2792 νυχθήμερα,
1203 2757 1249 2783 καὶ
1262 2757 1310 2793 τὴν
1329 2757 1428 2793 πολλὴν
1455 2757 1571 2784 ἀϋπνίαν
1593 2758 1641 2784 σὺν
1655 2759 1714 2789 ταῖς
1742 2758 1807 2784 ὀδύ-

1020 2807 1078 2830 ναις
1096 2799 1249 2834 ὀδύρεσθαι,
1260 2800 1298 2830 εἰς
1308 2799 1391 2831 πάθος
1407 2799 1512 2834 φρενῶν
1528 2796 1733 2835 φέρεινὲἰδνίαν
1744 2801 1809 2832 τοὺς

1019 2845 1183 2879 πάσχοντας.
1217 2844 1288 2871 ’Δλϊ
1305 2845 1372 2881 αὑτὴ
1395 2846 1443 2881 μὲν
1460 2846 1612 2880 μαστίξιισχ
1637 2847 1674 2879 ὼς
1693 2847 1751 2873 δέον
1775 2846 1809 2882 ἦν
