1910 3078
128 121 196 153 33-73

610 123 662 152 SS.
676 122 763 152 CYRl
787 122 831 151 ET
851 121 1011 152 JOANNIS
1026 121 1236 151 MIllACULA.

1699 115 1769 148 3574

130 181 311 216 φλεγόμενον,
328 179 459 215 τοιαύτην
479 179 554 215 αὐτῷ
575 181 749 215 προτείνουσι
768 179 823 213 (27)
839 179 924 214 λητὴν

983 178 1084 209 lcntcs.
1101 178 1125 204 si
1150 178 1204 210 vis,
1221 178 1309 210 aiunt,
1325 184 1340 204 a
1359 176 1489 212 languore
1513 176 1638 207 liberari.
1655 183 1771 211 surgens

132 227 197 263 [imo
220 225 430 262 Ἰσραηλιτικδν]
442 226 510 253 λεὼν
524 227 548 252 οἱ
570 225 672 252 τούτων
693 227 783 260 γονεῖς
799 226 846 253 καὶ
858 233 924 260 προ-

132 272 250 307 πάτορες
262 280 270 287 ³
294 272 356 299 ὅθεν
372 272 387 298 ὁ
403 273 504 307 Πέτρος
532 272 600 308 μηδὲ
617 273 709 306 τυχεῖν
730 271 815 307 ἔφησε
832 271 925 306 βούλε-

132 319 194 346 σθαι
213 319 334 355 ῥώσεως,
347 318 416 354 μηδὲ
426 319 476 352 τῆς
490 319 599 345 συνόδου
611 319 737 352 γενέσθαι
747 318 796 353 τῆς
811 319 840 345 ὲν
855 317 925 345 Χαλ-

131 365 225 400 κηδόνι
242 365 425 400 συναχθείσης
439 364 577 400 ὸμόδοξος.
594 365 626 391 0t
642 365 671 391 δὲ
686 363 825 391 θεσπέσιοι
839 364 925 391 ταῦτα

130 411 237 445 λέγοντι
257 410 493 446 προσηπείλησαν,
508 411 557 437 καὶ
573 410 611 442 ὼς
627 411 677 437 οὐκ
692 411 780 442 ἄλλως
800 411 924 447 σωθήσε-

130 467 175 484 ται
192 458 330 493 φήσαντες
355 457 548 493 ἀνεχώρησαν,
563 456 613 488 τὰς
633 456 782 491 ἀλγηδόνας
795 456 870 490 αὐτῷ
884 456 924 482 δι-

131 504 310 536 υπνίσαντες,
339 502 373 534 ἃς
401 500 473 538 ἦσαν
498 502 822 535 αὑτοὶ-κατευνάσαντες.
853 503 924 530 Ὀδὲ

130 551 246 582 ταύταις
267 550 363 582 δεινῶς
387 549 562 584 αἰκιζόμενος
581 549 663 576 πάλιν
686 549 815 584 ἀρωγοὺς
831 549 924 576 ἐκάλει

130 595 194 626 τοὺς
210 595 352 630 μάρτυρας
362 603 369 610 ·
382 594 451 621 ἀλλὰ
472 594 554 621 πάλιν
568 594 702 626 ἐλθόντες,
714 594 763 620 καὶ
779 593 814 620 τὰ
828 594 924 628 πρῶτα

131 639 335 673 προτείναντες,
354 639 513 674 ἀπράκτους
531 638 678 665 ἀπέλυσεν.
695 637 733 664 υύ
750 637 830 672 μόνον
843 637 871 663 δὶ
883 637 924 668 δὶς

130 685 178 712 καὶ
195 686 254 720 τρὶς
276 685 292 720 ἢ
308 686 437 720 τετράκις
462 685 540 711 τοῦτο
554 684 718 719 πεποίηκεν,
739 683 807 710 ἀλλὰ
825 683 924 711 πολλά-

130 740 174 763 κις
195 732 295 763 αὐτοὺς
311 732 403 759 χαλῶν
417 733 456 763 εἰς
475 731 612 767 βοήθειαν,
630 731 677 757 καὶ
691 730 726 756 δι’
746 729 836 757 οἶκτον
850 729 925 765 αὑτῷ

130 777 214 804 πολὺν
229 777 428 809 ὑπακούοντας,
450 778 496 804 καὶ
514 778 548 804 τὰ
565 776 635 804 αὐτὰ
653 777 740 803 ποιεῖν
762 775 926 811 ἐπιτρέπον-

130 832 190 855 τας.
204 824 240 853 ὡς
252 824 303 850 οὐκ
318 824 444 855 ἐλθόντας
459 823 589 855 ἀπέλυεν,
607 823 643 858 μὴ
659 822 821 858 βουλόμενος
833 821 924 854 αὐτοῖς

976 223 1129 258 pretiosum
1146 221 1294 250 Jordanem
1317 220 1462 256 ingredere
1479 220 1546 256 (hoc
1562 221 1635 248 enim
1662 221 1772 248 nomine

976 267 1155 295 Alexandrini
1191 267 1261 295 sacri
1296 266 1471 301 baptismatis
1503 265 1639 300 piscinam
1667 266 1772 300 signiti-

975 317 1038 341 cant
1051 313 1119 348 (Q9),
1137 320 1171 340 eo
1181 312 1252 347 quod
1261 311 1391 340 Christus
1406 311 1538 339 Dominus
1554 316 1649 339 noster
1663 311 1697 338 ad
1713 319 1774 346 pur-

976 358 1115 393 gationem
1133 357 1221 385 nostri
1236 357 1274 384 sit
1291 358 1318 384 iu
1339 355 1460 384 Jordane
1475 357 1589 384 llumine
1603 357 1770 392 baptizatus)

976 404 1159 438 manibusque
1189 403 1289 430 ibidem
1322 403 1397 435 lotis,
1427 403 1559 438 mysteria
1581 402 1687 430 Christi
1711 411 1772 438 qua:

977 449 1032 476 illic
1048 452 1114 476 sunt
1124 448 1231 483 accipe,
1243 455 1373 475 manuum
1395 447 1580 490 ostendentes‘
1592 449 1690 483 ﬁgura,
1709 456 1772 476 cor-

976 495 1051 530 poris
1065 495 1169 523 Cbristi
1187 503 1219 522 ac
1234 496 1379 531 sanguinis
1395 496 1530 523 ﬂvilicam
1545 503 1578 523 ac
1587 495 1694 523 beatam
1708 504 1772 532 per-

975 542 1139 576 ceptionem.
1149 541 1200 574 Qui
1211 541 1372 573 hocaudito,
1380 541 1478 569 malam
1487 543 1702 578 propositionem
1711 551 1773 572 esse

976 586 1193 622 ait.synodoque
1212 587 1352 615 maledixit
1363 586 1724 624 Chalcedonensi.quamvis
1739 589 1773 617 li-

975 633 1060 667 quido
1072 632 1156 660 sciret
1171 632 1252 667 hujus
1268 639 1408 662 auctores.
1421 633 1520 662 Odium
1535 635 1638 670 quippe
1653 637 1770 664 multum

976 680 1096 716 Egyptii
1129 688 1161 708 ex
1187 681 1429 710 irrationabilitate
1455 689 1487 709 ac
1516 677 1664 711 barbarico
1687 692 1772 712 sensu

975 731 1070 754 contra
1086 732 1212 754 sanctum
1229 727 1281 754 hoc
1292 728 1416 755 feruntur
1432 729 1580 756 concilium
1595 729 1773 766 (30),quem-

975 773 1123 799 admodum
1154 772 1291 808 quondam
1316 773 1450 801 adversus
1475 774 1657 802 lsraeliticum
1685 783 1772 811 popu-

977 818 1044 850 lum,
1067 818 1163 845 horum
1180 823 1306 853 parentes
1334 827 1367 846 ac
1392 820 1544 855 genitorcs.
1573 820 1652 848 Unde
1677 821 1774 853 Petrus

131 870 258 896 ὑπείκειν
282 870 330 896 καὶ
362 870 518 896 πείθεσθαι.
545 868 751 903 Δυσμετάθετον
775 868 830 904 γὰρ
851 867 925 899 ἔθνος

983 872 1066 900 neque
1081 865 1227 892 sanitatem
1246 865 1314 893 velle
1347 874 1378 893 se
1406 867 1554 900 impetrare
1587 866 1667 900 dixit,
1685 875 1773 903 neque

130 914 276 947 Αἰγύπτιοι
291 914 362 949 (Ξὸ),
379 916 425 942 καὶ
441 915 455 942 ὃ
467 916 556 941 ποιεῖν
570 914 645 948 ἅπαξ
662 915 851 947 θεσπίσουσιν,
869 914 924 941 εἴτε

130 959 212 985 καλὸν
229 960 286 986 εῖτε
304 960 417 995 χηρεύοι
440 960 487 987 τοῦ
514 959 679 995 κρείττονος.
695 960 726 986 οὐ
754 960 856 996 ῥᾳδίως
879 968 927 994 με-

130 1005 250 1032 θειᾶσιν·
266 1006 314 1032 καὶ
325 1003 400 1033 οὗτοι
414 1006 464 1041 μὲν
471 1006 589 1033 τοιοῦτοι
602 1006 784 1041 τυγχάνωσιν
797 1006 928 1037 ἅπαντες.

980 911 1077 947 synodi
1091 919 1154 946 quae
1166 911 1341 939 Chalcedone
1357 913 1470 940 collecta
1488 913 1608 945 est,ileri
1626 919 1775 942 consenta-

983 965 1075 984 neum.
1094 958 1134 984 Illi
1148 963 1239 985 autem
1252 960 1353 994 egregii
1367 964 1501 996 martyres
1528 960 1587 989 hac
1608 961 1710 989 dicenti
1722 963 1774 989 mi-

984 1004 1041 1031 nati
1058 1008 1139 1036 sunt;
1156 1009 1183 1031 et
1203 1006 1277 1039 quod
1297 1013 1351 1032 non
1368 1007 1449 1033 aliter
1467 1010 1541 1035 esset
1564 1007 1716 1036 salvandus
1729 1015 1775 1036 as-

130 1056 302 1084 severantes,
314 1057 501 1085 recesserunt,
520 1052 630 1080 dolores
643 1052 669 1080 ei
690 1052 842 1080 excitantes
851 1058 925 1086 quos.
942 1050 1046 1085 pridem
1063 1049 1245 1084 sedaverant;
1280 1051 1328 1086 qui
1363 1051 1496 1079 atrociter
1527 1052 1572 1080 his
1598 1054 1771 1083 verberatus.

131 1096 230 1125 iterum
258 1098 400 1133 adjutores
429 1098 565 1126 asciscere
588 1102 725 1134 martyres
743 1098 918 1133 procumbat.
940 1095 986 1123 sed
1004 1096 1103 1123 iterum
1123 1095 1264 1124 venientes
1290 1097 1419 1131 etprima
1448 1098 1663 1132 praetendentes,
1703 1100 1773 1127 incf-

131 1144 232 1171 ticaces
259 1145 390 1178 dimisit;
407 1153 462 1172 non
487 1150 579 1172 autem
605 1145 647 1172 ltls
668 1149 694 1171 ct
708 1149 750 1172 tcr
767 1149 815 1172 aut
829 1148 926 1179 quater
937 1142 988 1170 hoc
1000 1143 1075 1176 fecit,
1094 1145 1142 1172 sed
1162 1144 1302 1172 multoties
1340 1151 1389 1171 eos
1401 1151 1505 1172 vocans
1534 1145 1563 1172 in
1592 1146 1771 1181 adjutorium,

131 1192 177 1225 qui
195 1199 258 1219 cum
272 1197 383 1228 propter
395 1193 508 1220 multam
525 1192 731 1220 miserationem
750 1191 923 1222 exaudirent,
943 1195 971 1219 et
983 1191 1078 1219 eadem
1102 1192 1194 1219 facere
1207 1191 1398 1227 praeciperent,
1417 1192 1495 1227 quasi
1525 1199 1580 1219 non
1620 1193 1773 1226 venissent,

131 1236 200 1264 nihil
217 1241 323 1266 veritus
348 1239 518 1271 dimittebat,
535 1238 634 1266 nolens
647 1238 688 1266 eis
712 1238 793 1266 subdi
812 1238 854 1265 vel
870 1237 981 1265 obedire
994 1246 1002 1270 ;
1015 1238 1090 1265 natio
1105 1238 1178 1266 enim
1194 1237 1386 1273 Egyptiorum
1419 1239 1463 1265 vix
1491 1243 1624 1271 mutatur,
1643 1243 1672 1267 et
1698 1241 1770 1275 quod

131 1281 224 1312 facere
254 1285 340 1312 semel
366 1285 530 1317 decreverit,
561 1285 620 1313 sive
637 1285 674 1312 sit
688 1285 802 1315 bonum,
815 1284 873 1311 sive
892 1284 928 1311 sit
946 1284 1053 1310 meliori
1082 1284 1219 1316 deterius,
1240 1283 1378 1312 dillicilius
1399 1285 1578 1318 immittatur;
1594 1290 1622 1313 et
1646 1286 1691 1314 isti
1706 1288 1767 1322 qui-

132 1334 197 1361 dem
217 1334 287 1361 tales
299 1338 365 1361 sunt
379 1334 512 1362 universi.

166 1381 270 1415 Πέτρος
280 1381 308 1408 δὲ
319 1381 370 1416 τῆς
384 1381 480 1417 ὀδύνης
495 1381 632 1418 ὑπερϐολῇ
643 1381 861 1418 τιμωρούμενος,
876 1382 924 1409 καὶ

131 1426 227 1460 φέρειν
243 1425 283 1452 ἔτι
308 1426 363 1452 τῶν
377 1426 502 1460 βασάνων
525 1427 574 1462 οὐχ
591 1425 647 1459 οἷός
660 1436 689 1454 τε
705 1427 743 1454 ὢν
761 1427 811 1462 τὴν
831 1427 927 1464 δριμύ-

130 1480 212 1505 τητα,
225 1472 302 1507 μόλις
317 1472 345 1499 δὲ
361 1473 408 1499 καὶ
423 1472 495 1500 οὕτω
510 1474 633 1505 πεισθεὶς
647 1476 703 1506 τοῖς
714 1475 768 1501 τῶν
780 1475 866 1508 ἁγίων
882 1484 928 1502 κε-

131 1518 277 1552 λεύσμασι.
295 1518 408 1551 τούτους
420 1519 450 1546 τὸ
465 1520 619 1547 τελευταῖον
632 1520 773 1553 ἐκάλεσεν,
787 1521 830 1548 ἵνα
846 1521 928 1548 πάλιν

131 1563 320 1598 οἰκτείραντες
336 1564 445 1596 ἔλθωσι,
468 1566 516 1592 καὶ
537 1565 587 1597 τὰς
607 1565 703 1597 ὀδύνας
719 1566 863 1598 διώξωσιν,
879 1567 928 1594 καὶ

131 1609 182 1644 τὴν
196 1609 281 1644 ρὦιν
300 1610 485 1645 χαρίσωνται·
505 1612 550 1638 καὶ
566 1612 667 1643 παντὸς
681 1609 711 1641 οὗ
726 1612 748 1639 δ’
765 1612 798 1640 ἂν
812 1612 927 1640 ὲΘέλωσί

130 1663 162 1682 τε
188 1656 235 1682 καὶ
259 1655 384 1688 λέξωσιν,
411 1657 508 1685 τούτου
536 1657 684 1694 πληρωτὴν
709 1659 806 1686 ἑαυτὸν
828 1659 927 1695 ὁρίζων

131 1702 267 1729 ἑκούσιον.
282 1703 314 1729 OE
338 1702 366 1730 δὲ
393 1704 547 1738 συμπαθεῖς
573 1704 650 1735 ὄντες
675 1704 723 1731 καὶ
739 1705 926 1740 φιλάνθρωποι

134 1747 286 1782 μάρτυρες,
303 1748 351 1776 καὶ
365 1749 426 1775 τότε
439 1749 585 1782 καλοῦντος
600 1751 741 1785 ἀφίκοντο,
754 1752 801 1779 καὶ
812 1752 846 1778 τὰ
857 1751 927 1779 αὐτὰ

132 1794 223 1820 ποιεῖν
250 1793 436 1827 διετάττοντο,
460 1795 508 1822 ml.
531 1795 660 1823 κοινωνόν
680 1796 763 1824 αὑτὸν
783 1796 856 1832 ἔχειν
877 1797 927 1832 τῆς

131 1839 264 1872 πίστεως,
278 1842 304 1868 εί
320 1841 445 1877 πεισθείη
459 1842 508 1870 καὶ
519 1843 640 1878 ποιήσει,
653 1843 815 1880 διώμνυντο.
833 1845 927 1880 Τούτῳ

130 1885 187 1920 γὰρ
203 1886 246 1913 ἔτι
261 1886 414 1919 διστάζοντι
431 1889 496 1924 περὶ
517 1888 569 1925 τὴν
591 1889 645 1916 τῶν
662 1891 820 1926 μυστηρίων
843 1892 927 1925 μετά-

130 1931 291 1966 ληψιν,οὺκ
301 1933 382 1968 ἀρκεῖ
395 1934 546 1966 πιστεύειν,
557 1935 735 1970 ἐφθέγξαντο,
751 1937 789 1968 ὡς
801 1937 892 1972 ἡμεῖς,
904 1934 927 1964 ὦ

131 1976 233 2012 Πέτρε,
257 1977 436 2013 πιστεύομεν,
452 1979 500 2008 καὶ
515 1980 582 2014 ἡμῖν
607 1981 637 2006 ὲν
652 1980 692 2016 τῷ
717 1981 783 2018 περὶ
808 1983 926 2014 πίστεως

131 2022 206 2059 λόγῳ
221 2024 438 2059 σνντάττεσθαι;
457 2026 488 2052 ’0
503 2026 533 2054 δὲ
545 2027 614 2062 πρὸς
627 2027 727 2060 αὐτοὺς
744 2027 826 2056 πάλιν
836 2028 927 2063 λέγειν

132 2068 287 2104 ἐτόλμησεν
299 2078 307 2085 ·
322 2069 354 2096 Τί
369 2071 422 2106 γὰρ
442 2071 489 2099 καὶ
503 2071 592 2107 ὑμεῖς,
605 2068 627 2099 ὦ
644 2072 691 2100 τοῦ
706 2072 824 2108 Χριστοῦ
838 2075 926 2108 μεγά-

131 2113 174 2140 λοι
189 2113 366 2148 θεράποντες,
383 2114 421 2147 ὡς
436 2116 454 2150 ἡ
474 2117 502 2144 ὲν
517 2116 671 2152 Χαλκηδόνι
696 2118 839 2145 πιστεύετε
861 2119 925 2146 οὑν-

132 2159 209 2192 οδος;
219 2160 253 2186 Οἱ
265 2160 294 2187 δὲ
305 2160 375 2187 κατὰ
385 2161 486 2196 ταύτην
501 2163 609 2196 φρονεῖν
624 2162 674 2198 τὴν
685 2162 740 2190 τῶν
754 2163 835 2200 ἰερῶν
849 2165 926 2192 ὁσίαν

132 2206 241 2241 πληθὺν
265 2207 462 2242 ὡμολόγησανο
479 2209 525 2235 καὶ
543 2209 615 2235 οὓτω
640 2210 780 2236 πιστεύειν
802 2211 839 2242 ὡς
856 2211 872 2246 ὴ
896 2212 926 2238 ὲν

1017 1379 1114 1407 Petrus
1139 1383 1230 1406 autem
1257 1378 1400 1407 doloribus
1428 1380 1543 1408 nimium
1574 1382 1726 1415 cruciatus,
1745 1389 1772 1411 et

980 1426 1097 1454 sufferre
1114 1426 1185 1453 ultra
1201 1429 1403 1453 tormentorum
1422 1435 1476 1454 non
1489 1428 1585 1456 valens
1601 1431 1769 1460 acrediuem.

980 1473 1075 1506 sicque
1091 1471 1201 1498 tandem
1218 1475 1379 1498 sanctorum
1405 1471 1578 1505 jussionibus
1595 1480 1705 1507 parens,
1722 1474 1770 1501 hos

981 1517 1132 1544 novissime
1153 1517 1291 1549 inritavit,
1305 1524 1359 1551 quo
1390 1524 1486 1544 rursus
1501 1518 1607 1545 miserti
1635 1519 1769 1550 venirent.

979 1567 1006 1590 et
1020 1563 1130 1590 dolores
1146 1563 1290 1598 pellerent,
1303 1566 1331 1590 et
1343 1563 1489 1590 sanitatem
1507 1563 1653 1595 donarent.
1670 1569 1698 1592 et
1720 1573 1770 1601 pro

979 1613 1055 1637 certo
1066 1609 1200 1637 delinieus
1215 1617 1246 1637 se
1259 1609 1394 1645 quidquid
1414 1610 1513 1637 vellent
1527 1614 1555 1638 et
1570 1610 1705 1644 dicerent,
1722 1619 1770 1639 vo-

978 1655 1098 1683 luntarie
1112 1656 1325 1691 completurum.
1336 1656 1385 1684 Ast
1400 1657 1658 1691 compatientissimi
1675 1666 1769 1687 revera

978 1705 1006 1728 et
1033 1705 1172 1730 amatores
1200 1702 1341 1730 hominum
1361 1707 1506 1738 martyres.
1535 1704 1616 1730 rtiam
1642 1707 1709 1732 tunc
1723 1705 1770 1733 illo

979 1751 1094 1774 vocante
1118 1747 1277 1780 veniebant,
1288 1751 1315 1775 et
1327 1747 1424 1775 eadem
1453 1748 1545 1776 facere
1565 1749 1769 1784 praecipiebant,

978 1793 1298 1828 communicatoremque
1327 1801 1357 1821 se
1390 1793 1453 1822 ﬁdei
1482 1794 1555 1822 hunc
1577 1794 1720 1829 jurabant,
1746 1798 1769 1824 si

978 1839 1180 1874 acquiesceret,
1198 1842 1227 1866 et
1244 1839 1321 1873 jussa
1338 1840 1490 1874 perﬁceret,
1522 1839 1675 1869 habituros.
1691 1841 1770 1869 Hunc

977 1891 1044 1918 ergo
1059 1891 1122 1911 cum
1147 1884 1239 1911 adhuc
1262 1885 1337 1912 circa
1364 1889 1600 1913 sacramentorum
1619 1887 1770 1922 perceptio-

978 1938 1040 1958 nem
1058 1930 1211 1964 dubitaret,
1223 1929 1283 1958 Non
1297 1931 1345 1959 tibi
1369 1931 1470 1959 sutIicit
1487 1933 1600 1960 credere
1627 1938 1771 1967 perconta-

978 1976 1089 2008 bantur,
1105 1977 1177 2004 sicut
1190 1984 1240 2004 nos
1250 1977 1397 2010 credimus,
1411 1977 1524 2009 oPetre.
1539 1984 1567 2006 et
1582 1979 1726 2008 uobiscum
1743 1980 1769 2007 in

978 2023 1086 2051 ratione
1098 2022 1324 2058 [ideieomputari
1339 2023 1351 2050 ἲ
1367 2023 1413 2050 Ille
1424 2032 1490 2051 vero
1510 2025 1543 2051 ad
1557 2033 1604 2053 eos
1622 2026 1720 2053 iterum
1733 2027 1771 2054 di-

978 2076 1041 2096 cere
1052 2070 1248 2104 praesumebat,
1264 2069 1453 2103 nunquidnam
1469 2074 1497 2098 et
1511 2079 1573 2104 vos,
1587 2079 1603 2098 0
1618 2073 1709 2108 magni
1730 2073 1770 2100 fa-

978 2115 1043 2142 muli
1058 2115 1172 2149 Christi,
1180 2117 1253 2144 sicut
1261 2116 1497 2145 Chalcedonensis
1506 2118 1620 2146 creditis
1632 2119 1771 2154 synodus?

977 2161 1013 2188 At
1026 2161 1064 2189 illi
1075 2163 1226 2190 secundum
1240 2163 1311 2190 hanc
1319 2170 1418 2198 sapere
1431 2168 1555 2191 sanctam
1568 2164 1769 2192 multitudinem

977 2209 1147 2236 sacerdotum
1163 2208 1282 2237 coniessi
1298 2215 1372 2243 sunt,
1389 2215 1415 2236 et
1429 2210 1465 2237 ita
1474 2209 1588 2238 credere
1600 2210 1672 2238 sicut
1687 2211 1771 2238 Chal-

132 2251 289 2287 Χαλκηδόνι
307 2253 474 2280 πεπίστευκε
493 2253 617 2286 σύνοδος·
643 2255 692 2282 καὶ
711 2255 814 2290 ταύτην
834 2256 925 2290 ελεγον

983 2255 1138 2283 cedonense
1159 2256 1306 2283 concilium
1330 2257 1448 2284 credidit
1464 2257 1635 2289 astruebant,
1652 2262 1679 2285 et
1699 2259 1769 2286 hanc

134 2298 228 2324 πίστιν
250 2298 334 2334 ὀρθὴν
350 2299 397 2325 καὶ
417 2299 596 2327 θεόπνευστον
622 2301 765 2337 κήρυγμα,
785 2301 819 2337 ἣν
838 2302 855 2337 ἠ
882 2302 926 2329 λε‹

134 2343 233 2379 χθεῖσα
246 2344 355 2376 σύνοδος
371 2344 466 2380 ὥρισε.

171 2389 266 2418 Ταῦτα
283 2390 411 2422 λέξαντες
426 2392 450 2418 οι
464 2391 612 2424 θεσπέσιος,
631 2393 678 2419 καὶ
692 2391 727 2419 δι’
744 2393 834 2428 ὅρκων
856 2393 927 2421 αὐτὰ

136 2433 348 2469 βεϐαιώσαντες,
360 2436 408 2462 καὶ
421 2437 466 2463 τὸν
477 2436 580 2472 Πέτρον
594 2437 645 2472 ἤδη
658 2438 859 2473 προπεισθέντα
870 2441 927 2471 τοῖς

136 2480 264 2515 βασάνοις
277 2481 438 2516 δράσαντες,
449 2482 488 2518 τῷ
498 2482 586 2509 δοκεῖν
596 2483 776 2519 ἀνεχώρησαν
786 2484 834 2512 τοῦ
846 2493 876 2511 τε
880 2486 927 2520 ys.

135 2535 200 2558 vos;
211 2527 301 2555 αὐτῶν
312 2528 363 2555 οὐκ
375 2529 541 2564 εἰργόμενοι.
557 2529 585 2556 '0
593 2529 621 2556 δὲ
632 2530 740 2565 πρωῖας
748 2530 779 2557 τὸ
791 2531 927 2567 μακάριον

136 2573 281 2610 ιπλήρωσε
313 2575 488 2611 πρόσταγμα,
512 2576 560 2603 καὶ
589 2576 685 2611 μισθὸν
706 2577 849 2609 εὐσεϐείας
874 2578 927 2614 τὴν

978 2307 1039 2328 esse
1055 2301 1134 2328 [idem
1146 2305 1249 2329 rectam
1266 2306 1293 2330 et
1308 2303 1530 2338 praedicationem
1541 2303 1674 2331 divinitus
1686 2305 1769 2340 inspi-

977 2351 1161 2383 ratam,quam
1172 2349 1301 2383 praedicta
1310 2349 1431 2384 synodus
1440 2348 1587 2381 dellnierit,
1597 2351 1767 2379 asserebant.

1014 2393 1077 2422 Haec
1091 2402 1153 2422 cum
1178 2395 1279 2430 egregii
1304 2395 1447 2428 dixissent,
1464 2399 1493 2423 et
1522 2395 1704 2431 jurejurando
1736 2405 1767 2425 ea

980 2438 1146 2472 ﬁrmassent,
1160 2439 1326 2475 Petrumque
1341 2440 1397 2475 jam
1406 2439 1550 2468 credulum
1566 2441 1712 2469 tormentis
1722 2449 1769 2477 pa-

980 2489 1110 2518 trassent,
1127 2490 1157 2513 ut
1171 2491 1295 2521 putatum
1314 2491 1368 2519 est,
1380 2491 1555 2516 recesserunt
1575 2495 1589 2515 a
1604 2488 1708 2524 templo
1717 2496 1770 2516 suo

980 2532 1083 2560 exclusi
1102 2532 1269 2561 nullatenus.
1293 2534 1328 2561 At
1347 2534 1403 2566 ille,
1425 2534 1504 2562 beato
1529 2535 1670 2571 completo
1689 2543 1770 2564 mane

980 2582 1126 2614 pracepto,
1135 2579 1260 2607 mercede
1273 2580 1384 2615 pietatis
1397 2580 1585 2610 incolumitate
1598 2582 1702 2617 potitus
1715 2588 1767 2613 est.

881 2649 994 2678 NOT/E.

174 2693 231 2727 (‘27)
247 2694 330 2730 Quid
341 2694 368 2721 in
381 2695 486 2722 codicis
502 2695 589 2722 Graeci
606 2695 705 2722 lacuna
722 2694 758 2722 sit
774 2695 924 2730 perditum,

138 2729 435 2757 demonSIrat-Latinus
449 2734 551 2757 textus.

176 2763 231 2797 (‘28:
248 2763 372 2799 Egyptii
384 2766 484 2799 quippe
493 2769 559 2792 sunt
572 2764 697 2792 Dioscori
709 2769 737 2792 et
746 2764 839 2793 Severi
851 2773 926 2793 asse-

139 2799 200 2828 σιω.
213 2806 333 2833 quorum
350 2799 491 2827 hominum
503 2804 598 2828 contra
611 2800 758 2828 concilium
775 2800 926 2829 Chalcedo—

141 2841 226 2861 nense
244 2840 316 2862 nota:
331 2839 396 2862 sunt
409 2836 447 2862 ira
460 2839 486 2862 et
501 2835 638 2870 impietas.

1016 2696 1071 2730 (29)
1088 2696 1193 2731 lieapse
1212 2701 1238 2723 et
1253 2697 1279 2723 in
1298 2697 1398 2731 priscis
1417 2697 1596 2724 ecclesiarum
1614 2696 1692 2723 Rom.
1707 2705 1768 2722 tnu-

981 2732 1046 2758 sivis
1064 2737 1205 2765 spectatur
1227 2731 1326 2760 ﬂuvius
1342 2740 1405 2759 cum
1420 2732 1602 2766 inscriptione
1617 2731 1764 2763 Iordanes,

980 2775 1034 2801 quo
1054 2767 1196 2794 lostralem
1223 2767 1351 2801 baptismi
1379 2775 1479 2802 aquam
1504 2767 1666 2802 signiﬁcari,
1686 2775 1767 2794 numu

981 2803 1153 2834 antiquarins
1169 2811 1221 2829 non
1235 2803 1311 2830 dicit.

1017 2838 1072 2871 (30)
1085 2837 1157 2865 Gens
1175 2838 1365 2872 x'Ej.‘_\'plll)t‘|llll
1383 2838 1513 2872 propositi
1533 2843 1613 2864 tonus
