1910 3078
149 124 218 154 3575

595 124 625 154 S.
639 123 848 154 SOPHRONII
868 124 1120 156 PATRIARCILE
1140 127 1341 160 HIEROSOL.

1717 132 1787 164 3576

148 187 176 209 ct
188 180 338 216 permansit
350 179 431 208 ﬁdem
447 179 713 215 custodiens,quam
732 181 784 208 sibi
812 186 946 216 martyres

1003 183 1083 217 βῶσιν
1099 184 1240 219 ἐδρέψατο,
1255 185 1301 211 καὶ
1317 184 1459 219 φυλάττων
1473 185 1523 221 τήν
1538 185 1630 213 πίστιν
1640 186 1786 222 διέμεινεν,

151 227 337 258 tradiderunt,
362 230 388 253 et
405 226 561 254 mercedem
583 233 644 261 qua:
660 226 764 254 auferri
777 235 830 253 non
850 232 943 261 posset

149 273 244 302 imbuit
271 281 286 300 a
311 277 384 300 recta
403 273 456 301 tide
473 273 584 300 minime
602 273 786 304 γρι-ῑᾱι-ιιὼιιιι.
809 273 856 300 sed
879 281 941 300 cum

150 322 201 347 l-ac
215 320 393 348 exsistentem
403 323 430 347 et
447 323 614 352 manentem,
631 325 713 354 atque
738 320 940 354 scpat‘ationem

151 368 224 394 illius
255 367 412 394 nullatenus
433 366 641 393 admittentem:
661 366 706 392 Sf‘d
726 374 813 400 neque
840 374 942 399 praece-

151 412 280 440 dentibus
299 410 398 438 similia
422 411 535 445 patitur,
566 418 654 445 neque
673 410 725 437 tide
743 411 783 437 vel
809 412 941 445 sospitale

153 459 285 491 privatur,
300 462 329 485 ut
351 458 448 484 iterum
478 458 551 483 sicut
578 457 702 492 ingratus
718 457 894 492 corripiatur.
914 461 941 484 et

149 504 301 538 flagellauit;
319 503 432 529 meliora
453 507 586 534 sectetur,
603 502 649 529 sed
664 507 705 528 est
724 503 825 533 fidelis,
843 503 940 529 immu-

148 548 250 581 tabilis,
264 548 446 576 indelirientis
456 548 586 575 sanitatis
595 548 766 575 vindemians
780 549 939 583 bolryones.

147 594 179 620 lit
196 593 294 621 Petrus
310 593 420 628 quidem
451 593 542 620 taliter
564 594 781 620 eonnnunirutur
808 593 939 620 Ecclesiae

148 641 238 666 factus
253 643 308 670 est,
322 644 348 666 et
359 639 431 666 ftlius
443 639 512 666 lucis
530 639 684 673 appellatus
700 643 751 665 est.
845 671 848 674 π

181 686 294 713 Momms
311 690 403 713 autem
420 686 595 712 Clu-istodori
613 689 772 712 sanctorum
797 685 940 719 dispensa-

145 733 213 760 turis
241 733 376 764 notarius,
408 740 472 759 cum
503 731 705 758 Alexandrinus
727 731 884 762 exsisteret,
913 735 940 757 et

145 778 270 812 ejusdem
289 779 438 809 hereseos,
457 777 607 804 inuidit-ste
633 777 786 812 flagellatus
813 784 939 803 commu-

146 825 261 852 nicavit.
280 825 330 852 Hic
345 825 419 852 enim
433 829 546 852 sanctos
578 824 718 850 dormiens
730 823 763 850 ad
781 823 940 850 honorabile

146 872 299 899 sacrarium
336 875 364 898 et
399 871 544 906 mysticam
583 871 778 903 caelestemque
819 876 941 896 mensam

146 923 306 953 pergentes,
317 918 396 953 quasi
412 917 444 944 ad
460 923 555 944 sanCIa
570 920 748 952 percepturos
757 919 941 947 sacramenta,

146 963 260 990 videbat
275 972 282 995 ;
313 963 361 998 qui
379 961 510 989 conversi
525 965 552 988 et
570 966 728 995 sequentem
751 960 864 986 minime
875 967 944 986 con-

151 1009 331 1043 templatttes.
355 1007 460 1036 adeum
476 1015 505 1035 se
513 1010 635 1038 vertunt,
647 1011 674 1033 ct
693 1006 805 1033 retentis
818 1012 873 1040 pra!
887 1012 945 1032 ma-

149 1054 237 1082 nibus
249 1055 349 1090 virgis.
365 1054 504 1082 indefesse
519 1054 592 1080 hunc
603 1059 629 1080 et
641 1052 748 1080 fortiter
758 1052 944 1090 ﬂagellabant,

147 1109 260 1129 causam
272 1105 470 1128 tormentorum
482 1099 702 1126 manifestantes.
712 1098 843 1126 Dicebant
850 1099 922 1125 enim
936 1107 943 1126 :

147 1147 332 1181 Quamobrem
348 1151 495 1182 pergentes
509 1153 562 1173 nos
575 1145 610 1172 ad
625 1145 831 1172 communionis
847 1151 946 1179 perce-

149 1193 270 1228 ptionem
280 1192 400 1223 intuens,
418 1199 471 1218 non
482 1191 585 1226 pariter
600 1189 769 1218 cucurristi?
780 1189 866 1224 igitur
882 1189 904 1215 si
919 1188 945 1215 in

148 1240 231 1268 domo
246 1239 286 1267 vis
299 1246 460 1274 permanere
476 1242 581 1269 nostra,
590 1241 698 1264 nostras
706 1244 822 1271 sequere
831 1235 948 1263 sanctio.

150 1292 213 1317 nes;
222 1288 248 1310 et
259 1283 328 1310 unde
342 1290 394 1310 nos
404 1281 544 1309 Dotniuica
552 1287 616 1308 esca
627 1280 757 1312 fruimur,
767 1280 842 1306 illinc
855 1284 881 1307 et
890 1278 948 1314 ipse

151 1330 336 1360 communica,
349 1328 500 1363 digitorum
510 1332 590 1354 exten
597 1325 725 1354 sionibus
745 1332 854 1353 sacram
866 1331 945 1351 men-

152 1384 181 1404 sa
185 1384 210 1403 111
227 1378 422 1402 monstrantes.

958 856 977 883 Β

189 1443 243 1471 Sed
256 1451 317 1470 cum
334 1449 423 1477 neque
438 1441 523 1468 multa
535 1439 704 1476 spondentes
717 1439 827 1474 flagella
844 1439 868 1466 ei
884 1446 947 1474 per-

154 1491 321 1522 suasissent.
339 1487 484 1516 verissime
499 1487 659 1514 minitantcs
671 1486 846 1517 dimiserunt,
860 1485 945 1513 factu-

154 1544 216 1564 rum
240 1536 349 1571 penitus
374 1542 405 1562 se
419 1533 493 1569 quod
509 1533 616 1568 iussum
643 1533 731 1560 fuerat
756 1533 941 1567 pollicentem.
958 1528 978 1556 C

155 1583 208 1617 Qui
230 1588 381 1611 conversus
400 1580 543 1608 doloribus
571 1580 789 1614 astringebutur,
812 1584 942 1612 tanquam

156 1637 219 1657 vere
234 1635 385 1664 percussus
406 1627 519 1654 livorem
537 1626 666 1656 habebat.
692 1625 825 1652 voluntati
841 1629 945 1659 marty-

155 1683 217 1704 rum
247 1673 435 1702 testimonium
470 1672 679 1708 pet-bibentem;
720 1672 793 1698 unde
829 1677 945 1705 surgens

158 1719 251 1748 statim
291 1716 518 1747 communicavit.
550 1716 715 1749 doloresque
745 1718 945 1741 tormentorum

158 1765 296 1800 deposuit.
313 1768 339 1791 et
365 1771 435 1790 verte
457 1762 518 1789 fidei
545 1762 632 1796 gratia
652 1761 823 1787 illuminatus
844 1759 946 1790 animo,

160 1811 293 1846 benignos
306 1809 339 1837 de
351 1814 450 1836 caztero
470 1812 581 1836 sanctos
599 1806 730 1842 possedit.
755 1805 840 1832 Perro
855 1805 948 1832 volen-

163 1862 204 1885 tes
218 1857 335 1883 aliorum
357 1861 466 1889 quoque
482 1852 648 1880 mentionem
670 1850 850 1886 plurimorum
872 1849 946 1876 face-

162 1912 201 1937 re,
232 1903 278 1938 qui
303 1901 457 1936 martyricis
481 1898 721 1927 communicavere
746 1896 902 1932 praeceptis,
919 1895 950 1922 [i-

161 1950 259 1984 deique
282 1947 403 1975 didicere
431 1946 583 1977 veritatem,
614 1943 680 1971 solis
702 1950 762 1977 qua:
787 1942 859 1969 dicta
886 1945 950 1968 sunt

161 2001 259 2022 sumus
272 1992 405 2023 contenti,
422 1996 452 2018 ut
467 1997 547 2017 nemo
567 1997 618 2016 nos
633 1988 790 2022 suspicetur
812 1987 873 2014 fidei
890 1990 950 2013 tan-

162 2047 221 2069 tutn
249 2047 344 2071 causa,
377 2043 536 2066 sanctorum
562 2035 709 2070 scripsisse
735 2033 878 2061 miracula.
900 2032 950 2060 Hie

163 2092 229 2120 ergo
245 2089 272 2112 et
294 2083 328 2110 de
344 2082 428 2109 Petro
448 2088 479 2108 ac
505 2080 605 2116 Henna
621 2079 741 2111 notario,
761 2078 948 2105 narrationem

164 2131 354 2161 terminentes,
385 2133 411 2155 et
436 2131 547 2154 sanctos
577 2124 685 2160 hymnis
714 2124 805 2151 solitis
832 2123 949 2151 efferen-

165 2184 217 2211 tes,
232 2176 266 2204 ad
284 2175 367 2203 aliam
388 2174 523 2202 divinitus
542 2170 705 2206 inspiratam
723 2170 887 2198 relationem
903 2177 950 2197 ve-

164 2226 284 2253 uiamus.

165 2282 220 2310 XL.
239 2282 278 2309 De
303 2280 407 2309 Joanne
429 2277 586 2306 Mnemnlim
612 2281 766 2302 sanctorum
791 2275 835 2309 qui
862 2283 954 2302 renum

412 2316 563 2349 patiebatur
577 2312 705 2340 dolerent.

200 2363 261 2391 Non
291 2361 500 2394 inconveniens,
529 2363 559 2386 ut
583 2358 721 2391 arbitror,
751 2362 803 2389 est,
821 2356 955 2383 Joannem

168 2411 252 2438 etiam
282 2410 347 2436 huic
375 2405 572 2434 commendare
590 2404 737 2438 scriptura:
763 2403 809 2437 qui
839 2410 958 2430 mnema.

170 2457 234 2484 lites
256 2453 478 2488 nuncupabatur,
502 2459 536 2479 eo
560 2449 632 2485 quod
658 2452 834 2476 monumento
855 2455 955 2482 praes-

168 2507 211 2530 εει
229 2500 382 2529 curationis
403 2502 582 2527 sanctorum;
608 2502 716 2522 mnema
733 2495 834 2529 quippe
856 2501 957 2520 monu-

170 2552 292 2575 mentum
313 2546 526 2580 intcrprt-tatur;
544 2542 590 2578 qui
608 2546 663 2569 tam
677 2540 860 2568 Cln'istodoro
875 2546 956 2574 quam

170 2591 373 2629 dispensationi
408 2589 583 2617 ministrabat
622 2593 795 2618 sanctorum,
827 2585 957 2616 quoniam

171 2649 235 2669 cum
269 2638 303 2666 de
333 2637 413 2664 Petro
443 2635 570 2671 (Egyptio
605 2632 793 2661 referebamus
830 2631 956 2659 Meunam

170 2687 254 2715 etiam
277 2684 417 2712 notarium
438 2682 629 2717 apposuimus,
646 2679 710 2706 licet
726 2676 892 2712 martyribus
906 2676 959 2703 mi-

173 2732 350 2761 nistrantium
366 2736 497 2765 personas
515 2728 581 2755 fides
595 2731 622 2755 et
640 2733 739 2761 genera
760 2724 957 2751 miraculorum

174 2779 202 2806 in
226 2785 274 2805 eos
295 2781 465 2813 patratorum
490 2781 542 2801 nos
569 2773 603 2800 ab
624 2772 740 2798 invicem
757 2776 888 2804 separare
913 2776 959 2795 cn-

174 2824 289 2859 cgerint,
306 2824 370 2848 dum
395 2821 523 2855 rulligerc
548 2819 608 2845 illas
631 2817 763 2843 vellemus
786 2819 812 2841 et
836 2814 960 2841 studere-

177 2879 248 2898 “HIS.

965 2227 992 2256 D

995 228 1027 263 ἢν
1040 229 1063 255 οἱ
1086 229 1224 264 μάρτυρες
1239 230 1314 266 αὐτῷ
1327 231 1458 264 δέδιιικαν,
1473 232 1520 259 καὶ
1536 232 1582 259 τὸν
1603 233 1699 267 μισθὸν
1720 235 1787 261 ἀνα-

994 274 1125 309 φαίρετον
1142 275 1243 312 ἔσχηκε
1258 276 1308 312 τῆς
1322 277 1406 312 ὀρθῆς
1421 278 1451 304 οὑ
1473 279 1640 315 τεμνόμενον
1658 280 1786 314 πίστεως,

993 319 1063 346 ἀλλὰ
1073 321 1158 356 ταύτῃ
1175 322 1288 349 συνόντα
1302 323 1350 349 καὶ
1368 323 1494 358 μένοντα,
1514 325 1560 351 καὶ
1579 325 1625 352 τὸν
1646 326 1786 361 χωρισμὸν

993 367 1079 402 αὐτῆς
1100 369 1132 394 οὐ
1154 367 1318 403 δεχόμενον·
1341 369 1403 395 οὐδὲ
1427 370 1527 405 πάσχει
1548 371 1602 402 τοῖς
1619 371 1786 406 προλαϐοῦσι

993 412 1026 438 τὰ
1041 412 1132 447 ὅμοια,
1150 413 1212 439 οὐδὲ
1237 414 1356 445 πίστεως
1377 409 1577 449 στερεῖταίκαὶ
1598 416 1720 451 ῥώσεως,
1738 418 1786 444 καὶ

993 459 1074 485 πάλιν
1094 459 1132 491 ὡς
1149 459 1286 495 ἀγνώμων
1309 461 1467 488 παιδεύεται
1494 462 1541 488 καὶ
1556 462 1786 497 μαστιγούμενος,

995 507 1183 540 μεταποιεῖται
1199 506 1234 534 τὰ
1247 507 1401 542 κρείττονα,
1418 506 1477 534 ἀλλ’
1496 507 1554 534 ἔστι
1571 508 1666 540 πιστὸς
1682 509 1787 544 ἀμετά-

993 550 1080 584 θετος,
1097 552 1277 584 ἀδιαλείπτως
1290 553 1400 588 τρυγῶν
1411 553 1460 588 τῆς
1476 553 1570 587 ὑγείας
1582 555 1644 585 τοὺς
1657 554 1785 589 βότρυας.

993 598 1048 624 Καὶ
1070 598 1173 634 Πέτρος
1191 599 1240 634 μὲν
1267 598 1339 625 οὕτω
1361 599 1519 631 κοινωνικὸς
1545 599 1595 633 τῆς
1622 599 1786 635 Ἐκκλησία;

993 643 1113 677 ἐγένετο,
1134 644 1182 671 καὶ
1201 645 1296 671 τέκνον
1313 645 1413 679 φωτός.
1608 642 1613 647 ’
1660 667 1662 669 μ

1027 691 1123 724 Μηνᾶς
1134 690 1162 716 δὲ
1177 691 1190 716 ὁ
1206 691 1396 727 Χριστοδὼρου
1412 691 1458 718 τοῦ
1469 692 1523 719 τῶν
1539 693 1625 728 άγίων
1641 693 1785 727 οἰκονόμου

991 735 1127 770 νοτάριος,
1150 735 1342 772 Ἀλεξανδρεὺς
1357 736 1395 764 ὢν
1417 738 1464 764 καὶ
1479 738 1530 773 τῆς
1554 739 1639 774 αὐτῆς
1655 739 1786 773 ὑπάρχων

991 782 1133 816 αἱρέσεως,
1159 783 1284 818 φανερῶς
1301 783 1462 818 μαστιχθεὶς
1486 784 1676 819 ἐκοινώνησεν.
1701 783 1785 816 Οὗτος

992 828 1045 863 γὰρ
1065 829 1129 860 τοὺς
1155 828 1251 863 ἁγίους
1267 830 1451 864 κοιμώμενος,
1478 831 1525 856 ἐπὶ
1549 831 1579 857 τὸ
1604 832 1695 865 τίμιον
1710 831 1782 864 ίερα-

993 877 1075 907 ¹ιεῖον,
1092 874 1139 901 καὶ
1154 875 1204 907 τὴν
1219 875 1354 910 μυστικὴν
1375 876 1421 902 καὶ
1435 876 1561 910 οὐράνιον
1581 876 1731 911 τράπεζαν,
1748 876 1785 906 ὡς

995 920 1034 950 είς
1053 920 1210 954 μυστηρίων
1232 920 1318 954 ἁγίων
1332 921 1463 952 ἀπιόντας
1481 921 1634 956 μετάληψιν
1660 921 1786 948 ῑὸλεπενν

995 965 1020 991 οἳ
1043 965 1209 1000 στραφέντες
1225 965 1273 992 καὶ
1291 965 1329 1001 μὴ
1341 966 1475 1000 ἑπόμενον
1489 967 1571 993 αὑτὸν
1585 967 1784 1001 θεωρήσαντες.

996 1013 1065 1049 πρὸς
1080 1013 1163 1040 αὑτδν
1187 1013 1399 1049 ὑποστρέφουσι,
1417 1014 1464 1040 καὶ
1485 1013 1600 1048 ῥάϐδους
1618 1013 1709 1040 αὐτῶν
1725 1014 1785 1042 ταῖς

996 1059 1137 1094 παλάμαις
1158 1059 1330 1094 κατέχοντες.
1358 1059 1473 1090 ἐντόνως
1489 1059 1571 1086 αὐτὸν
1586 1059 1633 1085 καὶ
1653 1059 1786 1092 γενναίως

996 1105 1153 1141 ἐμάστιζον,
1180 1105 1230 1140 τὴν
1251 1105 1342 1132 αἰτίαν
1363 1105 1418 1131 τῶν
1441 1104 1566 1140 βασάνων
1597 1105 1785 1140 ἐμφαίνοντες.

997 1153 1075 1184 Τίνος
1092 1153 1147 1188 γὰρ
1163 1153 1267 1184 ἕνεκεν,
1284 1152 1387 1186 ἔλεγον,
1402 1152 1532 1183 ἀπιόντας
1545 1152 1617 1186 ἡμᾶς
1631 1151 1676 1177 ἐπὶ
1691 1158 1787 1177 κοινωο

997 1199 1057 1231 νίας
1071 1199 1177 1233 βλέπων
1194 1198 1347 1233 μετάληψιν
1355 1199 1386 1224 οὐ
1399 1198 1566 1233 συνέδραμες
1578 1207 1585 1230 ;
1598 1197 1628 1223 Εἰ
1640 1197 1730 1223 τοίνυν
1745 1196 1783 1228 εις

997 1243 1071 1272 οἷκον
1083 1244 1172 1280 βούλει
1181 1244 1350 1280 παραμένειν
1360 1243 1444 1279 ήμέτε
1449 1252 1494 1278 ρον
1499 1263 1506 1275 ,
1515 1244 1571 1274 τοῖς
1586 1243 1665 1277 ήμῶν
1672 1241 1769 1269 άκολού
1774 1256 1786 1262 -

998 1290 1040 1317 θει
1055 1289 1253 1325 θεσπίσμασιν·
1266 1290 1314 1316 καὶ
1326 1289 1387 1316 ὅθεν
1401 1289 1483 1324 ἡμεῖς
1503 1288 1674 1323 Δεσποτικῆς
1684 1287 1787 1322 τροφῆς

999 1336 1183 1370 ἀπολαύομεν,
1197 1336 1288 1362 ἐκεῖσε
1299 1336 1346 1362 καὶ
1353 1335 1434 1366 αὐτὸς
1448 1334 1654 1369 μεταλάμὸανε,
1663 1335 1724 1366 ταῖς
1733 1333 1787 1360 τῶν

998 1381 1138 1409 δακτύλων
1147 1381 1290 1408 ἐκτάσεσιν
1304 1381 1354 1416 τὴν
1364 1380 1440 1416 ἱερὰν
1452 1379 1620 1411 δεικνύοντες
1637 1378 1785 1414 τράπεζαν.

1042 1449 1113 1475 Ἀλλ’
1134 1448 1195 1475 οὔτε
1212 1448 1280 1484 μετά
1296 1447 1425 1480 πλείστας
1449 1447 1542 1479 αὐτοῖς
1567 1447 1713 1474 συνθέσθαι
1737 1446 1790 1481 μά-

1001 1503 1097 1530 στιγας
1111 1494 1233 1524 ἔπεισαν,
1248 1492 1387 1528 ὲμϐριθῶς
1397 1492 1594 1527 ἀπειλήσαντες
1607 1492 1712 1522 εἴασαν,
1726 1491 1790 1517 πάν-

996 1550 1050 1573 τως
1070 1542 1156 1567 ποιεῖν
1172 1540 1201 1566 τὺ
1221 1539 1364 1566 κελευσθὲν
1384 1539 1594 1573 συνταξάμενον.
1619 1537 1647 1564 '0
1663 1537 1691 1564 δὲ
1706 1546 1790 1572 utpa—

998 1588 1059 1622 φεὶς
1073 1587 1132 1618 ταῖς
1144 1585 1289 1621 ἀλγηδόσιν
1302 1584 1443 1619 ὲστύφετο,
1456 1584 1504 1611 καὶ
1517 1583 1555 1615 ὡς
1567 1583 1642 1618 ὕπαρ
1656 1582 1790 1618 πληχθεὶς

998 1632 1054 1668 εἶχε
1081 1633 1145 1664 τοὺς
1166 1631 1314 1667 μώλωπας,
1331 1630 1370 1666 τῷ
1389 1630 1444 1657 τῶν
1468 1630 1553 1664 ἁγίων
1583 1628 1791 1665 μαρτυροῦντας

1000 1678 1246 1715 βουλήματι.¹’οθεν
1259 1677 1377 1709 ἀναστὰς
1387 1677 1467 1709 εὐθὺς
1480 1676 1668 1711 ἐκοινώνησεν,
1682 1674 1729 1701 καὶ
1742 1673 1791 1706 τὰς

999 1726 1054 1753 τῶν
1069 1725 1194 1760 βασάνων
1209 1724 1289 1756 εὐθὺς
1303 1723 1399 1755 ὀδύνας
1423 1722 1543 1750 ἀπέϐαλε
1556 1730 1563 1737 ·
1579 1721 1627 1749 καὶ⁸
1644 1719 1791 1754 φωτισθεὶς

1000 1772 1049 1807 τὴν
1062 1771 1151 1806 ψυχὴν
1165 1772 1199 1806 τῇ
1216 1769 1266 1804 τῆς
1279 1768 1396 1805 ἀληθοῦς
1410 1768 1529 1800 πίστεως
1545 1768 1650 1804 χάριτι,
1666 1767 1791 1801 εὐμενεῖς

1001 1818 1030 1844 τὸ
1044 1816 1138 1844 λοιπὸν
1154 1817 1219 1847 τοὺς
1237 1815 1333 1850 ἁγίους
1349 1815 1495 1850 ἐκτήσατο.
1518 1813 1679 1848 Βουλόμενοι
1695 1812 1724 1839 δὲ
1744 1811 1792 1838 καὶ

1002 1863 1133 1890 πλειόνων
1164 1862 1252 1889 ἄλλων
1279 1861 1393 1897 μνήμην
1420 1860 1587 1896 ποιήσασθαι
1614 1858 1791 1895 μαρτυρικοῖς

1003 1908 1241 1944 κεκοινωνηκότων
1264 1906 1485 1942 προστάγμασιν,
1508 1905 1556 1932 καὶ
1584 1904 1723 1940 μαθόντων
1742 1903 1792 1937 τῆς

1000 1956 1119 1987 πίστεως
1137 1954 1188 1990 τὴν
1205 1953 1345 1990 ἀλήθειαν,
1360 1953 1417 1985 τοῖς
1428 1952 1564 1987 λεχθεῖσιν
1585 1951 1676 1987 μόνοις
1693 1948 1792 1985 ἀρκού-

1002 2002 1072 2038 μεθα
1082 2010 1089 2016 ·
1108 2001 1152 2029 ἵνα
1167 2001 1263 2038 μηδεὶς
1281 2001 1355 2036 ἡμᾶς
1368 1999 1565 2027 ὐποπτεὺσειεν
1578 1997 1697 2029 πίστεως
1710 1996 1792 2023 ἕνεκα

1000 2048 1167 2084 γεγραφέναι
1178 2048 1234 2074 τῶν
1244 2047 1329 2081 ἁγίων
1339 2047 1373 2074 τὰ
1383 2045 1522 2081 θαύματα.
1540 2043 1672 2071 Ἐνταῦθα
1680 2042 1734 2078 γὰρ
1745 2040 1793 2068 καὶ

1002 2094 1051 2130 τὴν
1067 2094 1133 2129 περὶ
1154 2093 1259 2128 Πέτρου
1274 2093 1323 2120 καὶ
1336 2092 1420 2127 Μηνᾶ
1440 2090 1488 2118 τοῦ
1515 2089 1641 2125 νοταρίου
1666 2087 1794 2123 διήγησιν

1005 2140 1246 2176 συμπεράναντες,
1273 2138 1393 2170 καὶτοὺς
1408 2137 1504 2172 ἁγίους
1524 2136 1706 2172 ὑμνήσαντες,
1724 2132 1795 2167 πρὸς

1005 2188 1089 2224 ἀλλην
1102 2187 1230 2223 διήγησιν
1244 2185 1336 2213 ἔνθεον
1350 2184 1483 2224 ἔλθωμεν.

1007 2272 1051 2299 Μ’.
1068 2270 1140 2305 Περὶ
1171 2269 1307 2305 Ἰωάννου
1332 2268 1388 2305 τοῦ
1409 2266 1603 2305 Μνηματίτου
1627 2263 1686 2290 τῶν
1704 2261 1797 2297 ἁγίων

1197 2304 1269 2338 τοὺς
1284 2303 1414 2338 νεφροὺς
1431 2301 1613 2336 πάσχοντος.

1044 2355 1101 2381 Οὐκ
1109 2354 1220 2385 ἄτοπον,
1229 2352 1266 2383 ὼς
1278 2348 1364 2386 οἶμαι,
1382 2350 1537 2383 καθέστηκε
1549 2347 1594 2374 καὶ
1607 2345 1734 2379 Ἰωάννην
1745 2352 1798 2371 πα-

1009 2399 1139 2436 ραθέσθαι
1158 2398 1197 2433 τῷ
1212 2398 1358 2433 γράμματι
1375 2395 1420 2421 τὸν
1434 2392 1618 2428 Μνηματίτην
1632 2389 1798 2422 ἐπιλεγόμε-

1008 2455 1064 2477 νον,
1084 2446 1122 2476 ὡς
1137 2444 1186 2479 τῆς
1202 2443 1350 2478 θεραπείας
1366 2440 1413 2468 τοῦ
1427 2440 1482 2466 τῶν
1496 2438 1582 2472 άγίων
1598 2436 1796 2472 προϊστάμενον

1011 2492 1163 2526 μνήματος,
1182 2488 1276 2523 ἐπειδὴ
1291 2488 1326 2514 τά
1345 2487 1416 2514 κατὰ
1433 2485 1537 2520 Πέτρον
1556 2482 1733 2518 διηγούμενοι
1753 2480 1800 2526 τον

1010 2525 1171 2570 Αίγύπτιον,
1186 2535 1233 2562 καὶ
1248 2534 1344 2569 Μηνᾶν
1358 2531 1534 2568 παρεθέμεθα
1548 2529 1594 2556 τδν
1607 2528 1740 2563 νοτάριον,
1754 2525 1800 2552 τὸν

1010 2582 1192 2618 Χριστοδώρῳ
1215 2579 1262 2607 καὶ
1275 2581 1309 2615 τῇ
1327 2579 1381 2606 τῶν
1403 2578 1487 2612 ἀγίων
1503 2575 1645 2610 οἰκονομία
1659 2571 1803 2600 διακονού-

1012 2635 1102 2663 μενον,
1121 2627 1144 2652 si
1168 2625 1216 2652 καὶ
1239 2625 1273 2651 τὰ
1297 2624 1351 2650 τῶν
1371 2621 1580 2658 ὑπηρετούντων
1601 2621 1658 2651 τοῖς
1683 2619 1802 2654 μάρτυσι

1011 2674 1157 2708 πρόσωπα,
1175 2672 1203 2697 αἱ
1217 2671 1323 2702 πίστεις
1346 2669 1394 2696 καὶ
1407 2669 1442 2695 τὰ
1455 2668 1535 2703 γένη,
1551 2667 1598 2693 καὶ
1614 2666 1674 2692 ’τῶν
1694 2665 1735 2696 είς
1750 2664 1802 2690 αὐ-

1010 2720 1074 2751 τοὺς
1095 2717 1272 2753 πραχθέντων
1288 2717 1434 2752 θαυμάτων
1450 2714 1547 2742 διελεῖν
1563 2713 1638 2749 ἡμᾶς
1654 2711 1702 2738 ἀπ’
1717 2710 1803 2746 ἀλλή-

1012 2765 1064 2792 λων
1088 2765 1239 2800 ήνάγκασε,
1254 2763 1343 2790 καίτοι
1367 2762 1514 2789 συνάπτειν
1529 2759 1599 2787 αὐτὰ
1623 2756 1804 2794 βουλομένους

1014 2812 1060 2839 καὶ
1079 2811 1253 2843 σπεύδοντας.
