1910 3078
43 116 94 148 ἓζιῗῖ

498 113 550 143 SS.
567 113 655 143 CYRI
672 114 720 144 ET
733 113 895 144 JOANNIS
921 115 1128 145 MIRACULA.

1595 118 1667 150 3578

69 170 147 201 Λίϐυς
162 169 176 195 ὁ
195 168 324 203 Ἰωάννης
338 169 498 202 ἐτύγχανεν,
514 167 563 194 καὶ
574 167 746 203 Μαραιώτην
756 167 819 203 ᾤκει

912 169 1014 204 Libyus
1031 171 1149 199 Joannes
1166 177 1235 203 erat,
1261 177 1288 199 et
1307 173 1379 206 apttd
1404 172 1549 200 Mttratoten
1569 176 1665 210 primi—

41 218 62 243 τὺ
75 217 216 251 πρότερον·
230 214 289 241 ἀλλ’
302 215 342 245 εἰς
358 214 387 240 τὸ
400 213 455 239 τῶν
471 213 558 247 ἁγίων
579 215 726 248 γενόμενος
739 214 822 248 τέμε-

42 272 82 294 ,ςν
91 263 188 297 τρόπον
198 261 260 287 τινὰ
270 261 350 295 γένος
361 260 497 295 ἠλλάξατο
506 269 512 275 ·
525 259 666 299 Λίγύπτομ
678 260 731 294 γὰρ
741 259 821 285 τοῦτο

42 310 124 345 μᾶλλον
144 309 204 334 ἐστι
225 307 422 342 πλησιαίτερον
435 314 441 320 '
466 305 497 331 τὸ
519 305 548 331 δὲ
562 305 611 340 τῆς
634 305 820 339 μετοικήσεως

41 357 119 388 αἴτιον,
141 355 250 388 δαίμων
264 351 310 390 ἦν,
322 353 361 384 ὡς
382 352 518 385 λέγουσιν,
535 351 641 386 ἄγριος,
655 350 683 382 ὃς
700 351 728 376 ὲν
744 349 821 385 αὐτῷ

40 403 76 437 τὴν
94 401 237 428 κατοικίαν
254 399 430 434 ποιούμενος,
449 399 586 432 ἀφόρητος
601 395 635 432 ἦν
654 397 698 423 διὰ
720 396 821 431 πολλὴν

39 449 183 483 ἀγριότητα.
202 446 306 473 Τούτου
325 446 406 481 χάριν
421 445 435 470 ὁ
454 444 580 479 Ἰωάννης
597 443 739 478 δεδεμένος
757 443 821 470 ἀλύ-

40 503 97 520 σεσιν
110 493 180 529 πρὸς
192 493 257 523 τοὺς
280 492 423 527 μάρτυρας
441 490 534 526 ἤγετο,
553 490 629 520 ὅπως
645 489 728 515 αὑτὸν
742 489 821 524 ἐλεή-

40 549 117 571 ηντες
140 539 191 566 τοῦ
216 537 407 569 συνοικοῦντος
430 535 625 571 λυτρώσωνται
647 535 790 570 δαίμονος·
807 533 822 561 ὃ

40 588 73 613 tu".
91 587 190 613 θᾶττον
206 584 393 620 πεπράχασιν,
416 582 592 613 Ἑκϐαλόντες
619 581 674 616 γὰρ
698 580 778 611 εὐθὺς
791 580 822 607 τὸ

38 633 168 667 ειιμόνιον,
185 631 238 666 τῆς
251 630 350 658 τούτου
368 629 466 664 μανίας
481 629 593 664 διηνεκῆ
610 629 761 664 δωροῦνται
772 628 822 664 τὴν

39 681 167 714 ὶίτᾳωαιν.

68 726 92 752 Ὀ
105 726 132 751 δὲ
156 724 264 759 ταύτης
283 721 374 758 τυχὼν
397 721 447 757 τῆς
465 720 640 756 λυτρώσεως,
660 719 714 746 τῶν
735 728 822 746 σεσω-

38 771 106 795 ιίτων
119 770 211 803 ἁγίων
233 768 329 795 δοῦλον
342 766 438 794 ἑαυτὸν
462 766 655 802 ἀπεγράψατο,
673 766 723 800 τῆς
740 765 822 801 θερα-

39 816 100 847 τεὶις
112 816 197 848 ἀξίαν
209 813 419 849 ἐνδεικνύμενος
436 812 555 844 εὖνοιαν,
572 812 607 838 δι’
630 812 664 847 ἢν
683 812 730 838 καὶ
758 820 823 847 μετ-

873 221 918 243 lus
935 216 1115 248 habitaverat,
1140 217 1187 245 sed
1215 225 1277 244 cum
1298 219 1331 246 ad
1355 223 1516 246 sanctorum
1544 221 1667 249 venisset

872 261 1026 292 basilicam.
1044 270 1132 297 genus
1149 263 1229 290 modo
1241 263 1359 298 qttodam
1375 266 1501 297 mutavit,
1522 266 1579 293 haec
1592 267 1664 294 enim

871 312 913 336 est
929 308 1048 344 Egypto
1072 311 1268 345 propinquius.
1296 310 1384 338 Porro
1411 313 1666 347 transmigrationis

872 358 968 382 auctor
982 355 1088 382 dtcmon
1104 361 1172 388 erat,
1189 361 1218 383 ιιι
1234 356 1336 390 ferunt,
1355 359 1539 393 agrestis.qui
1557 359 1666 386 habita-

873 400 974 427 tionent
991 399 1110 428 faciebat
1127 402 1154 428 in
1175 402 1245 435 ipso,
1267 405 1295 429 et
1307 406 1365 429 erat
1381 404 1417 430 ob
1435 404 1550 430 ntultatn
1575 404 1667 431 ferita-

872 449 925 473 tetn
943 446 1132 474 intolerabilis.
1151 447 1239 482 Hujus
1261 448 1299 475 rei
1317 450 1404 484 gratia
1420 449 1541 478 Joannes
1555 451 1666 480 vinclul

872 494 979 521 catenis
993 494 1025 520 ad
1043 499 1183 529 martyres
1200 495 1346 529 agebatur.
1364 495 1386 522 si
1400 504 1455 531 quo
1469 497 1598 525 modosui
1612 498 1665 525 mi-

872 539 950 571 serti,
968 547 983 566 a
1002 540 1124 567 dannonc
1145 540 1191 575 qui
1218 549 1247 568 se
1269 541 1390 574 tenebat,
1420 543 1576 578 eriperent;
1590 542 1664 577 quod

871 589 899 612 et
929 585 1060 612 velociter
1088 592 1271 621 peregerunt;
1302 586 1391 620 ejecto
1417 588 1489 614 ettitu
1517 588 1664 620 confestim

871 627 1020 660 daemonio,
1039 628 1073 656 ab
1090 629 1173 664 hujus
1194 630 1302 657 insania
1318 631 1478 658 continuant
1496 631 1600 660 donant
1619 641 1664 661 re-

872 673 1068 708 demptionem.

906 721 940 747 At
964 721 1010 748 ille
1037 721 1108 749 hanc
1129 722 1256 758 adeptus.
1283 729 1442 750 sanctorum
1459 724 1504 758 qui
1525 732 1555 752 se
1577 726 1666 752 salva-

872 771 969 793 verant
989 772 1076 794 semet
1094 775 1203 795 servum
1224 769 1363 804 ascripsit,
1388 771 1532 797 curatione
1553 771 1664 806 dignam

873 812 1023 840 ostendens
1049 813 1281 847 benevolentiam,
1306 823 1355 850 per
1380 824 1461 850 qttam
1486 821 1513 844 et
1537 817 1666 845 transmi-

38 864 139 896 αιάστης
170 862 283 895 ἐγένετο
297 882 304 892 ,
331 861 379 887 καὶ
403 859 453 894 τὴν
471 859 586 894 πατρίδα
606 858 703 891 λιπὼν,
725 859 755 885 τὸ
768 859 819 885 τῶν

874 863 968 892 grator
983 857 1097 886 etlectus
1113 863 1165 891 est,
1185 865 1212 887 et
1230 861 1318 895 patria
1339 858 1484 894 derelicta,
1502 870 1588 897 penes
1600 870 1665 890 sane

38 910 104 941 hic»
121 908 280 944 μαρτύριον
295 907 416 942 ᾤκησεν.
429 906 485 933 Καὶ
501 906 582 933 τοῦτο
602 906 650 941 μὲν
664 906 713 941 τῆς
729 914 820 941 μετοι-

38 956 111 986 ιεῖίας
126 955 158 982 τδ
181 955 282 982 αἴτιον.
299 953 378 980 Μετὰ
390 955 487 989 χρόνον
503 952 530 979 δὲ
553 953 625 979 πάνυ
643 952 740 988 συχνὸν
757 953 821 984 τοὺς

37 1003 131 1037 ,ίεῇοδς
152 1001 265 1036 βαρέως
279 1001 420 1035 ἐνόσησεν,
436 1000 484 1027 καὶ
501 1000 517 1035 ἡ
530 999 607 1031 νόσος
617 997 652 1034 ἦν
665 999 821 1025 ἀνυπόστα-

36 1057 81 1079 τς·
98 1049 165 1074 ποτὲ
185 1048 235 1082 μὲν
250 1048 306 1083 γὰρ
331 1047 439 1073 πίπτων
465 1047 505 1074 εἰς
524 1046 576 1081 γῆν
595 1045 728 1077 ἐκυλίετο,
754 1045 820 1071 ποτὲ

37 1094 53 1119 Ξὲ
66 1096 109 1129 τῆς
135 1094 193 1128 γῆς
212 1093 396 1128 ἀνιστάμενος
412 1092 465 1119 ἀνὰ
492 1092 523 1118 τὸ
547 1091 661 1126 τέμενος
685 1091 756 1122 ἔθεε,
773 1091 820 1117 καὶ¹

46 1142 198 1175 ιρυςώνοις
213 1140 386 1174 στενάγμασι
405 1140 510 1170 πάντας
526 1138 590 1169 τοὺς
611 1138 659 1164 σὺν
673 1137 747 1172 αὐτῷ
762 1136 820 1163 δια-

31 1187 162 1221 trahimur;
178 1186 287 1221 ἐστέρει
302 1187 353 1220 τῆς
368 1184 534 1220 προσφιλοῦς
552 1183 742 1215 ἀναπαύσεως,
759 1183 820 1218 ἥτις

32 1234 107 1264 εζτςῑς
122 1232 236 1267 ἧρεμίᾳ
250 1231 448 1267 προσγινέσθαι
465 1231 600 1266 πέφυκεν,
616 1230 662 1257 καὶ
677 1230 746 1264 τάχα
759 1237 821 1263 συγ-

31 1278 128 1313 fuitat};
145 1278 304 1312 ἐτύγχανεν
322 1277 407 1309 ἄξιος,
431 1276 519 1308 οὕτως
535 1275 659 1311 σφοδρῶς
681 1274 819 1310 ὀδυνώμε-

33 1334 71 1355 «ίς.
86 1326 149 1351 Τῶν
168 1325 221 1359 μὲν
237 1325 293 1360 γὰρ
310 1324 398 1351 ἄλλων
411 1323 507 1350 παθῶν
523 1323 589 1354 ἴσως
600 1331 643 1354 τις
657 1323 707 1357 τῆς
722 1321 820 1356 ὀδύνης

30 1373 198 1406 mximum
213 1371 323 1407 νεφρῶν
338 1371 367 1398 δὲ
382 1371 463 1397 πόνον
486 1370 576 1396 εἰπεῖν
601 1370 649 1395 καὶ
665 1369 748 1402 ἄλγος
770 1370 819 1395 ἀν-

29 1417 141 1444 ιίγαατον
156 1417 217 1443 τῶν
235 1418 266 1443 οὐ
284 1417 459 1444 πεπονθότων
474 1415 573 1448 οὐδεὶς,
589 1414 665 1450 μόνοι
677 1414 704 1440 δὲ
718 1413 820 1448 γιγνώ-

30 1471 125 1490 σχονσιν
151 1464 181 1490 οἱ
204 1463 382 1498 νοσήσαντες.
406 1461 579 1489 Κινδυνεύων
607 1458 656 1487 οὖν
672 1460 819 1494 οὖτως,ὡς

28 1509 130 1545 Εςημεν,
142 1511 279 1545 Ἰωάννης
294 1509 474 1544 σφοδρότατα,
487 1508 557 1543 τάχα
569 1508 601 1535 ἂν
618 1507 819 1542 συντονωτέρας

29 1557 91 1592 ξτδχε
117 1558 173 1592 τῆς
191 1557 305 1589 ἰάσεως,
323 1557 348 1583 εί
370 1556 418 1583 σὺν
445 1555 621 1592 μακροθυμίᾳ
638 1556 700 1587 τοὺς
723 1555 819 1590 ἁγίους

28 1603 134 1630 ἱκέτευε.

34 1102 53 1119 ιε
66 1103 77 1119 ἲ

34 1149 81 1166 ηις

34 1168 37 1174 ι
60 1168 63 1175 4

31 1187 79 1198 ,νέξ

52 1696 141 1722 Καλὴν
166 1695 197 1722 δὲ
225 1694 313 1721 εἰπεῖν
329 1693 403 1725 ὅπως
417 1693 466 1720 καὶ
491 1692 570 1720 τοῦτο
593 1692 713 1729 διαφύγῃ
728 1693 759 1720 τὸ
775 1693 820 1720 νό-

26 1750 105 1776 στμα·
120 1743 186 1768 ἐστι
203 1741 260 1775 γὰρ
277 1740 291 1766 ὁ
315 1740 415 1775 τρόπος
439 1739 550 1775 χάριτος
569 1739 698 1774 ἔμπλεος.
721 1739 819 1775 Ἰατρι-

26 1796 79 1820 ne;
92 1797 138 1820 τις
159 1787 260 1814 τοῦτον
280 1785 342 1812 ἰδὼν
367 1785 494 1820 χαλεπῶς
509 1785 687 1820 ὀδυνώμενον,
707 1785 754 1812 καὶ
770 1785 819 1820 τῆς

26 1834 107 1867 ὑγείας
124 1832 257 1864 διακαῶς
271 1832 448 1868 ὀρεγόμενον,
464 1832 533 1867 Τρία
546 1831 591 1863 δός
613 1839 668 1866 μοι,
687 1831 754 1866 πρὸς
771 1832 819 1857 αύ-

24 1880 59 1906 ’.ῖιν
73 1880 139 1915 ἔφη,
155 1879 330 1914 νομίσματα,
346 1878 424 1913 κάγώ
439 1887 480 1905 σοι
496 1878 530 1905 δι’
553 1878 692 1905 ἀντιδότου
706 1879 819 1914 παρέχω

23 1926 61 1962 τὴν
76 1926 168 1954 tam”,
193 1925 226 1952 '0
246 1925 275 1952 δὲ
293 1926 390 1960 φυγεῖν
406 1924 567 1956 σπουδάζων
581 1925 630 1958 τὴν
647 1923 772 1959 βάσανον,
788 1924 818 1950 τὸ

23 1973 122 2006 χρυσίον
147 1971 305 2006 προθύμως
328 1970 478 2002 ἐπέδωκεν,
499 1970 548 1996 καὶ
567 1969 657 1996 λαὸὼν
681 1971 772 2004 ὲτήρει
789 1970 818 1996 τὸ

22 2020 177 2053 ςὰρμακον,
197 2018 244 2044 ἵνα
259 2017 328 2053 πρὸς
341 2016 440 2052 ὄρθρον
454 2016 520 2043 αὐτὸ
531 2016 575 2043 διὰ
592 2015 725 2051 στόματος
741 2015 818 2050 δέξη-

22 2072 65 2090 ut.
81 2064 140 2091 Καὶ
161 2062 226 2090 κατ’
244 2062 354 2097 ἐκείνην
375 2062 424 2097 τὴν
441 2062 527 2088 νύκτα
541 2060 726 2096 κοιμώμενος,
746 2068 817 2094 παρ-

22 2110 131 2142 mina;
154 2108 236 2143 αὐτῷ
256 2107 350 2143 βλέπει
364 2107 428 2139 τοὺς
447 2107 602 2143 μάρτυρας,
617 2108 664 2134 καὶ
681 2107 730 2142 τὴν
751 2107 817 2134 ἀπι-

20 2155 85 2181 ςτίαν
105 2155 164 2189 τὴν
190 2154 262 2189 πρὸς
288 2153 388 2185 αὐτοὺς
413 2152 607 2185 ὀνειδίζοντας,
634 2153 680 2179 και
706 2152 759 2178 τῶν
775 2153 816 2184 εἰς

872 906 979 930 ctorum
1002 903 1135 931 habitavit
1158 905 1331 940 martyrium.
1352 906 1385 933 Et
1406 907 1464 934 haec
1485 908 1597 942 quidem
1614 908 1666 936 fuit

871 948 955 983 hujus
972 957 1056 976 causa
1070 951 1336 986 transmigrationis.
1362 951 1429 980 Post
1449 958 1558 989 tempus
1572 959 1663 982 autem

872 995 1020 1024 admodum
1039 997 1134 1030 breve,
1158 1006 1255 1026 renuttt
1277 999 1436 1035 languorem
1452 1002 1575 1035 graviter
1592 1001 1665 1029 inci-

870 1042 921 1075 dit,
936 1047 963 1070 et
978 1043 1094 1079 languor
1108 1048 1169 1071 erat
1189 1045 1394 1073 intolerabilis:
1417 1048 1517 1074 etenim
1537 1048 1665 1083 aliquan-

871 1087 906 1115 do
929 1088 1034 1116 cadens
1051 1089 1077 1116 in
1097 1093 1197 1117 terram
1221 1091 1408 1125 volutabatur,
1429 1092 1580 1127 aliquando
1597 1101 1664 1121 vero

871 1141 886 1160 a
906 1138 980 1161 terra
995 1140 1110 1163 erectus
1133 1143 1181 1170 per
1201 1136 1342 1163 basilicam
1363 1137 1550 1171 discurrebat,
1574 1140 1665 1174 gravi-

871 1180 979 1216 busque
995 1182 1111 1209 vocibus
1129 1186 1155 1209 et
1172 1182 1320 1217 gemitibus
1341 1191 1438 1211 omnes
1453 1184 1499 1219 qui
1517 1185 1544 1211 in
1556 1193 1587 1212 ea
1605 1193 1664 1211 mo-

870 1227 1006 1254 rabantur
1021 1228 1116 1262 requie
1131 1229 1257 1263 privabat
1271 1233 1373 1262 amata,
1391 1238 1451 1265 qum
1466 1231 1520 1258 illis
1538 1231 1571 1258 ad
1587 1232 1664 1265 quie-

873 1277 925 1300 tem
939 1274 1074 1308 prolicere
1090 1274 1168 1302 solet.
1187 1274 1220 1301 Et
1237 1274 1310 1302 forte
1324 1277 1402 1303 venia
1419 1277 1520 1312 dignus
1532 1281 1592 1304 erat
1606 1281 1661 1304 tant

869 1319 961 1346 valide
973 1319 1071 1347 dolens
1085 1328 1092 1347 :
1109 1328 1172 1347 nam
1185 1320 1300 1348 aliarutn
1315 1322 1425 1356 quidem
1441 1323 1601 1357 passionum
1615 1323 1664 1350 do-

871 1366 913 1392 lor
930 1365 1048 1394 fortasse
1065 1367 1213 1402 quisquam
1231 1367 1267 1394 sit
1283 1368 1430 1396 veltemens
1454 1368 1591 1403 advertit;
1619 1378 1664 1398 re-

871 1421 936 1440 ttttm
957 1418 1048 1441 autem
1073 1413 1196 1441 dolorem
1214 1419 1246 1445 ,et
1268 1415 1435 1449 cruciatum,
1458 1415 1556 1449 fateor,
1582 1424 1664 1444 nemo

870 1459 916 1493 qui
933 1466 1032 1494 passus
1058 1468 1112 1486 non
1130 1465 1174 1488 est.
1191 1461 1331 1495 conjicere
1346 1465 1447 1497 potest,
1466 1471 1528 1490 cum
1550 1463 1602 1490 hoc
1616 1471 1663 1491 so-

874 1506 1014 1533 lummodo
1029 1507 1074 1541 qui
1092 1507 1192 1534 ltorunt
1208 1508 1368 1542 lauguorent
1381 1508 1455 1544 passi
1471 1513 1548 1541 sunt,
1562 1510 1662 1537 sciant.

873 1550 940 1578 Cum
956 1559 1022 1586 ergo
1041 1551 1164 1580 Joannes
1183 1557 1250 1586 tam,
1275 1557 1305 1581 ut
1325 1553 1457 1586 diximus,
1477 1555 1567 1582 valide
1587 1554 1663 1589 perl-

870 1598 1023 1630 clitaretur,
1041 1596 1160 1625 fortasse
1184 1599 1330 1625 sanitatem
1349 1599 1435 1634 magis
1454 1600 1591 1626 concitam
1611 1600 1663 1626 int-

871 1647 1017 1679 petrasset,
1037 1644 1060 1672 si
1075 1648 1185 1672 sanctos
1202 1645 1396 1680 longanimiter
1411 1646 1570 1682 ﬂagitasset.

907 1689 1011 1716 Bonutn
1026 1694 1117 1717 autem
1141 1694 1182 1717 est
1202 1695 1231 1718 ttt
1250 1690 1360 1718 dicatur
1376 1700 1430 1726 qtto
1444 1697 1471 1719 et
1485 1692 1558 1720 ltunc
1581 1692 1664 1720 modo

870 1737 1029 1773 languorem
1049 1737 1185 1773 ell‘ugerit,
1197 1742 1240 1766 est
1252 1739 1324 1765 enim
1339 1739 1436 1767 modus
1449 1740 1535 1774 gratia
1553 1740 1660 1775 plenus.

871 1782 1023 1810 Medicnlus
1040 1783 1151 1818 quidam
1177 1784 1250 1810 hunc
1272 1792 1346 1812 saevo
1369 1785 1466 1812 videns
1480 1785 1574 1813 dolore
1596 1786 1661 1813 l'ati-

870 1834 974 1863 gntum,
996 1834 1023 1856 et
1048 1830 1192 1857 sanitatem
1212 1831 1406 1859 ardentissime
1430 1831 1657 1860 desiderantem:

870 1874 949 1907 Tres,
966 1875 1036 1902 dixit
1048 1876 1081 1902 ad
1099 1883 1174 1908 eum,
1197 1876 1232 1903 da
1256 1876 1323 1904 tttilti
1346 1885 1486 1911 nummos,
1506 1883 1533 1906 et
1547 1886 1597 1913 ego
1613 1879 1661 1906 tibi

869 1929 919 1956 per
938 1921 1092 1948 antidotum
1120 1921 1266 1948 sanitatem
1288 1921 1435 1956 praestabo.
1452 1923 1484 1950 At
1504 1923 1549 1951 ille
1567 1924 1662 1959 lugere

869 1967 964 1993 volens
991 1960 1168 2002 supplicium,
1197 1974 1294 1994 aurum
1327 1969 1455 1996 alacriter
1482 1969 1604 2004 tradidit,
1634 1975 1661 1998 et

868 2017 982 2048 accepto
1020 2013 1214 2045 medicamine,
1242 2013 1407 2042 observabat
1427 2019 1565 2050 quatenus
1593 2017 1659 2044 illud

869 2066 917 2094 per
934 2066 966 2086 os
978 2058 1100 2086 diluculo
1115 2064 1247 2088 sumeret.
1261 2060 1296 2087 Et
1315 2061 1409 2088 eadem
1424 2066 1505 2089 nocte
1519 2062 1660 2091 dormiens

868 2106 920 2133 sibi
940 2109 1077 2141 marttres
1103 2105 1178 2132 videt
1202 2110 1335 2140 astantes,
1352 2110 1379 2134 et
1398 2107 1551 2135 inﬁdelitati
1575 2117 1658 2144 quant

868 2151 895 2177 in
925 2151 986 2178 illos
1015 2151 1174 2178 ostenderat
1208 2152 1420 2187 exprobrantes,
1452 2160 1481 2181 et
1507 2156 1658 2183 sanitatum

20 2201 88 2226 εἰτὸν
96 2199 246 2234 διαφόρως
262 2198 418 2233 γενομένων
433 2197 534 2224 ίάσεων
542 2198 814 2232 ἀναμιμνήσκοντας.

871 2204 937 2230 quas
954 2197 979 2223 itt
997 2204 1058 2224 eum
1083 2197 1194 2224 diverso
1210 2197 1290 2225 modo
1307 2204 1451 2233 gesserant
1468 2201 1658 2230 recordantes.

20 2248 47 2272 UL
70 2248 159 2283 μόνον
174 2245 234 2280 γὰρ
260 2245 342 2272 αὑτὸν
361 2243 489 2279 δαίμονος
506 2241 576 2279 ἦσαν
596 2243 813 2278 λυτρωσάμενοι.

20 2295 75 2321 ωε
92 2296 142 2321 καὶ
159 2294 213 2320 τοῦ
225 2294 275 2328 τῆς
292 2292 432 2326 ποδάγρας
456 2291 568 2319 ἀνιάτου
586 2292 750 2326 νοσήματος,
768 2291 815 2318 καὶ

21 2342 114 2375 ξἐρίων
131 2340 230 2367 ἄλλων
242 2339 338 2365 παθῶν
357 2338 440 2365 ἱδικοῦ
460 2338 596 2373 δεομένων
612 2337 812 2371 συντάγματος,

20 2387 37 2410 εί
51 2387 172 2421 γράφειν
188 2383 264 2411 αὐτὰ
282 2392 324 2415 τις
339 2383 370 2410 τὸ
383 2383 445 2409 καθ’
466 2382 495 2409 ἓν
513 2382 681 2417 ἐθελήσειεν.
697 2383 764 2418 Περὶ
776 2379 814 2408 ὧν

21 2432 227 2467 ἓτεμνὴσαντες
243 2429 354 2457 πάντων
365 2429 447 2456 αὐτὸν
461 2429 487 2456 οἱ
501 2429 664 2461 καλλίνικοι,
678 2429 726 2455 καὶ
740 2428 813 2464 μάλα

17 2478 121 2512 κομψῶς
153 2475 363 2511 ἐγκαλέσαντες
390 2474 422 2501 τὸ
453 2474 589 2507 ἄπιστον,
623 2474 653 2501 τδ
684 2474 812 2510 ἀμνημό-

17 2531 120 2555 magna,
156 2523 191 2549 τὸ
222 2521 391 2556 ἀχάριστον,
421 2521 468 2547 καὶ
502 2520 530 2546 εῐ
556 2529 583 2546 τι
617 2520 724 2552 τούτοις
754 2521 812 2547 ἐστὶ

18 2569 220 2603 πιραπλήσιζιν.
239 2567 322 2599 Τέλος
349 2567 377 2594 ὲν
401 2566 529 2602 εἰρωνείᾳ
552 2566 598 2593 τὸν
612 2566 692 2601 λόγον
717 2567 811 2593 ποιού-

18 2623 93 2646 μενοι,
116 2614 166 2647 τί,
196 2612 303 2647 φασίν;
323 2613 388 2648 ἡμῖν
405 2613 428 2638 εί
445 2612 582 2648 παρέσχες
604 2613 637 2638 τὰ
657 2611 720 2647 τρία
735 2612 812 2648 νομί-

16 2669 110 2694 axz-.1,
128 2662 183 2687 οὐκ
209 2661 320 2695 εἴχομεν
336 2660 487 2694 παρασχεῖν
510 2667 552 2685 σοι
570 2659 621 2694 τὴν
645 2659 736 2693 ῐασιν;
749 2659 812 2691 τοὺς

17 2707 105 2738 11w};
121 2707 225 2740 λόγους
241 2705 462 2740 ἀπαραλλάκτως
476 2705 670 2740 φθεγξάμενοι,
684 2703 725 2737 οἷς
742 2705 811 2740 πρὸς

16 2753 88 2779 autin;
114 2755 130 2780 ὀ
149 2753 238 2784 καλὸς
263 2752 370 2783 ἐκεῖνος
398 2753 540 2788 ίατρίσκος
562 2753 710 2787 ἐχρήσατο.
736 2752 811 2786 Πλὴν

18 2799 120 2832 iridis,
138 2799 265 2833 λέγουσι,
279 2798 328 2824 καὶ
341 2798 392 2825 ὃσα
403 2798 440 2834 τῷ
457 2798 542 2833 ξατρῷ
553 2798 757 2833 προσεκόμισας
771 2797 810 2833 τῷ

16 2843 136 2872 trium:
153 2854 194 2872 τοι
207 2845 259 2881 τὴν
275 2844 423 2877 ἀντεδοτον,
437 2844 483 2871 καὶ
498 2843 535 2879 τῷ
549 2844 675 2880 ἡμετέρῳ
688 2843 808 2878 γαζοξυ-

866 2241 925 2269 Non
953 2243 1025 2269 enint
1047 2243 1121 2270 ltunc
1149 2247 1254 2271 tantum
1272 2251 1288 2270 a
1303 2244 1441 2272 daemonio
1464 2247 1658 2280 liberaverant,

866 2289 913 2316 sed
941 2292 967 2316 et
985 2289 1019 2315 ab
1046 2289 1193 2316 insanabili
1221 2290 1353 2325 languore
1372 2292 1509 2327 podagrae,
1530 2294 1658 2327 milleque

865 2335 928 2362 aliis
944 2334 1122 2369 passionibns
1138 2342 1198 2370 qua:
1221 2335 1330 2369 proprio
1352 2341 1464 2372 egerent
1489 2342 1656 2369 commento,

865 2381 888 2408 si
916 2389 965 2416 per
989 2381 1114 2416 singulas
1139 2382 1285 2417 quisquam
1312 2383 1360 2410 has
1382 2383 1462 2410 vellet
1487 2384 1655 2412 describere.

864 2428 931 2461 Quae
957 2431 1049 2456 omnia
1074 2429 1139 2456 boni
1162 2429 1282 2457 victores
1306 2429 1338 2457 ad
1354 2430 1414 2464 ejus
1433 2431 1592 2458 memoriam
1610 2439 1655 2458 re-

864 2473 1007 2507 ducentes,
1031 2480 1058 2502 et
1078 2475 1299 2504 incredulitatem
1317 2477 1506 2512 comptissime
1521 2485 1657 2505 accusan-

864 2524 914 2552 tes,
936 2525 963 2547 et
976 2520 1048 2554 quod
1065 2520 1200 2547 bonorum
1219 2521 1301 2548 fuerit
1321 2521 1467 2549 immemor
1479 2528 1505 2549 et
1520 2522 1656 2558 ingratus,

862 2570 890 2593 et
912 2566 934 2593 si
960 2566 1027 2601 quid
1056 2571 1098 2594 est
1112 2567 1173 2594 istis
1193 2566 1298 2601 simile;
1317 2572 1456 2602 postrento
1470 2576 1519 2604 per
1537 2569 1656 2607 ironjam

863 2620 1019 2639 sermonem
1047 2612 1201 2640 facientes:
1226 2612 1322 2641 Nonne
1353 2615 1375 2642 si
1405 2615 1497 2648 nobis,
1516 2616 1656 2651 inquiunt,

863 2664 917 2686 tres
942 2659 1004 2686 illos
1029 2666 1157 2686 nummos
1176 2658 1333 2691 tribuisses,
1358 2660 1522 2688 haberemus
1539 2661 1588 2688 tibi
1605 2661 1657 2689 tri-

862 2705 947 2733 buere
963 2706 1128 2733 sanitatem?
1153 2706 1256 2733 eisdem
1275 2706 1486 2734 imntutabiliter
1509 2707 1599 2734 verbis
1614 2707 1656 2734 af-

863 2751 923 2785 fati,
939 2752 1038 2786 quibus
1055 2752 1099 2779 ille
1117 2753 1204 2780 bonus
1221 2752 1374 2780 mediculus
1387 2761 1453 2780 usus
1469 2757 1520 2780 est.
1538 2753 1655 2780 Verum-

863 2803 953 2826 tamen
968 2799 1046 2831 vadc,
1069 2799 1175 2832 dicunt,
1197 2804 1224 2827 et
1239 2806 1373 2836 quotquot
1396 2801 1502 2828 ntedtco
1514 2801 1560 2835 qui
1579 2799 1655 2828 dedit

862 2843 911 2871 tibi
925 2843 1077 2871 antidotum
1095 2845 1223 2879 attulisti,
1241 2850 1334 2874 nostro
1350 2846 1432 2875 etiam
1453 2845 1653 2882 gawpbylacio
