1910 3078
234 132 303 164 3579

672 131 702 161 S.
720 131 929 163 SOPHRONII
945 133 1201 164 PATRIARCH/E
1216 133 1422 164 HIEROSOL.

1790 130 1864 163 3580

233 188 310 220 aﬂ‘cr.
337 193 363 215 et
393 194 442 213 nos
472 186 562 221 potius
589 185 638 213 tibi
663 187 831 222 porrigimus
860 188 1041 220 sanitatem;

1110 190 1156 226 κίῳ
1174 189 1351 224 προσένεγκε,
1368 189 1415 215 καὶ
1429 188 1509 224 ἡμεῖς
1526 196 1567 214 σοι
1591 186 1690 222 μᾶλλον
1708 187 1758 222 τὴν
1779 187 1866 224 θερα-

233 235 326 270 ltaque
353 233 405 268 ipsi
430 240 492 259 cum
517 232 574 259 haec
588 231 736 264 dixissent,
757 238 943 261 recesserunt.
971 234 1019 261 ille

231 287 297 307 wro
315 279 435 306 velocius
456 284 582 311 surgens.
610 277 663 304 tria
682 277 726 304 illa
743 277 822 305 offert
843 279 1019 310 nnmismata,

234 330 261 353 et
288 325 327 352 sic
355 323 570 351 incolumitatem
592 323 781 357 consequitur.
806 323 894 356 Quam
920 332 984 351 cum
1006 332 1021 351 a

234 370 338 398 sanctis
355 369 516 403 accepisset,
535 368 650 395 ulterius
668 376 763 395 renum
786 376 959 403 nequaquam
976 370 1020 396 in-

236 417 393 443 firmitatem
411 415 552 442 sustinuit.
570 413 624 441 Nos
649 419 739 441 autem
759 421 916 441 sermonem
931 415 976 441 hic
989 415 1023 442 de

235 463 282 490 illo
296 465 530 491 consummantes,
558 464 773 494 sanctorumque
795 460 947 488 claritatem
964 461 1024 497 glo-

235 507 389 540 riflcantcs,
411 505 444 532 ad
469 509 573 533 sanata:
586 505 686 540 lingua;
704 505 825 540 linguam
841 509 965 534 nostram
980 507 1024 534 in-

237 552 356 580 citemus
373 551 567 579 narrationem.

236 608 306 636 XLI.
337 609 375 636 De
397 616 477 641 puero
495 607 594 635 Μιηηα
615 608 660 642 qui
677 608 797 639 linquam
821 612 896 635 extra
914 616 942 635 οι
963 616 1026 642 pen-

519 645 622 669 dentem
633 642 755 670 habebat.

273 689 398 716 Prtesens
420 689 469 715 hoc
489 688 645 723 prodigium
667 696 729 716 cum
747 689 782 715 sit
805 689 878 716 inter
895 689 1026 716 miracula

239 736 400 766 maximum,
421 738 448 762 et
464 734 555 769 lingua
577 741 686 768 quoque
702 741 771 768 opus
786 735 901 762 haberet
917 735 1026 769 majori,

241 788 295 807 non
318 780 410 807 carnis
437 779 624 812 multitudine,
642 779 689 807 scd
707 780 845 814 loquentia
870 780 1028 807 latitudine-

240 833 293 860 que
319 833 498 857 sermonum;
523 825 624 859 quibus
641 833 691 852 nos
713 833 767 852 non
789 825 966 853 mediocriter
979 826 1029 853 de-

241 871 391 901 stituimur,
402 871 631 905 quemadmodum
654 879 686 898 ex
702 872 744 898 his
759 879 819 906 quae
831 875 1031 906 praecesserunt

241 918 323 944 datur
343 917 471 951 intelligi.
494 917 562 950 Quia
581 925 645 944 vero
666 922 694 944 ct
712 918 765 944 hoc
783 925 833 945 nos
848 918 942 945 dicere
956 925 1030 944 mar-

242 967 317 998 tyres
330 962 534 995 judicaveruut,
552 961 676 989 dicemus
689 964 721 988 et'
732 963 833 996 ipsum,
850 962 922 989 sicut
939 961 1031 989 dicere

244 1008 294 1041 ipsi
316 1007 498 1041 porrexerint.
518 1006 616 1033 Mulier
631 1012 694 1034 ante
714 1015 768 1034 non
785 1007 902 1034 militum
924 1010 1031 1041 tenipo-

245 1054 282 1081 ris
298 1054 331 1080 ad
352 1057 510 1080 sanctorum
530 1053 603 1079 venit
625 1053 778 1085 basilicam,
802 1052 887 1080 Maria
909 1053 1031 1085 nomine.

243 1107 275 1127 ex
298 1098 408 1134 ,λεπριὶ
434 1098 572 1134 Babylone
596 1099 724 1131 oriunda,
741 1103 768 1126 et
786 1106 901 1134 puerum
929 1099 1033 1128 habens

244 1144 321 1178 quasi
335 1151 471 1170 annorum
487 1143 548 1177 plus
565 1143 657 1170 minus
673 1147 747 1175 octo,
772 1147 799 1171 et
815 1144 887 1171 hunc
907 1143 1032 1170 Mennnm

244 1189 408 1224 appellabat,
426 1189 460 1216 ad
484 1189 618 1216 honorem
642 1189 747 1216 scilicet
771 1189 901 1224 martyris
916 1189 952 1216 ita
968 1197 1034 1224 pue-

244 1243 304 1262 l'lllll
321 1243 435 1263 vocans.

281 1281 393 1309 Mennas
416 1289 482 1315 ergo
506 1288 575 1316 puer
591 1281 713 1315 linguam
732 1280 849 1308 habebat
864 1280 985 1308 exterius
1000 1282 1035 1308 ab

244 1335 292 1354 ore
304 1326 479 1361 pendentem,
508 1326 751 1361 humanarumque
778 1326 943 1361 linguarum,
972 1334 1035 1361 spe-

245 1374 287 1400 cie
309 1373 423 1400 multum
450 1377 477 1400 et
503 1371 695 1407 magnitudine
723 1371 911 1405 dilferentem;
946 1372 1036 1407 palmo

245 1419 317 1446 enim
345 1423 422 1446 extra
450 1418 521 1446 labia
545 1418 747 1454 porrigebatur,
773 1422 801 1445 et
823 1422 907 1445 totam
925 1418 1036 1445 barbam

244 1470 272 1493 et
295 1469 388 1500 guttur
411 1465 561 1499 operiebat,
581 1468 609 1492 et
631 1464 719 1492 instar
745 1463 793 1491 alti
810 1468 838 1491 et
860 1464 941 1498 pilosi
957 1472 1038 1500 supe-

245 1511 328 1538 rioris
352 1510 415 1538 Iabii
440 1510 523 1542 facta,
552 1510 674 1537 colorem
699 1509 814 1536 rubrum
833 1517 896 1537 cum
917 1509 1036 1544 quodam

246 1563 316 1589 atro,
339 1557 444 1584 alterna
471 1556 531 1584 vice
554 1560 729 1583 commutans
753 1555 959 1590 purpurizabat.
983 1555 1037 1582 Ex—

247 1607 371 1630 trancnm
402 1607 429 1630 et
457 1603 539 1629 nimis
565 1601 690 1629 deforme
721 1601 908 1637 spectaculum
937 1602 1036 1637 posita,

247 1653 418 1684 cunt-[osque
440 1655 555 1675 monens
580 1648 626 1682 qui
651 1647 782 1675 videbant
802 1647 836 1674 ad
852 1647 978 1676 nausiam
1001 1648 1040 1675 si-

248 1694 303 1720 mul
329 1698 356 1721 et
374 1693 604 1728 compassionem.
628 1697 710 1727 atque
726 1692 927 1720 intolerabilem
953 1693 1040 1719 vomi-

248 1745 324 1773 tum;
346 1746 454 1775 semper
469 1740 541 1766 enim
568 1738 653 1766 fontis
680 1746 756 1766 more
772 1739 875 1766 salivas
890 1739 1037 1771 dislillaus,

248 1791 274 1814 et
295 1791 405 1820 sputum
427 1785 529 1820 jugiter
556 1784 686 1816 fundens.
717 1785 910 1813 vestimentum
932 1785 1040 1820 rigabat

248 1837 274 1859 et
300 1837 409 1866 pectus,
433 1835 460 1858 et
476 1831 540 1858 huic
567 1839 601 1858 ex
622 1830 734 1866 propria
763 1831 973 1867 impertiebalur
997 1831 1040 1858 ni-

248 1878 371 1912 gredine,
385 1877 647 1905 communicatorem
665 1885 727 1905 cum
743 1878 844 1905 coloris
857 1877 987 1911 eliiciens;
1003 1878 1040 1905 ita

251 1929 280 1950 nt
300 1924 362 1950 hinc
382 1924 460 1950 multi
482 1931 532 1950 nec
554 1923 648 1950 videre
669 1924 815 1958 puerulum
845 1928 965 1958 possent.
992 1923 1039 1951 sed

248 1976 275 1999 et
289 1971 310 1998 si
327 1977 473 1997 accurrere
498 1970 671 2005 contigisset,
686 1970 727 1997 sui
745 1970 886 2006 aperirent
913 1971 1039 2005 corporis

251 2017 358 2047 oculos,
372 2021 399 2043 et
419 2015 506 2042 facies
524 2022 589 2042 suas
603 2019 810 2046 converterent.
829 2022 863 2043 ne
877 2020 976 2049 praeter
992 2022 1041 2042 vo-

248 2061 381 2089 luntatem
397 2062 456 2089 viso
469 2061 529 2094 illo,
545 2065 644 2095 praeter
657 2061 825 2088 voluntatem
841 2068 971 2095 perverso
981 2065 1040 2088 sto-

249 2108 347 2134 macho
361 2107 542 2134 vomuissent.
560 2105 638 2133 Multi
660 2109 752 2133 autem
772 2113 804 2132 ex
821 2105 864 2133 his
885 2105 931 2140 qui
948 2105 1040 2133 videre

251 2154 323 2181 hunc
343 2153 440 2181 saltem
466 2152 500 2180 ad
524 2152 663 2180 modicum
690 2156 828 2187 poterant,
846 2160 910 2179 cum
932 2152 1040 2187 aspice-

250 2206 311 2228 rent
336 2200 551 2234 magnitudinem
571 2200 720 2235 passionis,
748 2207 845 2227 vocem
879 2207 962 2235 super
987 2199 1039 2227 hoc

249 2246 420 2279 amittebant,
441 2254 502 2281 quae
518 2253 532 2272 a
546 2245 690 2274 Salvatore
709 2253 792 2280 super
807 2245 949 2280 proditore
968 2244 1039 2272 dicta

249 2292 499 2326 est.lmjuscemodi
513 2292 647 2325 clamans,
660 2291 724 2327 quia
738 2292 838 2319 bonum
848 2297 908 2319 erat
919 2291 943 2318 ei
956 2291 977 2318 si
992 2299 1042 2318 na-

249 2343 294 2366 tus
310 2346 362 2365 non
383 2339 481 2366 fuisset
504 2338 586 2366 homo
602 2339 665 2367 iste.
688 2338 805 2372 Quidam
825 2343 916 2365 autem
937 2338 1002 2365 huic
1016 2344 1042 2364 et

249 2385 491 2420 interrogationem
514 2385 664 2417 addebant,
689 2393 750 2420 qua:
775 2384 809 2412 de
831 2391 904 2412 caeco
924 2388 990 2411 nato
1007 2384 1042 2411 ab

245 2431 392 2465 apostolis,
411 2430 481 2459 facta
499 2434 540 2458 est
555 2438 563 2457 :
584 2431 664 2463 Quis,
686 2435 778 2465 putas,
791 2430 928 2465 peccavit,
949 2429 994 2457 hic
1007 2437 1042 2457 an

247 2483 375 2513 parentes
389 2477 460 2513 ejus,
477 2477 558 2504 utsic
573 2484 663 2506 camus
682 2477 863 2505 nasceretur?

1050 1531 1072 1562 C

284 2524 317 2552 Et
332 2524 384 2552 nisi
398 2525 470 2552 [ilius
486 2531 576 2552 czecus
588 2528 673 2558 esset,
686 2532 740 2552 non
764 2525 804 2553 sic
820 2528 944 2551 materna
976 2531 1042 2558 pro—

248 2569 345 2596 diisset
362 2578 394 2597 ex
414 2570 504 2597 vulva.
520 2569 572 2598 Sed
587 2574 670 2598 noctu
682 2577 745 2597 cum
767 2570 913 2601 dormiret.
929 2569 1037 2596 daemon

248 2612 362 2650 quidam
385 2615 486 2643 noxius
503 2616 589 2643 multa
605 2616 678 2644 circa
702 2616 829 2644 homines
850 2617 986 2650 languens
1001 2615 1043 2642 iu-

247 2661 335 2693 vidia,
365 2669 426 2689 cum
455 2662 538 2696 hujus
577 2662 698 2697 linguam
734 2662 1002 2697 comprehendisset,
1027 2670 1041 2687 a

247 2706 363 2743 propria
380 2707 547 2735 habitatione
572 2708 721 2740 abstraxit,
737 2712 765 2734 et
780 2708 971 2743 perstringens
983 2707 1044 2735 sine

247 2752 384 2787 parcitate
410 2752 457 2779 ille
483 2751 666 2785 fmtlissimus,
695 2752 826 2787 majorem
852 2753 922 2780 hanc
955 2752 1042 2788 plagis

248 2802 378 2833 operatus
393 2801 445 2829 est,
462 2797 586 2834 forisque
602 2798 723 2834 pendere
748 2803 776 2826 et
792 2806 845 2826 non
867 2799 990 2834 separari
1010 2799 1044 2825 ab

250 2842 428 2873 interioribus
448 2843 523 2873 fecit.
541 2844 600 2872 Non
620 2843 710 2872 solum
725 2845 797 2872 enim
815 2853 898 2879 super
916 2852 977 2871 eum
993 2843 1043 2870 do-

1074 236 1154 262 πείαν
1180 236 1323 270 ope-(opu.
1354 234 1435 261 Αὐτοὶ
1465 234 1515 268 μὲν
1542 233 1589 260 οὖν
1624 233 1710 260 ταῦτα
1735 232 1867 267 λέξαντες

1072 281 1192 317 ῷχοντο·
1209 283 1223 308 ὁ
1240 282 1268 308 δὲ
1284 280 1434 316 ταχύτερον
1449 279 1567 311 ἀναστὰς
1585 279 1620 305 τὰ
1634 279 1697 314 τρία
1713 279 1867 314 προσφέρει

1072 327 1238 362 νομίσματα,
1260 327 1306 352 καὶ
1320 326 1391 352 οὕτω
1405 326 1454 361 τὴν
1472 325 1555 360 ρὦιν
1573 325 1728 359 κομίζεται·
1743 325 1777 360 ἢν
1795 325 1868 359 πρὸς

1073 373 1126 399 τῶν
1139 373 1224 406 ἁγίων
1241 372 1397 406 δεξάμενος,
1413 371 1505 397 οὐκέτι
1521 370 1574 397 τῶν
1589 370 1697 405 νεφρῶν
1707 370 1867 406 ἀρρωστίαν

1074 419 1231 453 ὑπέμεινεν.
1245 418 1341 452 Ἡμεῖς
1362 417 1390 443 δὲ
1407 417 1452 443 τὸν
1477 416 1540 452 περὶ
1554 416 1636 443 αὐτοῦ
1656 416 1734 450 λόγον
1747 417 1868 443 ἐνταῦθα

1075 464 1281 498 πληρώσαντες.
1304 464 1418 490 καὶτῶν
1442 464 1528 497 ἁγίων
1549 464 1579 490 τὸ
1593 463 1671 494 κλέος
1690 463 1868 496 δοξάσαντες,

1076 510 1145 544 πρὸς
1162 510 1284 544 ἰαθείσης
1297 510 1419 545 γλώττης
1432 509 1558 544 διήγησιν
1573 509 1622 544 τὴν
1631 510 1767 544 ἡμετέραν
1780 509 1870 543 γλῶτ-

1076 563 1126 581 ταν
1140 555 1307 589 ὀτρύνωμεν.

1076 609 1146 638 MA'.
1158 611 1225 643 Περὶ
1237 610 1290 637 τοῦ
1301 610 1423 637 παιδΙου
1433 610 1521 642 Μηνᾶ
1530 610 1583 637 τοῦ
1593 610 1651 641 ἔξω
1664 610 1721 642 τὴν
1730 611 1872 644 τλῶττω·

1186 645 1376 680 κρεμαμένην
1394 645 1446 672 τοῦ
1461 646 1608 679 στόματος
1625 646 1759 679 ἔχοντος.

1114 691 1151 717 Τὸ
1178 691 1266 726 παρὸν
1289 690 1368 717 τοῦτο
1391 691 1533 725 τεράστιον
1556 690 1685 726 μέγιστον
1711 690 1740 717 δν
1754 692 1783 717 ὲν
1813 693 1872 722 τοῖς

1079 737 1212 771 θαύμασι,
1237 737 1284 763 καί⁹
1303 736 1427 771 γλώττης
1452 736 1541 763 ἐδέετο
1558 736 1691 771 μείζονος,
1717 737 1748 763 οὺ
1772 736 1872 771 πλήθει

1080 781 1182 815 σαρκὸς
1197 781 1313 816 ἐχούσης
1330 780 1456 815 μέγεθος,
1472 780 1530 806 ἀλλ’
1547 780 1655 816 εὐποιία
1671 781 1716 807 καὶ
1729 780 1816 814 λόγων
1829 782 1874 807 εὖ·

1082 827 1189 862 ρύτητι,
1203 823 1241 853 ὧν
1255 827 1336 861 ἡμεῖς
1351 826 1382 852 οὐ
1401 826 1518 860 μετρίως
1535 826 1699 860 χηρεύομεν,
1718 825 1755 857 ὡς
1771 826 1804 852 ὲκ
1818 826 1875 851 τῶν

1083 872 1273 907 προλαδόντων
1290 871 1448 906 δεδήλωται.
1461 871 1571 905 Ἐπειδὴ
1582 871 1610 897 δὲ
1625 871 1672 897 καὶ
1686 871 1765 897 τοῦτο
1781 870 1877 904 λέγειν

1082 919 1155 953 ἡμᾶς
1176 918 1200 945 οἱ
1226 919 1364 953 μάρτυρες
1389 917 1510 952 ἔκριναν,
1532 916 1654 952 λέξωμεν
1675 917 1722 943 καὶ
1738 917 1815 948 αὐτὸ,
1838 917 1879 947 ὡς

1082 962 1161 988 αὐτοὶ
1183 962 1211 988 τὸ
1230 962 1319 995 λέγειν
1339 961 1490 996 ὸρέξωσιν·
1513 961 1625 988 Γύναιον
1648 961 1679 988 οὐ
1696 961 1750 996 πρὸ
1772 961 1878 989 πολλοῦ

1083 1008 1179 1042 καιροῦ
1186 1009 1231 1034 τὸν
1238 1007 1307 1034 νεὼν
1320 1007 1374 1034 τῶν
1389 1008 1475 1041 ἁγίων
1484 1007 1641 1042 κατείληφε·
1656 1007 1750 1042 Μαρία
1761 1007 1810 1042 μὲν
1816 1007 1880 1034 τοῦ·

1083 1062 1164 1089 νομα,
1180 1056 1229 1087 τῆς
1252 1054 1390 1088 Αἰγύπτου
1410 1054 1437 1080 δὲ
1455 1053 1615 1085 Βαὸυλῶνος
1637 1052 1796 1088 ὁρμώμενον
1807 1061 1814 1068 ο
1828 1053 1881 1080 καὶ

1086 1101 1227 1134 μειράκῖον
1254 1100 1354 1134 ἔχουσα.
1371 1100 1438 1126 ἑτῶν
1453 1099 1525 1126 ὀκτὼ
1543 1100 1634 1126 πλεῖον
1654 1100 1670 1134 ἢ
1685 1099 1807 1131 ἔλαττον,
1827 1099 1878 1125 καὶ

1084 1143 1177 1171 τοῦτον
1192 1145 1288 1179 Μηνᾶν
1304 1144 1500 1179 προσηγόρευε,
1513 1144 1581 1178 πρὸς
1595 1144 1677 1180 τιμὴν
1687 1144 1810 1179 δηλονότι
1828 1145 1880 1171 τοῦ

1086 1191 1224 1226 μάρτυρος
1241 1190 1312 1217 οὕτω
1329 1191 1359 1217 τὸ
1375 1190 1480 1217 παιδίον
1494 1191 1644 1218 καλέσασα.

1122 1280 1220 1314 Μηνᾶς
1242 1277 1288 1306 οὖν
1311 1279 1342 1305 τὸ
1359 1280 1502 1314 μειράκιον
1524 1278 1575 1314 τὴν
1593 1279 1717 1313 γλῶτταν
1737 1275 1810 1313 εἶχεν
1826 1278 1881 1311 ἔξω

1087 1325 1265 1361 κρεμαμένην
1288 1325 1335 1352 τοῦ
1365 1325 1510 1360 στόματος,
1530 1325 1595 1351 εῖδει
1623 1324 1669 1351 καὶ
1693 1323 1802 1359 μεγέθει
1822 1324 1881 1350 τῶν

1087 1371 1264 1407 ἀνθρωπίνων
1279 1371 1406 1405 γλωττῶν
1421 1370 1487 1397 πολὺ
1503 1370 1683 1405 διαφέρουσαν
1695 1378 1702 1385 ·
1717 1370 1764 1396 ἐπὶ
1778 1369 1883 1396 σπιθα-

1089 1418 1144 1452 μὴν
1160 1418 1215 1453 γὰρ
1232 1417 1296 1452 μίαν
1313 1417 1365 1450 ἔξω
1378 1417 1489 1452 χειλέων
1508 1416 1638 1451 αἰώρητο,
1652 1415 1700 1442 καὶ
1724 1415 1813 1442 πάντα
1835 1416 1884 1442 τὸν

1090 1464 1209 1498 πώγωνα
1235 1463 1281 1490 καὶ
1304 1463 1350 1489 τὸν
1371 1463 1512 1498 γάργαρον
1537 1462 1648 1493 ἔσκεπε,
1669 1461 1776 1497 ὑπήνης
1801 1462 1886 1497 δίκην

1091 1509 1203 1544 βαθείας
1215 1509 1391 1544 ὑπάρχουσα·
1406 1508 1436 1534 τὸ
1452 1508 1480 1535 δὲ
1492 1507 1592 1544 χρῶμα
1607 1507 1638 1534 τὸ
1653 1507 1768 1543 ἐρυθρὸν
1781 1508 1884 1542 μεταλ-

1090 1555 1205 1588 λάξασα,
1230 1557 1299 1590 μετὰ
1324 1554 1479 1589 μελάνςεώς
1499 1563 1572 1586 τινος
1597 1554 1780 1589 ὲπορφύριξε,
1807 1553 1887 1586 ξένον

1090 1601 1260 1636 προκειμένη
1284 1602 1331 1627 καὶ
1357 1602 1560 1628 δυσειδέστατον
1578 1600 1678 1634 θέαμα,
1702 1601 1749 1627 καὶ
1775 1600 1887 1632 πάντας

1090 1647 1203 1674 κινοῦσα
1216 1648 1278 1679 τοὺς
1294 1648 1442 1683 βλέποντας
1460 1647 1529 1683 πρὸς
1541 1647 1654 1675 ναυτίαν
1665 1645 1734 1681 ὁμοῦ
1750 1647 1798 1673 καὶ
1814 1655 1888 1681 συμ-

1090 1692 1206 1720 πάθειαν
1223 1694 1269 1720 καὶ
1282 1693 1350 1727 πρὸς
1361 1693 1497 1729 ἀφόρητον
1511 1693 1618 1727 ἔμετον.
1629 1692 1686 1719 ’Δεὶ
1703 1692 1758 1727 γὰρ
1773 1692 1888 1724 λιδὰδος

1089 1739 1168 1775 δίκην
1190 1741 1245 1771 τοῖς
1266 1739 1368 1771 σιάλοις
1392 1739 1613 1772 καταστάζουσα,
1637 1739 1683 1767 καὶ
1701 1738 1747 1765 τὸν
1767 1738 1889 1765 τι-ιυελὸν

1086 1786 1210 1818 ’ἀεννάως
1238 1786 1393 1822 προχέουσα
1416 1786 1446 1812 τό
1472 1785 1495 1812 θ’
1525 1786 1631 1820 ἱμάτιον
1660 1784 1756 1820 ἔδρεχε
1775 1785 1825 1811 καὶ
1840 1785 1888 1812 τὸν

1091 1831 1213 1866 θώρακα.
1230 1831 1278 1859 καὶ
1291 1831 1370 1858 τοῦτο
1380 1831 1430 1865 τῆς
1440 1831 1544 1863 οἰκείας
1559 1831 1698 1866 μετεδίδου
1715 1830 1888 1865 μελάνσεως,

1091 1877 1218 1904 κοινωνὸν
1235 1877 1302 1904 αὐτὸ
1314 1877 1464 1911 ποιουμένη
1477 1877 1522 1903 τοῦ
1536 1875 1682 1912 χρώματος
1694 1883 1700 1890 ·
1714 1876 1752 1907 ὡς
1769 1876 1890 1908 πολλοὺς

1093 1923 1142 1958 μὲν
1156 1923 1283 1950 ἐντεῦθεν
1302 1923 1370 1958 μηδὲ
1382 1923 1447 1958 ὀρᾷν
1459 1922 1489 1949 τὸ
1503 1923 1611 1949 παιδίον
1626 1921 1754 1949 δύνασθαι
1769 1931 1775 1937 ·
1789 1921 1850 1948 ἀλλ’
1864 1924 1889 1949 εί

1091 1969 1138 1996 καὶ
1157 1969 1254 2005 συνέδη
1270 1969 1399 2004 γενέσθαι
1420 1971 1590 2004 συνάντησιν,
1611 1968 1723 1995 σκέπειν
1736 1968 1839 1999 αὐτοὺς
1853 1968 1890 1994 τὰ

1091 2015 1138 2042 τοῦ
1154 2015 1281 2050 σώματος
1302 2015 1426 2051 ὄμματα,
1451 2015 1497 2043 καὶ
1519 2015 1649 2050 στρέφειν
1661 2014 1753 2041 αὐτῶν
1771 2016 1811 2045 είς
1824 2015 1890 2042 τοὺο

1093 2060 1164 2087 πίσω
1175 2060 1210 2087 τὰ
1224 2061 1367 2096 πρόσωπα,
1381 2060 1426 2088 ἴνα
1439 2060 1476 2096 μὴ
1495 2059 1572 2096 παρὰ
1592 2059 1707 2095 γνώμην
1721 2059 1766 2086 τὸν
1781 2059 1889 2094 στόμα-

1091 2115 1139 2141 χον
1159 2106 1374 2142 διαοτραφέντες
1394 2107 1547 2141 ὲμέσωσιν·
1565 2106 1680 2136 πολλοὺς
1703 2105 1730 2132 δὲ
1745 2106 1809 2137 τοὺς
1824 2106 1889 2141 βλέ-

1092 2161 1155 2179 πειν
1176 2152 1242 2179 αὐτὸ
1257 2153 1303 2179 καὶ
1328 2153 1395 2188 πρὸς
1413 2151 1499 2188 βραχὺ
1513 2152 1579 2186 γοῦν
1602 2151 1757 2187 ἰσχύοντας,
1784 2152 1817 2178 τὸ
1839 2153 1889 2179 τοῦ

1094 2198 1196 2236 πάθους
1209 2198 1360 2234 ὲνορῶντας
1369 2197 1535 2232 ὑπέρογκον,
1551 2197 1601 2232 τὴν
1613 2197 1688 2232 παρὰ
1700 2196 1747 2223 τοῦ
1758 2197 1891 2232 Σωτῆρος

1093 2243 1141 2269 ἐπὶ
1223 2242 1343 2278 προδότῃ
1357 2242 1500 2277 λεχθεῖσαν
1516 2241 1626 2274 ἀφιέναι
1651 2241 1754 2275 φωνὴν,
1780 2241 1829 2266 καὶ
1843 2241 1891 2266 ἐπὶ

1091 2289 1172 2317 τοῦτο
1189 2289 1264 2324 βοᾷν,
1282 2289 1323 2316 δτι
1335 2288 1417 2316 καλὸν
1429 2286 1463 2323 ἧν
1478 2288 1554 2323 αὐτῷ
1571 2288 1596 2314 εί
1609 2287 1659 2314 οὐκ
1671 2286 1804 2322 ἐγεννήθη
1820 2288 1834 2312 ὁ
1847 2287 1891 2313 ἆν-

1093 2336 1201 2372 θρωπος
1214 2337 1332 2368 ἐκεῖνος·
1349 2335 1425 2366 τινὰς
1441 2335 1469 2361 δὲ
1483 2334 1570 2370 ταύτῃ
1587 2333 1760 2369 προστιθέναι
1776 2334 1823 2359 καὶ
1840 2334 1891 2367 τὴν

1094 2382 1159 2417 περὶ
1172 2381 1217 2408 τοῦ
1234 2381 1336 2417 τυφλοῦ
1352 2380 1530 2415 γεννηθέντος
1547 2379 1730 2414 ἅποστολικὴν
1744 2379 1891 2414 ἐπερώτη-

1095 2436 1146 2459 σιν,
1162 2427 1207 2454 τό·
1224 2427 1272 2458 Τίς
1287 2427 1342 2461 ἄρα
1356 2427 1494 2462 ἥμαρτεν,
1509 2423 1587 2457 οὗτος
1609 2425 1625 2460 ἢ
1646 2425 1671 2452 οἱ
1685 2426 1775 2460 γονεῖς
1790 2424 1890 2457 αὐτοῦ,

1094 2475 1127 2501 ἵν’
1142 2473 1230 2504 οὕτως
1241 2473 1355 2508 γένηται
1365 2481 1373 2506 ;

1130 2520 1184 2546 Καὶ
1196 2521 1220 2546 εί
1237 2520 1274 2555 μὴ
1291 2519 1322 2546 τὸ
1342 2519 1447 2546 παιδίον
1466 2510 1565 2552 τυξρλὸν
1587 2518 1746 2553 ἐτύγχανεν.
1769 2518 1892 2554 μηδόὖ-

1093 2575 1148 2598 τως
1163 2564 1293 2602 μητρῴας
1301 2564 1396 2600 νηδύος
1405 2564 1541 2599 ἐξέθορεν·
1555 2563 1625 2590 ἀλλὰ
1640 2563 1737 2595 νυκτὸς
1748 2564 1786 2594 ὼς
1802 2565 1892 2591 ἐκαθ-

1094 2613 1190 2645 ευδεν,
1228 2612 1332 2647 δαίμων
1367 2620 1408 2643 τις
1452 2610 1591 2646 ἁλιτήριος
1626 2610 1694 2636 πολὺ
1738 2610 1826 2637 νοσῶν
1858 2611 1892 2637 τδ

1096 2657 1301 2693 μισάνθρωπον,
1316 2658 1364 2692 τῆς
1387 2656 1482 2683 τούτου
1497 2655 1621 2690 γλώττης
1643 2654 1815 2689 δραξάμενος
1836 2655 1891 2688 τῆς

1094 2703 1198 2736 οἰκείας
1220 2703 1312 2734 ἑστίας
1335 2702 1505 2734 ἐξέσπασεν·
1531 2702 1578 2728 καὶ
1600 2701 1704 2735 πλήξας
1729 2701 1849 2735 ἀφειδῶς
1875 2702 1890 2726 ό

1096 2751 1269 2786 παμμίαρος,
1285 2750 1329 2776 καὶ
1346 2749 1457 2784 μείζονα
1474 2747 1576 2783 ταύτην
1590 2748 1651 2778 ταῖς
1665 2746 1785 2781 πληγαῖς
1807 2748 1891 2781 ἐργα-

1097 2798 1226 2832 σάμενος,
1239 2796 1291 2828 ἔξω
1306 2794 1462 2830 κρέμασθαι
1474 2794 1521 2820 καὶ
1534 2793 1572 2829 μὴ
1585 2792 1735 2828 χωρείσοαι
1747 2794 1802 2825 τοῖς
1816 2793 1892 2819 ἔνδον

1098 2843 1286 2879 πεποίηκε.()ὒ
1300 2842 1378 2877 μόνον
1391 2842 1442 2877 γὰρ
1458 2840 1531 2876 αὐτῷ
1541 2840 1570 2866 τὸ
1579 2840 1696 2871 δυσειδὲς
1708 2839 1882 2874 ἐπεφαίνετο,
