1910 3078
42 103 108 136 3581

565 108 617 138 SS.
637 109 726 139 CYRI
751 110 798 140 ET
818 111 981 142 JOANNIS
995 112 1203 144 MIRAEULA-

1620 117 1692 149 3582

40 158 231 206 Quintae
248 159 298 195 τῆς
315 159 388 196 ζωῆς
405 160 482 197 mea
502 163 552 197 τῆς
576 164 718 200 παρούσης
736 165 830 192 ἑπὼὃυε

898 166 1026 196 formitas
1049 169 1210 204 apparebat,
1238 168 1288 197 sed
1312 172 1341 197 et
1360 168 1440 196 dolor
1461 169 1524 197 vitae
1548 174 1706 206 prrecentis'

41 213 94 232 νον.
108 205 224 239 Τῳφῆς
239 205 290 241 μὲν
307 207 361 242 γὰρ
374 208 488 243 στερεᾶς
503 210 638 241 παντοίως
648 211 789 246 ἐστέρητο,
801 212 840 247 μὴ

40 251 203 286 δυναμένων
217 252 260 279 ἔτι
278 253 333 279 τῶν
347 254 461 281 ὀδόντων
481 255 583 290 ταύτην
608 255 724 284 λεαίνειν
745 257 840 294 ὥσπερ

42 297 200 331 εἱώθεισαν,
213 298 259 325 διὰ
275 299 326 335 τὴν
341 300 390 336 τῆς
411 300 535 336 γλώττης
558 302 655 338 ἐξοχὴν
670 303 717 330 καὶ
734 304 841 339 παραύ-

42 343 131 377 ξησιν,
148 345 236 380 ὑγρᾶς
249 345 279 372 δὲ
299 345 376 381 μόλις
385 348 433 374 καὶ
449 347 565 383 ροὡδους
575 348 687 382 ἐγεύετο
699 349 838 385 βρώσεως,

42 393 153 427 μηχανῇ
168 400 222 419 τινι
238 394 289 428 τῆς
303 393 407 428 μητρὸς
420 394 470 429 τὴν
486 394 610 428 γλῶτταν
625 396 781 430 εἰργούσης,
793 399 839 424 ml.

40 437 146 473 ταύτην
165 439 317 475 ἐγχεούσης
325 440 364 475 τῷ
379 441 504 475 στόματι.
520 442 576 469 Καὶ
589 441 668 468 τοῦτο
682 443 731 478 μὲν
746 441 779 479 ἦν
790 443 837 470 τοῦ

42 484 137 515 παιδὸς
148 484 179 511 τὸ
193 485 396 521 ἁρῤώστημα,δ
409 487 516 522 μηδεὶς,
525 488 563 520 ὠς
572 486 659 524 οἶμαι,
671 489 726 516 τῶν
734 479 839 526 ἀνθρώ-

42 539 101 556 πων
126 531 287 566 ὑπέμεινεν,
307 533 374 567 μηδὲ
397 533 530 566 παθόντος
555 534 636 561 ἀλλου
653 535 792 568 τεθέαται,
814 537 838 564 ει

42 578 88 602 καὶ
103 577 140 603 τὰ
155 577 275 611 μάλιστα
290 578 374 614 μηδὲν
389 579 440 605 ὑπὸ
461 579 506 606 τὸν
523 579 600 615 ἥλιον
615 578 685 606 εἶναι
699 581 792 608 καινόν
809 590 838 608 τε

44 623 89 648 καὶ
101 623 260 657 πρόσφατον
272 623 286 650 ὸ
302 624 382 658 σοφὸς
402 625 618 662 Ἐκκλησιαστὴς
631 626 802 662 ἀπεφήνατο.

78 711 177 738 Πολλοὶ
192 711 258 745 γοῦν
273 713 368 744 παῖδες
389 713 456 739 αὐτὸ
471 713 526 740 τῶν
551 713 653 747 ίατρῶν
677 713 837 746 ἐθεάσαντο,

41 758 87 783 καὶ
103 758 209 784 τούτων
228 758 283 784 ἴδον
300 759 324 785 οί
340 757 516 794 προῦχοντες,
531 759 580 786 καὶ
603 759 672 795 πρὸς
696 759 726 786 τὺ
752 759 838 790 πάθος

47 803 127 835 εὐθὺς
145 804 373 839 ἐκπληττόμενοι.
391 805 504 839 μονονοὺ
521 805 621 837 πάντες
631 805 680 837 τὰς
695 805 771 840 ὄψεις
789 804 837 831 τύ-

897 211 1011 239 ﬂorebat
1027 219 1033 238 :
1052 212 1143 240 solido
1167 213 1270 247 quippe
1288 213 1351 240 cibo
1368 220 1482 247 prorsus
1495 214 1618 247 euehat,
1635 222 1691 243 non

892 257 1053 285 valentibus
1077 257 1152 284 httnc
1174 258 1231 284 ullo
1255 258 1337 285 modo
1362 257 1492 286 dentibus
1518 267 1594 286 more
1608 260 1691 289 solito

895 302 1097 335 comminuere,
1119 307 1231 336 propter
1252 301 1352 336 lingum
1376 302 1640 337 supereminentiam
1661 308 1690 331 et

891 348 1047 383 improbum
1073 348 1284 375 incrementum.
1308 347 1453 375 Humidam
1473 356 1538 375 vero
1552 353 1580 376 et
1596 350 1686 376 sorbi-

891 394 943 421 lem
967 393 1159 421 tantummodo
1184 393 1311 429 gustabat
1341 400 1444 425 escam,
1478 394 1589 428 ingenio
1616 403 1686 429 quo-

891 439 954 467 dam
978 443 1066 467 matre
1088 440 1209 474 linguam
1237 444 1360 473 arcente,
1389 443 1416 467 et
1434 447 1524 467 escam
1552 440 1639 474 ipsam
1659 440 1686 467 in

891 494 923 514 os
938 486 1106 514 eﬁ‘undente.
1129 487 1162 513 Et
1178 486 1223 513 hic
1241 486 1351 521 quidem
1376 486 1453 520 pueri
1477 486 1592 521 languor
1617 491 1686 517 erat.

889 540 970 568 quem
986 533 1090 566 nullus,
1103 537 1132 560 ut
1146 540 1218 565 reor,
1238 532 1381 560 hominum
1405 532 1549 563 sustinuit,
1567 532 1616 559 sed
1633 538 1684 559 nee

891 577 946 611 pati
970 577 1054 604 alium
1076 577 1278 611 contemplatus
1303 580 1355 608 est,
1380 577 1509 610 quamvis
1541 576 1609 602 nihil
1632 575 1685 602 sub

889 622 949 649 sole
967 629 1069 649 nevum
1090 630 1152 650 esse
1176 623 1219 650 vel
1235 630 1345 655 recens,
1363 621 1548 649 Ecclesiastes
1572 622 1684 657 sapiens

890 667 1073 700 perhibuerit.

925 711 1001 738 Multi
1016 712 1097 746 igitur
1115 711 1188 738 hunc
1201 711 1329 746 discipuli
1355 710 1523 738 medicorum
1545 710 1684 742 viderunt.

889 761 916 785 et
930 757 1027 784 horum
1041 757 1132 784 intuiti
1149 762 1213 785 sunt
1223 760 1418 792 praeceptores,
1434 762 1461 784 et
1475 764 1523 792 pro
1535 760 1607 784 tanta
1620 764 1684 792 pas-

890 801 968 830 sione
990 802 1136 837 stupefacti
1159 809 1266 835 omnes,
1303 807 1410 829 tantum
1437 802 1622 837 percttticntes
1648 801 1684 828 l'a-

42 856 155 879 πτοντες
169 848 271 883 ἔφυγον
281 867 288 879 .
307 849 406 884 μηκέτι
422 849 519 885 δρᾶσαι
536 849 752 884 γιγνώσκοντες,
772 850 830 886 μήτε

892 849 963 882 cies,
992 849 1133 883 fugiebant
1153 857 1163 882 ;
1190 857 1280 884 neque
1303 849 1369 884 quid
1392 848 1548 883 hujnsmodi
1581 848 1682 876 factum

42 895 132 930 εὑρεῖν
144 895 174 921 ὲν
189 896 248 926 τοῖς
265 895 319 921 τῶν
334 896 457 931 ἀρχαίων
469 896 678 931 Ἀσκληπιάδων
695 897 839 932 συγγράμ-

43 948 120 974 μασι.
145 940 238 975 Κῦρος
256 941 284 967 δὲ
302 941 351 968 καὶ
367 941 495 976 Ἰωάννης
509 942 534 968 ol
553 942 690 978 μάρτυρες
706 943 731 969 οί
746 942 838 970 θεόθεν

39 986 86 1017 τὰς
101 986 191 1017 ἰάσεις
205 988 403 1022 προφέροντες,
421 987 471 1023 τὴν
484 988 628 1023 παροῦσαν
643 987 743 1019 ἰδόντες
758 987 837 1014 ἀσθέ-

41 1040 123 1062 νειαν,
140 1032 217 1059 οὐδὲν
231 1032 338 1059 τοιοῦτο
353 1033 534 1067 δεδράκασιν,
549 1033 610 1060 οὐδὲ
623 1033 692 1068 πρὸς
707 1033 757 1069 τὴν
771 1033 837 1061 θέαν

40 1078 124 1114 αὐτὴν
137 1077 340 1114 ἐξεπλάγησαν,
353 1080 415 1106 οὐδὲ
430 1079 468 1111 ὡς
483 1079 603 1116 δυσχερῆ
629 1081 835 1117 παρῃτήσαντο,

39 1124 97 1151 οὐδὲ
114 1124 153 1159 μὴ
170 1124 328 1160 γεγράφθαι
345 1124 447 1160 ταύτης
469 1125 499 1152 τὸ
520 1126 668 1162 φάρμακον
687 1126 763 1161 παρὰ
777 1125 836 1161 Θεῷ

37 1170 75 1205 τῷ
94 1171 208 1198 πάντων
234 1171 319 1207 ίατρῷ
342 1172 516 1207 διεκήρυξαν.
530 1172 666 1207 Ἀκριϐὦς
691 1172 745 1207 γὰρ
768 1173 834 1207 ήπί-

39 1225 146 1249 σταντο,
160 1217 200 1249 ὡς
215 1217 305 1244 πάντα
320 1217 370 1244 ὅσα
385 1218 513 1253 ὲθέλησιν
524 1219 538 1244 ὁ
552 1217 653 1252 Κύριος
668 1218 796 1253 ἐποίησεν
808 1219 835 1244 ἐν

38 1261 75 1296 τῷ
89 1261 201 1298 οὐρανῷ
224 1263 273 1288 και
296 1263 325 1288 ὲν
345 1264 379 1297 τῇ
395 1263 441 1297 γῇ,
457 1263 487 1289 ὲν
504 1263 564 1294 ταῖς
579 1262 729 1293 θαλάσσαις
745 1263 792 1288 καὶ
806 1263 834 1288 ὲν

38 1308 138 1339 πάσαις
160 1310 221 1340 ταῖς
238 1308 378 1341 ἀδύσσοις,
392 1309 440 1336 καὶ
461 1308 499 1341 ὡς
523 1308 558 1335 τὰ
582 1309 658 1344 παρά
680 1309 835 1344 ἀνθρώποις

39 1354 168 1384 ἀδύνατα.
187 1354 289 1381 δυνατὰ
306 1355 383 1390 παρὰ
406 1355 467 1390 Θεῷ
491 1355 711 1390 καθεστήκασιν,
727 1356 773 1383 καὶ
796 1356 834 1388 ὡς

39 1400 127 1426 πάντα
142 1399 278 1431 necnon
289 1401 389 1432 πάντα,
406 1400 477 1427 καθὰ
492 1402 506 1428 ὸ
523 1400 585 1427 Ὶὼῆ
598 1400 695 1436 ἔφησε,
705 1401 831 1428 δύναται’

39 1446 83 1473 καὶ
95 1445 134 1478 ὡς
158 1447 173 1472 ὁ
189 1445 309 1481 μελῳδὸς
325 1446 406 1473 Δαὸὶδ
423 1447 452 1473 ὲν
468 1446 594 1482 Ψαλμοῖς
609 1446 792 1482 ὲμελῴδησεν,
808 1448 831 1474 οῑ

891 895 1021 928 scientes,
1036 903 1126 930 neque
1142 896 1253 923 audisse
1268 902 1297 923 se
1315 902 1454 930 nunquam
1480 895 1535 922 tale
1546 895 1682 929 jnrantes.

890 942 938 969 sed
956 949 1007 969 nec
1020 942 1159 969 invenisse
1178 949 1208 969 se
1233 942 1259 968 in
1276 941 1452 976 antiquorum
1468 940 1679 974 conseriptioni-

890 987 942 1015 bus
952 987 1130 1015 medicorum.
1144 987 1234 1023 Cyrus
1250 991 1342 1014 autem
1356 990 1382 1013 et
1393 985 1516 1013 Joannes
1547 990 1681 1021 martyres

889 1035 1022 1062 sanitates
1056 1033 1190 1060 divinitus
1224 1032 1411 1068 proferentes,
1452 1031 1581 1066 praesenti
1622 1031 1680 1058 visa

887 1079 1057 1111 infirmitate,
1073 1079 1141 1106 nihil
1162 1079 1216 1106 tale
1229 1083 1385 1113 gesserunt.
1400 1085 1489 1112 neque
1499 1078 1531 1104 ad
1545 1078 1676 1105 visionem

887 1125 976 1160 ipsam
1001 1125 1215 1159 obstupuerunt,
1234 1132 1322 1159 ueqtte
1346 1127 1376 1151 ut
1394 1123 1460 1159 qttid
1481 1122 1589 1150 dtllicile
1600 1130 1680 1150 recu-

887 1175 996 1204 sarunt,
1013 1171 1060 1198 sed
1086 1179 1173 1206 neque
1199 1171 1281 1205 ltujtts
1308 1170 1442 1198 medelam
1470 1170 1600 1204 scriptam
1623 1177 1678 1196 non

886 1225 949 1245 esse
964 1218 1035 1252 apud
1049 1217 1133 1243 Dennt
1154 1221 1317 1244 cunctorum
1332 1217 1468 1244 medicum
1483 1216 1678 1251 praedicarunt.

885 1264 1045 1292 Certissima
1058 1271 1176 1299 namque
1188 1267 1333 1295 noverant,
1345 1262 1417 1298 quod
1431 1262 1523 1290 omnia
1549 1269 1679 1296 quaecnn-
1711 1298 1714 1301 ν

885 1318 938 1346 que
962 1309 1049 1336 voluit
1068 1309 1199 1337 Dominus
1226 1309 1330 1336 fecitin
1345 1310 1416 1336 ccelo
1439 1312 1466 1335 et
1492 1308 1519 1335 in
1542 1313 1625 1340 terra,
1649 1308 1676 1335 in

885 1355 953 1382 mari
975 1358 1002 1381 et
1029 1355 1055 1381 itt
1068 1354 1195 1381 omnibus
1214 1354 1320 1390 abyssis
1339 1363 1347 1387 ;
1367 1358 1394 1381 et
1407 1354 1481 1388 quod
1498 1354 1676 1389 impo~sibilia

885 1401 955 1436 apttd
971 1401 1107 1431 homines.
1120 1400 1258 1435 possibilia
1272 1404 1335 1427 sunt
1350 1399 1422 1434 apud
1437 1399 1521 1427 Deum
1538 1408 1546 1432 ;
1564 1404 1591 1426 et
1602 1399 1676 1434 quod

884 1446 1006 1473 omnium
1034 1445 1193 1476 miseratur.
1225 1447 1289 1480 quia
1309 1447 1411 1477 omnia,
1444 1444 1536 1471 utJolt
1564 1445 1675 1475 asserit,

38 1492 178 1528 οἰκτιρμοὶ
191 1491 274 1518 αὐτοῦ
290 1491 338 1518 ἐπὶ
352 1492 441 1519 πάντα
455 1492 489 1519 τά
511 1491 580 1527 ἔργα
596 1491 679 1518 αὑτοῦ
697 1493 830 1526 πλουσίως

886 1497 986 1529 potest.
1007 1491 1040 1520 Et
1067 1492 1140 1520 sicut
1162 1492 1316 1518 modulator
1341 1491 1424 1518 David
1450 1491 1476 1517 in
1500 1490 1615 1518 Psalmis
1636 1495 1676 1518 est

39 1539 210 1574 ἐκχύνονται.
224 1538 307 1565 Ὅθεν
334 1538 382 1565 τὸν
405 1538 575 1566 ἀσθενοῦντα
587 1538 741 1574 δεξάμενοι,
757 1539 833 1573 φιλο-

40 1583 177 1619 φροσύνης
195 1583 246 1619 μὲν
261 1583 369 1618 πρῶτον
383 1584 513 1619 ἠξίωσαν,
529 1581 590 1610 εῐτα
602 1585 649 1611 καὶ
661 1584 772 1621 θαρσεῖν
782 1585 832 1620 τὴν

38 1630 132 1657 τούτου
157 1630 259 1665 τροφὸν
282 1630 504 1666 παρεσκεύασαν,
528 1631 719 1666 σκοπουμένην
742 1630 833 1658 αὐτῶν

38 1676 70 1703 τὰ
83 1677 238 1712 παράδοξα.
253 1677 358 1713 Χρόνον
373 1678 402 1704 δὲ
415 1678 520 1713 βραχὺν
534 1677 731 1713 ἀναμείναντες
743 1678 772 1705 οὐ
784 1678 834 1713 τὴν

39 1723 189 1758 θεραπείαν
206 1723 398 1758 σκεπτόμενοι,
414 1723 472 1749 ἀλλ’
488 1722 530 1750 ἵνα
545 1722 583 1759 μὴ
597 1723 628 1749 sb
640 1722 746 1749 τοιοῦτο
759 1723 833 1758 πρᾶ-

37 1776 93 1801 γμα
106 1768 262 1803 θαυμάσιον
273 1768 314 1800 εἰς
327 1768 434 1802 ὀλίγους
448 1768 547 1804 κομιδῇ
566 1768 614 1795 καὶ
623 1768 683 1795 λίαν
699 1768 833 1804 ἀριθμου-

39 1814 134 1848 μένους
146 1813 286 1847 ὰφίκοιτο,
301 1813 504 1848 ἐμφανέστερον
514 1813 542 1840 δὲ
554 1813 652 1847 μᾶλλον
661 1814 716 1845 τοῖς
728 1813 832 1840 πλείοσι

38 1860 81 1886 καὶ
98 1858 314 1894 γνωριμώτερον
329 1859 445 1894 γένοιτο.
463 1859 517 1887 Καὶ
536 1858 615 1886 τοῦτο
628 1859 706 1894 δῆλον
719 1859 773 1885 ἀπὸ
785 1859 831 1886 τοῦ

36 1907 83 1940 τῆς
109 1906 211 1937 ἰάσεως
232 1905 334 1941 τρόπον
351 1905 521 1940 καθέστηκεν
532 1911 539 1918 ·
554 1905 585 1932 οὗ
599 1905 654 1941 γὰρ
670 1906 728 1932 τόδε
746 1906 832 1931 ποιεῖν

36 1952 66 1978 δι’
80 1952 234 1988 δράματος,
245 1952 261 1988 ἢ
273 1952 332 1979 τόδε
347 1952 529 1988 προσέταξαν,
544 1951 580 1984 ὡς
593 1952 654 1984 ἔθος
669 1953 759 1984 αὐτοῖς
775 1952 833 1979 δια-

37 1996 218 2031 πράττεσθαι,
231 1997 289 2023 ἀλλ’
300 1997 344 2023 ὅτε
360 1997 500 2033 ῥωσθῆναι
512 1997 542 2023 τὸ
555 1998 661 2025 παιδίον
673 1998 831 2031 ὲθέσπισαν,

37 2043 120 2075 οὕτως
139 2043 269 2079 ἐπράχθη
287 2043 412 2080 φανερῶς
430 2043 466 2070 τὰ
484 2045 534 2081 τῆς
555 2044 678 2079 ῥώσεως.

885 1539 1062 1572 modulatus,
1091 1539 1282 1566 miserationes
1307 1538 1368 1572 ejtts
1393 1539 1484 1573 opime
1514 1537 1676 1564 futtdnntur.

885 1584 962 1613 Unde
981 1585 1119 1612 inllrmnm
1143 1585 1231 1619 pritno
1247 1585 1356 1619 quidem
1381 1583 1530 1610 liberaliter
1545 1591 1675 1618 suscepe-

884 1635 959 1663 runt.
982 1631 1080 1659 deinde
1093 1639 1158 1658 vero
1174 1631 1256 1658 etiam
1281 1630 1380 1657 nutrici
1398 1629 1524 1656 ﬁduciam
1541 1629 1675 1664 praestite-

883 1682 958 1711 runt,
976 1686 1069 1705 eorum
1092 1677 1289 1712 contemplanti
1309 1676 1451 1703 miracula.
1465 1675 1588 1710 Cumque
1599 1675 1674 1702 brevi

884 1728 1007 1760 tempore
1034 1724 1183 1759 praestolati
1212 1723 1341 1755 fuissent,
1367 1731 1421 1750 non
1435 1730 1518 1757 super
1532 1722 1676 1749 curatione

884 1770 1067 1803 ambigentes.
1089 1769 1136 1796 sed
1162 1777 1197 1796 tte
1223 1774 1277 1795 tant
1307 1768 1460 1795 mirandum
1487 1768 1626 1802 negotium
1641 1766 1676 1799 ad

884 1815 963 1843 valde
988 1822 1101 1850 paucos,
1118 1819 1145 1841 et
1162 1815 1208 1850 qtti
1227 1819 1341 1849 possent
1357 1814 1435 1841 facile
1452 1813 1592 1840 numerari
1612 1820 1675 1847 per-

882 1861 1012 1895 tingeret,
1032 1862 1087 1888 imo
1109 1865 1138 1887 ut
1165 1860 1340 1888 manifestius
1375 1861 1500 1895 plttribus
1526 1865 1552 1887 et
1586 1859 1675 1894 magis

884 1907 1022 1942 cognitum
1047 1906 1135 1933 ﬂeret.
1156 1905 1189 1932 Et
1212 1906 1265 1933 hoc
1293 1906 1468 1940 perspicuum
1490 1913 1505 1932 a
1522 1905 1675 1933 sanationis

884 1953 965 1980 modo
979 1952 1119 1980 consistit.
1136 1951 1196 1979 Non
1210 1953 1282 1979 enim
1305 1952 1357 1979 hoc
1373 1952 1462 1980 facere
1477 1960 1525 1987 per
1535 1952 1672 1979 somnium

883 2000 926 2027 vel
957 2000 1021 2030 hoc.
1038 2003 1068 2026 ut
1085 1999 1168 2026 moris
1191 2002 1251 2026 erat
1267 1998 1307 2025 eis
1326 1998 1433 2032 agendi.
1446 1998 1589 2033 jusserunt
1605 1997 1673 2030 ;sed

883 2046 995 2081 quando
1017 2045 1182 2072 incolumem
1200 2043 1314 2073 reddere
1343 2049 1456 2079 puerum
1481 2043 1673 2076 decreverunt,

883 2091 924 2119 sic
947 2095 1022 2126 gesta
1043 2094 1108 2118 sunt
1128 2097 1189 2126 quae
1205 2089 1238 2117 ad
1255 2090 1399 2118 sanitatem
1421 2090 1558 2125 pertinere
1569 2089 1675 2124 liquido

882 2136 1053 2163 claruerunt.

68 2174 218 2210 Μεσούσης
237 2175 288 2210 τῆς
308 2174 415 2210 ἡμέρας
439 2174 497 2210 μεθ’
513 2175 614 2210 ἡλίκων
628 2176 709 2202 τινῶν
722 2175 752 2203 τὸ
770 2184 830 2211 μει-

919 2181 1056 2209 Mediante
1081 2181 1136 2214 die,
1157 2188 1220 2209 cum
1255 2179 1417 2215 quibusdam
1434 2178 1581 2206 coaetaneis
1605 2185 1673 2213 puer

40 2221 131 2254 pixtov
159 2219 213 2255 πρὸ
237 2219 285 2246 τοῦ
303 2219 357 2246 τῶν
382 2220 468 2254 ἁγίων
492 2220 588 2253 ἔπαιζε
606 2221 765 2256 μνήματος·
784 2222 831 2248 καὶ

39 2266 102 2301 ὅπερ
126 2265 203 2300 φιλεῖ
223 2264 383 2300 συμϐαίνειν
406 2266 436 2292 ἐν
459 2267 515 2298 τοῖς
536 2265 640 2293 παίδων
662 2266 830 2302 ἀθύρμασιν,

41 2313 99 2338 ποτὲ
117 2312 169 2347 μὲν
183 2311 265 2343 αὐτὸς
279 2312 391 2347 ἑτέρους
406 2311 474 2348 πρὸς
489 2312 585 2346 ἔδαφος
600 2311 708 2347 ἔφερεν,
723 2312 789 2339 ποτὲ
803 2312 831 2339 δὲ

41 2357 128 2385 τοῦτον
154 2357 230 2384 ἄλλοι
247 2357 426 2385 κατέϐαλλον.
447 2358 581 2389 Πεσόντος
595 2358 660 2391 γοῦν
677 2358 770 2386 αὑτοῦ.
785 2359 832 2385 καλ⁸

41 2404 90 2434 τοῖς
104 2403 265 2439 μαρμάροις
279 2404 500 2439 προσεγγισὰσης
517 2405 567 2439 τῆς
581 2403 679 2438 ὅψεως.
696 2404 798 2431 τούτων
814 2405 831 2440 ἠ

42 2449 143 2480 γλῶττα
162 2449 338 2484 προσήψατο·
353 2450 400 2476 καὶ
421 2450 499 2485 μόνον
514 2449 551 2481 ὡς
565 2449 676 2485 ἐθηξεν,
693 2450 731 2481 ὼς
749 2451 781 2476 ἐκ
793 2459 834 2477 τι·

41 2505 79 2527 νος
92 2496 252 2531 διωκομένη
263 2496 311 2522 καὶ
324 2495 473 2530 φεύγουσα,
487 2496 556 2531 πρὸς
568 2496 636 2531 ὅπερ
647 2494 681 2532 ἦν
693 2498 722 2523 ἐν
733 2497 833 2533 ἀρχαῖς

41 2537 243 2574 συνεστέλλετο,
259 2541 307 2568 καὶ
320 2541 355 2568 τὰ
372 2541 426 2568 ῐδια
444 2541 530 2578 μέτρα
547 2542 580 2568 τὰ
596 2542 650 2577 πρὸ
663 2542 711 2568 τοῦ
729 2543 833 2573 πάθους

39 2588 155 2623 ἐδέχετο,
181 2588 230 2614 καὶ
254 2587 302 2623 τὴν
329 2587 457 2624 εὔχροιαν
483 2587 565 2620 εὐθὺς
590 2588 788 2623 ἀνελάμϐανεν,
803 2589 833 2615 τὸ

39 2633 155 2665 δυσειδὲς
166 2635 257 2661 έκεῖνο
270 2635 370 2669 χρῶμα
384 2635 430 2661 καὶ
442 2634 536 2669 σχῆμα
551 2635 597 2660 και
612 2634 727 2670 μέγεθος
740 2634 770 2661 τὸ
783 2643 833 2661 πο-

38 2679 174 2715 ὶυςαρκίᾳ
200 2679 361 2716 βριθόμενον
387 2680 505 2715 ῥίψασα·
530 2680 577 2707 καὶ
602 2681 619 2716 ή
643 2680 697 2707 τῶν
719 2681 833 2708 ὀδόντων

37 2725 174 2758 ἀκουσίως
200 2725 254 2758 ἔξω
280 2725 487 2761 προκύπτουσα,
509 2724 559 2762 τὴν
584 2726 712 2762 τοιαύτην
735 2727 834 2763 ἀθρόον

37 2772 154 2799 λαθοῦσα
183 2771 342 2807 συνήθειαν,
364 2772 418 2799 οὐδ’
436 2772 569 2804 ἑκουσίως
594 2774 762 2806 προκύπτειν
785 2774 833 2808 ἠν-

39 2818 137 2853 ίῑχετο,
156 2818 215 2846 ἀλλ’
232 2819 299 2846 εἴσω
312 2819 425 2855 χειλέων
440 2819 477 2851 ὡς
492 2819 520 2846 ἑν
533 2819 622 2854 οἰκείᾳ
639 2818 753 2847 παστάδι
768 2820 834 2847 καθ-

882 2231 946 2254 ante
976 2233 1134 2254 sanctorum
1156 2230 1364 2254 monumentum
1393 2225 1527 2256 ludebat;
1554 2230 1580 2252 et
1598 2224 1672 2259 quod

882 2273 1124 2308 contingereinter
1138 2273 1218 2300 ludos
1234 2280 1380 2308 puerorum
1397 2272 1509 2305 assolet,
1524 2271 1673 2305 aliquando

882 2318 992 2353 quidem
1017 2318 1075 2352 ipse
1100 2317 1170 2345 alios
1186 2318 1212 2344 in
1237 2321 1339 2344 terram
1357 2317 1506 2348 sternebat,
1525 2315 1674 2350 aliquando

882 2371 946 2391 vero
961 2363 1032 2390 hunc
1043 2363 1088 2389 alii
1103 2362 1277 2397 dejiciebant.
1296 2362 1365 2398 Ergo
1381 2370 1414 2389 eo
1431 2361 1544 2389 cadente
1557 2363 1584 2387 et
1600 2368 1673 2386 tnar-

883 2410 1006 2437 tnoribus
1022 2409 1091 2436 facie
1109 2409 1182 2437 illius
1205 2409 1295 2440 allisa,
1313 2409 1371 2435 haec
1388 2407 1449 2442 ejus
1464 2408 1554 2442 attigit
1569 2407 1672 2441 lingua.

885 2456 916 2483 Et
933 2459 962 2482 ιιι
980 2455 1151 2482 solummodo
1173 2459 1246 2482 tacta
1261 2459 1314 2487 est,
1333 2454 1412 2489 quasi
1435 2461 1449 2480 a
1465 2460 1604 2488 quoquam
1617 2460 1675 2487 per-

884 2502 1051 2529 secutionem
1077 2509 1167 2536 passa,
1185 2505 1211 2527 et
1232 2500 1296 2537 fuga
1322 2501 1408 2536 lapsa,
1435 2501 1468 2528 ad
1493 2500 1519 2527 id
1546 2499 1618 2535 quod
1645 2500 1672 2526 in

884 2547 1026 2582 principiis
1037 2551 1096 2574 erat
1111 2546 1286 2582 subterfugit,
1296 2551 1323 2573 et
1336 2554 1491 2574 mensuram
1501 2554 1579 2574 suam
1589 2553 1671 2580 quattt

884 2598 947 2620 ante
964 2593 1121 2628 passionem
1142 2592 1284 2625 habuerat,
1302 2592 1439 2627 extemplo
1455 2592 1566 2626 recepit,
1582 2595 1609 2618 et
1624 2591 1674 2618 ho-

884 2647 949 2666 ttum
978 2640 1098 2666 colorem
1126 2638 1271 2666 confcsnm
1297 2639 1464 2674 resumpsit,
1487 2639 1603 2666 deformi
1626 2638 1674 2666 illo

884 2685 1007 2720 exploso,
1020 2693 1052 2712 ac
1066 2685 1152 2712 forma
1167 2693 1214 2712 seu
1227 2685 1415 2720 magnitudine
1433 2693 1494 2720 qua:
1508 2685 1599 2712 multis
1609 2692 1672 2712 car-

885 2731 967 2758 nibus
990 2731 1157 2765 gravabatur
1181 2730 1299 2764 ahjecta.
1321 2730 1352 2758 Et
1376 2738 1436 2766 quae
1456 2731 1516 2758 sine
1533 2731 1672 2758 voluntate

886 2776 961 2803 foras
987 2780 1063 2802 extra
1086 2777 1181 2803 (lentes
1203 2776 1362 2809 eminebat,
1382 2776 1539 2812 huiusmodi
1563 2779 1673 2810 repetito

885 2822 1043 2849 oblitterata
1059 2822 1270 2856 consuetudine,
1289 2830 1339 2850 nec
1354 2822 1506 2851 voluntario
1517 2822 1674 2859 prominere
