1910 3078
235 139 305 172 3583

667 143 699 173 S.
712 143 921 173 SOPHRONII
936 140 1191 173 PATRIARCHE
1212 140 1415 172 HIEROSOL.

1800 139 1873 171 3581

236 198 399 232 patiebatur,
413 198 459 227 scd
476 199 546 227 intra
567 199 639 226 labia
657 200 730 227 sicut
757 200 784 227 in
806 201 918 236 proprio
934 201 1023 228 locata

1101 206 1178 230 'asx,
1197 198 1244 224 καὶ
1264 198 1367 233 κόσμον
1393 198 1565 226 ἀναλαϐοῦσα
1589 198 1635 226 τιν
1661 197 1801 234 πρότερον,
1824 198 1875 225 καὶ

234 245 366 277 thalamo,
392 245 509 280 priorem
529 249 655 272 ornatum
678 246 838 281 resumpsit.
858 246 890 274 Et
911 255 972 274 cum
986 247 1026 274 fa-

234 295 308 317 ceret
325 291 476 318 secundum
489 296 617 318 naturam
629 292 817 325 operationem
842 300 932 326 suam,
949 293 1025 321 inco-

235 337 328 370 gnitus
352 337 548 364 oslendebatur
579 337 775 372 propemodum
811 346 879 373 puer
907 339 949 366 his
978 340 1024 375 qui

235 381 307 408 hunc
322 387 385 409 ante
399 382 540 417 paululum
556 383 689 411 viderant.
713 383 770 411 Hoc
791 385 1024 412 autemmirarulo

234 427 315 459 facto,
337 428 442 455 clamor
463 429 560 464 ingens
576 431 609 458 ab
629 433 672 461 his
692 433 738 466 qui
756 432 837 459 simul
857 433 1024 465 jocabantur

234 473 325 506 puetis
352 476 528 510 exsurgebut,
556 482 581 504 et
602 478 698 506 Omnes
715 479 760 514 qui
784 479 810 506 in
827 479 928 513 templo
945 483 1024 506 erant

232 518 266 545 ad
287 519 421 548 visionem
445 524 655 557 conveniebant,
681 526 727 559 qui
752 525 784 552 ad
806 530 941 560 patratum
955 532 1022 552 con-

232 566 346 592 sternati
362 567 528 602 prodigium,
545 574 571 596 et
593 577 705 598 sanctos
717 571 1021 605 Iaudibuscxlulerunt,

230 616 257 637 et
269 613 384 646 positam
396 614 422 640 in
433 614 588 650 Evangeliis
600 616 633 643 de
641 616 790 645 Salvatoris
798 618 905 645 aclibus
915 626 1019 651 vorem,

233 665 330 691 magna
355 658 551 687 vociferatione
566 661 698 688 miserunt
714 672 719 689 :
738 662 872 694 Vidimus,
886 664 1020 696 dicentes,

233 703 369 730 mirabilia
401 704 481 732 hodie
506 715 514 739 ;
544 706 741 742 Christumque
768 709 869 743 ipsum,
903 709 949 743 qui
973 717 1020 744 per

231 749 341 776 eosdem
355 756 465 778 sanctos
488 752 649 780 miraculum
668 759 804 788 gesserat,
819 755 1020 790 gloriﬁcahant,

230 799 257 822 et
273 796 341 823 bene
361 796 394 824 de
409 799 526 825 sanitate
544 800 715 834 propriarum
739 802 898 835 passionum
927 810 1019 836 spera-

229 841 305 868 bant.
323 841 407 869 Porro
423 851 473 871 nos
486 844 652 872 mirabilium
667 846 748 874 hodie
763 848 902 875 auditores
918 847 1019 882 eﬂ'ecti,

228 886 382 922 horumque
403 889 538 923 operariis
559 890 650 926 dignis
668 891 776 926 hymnis
798 893 888 926 elatis,
903 893 1018 920 aliorum

229 933 397 962 mirabilium
422 935 571 963 elllciamur
588 945 739 973 praecones.

315 1013 396 1041 XLII.
418 1013 456 1042 De
472 1014 592 1052 Eugenio
615 1023 751 1052 geometra
775 1019 930 1054 hydropico.

266 1112 302 1140 De
311 1121 375 1141 rure
390 1115 469 1143 nobis
481 1121 620 1151 geometra
632 1117 706 1146 venit
717 1117 868 1154 Eugenius,
882 1120 928 1154 qui
940 1128 1022 1149 omne

229 1160 340 1195 quidem
365 1169 477 1191 mensus
501 1167 543 1191 est
562 1171 669 1198 arvum,
692 1171 813 1194 ventrem
835 1171 924 1194 autem
941 1176 1021 1196 suum

229 1205 319 1232 metiri
344 1214 397 1233 non
423 1208 521 1242 potuit,
551 1209 596 1244 qui
610 1217 642 1237 ex
667 1211 784 1246 quadam
810 1211 920 1239 humida
947 1212 972 1240 in
992 1221 1022 1240 se

229 1250 343 1278 collecta
363 1253 516 1280 substantia
542 1259 676 1288 creverat,
697 1263 750 1282 non
768 1257 890 1284 imitatus
903 1257 1019 1284 ruralem

229 1301 257 1324 et
273 1298 468 1326 numerabilem
494 1301 720 1335 magnitudinem,
745 1302 793 1329 sed
814 1304 1022 1339 incomprehen-

230 1343 347 1376 sibilcm,
371 1348 398 1371 et
413 1345 484 1372 mole
504 1347 676 1382 maximoque
694 1351 801 1375 tumore
827 1349 926 1376 factam
941 1358 1020 1378 lll0n-

230 1389 305 1417 tibus
321 1390 436 1418 similem
451 1391 655 1420 celsitudinem.
668 1393 810 1422 Demensis
823 1401 913 1422 autern]
933 1397 1020 1430 preci-

230 1436 282 1464 bus
299 1438 394 1470 utitur,
409 1438 480 1466 inter
492 1444 651 1468 sanctorum
675 1442 767 1469 volens
780 1444 918 1470 numerari
936 1445 1020 1471 mira-

229 1484 291 1511 cula
313 1493 320 1516 ;
340 1492 463 1520 magnam
484 1487 585 1522 quippe
598 1487 648 1515 hoc
664 1495 725 1516 esse
747 1489 908 1524 dignitatem
923 1491 1020 1518 existi-

231 1536 319 1562 mans,
336 1529 439 1557 idcirco
451 1535 479 1557 ut
493 1531 542 1558 hac
558 1532 634 1559 ﬁeret
645 1533 744 1568 dignus
761 1536 914 1569 proposuit.
930 1536 956 1563 In
969 1537 1020 1564 hoc

229 1574 291 1608 ipso
316 1579 406 1602 autem
430 1580 457 1604 et
481 1577 601 1612 qualiter
626 1586 656 1606 se
683 1579 795 1608 haberet
822 1583 960 1617 correptio
975 1583 1022 1610 de-

229 1626 399 1656 monstrans,
412 1629 518 1652 seXIum
529 1633 590 1653 sese
611 1625 681 1653 inter
697 1627 889 1663 Aigyptiorum
908 1629 1023 1656 adduxit

229 1671 257 1694 et
271 1666 417 1704 Libyorum
431 1670 745 1708 narrationes,praedicti
760 1675 866 1702 muneri
879 1674 1024 1709 perfectio-

231 1720 292 1740 nem
308 1713 459 1748 adniirans,
479 1720 506 1743 et
521 1716 593 1744 hunc
612 1723 754 1753 propterea
777 1720 919 1755 suscipere
947 1724 1023 1748 sorte

231 1758 365 1788 festinans
379 1769 386 1793 ;
398 1761 468 1789 unde
481 1770 532 1790 nos
549 1767 605 1791 tam
621 1764 750 1792 desiderii
773 1774 855 1802 quam
871 1766 1024 1802 disciplinae

231 1805 305 1834 hunc
320 1807 499 1842 admirantes,
515 1817 610 1845 preces
636 1818 760 1847 agamus.

267 1894 423 1928 Geometra,
439 1900 470 1923 ut
486 1896 617 1931 diximus,
635 1904 694 1926 erat
711 1899 862 1935 Eugenius,
877 1900 1023 1937 Egyptius

232 1946 340 1975 genere.
359 1940 408 1968 Hic
423 1949 555 1976 aquarum
572 1944 711 1978 potatione
725 1945 874 1973 multarum
894 1946 930 1974 ob
953 1947 1021 1974 cali-

231 1983 330 2011 dorum
354 1993 447 2013 aerum
465 1987 620 2015 molestiam
642 1997 720 2023 usus,
740 1989 899 2026 languorem
914 1991 1022 2026 gravis-

233 2031 448 2066 simuniincidit,
464 2034 510 2068 qui
522 2034 600 2062 valde
613 2043 690 2063 suam
705 2035 865 2071 expandens
877 2038 1020 2072 virtutem,

232 2076 261 2103 in
287 2074 436 2113 hydropem
462 2080 610 2107 maximam
637 2081 779 2108 minimum
796 2082 862 2110 illud
883 2084 1021 2111 residuum

232 2124 384 2151 transtulit.
406 2124 474 2152 Nam
491 2130 518 2153 et
543 2126 594 2154 hoc
618 2127 723 2155 habens
737 2127 887 2163 Eugenius,
910 2137 959 2157 nec
982 2131 1023 2158 sic

232 2169 268 2197 ab
284 2177 418 2204 aquarum
443 2172 583 2207 potatione
600 2174 727 2201 cessabat
744 2183 752 2206 ;
767 2182 912 2210 quousque
929 2182 1024 2204 ventre

1079 244 1228 278 ποιουμένη
1245 244 1316 270 κατὰ
1332 245 1413 279 φύσιν
1429 245 1529 280 ἑαυτῆς
1542 245 1592 280 τὴν
1609 245 1761 280 ἐνέργειαν,
1778 244 1875 279 ἀγνὼο

1078 297 1168 324 ριστον
1193 290 1300 316 ἐδείκνυ
1324 292 1381 321 τοῖς
1403 291 1457 326 πρὸ
1481 291 1606 326 βραχέως
1630 291 1713 327 ὁρῶσι
1733 291 1824 327 σχεδον
1842 291 1875 318 τὸ

1079 335 1233 370 μειράκιον.
1249 336 1351 363 Τούτου
1370 337 1424 372 γὰρ
1439 337 1582 371 γεγονότος
1597 337 1644 364 τοῦ
1659 337 1808 372 θαύματος,
1822 337 1875 372 βοὴ

1076 380 1238 416 διαπρύσιος
1261 382 1330 416 πρὸς
1355 382 1409 408 τῶν
1434 382 1590 418 ἀθυρόντων
1618 382 1732 408 παιδίων
1749 382 1873 417 ἐγένετο,

1075 427 1122 453 καὶ
1138 427 1201 458 τοὺς
1216 428 1244 453 ὲν
1259 427 1297 462 τῷ
1312 427 1368 462 ναῷ
1383 428 1486 460 πάντας
1509 429 1555 454 ἐπὶ
1579 429 1629 465 τὴν
1644 428 1708 455 θέαν
1726 429 1875 464 συνήθροι-

1075 473 1131 506 ζεν,
1148 473 1172 500 οῖ
1195 473 1263 509 πρὸς
1276 474 1306 500 τὸ
1320 473 1442 509 πραχθὲν
1458 473 1641 508 ἐκπλαγέντες
1656 476 1807 510 τεράστιον,
1823 476 1875 501 καὶ

1074 520 1136 551 τοὺς
1151 520 1243 554 ἀγίου;
1261 519 1422 555 ἁνύμνησαν
1432 542 1439 553 ,
1458 521 1589 555 κάκείνην
1604 520 1654 556 τὴν
1667 521 1760 556 φωνὴν
1774 521 1823 554 τὴν
1844 521 1876 546 ἐν

1074 565 1251 600 Εὖαγγελίοις
1265 567 1397 601 κειμένην
1413 567 1478 602 περὶ
1489 567 1542 593 τῶν
1551 567 1596 593 τοῦ
1606 567 1732 603 Σωτῆρος
1745 568 1875 601 πράξεων

1074 612 1274 647 μεγα),ο·ρώνως
1283 613 1452 647 ἀνέπεμπον.
1460 613 1725 648 Εἴδομεν,λέγοντες,
1731 613 1875 648 παράδοξα

1074 659 1211 693 σήμερον·
1228 659 1273 685 καὶ
1293 659 1412 694 Χριστὸν
1429 660 1511 686 αὑτὸν
1527 660 1573 686 τον
1596 659 1629 686 δι’
1647 660 1738 686 αὐτῶν
1759 668 1873 695 πεπρα-

1072 705 1138 740 χότα
1160 705 1191 730 τὸ
1213 705 1306 740 θαῦμα
1330 705 1556 741 εὐχαριστοῦντες
1575 707 1718 739 ἐδόξαζονο
1742 707 1788 732 καὶ
1805 706 1873 741 π;ρ¹ι

1071 752 1120 786 τῆς
1135 752 1244 787 ῥώσεως
1258 752 1358 784 πάντες
1370 753 1493 787 ἐγένοντο
1508 753 1562 780 τῶν
1576 754 1686 780 οἰκείων
1699 754 1875 789 παθημάτων

1072 798 1220 830 εὐέλπιδες.
1245 799 1342 834 Ἡμεῖς
1360 799 1388 826 δὲ
1403 799 1564 835 παραδόξων
1582 800 1715 835 ἀκροαταὶ
1728 800 1875 834 γενόμενοι

1073 845 1206 880 σήμερον,
1228 845 1274 871 καὶ
1291 846 1353 877 τοὺς
1369 845 1471 872 τούτων
1489 847 1607 881 ἐργάτας
1622 846 1705 879 ἀξίως
1729 847 1875 882 ὑμνήσαν-

1073 899 1129 924 τες,
1146 890 1306 926 παραδόξων
1323 891 1411 918 ἄλλων
1426 892 1571 927 γενώμεθα
1587 893 1722 928 κήρυκες.

1090 1012 1158 1040 Mll'.
1185 1012 1254 1046 Περὶ
1275 1013 1422 1047 librarlo”
1442 1013 1494 1040 τοῦ
1515 1012 1679 1048 γεωμέτρου
1700 1013 1854 1048 ὑδρωπιά-

1408 1056 1520 1081 σαντος
1525 1068 1532 1075 .

1107 1115 1153 1148 Ἐξ
1171 1114 1293 1150 ἀρούρας
1307 1115 1374 1150 ἡμῖν
1400 1115 1414 1141 ό
1437 1114 1598 1151 γεωμέτρης
1620 1113 1702 1151 ἦλθεν
1728 1117 1872 1150 Εὑγένιος,

1072 1164 1163 1190 πᾶσαν
1189 1163 1238 1198 μὲν
1267 1162 1476 1198 μετρησάμενος
1502 1164 1632 1198 ἄρουραν,
1650 1163 1749 1190 ἑαυτοῦ
1773 1164 1875 1199 δὲτὴν

1072 1209 1191 1244 γαστέρα
1206 1210 1316 1244 μετρεῖν
1330 1209 1360 1235 οὗ
1373 1209 1531 1243 δυνάμενος,
1544 1208 1576 1235 ἔκ
1587 1210 1756 1244 τινος”ὑγρᾶ;
1772 1210 1874 1241 οὐσίας

1071 1257 1110 1288 εἰς
1128 1255 1212 1290 αὐτὴν
1226 1254 1422 1290 ἀθροιζομένης
1437 1255 1596 1290 αὐξήσασαν
1607 1275 1614 1287 ,
1630 1255 1677 1282 καὶ
1695 1256 1874 1290 μιμουμένην

1071 1303 1121 1329 οὐκ
1141 1302 1286 1337 ἀρουραῖον
1300 1301 1469 1336 εὐμέτρητον
1489 1301 1614 1335 μέγεθος,
1630 1301 1687 1328 ἀλλ’
1704 1301 1796 1336 δρεσιν
1812 1302 1874 1328 ὲοι-

1073 1347 1120 1378 κδς
1136 1347 1298 1381 δυσέφικτον
1316 1345 1436 1381 ὕψωμα,
1452 1347 1513 1378 ταῖς
1537 1347 1701 1382 ὑπερόγκοις
1720 1347 1767 1373 καὶ
1790 1348 1874 1381 μεγί-

1074 1401 1150 1424 σταις
1165 1393 1298 1426 οἰδήσεσι.
1315 1391 1546 1427 Μεμετρημέναις
1567 1392 1595 1419 δὲ
1617 1392 1714 1427 χρῆται
1729 1392 1873 1427 δεήσεσιν,

1074 1438 1290 1474 συμμετρεῖσθαι
1305 1439 1361 1468 τοῖς
1378 1437 1498 1471 θαύμασι
1515 1437 1568 1463 τῶν
1584 1438 1669 1472 ἁγίων
1684 1438 1849 1472 βουλόμενος
1865 1447 1875 1455 ⁸

1075 1484 1196 1519 μεγάλην
1214 1484 1268 1518 γὰρ
1285 1481 1356 1509 εἶναι
1373 1483 1422 1518 τὴν
1444 1483 1523 1516 ἀξίαν
1544 1483 1706 1519 ἡγούμενος,
1720 1483 1765 1510 διὰ
1788 1484 1881 1511 τοῦτο

1068 1530 1175 1565 ,ταύτης
1188 1529 1330 1562 ἀξιοῦσθαι
1345 1529 1517 1565 προείρηται.
1527 1529 1570 1556 Ἐν
1583 1530 1676 1564 ταυτῷ
1687 1529 1715 1556 δὲ
1731 1531 1779 1557 καὶ
1793 1531 1881 1562 ὅπως

1073 1575 1130 1610 ἔχει
1145 1574 1314 1605 παιδεύσεως
1332 1574 1548 1609 ἐνδεικνύμενος,
1561 1574 1641 1601 ἕκτον
1653 1575 1749 1602 ἑαυτὸν
1765 1575 1794 1601 ὲν
1808 1577 1879 1607 ταῖς

1073 1621 1230 1655 Αἰγυπτίων
1252 1621 1300 1646 καὶ
1324 1620 1432 1647 Λιὸύων
1454 1620 1543 1655 ἤγαγε
1568 1620 1737 1656 διηγήσεσιν,
1755 1620 1803 1646 τοῦ
1823 1620 1879 1646 λε-

1073 1666 1184 1701 χθέντος
1197 1665 1314 1701 ἀριθμοῠ
1330 1664 1479 1700 θαυμάζων
1490 1665 1520 1691 τὸ
1532 1665 1634 1692 τέλειον
1647 1685 1654 1698 ,
1672 1665 1719 1691 καὶ
1731 1665 1776 1691 διὰ
1787 1665 1880 1692 τοῦτο

1064 1713 1168 1746 »τοῦτον
1193 1712 1349 1744 σπουδάσας
1366 1711 1577 1747 κληρώσασθαι·
1603 1711 1664 1738 ὅθεν
1680 1712 1760 1747 ἡμεῖς
1775 1713 1823 1738 τοῦ
1839 1720 1878 1738 τε

1073 1759 1157 1786 πόθου
1172 1759 1219 1786 καὶ
1232 1758 1282 1794 τῆς
1298 1758 1424 1790 παιδείας
1439 1757 1521 1785 αὑτὸν
1534 1757 1715 1792 ὰγασάμενοι,
1731 1757 1781 1792 τὴν
1794 1758 1877 1793 αἴτη-

1074 1814 1117 1833 σιν
1136 1805 1293 1841 δράσωμεν.

1108 1895 1272 1931 Γεωμέτρης
1286 1892 1331 1931 ἦν,
1349 1897 1386 1927 ὡς
1401 1895 1481 1932 ἔφην,
1496 1895 1635 1930 Εὐγένιος,
1651 1895 1682 1922 τδ
1695 1895 1774 1929 γένος
1785 1896 1878 1929 Atri--

1073 1949 1161 1973 πτιος.
1183 1938 1267 1972 Οὗτος
1279 1941 1429 1977 ὑδροποσίᾳ
1443 1941 1527 1977 πολλῇ
1553 1941 1598 1969 διὰ
1618 1942 1668 1977 τὴν
1682 1942 1737 1968 τῶν
1758 1942 1880 1976 θερμῶν

1072 1985 1163 2020 ἀέρων
1187 1985 1338 2020 ὲπάχθειαν
1358 1985 1518 2021 χρώμενος,
1543 1987 1583 2018 εἰς
1605 1986 1684 2013 νόσον
1711 1985 1880 2021 βαρυτάτην

1073 2031 1273 2062 είσπέπτωκεν,
1285 2032 1347 2067 ἥτις
1362 2031 1429 2059 πολὺ
1444 2032 1494 2067 τῆς
1510 2032 1613 2064 οἰκείας
1627 2031 1742 2060 ὲνδοῦσα
1754 2032 1879 2067 σφοδρό-

1072 2087 1165 2114 τητος,
1189 2079 1229 2110 εἰς
1245 2078 1339 2114 ὕδερον
1360 2078 1489 2113 μέγιστον
1504 2078 1535 2105 τὸ
1551 2078 1668 2115 σμικρὸν
1694 2080 1785 2106 ἐκεῖνο
1810 2087 1881 2114 μετ-

1074 2124 1170 2151 έὸαλεν
1187 2124 1321 2159 ἐλειμμα·
1345 2126 1393 2151 καὶ
1416 2124 1496 2157 τοῦτο
1512 2126 1565 2162 γὰρ
1581 2125 1649 2161 ἔχων
1664 2127 1809 2160 Εὐγένιος,
1824 2127 1882 2160 τῆς

1072 2170 1128 2197 τῶν
1150 2170 1255 2197 ὑδάτων
1271 2171 1321 2197 οὐκ
1337 2171 1418 2206 ἔληγε
1435 2173 1556 2203 πόσεως·
1580 2172 1632 2204 ἕως
1654 2169 1685 2199 οὗ
1705 2173 1766 2199 κατ’
1782 2173 1882 2206 ὀλίγη

231 2218 402 2243 tumeseente
413 2216 543 2252 paulatim
554 2217 657 2252 jaceret
669 2219 828 2253 innnobilis,
841 2226 900 2247 cete
909 2223 1022 2256 grandia

1101 2216 1253 2252 τκούμενος,
1269 2216 1397 2251 ἀκίνητος
1411 2217 1528 2252 ἔμεινεν,
1538 2218 1585 2244 καὶ
1600 2218 1701 2252 μᾶλλον
1715 2219 1881 2248 κατέκειτο,

232 2266 259 2290 et
273 2270 387 2298 magnos
414 2263 536 2291 inuitatus
559 2264 702 2298 dracones,
728 2266 775 2301 qui
794 2274 940 2301 corporum
954 2269 1023 2295 mole

232 2309 474 2346 magnitudineque
489 2311 606 2344 gravati,
624 2311 752 2339 incedere
765 2311 794 2339 in
816 2314 952 2340 anteriora
967 2321 1022 2341 non

232 2357 332 2384 valent.
351 2356 449 2384 Verum
463 2365 517 2384 non
536 2362 600 2384 tunc
623 2357 658 2384 ab
674 2366 806 2392 aquarum
821 2364 884 2394 potu
900 2360 1024 2394 quiesce-

233 2402 279 2430 ι›;ιι
296 2411 303 2429 :
326 2401 397 2429 [inde
410 2409 472 2429 cum
489 2409 570 2429 onnie
581 2403 779 2430 incrementum
796 2408 899 2430 motum
923 2404 1024 2431 habent

234 2448 412 2483 principium,
433 2449 506 2474 sicut
531 2448 628 2476 hormn
653 2449 732 2483 periti
748 2449 944 2484 dogmatizant,
967 2450 1024 2484 ipse

233 2493 375 2520 crescebat
409 2493 566 2521 nullatenus
594 2499 704 2525 motus.
733 2500 829 2522 natura
857 2498 939 2522 ctiam
966 2496 1024 2530 ipsa

235 2540 331 2565 horum
363 2539 472 2566 fallente
499 2541 674 2567 sententiain.
695 2540 780 2567 Porro
807 2541 900 2568 dicere
924 2542 1023 2568 iterum

234 2589 261 2611 rl
276 2586 302 2611 in
334 2585 385 2612 hoc
409 2586 540 2621 languore
564 2586 732 2613 medicorum
746 2587 943 2619 inﬁrmitatem,
961 2595 1023 2614 cum

235 2631 362 2658 omnibus
377 2632 412 2658 sit
433 2633 589 2667 perspicua,
605 2633 739 2660 recusabo
756 2641 763 2665 ;
782 2633 839 2659 hmc
862 2632 934 2660 enim
950 2637 1024 2659 certa

235 2680 287 2707 est,
316 2676 376 2704 licet
392 2685 442 2705 nos
469 2681 619 2706 taceamus.
645 2677 718 2714 Ergo
741 2678 811 2705 hanc
828 2679 937 2705 silentio
956 2686 1025 2713 pra-.-

235 2725 384 2756 tereuntes,
408 2722 522 2752 Joannis
555 2729 581 2752 et
603 2724 666 2760 Cyri
692 2732 819 2752 verorum
855 2725 1024 2752 medicorum

236 2768 364 2796 virtutem
384 2769 528 2798 fatebimur
548 2780 553 2797 :
573 2775 708 2806 quantum
723 2771 795 2798 enim
809 2769 1024 2806 praecedentium

238 2814 384 2843 inhrmitas
406 2816 475 2843 facta
498 2821 539 2845 est
555 2818 664 2845 silentio
690 2818 782 2854 digna,
804 2822 907 2846 tantum
928 2818 1024 2846 hormn

240 2861 325 2887 virtus
340 2861 495 2895 magnison
510 2862 681 2896 przrdiratur.
700 2862 765 2890 Nam
779 2867 804 2890 et
817 2862 870 2890 illis
888 2862 1025 2898 Eugenius

1074 2263 1109 2288 τὰ
1123 2262 1229 2296 μεγάλα
1245 2262 1316 2297 κήτη
1332 2263 1379 2289 καὶ
1394 2262 1457 2294 τοὺς
1473 2263 1607 2297 μεγάλους
1626 2263 1796 2299 μιμούμενος
1809 2265 1883 2299 δρά-

1074 2316 1183 2340 κοντας,
1199 2307 1223 2334 οἳ
1240 2307 1375 2342 σωμάτων
1399 2307 1474 2343 δγκῳ
1497 2308 1544 2335 καὶ
1562 2308 1678 2342 μεγέθει
1693 2309 1881 2344 βαρούμενοι,

1074 2355 1114 2385 εἰς
1138 2354 1174 2380 τὰ
1198 2355 1291 2389 πρόσω
1307 2355 1406 2389 χωρεῖν
1420 2355 1470 2381 οὐκ
1486 2354 1634 2391 ἰσχύουσιν.
1649 2355 1718 2381 Ἀλλ’
1733 2356 1796 2382 οὐδὲ
1813 2356 1882 2382 τότε

1074 2399 1123 2434 τῆς
1137 2399 1191 2425 τῶν
1208 2399 1312 2426 ὑδάτων
1326 2399 1444 2426 ἐπαύετο
1462 2400 1581 2431 πόσεως·
1595 2399 1656 2426 ὅθεν
1673 2400 1764 2434 πάσης
1788 2401 1883 2435 αὐξή-

1075 2453 1145 2477 σεως
1159 2446 1247 2480 ἀρχὴν
1262 2445 1378 2480 ἐχούσης
1391 2445 1440 2481 τὴν
1457 2446 1565 2481 κίνησιν
1576 2465 1583 2477 ,
1596 2445 1635 2477 ὡς
1649 2446 1673 2472 οἰ
1688 2446 1776 2473 ταῦτα
1793 2446 1885 2472 δεινοὶ

1074 2491 1296 2526 δογματίζουσιν,
1315 2492 1396 2524 αὐτὸς
1412 2490 1488 2527 ηὖξε,
1509 2493 1558 2519 καὶ
1582 2492 1643 2528 μηδ’
1658 2492 1727 2523 ὅλως
1743 2492 1885 2526 κινούμε-

1074 2547 1120 2570 νος
1133 2539 1182 2573 τὴν
1199 2538 1280 2573 φύσιν
1294 2538 1389 2574 αὐτὴν,
1400 2538 1447 2565 καὶ
1459 2538 1490 2565 τὺ
1501 2538 1603 2565 τούτων
1619 2538 1830 2573 παρα).ογ;ζόμε
1839 2547 1885 2569 θος

1075 2583 1225 2619 θέσπισμα.
1243 2584 1339 2617 Λέγειν
1354 2584 1381 2611 δὲ
1395 2584 1477 2610 πάλιν
1493 2585 1539 2610 καὶ
1554 2584 1601 2610 ἐπὶ
1616 2583 1711 2610 τούτου
1727 2583 1776 2609 τοῦ
1795 2588 1886 2618 νοση-

1077 2639 1162 2666 ματος
1188 2630 1242 2656 τῶν
1269 2629 1370 2665 ἰατρῶν
1394 2630 1444 2665 τὴν
1466 2630 1609 2656 ἀσθένειαν
1626 2630 1663 2660 ὼς
1681 2631 1766 2656 πᾶσιν
1791 2628 1886 2656 οὖσαν

1076 2676 1241 2703 εὐσύνοπτον
1256 2676 1476 2712 παραιτήσομαι’
1495 2676 1561 2712 δήλη
1578 2677 1632 2711 γὰρ
1647 2675 1716 2709 αὕτη
1737 2675 1887 2710 καθέστη-

1075 2732 1134 2756 κεν,
1159 2722 1208 2749 κᾶν
1234 2723 1314 2758 ἡμεῖς
1339 2723 1534 2758 σιιιιπήσωμεν.
1558 2721 1663 2749 Οὐκοῦν
1681 2722 1788 2758 ταύτην
1812 2724 1884 2758 σιγῇ

1076 2768 1294 2804 παρελάσαντες,
1309 2767 1357 2803 τὴν
1377 2768 1500 2794 Ἰωάννου
1517 2769 1564 2794 καὶ
1579 2767 1671 2802 Κύρου
1695 2767 1749 2794 τῶν
1778 2768 1885 2802 ἀληθι-

1077 2814 1130 2841 νῶν
1148 2813 1247 2848 ίατρῶν
1262 2813 1384 2848 λέξωμεν
1399 2813 1514 2848 δύναμιν
1524 2822 1531 2829 ·
1556 2814 1617 2840 ὅσον
1634 2813 1688 2849 γὰρ
1703 2814 1719 2848 ἡ
1734 2813 1792 2840 τῶν
1810 2822 1884 2848 προ-

1076 2860 1215 2888 λαϐόντων
1240 2859 1367 2887 ἀσθένεια
1392 2861 1469 2895 ιιι-(ἦς
1488 2860 1549 2892 ἀξία
1567 2860 1724 2896 γεγένηται,
1749 2859 1884 2895 τοσαύτη
