1910 3078
234 139 304 168 δῐιιςγ
335 134 341 138 ’

237 196 301 228 pido
319 195 491 230 brevitatem,
507 197 582 224 illum
595 205 660 226 vero
672 203 783 234 propter
795 205 899 227 vastam
915 203 943 226 ct
963 199 1029 226 inte-
1044 201 1065 230 Α

236 241 401 269 ιιῖιῐιοὺὶιυπι
427 243 653 278 magnitudinem.
677 244 771 280 Itaque
788 245 880 273 taliter
894 249 921 273 et
938 245 1027 280 Euge-

234 286 301 314 nius
317 295 410 315 necem
428 288 534 323 fugiens
547 290 731 324 aegritudinis,
745 296 772 318 et
784 292 893 319 concite
909 291 1027 318 sanitate

237 337 376 367 percepta,
394 336 497 368 gratias
516 336 656 363 moderate
670 339 847 372 martyribus,
865 342 892 365 et
915 337 1028 365 Christo

236 379 281 413 qui
292 386 394 413 pereos
407 382 609 414 perceptionem
621 383 739 410 contulit
752 384 922 415 modulatus,
934 383 1027 411 exsul-

237 428 298 451 tans
309 432 324 451 a
342 427 444 460 templo
457 428 584 455 secessit.
602 427 688 455 Porro
704 437 756 456 nos
774 429 873 456 iterum
887 430 967 464 quasi
982 436 1028 457 sa-

236 469 350 497 nitatem
369 471 420 506 ipsi
439 472 528 508 adepti
546 474 733 502 fuissemusin
747 475 1029 510 relationejucunda-

235 516 267 549 ti,
284 515 423 544 Christum
440 524 606 554 sanctosque
620 521 728 556 hymnis
743 526 885 554 canentes,
901 521 935 549 ad
946 521 1029 549 aliam

235 561 423 590 delectabilem
442 564 652 598 proﬁciscamur
669 566 849 593 auditionem.

441 610 532 638 XLIII.
552 611 589 639 De
605 611 723 639 Taurino
744 613 830 639 lardo.

272 654 357 682 Adest
369 661 397 683 et
411 655 551 685 Taurinos
563 665 578 685 e
595 659 721 694 proximo
738 659 865 690 veniens,
880 661 908 686 et
919 659 964 686 vix
981 665 1031 685 an-

236 708 272 727 no
294 702 403 729 tandem
424 704 599 738 perveniens,
625 705 689 732 dum
713 705 764 733 iter
781 705 890 732 eminus
910 705 978 740 agit,
995 705 1031 732 ob

236 746 390 775 breviorem
412 749 511 783 pedum
534 754 562 777 et
588 751 738 778 tardiorem
763 751 909 784 ell‘ectum;
929 757 956 779 et
975 759 1031 779 non

238 797 343 820 tanttnn
363 793 445 827 hujus
460 795 499 822 rei
519 795 658 831 gratia,ut
671 801 796 831 apparet,
813 796 860 824 sed
879 801 906 823 et
918 804 1027 832 percus-

239 845 310 866 surae
331 846 414 867 causa
437 841 554 873 fabrilis,
582 845 697 876 propter
719 849 801 876 quain
831 846 962 869 canentes
980 849 1032 870 nos

688 143 718 173 S.
738 143 945 173 SOPI-IRONU
967 141 1221 172 PATRIARCHE
1239 142 1443 173 HIEROSOL.

1082 199 1149 225 πολὺ
1164 199 1212 225 καὶ
1228 198 1389 226 ἀνείκαστον
1402 199 1526 234 μέγεθος.
1549 198 1627 226 Οὕτω
1641 198 1690 234 μὲν
1703 198 1748 225 οὖν
1764 199 1809 226 καὶ
1826 199 1879 224 Εὐ-

1080 244 1170 278 γένιος
1185 243 1230 271 τὸν
1247 245 1329 279 μόρον
1345 245 1439 278 φυγὼν
1464 245 1512 271 τοῦ
1536 246 1698 280 νοσήματος,
1716 245 1762 271 καὶ
1780 245 1881 271 σύντο-

1083 298 1132 325 μον
1154 289 1203 324 τὴν
1228 289 1323 324 ὑγείαν
1348 290 1534 324 δρεψάμενος,
1551 290 1601 326 τὴν
1625 290 1706 326 χάριν
1732 291 1882 326 εὐρύθμως

1083 335 1244 370 μελῳδήσας
1261 337 1317 367 τοῖς
1343 337 1462 370 μάρτυσι
1479 336 1527 362 καὶ
1549 336 1662 371 Χριστῷ
1678 336 1717 371 τῷ
1739 336 1775 362 δι’
1786 336 1883 362 αὐτῶν

1081 381 1209 408 δεδωκότι
1221 381 1251 408 τὸ
1263 381 1424 416 δρέψασθαι,
1438 382 1484 408 τοῦ
1496 382 1549 408 νεὼ
1560 383 1679 417 σκιρτῶν
1691 382 1882 418 ἀνεχώρησεν.

1087 427 1183 462 Ἡμεῖς
1195 427 1223 453 δὲ
1234 427 1314 454 πάλιν
1324 427 1361 459 ὡς
1374 427 1541 459 πεπονθότες
1551 428 1601 463 τήν
1610 429 1693 459 ἴασιν,
1708 430 1740 464 τῇ
1751 429 1883 464 διηγήσει

1081 473 1256 508 τερπόμενοι,
1270 474 1389 509 Χριστὸν
1412 475 1460 502 καὶ
1485 475 1549 506 τοὺς
1575 475 1671 509 ἁγίους
1693 475 1881 511 ὑμνήσαντες,

1083 519 1128 546 ις’
1144 518 1210 547 ἄλλο
1225 520 1343 556 τερπνὰν
1360 520 1528 556 ὁρμήσωμεν
1546 520 1682 556 ἄκουσμα.

1211 607 1277 635 Mf”.
1300 608 1369 642 Περὶ
1392 609 1536 642 Ταυρίνου
1567 609 1751 644 ⁵ιωρόθιποὸος.

1120 653 1242 689 Πάρεστι
1265 655 1314 682 καὶ
1331 655 1464 689 Ταυρίνος
1480 656 1512 682 ὲκ
1534 655 1582 682 τοῦ
1606 656 1692 688 τιέλας
1712 657 1883 692 ἑρχόμενοςδ

1086 699 1162 734 μόλις
1177 700 1206 727 δέ
1223 709 1289 728 ποτε
1303 701 1372 736 πρὸς
1386 701 1460 736 ἡμᾶς
1473 700 1639 736 ἀφικόμενος
1648 702 1686 734 ὡς
1702 702 1752 738 τήν
1762 704 1886 739 πορείαν

1087 746 1225 782 μακρόθεν
1236 746 1410 782 ποιούμενος,
1419 747 1463 774 διὰ
1475 747 1525 783 τὴν
1537 748 1593 774 τῶν
1607 748 1696 775 ποδῶν
1713 748 1888 784 βραδυτέραν

1085 792 1228 828 ἐνέργειαν
1240 801 1246 808 ν
1271 794 1319 820 καὶ
1334 794 1364 820 οὺ
1384 793 1468 829 μόνης
1483 794 1587 830 ταύτης
1612 795 1704 830 χάριν,
1716 794 1753 826 ὡς
1779 795 1886 826 ἔοικεν,

1085 837 1156 865 ἀλλὰ
1183 838 1230 865 καὶ
1256 838 1305 866 τοῦ
1320 838 1502 874 χαλκευτικοῦ
1524 838 1698 875 κρούσματος
1712 839 1806 869 ἕνεκα.
1823 839 1860 865 δι’
1873 840 1889 866 δ

238 891 397 913 sanctorum
420 887 564 921 miracula,
581 888 665 916 citius
681 888 778 916 audire
795 897 848 916 non
870 890 966 917 valuit.
983 888 1037 917 Ve-
1051 888 1053 915 ἶ

1125 883 1274 910 λαδούντων
1290 884 1369 919 ήμῶν
1380 884 1435 911 τῶν
1450 883 1535 918 ἁγίων
1548 884 1583 911 τὰ
1598 883 1889 919 θαύματα.πυθέσθαι

238 937 394 974 runitamcn
411 933 522 961 veniens
545 934 681 961 rationem
704 934 842 962 tarditatis
857 935 986 968 reddidit,
1004 940 1032 964 et

239 986 273 1006 ne
285 980 487 1012 pmteriremus
500 988 562 1007 enin
578 989 632 1007 non
649 981 783 1016 scriptum
799 982 934 1017 poposcit.
950 990 1031 1017 quem

239 1024 349 1060 dignam
372 1033 421 1060 pro
452 1027 531 1061 culpa
558 1027 694 1054 rationem
721 1026 879 1060 facientem,
899 1036 984 1056 unum
998 1036 1032 1056 ex

239 1069 283 1098 his
305 1071 381 1098 illum
397 1071 444 1106 qui
467 1071 494 1098 in
521 1072 681 1108 martyricis
700 1073 855 1108 gloriantur
869 1074 1034 1101 visitationi-

239 1114 291 1142 btls
309 1115 453 1144 faciemus.

275 1161 395 1189 Heraclii
425 1162 633 1197 possessionis,
657 1170 719 1198 qua
747 1163 848 1198 templo
874 1169 1034 1192 sanctorum

240 1208 365 1242 proxima
381 1213 452 1241 erat,
465 1213 493 1236 et
506 1209 618 1237 Sabbati
635 1209 670 1237 ab
685 1209 737 1237 hoc
753 1210 852 1238 itinere
870 1213 976 1237 tantum
992 1210 1034 1238 di-

241 1254 342 1287 stabat,
356 1255 380 1281 id
397 1260 438 1282 est
448 1259 567 1290 quatuor
578 1256 731 1283 stadiorum
743 1256 870 1283 etdeccm
882 1256 1035 1292 intercape-

240 1300 315 1334 dine,
337 1301 453 1329 villauus
464 1301 601 1329 Taurinus
616 1307 686 1333 erat.
697 1307 725 1330 et
743 1303 891 1330 clavariam
909 1303 1035 1331 sectaba-

241 1349 286 1373 tur
300 1351 404 1381 artem;
419 1347 518 1382 pedum
538 1351 628 1375 autem
645 1355 699 1375 non
713 1343 798 1376 lévem
820 1349 980 1383 possidebat
993 1349 1036 1376 in-

242 1392 397 1420 ﬁrmitatem
412 1393 458 1420 sed
478 1401 617 1428 magnam,
640 1398 667 1421 et
681 1401 743 1429 quae
757 1393 907 1422 auditionis
917 1395 1035 1422 excede-

242 1439 287 1465 bat
301 1446 466 1465 sermonem.
485 1437 517 1465 lli
533 1440 606 1466 enim
623 1439 717 1473 specie
730 1438 840 1473 pedum,
856 1439 879 1467 si
889 1439 1034 1467 dicendum

240 1485 293 1514 est,
317 1482 461 1516 abnegata,
485 1482 608 1509 Iororutn
625 1482 809 1510 imitabantur
824 1484 944 1518 speciem
960 1492 1035 1511 mor-

242 1534 371 1561 tuorum;
390 1533 502 1563 propter
518 1528 591 1564 quod
606 1533 633 1556 et
646 1537 708 1556 eum
724 1537 806 1565 quem
826 1529 1034 1566 habebantpos-

240 1581 390 1606 sessorem,
419 1574 466 1601 tali
485 1575 651 1609 cognomine
665 1575 799 1603 nominari
818 1575 960 1610 fecerunt;
979 1577 1035 1604 cla-
1048 1568 1071 1597 (ἶ

242 1621 347 1648 varium
371 1620 443 1647 enim
470 1621 505 1648 ab
527 1625 586 1648 arte
612 1621 810 1656 cognominare
829 1623 1001 1656 omittentes,
1021 1630 1037 1649 a

242 1666 359 1701 pedibus
384 1666 522 1693 vocabant
546 1666 668 1702 Ioripeda
683 1676 690 1701 ;
709 1672 736 1694 et
751 1667 888 1702 fortejatn
904 1668 973 1696 bene
990 1669 1036 1696 tali

241 1720 304 1739 eum
319 1712 431 1740 nomine
444 1713 612 1746 vocitabant,
629 1714 760 1749 quoniam
778 1715 859 1749 pedes
876 1722 931 1741 non
947 1715 1036 1742 solum

242 1759 365 1786 lororum
393 1759 532 1787 habebant
557 1760 670 1794 idioma,
692 1759 740 1788 sed
758 1760 823 1795 quia
839 1766 867 1788 et
884 1760 1036 1788 secundum

243 1807 301 1833 haec
317 1809 397 1833 erant
411 1806 541 1840 deinceps
551 1806 718 1839 ineﬂicaces,
735 1812 762 1834 et
776 1807 842 1842 quia
859 1807 940 1842 quasi
953 1815 967 1833 a
979 1808 1038 1834 cla-

243 1852 318 1878 varia
335 1857 446 1887 propter
462 1852 544 1886 pedes
561 1857 621 1879 arte
637 1853 792 1888 quiescens,
807 1860 823 1880 a
843 1853 943 1888 pedum
959 1861 1039 1881 voca-

243 1898 323 1926 batur
341 1899 482 1934 lauguore.
501 1899 580 1926 Hanc
599 1898 739 1927 Taurinos
753 1899 900 1935 pessimam
921 1899 1037 1927 infirmi-

244 1948 327 1972 tatem
358 1945 475 1977 habens.
497 1949 560 1981 post
580 1949 732 1974 extremam
752 1945 925 1973 medicorum
943 1947 1037 1981 repul-

242 1991 364 2024 sionem,
395 1991 468 2026 quod
508 1999 647 2026 nunquam
676 1991 826 2026 aliquando
853 1992 934 2026 pedes
965 1997 1039 2020 esset

243 2041 368 2064 moturus
382 2037 542 2072 hujusmodi
565 2037 786 2072 perbibeutium;
812 2037 870 2065 hwc
881 2037 954 2064 enim
979 2043 1038 2065 erat

242 2083 363 2117 ipsorum
380 2091 412 2110 ex
438 2087 498 2110 arte
523 2083 660 2110 sententia
675 2091 682 2115 ;
698 2083 732 2110 ad
758 2082 860 2118 Cyrum
878 2084 1037 2112 sublevatus

244 2128 328 2160 venit,
342 2131 370 2155 et
387 2127 524 2156 Joannem
545 2127 610 2164 Cyri
623 2132 849 2163 commartyrem.
865 2128 965 2156 divina:
982 2137 1038 2156 me-

242 2174 341 2201 dicinae
356 2179 552 2211 praeceptores,
568 2180 595 2203 et
611 2183 666 2202 non
681 2175 741 2210 ejus
754 2183 814 2211 quae
831 2175 1036 2211 Hippocratem,

242 2220 387 2253 Galenum,
403 2225 431 2248 et
446 2222 643 2253 Democritum,
665 2222 711 2257 qui
730 2222 763 2249 de
778 2227 851 2249 terra
874 2223 1035 2258 loquuntur,
1053 2237 1076 2265 ι)

244 2264 309 2292 facit
330 2266 480 2298 doctores;
505 2273 561 2300 quo
578 2266 734 2293 admirandi
751 2271 888 2303 martyres
909 2268 1036 2296 veniente

243 2315 384 2346 suscepto,
398 2311 471 2338 hunc
483 2311 603 2338 sanitate
617 2311 743 2347 dignum,
758 2320 840 2347 quam
855 2313 893 2340 illi
908 2313 1036 2348 despera—

243 2362 348 2388 verant.
363 2356 554 2384 reddiderunt.
571 2357 744 2392 Apparentes
758 2359 831 2386 enim
843 2360 868 2387 ei
883 2361 1034 2387 secundum

243 2411 346 2430 morem
361 2404 388 2430 in
410 2404 569 2431 stramentis
585 2408 612 2431 et
636 2404 724 2437 lectis,
742 2405 850 2432 salitam
865 2406 1034 2433 coturnicem

242 2453 269 2475 et
283 2449 449 2475 exsiccalam
462 2449 624 2484 praecipiunt
641 2457 761 2482 sumere,
777 2455 804 2477 et
817 2449 887 2477 hanc
901 2454 990 2477 terere
1008 2454 1036 2476 et

243 2495 325 2530 pedes
345 2503 448 2530 ungere
471 2496 637 2528 saucientes,
660 2496 760 2523 iterum
786 2496 868 2524 veluti
893 2497 1032 2523 somnium

242 2542 433 2569 avolaverunt.
450 2544 483 2569 At
502 2542 547 2570 ille
559 2546 620 2576 post
638 2544 775 2570 somnium
794 2544 866 2578 quod
883 2543 1036 2578 imperave-

244 2591 306 2612 rant
319 2587 432 2619 faciens,
450 2587 614 2615 mirabiliter
629 2587 792 2619 sanabatur,
808 2592 835 2616 et
851 2589 923 2615 omni
937 2589 1035 2623 pedum

243 2632 403 2660 infirmitate
436 2637 462 2660 et
492 2634 594 2660 duritia
620 2634 684 2665 illa.
708 2634 885 2668 lororumque
920 2634 1035 2661 deformi

245 2678 361 2713 prorsus
376 2679 573 2714 imaginatione
599 2679 735 2714 deposita,
754 2679 859 2713 integer
877 2683 905 2706 et
920 2679 1036 2713 pedibus

243 2725 323 2752 bouis
337 2725 425 2752 factus
439 2729 492 2758 est,
505 2729 531 2752 et
546 2725 616 2752 forte
629 2726 752 2753 obtinere
766 2725 924 2752 coturnices
938 2725 1035 2759 pedmu

243 2772 428 2799 crassitudine
444 2772 548 2799 valens.
569 2771 602 2798 Et
619 2771 757 2798 Taurinus
771 2770 881 2806 quidem
895 2771 1037 2805 sospitaiis

243 2818 322 2853 copia
344 2813 602 2853 fretus,gratiarum
621 2817 777 2844 actionibus
787 2816 842 2845 Deo
853 2818 1036 2853 martyribus-

244 2872 298 2901 que
313 2865 425 2897 oblatis,
451 2864 568 2893 recesait
587 2873 593 2891 :
608 2872 658 2891 nos
673 2870 763 2891 autem
779 2863 894 2899 hymnos
921 2870 1037 2892 cantan-

1087 929 1184 956 θᾶττον
1199 930 1249 958 οὐκ
1265 929 1386 966 ἴσχυσεν.
1403 930 1502 957 Ἐλθὼν
1512 930 1558 958 οὖν
1571 931 1647 966 ὅμως
1662 931 1711 963 τὰς
1726 931 1817 963 αίτίας
1835 931 1889 958 τοῦ

1087 975 1202 1012 βράδους
1215 977 1379 1012 ἀπήγγειλε,
1396 977 1443 1004 καὶ
1469 977 1507 1012 μὴ
1534 977 1680 1012 παρελθεῖν
1697 977 1778 1004 αὑτὸν
1791 977 1888 1011 ἄγρα-

1087 1030 1137 1057 φον
1150 1022 1250 1058 ᾔτησεν
1260 1031 1267 1038 ·
1283 1023 1312 1050 ὃν
1325 1023 1364 1055 ὡς
1381 1024 1492 1057 ἀναξίαν
1507 1023 1557 1058 τῆς
1573 1023 1704 1059 μέμψεως
1719 1023 1767 1059 τὴν
1781 1024 1890 1050 ἀπολο-

1087 1069 1150 1103 γίαν
1177 1069 1340 1104 ποιήσαντα.
1366 1070 1414 1097 ἕνα
1432 1078 1488 1096 των
1512 1069 1670 1105 αὐχούντων
1696 1072 1888 1106 μαρτυρικαίς

1088 1113 1251 1148 ὲπισκέψεσι
1272 1114 1319 1141 καὶ
1338 1114 1421 1141 αὐτὸν
1440 1114 1631 1150 ποιησώμεθα.

1131 1160 1292 1196 Ἡρακλείου
1303 1161 1349 1188 τοῦ
1367 1162 1507 1196 κτήματος
1523 1162 1570 1188 τοῦ
1585 1161 1625 1197 τῷ
1639 1162 1716 1198 σηκῷ
1726 1163 1779 1190 τῶν
1795 1163 1889 1197 ἁγίων

1090 1207 1328 1242 προσεγγίζοντος,
1342 1207 1390 1234 καὶ
1403 1207 1540 1235 σαϐϐάτου
1554 1208 1613 1235 ὁδὸν
1626 1208 1723 1235 τούτου
1738 1210 1821 1244 μόνον
1833 1211 1891 1237 άπ-

1089 1253 1207 1289 έχῆντος,
1223 1254 1364 1281 τουτέστιν
1375 1254 1514 1290 τεττάρων
1536 1255 1582 1281 καὶ
1604 1254 1671 1281 δέκα
1694 1255 1810 1282 σταδίων
1826 1256 1891 1283 διά-

1089 1308 1192 1335 στημα,
1214 1301 1347 1336 κωμήτης
1370 1301 1384 1328 ὁ
1411 1302 1545 1337 Ταυρίνος
1576 1302 1733 1337 ὲτύγχανεν.
1759 1303 1808 1329 καὶ
1834 1303 1890 1337 τὴν

1088 1344 1256 1380 ήλουργικήν
1268 1345 1366 1381 τέχνην
1383 1345 1544 1381 μετήρχετο,
1562 1345 1617 1373 τῶν
1629 1346 1718 1373 ποδῶν
1734 1347 1785 1382 τὴν
1801 1347 1892 1373 ἀσθέ-

1088 1398 1162 1417 νειαν
1178 1391 1211 1417 οὺ
1225 1390 1360 1426 τυχοῦσαν
1370 1392 1512 1426 ἐκέκτητο¹
1524 1392 1592 1420 ἀλλὰ
1605 1392 1728 1428 μεγάλην
1742 1393 1789 1419 καὶ
1804 1393 1891 1426 λόγον

1089 1436 1175 1471 ἀκοῆς
1192 1437 1405 1473 ὑπεραίρουσαν.
1415 1435 1495 1465 Οὗτοι
1515 1439 1569 1474 γὰρ
1585 1439 1615 1465 τδ
1629 1439 1682 1466 τῶν
1697 1439 1786 1466 ποδῶν
1802 1437 1893 1472 εἶδος,

1090 1484 1113 1509 εἰ
1136 1482 1210 1509 ἐστιν
1234 1484 1331 1516 εἰπεῖν,
1350 1484 1546 1520 ἀρνησάμενοι,
1564 1485 1658 1520 λώρων
1673 1485 1825 1520 ἐμιμοῦντο
1842 1495 1893 1512 νε-

1090 1528 1165 1562 κρῶν
1191 1528 1327 1564 ίδιὸτητα·
1354 1529 1388 1556 δι’
1403 1529 1417 1556 ὃ
1444 1530 1491 1557 καὶ
1518 1531 1564 1557 τὸν
1587 1530 1683 1565 ἔχοντα
1700 1531 1834 1566 κτήτορα,
1854 1534 1893 1567 τῇ

1088 1573 1190 1600 τούτων
1198 1575 1342 1610 ἐπωνυμίᾳ
1354 1577 1535 1612 πεποιήκασιν
1543 1576 1737 1611 δνομάζεσθαι’
1745 1577 1776 1603 τὸ
1787 1577 1895 1612 ήλουρ-

1088 1620 1135 1654 γὺν
1149 1620 1203 1655 γὰρ
1218 1621 1398 1655 ἐπονομάζειν
1413 1622 1466 1648 ἀπὸ
1479 1621 1530 1656 τῆς
1549 1622 1647 1657 τέχνης
1670 1623 1813 1654 ἐάσαντες,
1832 1624 1895 1650 ἀπὸ

1087 1667 1142 1693 τῶν
1153 1667 1240 1694 ποδῶν
1257 1667 1371 1694 ἐκάλουν
1394 1667 1536 1703 λωρόποδα
1546 1676 1553 1683 ·
1568 1669 1615 1695 καὶ
1635 1669 1706 1704 τάχα
1720 1669 1813 1700 καλῶς
1830 1678 1895 1697 τοι-

1088 1712 1160 1748 ούτῳ
1181 1713 1262 1739 αὐτὸν
1286 1713 1400 1740 ἐκάλουν
1426 1714 1548 1747 ὀνόματι,
1567 1715 1684 1750 ἐπείπερ
1705 1715 1730 1741 οι
1757 1715 1840 1747 πόδες
1859 1717 1893 1743 οὐ

1090 1759 1169 1793 μόνον
1184 1759 1215 1785 τὸ
1226 1759 1280 1785 τῶν
1296 1759 1391 1795 λώρων
1403 1759 1483 1795 ἔσχον
1498 1759 1606 1795 ίδίωμα,
1622 1761 1680 1787 ἀλλ’
1694 1761 1735 1787 ὅτι
1751 1761 1800 1787 καὶ
1816 1763 1895 1789 κατὰ

1088 1804 1174 1831 ταῦτα
1187 1802 1258 1840 ἦσαν
1272 1805 1366 1832 λοιπὸν
1387 1805 1564 1840 άνενέργητοι
1576 1813 1584 1820 ’
1597 1805 1644 1832 καὶ
1658 1805 1710 1836 ὅτι.
1724 1806 1819 1840 φησὶν,
1837 1807 1895 1841 τῆς

1087 1850 1256 1886 ήλουργικῆς
1271 1851 1371 1886 τέχνης
1387 1850 1430 1877 διὰ
1445 1851 1506 1882 τοὺς
1525 1850 1610 1882 πόδας
1628 1851 1814 1886 παυσάμενος,
1831 1852 1895 1879 ἀπὸ

1087 1897 1135 1924 τοῦ
1150 1897 1204 1925 τῶν
1222 1898 1311 1924 ποδῶν
1325 1897 1450 1924 ἐκαλεῖτο
1465 1898 1631 1933 νοσήματος.
1647 1896 1756 1932 Ταύτην
1775 1897 1790 1924 6
1812 1896 1895 1924 Ταυ-

1090 1944 1164 1978 ρῖνος
1189 1942 1238 1978 τὴν
1261 1943 1395 1978 κακίστην
1417 1943 1486 1979 ἔχων
1510 1943 1664 1976 ἀσθένειαν,
1683 1944 1752 1978 μετὰ
1765 1943 1818 1979 τήν
1833 1945 1895 1971 τῶν

1090 1988 1191 2023 ίατρῶν
1204 1988 1364 2015 τελευταίαν
1382 1988 1532 2022 ἀπόφασιν.
1546 1988 1584 2020 ὡς
1605 1988 1655 2014 οὐκ
1669 1988 1702 2014 ἂν
1719 1995 1785 2014 ποτε
1802 1987 1895 2020 πόδας

1088 2033 1102 2059 ὀ
1115 2034 1237 2064 τοιοῦτος
1252 2034 1389 2069 κινήσειεν
1403 2034 1484 2070 (αὕτη
1498 2033 1551 2069 γὰρ
1568 2031 1603 2069 ἧν
1619 2033 1711 2060 αὐτῶν
1727 2035 1759 2060 ἐκ
1773 2034 1825 2069 τῆς
1844 2034 1895 2061 τέ-

1088 2087 1155 2114 χνης
1179 2079 1329 2113 ἀπόφασις)
1346 2080 1413 2114 πρὸς
1437 2079 1483 2106 τὸν
1505 2079 1596 2114 Κῦρον
1614 2080 1758 2114 αἰρόμενος
1774 2079 1895 2114 ἔρχεται

1089 2123 1137 2150 καὶ
1158 2124 1286 2160 Ἰωάννην
1297 2125 1344 2151 τὸν
1358 2124 1451 2160 Κύρου
1468 2124 1514 2151 τοῦ
1529 2125 1600 2151 θείου
1618 2126 1895 2160 συμμάρτυρα,τοὺς

1089 2169 1165 2201 θείας
1184 2170 1310 2205 ίατρικῆς
1322 2170 1520 2204 ἐπιστήμονας.
1534 2170 1582 2196 καὶ
1594 2170 1624 2196 οὺ
1636 2170 1685 2204 τῆς
1700 2170 1895 2207 Ἱπποκράτην

1089 2218 1138 2245 καὶ
1153 2217 1273 2252 Γαληνὸν
1286 2216 1334 2243 καὶ
1349 2217 1530 2252 Δημόκριτον,
1555 2216 1617 2248 τοὺς
1631 2217 1684 2243 ἀπδ
1700 2217 1751 2251 γῆς
1768 2217 1895 2251 φθεγγο·

1093 2264 1202 2299 μένους,
1216 2263 1380 2298 ποιουμένης
1389 2263 1618 2298 γεννήτορας.““ον
1628 2263 1652 2288 οξ
1661 2262 1810 2297 θαυμάσιοι
1821 2265 1895 2302 μάρ-

1090 2319 1171 2346 τυρες
1187 2310 1298 2337 ἐλθόντα
1310 2309 1462 2344 δεξάμενοι,
1479 2309 1589 2344 ῥώσεως
1611 2309 1663 2343 τῆς
1689 2309 1754 2344 παρ’
1771 2310 1895 2337 ἐκείνων

1091 2355 1316 2391 ἀπογνωσθείσης
1342 2355 1472 2390 ἠξίωσαν.
1492 2355 1623 2386 Φανέντες
1647 2354 1702 2389 γὰρ
1726 2354 1802 2389 αὑτῷ
1819 2356 1895 2382 καθ’

1091 2403 1191 2434 ὕπνους
1201 2404 1248 2429 καὶ
1273 2402 1429 2437 στρωμνὰς,
1443 2401 1480 2432 ὡς
1501 2400 1640 2432 εἰώθασιν,
1658 2399 1759 2425 παστὺν
1780 2400 1895 2434 ὄρτυγα

1091 2451 1185 2478 λαϐεῖν
1211 2450 1405 2482 ἐπιτάττουσι,
1431 2449 1478 2476 καὶ
1495 2449 1590 2476 τοῦτον
1606 2449 1703 2484 τρῖψαι
1723 2449 1771 2474 καὶ
1792 2449 1895 2483 χρίεται

1091 2499 1154 2530 τοὺς
1169 2498 1252 2529 πόδας
1272 2497 1462 2527 θεσπίσαντες,
1477 2496 1559 2523 πάλιν
1574 2495 1612 2527 ὠς
1629 2495 1696 2530 δναρ
1710 2495 1821 2530 ἀπέστη
1828 2504 1895 2522 σαν.

1097 2543 1125 2570 '0
1137 2543 1164 2570 δὲ
1183 2543 1253 2578 μετὰ
1265 2542 1310 2569 τὸν
1326 2541 1411 2569 ὕπνον
1427 2543 1544 2577 ποιήσας
1555 2541 1585 2568 τὸ
1597 2540 1751 2575 θέσπισμα,
1767 2541 1895 2575 παραδό-

1091 2590 1144 2623 ξως
1160 2590 1293 2624 ὲρώννυτο
1303 2610 1310 2622 ,
1330 2589 1378 2616 καὶ
1391 2590 1444 2616 πᾶν
1456 2588 1601 2615 ἀποϐαλὼν
1618 2588 1671 2614 τῶν
1685 2587 1774 2615 ποδῶν
1789 2588 1820 2614 τὸ
1838 2590 1895 2625 dp-

1092 2636 1236 2671 ρώστημα,
1250 2637 1297 2663 καὶ
1310 2636 1340 2662 τὸ
1355 2635 1542 2671 κατεσκληκὺς
1557 2635 1644 2661 έκεῖνο
1661 2635 1707 2661 καὶ
1720 2635 1774 2661 τῶν
1791 2634 1895 2671 λώρων

1090 2682 1293 2709 δυσειδέστατον
1305 2682 1428 2717 τνδαλμα,
1441 2681 1533 2718 ἄρτιος
1550 2682 1596 2707 καὶ
1609 2680 1756 2712 καλλίπους
1770 2681 1895 2715 ἐγίνετο¹

1092 2728 1139 2754 καὶ
1154 2727 1225 2762 τάχα
1241 2727 1359 2763 ὄρτυγας
1385 2729 1497 2762 κρατεῖν
1520 2728 1551 2762 τῇ
1577 2726 1632 2752 τῶν
1648 2726 1736 2752 ποδῶν
1752 2726 1895 2762 ταχύτητι

1093 2773 1272 2804 ἱκανώτατος,
1298 2774 1352 2800 Καὶ
1366 2774 1499 2809 Ἰάυρῖνος
1516 2773 1564 2808 μὲν
1578 2772 1650 2799 οὕτω
1665 2772 1777 2808 ῥώσεως
1801 2773 1833 2799 ὲν
1848 2774 1895 2799 :0-

1092 2820 1176 2855 πορίᾳ
1191 2820 1349 2854 γενόμενος,
1367 2820 1571 2855 εὐχαριστήσας
1584 2818 1645 2854 Θεῷ
1668 2820 1716 2845 καὶ
1739 2820 1798 2849 τοῖς
1815 2820 1895 2855 μάρ-

1092 2873 1170 2892 τυσιν
1187 2866 1367 2902 ἀπελήλυθεν.
1377 2866 1473 2902 Ἡμεῖς
1489 2866 1518 2892 δὲ
1531 2865 1719 2901 ὑμνήσαντες,
1738 2866 1785 2893 καὶ
1799 2865 1895 2900 λόγων
