1910 3078
266 132 333 167 3531

715 132 745 162 S.
763 130 971 161 SOPHRONII
987 129 1241 160 I‘ATRIARCHzE
1261 130 1463 161 IIIEROSOL.

1830 133 1890 164 3591’

267 191 310 218 ori
329 189 485 225 proximum
509 192 569 216 erat
590 187 752 221 insilientia,
775 187 802 214 in
828 191 935 214 uterum
960 186 1057 221 puellm

1116 194 1193 213 ταντα
1219 186 1267 221 τῆς
1291 187 1441 222 ἑγγισάσης
1458 187 1496 222 τῷ
1519 187 1642 222 στόματι,
1662 187 1702 219 εὶς
1720 187 1769 223 τὴν
1781 190 1890 224 γαστέρ

268 237 350 264 allata
367 239 443 267 sunt,
462 242 516 263 non
535 234 721 262 voluntarium
747 233 912 261 sustinentia
937 233 1056 267 Iapsutn.

268 282 297 308 In
324 287 448 308 ventrem
479 286 570 308 autem
597 280 694 316 puellae
716 280 842 310 inducta.
868 284 893 306 et
918 279 1057 306 insolitam

269 327 465 354 habitationem
476 334 646 361 nequaquam
658 326 783 359 ferentia,
793 325 888 360 fugere
906 325 968 352 inde
985 328 1059 352 sata-

268 373 378 407 gebant.
406 371 511 398 Taliter
544 376 634 398 autem
668 371 870 402 discurrentia,
898 373 926 397 ct
952 370 1059 396 misera:

269 418 344 445 illius
362 418 472 445 interim
497 417 649 453 praecordia
677 417 884 448 conturbantia,
905 415 1058 443 contortio-

268 471 371 499 nesque
387 464 523 492 viscerum
543 463 680 496 facientia,
700 463 887 490 intolerabiles
913 462 952 488 illi
980 461 1058 488 dolo-

267 517 313 537 res
333 510 531 544 operabantur.
553 517 623 544 quos
654 509 777 544 profecto
802 516 884 535 nemo
915 508 1059 542 scripturae

267 556 512 588 commendaverit,
523 555 629 582 etiamsi
642 555 757 581 multum
773 554 871 581 habeat
885 554 1058 587 experimen-

269 606 325 628 tum
346 601 499 635 languoris.
517 600 594 627 Unde
607 600 696 635 puclla
723 601 896 627 incessanter
915 599 1059 634 plangebat

268 651 295 673 et
309 646 441 680 ejnlabat,
466 646 667 680 oculorumque
694 646 831 681 Iacrymas
846 644 1016 675 cllundebat,
1033 650 1060 672 et

267 691 411 728 quiescere
440 690 550 725 penitus
591 698 646 717 non
672 690 790 717 valebat.
821 688 937 722 Quando
969 694 1058 717 autem

269 744 354 763 unum
376 744 409 763 ex
431 735 584 770 reptilibus,
605 743 667 769 quae
691 735 820 769 absorpta
853 734 971 765 fuerant,
994 741 1060 768 pau-

269 782 354 809 lulum
393 782 574 816 quiescebat,
610 782 634 808 si
674 786 763 809 tamen
801 781 950 815 aliquando
983 781 1061 815 quie-

270 830 375 863 scebat,
399 829 502 864 reliqua
524 829 579 856 duo
603 829 721 864 puellam
747 829 906 856 domabant.
929 827 1006 860 Quod
1036 827 1058 855 si

1109 232 1161 267 τῆς
1177 232 1272 263 παιδὸς
1287 233 1425 268 φέρονται,
1437 233 1564 260 ἀκούσιον
1583 233 1688 260 ὄλισθον
1704 234 1890 268 ὑπομείναντα

1109 278 1157 309 Εἰς
1170 278 1219 312 τὴν
1232 278 1336 304 κοιλίαν
1347 278 1375 305 δὲ
1386 279 1584 314 κατενεχθέντα
1595 279 1644 313 τῆς
1660 279 1800 314 μείρακος,
1813 281 1862 306 καὶ
1875 290 1888 306 τ

1109 323 1184 356 ξένον
1196 324 1244 358 τῆς
1257 323 1347 355 ἑστίας
1362 323 1399 358 μὴ
1415 324 1541 359 φέροντα,
1551 324 1661 358 φεύγειν
1677 325 1804 351 κάκεῖθεν
1820 326 1888 359 ὴιτεί

1109 378 1188 403 γοντο
1201 377 1208 384 ·
1235 369 1303 396 ἀλλὰ
1318 370 1367 405 τὴν
1388 369 1476 401 ἔξοδον
1503 370 1553 396 οὐκ
1579 370 1757 404 ἐγίγνωσκον.
1777 371 1857 397 Οὕτω
1877 371 1890 396 δ

1109 417 1295 452 διατρέχοντα,
1314 417 1361 444 καὶ
1380 417 1431 450 τῆς
1453 417 1520 449 τέως
1537 417 1633 449 ἀθλίας
1643 418 1678 444 τὰ
1696 417 1840 452 σπλάγχνα
1855 427 1890 444 τα

1111 463 1254 497 ράττοντα,
1274 463 1321 489 καὶ
1345 462 1499 497 συστροφὰς
1515 462 1568 489 τῶν
1592 463 1715 497 ὲγκάτων
1730 464 1882 498 ποιούμενα

1109 508 1264 538 δυσοίστονς
1287 509 1355 543 αὐτῇ
1382 509 1430 539 τὰς
1447 508 1595 542 ἀλγηδόνας
1608 509 1765 543 εἰργάζοντο
1779 511 1785 518 ”
1805 509 1838 540 ἃς
1854 509 1885 536 οὗ

1110 555 1142 582 ἄν
1172 563 1214 586 τις
1245 555 1338 588 γραφῇ
1359 556 1571 589 παραστήσειεν,
1595 554 1650 580 οὐδ’
1668 555 1692 581 εἰ
1708 556 1806 589 πεῖραν
1824 555 1890 589 σχοί·

1110 600 1210 634 πολλὴν
1226 600 1271 626 τοῦ
1288 600 1440 634 νοσήματος
1452 608 1459 615 ’
1485 600 1546 626 ὅθεν
1563 600 1579 635 ἡ
1597 601 1662 632 παῖς
1675 600 1822 632 ἀπαύστως
1847 602 1890 626 ἐκέ

1113 653 1195 670 πτετο
1206 645 1252 670 καὶ
1260 644 1385 676 ὀλόλυζεν
1397 644 1444 670 καὶ
1453 644 1558 678 δάκρυα
1571 645 1626 670 τῶν
1636 645 1768 679 ὀμμάτων
1782 646 1890 680 ἐξέχεεν

1110 691 1157 716 καὶ
1176 690 1315 721 παντελῶς
1340 691 1454 725 ἠρεμεῖν
1470 690 1519 716 οὐκ
1534 691 1658 724 ἠδύνατο.
1673 691 1737 716 Ὂτε
1753 691 1808 726 γὰρ
1824 691 1856 718 τὸ
1875 691 1887 717 ἒ

1110 736 1165 762 τῶν
1187 735 1395 762 καταποθέντων
1415 736 1538 770 ἑρπετῶν
1551 737 1641 770 ὀλίγον
1659 736 1806 770 ἡσύχαζεν,
1823 738 1890 772 sint,

1111 780 1176 806 ποτὲ
1193 781 1240 806 καὶ
1266 779 1413 814 ἡσύχαζεν,
1431 780 1464 806 τὰ
1482 780 1562 806 λοιπὰ
1577 781 1624 807 δύο
1638 781 1686 815 τὴν
1697 781 1781 816 κόρην
1797 781 1886 815 ἐδάμα

1112 825 1157 857 ζον
1172 833 1178 840 ·
1196 825 1211 860 ἦ
1233 825 1279 852 καὶ
1299 826 1332 852 τὰ
1353 825 1400 852 δύο
1423 825 1560 858 πολλάκις,
1586 826 1628 852 ἴνα
1647 827 1783 852 καὶτοῦτο
1799 827 1890 861 δῶμεν

269 875 353 902 etiam
394 873 450 901 duo
486 881 518 901 ex
558 874 600 901 bis
632 882 848 908 nonnumquam,
880 878 910 900 ut
947 877 974 900 et
1007 873 1058 900 hoc

1116 871 1267 902 ἐκάθευδον,
1294 871 1324 897 τὸ
1343 871 1435 906 ἕτερον
1452 872 1501 897 οὐκ
1523 871 1656 898 ὲπαύετο”
1677 872 1734 898 ἀλλ’
1752 873 1888 907 ἀκοίμητο

270 921 378 953 demus,
406 920 477 948 forte
512 921 698 952 dormiebant,
729 920 841 946 tertium
870 919 947 946 nullo
977 919 1057 945 tnodo

270 967 441 1003 quieseebat,
456 967 503 995 scd
515 967 539 994 ei
560 975 612 994 non
632 966 813 993 dormientem
836 965 993 992 conferebat
1007 964 1058 992 do-

1111 919 1180 952 αὐτῇ
1196 917 1244 952 τὴν
1259 917 1354 951 ὀδύνην
1372 916 1530 951 ὲϋράϐευον,
1546 917 1611 944 ποτὲ
1629 917 1678 952 μὲν
1695 918 1724 944 τὸ
1739 918 1779 949 ἒν,
1794 919 1861 944 ποτὲ
1877 919 1890 944 I3

1111 965 1145 991 τὰ
1161 965 1207 990 δύο
1217 985 1224 996 ,
1243 963 1372 995 πολλάκις
1385 964 1414 990 δὲ
1430 963 1520 990 καὶτὰ
1530 964 1592 998 τρία
1607 965 1813 999 σπαράσσοντα.

271 1015 366 1042 lorem.
382 1014 475 1049 Itaque
490 1015 572 1042 modo
592 1014 702 1050 quidem
717 1021 812 1046 unum,
830 1013 912 1040 modo
924 1020 988 1040 vero
1009 1011 1073 1045 duo,
1095 1013 1233 1039 multoties
1254 1016 1344 1040 autem
1361 1015 1387 1040 et
1407 1013 1464 1046 ipsa
1497 1012 1560 1046 tria,
1590 1012 1713 1040 eatndcm
1747 1013 1889 1047 discerpcr

271 1061 466 1088 noscebantur.

306 1106 376 1134 Cum
389 1114 454 1140 ergo
467 1106 537 1134 inter
563 1105 750 1133 indesinentes
777 1109 804 1132 et
823 1105 974 1131 acerrimos
986 1108 1061 1131 esset

273 1152 392 1183 dolores,
419 1151 559 1178 ferebatur
585 1151 617 1178 ad
654 1155 783 1184 sanctos;
809 1150 945 1176 medicum
988 1149 1060 1175 enim

271 1205 326 1224 non
348 1197 503 1224 inveniebat
516 1197 611 1228 alium,
628 1197 675 1231 qui
694 1201 790 1223 contra
816 1199 919 1222 [autaut
937 1195 1061 1221 sttﬂiecre

273 1249 367 1278 posset
387 1250 550 1270 aerumnam.
569 1242 663 1277 Igitur,
691 1247 721 1269 ut
745 1242 849 1268 dictum
875 1246 927 1272 est,
950 1241 1062 1268 veniens

271 1293 299 1317 et
312 1294 449 1325 martyres
463 1289 664 1322 compatientcs
675 1288 827 1320 inveniens,
843 1287 976 1314 maturius
986 1295 998 1312 ιι
1011 1287 1061 1313 tri-

273 1335 336 1369 plici
358 1334 544 1362 redimebatur
557 1334 703 1368 supplicio.
724 1333 853 1360 Dicamus
871 1338 961 1359 autem
974 1337 1000 1359 ut
1018 1331 1061 1358 fa-

274 1385 317 1406 cta
333 1385 374 1407 est
404 1380 463 1415 ipsa
491 1380 661 1414 redemptio;
687 1384 730 1407 est
758 1379 832 1406 enim
859 1379 1061 1413 redemptorum

273 1426 360 1461 gratia
379 1426 468 1460 plena.
480 1426 533 1452 Alii
550 1426 659 1453 cuidam
678 1426 875 1452 inﬁrmantium
892 1425 1007 1451 fratrum
1036 1425 1062 1451 in

274 1472 334 1498 visu
351 1472 440 1499 sancti
456 1471 596 1499 venientes
621 1472 676 1504 die,
698 1472 836 1506 inquiunt,
857 1471 995 1498 monac-lia:
1019 1470 1062 1498 isti

274 1526 334 1552 qua:
353 1517 464 1549 clamat,
480 1517 614 1544 clamabat
625 1517 697 1543 enim
710 1517 821 1544 assidue
836 1521 863 1544 et
875 1525 988 1552 prorsus
1007 1524 1059 1543 non

1155 1104 1198 1130 Ἐν
1218 1103 1368 1136 ἀπαύστοις
1381 1103 1427 1130 οὖν
1447 1104 1492 1130 καὶ
1505 1103 1642 1139 δριμείαις
1656 1104 1800 1140 ἀλγηδόσιν
1815 1106 1890 1140 ὺπάρ

1113 1159 1199 1185 χουσα
1212 1150 1280 1185 πρὸς
1291 1151 1353 1182 τοὺς
1365 1150 1460 1184 ἁγίους
1469 1151 1593 1186 ἐφέρετο,
1607 1151 1700 1187 (at:pr
1714 1151 1762 1186 οὐχ
1775 1151 1887 1185 εὕρισκε

1112 1196 1205 1230 ἕτερον
1221 1196 1289 1231 πρὸς
1310 1196 1451 1230 συμφορὰν
1464 1196 1597 1230 τοσαύτην
1611 1196 1726 1231 ἀρκέσαι
1741 1197 1890 1232 δυνάμενον

1120 1242 1250 1270 Ἐλθοῦσα
1261 1243 1360 1274 τοίνυν,
1374 1242 1411 1272 ὠς
1426 1241 1543 1277 εἴρηται,
1559 1242 1605 1267 καὶ
1617 1241 1770 1276 συμπαθεῖς
1785 1242 1890 1277 εὑροῦσς

1111 1290 1174 1320 τοὺς
1186 1289 1337 1324 μάρτυρας,
1348 1289 1444 1314 θᾶττον
1455 1287 1504 1322 τῆς
1515 1287 1630 1322 τριπλῆς
1643 1288 1748 1322 ἐκείνης
1759 1287 1888 1323 ἐλυτροῦτ

1115 1335 1264 1366 κολάσεως.
1283 1334 1413 1368 Εῑπωμεν
1436 1334 1463 1360 δὲ
1487 1334 1534 1360 καὶ
1551 1334 1581 1360 τὺ
1605 1334 1700 1368 λύτρον
1721 1333 1758 1364 ὡς
1780 1334 1890 1368 γέγονεν

1114 1381 1187 1407 ἐστιν
1206 1380 1260 1416 γὰρ
1275 1380 1324 1415 τῆς
1340 1379 1392 1405 τῶν
1407 1380 1622 1414 λυτρωσαμένων
1638 1380 1748 1414 χάριτος
1765 1380 1884 1414 ἔμπλεον

1117 1426 1223 1461 Ἐτέρῳ
1234 1425 1288 1452 τινὶ
1303 1426 1357 1452 τῶν
1372 1425 1556 1452 ἀσθενούντων
1566 1425 1686 1459 ἁδελιρῶν
1701 1425 1767 1461 ὄναρ
1781 1426 1887 1452 ἐλθόντε

1115 1473 1139 1498 οἱ
1162 1471 1245 1506 ἅγιοι.
1264 1471 1342 1504 Εἰπὲ,
1373 1471 1452 1506 φασὶ,
1472 1472 1505 1506 τῇ
1532 1470 1622 1507 βοώσῃ
1644 1470 1731 1505 ταύτῃ
1753 1471 1890 1506 μοναστρίι

1114 1518 1190 1553 (ἐϐόα
1209 1518 1264 1553 γὰρ
1281 1518 1411 1553 διηνεκῶς
1434 1519 1481 1543 καὶ
1496 1517 1525 1543 τὸ
1543 1517 1652 1543 σύνολον
1670 1517 1719 1542 ούκ
1734 1516 1890 1551 ἐκάθευδεν]

274 1560 437 1592 ιῖοηιιὶθιιιιι,
456 1565 484 1587 ut
502 1569 582 1588 mane
597 1561 715 1596 vigilans
736 1561 769 1588 ad
788 1568 869 1588 unam
889 1569 922 1588 ex
939 1561 1061 1588 tabernis

1116 1565 1160 1590 ἵνα
1179 1565 1285 1598 πρωῖας
1307 1563 1455 1598 ὀρθρίσασα
1465 1585 1472 1595 ,
1488 1564 1528 1594 εἰς
1545 1562 1573 1589 ἓν
1589 1563 1643 1589 τῶν
1658 1562 1816 1597 καπηλείων
1829 1563 1888 1595 est;

273 1606 440 1640 ogrediatur,
453 1607 612 1641 priusquam
629 1615 720 1634 escam
736 1611 825 1642 gustet
850 1607 893 1634 vel
917 1611 1022 1641 potum,
1039 1612 1065 1634 et

274 1651 353 1678 eadia
371 1651 423 1678 tria
436 1652 555 1686 (species
568 1652 625 1679 haec
638 1651 844 1686 calicisest)sic
857 1652 928 1685 apud
943 1652 1066 1678 Alexan-

274 1697 370 1724 drinos
397 1701 504 1730 vocata,
532 1698 626 1726 bibere
647 1697 741 1732 jejuna
774 1698 904 1732 patiatur,
917 1701 944 1724 et
963 1698 1065 1726 veloci-

277 1749 318 1770 ter
330 1743 474 1770 sanitatem
498 1751 545 1778 per
560 1743 700 1771 cadiorum
717 1744 855 1779 potionem
867 1744 990 1778 recipiet.

311 1833 408 1860 Atille
428 1833 537 1861 somnio
562 1833 641 1868 viso,_
653 1836 714 1869 post
739 1832 877 1860 somnium
909 1833 1066 1860 monastriat

276 1878 422 1911 retulit,ut
451 1878 504 1906 sibi
533 1883 669 1913 martyres
696 1877 939 1913 jusserant;quae
967 1878 1064 1905 horum

276 1925 369 1952 audita
384 1924 519 1959 iussione,
547 1932 626 1952 mane
641 1925 674 1952 ad
697 1925 864 1960 cauponium
879 1925 956 1956 exiit,
968 1929 995 1951 et
1010 1928 1065 1950 tres

277 1973 377 2001 situlas
393 1973 457 2000 vino
469 1973 564 2007 plenas
576 1972 706 2008 protintts
722 1972 879 2007 bibitaquis
895 1980 948 1999 non
964 1972 1064 2004 misto;

276 2027 330 2046 non
354 2019 435 2046 mista
458 2019 558 2054 quippe
584 2019 677 2046 bibere
703 2019 756 2046 tria
784 2018 829 2045 illa
852 2017 960 2053 jussum
979 2017 1066 2047 fuerat

275 2064 354 2092 cadia
372 2073 380 2097 ;
396 2064 507 2098 quibus,
529 2069 558 2092 ut
574 2064 641 2094 dixi.
661 2064 812 2099 absorptis,
827 2069 951 2091 movetur
972 2066 1064 2092 statim

275 2111 310 2138 ad
318 2111 463 2143 vomitum,
482 2115 510 2138 et
528 2119 591 2139 cum
615 2111 710 2138 vinum
731 2110 909 2144 evomuissct,
925 2119 979 2138 una
1003 2120 1064 2139 cum

277 2164 310 2184 co
325 2156 466 2184 evidenter
479 2158 561 2184 etiam
581 2157 632 2183 tria
662 2156 707 2183 illa
734 2156 855 2183 evomuit
880 2157 1064 2189 samamitliia,

1116 1609 1156 1636 θοι
1173 1609 1264 1644 πρὶνῆ
1282 1608 1426 1644 βρώματος
1439 1609 1455 1644 ἢ
1469 1608 1588 1643 πόματος
1603 1607 1735 1642 γεύσηται
1753 1615 1760 1622 ·
1777 1609 1826 1634 καὶ
1841 1608 1889 1633 κὰν

1115 1665 1159 1683 νια
1175 1656 1239 1692 τρία
1251 1654 1330 1691 (είδος
1356 1654 1434 1681 τοῦτο
1451 1654 1606 1687 καθέστηκε
1622 1653 1732 1684 κύλικος
1745 1653 1820 1680 οὕτω
1841 1661 1889 1688 nat

1122 1700 1323 1735 Ἀλεξανδρεῦσι
1340 1700 1496 1734 λεγόμενον)
1522 1700 1593 1725 πιεῖν
1616 1699 1709 1733 νῆστις
1739 1699 1884 1733 ἀνάσχοιτο

1115 1747 1162 1773 καὶ
1176 1747 1256 1781 τάχος
1270 1746 1319 1781 τὴν
1344 1746 1416 1773 ἴασιν
1442 1746 1486 1772 διὰ
1512 1746 1562 1780 τῆς
1582 1745 1636 1771 τῶν
1654 1745 1771 1772 καννίων
1801 1745 1888 1776 δέξεται

1116 1793 1230 1823 πόσεως.

1156 1838 1185 1864 Ὀ
1210 1839 1237 1864 δὲ
1252 1839 1391 1873 θεωρήσας
1407 1838 1453 1865 τδν
1473 1837 1588 1872 ὖνειρον,
1613 1839 1647 1873 τῇ
1671 1837 1787 1872 νοσούσῃ
1812 1836 1888 1863 τοῦτο

1117 1885 1175 1919 μεθ’
1192 1884 1275 1911 ’ύπνον
1291 1885 1473 1919 ἀπήγγελλεν,
1484 1885 1521 1916 ὼς
1536 1886 1560 1911 οἱ
1578 1884 1716 1919 μάρτυρες
1725 1884 1801 1919 αὒτῷ
1817 1884 1887 1910 διετά

1116 1930 1214 1962 ξαντο·
1243 1931 1260 1965 ὴ
1293 1931 1321 1957 δὲ
1351 1931 1400 1965 τῆς
1436 1931 1539 1958 τούτων
1574 1931 1712 1965 πυθομένη
1743 1930 1887 1961 κελεύσεως

1116 1976 1221 2012 πρωῖας
1244 1977 1282 2008 είς
1297 1976 1445 2011 καπηλεῖον
1463 1976 1615 2012 ἐξέρχεται,
1639 1977 1687 2002 καὶ
1701 1976 1750 2007 τὰς
1772 1977 1848 2011 τρεῖς
1862 1976 1887 2001 εὐ

1116 2019 1183 2049 ὑέως
1197 2018 1256 2045 ἔπιε
1270 2019 1382 2051 κύλικας
1393 2040 1400 2052 ,
1418 2021 1490 2046 οἴνου
1507 2021 1645 2055 γεμούσας
1662 2019 1698 2055 μὴ
1712 2021 1841 2054 μιγέντος
1852 2021 1887 2045 τοὶ

1117 2064 1209 2090 ὕδασιν
1226 2073 1232 2078 ³
1248 2065 1356 2100 ἄκρατα
1370 2066 1423 2101 γάρ
1442 2067 1513 2092 πιεῖν
1528 2068 1561 2092 τά
1585 2067 1648 2101 τρία
1663 2067 1827 2093 κεκέλευστο
1844 2067 1886 2092 κάι.

1116 2120 1171 2136 νια·
1183 2111 1264 2145 ἅπερ,
1280 2111 1317 2143 ὡς
1330 2110 1416 2143 εἷπον,
1431 2113 1584 2147 ροφήσασα,
1601 2114 1716 2138 κινεῖται
1728 2113 1827 2139 θᾶττον
1840 2112 1886 2146 ττρή

1117 2157 1222 2191 ἔμετον,
1240 2157 1286 2184 καὶ
1304 2157 1348 2183 τὸν
1371 2155 1441 2183 οἶνον
1462 2158 1594 2193 ὲμέσασα,
1616 2159 1678 2193 ἐμεῖ
1700 2158 1848 2193 προφανῶς
1861 2166 1886 2183 κα

276 2203 375 2238 quibus
395 2211 445 2238 per
459 2211 490 2230 os
501 2202 616 2238 abjectis
632 2202 666 2229 ab
679 2203 754 2229 omni
771 2209 833 2229 mox
847 2201 994 2230 afﬂictione
1007 2203 1061 2230 dif-

1117 2203 1151 2229 τά
1165 2203 1228 2238 τρία
1244 2203 1292 2229 σὺν
1310 2203 1383 2236 αύτῷ
1397 2203 1553 2238 σαμαμίῡια
1575 2204 1624 2230 διὰ
1639 2204 1772 2238 στόματος
1792 2204 1885 2239 ῥίψασα

277 2248 398 2284 ﬁcilique
415 2249 518 2278 dolore.
540 2255 572 2274 ac
588 2249 701 2276 verbere
713 2248 827 2275 liberata
846 2252 898 2281 est,
917 2256 976 2283 qua:
991 2256 1064 2276 onus

277 2295 344 2322 illud
357 2295 503 2330 tridymum
514 2294 603 2321 adhuc
617 2293 787 2329 parturiebat
798 2294 826 2321 in
842 2300 920 2322 utero
935 2294 1064 2330 deporta-

278 2342 346 2364 tum.
362 2338 456 2372 Itaque
473 2337 551 2364 Anna
567 2337 676 2372 quidem
693 2337 856 2370 monastria,
881 2338 921 2365 sic
944 2343 1062 2366 mortem

277 2392 338 2418 qua:
349 2384 428 2411 sibi:
460 2383 629 2410 daemonibus
642 2388 791 2418 praeparata
817 2383 907 2411 fuerat
932 2385 1063 2417 exsilivit,

279 2430 378 2457 fortius
392 2429 562 2456 medicorum
583 2429 728 2461 auxilium,
739 2437 821 2464 quant
849 2429 957 2456 illorqu
972 2435 1066 2458 essent

278 2476 396 2507 insidiae,
412 2480 582 2508 consecuta;
602 2479 628 2502 et
641 2474 675 2502 ad
697 2475 814 2510 hymnos
831 2480 989 2503 sanctorum
1005 2484 1066 2503 om-

280 2529 340 2552 nes.
353 2521 398 2556 qui
426 2521 501 2547 illam
516 2521 661 2548 sanitatem
677 2521 802 2548 viderant
816 2522 971 2552 concitans,
986 2526 1066 2556 atque

279 2576 340 2595 cum
351 2568 393 2595 his
403 2575 450 2595 eos
459 2567 586 2595 laudibus
599 2567 728 2600 efferens,
739 2575 801 2594 cum
817 2567 860 2594 Itis
875 2568 957 2594 ctiam
974 2576 989 2594 a
999 2573 1067 2595 tem-

280 2614 324 2649 plo
339 2613 464 2641 discedit.
479 2612 533 2640 Nos
546 2618 649 2646 autem,
664 2613 709 2649 qui
739 2620 813 2640 nunc
831 2613 966 2646 audimus,
988 2614 1067 2648 quasi

281 2668 346 2689 timc
368 2665 516 2695 prtesentes
546 2668 669 2688 essemus
695 2660 849 2692 credentes,
862 2661 965 2687 sanctis
990 2660 1067 2696 bym-

280 2713 376 2732 norutn
393 2705 521 2733 laudibus
534 2706 692 2738 cumulatis,
711 2704 745 2732 ad
762 2705 830 2732 alios
843 2705 959 2741 hymnos
985 2707 1068 2734 mira-

281 2752 343 2780 cula
356 2752 465 2779 auditus
478 2759 663 2787 praeparemus
676 2757 703 2779 et
719 2759 777 2779 ora.

405 2797 486 2825 XLV.
499 2797 536 2825 De
551 2797 659 2825 Cobiote
673 2798 753 2825 wrdo
770 2800 924 2826 camalario.

318 2842 361 2870 Ab
386 2843 505 2878 Egypto
531 2851 629 2872 rursus
655 2844 682 2871 in
701 2843 812 2880 Libyam
831 2849 1017 2875 transeamus,
1040 2851 1068 2872 et

1118 2249 1207 2284 πάσης
1233 2249 1315 2280 εὐθὺς
1342 2249 1488 2284 ἀπηλλάγη
1517 2251 1665 2282 κακώσεως
1691 2250 1737 2276 καὶ
1756 2249 1885 2284 δλσχεροῦ

1116 2295 1211 2329 ὀδύνης
1234 2295 1281 2320 καὶ
1297 2294 1439 2329 μάστιγος.
1456 2294 1490 2326 ἃς
1505 2296 1518 2321 ὁ
1543 2295 1641 2329 φόρτος
1659 2295 1762 2325 ἐκεῖνος
1779 2295 1794 2321 ὁ
1817 2294 1885 2329 τρίδν

1118 2350 1165 2376 μος
1179 2340 1446 2376 ὲπικυοφοροὺμενος
1463 2340 1567 2368 ὤδινεν.
1590 2342 1642 2367 Καὶ
1661 2342 1743 2367 Ἀννα
1764 2342 1814 2367 μὲν
1829 2342 1843 2374 ἡ
1860 2348 1885 2374 με

1117 2388 1231 2423 νάστρια
1255 2388 1326 2414 οὕτω
1350 2387 1395 2414 τὸν
1420 2389 1452 2414 ὲκ
1468 2388 1602 2422 δαιμόνων
1628 2387 1696 2422 αὐτῇ
1722 2388 1884 2414 σκευασθέντ

1116 2433 1130 2460 δ
1143 2433 1227 2467 ἐφυγε
1251 2433 1377 2466 θάνατον,
1408 2434 1583 2469 ίσχυροτέρας
1606 2434 1707 2468 ἰατρῶν
1728 2434 1842 2469 ἀρωγῆς
1858 2432 1884 2466 τῆ

1117 2479 1229 2505 ἐκείνων
1251 2479 1397 2514 ὲπιῦουλῆς
1424 2480 1611 2514 εύπορήσασα.
1636 2469 1695 2505 ’Καὶ
1726 2477 1884 2509 πάνταςτοί

1117 2523 1237 2558 ὁρῶντας
1252 2524 1301 2558 τὴν
1315 2524 1387 2551 ἴασιν
1398 2525 1466 2559 πρὸς
1480 2524 1580 2559 ὕμνους
1592 2524 1645 2550 τῶν
1659 2524 1745 2558 ἁγίων
1759 2523 1884 2559 ὀτρύνετε

1118 2570 1165 2595 καὶ
1187 2570 1235 2596 σὺν
1257 2569 1362 2601 τούτοις
1380 2570 1478 2602 αὐτοὺς
1497 2570 1692 2605 ἁνυμνήσασα,
1713 2569 1762 2596 τοῦ
1778 2569 1883 2604 τεμένοκ

1118 2615 1278 2650 ἀπέρχεται.
1304 2615 1404 2650 Ἡμεῖς
1423 2616 1450 2642 δὲ
1467 2617 1515 2642 νῦν
1532 2617 1557 2642 οἱ
1574 2616 1729 2646 ἀκούοντες,
1745 2615 1785 2647 ὡς
1808 2616 1832 2641 οί
1847 2614 1883 2640 τός

1118 2661 1248 2696 παρόντες
1260 2662 1444 2694 πιστεύοντες,
1456 2663 1519 2694 τοὺς
1532 2662 1626 2696 ἁγίους
1640 2662 1723 2694 ἀξίως
1738 2662 1883 2697 ὑμνήσαντι

1118 2707 1186 2742 πρὸς
1200 2707 1308 2742 ἑτέρους
1327 2706 1428 2741 ὕμνους
1445 2708 1490 2735 καὶ
1506 2708 1634 2743 θαύματα
1650 2708 1698 2739 τὰς
1712 2708 1797 2739 ἀκοὰς
1813 2708 1882 2741 siath

1119 2753 1243 2787 πίσωμεν
1258 2753 1304 2778 καὶ
1316 2754 1349 2779 τὰ
1362 2754 1491 2787 στόματα.

1153 2797 1221 2825 ME'.
1239 2799 1306 2832 Περὶ
1323 2798 1469 2826 Κοϐιώτου
1484 2799 1535 2826 τοῦ
1552 2800 1653 2834 κωφοῦ
1671 2801 1867 2834 καμηλαρίου.

1161 2844 1220 2870 Ἀπ’
1248 2843 1385 2878 Αἰγύπτου
1415 2844 1496 2871 πάλιν
1517 2845 1557 2877 εἰς
1583 2845 1686 2881 Λιϐύην
1712 2846 1880 2881 μετέλθωμεν
