1910 3078
244 125 313 157 3579

243 182 320 213 adcr,
347 186 373 208 et
403 188 453 207 nos
482 180 573 215 pallas
599 179 649 208 tibi
673 181 841 217 porrigimns
871 184 1027 211 sanitatem.

244 229 337 263 Itaque
364 227 415 261 ipsi
440 234 502 253 cum
528 226 584 253 haec
599 226 746 258 dixissent.
767 233 953 256 recesserunt.
982 229 1029 257 llle

241 281 307 300 vero
325 273 445 299 velocius
467 279 592 305 surgens,
620 271 673 298 tria
692 271 737 299 illa
754 272 833 300 olIert
852 274 1029 306 numismata.

244 323 271 346 et
298 319 337 345 sic
365 317 580 344 incolumitatem
602 317 791 352 consequitur.
816 318 904 351 Quam
930 327 993 346 cum
1016 327 1031 346 a

244 364 348 391 sanctis
366 362 526 397 accepisset,
545 362 660 389 ulterius
677 370 773 389 renum
796 371 969 398 nequaquam
987 365 1030 392 in-

246 410 403 436 ﬁrmitatem
421 409 562 436 sustinuit.
580 407 635 435 Nos
659 413 749 436 autem
769 415 925 436 sermonem
941 410 986 437 hic
999 411 1033 437 de

244 456 292 483 illo
305 458 540 486 consummantes,
568 459 783 489 sanctorumque
804 455 957 483 claritatem
974 457 1033 492 glo-

244 501 399 533 riﬁcantes,
421 499 454 526 ad
479 503 583 526 sanata:
596 499 695 535 linguae
714 500 835 535 linguam
850 505 973 529 nostram
990 502 1034 529 in-

246 546 366 573 citemus
382 545 577 574 narrationem.

245 602 315 630 XLI.
346 602 384 630 De
406 610 486 635 puero
505 601 603 629 Manna
625 602 669 638 qui
683 603 806 638 linquam
829 608 905 630 extra
923 612 951 630 οι
972 611 1035 638 peu-

528 639 631 663 drnlem
642 636 764 666 Itabebat.

282 682 408 710 Praesens
429 683 479 709 hoc
498 682 654 717 prodigium
677 690 738 710 cum
756 683 792 710 sit
814 684 887 711 inter
903 684 1035 711 miracula

247 730 409 760 maximum,
431 732 458 756 et
473 728 564 763 lingua
586 736 696 762 quoque
711 736 780 763 opus
796 729 911 757 haberet
927 730 1035 764 majori,

250 782 304 801 non
327 774 420 802 carnis
447 773 633 807 multitudine,
651 773 698 802 sed
716 775 854 809 loquentia
879 775 1037 802 latitudine-

249 827 303 854 qne
328 827 507 851 sermonum;
532 820 633 853 quibus
651 827 700 846 nos
723 828 776 847 non
798 820 974 848 mediocriter
988 821 1038 848 de-

251 865 400 895 stiluimur,
411 865 641 898 quemadmodum
663 873 695 892 ex
711 866 753 893 bis
767 874 828 900 quae
840 871 1040 901 praacesserunt

251 912 332 937 datur
352 911 479 945 intelligi.
503 911 571 944 Quia
589 919 654 938 vero
675 917 702 939 et
721 913 774 939 hoc
791 919 842 940 nos
857 913 950 940 dicere
965 921 1039 940 inar-

251 960 326 991 tyres
339 955 542 989 judicaveruul,
561 956 684 983 dicemus
698 957 841 991 et'ipsum,
859 957 931 984 sicut
949 957 1039 984 dicere

253 1001 302 1034 ipsi
325 1001 507 1035 porrexerint.
527 1001 624 1028 Mulier
639 1007 702 1028 ante
723 1009 777 1029 non
794 1002 911 1029 multum
933 1006 1040 1036 tempo-

254 1047 291 1074 ris
307 1047 339 1073 ad
360 1051 518 1073 sanctorum
538 1047 612 1074 venit
633 1047 786 1080 basilicam,
810 1047 895 1076 Maria
918 1048 1039 1080 nomine,

250 1100 284 1120 ex
306 1092 416 1128 Egypti
442 1092 581 1128 Babylone
604 1093 732 1126 oriunda,
749 1098 776 1121 et
794 1101 909 1128 puerum
937 1094 1041 1124 habens

251 1137 328 1172 quasi
343 1144 479 1164 annorum
495 1137 555 1170 plus
574 1137 665 1165 minus
681 1142 755 1170 octo,
780 1142 807 1165 et
823 1138 894 1166 hunc
915 1138 1040 1166 Mennam

252 1183 416 1217 appellabat,
434 1183 468 1210 ad
491 1183 625 1210 honorem
649 1183 756 1211 scilicet
779 1184 908 1219 martyris
924 1184 960 1211 ita
976 1192 1042 1220 pue-

251 1237 311 1256 l'lllll
329 1237 443 1257 vocans.

288 1275 401 1302 Mennas
423 1283 490 1309 ergo
513 1282 583 1310 puer
599 1275 720 1310 linguam
740 1275 857 1302 habebat
871 1276 993 1303 exterius
1008 1278 1043 1304 ab

252 1329 299 1348 ore
312 1320 487 1355 pendentem,
516 1321 758 1356 humanarumque
786 1321 951 1356 linguarum.
979 1329 1042 1356 spe-

253 1367 294 1394 cie
317 1367 430 1394 multum
458 1371 485 1394 et
510 1366 702 1402 magnitudine
731 1366 918 1400 dilierentem;
953 1367 1044 1402 palmo

252 1413 325 1440 enim
353 1417 429 1440 extra
457 1413 529 1440 labla
553 1413 755 1448 porrigebatur,
781 1417 808 1440 et
830 1417 914 1440 totant
932 1413 1044 1441 barbam

252 1464 279 1487 et
302 1463 396 1494 guttur
418 1459 569 1493 operiebat.
589 1463 616 1486 et
639 1459 726 1486 instar
753 1458 800 1485 alti
818 1463 845 1487 et
868 1459 948 1494 pilosi
965 1467 1045 1495 supe-

253 1505 335 1532 rioris
359 1504 422 1532 lahii
448 1504 530 1537 facta,
559 1504 681 1532 colorem
707 1504 821 1531 rubrum
841 1512 903 1532 cum
924 1504 1043 1540 quodam

253 1556 324 1583 atro,
346 1551 452 1578 alterna
477 1550 538 1578 vice
561 1554 736 1578 commutans
760 1550 966 1585 purpurizabat.
991 1550 1044 1577 Ex-

255 1601 378 1624 traneum
409 1601 436 1623 et
464 1597 547 1623 nimis
573 1595 696 1623 deforme
728 1597 915 1631 spectaculum
943 1597 1043 1632 posita,

253 1647 425 1678 cunctosque
447 1649 562 1669 monens
586 1643 633 1677 qui
658 1642 789 1670 videbant
809 1643 843 1669 ad
859 1643 985 1671 nausiam
1008 1643 1046 1670 si-

255 1688 310 1714 mul
336 1692 363 1714 et
381 1687 611 1722 compassionem.
634 1692 716 1722 alque
733 1687 933 1715 intolerabilem
960 1689 1047 1715 vomi-

255 1738 331 1767 tum;
352 1741 461 1769 semper
476 1734 548 1761 enitn
574 1733 660 1761 fontis
686 1741 762 1761 tuore
779 1735 881 1761 salivas
897 1734 1044 1767 dislillans,

254 1785 281 1807 ct
302 1785 412 1815 sputum
434 1779 536 1814 jngiter
563 1779 693 1811 fundens,
723 1780 916 1807 vestimentum
938 1780 1046 1815 rigabat

254 1831 280 1852 et
307 1831 415 1860 pectus,
439 1830 466 1852 et
483 1825 546 1852 huic
574 1833 607 1852 ex
628 1825 740 1861 propria
770 1826 980 1861 impertiebalur
1004 1826 1047 1853 ni-

255 1872 378 1906 gredine,
391 1872 653 1899 communicatorem
672 1880 733 1899 eum
749 1873 850 1900 coloris
864 1872 993 1906 efﬁciens;
1009 1873 1046 1900 ita

257 1922 286 1944 ut
306 1918 369 1944 hinc
389 1918 466 1944 multi
488 1925 538 1944 nec
561 1917 654 1945 videre
675 1918 821 1953 puerulum
851 1923 971 1954 possent.
997 1919 1045 1946 sed

254 1970 282 1993 et
295 1965 317 1991 si
334 1971 479 1991 accurrere
504 1965 678 1999 contigisset,
692 1965 733 1992 sui
751 1965 892 2000 aperirent
919 1966 1046 2000 corporis

257 2011 364 2040 ol'ulos,
379 2014 405 2036 et
426 2009 512 2036 facies
530 2016 595 2036 suas
610 2013 816 2041 converterent,
835 2017 869 2037 ne
884 2015 982 2044 praeter
998 2017 1047 2038 vo-

255 2054 388 2082 luntatem
403 2055 463 2082 viso
476 2055 535 2088 illo,
551 2059 650 2089 praeter
663 2056 831 2083 voluntatem
847 2063 977 2090 perverso
988 2060 1046 2083 sto-

255 2102 353 2128 macho
367 2101 547 2128 vomuissent.
566 2099 644 2127 Multi
666 2104 758 2127 autem
778 2108 810 2127 ex
827 2100 870 2128 his
890 2100 937 2135 qui
955 2100 1046 2128 videre

256 2147 329 2174 hunc
350 2147 446 2175 saltem
472 2146 505 2174 ad
530 2146 669 2174 modicum
696 2150 834 2182 poterant,
852 2155 916 2174 cum
938 2147 1046 2182 aspice-

255 2200 317 2222 rcnt
342 2194 556 2228 magnitudinem
576 2194 726 2229 passionis,
754 2201 851 2222 vocent
884 2202 968 2230 super
993 2195 1045 2222 hoc

254 2240 426 2272 emittebant,
446 2248 508 2276 quo:
524 2248 538 2266 a
552 2240 695 2268 Salvatore
714 2247 797 2275 super
813 2240 955 2274 proditore
974 2239 1045 2266 dicta

254 2286 505 2321 esl.hujusccmodi
518 2286 653 2320 clamans,
666 2285 730 2321 quia
743 2286 843 2314 bonum
854 2292 913 2314 erat
925 2286 949 2313 ei
961 2286 983 2313 si
997 2294 1047 2313 na-

254 2337 299 2360 tus
316 2340 368 2359 non
388 2333 486 2360 I‘uisset
509 2332 591 2360 homo
607 2333 670 2361 iste.
693 2332 810 2366 Quidam
831 2337 921 2360 autem
943 2333 1007 2360 huic
1021 2339 1047 2360 et

254 2379 495 2414 interrogationem
519 2379 670 2412 addebant,
694 2387 755 2414 qum
780 2378 814 2407 de
837 2386 909 2406 caeco
930 2383 996 2406 nato
1013 2379 1047 2406 ab

250 2425 397 2459 apostolis,
416 2424 486 2452 facta
503 2429 545 2452 est
560 2433 568 2451 :
589 2425 669 2458 Quis.
691 2429 784 2459 putas,
797 2425 933 2460 peccavit,
954 2424 999 2452 hic
1012 2432 1047 2452 an

252 2477 380 2507 patentes
394 2471 465 2507 ejus,
482 2476 510 2498 ut
523 2472 563 2498 sic
578 2479 668 2500 caseus
687 2471 868 2499 nasceretur?

289 2518 321 2546 Et
337 2519 389 2545 nisi
403 2519 475 2546 ﬁlius
491 2525 581 2546 catcus
593 2522 678 2552 esset,
691 2527 745 2546 non
769 2519 809 2547 sic
825 2523 949 2546 materna
981 2526 1047 2552 pro-

252 2563 349 2590 diisset
367 2572 400 2591 ex
419 2564 509 2590 vulva.
525 2563 577 2591 Sed
592 2568 675 2592 noctu
687 2572 750 2592 cum
773 2565 918 2596 dormiret,
934 2564 1042 2591 daemon

252 2606 366 2644 quidam
390 2609 491 2637 noxius
508 2610 593 2637 multa
609 2610 683 2637 circa
707 2611 834 2638 homines
855 2611 990 2646 languens
1005 2610 1048 2637 in~

251 2655 340 2687 vidia,
370 2662 431 2682 cum
460 2655 542 2689 hujus
582 2655 703 2691 linguam
738 2657 1006 2692 comprehendisset,
1031 2665 1045 2683 ει

251 2700 367 2736 propria
384 2701 552 2729 habitatione
576 2702 724 2734 abstraxit,
742 2707 769 2729 et
785 2703 975 2738 perstringens
987 2702 1048 2730 sine

251 2745 388 2780 parcitate
414 2745 461 2774 ille
487 2746 670 2780 fmdissimus,
698 2747 830 2782 majorem
856 2748 926 2775 hanc
959 2748 1046 2783 plagis

252 2796 382 2826 operatus
397 2795 449 2824 est,
466 2791 590 2828 forisque
606 2793 726 2829 pendere
752 2797 781 2821 et
796 2801 850 2821 non
871 2794 994 2829 separari
1014 2794 1048 2820 ab

253 2835 432 2866 interioribus
452 2837 526 2867 fecit.
544 2838 604 2866 Non
624 2839 714 2867 solum
729 2839 801 2867 enim
819 2847 902 2874 super
920 2847 982 2865 cum
998 2838 1047 2865 (ιρ-

682 125 713 155 S.
730 125 939 157 SOPHRONII
955 128 1211 160 PATRIARCILE
1227 129 1432 160 HIEROSOL.

1801 128 1871 160 3580

1045 191 1065 215 Α
1080 186 1166 221 λικίῳ
1184 185 1361 220 προσένεγκε,
1379 185 1426 211 καὶ
1439 184 1519 220 ἡμεῐς
1535 192 1577 211 σοι
1600 183 1700 218 μᾶλλον
1718 184 1768 219 τὴν
1790 184 1872 221 θερα-

1084 232 1165 258 πείαν
1191 232 1333 266 ὀρέγομεν.
1363 231 1444 257 Αὐτοὶ
1475 230 1525 265 μὲν
1552 229 1599 257 οὖν
1633 229 1720 256 ταῦτα
1745 229 1874 264 λέξαντες

1083 277 1201 312 ᾤχοντο·
1219 279 1233 304 ὁ
1249 277 1277 304 δὲ
1294 276 1444 312 ταχύτερον
1458 276 1576 308 ἀναστὰς
1595 276 1630 302 τὰ
1644 276 1706 311 τρία
1723 277 1874 311 προσφέρει

1082 323 1248 358 νομίσματα,
1269 323 1316 348 καὶ
1330 322 1400 348 οὕτω
1415 322 1463 357 τὴν
1481 321 1564 356 ρῶσιν
1582 322 1737 356 κομίζεται·
1753 322 1787 358 ἢν
1805 322 1874 357 πρὸς

1083 369 1136 395 τῶν
1148 369 1234 402 ἁγίων
1251 368 1406 402 δεξάμενος,
1422 367 1514 394 οὐκέτι
1530 367 1584 393 τῶν
1599 367 1706 402 νεφρῶν
1717 367 1873 403 ἀρρωστίαν

1084 415 1240 449 ὑπέμεινεν.
1255 414 1350 448 Ἡμεῖς
1371 413 1399 439 δὲ
1417 413 1462 439 τὸν
1487 413 1550 448 περὶ
1563 412 1645 439 αὑτοῦ
1665 413 1743 447 λόγον
1757 414 1874 440 ἐνταῦθα

1084 459 1290 494 πληρώσαντες.
1314 461 1359 486 καὶ
1375 460 1428 486 τῶν
1451 460 1537 493 ἁγίων
1559 460 1588 486 τὺ
1602 460 1680 491 κλέος
1699 460 1873 493 δοξάσιντες.

1086 506 1154 540 πρὸς
1172 506 1294 540 ἱαθείσης
1306 505 1428 541 γλώττης
1441 505 1567 540 διήγησιν
1582 505 1631 541 τὴν
1640 507 1777 541 ἡμετέραν
1790 506 1876 540 γλιῗιτ-

1085 558 1135 577 ταν
1150 551 1316 585 ὀτρύνωμεν.

1085 605 1155 633 MA'.
1167 607 1234 639 Περὶ
1246 606 1299 633 τοῦ
1311 606 1432 633 παιδίου
1443 606 1530 639 Μηνᾶ
1540 607 1592 633 τοῦ
1602 607 1661 638 ἔξω
1673 607 1730 639 τὴν
1739 608 1877 641 γλῶτται·

1195 641 1385 676 κρεμαμένην
1403 642 1455 668 τοῦ
1470 643 1616 676 στόματος
1633 643 1768 676 ἔχοντος.

1123 687 1160 713 Τὸ
1187 687 1275 722 παρὸν
1298 687 1377 713 τοῦτο
1400 688 1542 721 τεράστιον
1565 687 1693 722 μέγιστον
1720 687 1749 714 ὃν
1763 689 1792 714 ὲν
1822 690 1877 719 τοῖς

1088 732 1220 767 θαύμασι,
1246 734 1292 759 καὶ
1312 732 1436 767 γλώττης
1461 733 1549 760 ἐδέετο
1566 733 1700 768 μείζονος,
1727 734 1757 760 οὺ
1781 733 1877 769 πλήθει

1089 777 1191 811 σαρκὸς
1205 777 1322 812 ἐχούσης
1339 777 1464 811 μέγεθος.
1481 777 1539 803 ἀλλ’
1556 777 1664 812 εὐποιία
1679 778 1725 804 καὶ
1738 777 1826 811 λόγων
1837 779 1879 804 εὖ·

1091 823 1198 858 ρύτητι,
1212 819 1249 849 ὧν
1264 823 1344 857 ἡμεῖς
1359 822 1390 849 οὐ
1409 822 1527 857 μετρίως
1543 823 1707 857 χηρεύομεν,
1726 822 1765 854 ὡς
1779 823 1813 850 ὲκ
1827 823 1879 848 τῶν

1053 855 1076 885 Β
1091 855 1618 903 προλαϐόντωνδεδήλωταιίἘπειδὴἼδὲ
1633 855 1681 894 καὶ
1695 867 1774 894 τοῦτο
1790 868 1880 902 λέγειν

1091 915 1163 950 ἡμᾶς
1184 914 1209 940 οἱ
1235 915 1373 949 μάρτυρες
1397 913 1518 949 ἔκριναν,
1541 913 1662 948 λέξωμεν
1684 914 1730 940 καὶ
1747 914 1824 945 αὺτδ,
1845 914 1882 945 ὼς

1091 958 1169 984 αὐτοὶ
1191 958 1220 984 τὸ
1239 958 1328 992 λέγειν
1347 957 1479 992 ὀρέξωσιν
1491 966 1499 973 ”
1521 957 1633 984 Γύναιον
1656 958 1687 984 οὗ
1705 958 1758 993 πρὸ
1781 959 1882 986 πολλοῦ

1091 1004 1188 1038 καιροῦ
1194 1005 1239 1030 τὸν
1247 1004 1315 1030 νεὼν
1328 1004 1382 1030 τῶν
1397 1004 1483 1037 ἁγίων
1492 1004 1650 1039 κατείληφε¹
1665 1004 1759 1039 Μαρία.
1769 1005 1819 1039 μὲν
1825 1005 1884 1031 τοῦ-

1092 1058 1172 1084 νομα,
1188 1052 1237 1083 τῆς
1260 1050 1398 1084 Αἰγύπτου
1418 1051 1445 1077 δὲ
1464 1050 1623 1082 Βαϐυλῶνος
1645 1049 1822 1085 ὁρμώμενον·
1836 1050 1884 1077 καὶ

1094 1097 1236 1130 μειρὰκῖον
1262 1096 1362 1131 ἔχουσα
1379 1096 1446 1122 ἐτῶν
1461 1096 1533 1122 ὀκτὼ
1551 1097 1642 1123 πλεῖον
1662 1097 1678 1132 ἢ
1694 1096 1815 1128 ἔλαττον,
1835 1096 1882 1123 καὶ

1092 1139 1185 1166 τοῦτον
1200 1141 1297 1175 Μηνᾶν
1312 1141 1508 1176 προσηγόρευε,
1521 1141 1589 1176 πρὸς
1603 1141 1685 1177 τιμὴν
1695 1141 1817 1177 δηλονότι
1835 1142 1882 1168 τοῦ

1094 1187 1232 1222 μάρτυρος
1249 1186 1320 1214 οὗτοι
1337 1187 1367 1213 τὸ
1383 1187 1487 1214 παιδίον
1502 1187 1652 1214 καλέσασα.

1129 1276 1227 1310 Μηνᾶς
1250 1273 1296 1303 οὖν
1319 1275 1350 1302 τὸ
1367 1277 1510 1311 μειράκιον
1532 1275 1582 1311 τὴν
1601 1275 1725 1310 γλῶτταν
1745 1273 1818 1310 εἶχεν
1833 1275 1883 1308 ἔξω

1094 1321 1273 1357 κρεμαμένην
1295 1321 1343 1348 τοῦ
1373 1321 1518 1356 στόματος,
1538 1322 1602 1348 εῐδει
1630 1321 1677 1348 καὶ
1700 1320 1810 1356 μεγέθει
1830 1321 1883 1347 τῶν

1094 1367 1272 1402 ἀνθρωπίνων
1287 1367 1414 1402 γλωττῶν
1428 1367 1494 1394 πολὺ
1510 1367 1691 1402 διαφέρουσαν
1703 1375 1710 1382 ⁸
1725 1367 1771 1393 ἐπὶ
1785 1367 1884 1393 σπιθα-

1097 1414 1151 1448 μὴν
1168 1414 1222 1449 γὰρ
1240 1413 1304 1449 μίαν
1320 1413 1372 1446 ἔξω
1386 1414 1496 1448 χειλέων
1516 1412 1645 1448 αίώρητο.
1659 1412 1708 1440 καὶ
1731 1412 1821 1439 πάντα
1841 1413 1886 1439 τὸν

1097 1459 1216 1493 πώγωνα
1242 1460 1289 1486 καὶ
1311 1459 1357 1485 τὸν
1379 1459 1519 1495 γάργαρον
1545 1459 1656 1490 ἔσκεπε,
1676 1458 1784 1494 ὑπήνης
1808 1459 1887 1494 δίκην

1098 1505 1210 1540 βαθείας
1222 1505 1398 1540 ὑπάρχουσα·
1413 1505 1443 1530 τὸ
1460 1505 1487 1531 δὲ
1499 1504 1599 1540 χρῶμα
1614 1504 1645 1531 τὸ
1660 1504 1774 1540 ἐρυθρὸν
1788 1505 1885 1540 μεταλ-

1097 1551 1212 1584 λάξασα,
1238 1552 1306 1586 μετὰ
1331 1550 1486 1585 μελὰνσεὼς
1507 1559 1579 1583 τινος
1604 1551 1787 1586 ὲπορφύριζε,
1814 1551 1888 1583 ξένον

1096 1597 1267 1632 προκειμένη
1291 1599 1338 1624 καὶ
1364 1598 1568 1624 δυσειδέστατον
1585 1597 1685 1631 θέαμα,
1709 1598 1757 1624 καὶ
1783 1598 1888 1629 πάντας

1097 1643 1209 1670 κινοῦσα
1223 1644 1285 1676 τοὺς
1301 1644 1449 1679 βλέποντας
1467 1644 1536 1679 πρὸς
1548 1644 1660 1671 ναυτίαν
1672 1642 1740 1678 ὁμοῦ
1757 1644 1805 1671 καὶ
1821 1652 1889 1678 συμ-

1097 1688 1212 1715 πάθειαν
1229 1690 1276 1715 καὶ
1289 1689 1357 1723 πρὸς
1367 1689 1504 1725 ἀφόρητον
1517 1689 1624 1724 ἔμετον.
1636 1689 1693 1716 Ἀεὶ
1709 1689 1764 1724 γὰρ
1780 1689 1888 1721 λιϐάδος

1096 1735 1175 1771 δίκην
1197 1737 1252 1767 τοῖς
1272 1735 1375 1767 σιάλοις
1398 1736 1620 1768 καταστάζουσα,
1644 1736 1690 1763 καὶ
1707 1735 1753 1762 τὸν
1774 1735 1889 1762 πτυελδν

1093 1781 1217 1813 ἀεννάως
1244 1782 1400 1818 προχέουσα
1423 1782 1452 1808 τό
1478 1782 1502 1808 θ’
1531 1783 1638 1817 ἱμάτιον
1667 1781 1763 1817 ἑὸρεχε
1782 1782 1888 1808 καὶτὸν

1097 1827 1219 1862 θώρακα,
1236 1828 1284 1854 καὶ
1297 1826 1376 1854 τοῦτο
1387 1827 1437 1862 τῆς
1446 1828 1550 1860 οἰκείας
1566 1827 1705 1863 μετεδίδου
1722 1827 1888 1862 μελάνσεως,

1097 1873 1224 1900 κοινωνὸν
1242 1873 1308 1900 αὐτὸ
1320 1873 1471 1908 ποιουμένη
1483 1873 1529 1900 τοῦ
1543 1872 1688 1908 χρώματος
1700 1881 1707 1888 ·
1720 1873 1758 1905 ὼς
1776 1873 1889 1904 πολλοὺς

1099 1919 1148 1954 μὲν
1163 1919 1289 1946 ἐντεῦθεν
1308 1919 1376 1954 μηδὲ
1389 1919 1453 1954 ὸρᾷν
1465 1919 1495 1945 τὸ
1510 1919 1617 1946 παιδίον
1632 1918 1760 1946 δύνασθαι
1775 1928 1782 1934 ⁸
1796 1919 1854 1946 ἀλλ’
1867 1920 1889 1945 ει

1098 1965 1144 1991 καὶ
1163 1964 1261 2000 συνέϐη
1276 1965 1406 1999 γενέσθαι
1426 1967 1596 2001 συνάντησιν,
1617 1965 1729 1992 σκέπειν
1743 1966 1843 1997 αὐτοὺς
1857 1966 1889 1991 τὰ

1097 2011 1143 2038 τοῦ
1160 2011 1287 2046 σώματος
1308 2011 1432 2047 δμματα,
1457 2012 1503 2039 καὶ
1525 2012 1654 2047 στρέφειν
1667 2011 1759 2038 αὐτῶν
1777 2013 1818 2042 εἰς
1830 2012 1889 2038 τού-

1099 2055 1170 2083 πίσω
1181 2055 1216 2082 τὰ
1230 2057 1373 2092 πρόσωπα,
1387 2057 1432 2084 ἴνα
1445 2057 1481 2092 μὴ
1501 2056 1577 2092 παρὰ
1599 2056 1713 2092 γνώμην
1727 2056 1772 2083 am
1787 2057 1888 2091 στόμα-

1098 2110 1145 2137 χον
1165 2102 1380 2137 διαστραφέντες
1399 2103 1553 2138 ὲμέσωσιν·
1570 2103 1686 2133 πολλοὺς
1709 2103 1736 2129 δὲ
1751 2104 1815 2134 τοὺς
1829 2103 1888 2138 βλέ-

1098 2156 1160 2174 πειν
1181 2148 1248 2175 αὐτὸ
1263 2149 1309 2175 καὶ
1333 2149 1401 2184 πρὸς
1418 2148 1504 2184 βραχὺ
1518 2148 1585 2183 γοῦν
1608 2148 1763 2184 ἰσχύοντας.
1790 2150 1822 2176 τὸ
1844 2149 1888 2176 τοῦ

1063 2213 1085 2241 D
1100 2193 1202 2232 πάθους
1214 2194 1366 2229 ὲνορῶντας
1375 2193 1541 2229 ὑπέρογκον,
1557 2194 1607 2228 τὴν
1618 2193 1693 2229 παρὰ
1706 2193 1753 2220 τοῦ
1764 2194 1889 2230 Σωτῆρος

1099 2239 1146 2265 ἐπὶ
1160 2239 1199 2274 τῷ
1228 2238 1348 2275 προδότῃ
1363 2238 1505 2273 λεχθεῖσαν
1521 2238 1632 2271 ἀφιέναι
1657 2238 1760 2272 φωνὴν,
1786 2238 1834 2264 καὶ
1847 2239 1889 2264 ἐπὶ

1097 2285 1178 2312 τοῦτο
1194 2285 1269 2320 βοᾷν,
1287 2285 1328 2311 ὅτι
1341 2284 1423 2311 καλὸν
1434 2282 1468 2320 ἦν
1484 2284 1560 2320 αὐτῷ
1577 2285 1601 2310 ει
1614 2284 1665 2310 οὐκ
1677 2283 1810 2318 ἐγεννήθη
1825 2285 1837 2310 ὁ
1850 2284 1889 2310 ἆν-

1098 2331 1207 2367 θρωπος
1220 2333 1337 2363 ἐκεῖνος·
1354 2330 1430 2362 τινὰς
1447 2331 1475 2357 δὲ
1489 2330 1576 2366 ταύτῃ
1591 2329 1765 2366 προστιθέναι
1781 2331 1827 2356 καὶ
1843 2330 1889 2363 τὴν

1100 2378 1164 2413 περὶ
1177 2378 1222 2404 τοῦ
1239 2376 1341 2413 τυφλοῦ
1357 2376 1535 2411 γεννηθέντος
1553 2376 1736 2411 ἀποστολικὴν
1749 2376 1890 2411 ἐπερώτη-

1100 2431 1151 2454 σιν1
1167 2423 1212 2449 τό’
1229 2423 1277 2454 Τίς
1292 2423 1347 2458 ἄρα
1361 2423 1499 2459 ἥμαρτεν,
1515 2419 1592 2454 οὗτος
1614 2423 1630 2458 ἧ
1652 2422 1677 2449 οἱ
1691 2423 1780 2457 γονεῖς
1795 2421 1888 2454 αὑτοῦ,

1099 2470 1132 2496 ἵν’
1147 2469 1234 2500 οὕτως
1246 2469 1359 2504 γένηται
1371 2477 1378 2501 ;

1135 2516 1189 2542 Καὶ
1201 2516 1225 2542 εἰ
1241 2516 1278 2551 μὴ
1296 2516 1327 2542 τὸ
1347 2515 1452 2542 παιδίον
1471 2507 1571 2549 τυξρ).ὺν
1592 2515 1751 2550 ἐτύγχανεν.
1774 2514 1889 2550 μηδόῧ-

1098 2570 1152 2594 τως
1167 2560 1297 2598 μητρῴας
1306 2560 1400 2596 νηδύος
1410 2560 1546 2596 ἐξέθορεν·
1561 2560 1630 2587 ἀλλὰ
1645 2561 1742 2593 νυκτὸς
1753 2561 1791 2592 ὼς
1807 2561 1889 2588 ἐκάθ-

1099 2608 1195 2641 ευδεν,
1232 2607 1336 2643 δαίμων
1371 2616 1412 2640 τις
1457 2607 1596 2643 ἀλιτήριος
1631 2606 1699 2633 πολὺ
1743 2608 1829 2634 νοσῶν
1860 2607 1888 2633 τὸ

1100 2653 1305 2689 μισάνθρωπον,
1321 2654 1368 2688 τῆς
1391 2652 1486 2679 τούτου
1502 2651 1626 2687 γλώττης
1648 2651 1818 2687 δραξάμενος
1839 2651 1888 2684 τῆς

1099 2699 1202 2731 οἰκείας
1224 2699 1317 2731 ἑστίας
1340 2698 1509 2730 ἐξέσπασεν
1536 2699 1582 2724 καὶ
1605 2698 1709 2732 πλήξας
1734 2698 1852 2732 ἀφειδῶς
1875 2698 1887 2722 6

1100 2746 1273 2781 παμμίαρος,
1289 2746 1333 2772 καὶ
1350 2745 1461 2780 μείζονα
1478 2744 1580 2779 ταύτην
1595 2745 1655 2775 ταῖς
1670 2743 1789 2778 πληγαῖς
1809 2745 1889 2778 ἐργα-

1101 2793 1230 2828 σάμενος,
1243 2792 1295 2823 ἔξω
1309 2791 1466 2827 κρέμασθαι
1478 2790 1525 2817 καὶ
1539 2789 1576 2826 μὴ
1589 2789 1739 2824 χωρείσθαι
1751 2791 1806 2822 τοῖς
1819 2789 1889 2815 Evr?”

1103 2840 1245 2874 πεποὲηκε.
1254 2839 1290 2864 05
1304 2838 1382 2873 μόνον
1395 2838 1446 2872 γὰρ
1462 2837 1535 2872 αὐτῷ
1545 2837 1574 2863 τὸ
1583 2836 1699 2868 δυσειδὲς
1712 2836 1880 2870 ἐπεφαίνετο,
