1910 3078
52 112 112 145 3581

561 117 613 147 SS.
634 117 722 148 CYRI
747 118 795 149 ET
814 119 977 151 JOANNIS
992 121 1200 153 MIRACULA-

1616 126 1688 158 3582

49 167 181 215 ἀλλά-καὶ
189 167 228 215 σὺ
244 168 294 215 ¹τῆς
311 168 383 204 ζωῆς
401 169 478 206 ipsa
498 171 548 206 τῆς
572 173 714 209 παρούσης
732 173 831 201 ἐπώδυ-

894 175 1022 206 formitas
1046 178 1206 213 apparebat,
1235 177 1284 206 sed
1309 182 1338 206 et
1356 178 1436 206 dolor
1458 178 1520 206 vitae
1544 183 1703 215 prmsetitis‘

50 222 98 240 νον.
111 213 221 248 Τροφῆς
235 214 285 249 μὲν
303 215 357 251 γὰρ
369 217 484 252 στερεᾶς
499 218 634 250 παντοίως
645 219 786 255 ἐστέρητο,
798 220 837 256 μὴ

48 259 200 295 δυναμένων
215 260 256 288 ἔτι
274 262 329 288 τῶν
343 263 457 290 ὀδόντων
477 263 579 299 ταύτην
605 265 720 293 λεαίνειν
741 266 837 302 ὥσπερ

49 306 196 340 εἰώθεισαν,
210 307 256 334 διὰ
271 307 321 344 τὴν
336 308 386 344 τῆς
407 309 532 345 γλώττης
554 310 651 347 ἐξοχὴν
666 312 713 339 καὶ
731 313 837 347 παραύ-

48 352 130 386 ξησιν,
145 353 233 389 ὑγρᾶς
246 354 275 381 δὲ
295 354 371 390 μόλις
381 356 429 382 καὶ
445 355 561 392 ῥοώδους
572 357 683 391 ἐγεύετο
696 357 834 394 βρώσεως,

48 401 150 436 μηχανῇ
165 409 220 427 τινι
235 402 285 437 τῆς
299 402 403 437 μητρὸς
416 403 467 437 τὴν
481 403 606 437 γλῶτταν
621 404 777 440 εἰργοὺσης,
789 407 835 433 καὶ

47 446 144 481 ταύτην
162 447 312 484 ἐγχεούσης
321 448 360 484 τῷ
375 449 500 484 στόματι.
516 450 571 477 Καὶ
585 450 665 478 τοῦτο
678 452 727 486 μὲν
742 450 776 488 ἦν
786 452 833 479 τοῦ

48 493 136 524 meo;
146 493 175 519 τὸ
189 494 393 530 ἀῤῥὼστημα,ὃ
405 496 512 530 μηδεὶς,
521 496 559 529 ὼς
568 495 655 532 οἶμαι,
667 498 722 525 τῶν
730 488 835 534 ἀνθρὼ-

47 547 101 565 πων
125 540 283 574 ὑπέμεινεν,
302 541 370 576 μηδὲ
393 541 526 574 παθόντος
551 543 632 570 ἄλλου
648 543 788 577 τεθέαται,
810 546 834 572 sl

47 586 89 611 καὶ
103 585 138 611 τὰ
151 586 271 620 μάλιστα
287 587 370 622 μηδὲν
385 587 437 614 ὑπὸ
457 588 502 615 τὸν
519 588 596 624 ⁴ἣλιον
611 586 681 615 εἶναι
695 590 788 616 καινόν
805 599 834 617 τε

47 632 90 657 καὶ
102 631 257 666 πρόσφατον
268 632 282 659 ὸ
297 633 379 667 σοφὸς
398 633 614 671 Ἑκκλησιαστὴς
626 635 798 670 ἀπεφήνατο.

80 720 174 747 Πολλοὶ
188 720 254 754 γοῦν
269 722 364 753 παῖδες
385 722 452 748 αὐτὸ
467 722 522 748 τῶν
546 721 648 756 ίατρῶν
673 721 833 754 ἐθεάσαντο,

44 766 88 792 καὶ
103 766 206 793 τούτων
224 767 279 793 ἴδον
296 767 320 794 οξ
336 767 512 803 προῦχοντες,
527 768 576 794 καὶ
599 767 668 803 πρὸς
692 767 722 794 τὸ
747 767 834 799 πάθος

48 812 126 844 εὐθὺς
142 813 369 848 ἐκπληττόμενοι.
387 814 500 848 μονονοὺ
517 814 617 845 πάντες
627 814 676 845 τὰς
690 814 767 848 ὄψεις
785 813 832 840 τύ-

893 220 1007 248 Ilorebat
1023 229 1030 247 :
1049 221 1139 249 solido
1164 222 1267 257 quippe
1284 222 1347 250 cibo
1365 229 1478 256 pr0rsus
1491 223 1615 256 euehat,
1631 232 1687 252 non

889 267 1049 294 valentibus
1073 266 1148 294 hunc
1169 267 1227 294 ullo
1251 267 1333 294 modo
1358 267 1489 296 dentibus
1515 276 1590 296 more
1604 270 1687 298 solito

891 311 1093 344 comminuere,
1114 316 1227 345 propter
1248 311 1348 345 linguae
1372 312 1636 346 supereminentiam
1658 318 1686 341 et

887 357 1043 392 improbum
1068 357 1280 384 incrementum.
1304 357 1449 384 llumidam
1469 365 1534 385 vero
1548 363 1576 385 et
1592 359 1682 386 sorl.i-

887 402 940 430 lem
963 402 1155 430 tantummodo
1180 402 1307 438 gustabat
1337 410 1440 435 escam,
1473 403 1585 438 ingenio
1611 413 1681 438 quo-

887 448 950 476 dam
975 452 1062 476 matre
1084 448 1205 484 linguam
1233 453 1356 482 arcente,
1384 453 1412 476 et
1429 456 1520 476 escam
1548 450 1634 484 ipsam
1654 450 1682 477 in

887 503 919 522 os
934 494 1102 523 effundente.
1125 495 1158 522 Et
1174 495 1219 522 hic
1237 495 1347 530 quidem
1372 495 1448 530 pueri
1473 495 1588 530 languor
1612 501 1681 527 erat.

885 548 966 576 quem
983 542 1086 575 nullus,
1099 546 1128 569 ut
1141 549 1214 574 reor,
1233 541 1376 569 hominum
1401 541 1544 573 sustinuit.
1563 541 1611 568 sed
1628 548 1679 568 nec

887 585 942 620 pati
966 585 1050 612 alium
1072 586 1274 620 contemplatus
1299 589 1351 617 est,
1376 586 1505 620 quamvis
1536 585 1603 612 nihil
1628 584 1680 612 sub

885 631 945 658 sole
963 639 1065 658 novum
1086 639 1147 660 esse
1171 632 1215 658 vel
1230 639 1340 664 recens,
1358 630 1543 658 Ecclesiastes
1567 632 1680 666 sapiens

886 676 1069 708 perhibuerit.

921 719 996 746 Multi
1012 721 1093 755 igitur
1111 720 1184 747 hunc
1197 720 1325 755 discipuli
1351 720 1518 748 medicorum
1541 720 1679 752 viderunt,

885 770 912 793 et
926 765 1023 793 borum
1037 766 1128 793 intuiti
1145 771 1209 794 sunt
1220 770 1413 801 praeceptores,
1429 772 1457 794 et
1470 773 1519 802 pro
1531 770 1603 793 tanta
1616 774 1680 801 pas-

886 810 964 838 sione
986 811 1132 846 stupefacti
1155 818 1262 844 omnes,
1300 816 1406 839 tantum
1433 812 1618 847 percutictttes
1644 811 1680 838 fa-

43 865 152 888 πτοντες
165 847 266 891 ἔφυγον
277 847 287 887 ,7
303 858 402 892 μηκέτι
418 858 516 894 δρᾶσαι
532 847 747 892 γιγνώσκοντες,
767 859 831 894 μήτε

887 859 959 890 cies,
988 858 1158 892 fugiebant,-
1186 865 1277 894 neque
1300 858 1364 894 quid
1388 858 1544 893 hujusmodi
1577 858 1678 885 factum

43 903 129 939 εὑρεῖν
141 903 171 929 ἐν
185 904 244 935 τοῖς
261 903 315 930 τῶν
330 905 453 939 ἀρχαίων
465 904 674 939 Ἀσκληπιάδων
690 906 835 941 συγγράμ-

44 957 119 983 μασι.
143 949 234 984 Κῦρος
251 949 280 976 δὲ
298 950 347 976 καὶ
363 950 490 985 Ἰωάννης
505 951 530 976 οι
548 951 686 986 μάρτυρες
702 952 726 977 οε
742 950 834 978 θεόθεν

40 994 86 1026 τὰς
100 994 187 1025 ἰάσεις
201 996 399 1030 προφέροντες,
417 995 467 1031 τὴν
480 996 623 1032 παροῦσαν
638 996 739 1028 ίδόντες
753 996 833 1023 ἀσθε-

41 1049 121 1071 νειαν,
136 1041 213 1067 οὐδὲν
227 1041 333 1068 τοιοῦτο
349 1041 530 1076 δεδράκασιν,
545 1042 605 1068 οὐδὲ
619 1042 688 1078 πρὸς
703 1042 752 1078 τὴν
767 1041 833 1069 θέαν

40 1087 122 1122 αὐτὴν
134 1086 336 1123 ἐξεπλάγησαν,
349 1088 411 1114 οὐδὲ
425 1088 463 1120 ὡς
478 1088 599 1125 δυσχερῆ
624 1089 830 1126 παρῃτήσαντο,

38 1132 96 1159 οὐδὲ
112 1133 150 1168 μὴ
166 1132 323 1168 γεγράφθαι
341 1133 442 1169 ταύτης
464 1133 494 1161 τὺ
515 1134 663 1170 φάρμακον
683 1134 758 1169 παρὰ
772 1134 832 1169 Θεῷ

36 1178 74 1214 τῷ
93 1179 203 1206 πάντων
229 1179 315 1215 ἰατρῷ
337 1180 512 1216 διεκήρυξαν.
525 1181 661 1216 Ἀκριῦὦς
686 1182 740 1216 γὰρ
763 1182 830 1216 ἠπί-

38 1233 143 1257 σταντο,
157 1225 196 1258 ὡς
210 1225 300 1252 πάντα
315 1226 366 1253 ὃσα
381 1226 508 1262 ἐθέλῃσιν
520 1227 533 1253 ό
547 1226 648 1260 Κύριος
663 1227 791 1262 ἐποίησεν
803 1228 831 1253 ἐν

36 1270 74 1305 τῷ
88 1269 197 1306 οὐρανῷ
220 1271 269 1296 καὶ
291 1271 320 1297 ἐν
341 1272 374 1306 τῇ
390 1272 437 1306 γῇ,
453 1272 482 1298 ἐν
500 1272 559 1303 ταῖς
575 1271 724 1302 Θαλάσσαις
740 1271 787 1297 καὶ
801 1272 830 1297 ἐν

36 1317 135 1347 πάσαις
157 1318 217 1348 ταῖς
234 1317 373 1349 ἀϐύσσοις,
388 1317 435 1344 καὶ
456 1317 495 1350 ὡς
519 1317 554 1344 τὰ
577 1317 653 1353 παρὰ
675 1317 830 1353 ἀνθρώποις

36 1362 164 1393 ἀδύνατα,
183 1363 284 1390 δυνατὰ
301 1363 378 1399 παρὰ
402 1363 462 1399 Θεῷ
486 1363 706 1400 καθεστήκασιν,
721 1365 768 1392 καὶ
792 1365 829 1397 ὡς

35 1408 125 1435 πάντα
139 1408 273 1440 meum
283 1409 385 1440 πάντα,
401 1409 472 1436 καθὰ
488 1410 502 1436 ό
519 1409 580 1436 ’[ὼὸ
593 1409 690 1445 ἔφησε,
700 1410 826 1437 δύναται⁶

35 1454 81 1481 καὶ
93 1453 130 1486 ὡς
155 1455 169 1481 ό
185 1454 304 1489 μελῳδὸς
319 1454 401 1481 Δαὸὶδ
418 1456 448 1482 ἐν
463 1455 589 1490 Ψαλμοῖς
604 1455 787 1490 ἐμελῴδησεν,
803 1457 827 1483 οί

887 904 1017 937 scientes,
1032 912 1121 940 neque
1138 905 1249 932 audisse
1263 912 1293 932 se
1311 912 1450 940 nunquam
1476 905 1530 931 tale
1542 904 1678 939 iurantes,

886 950 933 978 sed
951 958 1003 978 nec
1016 950 1155 978 invenisse
1174 958 1204 978 se
1229 952 1254 977 in
1272 950 1448 985 antiquorum
1464 950 1675 984 conscriptioni-

886 996 937 1024 bus
948 996 1126 1024 medicorum.
1140 996 1229 1032 Cyrus
1245 1001 1338 1024 autem
1351 1000 1378 1023 et
1389 994 1512 1023 Joannes
1543 1000 1676 1031 martyres

884 1043 1018 1071 sanitates
1052 1042 1185 1070 divinitus
1219 1041 1406 1077 proferenles,
1447 1041 1577 1076 praesenti
1618 1041 1676 1068 visa

883 1088 1052 1120 inﬁrmitate.
1068 1088 1136 1115 nihil
1158 1089 1212 1116 tale
1225 1092 1380 1123 gesserunt,
1396 1095 1484 1121 neque
1494 1088 1526 1114 ad
1541 1087 1672 1114 visi0nem

883 1133 971 1169 ipsam
997 1133 1211 1169 obstupuerunt,
1229 1141 1317 1169 ueqtte
1341 1137 1371 1160 ut
1389 1132 1455 1168 quid
1476 1132 1583 1160 dtflicile
1595 1139 1675 1159 recu-

883 1184 991 1213 sarunt,
1009 1180 1055 1208 sed
1082 1188 1168 1215 neque
1194 1180 1276 1215 hujus
1303 1180 1437 1207 medelam
1465 1179 1595 1214 scriptam
1618 1186 1673 1205 non

882 1234 944 1254 esse
959 1227 1030 1261 apud
1044 1225 1129 1252 Deum
1149 1230 1312 1253 cunctorum
1328 1227 1464 1254 medicum
1478 1225 1672 1260 praedicarunt.

881 1273 1040 1300 Certissime
1053 1280 1171 1308 namque
1184 1276 1328 1304 noverant,
1341 1272 1413 1307 quod
1427 1272 1518 1299 omnia
1544 1279 1674 1306 quaecun-
1705 1308 1708 1311 '

880 1327 933 1354 que
958 1318 1044 1345 voluit
1063 1319 1195 1346 Dominus
1222 1319 1326 1345 fecltiu
1340 1319 1411 1346 cmlo
1433 1321 1462 1345 et
1487 1317 1514 1345 in
1537 1323 1620 1350 terra,
1643 1318 1671 1345 in

881 1364 948 1391 mari
971 1367 998 1390 et
1024 1364 1051 1390 in
1063 1363 1191 1390 omnibus
1209 1363 1315 1399 ahyssis
1335 1372 1342 1396 ;
1362 1367 1389 1390 et
1402 1363 1476 1397 quod
1493 1363 1671 1398 impOssibilia

880 1410 950 1444 apud
966 1409 1103 1440 homines,
1116 1409 1254 1444 possibilia
1267 1413 1330 1436 sunt
1346 1408 1418 1444 apttd
1431 1409 1516 1436 Deum
1533 1417 1541 1441 ;
1559 1413 1586 1435 et
1597 1409 1671 1444 quod

879 1455 1001 1481 omnium
1030 1455 1188 1485 miseratur.
1220 1456 1284 1489 quia
1304 1456 1407 1486 omnia,
1438 1453 1531 1481 utJol)
1560 1455 1670 1485 asserit.

35 1501 174 1536 οἱκτιρμοὶ
187 1500 269 1527 αὑτοῦ
284 1500 332 1527 ἐπὶ
347 1501 436 1528 πάντα
450 1501 484 1528 τὰ
507 1500 575 1536 ἔργα
591 1500 674 1528 αὑτοῦ
692 1501 827 1534 πλουσίως

881 1506 982 1538 potest.
1002 1501 1035 1530 Et
1062 1501 1136 1529 sicut
1157 1501 1311 1527 modulator
1336 1500 1419 1528 David
1445 1500 1471 1527 in
1494 1500 1609 1528 Psalmis
1631 1504 1672 1528 est

35 1547 205 1582 ἐκχύνονται.
220 1547 302 1573 Ὅθεν
330 1546 377 1573 τὸν
401 1547 569 1574 ἀσθενοῦντα
582 1546 736 1582 δεξάμενοι,
752 1548 828 1582 φιλο-

35 1591 173 1627 φροσύνης
191 1592 241 1627 μὲν
256 1592 364 1627 πρῶτον
378 1592 508 1628 ἠξίωσαν,
524 1590 584 1620 εἶτα
597 1593 644 1620 καὶ
655 1593 766 1629 θαρσεῖν
777 1593 828 1628 τὴν

33 1638 129 1666 τούτου
154 1639 254 1673 τροφὸν
277 1639 499 1674 παρεσκεύασαν.
523 1639 714 1675 σκοπουμένην
737 1639 828 1666 αὐτῶν

32 1685 66 1712 τὰ
79 1685 233 1721 παράδοξα.
249 1686 353 1721 Χρόνον
367 1686 396 1712 δέ
410 1686 515 1722 βραχὺν
529 1686 726 1722 ἀναμείναντες
737 1687 768 1713 οὐ
779 1687 828 1721 τὴν

33 1731 186 1766 θεραπείαν
202 1731 393 1766 σκεπτόμενοι,
409 1731 467 1758 ἀλλ’
482 1731 526 1758 ἵνα
540 1731 578 1768 μὴ
592 1731 623 1758 τὸ
635 1731 741 1758 τοιοῦτο
754 1732 828 1766 πρᾶ-

32 1784 90 1810 γμα
103 1775 257 1811 θαυμάσιον
268 1777 309 1808 είς
321 1776 429 1811 ὀλίγους
443 1777 542 1813 κομιδῇ
561 1777 609 1803 καὶ
618 1776 678 1804 λίαν
694 1777 828 1813 ἀριθμου-

32 1822 132 1856 μένους
144 1821 281 1855 ἁφίκοιτο,
296 1821 499 1857 ἐμφανέστερον
509 1822 537 1848 δέ
548 1821 647 1856 μᾶλλον
655 1823 711 1854 τοῖς
722 1822 827 1848 πλείοσι

31 1868 78 1894 καὶ
95 1866 309 1903 γνωριμώτερον
324 1867 440 1902 γένοιτο.
458 1868 512 1895 Καὶ
531 1867 610 1894 τοῦτο
622 1867 700 1903 δῆλον
713 1868 768 1894 ἀπὸ
779 1868 826 1894 τοῦ

29 1915 78 1949 τῆς
106 1914 206 1946 ἰάσεως
227 1913 329 1949 τρόπου
346 1914 515 1949 καθέστηκεν
526 1920 533 1927 “
549 1913 579 1940 οὐ
593 1914 648 1950 γὰρ
664 1915 723 1941 τόδε
740 1915 827 1940 ποιεῖν

28 1960 61 1986 δι’
76 1960 229 1996 δράματος,
240 1960 256 1996 ἢ
268 1960 327 1987 τόδε
342 1960 523 1996 προσέταξαν,
538 1960 574 1993 ὡς
587 1961 648 1993 ἐθος
663 1962 753 1993 αὐτοῖς
769 1961 828 1988 δια-

29 2004 212 2039 πράττεσθαι,
226 2005 284 2031 ἀλλ’
294 2005 339 2032 ὅτε
355 2005 494 2041 ῥωσθῆναι
506 2005 536 2032 τὸ
549 2006 656 2034 παιδίον
667 2007 825 2040 ὲθέσπισαν,

28 2051 116 2083 οὕτως
136 2051 263 2087 ἐπράχθη
281 2052 407 2088 φανερῶς
425 2052 460 2079 τὰ
478 2054 529 2089 τῆς
549 2053 671 2088 ῥώσεως.

881 1548 1057 1581 modulatus,
1086 1548 1277 1575 miserationes
1301 1547 1363 1582 ejus
1388 1547 1478 1582 opime
1508 1547 1670 1574 funduntur.

880 1593 957 1622 Unde
976 1595 1114 1621 infirmum
1138 1594 1226 1628 primo
1242 1594 1351 1628 quidem
1376 1593 1525 1620 liberaliter
1540 1600 1670 1627 suscepe-

879 1644 954 1672 rttnt,
977 1639 1075 1668 deinde
1088 1647 1154 1667 vero
1169 1640 1250 1667 etiam
1276 1639 1375 1666 nutrici
1392 1639 1519 1666 ﬁduciam
1535 1638 1670 1673 praestite-

878 1691 953 1720 runt,
971 1694 1064 1714 eorum
1087 1686 1284 1721 contemplanti
1303 1686 1446 1713 miracula.
1459 1685 1583 1719 Cumque
1594 1684 1669 1712 brevi

878 1737 1002 1769 tempore
1029 1733 1178 1768 praestolati
1207 1733 1335 1764 fuissent,
1361 1740 1416 1759 non
1430 1739 1512 1767 super
1527 1731 1670 1758 curatione

878 1778 1061 1813 ambigentes.
1083 1778 1131 1805 sed
1157 1785 1191 1805 ne
1218 1783 1272 1804 tam
1302 1777 1455 1804 mirandum
1482 1777 1622 1811 negotium
1635 1776 1670 1807 ad

879 1823 958 1852 valde
982 1831 1096 1859 paucos,
1112 1828 1140 1850 et
1156 1823 1203 1859 qui
1222 1827 1336 1858 possent
1352 1823 1430 1850 facile
1446 1822 1586 1849 numerari
1607 1830 1669 1856 per-

877 1871 1006 1904 tingeret,
1027 1871 1081 1897 imo
1103 1874 1132 1896 ut
1160 1870 1334 1897 manifestius
1370 1870 1495 1904 pluribus
1521 1874 1547 1896 et
1581 1869 1670 1904 magis

878 1916 1016 1952 cognitum
1042 1915 1130 1942 ﬁeret.
1151 1914 1183 1942 Et
1207 1915 1259 1942 hoc
1287 1915 1462 1949 perspicuum
1485 1922 1499 1942 a
1516 1915 1669 1942 sanationis

879 1962 960 1990 modo
974 1961 1113 1990 consistit.
1130 1961 1190 1988 Non
1205 1962 1277 1989 enim
1300 1962 1351 1988 hoc
1367 1961 1456 1989 facere
1471 1969 1519 1996 per
1529 1961 1666 1988 somnium

878 2009 920 2036 vel
952 2009 1016 2040 huc.
1033 2012 1063 2036 ut
1079 2008 1163 2035 moris
1186 2012 1245 2035 erat
1261 2008 1302 2035 eis
1320 2007 1427 2042 agendi.
1440 2007 1583 2042 jusSerunt
1599 2006 1667 2040 ;sed

877 2055 989 2089 quando
1012 2054 1176 2082 incolumem
1194 2053 1308 2082 reddere
1337 2059 1450 2088 puerum
1475 2053 1667 2084 decreverunt,

877 2101 918 2128 sic
941 2105 1016 2136 gesta
1037 2104 1102 2127 sunt
1122 2107 1183 2135 quae
1199 2099 1232 2126 ad
1249 2099 1393 2127 sanitatem
1415 2099 1552 2134 pertinere
1564 2098 1670 2134 liquido

876 2145 1047 2172 claruerunt.

61 2182 212 2218 Μεσούσης
231 2183 282 2218 τῆς
302 2182 410 2218 ἡμέρας
433 2183 492 2218 μεθ’
507 2184 608 2218 ἡλίκων
622 2184 703 2211 τινῶν
716 2184 746 2212 τδ
764 2193 824 2220 μει-

913 2190 1050 2218 Mediante
1075 2190 1130 2223 die,
1152 2197 1214 2218 eum
1249 2188 1411 2225 quibusdam
1428 2188 1575 2216 coaetaneis
1599 2195 1667 2223 puer

29 2229 126 2263 ράκιον
153 2228 208 2263 πρδ
231 2227 279 2255 τοῦ
297 2227 352 2255 τῶν
377 2229 463 2262 ἁγίων
486 2228 582 2262 ἔπαιζε
600 2230 759 2265 μνήματοςι
778 2231 825 2257 καὶ

27 2274 97 2309 ὅπερ
121 2273 197 2308 φιλεί
217 2273 377 2309 συμϐαίνειν
400 2275 430 2301 ἐν
453 2275 509 2306 τοῖς
529 2275 634 2302 παίδων
656 2275 824 2310 ἀθύρμασιν,

28 2321 94 2346 ποτὲ
112 2320 164 2355 μὲν
178 2319 259 2352 αὐτὸς
273 2320 385 2356 ἐτέρους
400 2320 468 2356 πρὸς
483 2320 580 2354 ἔδαφος
594 2320 702 2356 ἔφερεν,
716 2321 783 2348 ποτὲ
797 2321 825 2348 δὲ

28 2366 124 2393 τοῦτον
149 2365 225 2393 ἄλλοι
241 2366 420 2393 κατέϐαλλον.
441 2366 575 2397 Πεσόντος
589 2367 654 2400 γοῦν
671 2366 764 2396 αὑτοῦ.
779 2368 826 2394 καὶ

28 2412 84 2442 τοῖς
98 2411 259 2447 μαρμάροις
273 2413 493 2447 προσεγγισάσης
511 2413 560 2448 τῆς
575 2412 673 2447 δέεως,
690 2413 792 2440 τούτων
808 2415 825 2449 ή

28 2457 138 2490 γλῶττα
156 2458 332 2493 προσήψατο·
347 2459 394 2484 καὶ
415 2459 493 2493 μόνον
508 2458 545 2490 ὡς
559 2458 670 2493 tamen,
687 2459 725 2490 ὡς
743 2459 775 2485 ἐκ
787 2468 828 2486 τι·

28 2513 71 2536 νος
85 2504 246 2539 διωκομένη
257 2504 304 2531 καὶ
317 2503 467 2538 φεύγουσα,
481 2505 550 2540 πρὸς
562 2504 629 2540 ὅπερ
640 2503 675 2541 ἦν
686 2506 716 2532 ἐν
727 2506 827 2542 ἀρχαῖς

28 2545 236 2583 συνεστέλλετο,
253 2550 349 2577 καὶτὰ
366 2550 420 2577 ἴδια
437 2550 524 2586 μέτρα
541 2551 574 2577 τὰ
590 2551 644 2586 πρὸ
657 2550 705 2577 τοῦ
723 2551 826 2583 πάθους

26 2596 148 2631 ἐδέχετο,
175 2596 223 2623 καὶ
247 2596 296 2632 τὴν
322 2596 450 2632 εὔχροιαν
476 2596 558 2629 εὐθὺς
584 2596 782 2632 ἀνελάμὸανεν,
797 2598 827 2624 τὸ

25 2642 148 2674 δυσειδὲς
160 2644 251 2669 ἐκεῖνο
264 2643 363 2678 χρῶμα
377 2643 424 2670 καὶ
435 2643 530 2678 σχῆμα
544 2643 591 2669 καὶ
606 2643 721 2679 μέγεθος
733 2643 764 2670 τὸ
776 2652 826 2670 πο-

24 2687 168 2723 λυσαρκίᾳ
194 2687 354 2724 βριθόμενον
380 2689 499 2724 ῥίψασα·
524 2689 571 2716 καὶ
596 2690 613 2725 ή
637 2689 691 2716 τῶν
713 2690 827 2717 ὀδόντων

25 2734 169 2766 ἀκουσίως
195 2734 248 2766 ἐξω
273 2733 481 2770 προκύπτουσα,
502 2733 553 2770 τὴν
577 2735 706 2771 τοιαύτην
728 2735 828 2772 ἀθρόον

24 2779 148 2807 λαθοῦσα
177 2779 335 2816 συνήθειαν,
357 2781 411 2808 οὐδ’
429 2781 562 2813 ἑκουσίως
587 2783 756 2814 προκύπτειν
778 2783 827 2816 ὴν-

28 2826 130 2861 ἔσχετο,
151 2827 210 2854 ἀλλ’
226 2827 292 2854 εἴσω
305 2827 419 2863 χειλέων
433 2827 471 2860 ὡς
485 2828 513 2854 ἐν
527 2827 615 2863 οἰκεία
632 2828 746 2856 παστάδι
762 2829 828 2856 καθ-

877 2240 940 2263 ante
970 2241 1128 2263 sanctorum
1150 2240 1358 2263 monumentum
1387 2235 1521 2266 ludebat;
1547 2239 1574 2261 et
1592 2234 1666 2269 quod

876 2283 1118 2317 contingereinter
1132 2282 1212 2310 lttdos
1228 2289 1374 2317 puerorum
1391 2282 1503 2314 assolet,
1518 2281 1667 2315 aliquando

876 2327 986 2362 quidem
1011 2327 1069 2362 ipse
1094 2326 1163 2354 alios
1180 2327 1206 2353 in
1231 2331 1333 2354 terram
1351 2327 1500 2358 sternebat,
1519 2325 1667 2360 aliquando

876 2380 940 2400 vero
954 2372 1026 2400 hunc
1037 2372 1082 2399 alii
1096 2371 1272 2406 dejiciebant.
1289 2371 1358 2407 Ergo
1374 2379 1407 2399 eo
1425 2371 1538 2399 cadente
1551 2373 1578 2397 ct
1594 2377 1667 2396 mar-

876 2419 1000 2446 moribus
1016 2418 1086 2446 facie
1103 2418 1176 2446 illius
1199 2418 1289 2449 allisa,
1307 2418 1364 2444 haec
1382 2417 1442 2452 ejus
1457 2417 1548 2452 attigit
1563 2416 1666 2451 lingua.

879 2465 910 2492 Et
927 2469 956 2491 ιιι
973 2464 1145 2492 solummodo
1167 2468 1240 2491 tacta
1255 2468 1308 2496 est,
1327 2464 1405 2498 quasi
1429 2470 1443 2489 a
1459 2470 1597 2498 quoquam
1611 2470 1669 2498 per-

877 2511 1045 2538 secutionem
1071 2518 1161 2545 passa,
1179 2515 1205 2537 et
1226 2510 1289 2546 fuga
1316 2511 1401 2544 lapsa,
1428 2510 1461 2537 ad
1487 2510 1513 2537 id
1539 2510 1611 2545 quod
1639 2510 1666 2536 in

878 2557 1020 2592 principiis
1030 2561 1090 2583 erat
1104 2556 1279 2591 subterfugit,
1289 2561 1317 2582 et
1329 2563 1423 2583 tneusu
1429 2563 1484 2582 ram
1495 2563 1572 2583 suam
1582 2563 1664 2590 quam

878 2607 941 2629 ante
957 2602 1114 2637 passionem
1135 2602 1277 2634 habuerat,
1295 2601 1432 2636 extemplo
1448 2601 1559 2636 recepit,
1575 2605 1602 2627 et
1618 2601 1668 2628 bo-

878 2656 943 2675 ttum
972 2649 1091 2676 colorem
1119 2648 1264 2676 confestim
1290 2649 1457 2684 resumpsit,
1480 2648 1596 2676 det‘ormi
1619 2648 1668 2675 illo

877 2694 1000 2729 exploso,
1014 2702 1046 2722 ac
1060 2694 1146 2722 forma
1160 2703 1207 2722 seu
1221 2694 1409 2730 magnitudine
1427 2703 1487 2730 qua:
1501 2695 1592 2722 tnultis
1602 2702 1666 2721 car-

879 2741 960 2767 nibus
984 2740 1150 2775 gravabatur
1175 2740 1293 2774 abjecta.
1314 2740 1346 2767 Et
1369 2748 1430 2775 qua:
1450 2741 1510 2768 sine
1526 2741 1666 2767 voluntate

880 2786 955 2812 foras
981 2789 1057 2812 extra
1079 2786 1175 2812 dentes
1196 2786 1355 2818 eminebat,
1375 2785 1532 2821 huiusmodi
1555 2788 1666 2819 repente

879 2831 1037 2859 oblitterata
1053 2832 1263 2866 consuetudine.
1283 2839 1332 2860 nec
1347 2831 1499 2861 voluntarie
1510 2831 1667 2868 prominere
