  <div class='ocr_page' id='page_1' title='image "/cluster/home/n/w/nwhite01/storage/ocr_20150623/87, pt.3/njp.32101010943817/461.png"; bbox 0 0 1910 3078; ppageno 0'>
   <div class='ocr_carea' id='block_1_1' title="bbox 242 132 312 165">
    <p class='ocr_par' dir='ltr' id='par_1_1' title="bbox 242 132 312 165">
     <span class='ocr_line' id='line_1_1' title="bbox 242 132 312 165; baseline 0 -1"><span class='ocrx_word' id='word_1_1' title='bbox 242 132 312 165; x_wconf 75' lang='grc'><strong>3583</strong></span> 
     </span>
    </p>
   </div>
   <div class='ocr_carea' id='block_1_2' title="bbox 675 134 1422 167">
    <p class='ocr_par' dir='ltr' id='par_1_2' title="bbox 675 134 1422 167">
     <span class='ocr_line' id='line_1_2' title="bbox 675 134 1422 167; baseline -0.003 0"><span class='ocrx_word' id='word_1_2' title='bbox 675 136 706 166; x_wconf 91' lang='lat' dir='ltr'><strong>S.</strong></span> <span class='ocrx_word' id='word_1_3' title='bbox 719 136 927 167; x_wconf 82' lang='lat' dir='ltr'><strong>SOPHRONII</strong></span> <span class='ocrx_word' id='word_1_4' title='bbox 943 134 1198 167; x_wconf 67' lang='lat' dir='ltr'><strong>PATRIARCHxE</strong></span> <span class='ocrx_word' id='word_1_5' title='bbox 1218 134 1422 166; x_wconf 82' lang='lat' dir='ltr'><strong>HlEROSOL.</strong></span> 
     </span>
    </p>
   </div>
   <div class='ocr_carea' id='block_1_3' title="bbox 1809 134 1878 166">
    <p class='ocr_par' dir='ltr' id='par_1_3' title="bbox 1809 134 1878 166">
     <span class='ocr_line' id='line_1_3' title="bbox 1809 134 1878 166; baseline -0.014 0"><span class='ocrx_word' id='word_1_6' title='bbox 1809 134 1878 166; x_wconf 71' lang='lat' dir='ltr'><strong>358i</strong></span> 
     </span>
    </p>
   </div>
   <div class='ocr_carea' id='block_1_4' title="bbox 243 191 1036 230">
    <p class='ocr_par' dir='ltr' id='par_1_4' title="bbox 243 191 1030 230">
     <span class='ocr_line' id='line_1_4' title="bbox 243 191 1030 230; baseline 0.005 -13"><span class='ocrx_word' id='word_1_7' title='bbox 243 191 407 226; x_wconf 82' lang='lat' dir='ltr'><strong>patiebalur,</strong></span> <span class='ocrx_word' id='word_1_8' title='bbox 420 192 467 220; x_wconf 86' lang='lat' dir='ltr'><strong>sed</strong></span> <span class='ocrx_word' id='word_1_9' title='bbox 483 193 554 220; x_wconf 89' lang='lat' dir='ltr'><strong>intra</strong></span> <span class='ocrx_word' id='word_1_10' title='bbox 575 192 646 221; x_wconf 84' lang='lat' dir='ltr'><strong>labia</strong></span> <span class='ocrx_word' id='word_1_11' title='bbox 664 193 737 221; x_wconf 98' lang='lat' dir='ltr'><strong>sicut</strong></span> <span class='ocrx_word' id='word_1_12' title='bbox 764 194 791 221; x_wconf 93' lang='lat' dir='ltr'><strong>iu</strong></span> <span class='ocrx_word' id='word_1_13' title='bbox 813 195 924 230; x_wconf 87' lang='lat' dir='ltr'><strong>proprio</strong></span> <span class='ocrx_word' id='word_1_14' title='bbox 940 195 1030 222; x_wconf 78' lang='lat' dir='ltr'><strong>locata</strong></span> 
     </span>
    </p>
   </div>
   <div class='ocr_carea' id='block_1_5' title="bbox 1108 191 1880 230">
    <p class='ocr_par' dir='ltr' id='par_1_5' title="bbox 1108 192 1880 229">
     <span class='ocr_line' id='line_1_5' title="bbox 1108 192 1880 229; baseline 0.003 -11"><span class='ocrx_word' id='word_1_15' title='bbox 1108 201 1185 224; x_wconf 67' lang='lat' dir='ltr'><strong>an,</strong></span> <span class='ocrx_word' id='word_1_16' title='bbox 1204 192 1250 218; x_wconf 78' lang='grc' dir='ltr'>καὶ</span> <span class='ocrx_word' id='word_1_17' title='bbox 1271 193 1374 228; x_wconf 74' lang='grc' dir='ltr'>κόσμον</span> <span class='ocrx_word' id='word_1_18' title='bbox 1399 192 1572 220; x_wconf 76' lang='grc' dir='ltr'>ἀναλαϐοῦσα</span> <span class='ocrx_word' id='word_1_19' title='bbox 1597 193 1643 220; x_wconf 77' lang='grc' dir='ltr'>τῖιν</span> <span class='ocrx_word' id='word_1_20' title='bbox 1668 192 1811 229; x_wconf 79' lang='grc' dir='ltr'>πρότερον,</span> <span class='ocrx_word' id='word_1_21' title='bbox 1835 193 1880 220; x_wconf 78' lang='grc' dir='ltr'><strong>καὶ</strong></span> 
     </span>
    </p>
   </div>
   <div class='ocr_carea' id='block_1_6' title="bbox 242 238 1033 275">
    <p class='ocr_par' dir='ltr' id='par_1_6' title="bbox 242 238 1033 275">
     <span class='ocr_line' id='line_1_6' title="bbox 242 238 1033 275; baseline 0.005 -11"><span class='ocrx_word' id='word_1_22' title='bbox 242 238 374 271; x_wconf 76' lang='lat' dir='ltr'><strong>thalamo,</strong></span> <span class='ocrx_word' id='word_1_23' title='bbox 400 239 516 273; x_wconf 80' lang='lat' dir='ltr'><strong>priorem</strong></span> <span class='ocrx_word' id='word_1_24' title='bbox 536 244 662 266; x_wconf 85' lang='lat' dir='ltr'><strong>ornatum</strong></span> <span class='ocrx_word' id='word_1_25' title='bbox 685 241 845 275; x_wconf 85' lang='lat' dir='ltr'><strong>resumpsit.</strong></span> <span class='ocrx_word' id='word_1_26' title='bbox 865 240 897 268; x_wconf 86' lang='lat' dir='ltr'><strong>Et</strong></span> <span class='ocrx_word' id='word_1_27' title='bbox 917 249 979 269; x_wconf 91' lang='lat' dir='ltr'><strong>cum</strong></span> <span class='ocrx_word' id='word_1_28' title='bbox 993 241 1033 268; x_wconf 80' lang='lat' dir='ltr'><strong>fa-</strong></span> 
     </span>
    </p>
   </div>
   <div class='ocr_carea' id='block_1_7' title="bbox 241 285 1032 321">
    <p class='ocr_par' dir='ltr' id='par_1_7' title="bbox 241 285 1032 321">
     <span class='ocr_line' id='line_1_7' title="bbox 241 285 1032 321; baseline 0.008 -12"><span class='ocrx_word' id='word_1_29' title='bbox 241 289 315 311; x_wconf 71' lang='lat' dir='ltr'><strong>ceret</strong></span> <span class='ocrx_word' id='word_1_30' title='bbox 333 285 483 312; x_wconf 87' lang='lat' dir='ltr'><strong>secundum</strong></span> <span class='ocrx_word' id='word_1_31' title='bbox 497 290 624 312; x_wconf 77' lang='lat' dir='ltr'><strong>naturam</strong></span> <span class='ocrx_word' id='word_1_32' title='bbox 637 286 824 319; x_wconf 85' lang='lat' dir='ltr'><strong>operationem</strong></span> <span class='ocrx_word' id='word_1_33' title='bbox 849 294 939 321; x_wconf 87' lang='lat' dir='ltr'><strong>suam,</strong></span> <span class='ocrx_word' id='word_1_34' title='bbox 956 288 1032 316; x_wconf 90' lang='lat' dir='ltr'><strong>inco-</strong></span> 
     </span>
    </p>
   </div>
   <div class='ocr_carea' id='block_1_8' title="bbox 243 330 1031 369">
    <p class='ocr_par' dir='ltr' id='par_1_8' title="bbox 243 330 1031 369">
     <span class='ocr_line' id='line_1_8' title="bbox 243 330 1031 369; baseline 0.006 -13"><span class='ocrx_word' id='word_1_35' title='bbox 243 330 335 363; x_wconf 71' lang='lat' dir='ltr'><strong>gnitus</strong></span> <span class='ocrx_word' id='word_1_36' title='bbox 359 331 555 358; x_wconf 81' lang='lat' dir='ltr'><strong>ostendebatur</strong></span> <span class='ocrx_word' id='word_1_37' title='bbox 586 331 782 366; x_wconf 82' lang='lat' dir='ltr'><strong>propemodum</strong></span> <span class='ocrx_word' id='word_1_38' title='bbox 818 341 886 367; x_wconf 86' lang='lat' dir='ltr'><strong>puer</strong></span> <span class='ocrx_word' id='word_1_39' title='bbox 913 333 956 361; x_wconf 86' lang='lat' dir='ltr'><strong>his</strong></span> <span class='ocrx_word' id='word_1_40' title='bbox 984 335 1031 369; x_wconf 85' lang='lat' dir='ltr'><strong>qui</strong></span> 
     </span>
    </p>
   </div>
   <div class='ocr_carea' id='block_1_9' title="bbox 242 374 1031 411">
    <p class='ocr_par' dir='ltr' id='par_1_9' title="bbox 242 374 1031 411">
     <span class='ocr_line' id='line_1_9' title="bbox 242 374 1031 411; baseline 0.008 -11"><span class='ocrx_word' id='word_1_41' title='bbox 242 374 314 402; x_wconf 83' lang='lat' dir='ltr'><strong>hunc</strong></span> <span class='ocrx_word' id='word_1_42' title='bbox 330 381 392 402; x_wconf 84' lang='lat' dir='ltr'><strong>ante</strong></span> <span class='ocrx_word' id='word_1_43' title='bbox 406 376 547 411; x_wconf 83' lang='lat' dir='ltr'><strong>paululum</strong></span> <span class='ocrx_word' id='word_1_44' title='bbox 563 377 696 404; x_wconf 82' lang='lat' dir='ltr'><strong>viderant.</strong></span> <span class='ocrx_word' id='word_1_45' title='bbox 720 377 777 405; x_wconf 84' lang='lat' dir='ltr'><strong>Hoc</strong></span> <span class='ocrx_word' id='word_1_46' title='bbox 798 383 887 406; x_wconf 82' lang='lat' dir='ltr'><strong>autem</strong></span> <span class='ocrx_word' id='word_1_47' title='bbox 898 379 1031 406; x_wconf 73' lang='lat' dir='ltr'><strong>miraculo</strong></span> 
     </span>
    </p>
   </div>
   <div class='ocr_carea' id='block_1_10' title="bbox 241 421 1031 461">
    <p class='ocr_par' dir='ltr' id='par_1_10' title="bbox 241 421 1031 461">
     <span class='ocr_line' id='line_1_10' title="bbox 241 421 1031 461; baseline 0.009 -15"><span class='ocrx_word' id='word_1_48' title='bbox 241 421 323 452; x_wconf 77' lang='lat' dir='ltr'><strong>facto,</strong></span> <span class='ocrx_word' id='word_1_49' title='bbox 344 422 450 449; x_wconf 82' lang='lat' dir='ltr'><strong>clamor</strong></span> <span class='ocrx_word' id='word_1_50' title='bbox 470 423 567 458; x_wconf 73' lang='lat' dir='ltr'><strong>ingens</strong></span> <span class='ocrx_word' id='word_1_51' title='bbox 583 425 616 452; x_wconf 86' lang='lat' dir='ltr'><strong>ab</strong></span> <span class='ocrx_word' id='word_1_52' title='bbox 636 427 679 455; x_wconf 86' lang='lat' dir='ltr'><strong>his</strong></span> <span class='ocrx_word' id='word_1_53' title='bbox 699 427 745 461; x_wconf 89' lang='lat' dir='ltr'><strong>qui</strong></span> <span class='ocrx_word' id='word_1_54' title='bbox 763 427 844 453; x_wconf 87' lang='lat' dir='ltr'><strong>simul</strong></span> <span class='ocrx_word' id='word_1_55' title='bbox 864 427 1031 460; x_wconf 84' lang='lat' dir='ltr'><strong>jocabantur</strong></span> 
     </span>
    </p>
   </div>
   <div class='ocr_carea' id='block_1_11' title="bbox 241 467 1031 508">
    <p class='ocr_par' dir='ltr' id='par_1_11' title="bbox 241 467 1031 508">
     <span class='ocr_line' id='line_1_11' title="bbox 241 467 1031 508; baseline 0.011 -16"><span class='ocrx_word' id='word_1_56' title='bbox 241 467 333 500; x_wconf 80' lang='lat' dir='ltr'><strong>puclis</strong></span> <span class='ocrx_word' id='word_1_57' title='bbox 359 469 535 504; x_wconf 82' lang='lat' dir='ltr'><strong>exsurgebat,</strong></span> <span class='ocrx_word' id='word_1_58' title='bbox 563 476 587 497; x_wconf 84' lang='lat' dir='ltr'><strong>et</strong></span> <span class='ocrx_word' id='word_1_59' title='bbox 610 472 705 500; x_wconf 70' lang='lat' dir='ltr'><strong>Omnes</strong></span> <span class='ocrx_word' id='word_1_60' title='bbox 721 473 767 508; x_wconf 90' lang='lat' dir='ltr'><strong>qui</strong></span> <span class='ocrx_word' id='word_1_61' title='bbox 791 474 817 500; x_wconf 95' lang='lat' dir='ltr'><strong>iu</strong></span> <span class='ocrx_word' id='word_1_62' title='bbox 834 473 935 507; x_wconf 72' lang='lat' dir='ltr'><strong>templo</strong></span> <span class='ocrx_word' id='word_1_63' title='bbox 952 477 1031 500; x_wconf 84' lang='lat' dir='ltr'><strong>erant</strong></span> 
     </span>
    </p>
   </div>
   <div class='ocr_carea' id='block_1_12' title="bbox 239 512 1029 554">
    <p class='ocr_par' dir='ltr' id='par_1_12' title="bbox 239 512 1029 554">
     <span class='ocr_line' id='line_1_12' title="bbox 239 512 1029 554; baseline 0.01 -16"><span class='ocrx_word' id='word_1_64' title='bbox 239 512 273 539; x_wconf 81' lang='lat' dir='ltr'><strong>ad</strong></span> <span class='ocrx_word' id='word_1_65' title='bbox 294 513 428 541; x_wconf 87' lang='lat' dir='ltr'><strong>visionem</strong></span> <span class='ocrx_word' id='word_1_66' title='bbox 452 518 662 551; x_wconf 80' lang='lat' dir='ltr'><strong>conveniebant,</strong></span> <span class='ocrx_word' id='word_1_67' title='bbox 688 520 734 553; x_wconf 87' lang='lat' dir='ltr'><strong>qui</strong></span> <span class='ocrx_word' id='word_1_68' title='bbox 759 519 791 546; x_wconf 88' lang='lat' dir='ltr'><strong>ad</strong></span> <span class='ocrx_word' id='word_1_69' title='bbox 812 524 948 554; x_wconf 85' lang='lat' dir='ltr'><strong>patratum</strong></span> <span class='ocrx_word' id='word_1_70' title='bbox 962 526 1029 546; x_wconf 86' lang='lat' dir='ltr'><strong>con-</strong></span> 
     </span>
    </p>
   </div>
   <div class='ocr_carea' id='block_1_13' title="bbox 239 561 1028 599">
    <p class='ocr_par' dir='ltr' id='par_1_13' title="bbox 239 561 1028 599">
     <span class='ocr_line' id='line_1_13' title="bbox 239 561 1028 599; baseline 0.009 -14"><span class='ocrx_word' id='word_1_71' title='bbox 239 561 353 586; x_wconf 65' lang='lat' dir='ltr'><strong>sternati</strong></span> <span class='ocrx_word' id='word_1_72' title='bbox 369 561 535 596; x_wconf 78' lang='lat' dir='ltr'><strong>prodigium,</strong></span> <span class='ocrx_word' id='word_1_73' title='bbox 552 568 579 590; x_wconf 88' lang='lat' dir='ltr'><strong>et</strong></span> <span class='ocrx_word' id='word_1_74' title='bbox 600 570 712 591; x_wconf 86' lang='lat' dir='ltr'><strong>sanctos</strong></span> <span class='ocrx_word' id='word_1_75' title='bbox 724 565 850 593; x_wconf 78' lang='lat' dir='ltr'><strong>laudibus</strong></span> <span class='ocrx_word' id='word_1_76' title='bbox 859 566 1028 599; x_wconf 76' lang='lat' dir='ltr'><strong>extulerunt,</strong></span> 
     </span>
    </p>
   </div>
   <div class='ocr_carea' id='block_1_14' title="bbox 237 606 1026 645">
    <p class='ocr_par' dir='ltr' id='par_1_14' title="bbox 237 606 1026 645">
     <span class='ocr_line' id='line_1_14' title="bbox 237 606 1026 645; baseline 0.009 -14"><span class='ocrx_word' id='word_1_77' title='bbox 237 610 264 631; x_wconf 79' lang='lat' dir='ltr'><strong>et</strong></span> <span class='ocrx_word' id='word_1_78' title='bbox 276 606 391 640; x_wconf 84' lang='lat' dir='ltr'><strong>positam</strong></span> <span class='ocrx_word' id='word_1_79' title='bbox 403 607 429 634; x_wconf 91' lang='lat' dir='ltr'><strong>in</strong></span> <span class='ocrx_word' id='word_1_80' title='bbox 440 608 595 644; x_wconf 78' lang='lat' dir='ltr'><strong>Evangeliis</strong></span> <span class='ocrx_word' id='word_1_81' title='bbox 607 610 640 637; x_wconf 84' lang='lat' dir='ltr'><strong>de</strong></span> <span class='ocrx_word' id='word_1_82' title='bbox 648 610 797 639; x_wconf 84' lang='lat' dir='ltr'><strong>Salvatoris</strong></span> <span class='ocrx_word' id='word_1_83' title='bbox 805 612 911 639; x_wconf 74' lang='lat' dir='ltr'><strong>actibus</strong></span> <span class='ocrx_word' id='word_1_84' title='bbox 922 620 1026 645; x_wconf 77' lang='lat' dir='ltr'><strong>mrem,</strong></span> 
     </span>
    </p>
   </div>
   <div class='ocr_carea' id='block_1_15' title="bbox 239 651 1027 690">
    <p class='ocr_par' dir='ltr' id='par_1_15' title="bbox 239 651 1027 690">
     <span class='ocr_line' id='line_1_15' title="bbox 239 651 1027 690; baseline 0.01 -14"><span class='ocrx_word' id='word_1_85' title='bbox 239 659 337 685; x_wconf 71' lang='lat' dir='ltr'><strong>magna</strong></span> <span class='ocrx_word' id='word_1_86' title='bbox 362 651 558 680; x_wconf 73' lang='lat' dir='ltr'><strong>vociferatione</strong></span> <span class='ocrx_word' id='word_1_87' title='bbox 574 655 705 682; x_wconf 86' lang='lat' dir='ltr'><strong>miserunt</strong></span> <span class='ocrx_word' id='word_1_88' title='bbox 721 665 726 683; x_wconf 91' lang='lat'>:</span> <span class='ocrx_word' id='word_1_89' title='bbox 745 655 879 688; x_wconf 81' lang='lat' dir='ltr'><strong>Vidimus,</strong></span> <span class='ocrx_word' id='word_1_90' title='bbox 892 657 1027 690; x_wconf 74' lang='lat' dir='ltr'><strong>dicentes,</strong></span> 
     </span>
    </p>
   </div>
   <div class='ocr_carea' id='block_1_16' title="bbox 239 697 1027 738">
    <p class='ocr_par' dir='ltr' id='par_1_16' title="bbox 239 697 1027 738">
     <span class='ocr_line' id='line_1_16' title="bbox 239 697 1027 738; baseline 0.01 -17"><span class='ocrx_word' id='word_1_91' title='bbox 239 697 376 724; x_wconf 77' lang='lat' dir='ltr'><strong>mirabilia</strong></span> <span class='ocrx_word' id='word_1_92' title='bbox 408 698 487 726; x_wconf 87' lang='lat' dir='ltr'><strong>lmdie</strong></span> <span class='ocrx_word' id='word_1_93' title='bbox 513 708 521 732; x_wconf 93' lang='lat'><strong>;</strong></span> <span class='ocrx_word' id='word_1_94' title='bbox 551 700 748 736; x_wconf 66' lang='lat' dir='ltr'><strong>Christumque</strong></span> <span class='ocrx_word' id='word_1_95' title='bbox 775 703 876 736; x_wconf 79' lang='lat' dir='ltr'><strong>ipsum,</strong></span> <span class='ocrx_word' id='word_1_96' title='bbox 910 703 956 737; x_wconf 94' lang='lat' dir='ltr'><strong>qui</strong></span> <span class='ocrx_word' id='word_1_97' title='bbox 980 711 1027 738; x_wconf 88' lang='lat' dir='ltr'><strong>per</strong></span> 
     </span>
    </p>
   </div>
   <div class='ocr_carea' id='block_1_17' title="bbox 238 743 1027 784">
    <p class='ocr_par' dir='ltr' id='par_1_17' title="bbox 238 743 1027 784">
     <span class='ocr_line' id='line_1_17' title="bbox 238 743 1027 784; baseline 0.01 -16"><span class='ocrx_word' id='word_1_98' title='bbox 238 743 348 770; x_wconf 78' lang='lat' dir='ltr'><strong>easdem</strong></span> <span class='ocrx_word' id='word_1_99' title='bbox 363 749 473 772; x_wconf 84' lang='lat' dir='ltr'><strong>sanctos</strong></span> <span class='ocrx_word' id='word_1_100' title='bbox 495 746 656 773; x_wconf 81' lang='lat' dir='ltr'><strong>miraculum</strong></span> <span class='ocrx_word' id='word_1_101' title='bbox 675 753 811 782; x_wconf 78' lang='lat' dir='ltr'><strong>gesserat,</strong></span> <span class='ocrx_word' id='word_1_102' title='bbox 826 749 1027 784; x_wconf 70' lang='lat' dir='ltr'><strong>glorificabaut,</strong></span> 
     </span>
    </p>
   </div>
   <div class='ocr_carea' id='block_1_18' title="bbox 237 789 1026 830">
    <p class='ocr_par' dir='ltr' id='par_1_18' title="bbox 237 789 1026 830">
     <span class='ocr_line' id='line_1_18' title="bbox 237 789 1026 830; baseline 0.01 -15"><span class='ocrx_word' id='word_1_103' title='bbox 237 792 264 815; x_wconf 90' lang='lat' dir='ltr'><strong>et</strong></span> <span class='ocrx_word' id='word_1_104' title='bbox 280 789 349 816; x_wconf 82' lang='lat' dir='ltr'><strong>bene</strong></span> <span class='ocrx_word' id='word_1_105' title='bbox 369 790 402 817; x_wconf 86' lang='lat' dir='ltr'><strong>de</strong></span> <span class='ocrx_word' id='word_1_106' title='bbox 416 793 533 819; x_wconf 88' lang='lat' dir='ltr'><strong>sanitate</strong></span> <span class='ocrx_word' id='word_1_107' title='bbox 551 794 722 828; x_wconf 82' lang='lat' dir='ltr'><strong>propriarum</strong></span> <span class='ocrx_word' id='word_1_108' title='bbox 747 796 905 830; x_wconf 80' lang='lat' dir='ltr'><strong>passionum</strong></span> <span class='ocrx_word' id='word_1_109' title='bbox 934 804 1026 830; x_wconf 85' lang='lat' dir='ltr'><strong>spera-</strong></span> 
     </span>
    </p>
   </div>
   <div class='ocr_carea' id='block_1_19' title="bbox 237 834 1026 876">
    <p class='ocr_par' dir='ltr' id='par_1_19' title="bbox 237 834 1026 876">
     <span class='ocr_line' id='line_1_19' title="bbox 237 834 1026 876; baseline 0.011 -16"><span class='ocrx_word' id='word_1_110' title='bbox 237 835 313 861; x_wconf 83' lang='lat' dir='ltr'><strong>bant.</strong></span> <span class='ocrx_word' id='word_1_111' title='bbox 330 834 414 863; x_wconf 83' lang='lat' dir='ltr'><strong>Porro</strong></span> <span class='ocrx_word' id='word_1_112' title='bbox 431 845 480 865; x_wconf 87' lang='lat' dir='ltr'><strong>nos</strong></span> <span class='ocrx_word' id='word_1_113' title='bbox 493 838 659 866; x_wconf 86' lang='lat' dir='ltr'><strong>mirabilium</strong></span> <span class='ocrx_word' id='word_1_114' title='bbox 674 840 755 868; x_wconf 85' lang='lat' dir='ltr'><strong>hodie</strong></span> <span class='ocrx_word' id='word_1_115' title='bbox 771 841 909 868; x_wconf 80' lang='lat' dir='ltr'><strong>auditores</strong></span> <span class='ocrx_word' id='word_1_116' title='bbox 925 841 1026 876; x_wconf 78' lang='lat' dir='ltr'><strong>eﬂ&#39;ecti,</strong></span> 
     </span>
    </p>
   </div>
   <div class='ocr_carea' id='block_1_20' title="bbox 236 879 1025 920">
    <p class='ocr_par' dir='ltr' id='par_1_20' title="bbox 236 879 1025 920">
     <span class='ocr_line' id='line_1_20' title="bbox 236 879 1025 920; baseline 0.009 -13"><span class='ocrx_word' id='word_1_117' title='bbox 236 879 389 915; x_wconf 85' lang='lat' dir='ltr'><strong>horumque</strong></span> <span class='ocrx_word' id='word_1_118' title='bbox 411 883 546 916; x_wconf 88' lang='lat' dir='ltr'><strong>operariis</strong></span> <span class='ocrx_word' id='word_1_119' title='bbox 566 883 657 919; x_wconf 76' lang='lat' dir='ltr'><strong>dignis</strong></span> <span class='ocrx_word' id='word_1_120' title='bbox 676 885 783 920; x_wconf 78' lang='lat' dir='ltr'><strong>hymnis</strong></span> <span class='ocrx_word' id='word_1_121' title='bbox 805 887 895 920; x_wconf 82' lang='lat' dir='ltr'><strong>elatis,</strong></span> <span class='ocrx_word' id='word_1_122' title='bbox 909 887 1025 914; x_wconf 87' lang='lat' dir='ltr'><strong>aliorum</strong></span> 
     </span>
    </p>
   </div>
   <div class='ocr_carea' id='block_1_21' title="bbox 237 927 746 966">
    <p class='ocr_par' dir='ltr' id='par_1_21' title="bbox 237 927 746 966">
     <span class='ocr_line' id='line_1_21' title="bbox 237 927 746 966; baseline 0.012 -13"><span class='ocrx_word' id='word_1_123' title='bbox 237 927 404 955; x_wconf 90' lang='lat' dir='ltr'><strong>mirabilium</strong></span> <span class='ocrx_word' id='word_1_124' title='bbox 430 929 578 957; x_wconf 86' lang='lat' dir='ltr'><strong>etliciamur</strong></span> <span class='ocrx_word' id='word_1_125' title='bbox 595 938 746 966; x_wconf 70' lang='lat' dir='ltr'><strong>prazcones.</strong></span> 
     </span>
    </p>
   </div>
   <div class='ocr_carea' id='block_1_22' title="bbox 322 1006 937 1048">
    <p class='ocr_par' dir='ltr' id='par_1_22' title="bbox 322 1006 937 1048">
     <span class='ocr_line' id='line_1_22' title="bbox 322 1006 937 1048; baseline 0.013 -15"><span class='ocrx_word' id='word_1_126' title='bbox 322 1006 403 1034; x_wconf 76' lang='lat' dir='ltr'><strong>XLII.</strong></span> <span class='ocrx_word' id='word_1_127' title='bbox 425 1007 463 1036; x_wconf 81' lang='lat' dir='ltr'><strong>De</strong></span> <span class='ocrx_word' id='word_1_128' title='bbox 479 1008 598 1045; x_wconf 81' lang='lat' dir='ltr'><strong>Eugenio</strong></span> <span class='ocrx_word' id='word_1_129' title='bbox 622 1016 758 1046; x_wconf 85' lang='lat' dir='ltr'><strong>geometra</strong></span> <span class='ocrx_word' id='word_1_130' title='bbox 781 1012 937 1048; x_wconf 82' lang='lat' dir='ltr'><strong>hydropico.</strong></span> 
     </span>
    </p>
   </div>
   <div class='ocr_carea' id='block_1_23' title="bbox 272 1105 1028 1148">
    <p class='ocr_par' dir='ltr' id='par_1_23' title="bbox 272 1105 1028 1148">
     <span class='ocr_line' id='line_1_23' title="bbox 272 1105 1028 1148; baseline 0.013 -15"><span class='ocrx_word' id='word_1_131' title='bbox 272 1105 308 1134; x_wconf 90' lang='lat' dir='ltr'><strong>De</strong></span> <span class='ocrx_word' id='word_1_132' title='bbox 318 1114 381 1135; x_wconf 88' lang='lat' dir='ltr'><strong>rure</strong></span> <span class='ocrx_word' id='word_1_133' title='bbox 397 1109 475 1136; x_wconf 89' lang='lat' dir='ltr'><strong>nobis</strong></span> <span class='ocrx_word' id='word_1_134' title='bbox 487 1114 626 1145; x_wconf 74' lang='lat' dir='ltr'><strong>geometra</strong></span> <span class='ocrx_word' id='word_1_135' title='bbox 638 1111 712 1140; x_wconf 86' lang='lat' dir='ltr'><strong>venit</strong></span> <span class='ocrx_word' id='word_1_136' title='bbox 724 1111 875 1148; x_wconf 79' lang='lat' dir='ltr'><strong>Eugenius.</strong></span> <span class='ocrx_word' id='word_1_137' title='bbox 889 1114 934 1148; x_wconf 91' lang='lat' dir='ltr'><strong>qui</strong></span> <span class='ocrx_word' id='word_1_138' title='bbox 947 1122 1028 1143; x_wconf 88' lang='lat' dir='ltr'><strong>omne</strong></span> 
     </span>
    </p>
   </div>
   <div class='ocr_carea' id='block_1_24' title="bbox 235 1154 1027 1192">
    <p class='ocr_par' dir='ltr' id='par_1_24' title="bbox 235 1154 1027 1192">
     <span class='ocr_line' id='line_1_24' title="bbox 235 1154 1027 1192; baseline 0.011 -13"><span class='ocrx_word' id='word_1_139' title='bbox 235 1154 346 1188; x_wconf 88' lang='lat' dir='ltr'><strong>quidem</strong></span> <span class='ocrx_word' id='word_1_140' title='bbox 372 1163 483 1184; x_wconf 89' lang='lat' dir='ltr'><strong>mensus</strong></span> <span class='ocrx_word' id='word_1_141' title='bbox 508 1161 549 1185; x_wconf 88' lang='lat' dir='ltr'><strong>est</strong></span> <span class='ocrx_word' id='word_1_142' title='bbox 568 1166 676 1192; x_wconf 87' lang='lat' dir='ltr'><strong>arvum,</strong></span> <span class='ocrx_word' id='word_1_143' title='bbox 698 1164 820 1187; x_wconf 85' lang='lat' dir='ltr'><strong>ventrem</strong></span> <span class='ocrx_word' id='word_1_144' title='bbox 842 1165 931 1188; x_wconf 86' lang='lat' dir='ltr'><strong>autem</strong></span> <span class='ocrx_word' id='word_1_145' title='bbox 948 1170 1027 1190; x_wconf 88' lang='lat' dir='ltr'><strong>suum</strong></span> 
     </span>
    </p>
   </div>
   <div class='ocr_carea' id='block_1_25' title="bbox 236 1199 1028 1239">
    <p class='ocr_par' dir='ltr' id='par_1_25' title="bbox 236 1199 1028 1239">
     <span class='ocr_line' id='line_1_25' title="bbox 236 1199 1028 1239; baseline 0.011 -15"><span class='ocrx_word' id='word_1_146' title='bbox 236 1199 325 1226; x_wconf 86' lang='lat' dir='ltr'><strong>metiri</strong></span> <span class='ocrx_word' id='word_1_147' title='bbox 351 1208 403 1228; x_wconf 90' lang='lat' dir='ltr'><strong>non</strong></span> <span class='ocrx_word' id='word_1_148' title='bbox 430 1202 527 1235; x_wconf 88' lang='lat' dir='ltr'><strong>potuit,</strong></span> <span class='ocrx_word' id='word_1_149' title='bbox 558 1203 603 1238; x_wconf 91' lang='lat' dir='ltr'><strong>qui</strong></span> <span class='ocrx_word' id='word_1_150' title='bbox 616 1212 648 1231; x_wconf 81' lang='lat' dir='ltr'><strong>ex</strong></span> <span class='ocrx_word' id='word_1_151' title='bbox 674 1205 791 1239; x_wconf 88' lang='lat' dir='ltr'><strong>quadam</strong></span> <span class='ocrx_word' id='word_1_152' title='bbox 817 1205 926 1232; x_wconf 88' lang='lat' dir='ltr'><strong>lmmida</strong></span> <span class='ocrx_word' id='word_1_153' title='bbox 953 1207 979 1234; x_wconf 92' lang='lat' dir='ltr'><strong>in</strong></span> <span class='ocrx_word' id='word_1_154' title='bbox 998 1215 1028 1234; x_wconf 83' lang='lat' dir='ltr'><strong>se</strong></span> 
     </span>
    </p>
   </div>
   <div class='ocr_carea' id='block_1_26' title="bbox 235 1242 1026 1282">
    <p class='ocr_par' dir='ltr' id='par_1_26' title="bbox 235 1242 1026 1282">
     <span class='ocr_line' id='line_1_26' title="bbox 235 1242 1026 1282; baseline 0.01 -12"><span class='ocrx_word' id='word_1_155' title='bbox 235 1243 349 1271; x_wconf 87' lang='lat' dir='ltr'><strong>collecta</strong></span> <span class='ocrx_word' id='word_1_156' title='bbox 369 1246 523 1274; x_wconf 83' lang='lat' dir='ltr'><strong>substantia</strong></span> <span class='ocrx_word' id='word_1_157' title='bbox 549 1253 682 1282; x_wconf 79' lang='lat' dir='ltr'><strong>creverat,</strong></span> <span class='ocrx_word' id='word_1_158' title='bbox 704 1257 757 1276; x_wconf 92' lang='lat' dir='ltr'><strong>non</strong></span> <span class='ocrx_word' id='word_1_159' title='bbox 775 1242 897 1278; x_wconf 84' lang='lat' dir='ltr'><strong>imitatus</strong></span> <span class='ocrx_word' id='word_1_160' title='bbox 910 1251 1026 1278; x_wconf 88' lang='lat' dir='ltr'><strong>ruralem</strong></span> 
     </span>
    </p>
   </div>
   <div class='ocr_carea' id='block_1_27' title="bbox 236 1292 1028 1332">
    <p class='ocr_par' dir='ltr' id='par_1_27' title="bbox 236 1292 1028 1332">
     <span class='ocr_line' id='line_1_27' title="bbox 236 1292 1028 1332; baseline 0.009 -15"><span class='ocrx_word' id='word_1_161' title='bbox 236 1295 263 1317; x_wconf 82' lang='lat' dir='ltr'><strong>et</strong></span> <span class='ocrx_word' id='word_1_162' title='bbox 279 1292 475 1319; x_wconf 85' lang='lat' dir='ltr'><strong>numerabilem</strong></span> <span class='ocrx_word' id='word_1_163' title='bbox 500 1295 727 1328; x_wconf 80' lang='lat' dir='ltr'><strong>magnitudinem,</strong></span> <span class='ocrx_word' id='word_1_164' title='bbox 752 1296 799 1323; x_wconf 84' lang='lat' dir='ltr'><strong>sed</strong></span> <span class='ocrx_word' id='word_1_165' title='bbox 820 1298 1028 1332; x_wconf 85' lang='lat' dir='ltr'><strong>incomprehen-</strong></span> 
     </span>
    </p>
   </div>
   <div class='ocr_carea' id='block_1_28' title="bbox 236 1337 1027 1376">
    <p class='ocr_par' dir='ltr' id='par_1_28' title="bbox 236 1337 1027 1376">
     <span class='ocr_line' id='line_1_28' title="bbox 236 1337 1027 1376; baseline 0.01 -13"><span class='ocrx_word' id='word_1_166' title='bbox 236 1337 355 1370; x_wconf 86' lang='lat' dir='ltr'><strong>sibilem,</strong></span> <span class='ocrx_word' id='word_1_167' title='bbox 377 1342 404 1365; x_wconf 88' lang='lat' dir='ltr'><strong>et</strong></span> <span class='ocrx_word' id='word_1_168' title='bbox 420 1339 491 1366; x_wconf 91' lang='lat' dir='ltr'><strong>mole</strong></span> <span class='ocrx_word' id='word_1_169' title='bbox 511 1340 684 1376; x_wconf 78' lang='lat' dir='ltr'><strong>maximoque</strong></span> <span class='ocrx_word' id='word_1_170' title='bbox 700 1345 808 1369; x_wconf 88' lang='lat' dir='ltr'><strong>tumore</strong></span> <span class='ocrx_word' id='word_1_171' title='bbox 834 1343 933 1370; x_wconf 80' lang='lat' dir='ltr'><strong>factam</strong></span> <span class='ocrx_word' id='word_1_172' title='bbox 948 1352 1027 1371; x_wconf 91' lang='lat' dir='ltr'><strong>mon-</strong></span> 
     </span>
    </p>
   </div>
   <div class='ocr_carea' id='block_1_29' title="bbox 237 1382 1026 1424">
    <p class='ocr_par' dir='ltr' id='par_1_29' title="bbox 237 1382 1026 1424">
     <span class='ocr_line' id='line_1_29' title="bbox 237 1382 1026 1424; baseline 0.011 -16"><span class='ocrx_word' id='word_1_173' title='bbox 237 1382 312 1410; x_wconf 88' lang='lat' dir='ltr'><strong>tibus</strong></span> <span class='ocrx_word' id='word_1_174' title='bbox 328 1383 443 1411; x_wconf 85' lang='lat' dir='ltr'><strong>similem</strong></span> <span class='ocrx_word' id='word_1_175' title='bbox 458 1385 662 1413; x_wconf 87' lang='lat' dir='ltr'><strong>celsitudinem.</strong></span> <span class='ocrx_word' id='word_1_176' title='bbox 675 1386 817 1416; x_wconf 83' lang='lat' dir='ltr'><strong>Demeusis</strong></span> <span class='ocrx_word' id='word_1_177' title='bbox 829 1394 920 1415; x_wconf 78' lang='lat' dir='ltr'><strong>autem</strong></span> <span class='ocrx_word' id='word_1_178' title='bbox 940 1391 1026 1424; x_wconf 82' lang='lat' dir='ltr'><strong>preci-</strong></span> 
     </span>
    </p>
   </div>
   <div class='ocr_carea' id='block_1_30' title="bbox 237 1429 1027 1465">
    <p class='ocr_par' dir='ltr' id='par_1_30' title="bbox 237 1429 1027 1465">
     <span class='ocr_line' id='line_1_30' title="bbox 237 1429 1027 1465; baseline 0.013 -9"><span class='ocrx_word' id='word_1_179' title='bbox 237 1429 290 1457; x_wconf 89' lang='lat' dir='ltr'><strong>bus</strong></span> <span class='ocrx_word' id='word_1_180' title='bbox 306 1431 401 1463; x_wconf 88' lang='lat' dir='ltr'><strong>utitur,</strong></span> <span class='ocrx_word' id='word_1_181' title='bbox 416 1431 487 1459; x_wconf 88' lang='lat' dir='ltr'><strong>inter</strong></span> <span class='ocrx_word' id='word_1_182' title='bbox 499 1438 658 1461; x_wconf 87' lang='lat' dir='ltr'><strong>sanctorum</strong></span> <span class='ocrx_word' id='word_1_183' title='bbox 681 1435 774 1462; x_wconf 79' lang='lat' dir='ltr'><strong>volens</strong></span> <span class='ocrx_word' id='word_1_184' title='bbox 787 1438 926 1464; x_wconf 88' lang='lat' dir='ltr'><strong>numerari</strong></span> <span class='ocrx_word' id='word_1_185' title='bbox 943 1439 1027 1465; x_wconf 87' lang='lat' dir='ltr'><strong>mira-</strong></span> 
     </span>
    </p>
   </div>
   <div class='ocr_carea' id='block_1_31' title="bbox 237 1477 1026 1518">
    <p class='ocr_par' dir='ltr' id='par_1_31' title="bbox 237 1477 1026 1518">
     <span class='ocr_line' id='line_1_31' title="bbox 237 1477 1026 1518; baseline 0.01 -14"><span class='ocrx_word' id='word_1_186' title='bbox 237 1477 298 1504; x_wconf 85' lang='lat' dir='ltr'><strong>cula</strong></span> <span class='ocrx_word' id='word_1_187' title='bbox 321 1486 327 1509; x_wconf 83' lang='lat'><strong>;</strong></span> <span class='ocrx_word' id='word_1_188' title='bbox 347 1485 470 1513; x_wconf 80' lang='lat' dir='ltr'><strong>magnam</strong></span> <span class='ocrx_word' id='word_1_189' title='bbox 491 1480 591 1515; x_wconf 87' lang='lat' dir='ltr'><strong>quippe</strong></span> <span class='ocrx_word' id='word_1_190' title='bbox 606 1481 655 1508; x_wconf 87' lang='lat' dir='ltr'><strong>hoc</strong></span> <span class='ocrx_word' id='word_1_191' title='bbox 671 1489 732 1510; x_wconf 87' lang='lat' dir='ltr'><strong>esse</strong></span> <span class='ocrx_word' id='word_1_192' title='bbox 753 1483 914 1518; x_wconf 74' lang='lat' dir='ltr'><strong>dignitatem</strong></span> <span class='ocrx_word' id='word_1_193' title='bbox 929 1485 1026 1512; x_wconf 80' lang='lat' dir='ltr'><strong>existi-</strong></span> 
     </span>
    </p>
   </div>
   <div class='ocr_carea' id='block_1_32' title="bbox 237 1522 1026 1563">
    <p class='ocr_par' dir='ltr' id='par_1_32' title="bbox 237 1522 1026 1563">
     <span class='ocr_line' id='line_1_32' title="bbox 237 1522 1026 1563; baseline 0.013 -16"><span class='ocrx_word' id='word_1_194' title='bbox 237 1529 326 1554; x_wconf 87' lang='lat' dir='ltr'><strong>mans,</strong></span> <span class='ocrx_word' id='word_1_195' title='bbox 343 1522 445 1550; x_wconf 89' lang='lat' dir='ltr'><strong>idcirco</strong></span> <span class='ocrx_word' id='word_1_196' title='bbox 458 1528 486 1550; x_wconf 89' lang='lat' dir='ltr'><strong>ut</strong></span> <span class='ocrx_word' id='word_1_197' title='bbox 499 1525 549 1551; x_wconf 89' lang='lat' dir='ltr'><strong>hac</strong></span> <span class='ocrx_word' id='word_1_198' title='bbox 565 1526 640 1552; x_wconf 83' lang='lat' dir='ltr'><strong>ﬁeret</strong></span> <span class='ocrx_word' id='word_1_199' title='bbox 651 1526 750 1561; x_wconf 84' lang='lat' dir='ltr'><strong>dignus</strong></span> <span class='ocrx_word' id='word_1_200' title='bbox 767 1529 920 1563; x_wconf 88' lang='lat' dir='ltr'><strong>proposuit.</strong></span> <span class='ocrx_word' id='word_1_201' title='bbox 936 1529 962 1556; x_wconf 93' lang='lat' dir='ltr'><strong>In</strong></span> <span class='ocrx_word' id='word_1_202' title='bbox 976 1531 1026 1557; x_wconf 89' lang='lat' dir='ltr'><strong>hoc</strong></span> 
     </span>
    </p>
   </div>
   <div class='ocr_carea' id='block_1_33' title="bbox 237 1566 1029 1610">
    <p class='ocr_par' dir='ltr' id='par_1_33' title="bbox 237 1566 1029 1610">
     <span class='ocr_line' id='line_1_33' title="bbox 237 1566 1029 1610; baseline 0.014 -17"><span class='ocrx_word' id='word_1_203' title='bbox 237 1566 297 1601; x_wconf 88' lang='lat' dir='ltr'><strong>ipso</strong></span> <span class='ocrx_word' id='word_1_204' title='bbox 322 1573 413 1595; x_wconf 86' lang='lat' dir='ltr'><strong>autem</strong></span> <span class='ocrx_word' id='word_1_205' title='bbox 437 1574 464 1597; x_wconf 87' lang='lat' dir='ltr'><strong>et</strong></span> <span class='ocrx_word' id='word_1_206' title='bbox 488 1571 607 1605; x_wconf 78' lang='lat' dir='ltr'><strong>qualiter</strong></span> <span class='ocrx_word' id='word_1_207' title='bbox 633 1579 663 1600; x_wconf 86' lang='lat' dir='ltr'><strong>se</strong></span> <span class='ocrx_word' id='word_1_208' title='bbox 690 1573 802 1601; x_wconf 82' lang='lat' dir='ltr'><strong>haberet</strong></span> <span class='ocrx_word' id='word_1_209' title='bbox 828 1577 966 1610; x_wconf 83' lang='lat' dir='ltr'><strong>correptio</strong></span> <span class='ocrx_word' id='word_1_210' title='bbox 982 1577 1029 1604; x_wconf 83' lang='lat' dir='ltr'><strong>de-</strong></span> 
     </span>
    </p>
   </div>
   <div class='ocr_carea' id='block_1_34' title="bbox 236 1618 1030 1656">
    <p class='ocr_par' dir='ltr' id='par_1_34' title="bbox 236 1618 1030 1656">
     <span class='ocr_line' id='line_1_34' title="bbox 236 1618 1030 1656; baseline 0.011 -15"><span class='ocrx_word' id='word_1_211' title='bbox 236 1619 406 1649; x_wconf 89' lang='lat' dir='ltr'><strong>monstrans,</strong></span> <span class='ocrx_word' id='word_1_212' title='bbox 419 1621 525 1644; x_wconf 81' lang='lat' dir='ltr'><strong>sextum</strong></span> <span class='ocrx_word' id='word_1_213' title='bbox 536 1625 596 1646; x_wconf 89' lang='lat' dir='ltr'><strong>sese</strong></span> <span class='ocrx_word' id='word_1_214' title='bbox 618 1618 687 1647; x_wconf 89' lang='lat' dir='ltr'><strong>inter</strong></span> <span class='ocrx_word' id='word_1_215' title='bbox 703 1620 896 1656; x_wconf 66' lang='lat' dir='ltr'><strong>Egypliorum</strong></span> <span class='ocrx_word' id='word_1_216' title='bbox 915 1623 1030 1650; x_wconf 77' lang='lat' dir='ltr'><strong>adduxit</strong></span> 
     </span>
    </p>
   </div>
   <div class='ocr_carea' id='block_1_35' title="bbox 236 1659 1031 1703">
    <p class='ocr_par' dir='ltr' id='par_1_35' title="bbox 236 1659 1031 1703">
     <span class='ocr_line' id='line_1_35' title="bbox 236 1659 1031 1703; baseline 0.013 -17"><span class='ocrx_word' id='word_1_217' title='bbox 236 1664 264 1687; x_wconf 89' lang='lat' dir='ltr'><strong>et</strong></span> <span class='ocrx_word' id='word_1_218' title='bbox 277 1659 423 1697; x_wconf 86' lang='lat' dir='ltr'><strong>Libyorum</strong></span> <span class='ocrx_word' id='word_1_219' title='bbox 437 1664 752 1701; x_wconf 77' lang='lat' dir='ltr'><strong>narrationes,pra:dicti</strong></span> <span class='ocrx_word' id='word_1_220' title='bbox 767 1669 872 1695; x_wconf 91' lang='lat' dir='ltr'><strong>numeri</strong></span> <span class='ocrx_word' id='word_1_221' title='bbox 885 1668 1031 1703; x_wconf 80' lang='lat' dir='ltr'><strong>perfectio-</strong></span> 
     </span>
    </p>
   </div>
   <div class='ocr_carea' id='block_1_36' title="bbox 238 1705 1029 1748">
    <p class='ocr_par' dir='ltr' id='par_1_36' title="bbox 238 1705 1029 1748">
     <span class='ocr_line' id='line_1_36' title="bbox 238 1705 1029 1748; baseline 0.013 -17"><span class='ocrx_word' id='word_1_222' title='bbox 238 1713 299 1733; x_wconf 86' lang='lat' dir='ltr'><strong>nem</strong></span> <span class='ocrx_word' id='word_1_223' title='bbox 315 1705 466 1741; x_wconf 82' lang='lat' dir='ltr'><strong>.Idmirans,</strong></span> <span class='ocrx_word' id='word_1_224' title='bbox 485 1714 512 1736; x_wconf 90' lang='lat' dir='ltr'><strong>et</strong></span> <span class='ocrx_word' id='word_1_225' title='bbox 528 1709 600 1738; x_wconf 86' lang='lat' dir='ltr'><strong>hunc</strong></span> <span class='ocrx_word' id='word_1_226' title='bbox 618 1716 760 1747; x_wconf 86' lang='lat' dir='ltr'><strong>propterea</strong></span> <span class='ocrx_word' id='word_1_227' title='bbox 784 1713 926 1748; x_wconf 82' lang='lat' dir='ltr'><strong>suscipere</strong></span> <span class='ocrx_word' id='word_1_228' title='bbox 954 1717 1029 1741; x_wconf 85' lang='lat' dir='ltr'><strong>sorte</strong></span> 
     </span>
    </p>
   </div>
   <div class='ocr_carea' id='block_1_37' title="bbox 238 1751 1030 1796">
    <p class='ocr_par' dir='ltr' id='par_1_37' title="bbox 238 1751 1030 1796">
     <span class='ocr_line' id='line_1_37' title="bbox 238 1751 1030 1796; baseline 0.011 -17"><span class='ocrx_word' id='word_1_229' title='bbox 238 1751 372 1781; x_wconf 80' lang='lat' dir='ltr'><strong>festinans</strong></span> <span class='ocrx_word' id='word_1_230' title='bbox 386 1754 474 1786; x_wconf 85' lang='lat' dir='ltr'><strong>;uude</strong></span> <span class='ocrx_word' id='word_1_231' title='bbox 487 1763 538 1783; x_wconf 91' lang='lat' dir='ltr'><strong>nos</strong></span> <span class='ocrx_word' id='word_1_232' title='bbox 556 1760 611 1784; x_wconf 89' lang='lat' dir='ltr'><strong>tam</strong></span> <span class='ocrx_word' id='word_1_233' title='bbox 627 1757 756 1786; x_wconf 84' lang='lat' dir='ltr'><strong>desiderii</strong></span> <span class='ocrx_word' id='word_1_234' title='bbox 779 1767 862 1795; x_wconf 86' lang='lat' dir='ltr'><strong>quam</strong></span> <span class='ocrx_word' id='word_1_235' title='bbox 877 1759 1030 1796; x_wconf 64' lang='lat' dir='ltr'><strong>disciplinae</strong></span> 
     </span>
    </p>
   </div>
   <div class='ocr_carea' id='block_1_38' title="bbox 238 1798 767 1840">
    <p class='ocr_par' dir='ltr' id='par_1_38' title="bbox 238 1798 767 1840">
     <span class='ocr_line' id='line_1_38' title="bbox 238 1798 767 1840; baseline 0.013 -15"><span class='ocrx_word' id='word_1_236' title='bbox 238 1798 311 1826; x_wconf 84' lang='lat' dir='ltr'><strong>hunc</strong></span> <span class='ocrx_word' id='word_1_237' title='bbox 326 1800 505 1834; x_wconf 84' lang='lat' dir='ltr'><strong>admirantes,</strong></span> <span class='ocrx_word' id='word_1_238' title='bbox 522 1810 617 1837; x_wconf 87' lang='lat' dir='ltr'><strong>preces</strong></span> <span class='ocrx_word' id='word_1_239' title='bbox 642 1811 767 1840; x_wconf 76' lang='lat' dir='ltr'><strong>agamus.</strong></span> 
     </span>
    </p>
   </div>
   <div class='ocr_carea' id='block_1_39' title="bbox 273 1887 1029 1930">
    <p class='ocr_par' dir='ltr' id='par_1_39' title="bbox 273 1887 1029 1930">
     <span class='ocr_line' id='line_1_39' title="bbox 273 1887 1029 1930; baseline 0.012 -17"><span class='ocrx_word' id='word_1_240' title='bbox 273 1887 429 1922; x_wconf 85' lang='lat' dir='ltr'><strong>Ceomelra,</strong></span> <span class='ocrx_word' id='word_1_241' title='bbox 446 1893 476 1916; x_wconf 90' lang='lat' dir='ltr'><strong>ut</strong></span> <span class='ocrx_word' id='word_1_242' title='bbox 493 1889 623 1924; x_wconf 80' lang='lat' dir='ltr'><strong>diximus,</strong></span> <span class='ocrx_word' id='word_1_243' title='bbox 643 1897 701 1920; x_wconf 89' lang='lat' dir='ltr'><strong>erat</strong></span> <span class='ocrx_word' id='word_1_244' title='bbox 717 1892 868 1928; x_wconf 77' lang='lat' dir='ltr'><strong>Eugenius,</strong></span> <span class='ocrx_word' id='word_1_245' title='bbox 883 1894 1029 1930; x_wconf 61' lang='lat' dir='ltr'><strong>Egyplius</strong></span> 
     </span>
    </p>
   </div>
   <div class='ocr_carea' id='block_1_40' title="bbox 239 1932 1028 1971">
    <p class='ocr_par' dir='ltr' id='par_1_40' title="bbox 239 1932 1028 1971">
     <span class='ocr_line' id='line_1_40' title="bbox 239 1932 1028 1971; baseline 0.013 -13"><span class='ocrx_word' id='word_1_246' title='bbox 239 1939 347 1968; x_wconf 70' lang='lat' dir='ltr'><strong>genere.</strong></span> <span class='ocrx_word' id='word_1_247' title='bbox 365 1932 415 1961; x_wconf 86' lang='lat' dir='ltr'><strong>Hic</strong></span> <span class='ocrx_word' id='word_1_248' title='bbox 429 1942 561 1970; x_wconf 87' lang='lat' dir='ltr'><strong>aquarum</strong></span> <span class='ocrx_word' id='word_1_249' title='bbox 579 1937 717 1971; x_wconf 85' lang='lat' dir='ltr'><strong>potatione</strong></span> <span class='ocrx_word' id='word_1_250' title='bbox 731 1939 880 1966; x_wconf 89' lang='lat' dir='ltr'><strong>multarum</strong></span> <span class='ocrx_word' id='word_1_251' title='bbox 900 1939 936 1968; x_wconf 85' lang='lat' dir='ltr'><strong>ob</strong></span> <span class='ocrx_word' id='word_1_252' title='bbox 959 1941 1028 1968; x_wconf 89' lang='lat' dir='ltr'><strong>cali-</strong></span> 
     </span>
    </p>
   </div>
   <div class='ocr_carea' id='block_1_41' title="bbox 238 1976 1028 2020">
    <p class='ocr_par' dir='ltr' id='par_1_41' title="bbox 238 1976 1028 2020">
     <span class='ocr_line' id='line_1_41' title="bbox 238 1976 1028 2020; baseline 0.013 -17"><span class='ocrx_word' id='word_1_253' title='bbox 238 1976 336 2004; x_wconf 88' lang='lat' dir='ltr'><strong>dorum</strong></span> <span class='ocrx_word' id='word_1_254' title='bbox 361 1986 454 2006; x_wconf 89' lang='lat' dir='ltr'><strong>aerum</strong></span> <span class='ocrx_word' id='word_1_255' title='bbox 472 1980 626 2008; x_wconf 89' lang='lat' dir='ltr'><strong>molestiam</strong></span> <span class='ocrx_word' id='word_1_256' title='bbox 648 1990 726 2016; x_wconf 85' lang='lat' dir='ltr'><strong>usus,</strong></span> <span class='ocrx_word' id='word_1_257' title='bbox 747 1983 905 2019; x_wconf 78' lang='lat' dir='ltr'><strong>languorem</strong></span> <span class='ocrx_word' id='word_1_258' title='bbox 921 1985 1028 2020; x_wconf 82' lang='lat' dir='ltr'><strong>gravis-</strong></span> 
     </span>
    </p>
   </div>
   <div class='ocr_carea' id='block_1_42' title="bbox 239 2024 1026 2065">
    <p class='ocr_par' dir='ltr' id='par_1_42' title="bbox 239 2024 1026 2065">
     <span class='ocr_line' id='line_1_42' title="bbox 239 2024 1026 2065; baseline 0.011 -15"><span class='ocrx_word' id='word_1_259' title='bbox 239 2024 454 2059; x_wconf 72' lang='lat' dir='ltr'><strong>simumincidit,</strong></span> <span class='ocrx_word' id='word_1_260' title='bbox 471 2027 516 2062; x_wconf 91' lang='lat' dir='ltr'><strong>qui</strong></span> <span class='ocrx_word' id='word_1_261' title='bbox 529 2027 607 2055; x_wconf 85' lang='lat' dir='ltr'><strong>valde</strong></span> <span class='ocrx_word' id='word_1_262' title='bbox 620 2036 697 2056; x_wconf 91' lang='lat' dir='ltr'><strong>suam</strong></span> <span class='ocrx_word' id='word_1_263' title='bbox 711 2029 871 2065; x_wconf 81' lang='lat' dir='ltr'><strong>expandens</strong></span> <span class='ocrx_word' id='word_1_264' title='bbox 884 2032 1026 2065; x_wconf 85' lang='lat' dir='ltr'><strong>virtutem,</strong></span> 
     </span>
    </p>
   </div>
   <div class='ocr_carea' id='block_1_43' title="bbox 239 2069 1028 2106">
    <p class='ocr_par' dir='ltr' id='par_1_43' title="bbox 239 2069 1028 2106">
     <span class='ocr_line' id='line_1_43' title="bbox 239 2069 1028 2106; baseline 0.01 -10"><span class='ocrx_word' id='word_1_265' title='bbox 239 2069 267 2096; x_wconf 92' lang='lat' dir='ltr'><strong>in</strong></span> <span class='ocrx_word' id='word_1_266' title='bbox 294 2070 443 2106; x_wconf 88' lang='lat' dir='ltr'><strong>hydropem</strong></span> <span class='ocrx_word' id='word_1_267' title='bbox 469 2073 616 2101; x_wconf 85' lang='lat' dir='ltr'><strong>maximam</strong></span> <span class='ocrx_word' id='word_1_268' title='bbox 643 2075 785 2102; x_wconf 91' lang='lat' dir='ltr'><strong>minimum</strong></span> <span class='ocrx_word' id='word_1_269' title='bbox 802 2074 868 2103; x_wconf 91' lang='lat' dir='ltr'><strong>illud</strong></span> <span class='ocrx_word' id='word_1_270' title='bbox 889 2077 1028 2105; x_wconf 89' lang='lat' dir='ltr'><strong>residuum</strong></span> 
     </span>
    </p>
   </div>
   <div class='ocr_carea' id='block_1_44' title="bbox 239 2117 1029 2156">
    <p class='ocr_par' dir='ltr' id='par_1_44' title="bbox 239 2117 1029 2156">
     <span class='ocr_line' id='line_1_44' title="bbox 239 2117 1029 2156; baseline 0.011 -14"><span class='ocrx_word' id='word_1_271' title='bbox 239 2117 390 2145; x_wconf 84' lang='lat' dir='ltr'><strong>transtulit.</strong></span> <span class='ocrx_word' id='word_1_272' title='bbox 412 2117 480 2145; x_wconf 85' lang='lat' dir='ltr'><strong>Nam</strong></span> <span class='ocrx_word' id='word_1_273' title='bbox 497 2124 524 2146; x_wconf 87' lang='lat' dir='ltr'><strong>et</strong></span> <span class='ocrx_word' id='word_1_274' title='bbox 549 2119 600 2147; x_wconf 91' lang='lat' dir='ltr'><strong>hoc</strong></span> <span class='ocrx_word' id='word_1_275' title='bbox 624 2120 729 2149; x_wconf 87' lang='lat' dir='ltr'><strong>habens</strong></span> <span class='ocrx_word' id='word_1_276' title='bbox 743 2121 893 2156; x_wconf 81' lang='lat' dir='ltr'><strong>Eugenius,</strong></span> <span class='ocrx_word' id='word_1_277' title='bbox 916 2131 965 2151; x_wconf 89' lang='lat' dir='ltr'><strong>nec</strong></span> <span class='ocrx_word' id='word_1_278' title='bbox 988 2125 1029 2151; x_wconf 83' lang='lat' dir='ltr'><strong>sic</strong></span> 
     </span>
    </p>
   </div>
   <div class='ocr_carea' id='block_1_45' title="bbox 238 2162 1029 2203">
    <p class='ocr_par' dir='ltr' id='par_1_45' title="bbox 238 2162 1029 2203">
     <span class='ocr_line' id='line_1_45' title="bbox 238 2162 1029 2203; baseline 0.011 -14"><span class='ocrx_word' id='word_1_279' title='bbox 238 2162 273 2190; x_wconf 85' lang='lat' dir='ltr'><strong>ab</strong></span> <span class='ocrx_word' id='word_1_280' title='bbox 291 2170 424 2197; x_wconf 84' lang='lat' dir='ltr'><strong>aquarum</strong></span> <span class='ocrx_word' id='word_1_281' title='bbox 449 2165 589 2199; x_wconf 79' lang='lat' dir='ltr'><strong>potatione</strong></span> <span class='ocrx_word' id='word_1_282' title='bbox 606 2167 734 2194; x_wconf 84' lang='lat' dir='ltr'><strong>cessabat</strong></span> <span class='ocrx_word' id='word_1_283' title='bbox 750 2177 758 2199; x_wconf 86' lang='lat'><strong>;</strong></span> <span class='ocrx_word' id='word_1_284' title='bbox 773 2176 918 2203; x_wconf 88' lang='lat' dir='ltr'><strong>quousque</strong></span> <span class='ocrx_word' id='word_1_285' title='bbox 935 2176 1029 2198; x_wconf 77' lang='lat' dir='ltr'><strong>ventre</strong></span> 
     </span>
    </p>
   </div>
   <div class='ocr_carea' id='block_1_46' title="bbox 237 2210 1069 2254">
    <p class='ocr_par' dir='ltr' id='par_1_46' title="bbox 237 2210 1069 2254">
     <span class='ocr_line' id='line_1_46' title="bbox 237 2210 1069 2254; baseline 0.01 -20"><span class='ocrx_word' id='word_1_286' title='bbox 237 2211 409 2236; x_wconf 81' lang='lat' dir='ltr'><strong>tumescente</strong></span> <span class='ocrx_word' id='word_1_287' title='bbox 419 2210 549 2245; x_wconf 83' lang='lat' dir='ltr'><strong>paulatim</strong></span> <span class='ocrx_word' id='word_1_288' title='bbox 560 2211 663 2246; x_wconf 79' lang='lat' dir='ltr'><strong>jareret</strong></span> <span class='ocrx_word' id='word_1_289' title='bbox 675 2212 834 2246; x_wconf 88' lang='lat' dir='ltr'><strong>immobilis,</strong></span> <span class='ocrx_word' id='word_1_290' title='bbox 847 2219 906 2240; x_wconf 85' lang='lat' dir='ltr'><strong>cete</strong></span> <span class='ocrx_word' id='word_1_291' title='bbox 915 2216 1028 2250; x_wconf 75' lang='lat' dir='ltr'><strong>grandia</strong></span> <span class='ocrx_word' id='word_1_292' title='bbox 1041 2225 1069 2254; x_wconf 82' lang='lat' dir='ltr'><strong>D</strong></span> 
     </span>
    </p>
   </div>
   <div class='ocr_carea' id='block_1_47' title="bbox 238 2256 1029 2294">
    <p class='ocr_par' dir='ltr' id='par_1_47' title="bbox 238 2256 1029 2294">
     <span class='ocr_line' id='line_1_47' title="bbox 238 2256 1029 2294; baseline 0.008 -12"><span class='ocrx_word' id='word_1_293' title='bbox 238 2259 265 2283; x_wconf 89' lang='lat' dir='ltr'><strong>et</strong></span> <span class='ocrx_word' id='word_1_294' title='bbox 280 2263 393 2291; x_wconf 76' lang='lat' dir='ltr'><strong>magnos</strong></span> <span class='ocrx_word' id='word_1_295' title='bbox 420 2256 541 2284; x_wconf 79' lang='lat' dir='ltr'><strong>imitatus</strong></span> <span class='ocrx_word' id='word_1_296' title='bbox 565 2258 708 2291; x_wconf 83' lang='lat' dir='ltr'><strong>dracones,</strong></span> <span class='ocrx_word' id='word_1_297' title='bbox 734 2259 781 2294; x_wconf 86' lang='lat' dir='ltr'><strong>qui</strong></span> <span class='ocrx_word' id='word_1_298' title='bbox 800 2267 946 2294; x_wconf 88' lang='lat' dir='ltr'><strong>corporum</strong></span> <span class='ocrx_word' id='word_1_299' title='bbox 960 2263 1029 2288; x_wconf 91' lang='lat' dir='ltr'><strong>mole</strong></span> 
     </span>
    </p>
   </div>
   <div class='ocr_carea' id='block_1_48' title="bbox 238 2303 1028 2338">
    <p class='ocr_par' dir='ltr' id='par_1_48' title="bbox 238 2303 1028 2338">
     <span class='ocr_line' id='line_1_48' title="bbox 238 2303 1028 2338; baseline 0.005 -9"><span class='ocrx_word' id='word_1_300' title='bbox 238 2303 480 2338; x_wconf 79' lang='lat' dir='ltr'><strong>magnitudineque</strong></span> <span class='ocrx_word' id='word_1_301' title='bbox 495 2304 612 2338; x_wconf 73' lang='lat' dir='ltr'><strong>gravati,</strong></span> <span class='ocrx_word' id='word_1_302' title='bbox 629 2304 758 2332; x_wconf 84' lang='lat' dir='ltr'><strong>incedere</strong></span> <span class='ocrx_word' id='word_1_303' title='bbox 771 2304 799 2332; x_wconf 91' lang='lat' dir='ltr'><strong>in</strong></span> <span class='ocrx_word' id='word_1_304' title='bbox 822 2307 958 2333; x_wconf 86' lang='lat' dir='ltr'><strong>anteriora</strong></span> <span class='ocrx_word' id='word_1_305' title='bbox 974 2315 1028 2334; x_wconf 93' lang='lat' dir='ltr'><strong>non</strong></span> 
     </span>
    </p>
   </div>
   <div class='ocr_carea' id='block_1_49' title="bbox 238 2349 1030 2388">
    <p class='ocr_par' dir='ltr' id='par_1_49' title="bbox 238 2349 1030 2388">
     <span class='ocr_line' id='line_1_49' title="bbox 238 2349 1030 2388; baseline 0.006 -12"><span class='ocrx_word' id='word_1_306' title='bbox 238 2349 338 2377; x_wconf 81' lang='lat' dir='ltr'><strong>valent.</strong></span> <span class='ocrx_word' id='word_1_307' title='bbox 356 2349 455 2377; x_wconf 86' lang='lat' dir='ltr'><strong>Verum</strong></span> <span class='ocrx_word' id='word_1_308' title='bbox 469 2358 523 2377; x_wconf 90' lang='lat' dir='ltr'><strong>non</strong></span> <span class='ocrx_word' id='word_1_309' title='bbox 542 2355 606 2378; x_wconf 92' lang='lat' dir='ltr'><strong>tunc</strong></span> <span class='ocrx_word' id='word_1_310' title='bbox 630 2351 664 2378; x_wconf 86' lang='lat' dir='ltr'><strong>ab</strong></span> <span class='ocrx_word' id='word_1_311' title='bbox 680 2359 812 2386; x_wconf 84' lang='lat' dir='ltr'><strong>aquarum</strong></span> <span class='ocrx_word' id='word_1_312' title='bbox 827 2358 890 2387; x_wconf 90' lang='lat' dir='ltr'><strong>potu</strong></span> <span class='ocrx_word' id='word_1_313' title='bbox 907 2354 1030 2388; x_wconf 86' lang='lat' dir='ltr'><strong>quiesce-</strong></span> 
     </span>
    </p>
   </div>
   <div class='ocr_carea' id='block_1_50' title="bbox 238 2394 1029 2425">
    <p class='ocr_par' dir='ltr' id='par_1_50' title="bbox 238 2394 1029 2425">
     <span class='ocr_line' id='line_1_50' title="bbox 238 2394 1029 2425; baseline 0.003 -3"><span class='ocrx_word' id='word_1_314' title='bbox 238 2394 285 2422; x_wconf 76' lang='lat' dir='ltr'><strong>bat</strong></span> <span class='ocrx_word' id='word_1_315' title='bbox 302 2403 309 2421; x_wconf 91' lang='lat'>:</span> <span class='ocrx_word' id='word_1_316' title='bbox 332 2394 404 2422; x_wconf 82' lang='lat' dir='ltr'><strong>unde</strong></span> <span class='ocrx_word' id='word_1_317' title='bbox 416 2402 478 2422; x_wconf 88' lang='lat' dir='ltr'><strong>cum</strong></span> <span class='ocrx_word' id='word_1_318' title='bbox 495 2403 576 2422; x_wconf 85' lang='lat' dir='ltr'><strong>omne</strong></span> <span class='ocrx_word' id='word_1_319' title='bbox 587 2396 786 2423; x_wconf 89' lang='lat' dir='ltr'><strong>incrementum</strong></span> <span class='ocrx_word' id='word_1_320' title='bbox 802 2401 905 2423; x_wconf 89' lang='lat' dir='ltr'><strong>motum</strong></span> <span class='ocrx_word' id='word_1_321' title='bbox 929 2397 1029 2425; x_wconf 84' lang='lat' dir='ltr'><strong>habeat</strong></span> 
     </span>
    </p>
   </div>
   <div class='ocr_carea' id='block_1_51' title="bbox 239 2440 1030 2478">
    <p class='ocr_par' dir='ltr' id='par_1_51' title="bbox 239 2440 1030 2478">
     <span class='ocr_line' id='line_1_51' title="bbox 239 2440 1030 2478; baseline 0.005 -12"><span class='ocrx_word' id='word_1_322' title='bbox 239 2440 418 2475; x_wconf 84' lang='lat' dir='ltr'><strong>principium,</strong></span> <span class='ocrx_word' id='word_1_323' title='bbox 440 2442 511 2468; x_wconf 84' lang='lat' dir='ltr'><strong>sicut</strong></span> <span class='ocrx_word' id='word_1_324' title='bbox 538 2441 634 2468; x_wconf 87' lang='lat' dir='ltr'><strong>lmrmn</strong></span> <span class='ocrx_word' id='word_1_325' title='bbox 659 2442 738 2477; x_wconf 83' lang='lat' dir='ltr'><strong>periti</strong></span> <span class='ocrx_word' id='word_1_326' title='bbox 754 2443 949 2477; x_wconf 77' lang='lat' dir='ltr'><strong>dogmatizaut,</strong></span> <span class='ocrx_word' id='word_1_327' title='bbox 973 2444 1030 2478; x_wconf 87' lang='lat' dir='ltr'><strong>ipse</strong></span> 
     </span>
    </p>
   </div>
   <div class='ocr_carea' id='block_1_52' title="bbox 239 2486 1029 2524">
    <p class='ocr_par' dir='ltr' id='par_1_52' title="bbox 239 2486 1029 2524">
     <span class='ocr_line' id='line_1_52' title="bbox 239 2486 1029 2524; baseline 0.004 -11"><span class='ocrx_word' id='word_1_328' title='bbox 239 2486 381 2513; x_wconf 76' lang='lat' dir='ltr'><strong>crescebat</strong></span> <span class='ocrx_word' id='word_1_329' title='bbox 415 2487 572 2514; x_wconf 71' lang='lat' dir='ltr'><strong>[nullatenus</strong></span> <span class='ocrx_word' id='word_1_330' title='bbox 599 2492 710 2518; x_wconf 83' lang='lat' dir='ltr'><strong>motus,</strong></span> <span class='ocrx_word' id='word_1_331' title='bbox 740 2493 835 2515; x_wconf 84' lang='lat' dir='ltr'><strong>natura</strong></span> <span class='ocrx_word' id='word_1_332' title='bbox 863 2491 944 2515; x_wconf 87' lang='lat' dir='ltr'><strong>ctiam</strong></span> <span class='ocrx_word' id='word_1_333' title='bbox 971 2490 1029 2524; x_wconf 86' lang='lat' dir='ltr'><strong>ipsa</strong></span> 
     </span>
    </p>
   </div>
   <div class='ocr_carea' id='block_1_53' title="bbox 241 2532 1028 2562">
    <p class='ocr_par' dir='ltr' id='par_1_53' title="bbox 241 2532 1028 2562">
     <span class='ocr_line' id='line_1_53' title="bbox 241 2532 1028 2562; baseline 0.004 -4"><span class='ocrx_word' id='word_1_334' title='bbox 241 2533 337 2558; x_wconf 85' lang='lat' dir='ltr'><strong>borum</strong></span> <span class='ocrx_word' id='word_1_335' title='bbox 369 2532 478 2559; x_wconf 76' lang='lat' dir='ltr'><strong>fallente</strong></span> <span class='ocrx_word' id='word_1_336' title='bbox 505 2534 680 2560; x_wconf 82' lang='lat' dir='ltr'><strong>sententiam.</strong></span> <span class='ocrx_word' id='word_1_337' title='bbox 701 2533 786 2560; x_wconf 88' lang='lat' dir='ltr'><strong>Porro</strong></span> <span class='ocrx_word' id='word_1_338' title='bbox 813 2533 905 2561; x_wconf 70' lang='lat' dir='ltr'><strong>dicere</strong></span> <span class='ocrx_word' id='word_1_339' title='bbox 930 2535 1028 2562; x_wconf 89' lang='lat' dir='ltr'><strong>iterum</strong></span> 
     </span>
    </p>
   </div>
   <div class='ocr_carea' id='block_1_54' title="bbox 240 2578 1028 2614">
    <p class='ocr_par' dir='ltr' id='par_1_54' title="bbox 240 2578 1028 2614">
     <span class='ocr_line' id='line_1_54' title="bbox 240 2578 1028 2614; baseline 0.005 -11"><span class='ocrx_word' id='word_1_340' title='bbox 240 2582 266 2604; x_wconf 74' lang='grc' dir='ltr'><strong>υι</strong></span> <span class='ocrx_word' id='word_1_341' title='bbox 282 2579 308 2604; x_wconf 91' lang='lat' dir='ltr'><strong>in</strong></span> <span class='ocrx_word' id='word_1_342' title='bbox 339 2578 391 2605; x_wconf 85' lang='lat' dir='ltr'><strong>hoc</strong></span> <span class='ocrx_word' id='word_1_343' title='bbox 415 2579 546 2614; x_wconf 75' lang='lat' dir='ltr'><strong>languore</strong></span> <span class='ocrx_word' id='word_1_344' title='bbox 570 2579 737 2607; x_wconf 79' lang='lat' dir='ltr'><strong>medicorum</strong></span> <span class='ocrx_word' id='word_1_345' title='bbox 752 2580 949 2613; x_wconf 80' lang='lat' dir='ltr'><strong>inﬁrmitatem,</strong></span> <span class='ocrx_word' id='word_1_346' title='bbox 967 2589 1028 2608; x_wconf 72' lang='lat' dir='ltr'><strong>cum</strong></span> 
     </span>
    </p>
   </div>
   <div class='ocr_carea' id='block_1_55' title="bbox 241 2624 1030 2660">
    <p class='ocr_par' dir='ltr' id='par_1_55' title="bbox 241 2624 1030 2660">
     <span class='ocr_line' id='line_1_55' title="bbox 241 2624 1030 2660; baseline 0.004 -10"><span class='ocrx_word' id='word_1_347' title='bbox 241 2624 368 2651; x_wconf 84' lang='lat' dir='ltr'><strong>omnibus</strong></span> <span class='ocrx_word' id='word_1_348' title='bbox 383 2625 419 2651; x_wconf 86' lang='lat' dir='ltr'><strong>sit</strong></span> <span class='ocrx_word' id='word_1_349' title='bbox 439 2625 594 2660; x_wconf 88' lang='lat' dir='ltr'><strong>perspicua,</strong></span> <span class='ocrx_word' id='word_1_350' title='bbox 611 2626 745 2653; x_wconf 86' lang='lat' dir='ltr'><strong>recusabo</strong></span> <span class='ocrx_word' id='word_1_351' title='bbox 762 2635 769 2659; x_wconf 90' lang='lat'><strong>;</strong></span> <span class='ocrx_word' id='word_1_352' title='bbox 787 2626 845 2653; x_wconf 59' lang='lat' dir='ltr'><strong>haec</strong></span> <span class='ocrx_word' id='word_1_353' title='bbox 868 2626 940 2653; x_wconf 87' lang='lat' dir='ltr'><strong>cnim</strong></span> <span class='ocrx_word' id='word_1_354' title='bbox 955 2631 1030 2653; x_wconf 87' lang='lat' dir='ltr'><strong>certa</strong></span> 
     </span>
    </p>
   </div>
   <div class='ocr_carea' id='block_1_56' title="bbox 240 2669 1030 2707">
    <p class='ocr_par' dir='ltr' id='par_1_56' title="bbox 240 2669 1030 2707">
     <span class='ocr_line' id='line_1_56' title="bbox 240 2669 1030 2707; baseline 0.004 -12"><span class='ocrx_word' id='word_1_355' title='bbox 240 2673 293 2701; x_wconf 81' lang='lat' dir='ltr'><strong>est,</strong></span> <span class='ocrx_word' id='word_1_356' title='bbox 321 2669 382 2697; x_wconf 87' lang='lat' dir='ltr'><strong>licet</strong></span> <span class='ocrx_word' id='word_1_357' title='bbox 398 2677 447 2698; x_wconf 80' lang='lat' dir='ltr'><strong>nos</strong></span> <span class='ocrx_word' id='word_1_358' title='bbox 474 2674 625 2699; x_wconf 86' lang='lat' dir='ltr'><strong>taceamus.</strong></span> <span class='ocrx_word' id='word_1_359' title='bbox 651 2670 723 2707; x_wconf 74' lang='lat' dir='ltr'><strong>Ergo</strong></span> <span class='ocrx_word' id='word_1_360' title='bbox 746 2672 816 2699; x_wconf 88' lang='lat' dir='ltr'><strong>hanc</strong></span> <span class='ocrx_word' id='word_1_361' title='bbox 834 2673 943 2699; x_wconf 81' lang='lat' dir='ltr'><strong>silentio</strong></span> <span class='ocrx_word' id='word_1_362' title='bbox 961 2680 1030 2707; x_wconf 83' lang='lat' dir='ltr'><strong>pra-.-</strong></span> 
     </span>
    </p>
   </div>
   <div class='ocr_carea' id='block_1_57' title="bbox 241 2716 1030 2753">
    <p class='ocr_par' dir='ltr' id='par_1_57' title="bbox 241 2716 1030 2753">
     <span class='ocr_line' id='line_1_57' title="bbox 241 2716 1030 2753; baseline 0.006 -13"><span class='ocrx_word' id='word_1_363' title='bbox 241 2719 389 2749; x_wconf 71' lang='lat' dir='ltr'><strong>tereuules,</strong></span> <span class='ocrx_word' id='word_1_364' title='bbox 413 2716 528 2746; x_wconf 78' lang='lat' dir='ltr'><strong>Joannis</strong></span> <span class='ocrx_word' id='word_1_365' title='bbox 560 2722 586 2745; x_wconf 89' lang='lat' dir='ltr'><strong>et</strong></span> <span class='ocrx_word' id='word_1_366' title='bbox 609 2717 671 2753; x_wconf 81' lang='lat' dir='ltr'><strong>Cyri</strong></span> <span class='ocrx_word' id='word_1_367' title='bbox 697 2726 824 2745; x_wconf 87' lang='lat' dir='ltr'><strong>verorum</strong></span> <span class='ocrx_word' id='word_1_368' title='bbox 861 2719 1030 2745; x_wconf 84' lang='lat' dir='ltr'><strong>medicorum</strong></span> 
     </span>
    </p>
   </div>
   <div class='ocr_carea' id='block_1_58' title="bbox 241 2761 1030 2800">
    <p class='ocr_par' dir='ltr' id='par_1_58' title="bbox 241 2761 1030 2800">
     <span class='ocr_line' id='line_1_58' title="bbox 241 2761 1030 2800; baseline 0.006 -13"><span class='ocrx_word' id='word_1_369' title='bbox 241 2761 369 2789; x_wconf 84' lang='lat' dir='ltr'><strong>virtutem</strong></span> <span class='ocrx_word' id='word_1_370' title='bbox 389 2763 533 2791; x_wconf 77' lang='lat' dir='ltr'><strong>fatebimur</strong></span> <span class='ocrx_word' id='word_1_371' title='bbox 552 2773 558 2791; x_wconf 88' lang='lat'>:</span> <span class='ocrx_word' id='word_1_372' title='bbox 578 2768 713 2800; x_wconf 85' lang='lat' dir='ltr'><strong>quantum</strong></span> <span class='ocrx_word' id='word_1_373' title='bbox 728 2765 800 2791; x_wconf 90' lang='lat' dir='ltr'><strong>enim</strong></span> <span class='ocrx_word' id='word_1_374' title='bbox 814 2762 1030 2800; x_wconf 69' lang='lat' dir='ltr'><strong>praecedentium</strong></span> 
     </span>
    </p>
   </div>
   <div class='ocr_carea' id='block_1_59' title="bbox 243 2807 1030 2846">
    <p class='ocr_par' dir='ltr' id='par_1_59' title="bbox 243 2807 1030 2846">
     <span class='ocr_line' id='line_1_59' title="bbox 243 2807 1030 2846; baseline 0.006 -12"><span class='ocrx_word' id='word_1_375' title='bbox 243 2807 389 2836; x_wconf 82' lang='lat' dir='ltr'><strong>inhrmitas</strong></span> <span class='ocrx_word' id='word_1_376' title='bbox 411 2809 480 2836; x_wconf 76' lang='lat' dir='ltr'><strong>facta</strong></span> <span class='ocrx_word' id='word_1_377' title='bbox 503 2815 544 2838; x_wconf 84' lang='lat' dir='ltr'><strong>est</strong></span> <span class='ocrx_word' id='word_1_378' title='bbox 560 2811 670 2838; x_wconf 84' lang='lat' dir='ltr'><strong>silentio</strong></span> <span class='ocrx_word' id='word_1_379' title='bbox 695 2811 787 2846; x_wconf 81' lang='lat' dir='ltr'><strong>digna,</strong></span> <span class='ocrx_word' id='word_1_380' title='bbox 809 2815 912 2838; x_wconf 86' lang='lat' dir='ltr'><strong>tantum</strong></span> <span class='ocrx_word' id='word_1_381' title='bbox 933 2812 1030 2839; x_wconf 90' lang='lat' dir='ltr'><strong>horum</strong></span> 
     </span>
    </p>
   </div>
   <div class='ocr_carea' id='block_1_60' title="bbox 245 2854 1030 2892">
    <p class='ocr_par' dir='ltr' id='par_1_60' title="bbox 245 2854 1030 2892">
     <span class='ocr_line' id='line_1_60' title="bbox 245 2854 1030 2892; baseline 0.005 -13"><span class='ocrx_word' id='word_1_382' title='bbox 245 2854 330 2880; x_wconf 82' lang='lat' dir='ltr'><strong>\irtus</strong></span> <span class='ocrx_word' id='word_1_383' title='bbox 345 2854 500 2888; x_wconf 68' lang='lat' dir='ltr'><strong>magnisonc</strong></span> <span class='ocrx_word' id='word_1_384' title='bbox 515 2855 686 2889; x_wconf 64' lang='lat' dir='ltr'><strong>przetliratur.</strong></span> <span class='ocrx_word' id='word_1_385' title='bbox 706 2855 771 2883; x_wconf 60' lang='lat' dir='ltr'><strong>Nam</strong></span> <span class='ocrx_word' id='word_1_386' title='bbox 785 2860 810 2883; x_wconf 85' lang='lat' dir='ltr'><strong>et</strong></span> <span class='ocrx_word' id='word_1_387' title='bbox 823 2855 875 2884; x_wconf 87' lang='lat' dir='ltr'><strong>illis</strong></span> <span class='ocrx_word' id='word_1_388' title='bbox 893 2855 1030 2892; x_wconf 79' lang='lat' dir='ltr'><strong>Engenius</strong></span> 
     </span>
    </p>
   </div>
   <div class='ocr_carea' id='block_1_61' title="bbox 1086 238 1879 275">
    <p class='ocr_par' dir='ltr' id='par_1_61' title="bbox 1086 238 1879 275">
     <span class='ocr_line' id='line_1_61' title="bbox 1086 238 1879 275; baseline 0.003 -11"><span class='ocrx_word' id='word_1_389' title='bbox 1086 238 1235 273; x_wconf 79' lang='grc' dir='ltr'><strong>ποιουμένη</strong></span> <span class='ocrx_word' id='word_1_390' title='bbox 1252 238 1322 265; x_wconf 83' lang='grc' dir='ltr'>κατὰ</span> <span class='ocrx_word' id='word_1_391' title='bbox 1339 239 1420 273; x_wconf 80' lang='grc' dir='ltr'>φύσιν</span> <span class='ocrx_word' id='word_1_392' title='bbox 1437 239 1536 274; x_wconf 77' lang='grc' dir='ltr'>ἑαυτῆς</span> <span class='ocrx_word' id='word_1_393' title='bbox 1549 239 1600 275; x_wconf 79' lang='grc' dir='ltr'>τὴν</span> <span class='ocrx_word' id='word_1_394' title='bbox 1616 239 1769 274; x_wconf 75' lang='grc' dir='ltr'>ἐνέργειαν,</span> <span class='ocrx_word' id='word_1_395' title='bbox 1788 239 1879 274; x_wconf 83' lang='grc' dir='ltr'>ἀγνώ-</span> 
     </span>
    </p>
   </div>
   <div class='ocr_carea' id='block_1_62' title="bbox 1085 284 1879 322">
    <p class='ocr_par' dir='ltr' id='par_1_62' title="bbox 1085 284 1879 322">
     <span class='ocr_line' id='line_1_62' title="bbox 1085 284 1879 322; baseline 0.005 -13"><span class='ocrx_word' id='word_1_396' title='bbox 1085 291 1176 319; x_wconf 67' lang='lat' dir='ltr'><strong>pta-rev</strong></span> <span class='ocrx_word' id='word_1_397' title='bbox 1200 284 1306 310; x_wconf 77' lang='grc' dir='ltr'><strong>ἐδείκνυ</strong></span> <span class='ocrx_word' id='word_1_398' title='bbox 1331 286 1387 316; x_wconf 78' lang='grc' dir='ltr'>τοῖς</span> <span class='ocrx_word' id='word_1_399' title='bbox 1411 285 1464 320; x_wconf 79' lang='grc' dir='ltr'><strong>πρὸ</strong></span> <span class='ocrx_word' id='word_1_400' title='bbox 1488 285 1612 320; x_wconf 80' lang='grc' dir='ltr'><strong>βραχέως</strong></span> <span class='ocrx_word' id='word_1_401' title='bbox 1637 286 1720 322; x_wconf 73' lang='grc' dir='ltr'>ὁρῶσι</span> <span class='ocrx_word' id='word_1_402' title='bbox 1740 286 1834 322; x_wconf 69' lang='grc' dir='ltr'>σχεδὸν</span> <span class='ocrx_word' id='word_1_403' title='bbox 1851 286 1879 313; x_wconf 78' lang='grc' dir='ltr'>τὸ</span> 
     </span>
    </p>
   </div>
   <div class='ocr_carea' id='block_1_63' title="bbox 1086 330 1879 366">
    <p class='ocr_par' dir='ltr' id='par_1_63' title="bbox 1086 330 1879 366">
     <span class='ocr_line' id='line_1_63' title="bbox 1086 330 1879 366; baseline 0.004 -11"><span class='ocrx_word' id='word_1_404' title='bbox 1086 330 1239 364; x_wconf 73' lang='grc' dir='ltr'>μειράκιον.</span> <span class='ocrx_word' id='word_1_405' title='bbox 1256 331 1358 357; x_wconf 83' lang='grc' dir='ltr'>Τούτου</span> <span class='ocrx_word' id='word_1_406' title='bbox 1377 331 1431 366; x_wconf 80' lang='grc' dir='ltr'><strong>γὰρ</strong></span> <span class='ocrx_word' id='word_1_407' title='bbox 1446 331 1589 366; x_wconf 80' lang='grc' dir='ltr'>γεγονότος</span> <span class='ocrx_word' id='word_1_408' title='bbox 1604 331 1651 358; x_wconf 80' lang='grc' dir='ltr'>τοῦ</span> <span class='ocrx_word' id='word_1_409' title='bbox 1666 331 1817 366; x_wconf 82' lang='grc' dir='ltr'>θαύματος.</span> <span class='ocrx_word' id='word_1_410' title='bbox 1833 331 1879 366; x_wconf 79' lang='grc' dir='ltr'><strong>βοὴ</strong></span> 
     </span>
    </p>
   </div>
   <div class='ocr_carea' id='block_1_64' title="bbox 1083 374 1877 412">
    <p class='ocr_par' dir='ltr' id='par_1_64' title="bbox 1083 374 1877 412">
     <span class='ocr_line' id='line_1_64' title="bbox 1083 374 1877 412; baseline 0.004 -12"><span class='ocrx_word' id='word_1_411' title='bbox 1083 374 1245 410; x_wconf 81' lang='grc' dir='ltr'>διαπρύσιος</span> <span class='ocrx_word' id='word_1_412' title='bbox 1269 376 1336 410; x_wconf 80' lang='grc' dir='ltr'>πρὸς</span> <span class='ocrx_word' id='word_1_413' title='bbox 1362 376 1416 402; x_wconf 86' lang='grc' dir='ltr'>τῶν</span> <span class='ocrx_word' id='word_1_414' title='bbox 1441 376 1597 412; x_wconf 79' lang='grc' dir='ltr'>ἁῡυρόντων</span> <span class='ocrx_word' id='word_1_415' title='bbox 1625 377 1740 403; x_wconf 86' lang='grc' dir='ltr'>παιδίων</span> <span class='ocrx_word' id='word_1_416' title='bbox 1757 377 1877 411; x_wconf 75' lang='grc' dir='ltr'>ἐγένετο,</span> 
     </span>
    </p>
   </div>
   <div class='ocr_carea' id='block_1_65' title="bbox 1082 421 1878 460">
    <p class='ocr_par' dir='ltr' id='par_1_65' title="bbox 1082 421 1878 460">
     <span class='ocr_line' id='line_1_65' title="bbox 1082 421 1878 460; baseline 0.005 -14"><span class='ocrx_word' id='word_1_417' title='bbox 1082 421 1129 447; x_wconf 79' lang='grc' dir='ltr'><strong>καὶ</strong></span> <span class='ocrx_word' id='word_1_418' title='bbox 1144 422 1208 452; x_wconf 72' lang='grc' dir='ltr'>τοὺς</span> <span class='ocrx_word' id='word_1_419' title='bbox 1222 422 1250 447; x_wconf 83' lang='grc' dir='ltr'>ἐν</span> <span class='ocrx_word' id='word_1_420' title='bbox 1266 422 1304 456; x_wconf 84' lang='grc' dir='ltr'>τῷ</span> <span class='ocrx_word' id='word_1_421' title='bbox 1318 422 1375 456; x_wconf 79' lang='grc' dir='ltr'>ναῷ</span> <span class='ocrx_word' id='word_1_422' title='bbox 1390 422 1494 454; x_wconf 74' lang='grc' dir='ltr'>πάντας</span> <span class='ocrx_word' id='word_1_423' title='bbox 1516 423 1562 449; x_wconf 80' lang='grc' dir='ltr'><strong>ἐπὶ</strong></span> <span class='ocrx_word' id='word_1_424' title='bbox 1586 423 1636 460; x_wconf 81' lang='grc' dir='ltr'>τὴν</span> <span class='ocrx_word' id='word_1_425' title='bbox 1651 423 1715 449; x_wconf 88' lang='grc' dir='ltr'>θέαν</span> <span class='ocrx_word' id='word_1_426' title='bbox 1733 424 1878 458; x_wconf 79' lang='grc' dir='ltr'>συνήθροι-</span> 
     </span>
    </p>
   </div>
   <div class='ocr_carea' id='block_1_66' title="bbox 1082 467 1878 504">
    <p class='ocr_par' dir='ltr' id='par_1_66' title="bbox 1082 467 1878 504">
     <span class='ocr_line' id='line_1_66' title="bbox 1082 467 1878 504; baseline 0.003 -10"><span class='ocrx_word' id='word_1_427' title='bbox 1082 467 1138 500; x_wconf 80' lang='grc' dir='ltr'>ζεν,</span> <span class='ocrx_word' id='word_1_428' title='bbox 1155 467 1179 494; x_wconf 76' lang='grc' dir='ltr'>οἱ</span> <span class='ocrx_word' id='word_1_429' title='bbox 1202 467 1270 503; x_wconf 71' lang='grc' dir='ltr'>πρὸς</span> <span class='ocrx_word' id='word_1_430' title='bbox 1283 468 1313 494; x_wconf 82' lang='grc' dir='ltr'><strong>τὺ</strong></span> <span class='ocrx_word' id='word_1_431' title='bbox 1327 468 1449 503; x_wconf 72' lang='grc' dir='ltr'>πραχθὲν</span> <span class='ocrx_word' id='word_1_432' title='bbox 1465 468 1648 503; x_wconf 76' lang='grc' dir='ltr'><strong>ἐκπλαγέντες</strong></span> <span class='ocrx_word' id='word_1_433' title='bbox 1663 469 1817 504; x_wconf 79' lang='grc' dir='ltr'>τεράστιον,</span> <span class='ocrx_word' id='word_1_434' title='bbox 1832 471 1878 496; x_wconf 68' lang='grc' dir='ltr'><strong>καὶ</strong></span> 
     </span>
    </p>
   </div>
   <div class='ocr_carea' id='block_1_67' title="bbox 1081 513 1879 550">
    <p class='ocr_par' dir='ltr' id='par_1_67' title="bbox 1081 513 1879 550">
     <span class='ocr_line' id='line_1_67' title="bbox 1081 513 1879 550; baseline 0.001 -10"><span class='ocrx_word' id='word_1_435' title='bbox 1081 514 1143 545; x_wconf 83' lang='grc' dir='ltr'>τοὺς</span> <span class='ocrx_word' id='word_1_436' title='bbox 1157 514 1250 547; x_wconf 76' lang='grc' dir='ltr'>ἁγίους</span> <span class='ocrx_word' id='word_1_437' title='bbox 1268 513 1428 549; x_wconf 80' lang='grc' dir='ltr'>ἁνύμνησαν</span> <span class='ocrx_word' id='word_1_438' title='bbox 1439 536 1446 547; x_wconf 89' lang='grc'><strong>,</strong></span> <span class='ocrx_word' id='word_1_439' title='bbox 1465 515 1596 550; x_wconf 77' lang='grc' dir='ltr'>κάκείνην</span> <span class='ocrx_word' id='word_1_440' title='bbox 1611 515 1660 550; x_wconf 81' lang='grc' dir='ltr'>τὴν</span> <span class='ocrx_word' id='word_1_441' title='bbox 1674 516 1767 550; x_wconf 71' lang='grc' dir='ltr'>φωνὴν</span> <span class='ocrx_word' id='word_1_442' title='bbox 1782 515 1832 549; x_wconf 84' lang='grc' dir='ltr'><strong>τὴν</strong></span> <span class='ocrx_word' id='word_1_443' title='bbox 1851 516 1879 541; x_wconf 79' lang='grc' dir='ltr'>ὲν</span> 
     </span>
    </p>
   </div>
   <div class='ocr_carea' id='block_1_68' title="bbox 1081 559 1878 597">
    <p class='ocr_par' dir='ltr' id='par_1_68' title="bbox 1081 559 1878 597">
     <span class='ocr_line' id='line_1_68' title="bbox 1081 559 1878 597; baseline 0.003 -12"><span class='ocrx_word' id='word_1_444' title='bbox 1081 559 1258 594; x_wconf 72' lang='grc' dir='ltr'>Εὑαγγελίοις</span> <span class='ocrx_word' id='word_1_445' title='bbox 1272 561 1404 596; x_wconf 79' lang='grc' dir='ltr'><strong>κειμένην</strong></span> <span class='ocrx_word' id='word_1_446' title='bbox 1420 561 1484 596; x_wconf 82' lang='grc' dir='ltr'>περὶ</span> <span class='ocrx_word' id='word_1_447' title='bbox 1496 562 1549 588; x_wconf 80' lang='grc' dir='ltr'>τῶν</span> <span class='ocrx_word' id='word_1_448' title='bbox 1558 561 1603 588; x_wconf 82' lang='grc' dir='ltr'>τοῦ</span> <span class='ocrx_word' id='word_1_449' title='bbox 1613 561 1739 597; x_wconf 77' lang='grc' dir='ltr'><strong>Σωτῆρος</strong></span> <span class='ocrx_word' id='word_1_450' title='bbox 1752 562 1878 596; x_wconf 78' lang='grc' dir='ltr'>πράξεων</span> 
     </span>
    </p>
   </div>
   <div class='ocr_carea' id='block_1_69' title="bbox 1081 606 1878 643">
    <p class='ocr_par' dir='ltr' id='par_1_69' title="bbox 1081 606 1878 643">
     <span class='ocr_line' id='line_1_69' title="bbox 1081 606 1878 643; baseline 0.003 -11"><span class='ocrx_word' id='word_1_451' title='bbox 1081 606 1280 641; x_wconf 67' lang='grc' dir='ltr'>μεγαλοερώνως</span> <span class='ocrx_word' id='word_1_452' title='bbox 1290 607 1336 633; x_wconf 80' lang='grc' dir='ltr'><strong>ὰνέ</strong></span> <span class='ocrx_word' id='word_1_453' title='bbox 1340 615 1372 633; x_wconf 84' lang='grc' dir='ltr'><strong>πε</strong></span> <span class='ocrx_word' id='word_1_454' title='bbox 1377 616 1458 641; x_wconf 86' lang='grc' dir='ltr'>μπον,</span> <span class='ocrx_word' id='word_1_455' title='bbox 1467 607 1527 634; x_wconf 77' lang='grc' dir='ltr'>Εἴδο</span> <span class='ocrx_word' id='word_1_456' title='bbox 1531 616 1591 643; x_wconf 84' lang='grc' dir='ltr'><strong>μεν⁹</strong></span> <span class='ocrx_word' id='word_1_457' title='bbox 1596 607 1731 641; x_wconf 80' lang='grc' dir='ltr'>λέγοντες,</span> <span class='ocrx_word' id='word_1_458' title='bbox 1739 616 1776 634; x_wconf 78' lang='grc' dir='ltr'><strong>πα</strong></span> <span class='ocrx_word' id='word_1_459' title='bbox 1781 607 1878 643; x_wconf 51' lang='lat' dir='ltr'><strong>pia/lia.</strong></span> 
     </span>
    </p>
   </div>
   <div class='ocr_carea' id='block_1_70' title="bbox 1081 653 1876 689">
    <p class='ocr_par' dir='ltr' id='par_1_70' title="bbox 1081 653 1876 689">
     <span class='ocr_line' id='line_1_70' title="bbox 1081 653 1876 689; baseline 0.003 -11"><span class='ocrx_word' id='word_1_460' title='bbox 1081 653 1218 687; x_wconf 78' lang='grc' dir='ltr'>σήμερον’</span> <span class='ocrx_word' id='word_1_461' title='bbox 1235 654 1280 679; x_wconf 74' lang='grc' dir='ltr'>καὶ</span> <span class='ocrx_word' id='word_1_462' title='bbox 1300 653 1418 688; x_wconf 80' lang='grc' dir='ltr'>Χριστὸν</span> <span class='ocrx_word' id='word_1_463' title='bbox 1436 654 1517 680; x_wconf 79' lang='grc' dir='ltr'>αὐτὸν</span> <span class='ocrx_word' id='word_1_464' title='bbox 1534 654 1580 680; x_wconf 76' lang='grc' dir='ltr'><strong>τδν</strong></span> <span class='ocrx_word' id='word_1_465' title='bbox 1603 654 1636 680; x_wconf 83' lang='grc' dir='ltr'>δι’</span> <span class='ocrx_word' id='word_1_466' title='bbox 1654 654 1745 681; x_wconf 82' lang='grc' dir='ltr'>αὐτῶν</span> <span class='ocrx_word' id='word_1_467' title='bbox 1767 663 1876 689; x_wconf 78' lang='grc' dir='ltr'>πεπρα-</span> 
     </span>
    </p>
   </div>
   <div class='ocr_carea' id='block_1_71' title="bbox 1080 698 1876 736">
    <p class='ocr_par' dir='ltr' id='par_1_71' title="bbox 1080 698 1876 736">
     <span class='ocr_line' id='line_1_71' title="bbox 1080 698 1876 736; baseline 0.001 -11"><span class='ocrx_word' id='word_1_468' title='bbox 1080 698 1145 734; x_wconf 86' lang='grc' dir='ltr'>χότα</span> <span class='ocrx_word' id='word_1_469' title='bbox 1167 699 1197 725; x_wconf 75' lang='grc' dir='ltr'>τὸ</span> <span class='ocrx_word' id='word_1_470' title='bbox 1220 699 1312 734; x_wconf 79' lang='grc' dir='ltr'><strong>Θαῦμα</strong></span> <span class='ocrx_word' id='word_1_471' title='bbox 1337 700 1564 735; x_wconf 79' lang='grc' dir='ltr'><strong>εὐχαριστοῦντες</strong></span> <span class='ocrx_word' id='word_1_472' title='bbox 1581 701 1724 734; x_wconf 77' lang='grc' dir='ltr'>ἐδόξαζον·</span> <span class='ocrx_word' id='word_1_473' title='bbox 1749 701 1797 727; x_wconf 69' lang='grc' dir='ltr'><strong>καὶ</strong></span> <span class='ocrx_word' id='word_1_474' title='bbox 1814 701 1876 736; x_wconf 60' lang='grc' dir='ltr'>πςρὶ</span> 
     </span>
    </p>
   </div>
   <div class='ocr_carea' id='block_1_72' title="bbox 1078 745 1878 784">
    <p class='ocr_par' dir='ltr' id='par_1_72' title="bbox 1078 745 1878 784">
     <span class='ocr_line' id='line_1_72' title="bbox 1078 745 1878 784; baseline 0.004 -12"><span class='ocrx_word' id='word_1_475' title='bbox 1078 746 1127 780; x_wconf 81' lang='grc' dir='ltr'>τῆς</span> <span class='ocrx_word' id='word_1_476' title='bbox 1142 745 1251 781; x_wconf 64' lang='grc' dir='ltr'>ῥώσεως</span> <span class='ocrx_word' id='word_1_477' title='bbox 1265 746 1364 778; x_wconf 81' lang='grc' dir='ltr'>πάντες</span> <span class='ocrx_word' id='word_1_478' title='bbox 1377 747 1500 781; x_wconf 75' lang='grc' dir='ltr'>ἐγένοντο</span> <span class='ocrx_word' id='word_1_479' title='bbox 1515 748 1569 774; x_wconf 83' lang='grc' dir='ltr'>τῶν</span> <span class='ocrx_word' id='word_1_480' title='bbox 1583 749 1693 775; x_wconf 80' lang='grc' dir='ltr'>οἰκείων</span> <span class='ocrx_word' id='word_1_481' title='bbox 1706 749 1878 784; x_wconf 70' lang='grc' dir='ltr'><strong>παθημάτων</strong></span> 
     </span>
    </p>
   </div>
   <div class='ocr_carea' id='block_1_73' title="bbox 1078 792 1877 830">
    <p class='ocr_par' dir='ltr' id='par_1_73' title="bbox 1078 792 1877 830">
     <span class='ocr_line' id='line_1_73' title="bbox 1078 792 1877 830; baseline 0.004 -12"><span class='ocrx_word' id='word_1_482' title='bbox 1078 792 1227 824; x_wconf 78' lang='grc' dir='ltr'>εὐέλπιδες.</span> <span class='ocrx_word' id='word_1_483' title='bbox 1252 793 1349 828; x_wconf 81' lang='grc' dir='ltr'>Ἡμεῖς</span> <span class='ocrx_word' id='word_1_484' title='bbox 1367 793 1395 820; x_wconf 82' lang='grc' dir='ltr'>δὲ</span> <span class='ocrx_word' id='word_1_485' title='bbox 1409 793 1571 829; x_wconf 80' lang='grc' dir='ltr'>παραδόξων</span> <span class='ocrx_word' id='word_1_486' title='bbox 1589 795 1722 830; x_wconf 79' lang='grc' dir='ltr'>ἀκροαταὶ</span> <span class='ocrx_word' id='word_1_487' title='bbox 1735 795 1877 829; x_wconf 77' lang='grc' dir='ltr'>γενόμενοι</span> 
     </span>
    </p>
   </div>
   <div class='ocr_carea' id='block_1_74' title="bbox 1080 839 1878 877">
    <p class='ocr_par' dir='ltr' id='par_1_74' title="bbox 1080 839 1878 877">
     <span class='ocr_line' id='line_1_74' title="bbox 1080 839 1878 877; baseline 0.001 -12"><span class='ocrx_word' id='word_1_488' title='bbox 1080 839 1213 874; x_wconf 76' lang='grc' dir='ltr'>σήμερον,</span> <span class='ocrx_word' id='word_1_489' title='bbox 1235 839 1281 865; x_wconf 77' lang='grc' dir='ltr'><strong>καὶ</strong></span> <span class='ocrx_word' id='word_1_490' title='bbox 1297 840 1360 871; x_wconf 74' lang='grc' dir='ltr'>τοὺς</span> <span class='ocrx_word' id='word_1_491' title='bbox 1375 839 1478 866; x_wconf 80' lang='grc' dir='ltr'>τούτων</span> <span class='ocrx_word' id='word_1_492' title='bbox 1495 841 1614 875; x_wconf 72' lang='grc' dir='ltr'>ἐργάτας</span> <span class='ocrx_word' id='word_1_493' title='bbox 1629 841 1712 874; x_wconf 77' lang='grc' dir='ltr'>ἀξίως</span> <span class='ocrx_word' id='word_1_494' title='bbox 1736 842 1878 877; x_wconf 71' lang='grc' dir='ltr'>ὑμνήσαν-</span> 
     </span>
    </p>
   </div>
   <div class='ocr_carea' id='block_1_75' title="bbox 1080 884 1729 923">
    <p class='ocr_par' dir='ltr' id='par_1_75' title="bbox 1080 884 1729 923">
     <span class='ocr_line' id='line_1_75' title="bbox 1080 884 1729 923; baseline 0.006 -12"><span class='ocrx_word' id='word_1_495' title='bbox 1080 893 1135 918; x_wconf 76' lang='grc' dir='ltr'>τες,</span> <span class='ocrx_word' id='word_1_496' title='bbox 1153 884 1312 921; x_wconf 80' lang='grc' dir='ltr'>παραδόξων</span> <span class='ocrx_word' id='word_1_497' title='bbox 1330 885 1418 912; x_wconf 69' lang='grc' dir='ltr'>ἄλλων</span> <span class='ocrx_word' id='word_1_498' title='bbox 1433 886 1578 922; x_wconf 80' lang='grc' dir='ltr'>γενώμεθα</span> <span class='ocrx_word' id='word_1_499' title='bbox 1594 888 1729 923; x_wconf 79' lang='grc' dir='ltr'>κήρυκες.</span> 
     </span>
    </p>
   </div>
   <div class='ocr_carea' id='block_1_76' title="bbox 1097 1006 1857 1042">
    <p class='ocr_par' dir='ltr' id='par_1_76' title="bbox 1097 1006 1857 1042">
     <span class='ocr_line' id='line_1_76' title="bbox 1097 1006 1857 1042; baseline 0.003 -8"><span class='ocrx_word' id='word_1_500' title='bbox 1097 1006 1164 1034; x_wconf 73' lang='lat' dir='ltr'><strong>Mll’.</strong></span> <span class='ocrx_word' id='word_1_501' title='bbox 1191 1006 1261 1040; x_wconf 74' lang='grc' dir='ltr'>Περὶ</span> <span class='ocrx_word' id='word_1_502' title='bbox 1282 1006 1429 1041; x_wconf 72' lang='grc' dir='ltr'>Εὐγενίου</span> <span class='ocrx_word' id='word_1_503' title='bbox 1449 1007 1500 1034; x_wconf 84' lang='grc' dir='ltr'>τοῦ</span> <span class='ocrx_word' id='word_1_504' title='bbox 1522 1006 1686 1042; x_wconf 78' lang='grc' dir='ltr'><strong>γεωμέτρου</strong></span> <span class='ocrx_word' id='word_1_505' title='bbox 1706 1008 1857 1042; x_wconf 69' lang='grc' dir='ltr'>ὑδρωπιά-</span> 
     </span>
    </p>
   </div>
   <div class='ocr_carea' id='block_1_77' title="bbox 1415 1050 1539 1075">
    <p class='ocr_par' dir='ltr' id='par_1_77' title="bbox 1415 1050 1539 1075">
     <span class='ocr_line' id='line_1_77' title="bbox 1415 1050 1539 1075; baseline 0.008 -7"><span class='ocrx_word' id='word_1_506' title='bbox 1415 1050 1527 1075; x_wconf 81' lang='grc' dir='ltr'>σαντος</span> <span class='ocrx_word' id='word_1_507' title='bbox 1532 1062 1539 1069; x_wconf 94' lang='grc'><strong><em>.</em></strong></span> 
     </span>
    </p>
   </div>
   <div class='ocr_carea' id='block_1_78' title="bbox 1114 1108 1874 1145">
    <p class='ocr_par' dir='ltr' id='par_1_78' title="bbox 1114 1108 1874 1145">
     <span class='ocr_line' id='line_1_78' title="bbox 1114 1108 1874 1145; baseline 0.004 -10"><span class='ocrx_word' id='word_1_508' title='bbox 1114 1109 1160 1142; x_wconf 80' lang='grc' dir='ltr'><strong>Ἐξ</strong></span> <span class='ocrx_word' id='word_1_509' title='bbox 1177 1108 1299 1144; x_wconf 84' lang='grc' dir='ltr'>ἀρούρας</span> <span class='ocrx_word' id='word_1_510' title='bbox 1314 1109 1381 1144; x_wconf 81' lang='grc' dir='ltr'>ἡμῖν</span> <span class='ocrx_word' id='word_1_511' title='bbox 1407 1109 1421 1135; x_wconf 85' lang='grc' dir='ltr'>ὁ</span> <span class='ocrx_word' id='word_1_512' title='bbox 1444 1109 1605 1145; x_wconf 76' lang='grc' dir='ltr'><strong>γεωμέτρης</strong></span> <span class='ocrx_word' id='word_1_513' title='bbox 1627 1108 1709 1145; x_wconf 82' lang='grc' dir='ltr'>ἦλθεν</span> <span class='ocrx_word' id='word_1_514' title='bbox 1735 1111 1874 1144; x_wconf 74' lang='grc' dir='ltr'>Εὺγένιος.</span> 
     </span>
    </p>
   </div>
   <div class='ocr_carea' id='block_1_79' title="bbox 1079 1157 1876 1193">
    <p class='ocr_par' dir='ltr' id='par_1_79' title="bbox 1079 1157 1876 1193">
     <span class='ocr_line' id='line_1_79' title="bbox 1079 1157 1876 1193; baseline 0.001 -10"><span class='ocrx_word' id='word_1_515' title='bbox 1079 1158 1170 1184; x_wconf 78' lang='grc' dir='ltr'>πᾶσαν</span> <span class='ocrx_word' id='word_1_516' title='bbox 1196 1157 1245 1192; x_wconf 85' lang='grc' dir='ltr'>μὲν</span> <span class='ocrx_word' id='word_1_517' title='bbox 1274 1157 1483 1192; x_wconf 78' lang='grc' dir='ltr'>μετρησάμενος</span> <span class='ocrx_word' id='word_1_518' title='bbox 1508 1158 1639 1193; x_wconf 84' lang='grc' dir='ltr'>ἄρουραν,</span> <span class='ocrx_word' id='word_1_519' title='bbox 1656 1157 1756 1184; x_wconf 75' lang='grc' dir='ltr'>ἑαυτοῦ</span> <span class='ocrx_word' id='word_1_520' title='bbox 1780 1158 1876 1193; x_wconf 81' lang='grc' dir='ltr'>δὲτὴν</span> 
     </span>
    </p>
   </div>
   <div class='ocr_carea' id='block_1_80' title="bbox 1079 1202 1878 1239">
    <p class='ocr_par' dir='ltr' id='par_1_80' title="bbox 1079 1202 1878 1239">
     <span class='ocr_line' id='line_1_80' title="bbox 1079 1202 1878 1239; baseline 0.001 -10"><span class='ocrx_word' id='word_1_521' title='bbox 1079 1204 1198 1238; x_wconf 76' lang='grc' dir='ltr'>γαστέρα</span> <span class='ocrx_word' id='word_1_522' title='bbox 1212 1204 1323 1238; x_wconf 82' lang='grc' dir='ltr'>μετρεῖν</span> <span class='ocrx_word' id='word_1_523' title='bbox 1336 1203 1366 1229; x_wconf 77' lang='grc' dir='ltr'>οὐ</span> <span class='ocrx_word' id='word_1_524' title='bbox 1379 1202 1537 1238; x_wconf 77' lang='grc' dir='ltr'>δυνάμενος,</span> <span class='ocrx_word' id='word_1_525' title='bbox 1550 1203 1582 1230; x_wconf 74' lang='grc' dir='ltr'>ἐκ</span> <span class='ocrx_word' id='word_1_526' title='bbox 1594 1204 1763 1239; x_wconf 79' lang='grc' dir='ltr'>τινος¹ὑγρᾶς</span> <span class='ocrx_word' id='word_1_527' title='bbox 1779 1205 1878 1235; x_wconf 75' lang='grc' dir='ltr'>οὐσίας</span> 
     </span>
    </p>
   </div>
   <div class='ocr_carea' id='block_1_81' title="bbox 1078 1248 1876 1285">
    <p class='ocr_par' dir='ltr' id='par_1_81' title="bbox 1078 1248 1876 1285">
     <span class='ocr_line' id='line_1_81' title="bbox 1078 1248 1876 1285; baseline -0.003 -8"><span class='ocrx_word' id='word_1_528' title='bbox 1078 1252 1116 1282; x_wconf 80' lang='grc' dir='ltr'><strong>εἰς</strong></span> <span class='ocrx_word' id='word_1_529' title='bbox 1135 1249 1218 1284; x_wconf 84' lang='grc' dir='ltr'>αὐτὴν</span> <span class='ocrx_word' id='word_1_530' title='bbox 1232 1248 1428 1284; x_wconf 76' lang='grc' dir='ltr'>ἀθροιζομένης</span> <span class='ocrx_word' id='word_1_531' title='bbox 1443 1249 1603 1284; x_wconf 81' lang='grc' dir='ltr'>αὑξήσασαν</span> <span class='ocrx_word' id='word_1_532' title='bbox 1613 1269 1620 1281; x_wconf 88' lang='grc'><strong>,</strong></span> <span class='ocrx_word' id='word_1_533' title='bbox 1637 1251 1683 1276; x_wconf 69' lang='grc' dir='ltr'><strong>καὶ</strong></span> <span class='ocrx_word' id='word_1_534' title='bbox 1701 1250 1876 1285; x_wconf 68' lang='grc' dir='ltr'>μιμουμένην</span> 
     </span>
    </p>
   </div>
   <div class='ocr_carea' id='block_1_82' title="bbox 1078 1295 1876 1331">
    <p class='ocr_par' dir='ltr' id='par_1_82' title="bbox 1078 1295 1876 1331">
     <span class='ocr_line' id='line_1_82' title="bbox 1078 1295 1876 1331; baseline -0.003 -8"><span class='ocrx_word' id='word_1_535' title='bbox 1078 1297 1128 1323; x_wconf 77' lang='grc' dir='ltr'>οὐκ</span> <span class='ocrx_word' id='word_1_536' title='bbox 1147 1296 1293 1331; x_wconf 82' lang='grc' dir='ltr'>ἀρουραῐον</span> <span class='ocrx_word' id='word_1_537' title='bbox 1307 1295 1475 1330; x_wconf 73' lang='grc' dir='ltr'>εὐμέτρητον</span> <span class='ocrx_word' id='word_1_538' title='bbox 1495 1295 1621 1330; x_wconf 81' lang='grc' dir='ltr'>μέγεθος,</span> <span class='ocrx_word' id='word_1_539' title='bbox 1637 1295 1693 1322; x_wconf 77' lang='grc' dir='ltr'>ἀλλ’</span> <span class='ocrx_word' id='word_1_540' title='bbox 1710 1295 1803 1331; x_wconf 80' lang='grc' dir='ltr'>ὄρεσιν</span> <span class='ocrx_word' id='word_1_541' title='bbox 1819 1297 1876 1322; x_wconf 75' lang='grc' dir='ltr'>ἐοι-</span> 
     </span>
    </p>
   </div>
   <div class='ocr_carea' id='block_1_83' title="bbox 1079 1340 1876 1376">
    <p class='ocr_par' dir='ltr' id='par_1_83' title="bbox 1079 1340 1876 1376">
     <span class='ocr_line' id='line_1_83' title="bbox 1079 1340 1876 1376; baseline 0 -8"><span class='ocrx_word' id='word_1_542' title='bbox 1079 1341 1126 1372; x_wconf 60' lang='grc' dir='ltr'>κὸς</span> <span class='ocrx_word' id='word_1_543' title='bbox 1142 1341 1304 1375; x_wconf 77' lang='grc' dir='ltr'>δυσέφικτον</span> <span class='ocrx_word' id='word_1_544' title='bbox 1322 1340 1424 1375; x_wconf 72' lang='grc' dir='ltr'>ὕψωμα</span> <span class='ocrx_word' id='word_1_545' title='bbox 1436 1361 1443 1371; x_wconf 85' lang='grc'><strong>,</strong></span> <span class='ocrx_word' id='word_1_546' title='bbox 1459 1342 1520 1372; x_wconf 75' lang='grc' dir='ltr'>ταῖς</span> <span class='ocrx_word' id='word_1_547' title='bbox 1544 1341 1707 1376; x_wconf 73' lang='grc' dir='ltr'>ὑπερόγκοις</span> <span class='ocrx_word' id='word_1_548' title='bbox 1727 1342 1773 1368; x_wconf 77' lang='grc' dir='ltr'>καὶ</span> <span class='ocrx_word' id='word_1_549' title='bbox 1797 1342 1876 1376; x_wconf 62' lang='grc' dir='ltr'>μεγίε</span> 
     </span>
    </p>
   </div>
   <div class='ocr_carea' id='block_1_84' title="bbox 1080 1386 1874 1422">
    <p class='ocr_par' dir='ltr' id='par_1_84' title="bbox 1080 1386 1874 1422">
     <span class='ocr_line' id='line_1_84' title="bbox 1080 1386 1874 1422; baseline -0.001 -10"><span class='ocrx_word' id='word_1_550' title='bbox 1080 1395 1157 1418; x_wconf 69' lang='lat' dir='ltr'><strong>erat;</strong></span> <span class='ocrx_word' id='word_1_551' title='bbox 1171 1387 1304 1420; x_wconf 79' lang='grc' dir='ltr'>οὲδήσεσι.</span> <span class='ocrx_word' id='word_1_552' title='bbox 1321 1386 1552 1421; x_wconf 83' lang='grc' dir='ltr'>Μεμετρημέναις</span> <span class='ocrx_word' id='word_1_553' title='bbox 1573 1386 1601 1413; x_wconf 82' lang='grc' dir='ltr'>δὲ</span> <span class='ocrx_word' id='word_1_554' title='bbox 1623 1387 1721 1421; x_wconf 77' lang='grc' dir='ltr'>χρῆται</span> <span class='ocrx_word' id='word_1_555' title='bbox 1736 1387 1874 1422; x_wconf 77' lang='grc' dir='ltr'>δεήσεσιν,</span> 
     </span>
    </p>
   </div>
   <div class='ocr_carea' id='block_1_85' title="bbox 1080 1431 1875 1468">
    <p class='ocr_par' dir='ltr' id='par_1_85' title="bbox 1080 1431 1875 1468">
     <span class='ocr_line' id='line_1_85' title="bbox 1080 1431 1875 1468; baseline 0.001 -10"><span class='ocrx_word' id='word_1_556' title='bbox 1080 1431 1296 1468; x_wconf 73' lang='grc' dir='ltr'><strong>συμμετρεῖσθαι</strong></span> <span class='ocrx_word' id='word_1_557' title='bbox 1311 1433 1368 1463; x_wconf 79' lang='grc' dir='ltr'>τοῖς</span> <span class='ocrx_word' id='word_1_558' title='bbox 1385 1431 1504 1465; x_wconf 79' lang='grc' dir='ltr'>θαύμασι</span> <span class='ocrx_word' id='word_1_559' title='bbox 1522 1431 1575 1458; x_wconf 84' lang='grc' dir='ltr'>τῶν</span> <span class='ocrx_word' id='word_1_560' title='bbox 1590 1432 1676 1466; x_wconf 81' lang='grc' dir='ltr'>ἁγίων</span> <span class='ocrx_word' id='word_1_561' title='bbox 1690 1432 1855 1467; x_wconf 81' lang='grc' dir='ltr'>βουλόμενος</span> <span class='ocrx_word' id='word_1_562' title='bbox 1866 1441 1875 1449; x_wconf 88' lang='grc'><strong>·</strong></span> 
     </span>
    </p>
   </div>
   <div class='ocr_carea' id='block_1_86' title="bbox 1081 1476 1880 1514">
    <p class='ocr_par' dir='ltr' id='par_1_86' title="bbox 1081 1476 1880 1514">
     <span class='ocr_line' id='line_1_86' title="bbox 1081 1476 1880 1514; baseline 0.001 -10"><span class='ocrx_word' id='word_1_563' title='bbox 1081 1478 1202 1514; x_wconf 81' lang='grc' dir='ltr'>μεγάλην</span> <span class='ocrx_word' id='word_1_564' title='bbox 1221 1478 1275 1513; x_wconf 75' lang='grc' dir='ltr'><strong>γὰρ</strong></span> <span class='ocrx_word' id='word_1_565' title='bbox 1291 1476 1362 1504; x_wconf 74' lang='grc' dir='ltr'>εἶναι</span> <span class='ocrx_word' id='word_1_566' title='bbox 1380 1477 1429 1512; x_wconf 81' lang='grc' dir='ltr'>τὴν</span> <span class='ocrx_word' id='word_1_567' title='bbox 1451 1477 1529 1510; x_wconf 76' lang='grc' dir='ltr'>ἀξίαν</span> <span class='ocrx_word' id='word_1_568' title='bbox 1550 1477 1712 1513; x_wconf 81' lang='grc' dir='ltr'>ἡγούμενος,</span> <span class='ocrx_word' id='word_1_569' title='bbox 1727 1477 1772 1504; x_wconf 74' lang='grc' dir='ltr'><strong>διὰ</strong></span> <span class='ocrx_word' id='word_1_570' title='bbox 1795 1478 1880 1505; x_wconf 75' lang='grc' dir='ltr'>τοῦτο</span> 
     </span>
    </p>
   </div>
   <div class='ocr_carea' id='block_1_87' title="bbox 1075 1523 1880 1559">
    <p class='ocr_par' dir='ltr' id='par_1_87' title="bbox 1075 1523 1880 1559">
     <span class='ocr_line' id='line_1_87' title="bbox 1075 1523 1880 1559; baseline 0.002 -9"><span class='ocrx_word' id='word_1_571' title='bbox 1075 1524 1182 1559; x_wconf 76' lang='grc' dir='ltr'>,ταύτης</span> <span class='ocrx_word' id='word_1_572' title='bbox 1195 1523 1336 1556; x_wconf 76' lang='grc' dir='ltr'>ἀξιοῦσθαι</span> <span class='ocrx_word' id='word_1_573' title='bbox 1352 1524 1523 1559; x_wconf 82' lang='grc' dir='ltr'>προείρηται.</span> <span class='ocrx_word' id='word_1_574' title='bbox 1533 1523 1577 1550; x_wconf 80' lang='grc' dir='ltr'>Ἐν</span> <span class='ocrx_word' id='word_1_575' title='bbox 1589 1524 1683 1559; x_wconf 85' lang='grc' dir='ltr'>ταυτῷ</span> <span class='ocrx_word' id='word_1_576' title='bbox 1694 1523 1722 1550; x_wconf 75' lang='grc' dir='ltr'>δὲ</span> <span class='ocrx_word' id='word_1_577' title='bbox 1738 1525 1785 1551; x_wconf 73' lang='grc' dir='ltr'>καὶ</span> <span class='ocrx_word' id='word_1_578' title='bbox 1799 1525 1880 1557; x_wconf 73' lang='grc' dir='ltr'>ὅπως</span> 
     </span>
    </p>
   </div>
   <div class='ocr_carea' id='block_1_88' title="bbox 1080 1568 1878 1603">
    <p class='ocr_par' dir='ltr' id='par_1_88' title="bbox 1080 1568 1878 1603">
     <span class='ocr_line' id='line_1_88' title="bbox 1080 1568 1878 1603; baseline 0.001 -8"><span class='ocrx_word' id='word_1_579' title='bbox 1080 1569 1136 1603; x_wconf 73' lang='grc' dir='ltr'>ἔχει</span> <span class='ocrx_word' id='word_1_580' title='bbox 1152 1568 1321 1600; x_wconf 78' lang='grc' dir='ltr'>παιδεύσεως</span> <span class='ocrx_word' id='word_1_581' title='bbox 1338 1568 1554 1603; x_wconf 76' lang='grc' dir='ltr'>ἐνδεικνύμενος,</span> <span class='ocrx_word' id='word_1_582' title='bbox 1568 1568 1647 1595; x_wconf 72' lang='grc' dir='ltr'>ἕκτον</span> <span class='ocrx_word' id='word_1_583' title='bbox 1659 1569 1755 1596; x_wconf 67' lang='grc' dir='ltr'>ἑαυτὸν</span> <span class='ocrx_word' id='word_1_584' title='bbox 1771 1570 1800 1596; x_wconf 82' lang='grc' dir='ltr'>ὲν</span> <span class='ocrx_word' id='word_1_585' title='bbox 1815 1571 1878 1601; x_wconf 75' lang='grc' dir='ltr'>ταῖς</span> 
     </span>
    </p>
   </div>
   <div class='ocr_carea' id='block_1_89' title="bbox 1079 1614 1878 1650">
    <p class='ocr_par' dir='ltr' id='par_1_89' title="bbox 1079 1614 1878 1650">
     <span class='ocr_line' id='line_1_89' title="bbox 1079 1614 1878 1650; baseline -0.001 -9"><span class='ocrx_word' id='word_1_586' title='bbox 1079 1615 1236 1649; x_wconf 78' lang='grc' dir='ltr'>Αἰγυπτίων</span> <span class='ocrx_word' id='word_1_587' title='bbox 1258 1615 1306 1641; x_wconf 75' lang='grc' dir='ltr'><strong>καὶ</strong></span> <span class='ocrx_word' id='word_1_588' title='bbox 1330 1614 1437 1641; x_wconf 76' lang='grc' dir='ltr'>Λιϐύων</span> <span class='ocrx_word' id='word_1_589' title='bbox 1460 1615 1549 1649; x_wconf 78' lang='grc' dir='ltr'>ἦγαγε</span> <span class='ocrx_word' id='word_1_590' title='bbox 1575 1614 1743 1650; x_wconf 80' lang='grc' dir='ltr'>διηγήσεσιν,</span> <span class='ocrx_word' id='word_1_591' title='bbox 1761 1614 1810 1640; x_wconf 78' lang='grc' dir='ltr'>τοῦ</span> <span class='ocrx_word' id='word_1_592' title='bbox 1830 1615 1878 1640; x_wconf 85' lang='grc' dir='ltr'>λε-</span> 
     </span>
    </p>
   </div>
   <div class='ocr_carea' id='block_1_90' title="bbox 1079 1658 1879 1696">
    <p class='ocr_par' dir='ltr' id='par_1_90' title="bbox 1079 1658 1879 1696">
     <span class='ocr_line' id='line_1_90' title="bbox 1079 1658 1879 1696; baseline -0.001 -9"><span class='ocrx_word' id='word_1_593' title='bbox 1079 1660 1190 1696; x_wconf 82' lang='grc' dir='ltr'>χθέντος</span> <span class='ocrx_word' id='word_1_594' title='bbox 1203 1659 1321 1695; x_wconf 79' lang='grc' dir='ltr'>ἀριθμοῦ</span> <span class='ocrx_word' id='word_1_595' title='bbox 1337 1658 1485 1694; x_wconf 77' lang='grc' dir='ltr'>θαυμάζων</span> <span class='ocrx_word' id='word_1_596' title='bbox 1496 1659 1526 1685; x_wconf 81' lang='grc' dir='ltr'>τὸ</span> <span class='ocrx_word' id='word_1_597' title='bbox 1538 1660 1640 1686; x_wconf 82' lang='grc' dir='ltr'>τέλειον</span> <span class='ocrx_word' id='word_1_598' title='bbox 1653 1679 1661 1692; x_wconf 89' lang='lat'><strong>,</strong></span> <span class='ocrx_word' id='word_1_599' title='bbox 1679 1660 1726 1686; x_wconf 80' lang='grc' dir='ltr'><strong>καὶ</strong></span> <span class='ocrx_word' id='word_1_600' title='bbox 1738 1659 1782 1686; x_wconf 83' lang='grc' dir='ltr'><strong>διὰ</strong></span> <span class='ocrx_word' id='word_1_601' title='bbox 1793 1659 1879 1686; x_wconf 76' lang='grc' dir='ltr'>τοῦτο</span> 
     </span>
    </p>
   </div>
   <div class='ocr_carea' id='block_1_91' title="bbox 1071 1705 1877 1741">
    <p class='ocr_par' dir='ltr' id='par_1_91' title="bbox 1071 1705 1877 1741">
     <span class='ocr_line' id='line_1_91' title="bbox 1071 1705 1877 1741; baseline -0.002 -7"><span class='ocrx_word' id='word_1_602' title='bbox 1071 1707 1174 1739; x_wconf 59' lang='grc' dir='ltr'>,τοῦτον</span> <span class='ocrx_word' id='word_1_603' title='bbox 1200 1706 1356 1738; x_wconf 76' lang='grc' dir='ltr'>σπουδάσας</span> <span class='ocrx_word' id='word_1_604' title='bbox 1372 1705 1583 1741; x_wconf 78' lang='grc' dir='ltr'>κληρώσασθαι·</span> <span class='ocrx_word' id='word_1_605' title='bbox 1609 1706 1670 1732; x_wconf 75' lang='grc' dir='ltr'>ὅθεν</span> <span class='ocrx_word' id='word_1_606' title='bbox 1686 1706 1766 1741; x_wconf 80' lang='grc' dir='ltr'>ἡμεῖς</span> <span class='ocrx_word' id='word_1_607' title='bbox 1782 1707 1829 1732; x_wconf 77' lang='grc' dir='ltr'>τοῦ</span> <span class='ocrx_word' id='word_1_608' title='bbox 1845 1715 1877 1732; x_wconf 74' lang='grc' dir='ltr'><strong>τε</strong></span> 
     </span>
    </p>
   </div>
   <div class='ocr_carea' id='block_1_92' title="bbox 1079 1751 1877 1787">
    <p class='ocr_par' dir='ltr' id='par_1_92' title="bbox 1079 1751 1877 1787">
     <span class='ocr_line' id='line_1_92' title="bbox 1079 1751 1877 1787; baseline -0.004 -7"><span class='ocrx_word' id='word_1_609' title='bbox 1079 1753 1163 1780; x_wconf 81' lang='grc' dir='ltr'>πόθου</span> <span class='ocrx_word' id='word_1_610' title='bbox 1179 1753 1226 1780; x_wconf 80' lang='grc' dir='ltr'>καὶ</span> <span class='ocrx_word' id='word_1_611' title='bbox 1239 1753 1288 1787; x_wconf 83' lang='grc' dir='ltr'>τῆς</span> <span class='ocrx_word' id='word_1_612' title='bbox 1304 1752 1430 1784; x_wconf 80' lang='grc' dir='ltr'>παιδείας</span> <span class='ocrx_word' id='word_1_613' title='bbox 1445 1751 1527 1779; x_wconf 81' lang='grc' dir='ltr'>αὺτὸν</span> <span class='ocrx_word' id='word_1_614' title='bbox 1540 1752 1722 1787; x_wconf 77' lang='grc' dir='ltr'>ἀγασάμενοι,</span> <span class='ocrx_word' id='word_1_615' title='bbox 1737 1752 1787 1787; x_wconf 80' lang='grc' dir='ltr'>τὴν</span> <span class='ocrx_word' id='word_1_616' title='bbox 1800 1752 1877 1787; x_wconf 73' lang='grc' dir='ltr'>αἴτη-</span> 
     </span>
    </p>
   </div>
   <div class='ocr_carea' id='block_1_93' title="bbox 1081 1799 1299 1835">
    <p class='ocr_par' dir='ltr' id='par_1_93' title="bbox 1081 1799 1299 1835">
     <span class='ocr_line' id='line_1_93' title="bbox 1081 1799 1299 1835; baseline 0 -9"><span class='ocrx_word' id='word_1_617' title='bbox 1081 1808 1123 1826; x_wconf 89' lang='grc' dir='ltr'><strong>σιν</strong></span> <span class='ocrx_word' id='word_1_618' title='bbox 1142 1799 1299 1835; x_wconf 78' lang='grc' dir='ltr'>δράσωμεν.</span> 
     </span>
    </p>
   </div>
   <div class='ocr_carea' id='block_1_94' title="bbox 1114 1886 1878 1926">
    <p class='ocr_par' dir='ltr' id='par_1_94' title="bbox 1114 1886 1878 1926">
     <span class='ocr_line' id='line_1_94' title="bbox 1114 1886 1878 1926; baseline 0.001 -11"><span class='ocrx_word' id='word_1_619' title='bbox 1114 1889 1278 1925; x_wconf 82' lang='grc' dir='ltr'>Γεωμέτρης</span> <span class='ocrx_word' id='word_1_620' title='bbox 1292 1886 1337 1925; x_wconf 82' lang='grc' dir='ltr'>ἦν,</span> <span class='ocrx_word' id='word_1_621' title='bbox 1355 1891 1392 1921; x_wconf 82' lang='grc' dir='ltr'>ὡς</span> <span class='ocrx_word' id='word_1_622' title='bbox 1407 1890 1488 1926; x_wconf 75' lang='grc' dir='ltr'>ἔφην,</span> <span class='ocrx_word' id='word_1_623' title='bbox 1503 1890 1641 1925; x_wconf 78' lang='grc' dir='ltr'>Εὐγένιος,</span> <span class='ocrx_word' id='word_1_624' title='bbox 1657 1890 1687 1916; x_wconf 83' lang='grc' dir='ltr'><strong>τὺ</strong></span> <span class='ocrx_word' id='word_1_625' title='bbox 1701 1890 1780 1924; x_wconf 81' lang='grc' dir='ltr'>γένος</span> <span class='ocrx_word' id='word_1_626' title='bbox 1791 1891 1878 1924; x_wconf 68' lang='grc' dir='ltr'>Αίγύ-</span> 
     </span>
    </p>
   </div>
   <div class='ocr_carea' id='block_1_95' title="bbox 1079 1932 1879 1971">
    <p class='ocr_par' dir='ltr' id='par_1_95' title="bbox 1079 1932 1879 1971">
     <span class='ocr_line' id='line_1_95' title="bbox 1079 1932 1879 1971; baseline 0 -10"><span class='ocrx_word' id='word_1_627' title='bbox 1079 1944 1167 1966; x_wconf 84' lang='grc' dir='ltr'>πτιος.</span> <span class='ocrx_word' id='word_1_628' title='bbox 1189 1932 1273 1966; x_wconf 79' lang='grc' dir='ltr'>Οὗτος</span> <span class='ocrx_word' id='word_1_629' title='bbox 1286 1935 1435 1971; x_wconf 78' lang='grc' dir='ltr'>ὑδροποσίᾳ</span> <span class='ocrx_word' id='word_1_630' title='bbox 1449 1935 1533 1971; x_wconf 84' lang='grc' dir='ltr'>πολλῇ</span> <span class='ocrx_word' id='word_1_631' title='bbox 1559 1935 1604 1963; x_wconf 80' lang='grc' dir='ltr'><strong>διὰ</strong></span> <span class='ocrx_word' id='word_1_632' title='bbox 1625 1937 1674 1971; x_wconf 79' lang='grc' dir='ltr'>τὴν</span> <span class='ocrx_word' id='word_1_633' title='bbox 1689 1936 1743 1962; x_wconf 81' lang='grc' dir='ltr'>τῶν</span> <span class='ocrx_word' id='word_1_634' title='bbox 1764 1936 1879 1971; x_wconf 72' lang='grc' dir='ltr'>Θερμῶν</span> 
     </span>
    </p>
   </div>
   <div class='ocr_carea' id='block_1_96' title="bbox 1079 1979 1879 2015">
    <p class='ocr_par' dir='ltr' id='par_1_96' title="bbox 1079 1979 1879 2015">
     <span class='ocr_line' id='line_1_96' title="bbox 1079 1979 1879 2015; baseline 0.003 -10"><span class='ocrx_word' id='word_1_635' title='bbox 1079 1979 1169 2014; x_wconf 85' lang='grc' dir='ltr'>ἀέρων</span> <span class='ocrx_word' id='word_1_636' title='bbox 1193 1979 1344 2014; x_wconf 81' lang='grc' dir='ltr'>ὲπάχθειαν</span> <span class='ocrx_word' id='word_1_637' title='bbox 1364 1979 1524 2015; x_wconf 78' lang='grc' dir='ltr'>χρώμενος,</span> <span class='ocrx_word' id='word_1_638' title='bbox 1549 1981 1590 2012; x_wconf 81' lang='grc' dir='ltr'><strong>είς</strong></span> <span class='ocrx_word' id='word_1_639' title='bbox 1612 1980 1690 2007; x_wconf 77' lang='grc' dir='ltr'>νόσον</span> <span class='ocrx_word' id='word_1_640' title='bbox 1717 1980 1879 2015; x_wconf 68' lang='grc' dir='ltr'>βαρυτάτην</span> 
     </span>
    </p>
   </div>
   <div class='ocr_carea' id='block_1_97' title="bbox 1079 2025 1879 2061">
    <p class='ocr_par' dir='ltr' id='par_1_97' title="bbox 1079 2025 1879 2061">
     <span class='ocr_line' id='line_1_97' title="bbox 1079 2025 1879 2061; baseline 0.001 -9"><span class='ocrx_word' id='word_1_641' title='bbox 1079 2025 1279 2056; x_wconf 85' lang='grc' dir='ltr'>εισπέπτωκεν,</span> <span class='ocrx_word' id='word_1_642' title='bbox 1291 2026 1353 2061; x_wconf 81' lang='grc' dir='ltr'>ἥτις</span> <span class='ocrx_word' id='word_1_643' title='bbox 1368 2025 1435 2052; x_wconf 84' lang='grc' dir='ltr'>πολὺ</span> <span class='ocrx_word' id='word_1_644' title='bbox 1450 2026 1499 2061; x_wconf 80' lang='grc' dir='ltr'>τῆς</span> <span class='ocrx_word' id='word_1_645' title='bbox 1515 2026 1619 2058; x_wconf 73' lang='grc' dir='ltr'>οἰκείας</span> <span class='ocrx_word' id='word_1_646' title='bbox 1634 2026 1748 2054; x_wconf 83' lang='grc' dir='ltr'>ὲνδοῦσα</span> <span class='ocrx_word' id='word_1_647' title='bbox 1760 2027 1879 2061; x_wconf 77' lang='grc' dir='ltr'>σφοδρό-</span> 
     </span>
    </p>
   </div>
   <div class='ocr_carea' id='block_1_98' title="bbox 1078 2072 1880 2108">
    <p class='ocr_par' dir='ltr' id='par_1_98' title="bbox 1078 2072 1880 2108">
     <span class='ocr_line' id='line_1_98' title="bbox 1078 2072 1880 2108; baseline 0 -9"><span class='ocrx_word' id='word_1_648' title='bbox 1078 2081 1171 2107; x_wconf 81' lang='grc' dir='ltr'>τητος,</span> <span class='ocrx_word' id='word_1_649' title='bbox 1195 2073 1235 2103; x_wconf 81' lang='grc' dir='ltr'>εις</span> <span class='ocrx_word' id='word_1_650' title='bbox 1251 2072 1345 2108; x_wconf 71' lang='grc' dir='ltr'>ὕδερον</span> <span class='ocrx_word' id='word_1_651' title='bbox 1366 2073 1494 2107; x_wconf 84' lang='grc' dir='ltr'>μέγιστον</span> <span class='ocrx_word' id='word_1_652' title='bbox 1510 2073 1541 2099; x_wconf 84' lang='grc' dir='ltr'>τὸ</span> <span class='ocrx_word' id='word_1_653' title='bbox 1557 2072 1674 2108; x_wconf 78' lang='grc' dir='ltr'>σμικρὸν</span> <span class='ocrx_word' id='word_1_654' title='bbox 1700 2074 1790 2100; x_wconf 78' lang='grc' dir='ltr'>ἐκεῖνο</span> <span class='ocrx_word' id='word_1_655' title='bbox 1814 2081 1880 2108; x_wconf 65' lang='lat' dir='ltr'><strong>p.51-</strong></span> 
     </span>
    </p>
   </div>
   <div class='ocr_carea' id='block_1_99' title="bbox 1080 2117 1880 2156">
    <p class='ocr_par' dir='ltr' id='par_1_99' title="bbox 1080 2117 1880 2156">
     <span class='ocr_line' id='line_1_99' title="bbox 1080 2117 1880 2156; baseline 0.005 -13"><span class='ocrx_word' id='word_1_656' title='bbox 1080 2117 1176 2144; x_wconf 77' lang='grc' dir='ltr'>ἐϐαλεν</span> <span class='ocrx_word' id='word_1_657' title='bbox 1193 2118 1327 2153; x_wconf 78' lang='grc' dir='ltr'>ἐλειμμα·</span> <span class='ocrx_word' id='word_1_658' title='bbox 1351 2119 1399 2145; x_wconf 75' lang='grc' dir='ltr'><strong>καὶ</strong></span> <span class='ocrx_word' id='word_1_659' title='bbox 1421 2118 1501 2151; x_wconf 67' lang='grc' dir='ltr'>τοῦτο</span> <span class='ocrx_word' id='word_1_660' title='bbox 1517 2120 1571 2156; x_wconf 87' lang='grc' dir='ltr'><strong>γὰρ</strong></span> <span class='ocrx_word' id='word_1_661' title='bbox 1587 2120 1655 2155; x_wconf 75' lang='grc' dir='ltr'>ἔχων</span> <span class='ocrx_word' id='word_1_662' title='bbox 1670 2121 1812 2154; x_wconf 76' lang='grc' dir='ltr'>Εὑγένιος.</span> <span class='ocrx_word' id='word_1_663' title='bbox 1827 2121 1880 2155; x_wconf 76' lang='grc' dir='ltr'>τῆς</span> 
     </span>
    </p>
   </div>
   <div class='ocr_carea' id='block_1_100' title="bbox 1079 2163 1881 2201">
    <p class='ocr_par' dir='ltr' id='par_1_100' title="bbox 1079 2163 1881 2201">
     <span class='ocr_line' id='line_1_100' title="bbox 1079 2163 1881 2201; baseline 0.005 -11"><span class='ocrx_word' id='word_1_664' title='bbox 1079 2164 1134 2190; x_wconf 83' lang='grc' dir='ltr'><strong>τῶν</strong></span> <span class='ocrx_word' id='word_1_665' title='bbox 1156 2163 1261 2191; x_wconf 75' lang='grc' dir='ltr'>ὑδάτων</span> <span class='ocrx_word' id='word_1_666' title='bbox 1277 2165 1326 2191; x_wconf 81' lang='grc' dir='ltr'><strong>οὐκ</strong></span> <span class='ocrx_word' id='word_1_667' title='bbox 1342 2165 1424 2200; x_wconf 73' lang='grc' dir='ltr'>ἔληγε</span> <span class='ocrx_word' id='word_1_668' title='bbox 1440 2167 1545 2197; x_wconf 75' lang='grc' dir='ltr'>πόσεως</span> <span class='ocrx_word' id='word_1_669' title='bbox 1555 2174 1562 2181; x_wconf 94' lang='grc'><strong>·</strong></span> <span class='ocrx_word' id='word_1_670' title='bbox 1586 2166 1638 2198; x_wconf 72' lang='grc' dir='ltr'>ἕως</span> <span class='ocrx_word' id='word_1_671' title='bbox 1660 2163 1691 2192; x_wconf 77' lang='grc' dir='ltr'><strong>οὗ</strong></span> <span class='ocrx_word' id='word_1_672' title='bbox 1711 2167 1772 2193; x_wconf 74' lang='grc' dir='ltr'>κατ’</span> <span class='ocrx_word' id='word_1_673' title='bbox 1787 2166 1881 2201; x_wconf 55' lang='grc' dir='ltr'>ὀλίγον</span> 
     </span>
    </p>
   </div>
   <div class='ocr_carea' id='block_1_101' title="bbox 1081 2210 1880 2246">
    <p class='ocr_par' dir='ltr' id='par_1_101' title="bbox 1081 2210 1880 2246">
     <span class='ocr_line' id='line_1_101' title="bbox 1081 2210 1880 2246; baseline 0.003 -9"><span class='ocrx_word' id='word_1_674' title='bbox 1081 2210 1258 2245; x_wconf 81' lang='grc' dir='ltr'>ὀγκούμενος,</span> <span class='ocrx_word' id='word_1_675' title='bbox 1274 2210 1402 2246; x_wconf 82' lang='grc' dir='ltr'>ἀκίνητος</span> <span class='ocrx_word' id='word_1_676' title='bbox 1416 2211 1533 2246; x_wconf 71' lang='grc' dir='ltr'>ἔμεινεν,</span> <span class='ocrx_word' id='word_1_677' title='bbox 1544 2213 1591 2238; x_wconf 71' lang='grc' dir='ltr'>καὶ</span> <span class='ocrx_word' id='word_1_678' title='bbox 1606 2212 1707 2246; x_wconf 75' lang='grc' dir='ltr'>μᾶλλον</span> <span class='ocrx_word' id='word_1_679' title='bbox 1721 2213 1880 2243; x_wconf 78' lang='grc' dir='ltr'>κατέκειτο,</span> 
     </span>
    </p>
   </div>
   <div class='ocr_carea' id='block_1_102' title="bbox 1080 2255 1881 2294">
    <p class='ocr_par' dir='ltr' id='par_1_102' title="bbox 1080 2255 1881 2294">
     <span class='ocr_line' id='line_1_102' title="bbox 1080 2255 1881 2294; baseline 0.004 -13"><span class='ocrx_word' id='word_1_680' title='bbox 1080 2256 1114 2282; x_wconf 81' lang='grc' dir='ltr'>τὰ</span> <span class='ocrx_word' id='word_1_681' title='bbox 1129 2255 1235 2290; x_wconf 80' lang='grc' dir='ltr'>μεγάλα</span> <span class='ocrx_word' id='word_1_682' title='bbox 1251 2256 1322 2291; x_wconf 85' lang='grc' dir='ltr'>κήτη</span> <span class='ocrx_word' id='word_1_683' title='bbox 1338 2257 1385 2282; x_wconf 72' lang='grc' dir='ltr'>καὶ</span> <span class='ocrx_word' id='word_1_684' title='bbox 1399 2256 1463 2288; x_wconf 81' lang='grc' dir='ltr'>τοὺς</span> <span class='ocrx_word' id='word_1_685' title='bbox 1479 2257 1613 2291; x_wconf 81' lang='grc' dir='ltr'>μεγάλους</span> <span class='ocrx_word' id='word_1_686' title='bbox 1632 2257 1800 2292; x_wconf 59' lang='grc' dir='ltr'>μιμούμενος</span> <span class='ocrx_word' id='word_1_687' title='bbox 1812 2259 1881 2294; x_wconf 64' lang='grc' dir='ltr'>δρά-</span> 
     </span>
    </p>
   </div>
   <div class='ocr_carea' id='block_1_103' title="bbox 1081 2301 1879 2337">
    <p class='ocr_par' dir='ltr' id='par_1_103' title="bbox 1081 2301 1879 2337">
     <span class='ocr_line' id='line_1_103' title="bbox 1081 2301 1879 2337; baseline 0.003 -10"><span class='ocrx_word' id='word_1_688' title='bbox 1081 2309 1189 2334; x_wconf 83' lang='grc' dir='ltr'>κοντας,</span> <span class='ocrx_word' id='word_1_689' title='bbox 1204 2301 1229 2327; x_wconf 83' lang='grc' dir='ltr'>οἳ</span> <span class='ocrx_word' id='word_1_690' title='bbox 1245 2301 1380 2336; x_wconf 68' lang='grc' dir='ltr'>σωμάτων</span> <span class='ocrx_word' id='word_1_691' title='bbox 1405 2301 1480 2337; x_wconf 76' lang='grc' dir='ltr'>δγκῳ</span> <span class='ocrx_word' id='word_1_692' title='bbox 1503 2302 1549 2329; x_wconf 76' lang='grc' dir='ltr'>καὶ</span> <span class='ocrx_word' id='word_1_693' title='bbox 1568 2303 1684 2337; x_wconf 67' lang='grc' dir='ltr'><strong>μεγέθειΔ</strong></span> <span class='ocrx_word' id='word_1_694' title='bbox 1699 2303 1879 2337; x_wconf 50' lang='grc' dir='ltr'>βαρούμενοι,</span> 
     </span>
    </p>
   </div>
   <div class='ocr_carea' id='block_1_104' title="bbox 1080 2348 1880 2385">
    <p class='ocr_par' dir='ltr' id='par_1_104' title="bbox 1080 2348 1880 2385">
     <span class='ocr_line' id='line_1_104' title="bbox 1080 2348 1880 2385; baseline 0.003 -11"><span class='ocrx_word' id='word_1_695' title='bbox 1080 2349 1120 2379; x_wconf 86' lang='grc' dir='ltr'><strong>εἰς</strong></span> <span class='ocrx_word' id='word_1_696' title='bbox 1144 2348 1180 2374; x_wconf 81' lang='grc' dir='ltr'>τὰ</span> <span class='ocrx_word' id='word_1_697' title='bbox 1204 2348 1297 2383; x_wconf 79' lang='grc' dir='ltr'>πρόσω</span> <span class='ocrx_word' id='word_1_698' title='bbox 1312 2349 1412 2382; x_wconf 83' lang='grc' dir='ltr'>χωρεῖν</span> <span class='ocrx_word' id='word_1_699' title='bbox 1426 2349 1475 2375; x_wconf 79' lang='grc' dir='ltr'><strong>οὐκ</strong></span> <span class='ocrx_word' id='word_1_700' title='bbox 1491 2348 1640 2385; x_wconf 77' lang='grc' dir='ltr'>ἰσχύουσιν.</span> <span class='ocrx_word' id='word_1_701' title='bbox 1655 2349 1724 2375; x_wconf 78' lang='grc' dir='ltr'>Ἀλλ’</span> <span class='ocrx_word' id='word_1_702' title='bbox 1739 2350 1801 2376; x_wconf 74' lang='grc' dir='ltr'>οὐδὲ</span> <span class='ocrx_word' id='word_1_703' title='bbox 1815 2350 1880 2376; x_wconf 70' lang='grc' dir='ltr'>τότε</span> 
     </span>
    </p>
   </div>
   <div class='ocr_carea' id='block_1_105' title="bbox 1080 2393 1881 2429">
    <p class='ocr_par' dir='ltr' id='par_1_105' title="bbox 1080 2393 1881 2429">
     <span class='ocr_line' id='line_1_105' title="bbox 1080 2393 1881 2429; baseline 0.004 -11"><span class='ocrx_word' id='word_1_704' title='bbox 1080 2393 1128 2428; x_wconf 77' lang='grc' dir='ltr'>τῆς</span> <span class='ocrx_word' id='word_1_705' title='bbox 1143 2393 1197 2419; x_wconf 85' lang='grc' dir='ltr'>τῶν</span> <span class='ocrx_word' id='word_1_706' title='bbox 1213 2393 1318 2419; x_wconf 76' lang='grc' dir='ltr'>ὑδάτων</span> <span class='ocrx_word' id='word_1_707' title='bbox 1332 2393 1450 2420; x_wconf 76' lang='grc' dir='ltr'>ἐπαύετο</span> <span class='ocrx_word' id='word_1_708' title='bbox 1467 2394 1587 2425; x_wconf 76' lang='grc' dir='ltr'>πόσεως·</span> <span class='ocrx_word' id='word_1_709' title='bbox 1601 2393 1662 2420; x_wconf 75' lang='grc' dir='ltr'>ὅθεν</span> <span class='ocrx_word' id='word_1_710' title='bbox 1678 2395 1769 2429; x_wconf 78' lang='grc' dir='ltr'>πάσης</span> <span class='ocrx_word' id='word_1_711' title='bbox 1792 2395 1881 2429; x_wconf 74' lang='grc' dir='ltr'><strong>αὐξή-</strong></span> 
     </span>
    </p>
   </div>
   <div class='ocr_carea' id='block_1_106' title="bbox 1081 2439 1882 2475">
    <p class='ocr_par' dir='ltr' id='par_1_106' title="bbox 1081 2439 1882 2475">
     <span class='ocr_line' id='line_1_106' title="bbox 1081 2439 1882 2475; baseline 0.001 -10"><span class='ocrx_word' id='word_1_712' title='bbox 1081 2447 1150 2470; x_wconf 84' lang='grc' dir='ltr'>σεως</span> <span class='ocrx_word' id='word_1_713' title='bbox 1165 2440 1253 2474; x_wconf 85' lang='grc' dir='ltr'>ἀρχὴν</span> <span class='ocrx_word' id='word_1_714' title='bbox 1268 2439 1383 2474; x_wconf 77' lang='grc' dir='ltr'>ἐχούσης</span> <span class='ocrx_word' id='word_1_715' title='bbox 1397 2440 1446 2475; x_wconf 87' lang='grc' dir='ltr'>τὴν</span> <span class='ocrx_word' id='word_1_716' title='bbox 1463 2440 1570 2475; x_wconf 81' lang='grc' dir='ltr'>κίνησιν</span> <span class='ocrx_word' id='word_1_717' title='bbox 1581 2459 1588 2471; x_wconf 87' lang='grc'><strong>,</strong></span> <span class='ocrx_word' id='word_1_718' title='bbox 1602 2440 1640 2471; x_wconf 86' lang='grc' dir='ltr'>ὡς</span> <span class='ocrx_word' id='word_1_719' title='bbox 1654 2441 1678 2466; x_wconf 84' lang='grc' dir='ltr'>οἱ</span> <span class='ocrx_word' id='word_1_720' title='bbox 1693 2440 1780 2467; x_wconf 82' lang='grc' dir='ltr'>ταῦτα</span> <span class='ocrx_word' id='word_1_721' title='bbox 1796 2441 1882 2466; x_wconf 70' lang='grc' dir='ltr'>δεινοὶ</span> 
     </span>
    </p>
   </div>
   <div class='ocr_carea' id='block_1_107' title="bbox 1080 2485 1882 2522">
    <p class='ocr_par' dir='ltr' id='par_1_107' title="bbox 1080 2485 1882 2522">
     <span class='ocr_line' id='line_1_107' title="bbox 1080 2485 1882 2522; baseline 0.002 -11"><span class='ocrx_word' id='word_1_722' title='bbox 1080 2485 1302 2520; x_wconf 78' lang='grc' dir='ltr'>δογματίζουσιν,</span> <span class='ocrx_word' id='word_1_723' title='bbox 1320 2486 1402 2518; x_wconf 72' lang='grc' dir='ltr'>αὐτὸς</span> <span class='ocrx_word' id='word_1_724' title='bbox 1418 2485 1494 2521; x_wconf 81' lang='grc' dir='ltr'>ηὗξε,</span> <span class='ocrx_word' id='word_1_725' title='bbox 1514 2487 1563 2513; x_wconf 69' lang='grc' dir='ltr'>καὶ</span> <span class='ocrx_word' id='word_1_726' title='bbox 1587 2486 1648 2522; x_wconf 83' lang='grc' dir='ltr'>μηδ’</span> <span class='ocrx_word' id='word_1_727' title='bbox 1663 2486 1733 2518; x_wconf 76' lang='grc' dir='ltr'>ὅλως</span> <span class='ocrx_word' id='word_1_728' title='bbox 1748 2487 1882 2521; x_wconf 69' lang='grc' dir='ltr'>κινούμε-</span> 
     </span>
    </p>
   </div>
   <div class='ocr_carea' id='block_1_108' title="bbox 1080 2532 1882 2568">
    <p class='ocr_par' dir='ltr' id='par_1_108' title="bbox 1080 2532 1882 2568">
     <span class='ocr_line' id='line_1_108' title="bbox 1080 2532 1882 2568; baseline 0.001 -10"><span class='ocrx_word' id='word_1_729' title='bbox 1080 2541 1125 2564; x_wconf 88' lang='grc' dir='ltr'><strong>νος</strong></span> <span class='ocrx_word' id='word_1_730' title='bbox 1138 2533 1187 2567; x_wconf 80' lang='grc' dir='ltr'>τὴν</span> <span class='ocrx_word' id='word_1_731' title='bbox 1204 2532 1285 2567; x_wconf 74' lang='grc' dir='ltr'>φύσιν</span> <span class='ocrx_word' id='word_1_732' title='bbox 1299 2533 1394 2567; x_wconf 76' lang='grc' dir='ltr'>αὐτὴν,</span> <span class='ocrx_word' id='word_1_733' title='bbox 1405 2533 1453 2559; x_wconf 76' lang='grc' dir='ltr'><strong>καὶ</strong></span> <span class='ocrx_word' id='word_1_734' title='bbox 1465 2532 1496 2559; x_wconf 78' lang='grc' dir='ltr'>τὸ</span> <span class='ocrx_word' id='word_1_735' title='bbox 1507 2532 1609 2559; x_wconf 83' lang='grc' dir='ltr'>τούτων</span> <span class='ocrx_word' id='word_1_736' title='bbox 1625 2532 1882 2568; x_wconf 67' lang='grc' dir='ltr'>παραλογιζόμενος</span> 
     </span>
    </p>
   </div>
   <div class='ocr_carea' id='block_1_109' title="bbox 1081 2577 1881 2613">
    <p class='ocr_par' dir='ltr' id='par_1_109' title="bbox 1081 2577 1881 2613">
     <span class='ocr_line' id='line_1_109' title="bbox 1081 2577 1881 2613; baseline -0.003 -9"><span class='ocrx_word' id='word_1_737' title='bbox 1081 2578 1230 2613; x_wconf 81' lang='grc' dir='ltr'>θέσπισμα.</span> <span class='ocrx_word' id='word_1_738' title='bbox 1248 2578 1345 2611; x_wconf 77' lang='grc' dir='ltr'>Λέγειν</span> <span class='ocrx_word' id='word_1_739' title='bbox 1359 2578 1387 2604; x_wconf 71' lang='grc' dir='ltr'>δὲ</span> <span class='ocrx_word' id='word_1_740' title='bbox 1401 2578 1482 2605; x_wconf 83' lang='grc' dir='ltr'>πάλιν</span> <span class='ocrx_word' id='word_1_741' title='bbox 1498 2579 1544 2605; x_wconf 78' lang='grc' dir='ltr'>καὶ</span> <span class='ocrx_word' id='word_1_742' title='bbox 1560 2578 1606 2604; x_wconf 70' lang='grc' dir='ltr'><strong>ἐπὶ</strong></span> <span class='ocrx_word' id='word_1_743' title='bbox 1621 2577 1716 2604; x_wconf 79' lang='grc' dir='ltr'>τούτου</span> <span class='ocrx_word' id='word_1_744' title='bbox 1732 2577 1780 2604; x_wconf 74' lang='grc' dir='ltr'>τοῦ</span> <span class='ocrx_word' id='word_1_745' title='bbox 1797 2583 1881 2612; x_wconf 50' lang='lat' dir='ltr'><strong>von-1&#39;1-</strong></span> 
     </span>
    </p>
   </div>
   <div class='ocr_carea' id='block_1_110' title="bbox 1082 2622 1881 2660">
    <p class='ocr_par' dir='ltr' id='par_1_110' title="bbox 1082 2622 1881 2660">
     <span class='ocr_line' id='line_1_110' title="bbox 1082 2622 1881 2660; baseline 0 -10"><span class='ocrx_word' id='word_1_746' title='bbox 1082 2632 1168 2659; x_wconf 87' lang='grc' dir='ltr'>ματος</span> <span class='ocrx_word' id='word_1_747' title='bbox 1193 2623 1248 2650; x_wconf 82' lang='grc' dir='ltr'>τῶν</span> <span class='ocrx_word' id='word_1_748' title='bbox 1275 2624 1375 2659; x_wconf 84' lang='grc' dir='ltr'>ἰατρῶν</span> <span class='ocrx_word' id='word_1_749' title='bbox 1400 2624 1449 2660; x_wconf 80' lang='grc' dir='ltr'>τὴν</span> <span class='ocrx_word' id='word_1_750' title='bbox 1471 2624 1614 2650; x_wconf 78' lang='grc' dir='ltr'>ἀσθένειαν</span> <span class='ocrx_word' id='word_1_751' title='bbox 1632 2624 1669 2655; x_wconf 83' lang='grc' dir='ltr'>ὡς</span> <span class='ocrx_word' id='word_1_752' title='bbox 1687 2625 1770 2650; x_wconf 72' lang='grc' dir='ltr'>πᾶσιν</span> <span class='ocrx_word' id='word_1_753' title='bbox 1793 2622 1881 2650; x_wconf 74' lang='grc' dir='ltr'>οὖσαν</span> 
     </span>
    </p>
   </div>
   <div class='ocr_carea' id='block_1_111' title="bbox 1081 2669 1881 2706">
    <p class='ocr_par' dir='ltr' id='par_1_111' title="bbox 1081 2669 1881 2706">
     <span class='ocr_line' id='line_1_111' title="bbox 1081 2669 1881 2706; baseline 0 -10"><span class='ocrx_word' id='word_1_754' title='bbox 1081 2669 1246 2696; x_wconf 79' lang='grc' dir='ltr'>εὐσύνοπτον</span> <span class='ocrx_word' id='word_1_755' title='bbox 1262 2671 1481 2705; x_wconf 82' lang='grc' dir='ltr'>παραιτήσομαι·</span> <span class='ocrx_word' id='word_1_756' title='bbox 1500 2670 1567 2706; x_wconf 90' lang='grc' dir='ltr'>δήλη</span> <span class='ocrx_word' id='word_1_757' title='bbox 1583 2671 1638 2705; x_wconf 72' lang='grc' dir='ltr'><strong>γὰρ</strong></span> <span class='ocrx_word' id='word_1_758' title='bbox 1653 2669 1722 2704; x_wconf 73' lang='grc' dir='ltr'>αὕτη</span> <span class='ocrx_word' id='word_1_759' title='bbox 1742 2670 1881 2705; x_wconf 79' lang='grc' dir='ltr'>καθέστη-</span> 
     </span>
    </p>
   </div>
   <div class='ocr_carea' id='block_1_112' title="bbox 1081 2716 1878 2753">
    <p class='ocr_par' dir='ltr' id='par_1_112' title="bbox 1081 2716 1878 2753">
     <span class='ocr_line' id='line_1_112' title="bbox 1081 2716 1878 2753; baseline 0 -11"><span class='ocrx_word' id='word_1_760' title='bbox 1081 2725 1139 2750; x_wconf 80' lang='grc' dir='ltr'>κεν,</span> <span class='ocrx_word' id='word_1_761' title='bbox 1165 2716 1214 2742; x_wconf 81' lang='grc' dir='ltr'><strong>κᾶν</strong></span> <span class='ocrx_word' id='word_1_762' title='bbox 1239 2717 1319 2752; x_wconf 87' lang='grc' dir='ltr'>ἡμεῖς</span> <span class='ocrx_word' id='word_1_763' title='bbox 1344 2717 1540 2752; x_wconf 78' lang='grc' dir='ltr'>σιωπήσωμεν.</span> <span class='ocrx_word' id='word_1_764' title='bbox 1563 2716 1668 2743; x_wconf 74' lang='grc' dir='ltr'>οὐκοῦν</span> <span class='ocrx_word' id='word_1_765' title='bbox 1686 2716 1790 2752; x_wconf 79' lang='grc' dir='ltr'>ταύτην</span> <span class='ocrx_word' id='word_1_766' title='bbox 1813 2719 1878 2753; x_wconf 84' lang='grc' dir='ltr'>σιγῇ</span> 
     </span>
    </p>
   </div>
   <div class='ocr_carea' id='block_1_113' title="bbox 1082 2761 1879 2797">
    <p class='ocr_par' dir='ltr' id='par_1_113' title="bbox 1082 2761 1879 2797">
     <span class='ocr_line' id='line_1_113' title="bbox 1082 2761 1879 2797; baseline 0.001 -9"><span class='ocrx_word' id='word_1_767' title='bbox 1082 2762 1300 2797; x_wconf 77' lang='grc' dir='ltr'>παρελάσαντες,</span> <span class='ocrx_word' id='word_1_768' title='bbox 1314 2761 1362 2796; x_wconf 85' lang='grc' dir='ltr'>τὴν</span> <span class='ocrx_word' id='word_1_769' title='bbox 1382 2763 1505 2789; x_wconf 76' lang='grc' dir='ltr'>Ἰωάννου</span> <span class='ocrx_word' id='word_1_770' title='bbox 1522 2763 1569 2789; x_wconf 70' lang='grc' dir='ltr'><strong>καὶ</strong></span> <span class='ocrx_word' id='word_1_771' title='bbox 1585 2762 1676 2797; x_wconf 78' lang='grc' dir='ltr'>Κύρου</span> <span class='ocrx_word' id='word_1_772' title='bbox 1700 2761 1755 2788; x_wconf 84' lang='grc' dir='ltr'>τῶν</span> <span class='ocrx_word' id='word_1_773' title='bbox 1781 2762 1879 2797; x_wconf 77' lang='grc' dir='ltr'>ἀληθι-</span> 
     </span>
    </p>
   </div>
   <div class='ocr_carea' id='block_1_114' title="bbox 1082 2806 1878 2843">
    <p class='ocr_par' dir='ltr' id='par_1_114' title="bbox 1082 2806 1878 2843">
     <span class='ocr_line' id='line_1_114' title="bbox 1082 2806 1878 2843; baseline 0 -9"><span class='ocrx_word' id='word_1_774' title='bbox 1082 2807 1135 2834; x_wconf 80' lang='grc' dir='ltr'>νῶν</span> <span class='ocrx_word' id='word_1_775' title='bbox 1154 2806 1252 2842; x_wconf 81' lang='grc' dir='ltr'>ἰατρῶν</span> <span class='ocrx_word' id='word_1_776' title='bbox 1267 2807 1389 2842; x_wconf 76' lang='grc' dir='ltr'>λέξωμεν</span> <span class='ocrx_word' id='word_1_777' title='bbox 1405 2808 1519 2843; x_wconf 77' lang='grc' dir='ltr'>δύναμιν</span> <span class='ocrx_word' id='word_1_778' title='bbox 1530 2817 1537 2823; x_wconf 92' lang='grc'><strong>·</strong></span> <span class='ocrx_word' id='word_1_779' title='bbox 1561 2809 1623 2834; x_wconf 72' lang='grc' dir='ltr'>ὅσον</span> <span class='ocrx_word' id='word_1_780' title='bbox 1640 2807 1694 2843; x_wconf 79' lang='grc' dir='ltr'><strong>γὰρ</strong></span> <span class='ocrx_word' id='word_1_781' title='bbox 1709 2809 1725 2843; x_wconf 77' lang='grc' dir='ltr'>ἡ</span> <span class='ocrx_word' id='word_1_782' title='bbox 1739 2808 1793 2834; x_wconf 83' lang='grc' dir='ltr'>τῶν</span> <span class='ocrx_word' id='word_1_783' title='bbox 1810 2816 1878 2842; x_wconf 83' lang='grc' dir='ltr'>προ-</span> 
     </span>
    </p>
   </div>
   <div class='ocr_carea' id='block_1_115' title="bbox 1082 2853 1878 2890">
    <p class='ocr_par' dir='ltr' id='par_1_115' title="bbox 1082 2853 1878 2890">
     <span class='ocr_line' id='line_1_115' title="bbox 1082 2853 1878 2890; baseline 0 -10"><span class='ocrx_word' id='word_1_784' title='bbox 1082 2854 1220 2882; x_wconf 72' lang='grc' dir='ltr'>λαϐόντων</span> <span class='ocrx_word' id='word_1_785' title='bbox 1245 2853 1372 2881; x_wconf 76' lang='grc' dir='ltr'>ἀσθένεια</span> <span class='ocrx_word' id='word_1_786' title='bbox 1397 2855 1475 2890; x_wconf 67' lang='grc' dir='ltr'>σιγῆς</span> <span class='ocrx_word' id='word_1_787' title='bbox 1493 2854 1554 2887; x_wconf 72' lang='grc' dir='ltr'>ἀξία</span> <span class='ocrx_word' id='word_1_788' title='bbox 1572 2854 1729 2890; x_wconf 64' lang='grc' dir='ltr'>γεγένηται,</span> <span class='ocrx_word' id='word_1_789' title='bbox 1754 2854 1878 2889; x_wconf 72' lang='grc' dir='ltr'>τοσαύτη</span> 
     </span>
    </p>
   </div>
  </div>
