1910 3078
42 142 110 174 3585

552 131 605 161 SS.
624 131 711 160 CYRI
725 130 772 160 ΕΤ
791 129 951 160 JOANNIS
964 129 1169 160 MIRACULA.

1564 123 1569 127 ’
1595 127 1665 159 3586

44 199 142 225 τούτων
163 195 180 229 ἡ
203 193 317 227 δύναμις
343 189 542 225 μεγαλοφώνως
562 187 745 222 κηρύττεται·
770 186 831 212 ἐπεὶ

902 190 942 212 ost
959 186 1071 212 multam
1087 184 1284 219 experientiam
1298 188 1428 219 tanquam
1443 183 1560 212 inﬁrmis
1572 184 1667 219 depul-

45 245 184 272 κάκείνους
204 238 333 273 Εὑγὲνιος
347 235 417 271 μετὰ
432 235 529 269 πεῖραν
543 233 643 268 πολλὴν
658 233 694 264 ὡς
708 232 830 262 ἀσθενεῖς

35 284 252 324 παρωσάμενος,
275 283 385 314 τούτους
400 281 437 313 ὼς
452 281 581 311 δυνατοὺς
596 281 627 306 ὲκ
646 280 729 315 μόνης
746 278 832 311 ἀκοῆς

46 335 196 367 ἐπελέξατο.

79 380 181 408 Ἐλθὼν
197 376 243 405 οὖν
260 377 306 402 ἐπὶ
322 375 353 401 τὸ
368 373 421 400 τῶν
436 372 521 406 ἁγίων
538 372 664 406 ἰατρεῖον,
688 370 718 396 τὸ
743 370 832 405 πάσης

47 427 158 462 ἀκηδιας
172 426 219 452 καὶ
236 422 370 450 παντοίων
388 419 484 446 παθῶν
499 418 669 450 ἀλεξίκακον,
682 417 728 442 καὶ
750 417 841 451 πείρα.

49 472 206 510 μεμάθηκεν
221 470 235 496 ὃ
250 469 283 495 δι’
300 467 384 502 ἀκοῆς
408 465 462 501 πρὸ
482 464 529 491 τοῦ
552 464 653 510 πάθους
671 462 832 510 ἐγίγνωσκε..

48 507 102 546 kal.
117 517 243 550 καθάπερ
259 513 428 550 ἠκούσαμεν,
448 511 534 541 οὕτως
550 510 596 536 καὶ
612 509 714 542 ἴδομεν,
732 508 779 533 σὺν
797 507 835 542 τῷ

50 565 160 600 μελῳδῷ
174 561 341 597 διαπρυσεως
364 559 512 594 ἐκήρυττεν
522 564 529 572 ·
544 556 604 582 κατ’
620 555 704 589 αὐτὴν
719 553 773 588 γὰρ
791 554 836 579 εὺ-

130 597 179 644 την
194 608 290 639 νύκτα,
312 605 363 640 τὴν
381 602 440 638 μεθ’
457 603 564 638 ἡμέραν
580 602 608 627 ὲν
659 600 835 634 παρεγένετο,

49 657 100 691 πρὸ
115 655 161 681 τοῦ
176 655 264 688 τάφου
278 652 332 678 τῶν
349 650 434 685 ἁγίων
449 648 642 683 κοιμώμενος.’
653 646 760 676 τούτους
776 645 836 680 βλέ-

50 711 93 728 πει
108 699 252 736 προϊόντας
268 698 329 728 τοὺς
347 696 498 731 μάρτυρας,
515 692 562 719 καὶ
575 692 643 727 πρὸς
659 691 738 718 αὑτὸν
754 691 838 726 ﬁmus

50 748 179 781 λέγοντας
190 754 198 762 ·
223 743 352 774 ’Δναστὰς
367 740 502 771 ἐντεῦθεν,
519 739 642 773 Εὺγένιε,
653 738 719 773 πρὸς
729 738 778 772 τὴν
790 737 838 772 σὴν

51 794 142 821 ὲστίαν
167 790 310 825 ἀπόδραμε
322 797 328 804 ·
353 788 407 814 ἰδοὺ
422 787 477 821 γάρ
495 794 523 812 σε
539 785 571 811 δι’
585 785 663 820 ἡμῶν
685 784 698 810 6
723 783 840 819 Χριστὸς

51 841 91 868 ὲθε
97 840 242 876 ραπευσεν,
255 837 303 862 καὶ
318 835 366 870 τὴν
382 833 459 860 νόσον
472 830 505 868 ἦς
520 832 602 858 ἕνεκα
619 830 686 876 πρὸς
700 830 784 876 ὴμλᾶςγ
790 827 838 864 ἦλ-

52 874 103 915 θες.
120 884 225 910 ἰάσατο.
249 879 388 915 Ἐγερθεὶς
402 876 448 904 οὖν
467 876 584 911 πορεύου
600 875 668 911 πρὸς
681 874 838 909 ὰφεδρῶνας

51 931 89 962 ὼς
109 930 237 964 τάχιστα.
258 927 303 953 καὶ
317 926 406 952 πᾶσαν
419 923 468 958 τὴν
483 924 511 949 ὲν
527 922 567 948 σοὶ
584 921 761 955 συναχθεῖσαν
774 919 839 954 ὕλην

53 976 184 1003 ἀπόϐαλε.
207 974 260 1000 Καὶ
283 971 369 999 ταῦτα
392 971 528 1004 λέγοντες,
554 968 603 1003 τῆς
629 967 677 994 τοῦ
701 966 840 997 νοσοῦντος

53 1022 156 1052 κοιλίας
170 1019 350 1056 προπέψαυον,
368 1017 405 1047 ὡς
420 1015 499 1050 δῆθεν
522 1013 603 1040 αὑτὸν
625 1011 840 1046 καταψήχοντες,

53 1069 90 1105 τῷ
105 1068 126 1096 δ’
139 1066 235 1101 ἀληθεῖ
249 1065 297 1099 τὴν
312 1062 425 1097 ἐκϐολὴν
449 1059 681 1095 δημιουργοῦντες
704 1058 759 1089 τοῖς
779 1056 842 1083 ὕδα-

55 1124 106 1142 σιν.

87 1161 175 1188 Τοῦτο
187 1157 312 1193 δρώντων
337 1155 436 1188 αὐτῶν,
458 1153 496 1184 ὼς
522 1151 581 1187 μεθ’
596 1151 678 1178 ὕπνον
695 1150 799 1185 (ταυτὸν
815 1149 844 1176 δὲ

53 1210 101 1235 καὶ
126 1207 195 1242 μετὰ
216 1205 294 1231 νόσον
317 1201 415 1236 εἰπεῖν)
434 1199 560 1233 Εὺγένιος
576 1199 667 1231 ἔλεγεν
684 1197 777 1232 (μέχρι
790 1196 844 1231 γὰρ

55 1255 140 1280 ὕπνου
164 1252 199 1278 τὰ
223 1251 271 1285 τῆς
294 1249 371 1275 νόσου
396 1245 575 1282 κεκράτηκε),
590 1244 689 1278 γύναια
705 1243 767 1278 τρία
791 1242 845 1268 τῶν

57 1298 206 1335 μαρτύρων
236 1294 346 1322 ὄπισθεν
363 1292 495 1328 ἔκραζεν
513 1291 591 1322 Τίνος
619 1289 730 1321 ἕνεκεν,
761 1288 844 1322 ἅγιοι,

55 1346 135 1380 ἡμεῖς
155 1343 203 1378 μὲν
219 1342 314 1376 χρόνον
328 1340 425 1374 ἔχομεν
438 1337 532 1364 ἐνθάδε
550 1336 717 1371 καθήμεναι,
729 1335 776 1361 καὶ
787 1335 847 1380 ταῖς

56 1379 172 1425 πληγαῖς
185 1387 350 1420 ὸόυνώμεναι
368 1384 434 1419 (τῶν
449 1383 503 1417 γὰρ
522 1382 610 1408 ἐκεῖσε
624 1381 759 1415 κειμένων
770 1379 848 1413 ἐτύγ-

57 1434 193 1471 χανον,ὼ;
210 1432 311 1462 ταύτας
328 1431 435 1463 ἐπέγνω
453 1428 509 1463 μετ’
518 1427 583 1463 ὄναρ
594 1428 607 1454 6
622 1426 788 1461 ἄρρωστος),
801 1425 849 1452 καὶ

57 1481 219 1516 νοσημάτων
229 1477 306 1504 οὔπω
318 1474 494 1510 πεπαύμεθα·
508 1472 584 1504 οὗτος
599 1473 625 1499 δὲ
638 1472 701 1507 χθὲς
714 1472 848 1521 ἀφικιξμε-

58 1535 114 1558 νος,
143 1525 191 1552 καὶ
217 1523 298 1549 πάθει
320 1520 471 1556 τηλικούτῳ
498 1518 702 1554 κρατούμενος,
729 1518 849 1552 σήμερον
864 1529 884 1556 C

58 1572 174 1607 ἦξίωται
193 1569 314 1605 ῥώσεως,
333 1567 380 1594 καὶ
404 1568 503 1602 χωρεῖν
518 1566 586 1592 οἴκοι
602 1564 762 1596 κελεύεταις
779 1563 849 1598 [Ιρδς

59 1620 91 1649 ἃς
109 1617 275 1653 στραφέντες
292 1614 316 1640 οι
333 1614 479 1649 μάρτυρες,
492 1612 587 1646 φησὶν,
606 1611 674 1645 μετὰ
690 1610 780 1644 πάσης
797 1609 850 1634 ἀπ-

60 1664 205 1698 ελογοῦντο
234 1660 397 1695 πραότητοςσ
425 1658 482 1692 Οὺχ
510 1658 601 1692 ἡμεῖς,
628 1653 650 1682 ὧ
674 1656 783 1688 γύναια,
801 1655 850 1689 τῆς

60 1710 158 1745 ὑγείας
182 1707 352 1742 τυγχάνομεν
374 1704 484 1740 κύριοι,
509 1703 576 1729 ἀλλὰ
591 1701 707 1736 Χριστὸς
721 1702 735 1727 ὁ
750 1700 850 1734 προϐο-

59 1755 124 1786 λεύς
136 1763 165 1781 τε
181 1753 227 1779 καὶ
236 1751 378 1786 πρύτανις.
394 1748 582 1783 Ἀφικνοῦνται
597 1756 668 1779 τινες
680 1746 851 1781 μακροτέρας

61 1801 189 1832 παιδείας
213 1798 346 1831 δεόμενοι,
367 1796 414 1822 καὶ
439 1795 521 1822 πάλιν
546 1794 635 1828 ἕτεροι
651 1792 851 1827 θεραπευθῆναι

61 1847 161 1873 θᾶττον
184 1843 354 1878 ὀφείλοντες’
375 1842 456 1875 ἡμεῖς
475 1840 529 1874 γὰρ
545 1839 616 1874 ὑπὲρ
632 1838 738 1865 πάντων
752 1837 852 1872 ὁμοίως

60 1892 111 1923 τὰς
136 1889 258 1918 ἱκετείας
280 1886 470 1922 προσφέρομεν
481 1893 488 1901 ·
507 1885 554 1911 καὶ
567 1883 596 1911 ὃν
611 1884 644 1910 ἂν
661 1883 729 1918 πρὸς
743 1883 789 1909 τιῦ
805 1883 853 1908 Δε-

62 1937 165 1964 σπότου
192 1935 261 1961 Θεοῦ
285 1934 332 1959 καὶ
359 1932 486 1967 Σωτῆρος
504 1930 589 1964 Ἰησοῦ
615 1929 734 1965 Χριστοῦ
757 1928 854 1955 κελευ-

62 1982 208 2016 σθείημεν,
222 1979 317 2006 τοῦτον
340 1976 558 2013 θεραπεύσαντες
584 1975 664 2006 εὐθὺς
688 1974 852 2009 ἀπολύομεν.

61 2027 165 2054 Τοῦτον
177 2023 224 2052 οὖν
239 2025 286 2051 καὶ
298 2024 376 2058 ὑμεῖς
391 2023 440 2049 σὺν
454 2023 519 2057 ἡμῖν
541 2020 709 2053 ἱκετεύσατε,
735 2021 779 2047 ἵνα
804 2021 854 2056 τὴν

61 2073 144 2107 χάριν
172 2069 309 2104 παράσχοι
333 2068 387 2094 τῶν
416 2067 557 2102 ὑμετέρων
577 2066 731 2100 αἰτήσεων·
755 2064 803 2090 καὶ
829 2065 854 2090 ει

64 2115 299 2150 σπλαγχνισθεὶη,
322 2113 370 2140 καὶ
394 2113 472 2147 μόνον
496 2111 623 2138 κελεῦσαι
650 2108 854 2141 καταξιώσειεν,

63 2163 170 2197 ταχέως
187 2162 267 2196 ἡμεῖς
282 2159 424 2195 πληρωταὶ
436 2157 491 2184 τῶν
504 2157 583 2183 θείων
602 2155 684 2182 αὑτοῦ
701 2155 855 2190 θεσπισμά-

62 2218 118 2235 των
134 2207 302 2242 γιγνόμεθα·
317 2203 348 2232 οὗ
364 2205 449 2240 χωρὶς
471 2203 650 2234 ὲπινεύσεως,
667 2201 729 2228 οὔτε
747 2202 856 2236 κρατεῖν
873 2206 894 2232 ιι

65 2253 127 2280 οὗτε
143 2252 273 2279 ἀπολύειν
285 2252 348 2282 τοὺς
360 2250 428 2285 πρὸς
445 2250 517 2284 ἡμᾶς
532 2247 694 2284 ἐρχομένους
707 2245 855 2281 δυνάμεθα.

65 2300 120 2326 Καὶ
133 2298 225 2325 ταῦτα
242 2298 290 2332 μὲν
305 2298 329 2323 οἱ
344 2296 484 2323 θεσπέσιοι
503 2295 640 2329 μάρτυρες
661 2293 728 2328 πρὸς
750 2294 797 2323 τὰς
812 2301 860 2325 γυ-

65 2347 164 2376 ναῖκας
185 2343 361 2378 ἐφθέγξαντο.

103 2391 210 2417 ’Υπνου
234 2390 262 2416 δὲ
285 2389 333 2415 καὶ
359 2387 527 2423 στρωμάτων
550 2385 670 2416 ἀναστὰς
691 2384 705 2410 6
720 2384 858 2417 Εὑγένιος,

67 2438 135 2473 πρὸς
150 2436 310 2471 ἁφεδριῖινας
331 2433 491 2464 ἐσπούδαζε,
510 2431 634 2458 σπεύδειν
647 2431 728 2457 αὑτὸν
744 2430 793 2464 τῆς
809 2438 860 2464 γα-

68 2485 148 2519 στρὸς
163 2482 232 2517 πρὸς
245 2481 275 2507 τὸ
293 2480 461 2516 μαρτυρικδν
478 2477 686 2512 ἀναγκαζούσης
708 2476 859 2510 ἐπίταγμα.

68 2531 121 2556 Καὶ
138 2531 167 2555 ἐν
184 2528 291 2558 τούτοις
308 2527 464 2560 γενόμενος,
489 2525 600 2551 ἃπασαν
624 2523 705 2554 εὐθὺς
728 2521 776 2557 τὴν
795 2521 861 2556 ὓλην

69 2575 129 2611 [τὴν
155 2576 185 2600 ἐν
200 2574 251 2609 μιᾷ
263 2572 358 2608 χρόνου
369 2571 470 2605 στιγμῇ
487 2569 685 2605 προσεκένωσε·
698 2568 744 2594 καὶ
760 2566 862 2601 ταύτην

65 2620 209 2651 κενωθεὶς,
220 2619 257 2650 ὡς
265 2619 429 2654 εἰρήκαμεν,
438 2617 452 2643 ὁ
461 2617 569 2642 πάντων
578 2613 706 2641 εἰσελθὼν
715 2614 778 2640 ὅσον
795 2613 863 2648 πρὸς

66 2664 137 2697 εἶδος
161 2665 326 2700 παχύτερος,
348 2663 416 2689 πολὺ
434 2662 539 2688 πολλῶν
556 2660 650 2695 ἐξῆλθε
669 2660 725 2686 τῶν
741 2658 863 2693 ἀφεδρῶ-

66 2721 119 2739 νων
139 2711 305 2746 ἱσχνότερος.
330 2710 439 2736 Μᾶλλον
460 2708 488 2735 δὲ
507 2707 644 2734 κάνταῦθα
669 2706 825 2741 σύμμετρος
849 2706 864 2732 6

67 2759 230 2793 γεωμέτρης
257 2756 380 2792 ὲξὲθορε¹
409 2755 490 2790 μόνον
520 2755 575 2789 γὰρ
599 2754 649 2788 τῆς
675 2752 793 2788 γαστρὸς
817 2752 862 2778 τὸν

67 2805 152 2838 δγκον
166 2805 246 2839 ἔσχεν
262 2803 428 2838 ἀμέτρητον,
441 2801 490 2828 καὶ
504 2800 548 2828 τὸν
565 2799 660 2835 καιρὸν
680 2799 730 2834 τῆς
755 2798 863 2830 ἰάσεως,

66 2851 113 2877 τὸν
139 2851 190 2887 μὲν
215 2849 258 2876 διὰ
275 2849 376 2883 πολλὴν
394 2848 464 2875 πάνυ
481 2846 647 2882 βραχύτητα,
665 2845 710 2872 τὸν
726 2845 754 2871 δὲ
769 2844 813 2871 διὰ
835 2843 864 2870 τὸ

881 232 931 263 sis,
945 231 996 258 hos
1013 238 1046 258 ex
1062 231 1122 258 solo
1134 229 1228 257 auditu
1242 230 1326 257 veluti
1346 233 1474 264 potentes
1487 230 1580 265 elegit.

919 361 1012 394 Itaque
1026 368 1087 387 cum
1115 360 1232 388 venisset
1265 361 1297 387 ad
1327 365 1484 388 sanctorum
1517 360 1669 387 remedium

884 407 1094 440 capessendum,
1113 407 1185 441 quod
1199 415 1280 434 omne
1304 407 1413 433 twdium
1431 412 1456 434 et
1468 407 1592 434 diversas
1608 414 1670 441 pas-

886 453 980 480 siones
1003 453 1137 487 abigebat.
1154 453 1342 486 experimento
1362 453 1468 484 didicit,
1487 453 1558 487 quod
1576 453 1670 479 auditu

886 501 948 524 ante
978 499 1132 532 passionem
1155 503 1331 533 cognoverat.
1357 498 1389 525 Et
1409 499 1480 526 sicut
1504 499 1670 529 audivimus,

887 544 922 570 ita
936 549 962 570 et
973 544 1100 576 vidimus,
1111 553 1172 572 cum
1188 545 1358 572 modulatore
1367 546 1482 572 altisono.
1496 545 1671 580 prmdicabat.

887 587 986 614 Eadem
1009 589 1110 623 quippe
1127 590 1258 616 continuo
1284 595 1374 623 nocte,
1391 594 1451 624 post
1465 591 1536 617 diem
1558 597 1611 624 qua
1626 597 1672 617 ve-

889 639 976 666 nerat,
1006 641 1067 660 cum
1093 639 1156 661 ante
1184 635 1340 670 sepulcrum
1365 640 1520 663 sanctorum
1531 635 1672 668 dormiret,

889 680 939 707 hos
957 680 1028 707 videt
1046 681 1194 715 procedere
1216 685 1360 716 martyres,
1378 686 1404 708 et
1421 682 1513 708 dicere
1532 681 1583 709 sibi
1597 680 1676 708 audi-

890 726 951 753 vit:
974 725 1155 761 Surge'hinc,
1183 726 1298 761 Eugeni,
1332 727 1366 754 ad
1397 731 1527 762 tuamque
1558 727 1671 754 domum

890 772 1033 805 regredere
1048 779 1055 797 :
1073 778 1138 798 ecce
1155 772 1227 798 enim
1240 775 1265 798 te
1286 779 1333 806 per
1350 779 1400 798 nos
1419 771 1546 798 Christus
1559 771 1675 804 curavit,

891 821 918 844 et
944 818 1116 851 languorem,
1134 820 1246 851 propter
1268 825 1348 851 quem
1364 817 1396 843 ad
1411 824 1461 844 nos
1476 817 1585 848 venisti,
1596 823 1677 844 sana-

892 862 938 889 vit.
953 861 1073 896 Surgens
1087 869 1153 896 ergo
1168 862 1201 889 ad
1215 869 1352 890 secessum
1365 863 1529 897 quantocius
1541 870 1655 897 propera
1667 870 1676 894 ;

891 910 918 934 et
940 906 1032 935 fzecem
1062 910 1170 934 onlnem
1204 916 1264 943 quae
1280 909 1307 934 in
1325 914 1351 935 te
1365 908 1479 935 collecta
1509 912 1561 940 est,
1590 908 1677 935 abice.

892 951 925 978 Et
938 960 1000 979 cum
1028 953 1085 979 hanc
1100 953 1231 986 dicerent,
1246 958 1369 980 ventrem
1388 954 1537 988 tetigerunt
1547 954 1680 989 languen-

893 999 938 1030 tis,
958 1000 1031 1025 ltune
1056 1000 1133 1034 quasi
1154 999 1293 1033 tricantes,
1319 1000 1366 1027 sed
1385 1000 1411 1027 in
1424 1000 1538 1027 veritate
1553 999 1678 1026 morbum

893 1044 1063 1079 aegritudinis
1091 1045 1278 1079 insequentes,
1304 1049 1331 1071 et
1346 1052 1478 1079 aquarum
1497 1043 1678 1078 abjectionem

877 1090 1040 1117 salubriter
1053 1095 1208 1124 operantes.

929 1135 997 1163 Cum
1016 1139 1106 1162 autent
1125 1136 1177 1162 hoc
1198 1140 1335 1170 gererent,
1352 1139 1382 1162 ut
1407 1141 1467 1170 post
1483 1135 1618 1162 somnium
1640 1134 1680 1170 (id

895 1183 985 1217 ipsmn
1001 1187 1042 1209 est
1061 1182 1084 1209 si
1110 1182 1235 1209 dicamus
1259 1185 1321 1216 post
1341 1182 1511 1216 languorem,
1533 1188 1619 1215 usque
1648 1181 1682 1207 ad

896 1236 1022 1256 somnum
1050 1227 1150 1262 quippe
1179 1235 1209 1254 se
1231 1227 1345 1262 languor
1373 1227 1522 1262 obtinuit),
1545 1226 1683 1261 Eugenius

896 1274 1045 1306 asserebat,
1065 1274 1193 1300 mulieres
1210 1277 1266 1300 tres
1280 1273 1435 1299 clamabant
1448 1277 1508 1307 post
1523 1277 1658 1308 martyres
1672 1281 1679 1298 :

897 1319 1092 1352 Quamobrem,
1111 1319 1208 1352 sancti,
1225 1326 1274 1346 nos
1297 1327 1398 1346 annum
1427 1319 1469 1345 hic
1492 1320 1624 1346 habemus
1642 1326 1685 1345 se-

897 1364 1004 1396 dentes,
1023 1364 1171 1398 plagasque
1185 1362 1309 1390 dolentes
1327 1364 1370 1398 (ex
1385 1363 1439 1389 illis
1454 1364 1525 1389 enim
1537 1366 1616 1389 erant
1627 1370 1686 1397 quae

899 1409 954 1435 illic
964 1408 1102 1442 iacebant,
1120 1413 1148 1434 ut
1166 1408 1216 1435 has
1236 1412 1297 1442 post
1322 1408 1459 1434 somnium
1472 1408 1629 1441 recognovit
1647 1407 1686 1433 in-

900 1454 1015 1488 ﬁrmus),
1031 1457 1057 1481 et
1069 1461 1123 1488 pra:
1140 1453 1317 1488 languoribus
1335 1453 1456 1488 requiem
1473 1460 1526 1480 no.1
1543 1453 1687 1484 habemus.

901 1505 927 1527 et
945 1500 996 1527 iste
1012 1501 1058 1534 qui
1072 1500 1130 1526 heri
1144 1499 1229 1532 venit,
1248 1504 1274 1525 et
1292 1499 1422 1533 passione
1437 1503 1512 1525 tanta
1531 1499 1688 1532 tenebatur,

903 1546 984 1573 hodie
996 1546 1115 1573 sanitate
1129 1545 1230 1580 dignus
1239 1544 1365 1576 edicitur,
1378 1550 1405 1571 et
1417 1544 1527 1571 domum
1535 1545 1610 1571 abire
1621 1553 1688 1579 pra:-

903 1591 1021 1627 cipitur?
1035 1591 1075 1618 Ad
1086 1599 1156 1626 quas
1174 1597 1309 1627 martyres
1322 1591 1401 1626 quasi
1413 1590 1538 1618 conversi
1554 1598 1616 1616 cum
1631 1598 1688 1616 out-

905 1637 932 1663 ui
948 1636 1157 1664 mansuetudine
1173 1636 1375 1671 respondebant
1391 1644 1398 1662 :
1413 1636 1544 1668 Nonnus,
1558 1644 1574 1661 ο
1591 1637 1690 1662 niuhe<

905 1690 959 1714 res,
972 1683 1099 1710 sanitatis
1118 1682 1221 1709 domini
1241 1689 1347 1714 sumus,
1372 1683 1419 1710 sed
1438 1682 1564 1709 Christus
1583 1681 1628 1716 qui
1649 1686 1691 1708 est

904 1727 1031 1761 provisor
1046 1731 1072 1754 et
1084 1730 1188 1754 custos.
1208 1726 1326 1754 Veniunt
1343 1727 1427 1762 igitur
1440 1726 1484 1753 hic
1501 1727 1614 1761 quidam
1633 1734 1685 1760 pro

906 1772 1012 1799 Iixioris
1026 1773 1217 1808 castigationis
1237 1778 1360 1807 egentes,
1377 1777 1404 1799 et
1422 1779 1519 1799 rursus
1533 1772 1578 1798 alii
1601 1772 1692 1798 curari

905 1819 959 1845 cito
972 1819 1118 1851 debentes;
1133 1825 1184 1846 nos
1197 1818 1270 1845 enim
1282 1819 1411 1846 similiter
1428 1826 1478 1853 pro
1490 1818 1619 1845 omnibus
1628 1825 1692 1852 snp-

906 1865 1066 1900 plicationes
1080 1864 1231 1897 oderimus,
1245 1869 1273 1892 et
1281 1872 1475 1900 quemcunque
1490 1873 1506 1891 a
1518 1864 1694 1892 dominatore

906 1909 961 1937 Deo
976 1917 1008 1936 ac
1024 1909 1168 1937 Salvatore
1193 1914 1289 1936 nostro
1306 1908 1370 1937 Jesu
1386 1910 1499 1937 Christo
1517 1910 1589 1945 iussi
1610 1910 1690 1937 fueri-

906 1965 967 1985 mus
982 1965 1090 1989 curare,
1107 1958 1178 1984 hunc
1204 1962 1332 1985 sanatum
1356 1958 1500 1985 confestim
1517 1958 1694 1985 dimittimus.

907 2004 985 2030 Hunc
1003 2011 1067 2039 ergo
1077 2007 1104 2031 et
1116 2011 1165 2031 vos
1175 2011 1226 2030 una
1239 2004 1381 2031 nobiscum
1396 2009 1518 2037 exorate,
1534 2008 1564 2031 ut
1579 2005 1695 2039 gratiam

907 2056 1061 2078 vestrarum
1092 2051 1196 2078 tribuat
1219 2051 1393 2084 sanitatum;
1415 2055 1442 2078 et
1461 2052 1483 2078 si
1507 2052 1697 2079 misericordia

909 2101 999 2124 motus
1014 2101 1119 2124 tantmtt
1144 2097 1225 2124 fuerit
1248 2097 1344 2132 jubere
1360 2097 1498 2133 dignatus,
1526 2099 1630 2125 celeres
1647 2105 1697 2124 nos

908 2144 1089 2177 completorcs
1107 2143 1260 2170 divinorum
1276 2144 1336 2178 ejus
1351 2144 1522 2172 decretorum
1536 2144 1696 2174 eﬂieicumr.

909 2190 969 2217 sine
992 2189 1071 2224 cujus
1091 2195 1155 2216 uulu
1176 2197 1264 2224 neque
1280 2195 1372 2217 tenere
1396 2199 1484 2225 neque
1509 2191 1646 2218 dimittere
1662 2190 1696 2216 ad

910 2244 960 2263 nos
981 2237 1121 2263 venientes
1148 2236 1279 2264 valemus.
1311 2236 1344 2263 Et
1370 2237 1428 2263 haec
1457 2236 1566 2270 quidem
1595 2237 1697 2271 egregii

910 2287 1045 2319 martyres
1062 2283 1094 2310 ad
1108 2283 1238 2310 tultlieres
1255 2283 1315 2310 illas
1326 2283 1399 2310 utiuti
1411 2288 1486 2311 sunt.

945 2375 1012 2402 Cum
1037 2379 1126 2401 autem
1151 2381 1166 2400 a
1184 2381 1280 2401 somno
1301 2378 1327 2400 et
1353 2373 1510 2401 stramentis
1534 2374 1700 2401 surrexisset

913 2422 1062 2457 Eugenius,
1081 2421 1112 2447 ad
1130 2420 1244 2446 latrinas
1256 2419 1438 2450 accelerabat,
1454 2419 1527 2446 hunc
1545 2420 1700 2446 accelerare

913 2474 1008 2495 ventre
1023 2468 1054 2493 ad
1073 2467 1249 2501 martyricum
1262 2470 1378 2499 cogente
1394 2470 1573 2500 pret-ceptum.
1589 2466 1621 2492 Et
1637 2474 1699 2492 cum

911 2515 944 2541 ad
960 2514 1009 2540 has
1021 2513 1200 2548 pervenisset,
1216 2518 1324 2538 onmem
1339 2511 1472 2537 continuo
1490 2511 1594 2542 limum,
1613 2511 1660 2546 qui
1674 2512 1701 2539 in

913 2569 945 2588 eo
964 2561 1067 2587 diutius
1083 2558 1183 2590 fuerat,
1201 2565 1256 2584 uno
1271 2562 1373 2591 puncto
1389 2557 1522 2591 temporis
1538 2558 1700 2584 exinanirit.

914 2606 945 2632 Et
970 2606 1031 2637 hoc,
1047 2609 1077 2632 ut
1095 2604 1227 2636 diximus,
1244 2603 1397 2633 exinanito,
1409 2603 1456 2637 qui
1474 2603 1600 2630 omnibus
1615 2604 1703 2630 intra-

913 2654 950 2680 vit
967 2657 1099 2687 qunmum
1125 2651 1158 2677 ad
1186 2650 1304 2684 speciem
1327 2649 1467 2684 grassior,
1492 2650 1584 2676 multis
1607 2650 1701 2682 exivit,

913 2703 1063 2727 evacuanle
1089 2705 1118 2724 se
1142 2704 1264 2727 secessu,
1289 2696 1428 2731 gracilior.
1458 2696 1513 2722 lmo
1535 2700 1562 2723 et
1584 2696 1624 2723 sic
1640 2703 1703 2731 geo-

916 2750 1000 2772 metra
1018 2744 1068 2770 istc
1082 2743 1205 2778 pristina:
1217 2750 1353 2769 mensura:
1370 2741 1494 2768 redditus
1507 2742 1627 2769 exsilivit
1638 2750 1646 2775 ;
1658 2749 1704 2769 so-

915 2794 970 2820 lum
990 2800 1107 2827 namque
1133 2791 1238 2818 ventris
1258 2790 1354 2817 habuit
1377 2795 1524 2821 tumorem,
1549 2792 1704 2823 cttempus

915 2839 1042 2867 sanitatis
1067 2840 1230 2865 immensum
1245 2845 1252 2870 ;
1269 2837 1321 2865 ltoc
1335 2835 1447 2871 quidem
1466 2837 1501 2864 ob
1517 2835 1629 2862 multam
1651 2841 1705 2869 op-
