  <div class='ocr_page' id='page_1' title='image "/cluster/home/n/w/nwhite01/storage/ocr_20150623/87, pt.3/njp.32101010943817/463.png"; bbox 0 0 1910 3078; ppageno 0'>
   <div class='ocr_carea' id='block_1_1' title="bbox 229 128 335 162">
    <p class='ocr_par' dir='ltr' id='par_1_1' title="bbox 229 128 335 162">
     <span class='ocr_line' id='line_1_1' title="bbox 229 128 335 162; baseline 0 0"><span class='ocrx_word' id='word_1_1' title='bbox 229 133 298 162; x_wconf 63' lang='lat' dir='ltr'><strong>33W</strong></span> <span class='ocrx_word' id='word_1_2' title='bbox 330 128 335 132; x_wconf 86' lang='grc'><strong>”</strong></span> 
     </span>
    </p>
   </div>
   <div class='ocr_carea' id='block_1_2' title="bbox 683 134 1437 167">
    <p class='ocr_par' dir='ltr' id='par_1_2' title="bbox 683 134 1437 167">
     <span class='ocr_line' id='line_1_2' title="bbox 683 134 1437 167; baseline -0.001 0"><span class='ocrx_word' id='word_1_3' title='bbox 683 137 713 167; x_wconf 88' lang='lat' dir='ltr'><strong>S.</strong></span> <span class='ocrx_word' id='word_1_4' title='bbox 732 136 939 166; x_wconf 67' lang='lat' dir='ltr'><strong>SOPlIRONll</strong></span> <span class='ocrx_word' id='word_1_5' title='bbox 963 134 1216 165; x_wconf 71' lang='grc' dir='ltr'><strong>ΡΑΤΗΙΑΒΟΗΑΞ</strong></span> <span class='ocrx_word' id='word_1_6' title='bbox 1234 135 1437 166; x_wconf 85' lang='lat' dir='ltr'><strong>HIEROSOL.</strong></span> 
     </span>
    </p>
   </div>
   <div class='ocr_carea' id='block_1_3' title="bbox 1798 135 1870 166">
    <p class='ocr_par' dir='ltr' id='par_1_3' title="bbox 1798 135 1870 166">
     <span class='ocr_line' id='line_1_3' title="bbox 1798 135 1870 166; baseline 0 0"><span class='ocrx_word' id='word_1_7' title='bbox 1798 135 1870 166; x_wconf 65' lang='lat'><strong>3588</strong></span> 
     </span>
    </p>
   </div>
   <div class='ocr_carea' id='block_1_4' title="bbox 232 190 1044 227">
    <p class='ocr_par' dir='ltr' id='par_1_4' title="bbox 232 190 1044 227">
     <span class='ocr_line' id='line_1_4' title="bbox 232 190 1044 227; baseline 0.002 -11"><span class='ocrx_word' id='word_1_8' title='bbox 232 191 296 222; x_wconf 82' lang='lat' dir='ltr'><strong>pido</strong></span> <span class='ocrx_word' id='word_1_9' title='bbox 313 190 486 224; x_wconf 78' lang='lat' dir='ltr'><strong>brevitatem,</strong></span> <span class='ocrx_word' id='word_1_10' title='bbox 502 191 577 218; x_wconf 75' lang='lat' dir='ltr'><strong>illiilli</strong></span> <span class='ocrx_word' id='word_1_11' title='bbox 591 199 655 220; x_wconf 85' lang='lat' dir='ltr'><strong>vero</strong></span> <span class='ocrx_word' id='word_1_12' title='bbox 667 197 779 227; x_wconf 77' lang='lat' dir='ltr'><strong>propter</strong></span> <span class='ocrx_word' id='word_1_13' title='bbox 789 198 894 220; x_wconf 81' lang='lat' dir='ltr'><strong>vastam</strong></span> <span class='ocrx_word' id='word_1_14' title='bbox 910 196 938 220; x_wconf 90' lang='lat' dir='ltr'><strong>ct</strong></span> <span class='ocrx_word' id='word_1_15' title='bbox 958 192 1024 219; x_wconf 71' lang='lat' dir='ltr'><strong>inm—</strong></span> <span class='ocrx_word' id='word_1_16' title='bbox 1039 211 1044 222; x_wconf 57' lang='grc' dir='ltr'><strong><em>λ</em></strong></span> 
     </span>
    </p>
   </div>
   <div class='ocr_carea' id='block_1_5' title="bbox 1091 190 1872 227">
    <p class='ocr_par' dir='ltr' id='par_1_5' title="bbox 1091 190 1872 227">
     <span class='ocr_line' id='line_1_5' title="bbox 1091 190 1872 227; baseline -0.001 -9"><span class='ocrx_word' id='word_1_17' title='bbox 1091 192 1144 218; x_wconf 53' lang='lat' dir='ltr'><strong>loli:</strong></span> <span class='ocrx_word' id='word_1_18' title='bbox 1159 192 1207 218; x_wconf 75' lang='grc' dir='ltr'>καὶ</span> <span class='ocrx_word' id='word_1_19' title='bbox 1223 191 1383 219; x_wconf 75' lang='grc' dir='ltr'><strong>ἀνείκαστον</strong></span> <span class='ocrx_word' id='word_1_20' title='bbox 1396 192 1521 227; x_wconf 82' lang='grc' dir='ltr'>μέγεθος.</span> <span class='ocrx_word' id='word_1_21' title='bbox 1544 191 1621 219; x_wconf 69' lang='grc' dir='ltr'>Οὕτω</span> <span class='ocrx_word' id='word_1_22' title='bbox 1636 191 1684 226; x_wconf 83' lang='grc' dir='ltr'>μὲν</span> <span class='ocrx_word' id='word_1_23' title='bbox 1697 190 1743 218; x_wconf 79' lang='grc' dir='ltr'>οῦν</span> <span class='ocrx_word' id='word_1_24' title='bbox 1759 192 1804 218; x_wconf 82' lang='grc' dir='ltr'><strong>καί</strong></span> <span class='ocrx_word' id='word_1_25' title='bbox 1819 192 1872 217; x_wconf 81' lang='grc' dir='ltr'><strong>Εὑ-</strong></span> 
     </span>
    </p>
   </div>
   <div class='ocr_carea' id='block_1_6' title="bbox 231 235 1022 273">
    <p class='ocr_par' dir='ltr' id='par_1_6' title="bbox 231 235 1022 273">
     <span class='ocr_line' id='line_1_6' title="bbox 231 235 1022 273; baseline 0.005 -11"><span class='ocrx_word' id='word_1_26' title='bbox 231 235 396 263; x_wconf 71' lang='grc' dir='ltr'>ειῖιηοὺὶιυηι</span> <span class='ocrx_word' id='word_1_27' title='bbox 422 237 648 272; x_wconf 72' lang='lat' dir='ltr'><strong>magnitudinem.</strong></span> <span class='ocrx_word' id='word_1_28' title='bbox 671 237 766 273; x_wconf 91' lang='lat' dir='ltr'><strong>Itaque</strong></span> <span class='ocrx_word' id='word_1_29' title='bbox 782 239 875 266; x_wconf 75' lang='lat' dir='ltr'><strong>taliter</strong></span> <span class='ocrx_word' id='word_1_30' title='bbox 889 243 916 266; x_wconf 88' lang='lat' dir='ltr'><strong>et</strong></span> <span class='ocrx_word' id='word_1_31' title='bbox 933 238 1022 273; x_wconf 77' lang='lat' dir='ltr'><strong>Euge-</strong></span> 
     </span>
    </p>
   </div>
   <div class='ocr_carea' id='block_1_7' title="bbox 230 280 1022 318">
    <p class='ocr_par' dir='ltr' id='par_1_7' title="bbox 230 280 1022 318">
     <span class='ocr_line' id='line_1_7' title="bbox 230 280 1022 318; baseline 0.004 -10"><span class='ocrx_word' id='word_1_32' title='bbox 230 280 296 308; x_wconf 89' lang='lat' dir='ltr'><strong>nius</strong></span> <span class='ocrx_word' id='word_1_33' title='bbox 312 289 404 308; x_wconf 80' lang='lat' dir='ltr'><strong>necem</strong></span> <span class='ocrx_word' id='word_1_34' title='bbox 422 281 529 317; x_wconf 76' lang='lat' dir='ltr'><strong>fugiens</strong></span> <span class='ocrx_word' id='word_1_35' title='bbox 542 283 726 318; x_wconf 72' lang='lat' dir='ltr'><strong>aegritudinis,</strong></span> <span class='ocrx_word' id='word_1_36' title='bbox 740 289 766 312; x_wconf 89' lang='lat' dir='ltr'><strong>et</strong></span> <span class='ocrx_word' id='word_1_37' title='bbox 779 285 888 312; x_wconf 90' lang='lat' dir='ltr'><strong>concite</strong></span> <span class='ocrx_word' id='word_1_38' title='bbox 904 285 1022 312; x_wconf 84' lang='lat' dir='ltr'><strong>sanitate</strong></span> 
     </span>
    </p>
   </div>
   <div class='ocr_carea' id='block_1_8' title="bbox 232 329 1023 365">
    <p class='ocr_par' dir='ltr' id='par_1_8' title="bbox 232 329 1023 365">
     <span class='ocr_line' id='line_1_8' title="bbox 232 329 1023 365; baseline 0.006 -13"><span class='ocrx_word' id='word_1_39' title='bbox 232 331 371 361; x_wconf 84' lang='lat' dir='ltr'><strong>percepta,</strong></span> <span class='ocrx_word' id='word_1_40' title='bbox 389 329 492 362; x_wconf 70' lang='lat' dir='ltr'><strong>gratias</strong></span> <span class='ocrx_word' id='word_1_41' title='bbox 511 330 651 356; x_wconf 87' lang='lat' dir='ltr'><strong>moderate</strong></span> <span class='ocrx_word' id='word_1_42' title='bbox 665 333 842 365; x_wconf 79' lang='lat' dir='ltr'><strong>martyribus,</strong></span> <span class='ocrx_word' id='word_1_43' title='bbox 860 335 887 358; x_wconf 86' lang='lat' dir='ltr'><strong>et</strong></span> <span class='ocrx_word' id='word_1_44' title='bbox 910 331 1023 358; x_wconf 82' lang='lat' dir='ltr'><strong>Christo</strong></span> 
     </span>
    </p>
   </div>
   <div class='ocr_carea' id='block_1_9' title="bbox 231 373 1022 408">
    <p class='ocr_par' dir='ltr' id='par_1_9' title="bbox 231 373 1022 408">
     <span class='ocr_line' id='line_1_9' title="bbox 231 373 1022 408; baseline 0.006 -10"><span class='ocrx_word' id='word_1_45' title='bbox 231 373 277 407; x_wconf 88' lang='lat' dir='ltr'><strong>qui</strong></span> <span class='ocrx_word' id='word_1_46' title='bbox 288 381 388 407; x_wconf 84' lang='lat' dir='ltr'><strong>pereos</strong></span> <span class='ocrx_word' id='word_1_47' title='bbox 402 375 604 408; x_wconf 72' lang='lat' dir='ltr'><strong>perceptionem</strong></span> <span class='ocrx_word' id='word_1_48' title='bbox 616 376 734 403; x_wconf 83' lang='lat' dir='ltr'><strong>contulit</strong></span> <span class='ocrx_word' id='word_1_49' title='bbox 747 377 917 408; x_wconf 82' lang='lat' dir='ltr'><strong>modulatus.</strong></span> <span class='ocrx_word' id='word_1_50' title='bbox 928 377 1022 405; x_wconf 79' lang='lat' dir='ltr'><strong>exsul-</strong></span> 
     </span>
    </p>
   </div>
   <div class='ocr_carea' id='block_1_10' title="bbox 232 421 1023 458">
    <p class='ocr_par' dir='ltr' id='par_1_10' title="bbox 232 421 1023 458">
     <span class='ocr_line' id='line_1_10' title="bbox 232 421 1023 458; baseline 0.008 -14"><span class='ocrx_word' id='word_1_51' title='bbox 232 422 294 446; x_wconf 86' lang='lat' dir='ltr'><strong>tans</strong></span> <span class='ocrx_word' id='word_1_52' title='bbox 304 426 318 445; x_wconf 91' lang='lat' dir='ltr'><strong>a</strong></span> <span class='ocrx_word' id='word_1_53' title='bbox 337 421 439 454; x_wconf 87' lang='lat' dir='ltr'><strong>templo</strong></span> <span class='ocrx_word' id='word_1_54' title='bbox 452 422 579 448; x_wconf 82' lang='lat' dir='ltr'><strong>secessit.</strong></span> <span class='ocrx_word' id='word_1_55' title='bbox 597 421 683 449; x_wconf 87' lang='lat' dir='ltr'><strong>Porro</strong></span> <span class='ocrx_word' id='word_1_56' title='bbox 699 430 751 449; x_wconf 89' lang='lat' dir='ltr'><strong>nos</strong></span> <span class='ocrx_word' id='word_1_57' title='bbox 769 422 868 450; x_wconf 91' lang='lat' dir='ltr'><strong>iterum</strong></span> <span class='ocrx_word' id='word_1_58' title='bbox 883 424 962 458; x_wconf 83' lang='lat' dir='ltr'><strong>quasi</strong></span> <span class='ocrx_word' id='word_1_59' title='bbox 976 429 1023 450; x_wconf 82' lang='lat' dir='ltr'><strong>sa-</strong></span> 
     </span>
    </p>
   </div>
   <div class='ocr_carea' id='block_1_11' title="bbox 232 464 1024 504">
    <p class='ocr_par' dir='ltr' id='par_1_11' title="bbox 232 464 1024 504">
     <span class='ocr_line' id='line_1_11' title="bbox 232 464 1024 504; baseline 0.006 -13"><span class='ocrx_word' id='word_1_60' title='bbox 232 464 345 492; x_wconf 86' lang='lat' dir='ltr'><strong>nitatem</strong></span> <span class='ocrx_word' id='word_1_61' title='bbox 364 465 415 500; x_wconf 85' lang='lat' dir='ltr'><strong>ipsi</strong></span> <span class='ocrx_word' id='word_1_62' title='bbox 434 466 523 501; x_wconf 85' lang='lat' dir='ltr'><strong>adepti</strong></span> <span class='ocrx_word' id='word_1_63' title='bbox 541 468 728 496; x_wconf 75' lang='lat' dir='ltr'><strong>I‘uissemusin</strong></span> <span class='ocrx_word' id='word_1_64' title='bbox 741 469 1024 504; x_wconf 86' lang='lat' dir='ltr'><strong>relationejucunda-</strong></span> 
     </span>
    </p>
   </div>
   <div class='ocr_carea' id='block_1_12' title="bbox 230 509 1024 549">
    <p class='ocr_par' dir='ltr' id='par_1_12' title="bbox 230 509 1024 549">
     <span class='ocr_line' id='line_1_12' title="bbox 230 509 1024 549; baseline 0.006 -13"><span class='ocrx_word' id='word_1_65' title='bbox 230 510 263 543; x_wconf 90' lang='lat' dir='ltr'><strong>ti,</strong></span> <span class='ocrx_word' id='word_1_66' title='bbox 279 509 418 538; x_wconf 88' lang='lat' dir='ltr'><strong>Christum</strong></span> <span class='ocrx_word' id='word_1_67' title='bbox 435 517 602 547; x_wconf 83' lang='lat' dir='ltr'><strong>sanctosque</strong></span> <span class='ocrx_word' id='word_1_68' title='bbox 615 514 723 549; x_wconf 85' lang='lat' dir='ltr'><strong>hymnis</strong></span> <span class='ocrx_word' id='word_1_69' title='bbox 738 519 880 547; x_wconf 85' lang='lat' dir='ltr'><strong>canentes,</strong></span> <span class='ocrx_word' id='word_1_70' title='bbox 896 515 930 542; x_wconf 89' lang='lat' dir='ltr'><strong>ad</strong></span> <span class='ocrx_word' id='word_1_71' title='bbox 942 514 1024 541; x_wconf 81' lang='lat' dir='ltr'><strong>aliam</strong></span> 
     </span>
    </p>
   </div>
   <div class='ocr_carea' id='block_1_13' title="bbox 231 555 844 592">
    <p class='ocr_par' dir='ltr' id='par_1_13' title="bbox 231 555 844 592">
     <span class='ocr_line' id='line_1_13' title="bbox 231 555 844 592; baseline 0.007 -10"><span class='ocrx_word' id='word_1_72' title='bbox 231 555 418 584; x_wconf 85' lang='lat' dir='ltr'><strong>delectabilem</strong></span> <span class='ocrx_word' id='word_1_73' title='bbox 437 557 647 592; x_wconf 81' lang='lat' dir='ltr'><strong>proﬁciscamur</strong></span> <span class='ocrx_word' id='word_1_74' title='bbox 664 559 844 587; x_wconf 89' lang='lat' dir='ltr'><strong>auditionem.</strong></span> 
     </span>
    </p>
   </div>
   <div class='ocr_carea' id='block_1_14' title="bbox 436 603 825 633">
    <p class='ocr_par' dir='ltr' id='par_1_14' title="bbox 436 603 825 633">
     <span class='ocr_line' id='line_1_14' title="bbox 436 603 825 633; baseline 0.005 -3"><span class='ocrx_word' id='word_1_75' title='bbox 436 603 527 631; x_wconf 79' lang='lat' dir='ltr'>XLIII.</span> <span class='ocrx_word' id='word_1_76' title='bbox 547 605 585 632; x_wconf 81' lang='lat' dir='ltr'><strong>De</strong></span> <span class='ocrx_word' id='word_1_77' title='bbox 600 605 719 633; x_wconf 84' lang='lat' dir='ltr'><strong>Taurino</strong></span> <span class='ocrx_word' id='word_1_78' title='bbox 739 606 825 633; x_wconf 82' lang='lat' dir='ltr'><strong>lordo.</strong></span> 
     </span>
    </p>
   </div>
   <div class='ocr_carea' id='block_1_15' title="bbox 268 648 1026 687">
    <p class='ocr_par' dir='ltr' id='par_1_15' title="bbox 268 648 1026 687">
     <span class='ocr_line' id='line_1_15' title="bbox 268 648 1026 687; baseline 0.005 -12"><span class='ocrx_word' id='word_1_79' title='bbox 268 648 353 676; x_wconf 80' lang='lat' dir='ltr'><strong>Adest</strong></span> <span class='ocrx_word' id='word_1_80' title='bbox 365 654 392 677; x_wconf 88' lang='lat' dir='ltr'><strong>et</strong></span> <span class='ocrx_word' id='word_1_81' title='bbox 407 649 546 679; x_wconf 87' lang='lat' dir='ltr'><strong>Taurinus</strong></span> <span class='ocrx_word' id='word_1_82' title='bbox 558 659 573 678; x_wconf 89' lang='lat' dir='ltr'><strong>e</strong></span> <span class='ocrx_word' id='word_1_83' title='bbox 591 652 716 687; x_wconf 79' lang='lat' dir='ltr'><strong>proximo</strong></span> <span class='ocrx_word' id='word_1_84' title='bbox 733 652 860 684; x_wconf 86' lang='lat' dir='ltr'><strong>veniens,</strong></span> <span class='ocrx_word' id='word_1_85' title='bbox 875 655 903 679; x_wconf 83' lang='lat' dir='ltr'><strong>et</strong></span> <span class='ocrx_word' id='word_1_86' title='bbox 915 651 960 679; x_wconf 77' lang='lat' dir='ltr'><strong>vix</strong></span> <span class='ocrx_word' id='word_1_87' title='bbox 977 659 1026 679; x_wconf 91' lang='lat' dir='ltr'><strong>an-</strong></span> 
     </span>
    </p>
   </div>
   <div class='ocr_carea' id='block_1_16' title="bbox 232 696 1027 733">
    <p class='ocr_par' dir='ltr' id='par_1_16' title="bbox 232 696 1027 733">
     <span class='ocr_line' id='line_1_16' title="bbox 232 696 1027 733; baseline 0.005 -12"><span class='ocrx_word' id='word_1_88' title='bbox 232 702 268 722; x_wconf 88' lang='lat' dir='ltr'><strong>no</strong></span> <span class='ocrx_word' id='word_1_89' title='bbox 289 696 398 723; x_wconf 80' lang='lat' dir='ltr'><strong>tandem</strong></span> <span class='ocrx_word' id='word_1_90' title='bbox 419 697 594 731; x_wconf 86' lang='lat' dir='ltr'><strong>perveniens,</strong></span> <span class='ocrx_word' id='word_1_91' title='bbox 620 698 685 725; x_wconf 92' lang='lat' dir='ltr'><strong>dum</strong></span> <span class='ocrx_word' id='word_1_92' title='bbox 708 698 760 726; x_wconf 88' lang='lat' dir='ltr'><strong>iter</strong></span> <span class='ocrx_word' id='word_1_93' title='bbox 777 698 885 726; x_wconf 87' lang='lat' dir='ltr'><strong>eminus</strong></span> <span class='ocrx_word' id='word_1_94' title='bbox 905 698 973 733; x_wconf 72' lang='lat' dir='ltr'><strong>agit,</strong></span> <span class='ocrx_word' id='word_1_95' title='bbox 990 698 1027 726; x_wconf 84' lang='lat' dir='ltr'><strong>ob</strong></span> 
     </span>
    </p>
   </div>
   <div class='ocr_carea' id='block_1_17' title="bbox 232 740 1025 778">
    <p class='ocr_par' dir='ltr' id='par_1_17' title="bbox 232 740 1025 778">
     <span class='ocr_line' id='line_1_17' title="bbox 232 740 1025 778; baseline 0.009 -12"><span class='ocrx_word' id='word_1_96' title='bbox 232 740 385 769; x_wconf 82' lang='lat' dir='ltr'><strong>breviorem</strong></span> <span class='ocrx_word' id='word_1_97' title='bbox 407 743 506 777; x_wconf 90' lang='lat' dir='ltr'><strong>pedum</strong></span> <span class='ocrx_word' id='word_1_98' title='bbox 529 747 557 770; x_wconf 93' lang='lat' dir='ltr'><strong>et</strong></span> <span class='ocrx_word' id='word_1_99' title='bbox 584 744 733 771; x_wconf 87' lang='lat' dir='ltr'><strong>tardiorem</strong></span> <span class='ocrx_word' id='word_1_100' title='bbox 759 744 905 778; x_wconf 65' lang='lat' dir='ltr'><strong>effectum;</strong></span> <span class='ocrx_word' id='word_1_101' title='bbox 925 751 952 772; x_wconf 90' lang='lat' dir='ltr'><strong>et</strong></span> <span class='ocrx_word' id='word_1_102' title='bbox 970 753 1025 773; x_wconf 91' lang='lat' dir='ltr'><strong>non</strong></span> 
     </span>
    </p>
   </div>
   <div class='ocr_carea' id='block_1_18' title="bbox 233 787 1022 825">
    <p class='ocr_par' dir='ltr' id='par_1_18' title="bbox 233 787 1022 825">
     <span class='ocr_line' id='line_1_18' title="bbox 233 787 1022 825; baseline 0.005 -12"><span class='ocrx_word' id='word_1_103' title='bbox 233 791 339 813; x_wconf 87' lang='lat' dir='ltr'><strong>tantmn</strong></span> <span class='ocrx_word' id='word_1_104' title='bbox 359 787 441 820; x_wconf 79' lang='lat' dir='ltr'><strong>hujus</strong></span> <span class='ocrx_word' id='word_1_105' title='bbox 455 789 495 815; x_wconf 87' lang='lat' dir='ltr'><strong>rei</strong></span> <span class='ocrx_word' id='word_1_106' title='bbox 515 789 653 824; x_wconf 75' lang='lat' dir='ltr'><strong>gratia,ut</strong></span> <span class='ocrx_word' id='word_1_107' title='bbox 666 795 791 825; x_wconf 82' lang='lat' dir='ltr'><strong>apparet,</strong></span> <span class='ocrx_word' id='word_1_108' title='bbox 809 790 856 817; x_wconf 91' lang='lat' dir='ltr'><strong>sed</strong></span> <span class='ocrx_word' id='word_1_109' title='bbox 874 795 901 817; x_wconf 89' lang='lat' dir='ltr'><strong>et</strong></span> <span class='ocrx_word' id='word_1_110' title='bbox 913 797 1022 825; x_wconf 87' lang='lat' dir='ltr'><strong>percus-</strong></span> 
     </span>
    </p>
   </div>
   <div class='ocr_carea' id='block_1_19' title="bbox 234 833 1027 870">
    <p class='ocr_par' dir='ltr' id='par_1_19' title="bbox 234 833 1027 870">
     <span class='ocr_line' id='line_1_19' title="bbox 234 833 1027 870; baseline 0.006 -12"><span class='ocrx_word' id='word_1_111' title='bbox 234 839 306 859; x_wconf 68' lang='lat' dir='ltr'><strong>sura:</strong></span> <span class='ocrx_word' id='word_1_112' title='bbox 327 840 410 860; x_wconf 87' lang='lat' dir='ltr'><strong>causa</strong></span> <span class='ocrx_word' id='word_1_113' title='bbox 434 833 550 866; x_wconf 79' lang='lat' dir='ltr'><strong>fabrilis,</strong></span> <span class='ocrx_word' id='word_1_114' title='bbox 578 839 692 869; x_wconf 86' lang='lat' dir='ltr'><strong>propter</strong></span> <span class='ocrx_word' id='word_1_115' title='bbox 714 843 797 870; x_wconf 89' lang='lat' dir='ltr'><strong>quam</strong></span> <span class='ocrx_word' id='word_1_116' title='bbox 826 840 957 863; x_wconf 87' lang='lat' dir='ltr'><strong>canentes</strong></span> <span class='ocrx_word' id='word_1_117' title='bbox 976 843 1027 863; x_wconf 89' lang='lat' dir='ltr'><strong>nos</strong></span> 
     </span>
    </p>
   </div>
   <div class='ocr_carea' id='block_1_20' title="bbox 1075 237 1872 273">
    <p class='ocr_par' dir='ltr' id='par_1_20' title="bbox 1075 237 1872 273">
     <span class='ocr_line' id='line_1_20' title="bbox 1075 237 1872 273; baseline 0 -9"><span class='ocrx_word' id='word_1_118' title='bbox 1075 238 1164 271; x_wconf 88' lang='grc' dir='ltr'>γένιος</span> <span class='ocrx_word' id='word_1_119' title='bbox 1180 237 1225 264; x_wconf 69' lang='grc' dir='ltr'><strong>τὸν</strong></span> <span class='ocrx_word' id='word_1_120' title='bbox 1241 238 1324 272; x_wconf 76' lang='grc' dir='ltr'>μόρον</span> <span class='ocrx_word' id='word_1_121' title='bbox 1339 239 1434 271; x_wconf 83' lang='grc' dir='ltr'>φυγὼν</span> <span class='ocrx_word' id='word_1_122' title='bbox 1459 237 1507 264; x_wconf 74' lang='grc' dir='ltr'><strong>τοῦ</strong></span> <span class='ocrx_word' id='word_1_123' title='bbox 1531 239 1693 273; x_wconf 80' lang='grc' dir='ltr'><strong>νοσήματος,</strong></span> <span class='ocrx_word' id='word_1_124' title='bbox 1711 237 1757 264; x_wconf 71' lang='grc' dir='ltr'>καὶ</span> <span class='ocrx_word' id='word_1_125' title='bbox 1776 237 1872 264; x_wconf 88' lang='grc' dir='ltr'>σύντο-</span> 
     </span>
    </p>
   </div>
   <div class='ocr_carea' id='block_1_21' title="bbox 1078 282 1874 319">
    <p class='ocr_par' dir='ltr' id='par_1_21' title="bbox 1078 282 1874 319">
     <span class='ocr_line' id='line_1_21' title="bbox 1078 282 1874 319; baseline 0 -10"><span class='ocrx_word' id='word_1_126' title='bbox 1078 291 1127 318; x_wconf 85' lang='grc' dir='ltr'><strong>μον</strong></span> <span class='ocrx_word' id='word_1_127' title='bbox 1149 282 1198 318; x_wconf 79' lang='grc' dir='ltr'>τὴν</span> <span class='ocrx_word' id='word_1_128' title='bbox 1223 283 1318 317; x_wconf 78' lang='grc' dir='ltr'><strong>ὑγείαν</strong></span> <span class='ocrx_word' id='word_1_129' title='bbox 1343 283 1529 317; x_wconf 78' lang='grc' dir='ltr'>δρεψάμενος,</span> <span class='ocrx_word' id='word_1_130' title='bbox 1546 282 1595 319; x_wconf 81' lang='grc' dir='ltr'>τὴν</span> <span class='ocrx_word' id='word_1_131' title='bbox 1620 283 1701 318; x_wconf 80' lang='grc' dir='ltr'><strong>χάριν</strong></span> <span class='ocrx_word' id='word_1_132' title='bbox 1727 283 1874 318; x_wconf 78' lang='grc' dir='ltr'><strong>εὐρύθμως</strong></span> 
     </span>
    </p>
   </div>
   <div class='ocr_carea' id='block_1_22' title="bbox 1078 328 1874 364">
    <p class='ocr_par' dir='ltr' id='par_1_22' title="bbox 1078 328 1874 364">
     <span class='ocr_line' id='line_1_22' title="bbox 1078 328 1874 364; baseline 0.001 -10"><span class='ocrx_word' id='word_1_133' title='bbox 1078 328 1238 364; x_wconf 70' lang='grc' dir='ltr'><strong>μελῳδήσας</strong></span> <span class='ocrx_word' id='word_1_134' title='bbox 1256 330 1312 359; x_wconf 81' lang='grc' dir='ltr'>τοῖς</span> <span class='ocrx_word' id='word_1_135' title='bbox 1337 330 1456 363; x_wconf 79' lang='grc' dir='ltr'><strong>μάρτυσι</strong></span> <span class='ocrx_word' id='word_1_136' title='bbox 1474 329 1522 355; x_wconf 75' lang='grc' dir='ltr'>καὶ</span> <span class='ocrx_word' id='word_1_137' title='bbox 1545 329 1657 364; x_wconf 81' lang='grc' dir='ltr'><strong>Χριστῷ</strong></span> <span class='ocrx_word' id='word_1_138' title='bbox 1672 329 1711 364; x_wconf 86' lang='grc' dir='ltr'>τῷ</span> <span class='ocrx_word' id='word_1_139' title='bbox 1734 329 1769 355; x_wconf 76' lang='grc' dir='ltr'><strong>δι’</strong></span> <span class='ocrx_word' id='word_1_140' title='bbox 1782 329 1874 355; x_wconf 85' lang='grc' dir='ltr'>αὑτῶν</span> 
     </span>
    </p>
   </div>
   <div class='ocr_carea' id='block_1_23' title="bbox 1075 374 1874 410">
    <p class='ocr_par' dir='ltr' id='par_1_23' title="bbox 1075 374 1874 410">
     <span class='ocr_line' id='line_1_23' title="bbox 1075 374 1874 410; baseline 0.003 -10"><span class='ocrx_word' id='word_1_141' title='bbox 1075 374 1203 401; x_wconf 76' lang='grc' dir='ltr'><strong>δεδωκότι</strong></span> <span class='ocrx_word' id='word_1_142' title='bbox 1215 374 1245 400; x_wconf 81' lang='grc' dir='ltr'>τὸ</span> <span class='ocrx_word' id='word_1_143' title='bbox 1258 374 1419 409; x_wconf 70' lang='grc' dir='ltr'><strong>δρέψασθαι,</strong></span> <span class='ocrx_word' id='word_1_144' title='bbox 1432 375 1478 401; x_wconf 80' lang='grc' dir='ltr'>τοῦ</span> <span class='ocrx_word' id='word_1_145' title='bbox 1491 374 1544 401; x_wconf 86' lang='grc' dir='ltr'>νεὼ</span> <span class='ocrx_word' id='word_1_146' title='bbox 1555 375 1673 410; x_wconf 81' lang='grc' dir='ltr'><strong>σκιρτῶν</strong></span> <span class='ocrx_word' id='word_1_147' title='bbox 1686 375 1874 410; x_wconf 79' lang='grc' dir='ltr'>ἀνεχώρησεν.</span> 
     </span>
    </p>
   </div>
   <div class='ocr_carea' id='block_1_24' title="bbox 1082 420 1874 456">
    <p class='ocr_par' dir='ltr' id='par_1_24' title="bbox 1082 420 1874 456">
     <span class='ocr_line' id='line_1_24' title="bbox 1082 420 1874 456; baseline 0.003 -10"><span class='ocrx_word' id='word_1_148' title='bbox 1082 420 1178 455; x_wconf 79' lang='grc' dir='ltr'>Ἦμεῖς</span> <span class='ocrx_word' id='word_1_149' title='bbox 1189 420 1218 446; x_wconf 75' lang='grc' dir='ltr'>δὲ</span> <span class='ocrx_word' id='word_1_150' title='bbox 1229 420 1310 447; x_wconf 80' lang='grc' dir='ltr'>πάλιν</span> <span class='ocrx_word' id='word_1_151' title='bbox 1319 420 1356 452; x_wconf 82' lang='grc' dir='ltr'><strong>ὡς</strong></span> <span class='ocrx_word' id='word_1_152' title='bbox 1369 420 1535 452; x_wconf 80' lang='grc' dir='ltr'><strong>πεπονθότες</strong></span> <span class='ocrx_word' id='word_1_153' title='bbox 1546 421 1596 456; x_wconf 85' lang='grc' dir='ltr'><strong>τήν</strong></span> <span class='ocrx_word' id='word_1_154' title='bbox 1605 421 1688 452; x_wconf 70' lang='grc' dir='ltr'>τοισιν,</span> <span class='ocrx_word' id='word_1_155' title='bbox 1703 423 1735 456; x_wconf 86' lang='grc' dir='ltr'>τῇ</span> <span class='ocrx_word' id='word_1_156' title='bbox 1746 421 1874 456; x_wconf 74' lang='grc' dir='ltr'><strong>διηγήσει</strong></span> 
     </span>
    </p>
   </div>
   <div class='ocr_carea' id='block_1_25' title="bbox 1076 466 1873 503">
    <p class='ocr_par' dir='ltr' id='par_1_25' title="bbox 1076 466 1873 503">
     <span class='ocr_line' id='line_1_25' title="bbox 1076 466 1873 503; baseline 0.003 -11"><span class='ocrx_word' id='word_1_157' title='bbox 1076 466 1251 501; x_wconf 85' lang='grc' dir='ltr'>τερπόμενοι,</span> <span class='ocrx_word' id='word_1_158' title='bbox 1265 467 1384 502; x_wconf 79' lang='grc' dir='ltr'>Χριστὸν</span> <span class='ocrx_word' id='word_1_159' title='bbox 1407 468 1455 494; x_wconf 82' lang='grc' dir='ltr'>καὶ</span> <span class='ocrx_word' id='word_1_160' title='bbox 1480 468 1543 499; x_wconf 80' lang='grc' dir='ltr'>τοὺς</span> <span class='ocrx_word' id='word_1_161' title='bbox 1570 467 1666 502; x_wconf 82' lang='grc' dir='ltr'>ἀγίους</span> <span class='ocrx_word' id='word_1_162' title='bbox 1688 468 1873 503; x_wconf 76' lang='grc' dir='ltr'><strong>ὑμνήσαντες,</strong></span> 
     </span>
    </p>
   </div>
   <div class='ocr_carea' id='block_1_26' title="bbox 1077 511 1677 549">
    <p class='ocr_par' dir='ltr' id='par_1_26' title="bbox 1077 511 1677 549">
     <span class='ocr_line' id='line_1_26' title="bbox 1077 511 1677 549; baseline 0.005 -11"><span class='ocrx_word' id='word_1_163' title='bbox 1077 511 1122 538; x_wconf 65' lang='grc' dir='ltr'><strong>ἔπ’</strong></span> <span class='ocrx_word' id='word_1_164' title='bbox 1139 511 1204 541; x_wconf 75' lang='grc' dir='ltr'>ἄλλο</span> <span class='ocrx_word' id='word_1_165' title='bbox 1220 513 1338 549; x_wconf 78' lang='grc' dir='ltr'>τερπνὸν</span> <span class='ocrx_word' id='word_1_166' title='bbox 1355 514 1523 549; x_wconf 82' lang='grc' dir='ltr'><strong>ὁρμήσωμεν</strong></span> <span class='ocrx_word' id='word_1_167' title='bbox 1541 513 1677 549; x_wconf 74' lang='grc' dir='ltr'>ἄκουσμα.</span> 
     </span>
    </p>
   </div>
   <div class='ocr_carea' id='block_1_27' title="bbox 1206 600 1746 636">
    <p class='ocr_par' dir='ltr' id='par_1_27' title="bbox 1206 600 1746 636">
     <span class='ocr_line' id='line_1_27' title="bbox 1206 600 1746 636; baseline 0.004 -8"><span class='ocrx_word' id='word_1_168' title='bbox 1206 600 1272 628; x_wconf 80' lang='lat' dir='ltr'><strong>Ml&quot;.</strong></span> <span class='ocrx_word' id='word_1_169' title='bbox 1295 601 1364 635; x_wconf 73' lang='grc' dir='ltr'>Περὶ</span> <span class='ocrx_word' id='word_1_170' title='bbox 1387 601 1531 635; x_wconf 81' lang='grc' dir='ltr'>Ταυρίνου</span> <span class='ocrx_word' id='word_1_171' title='bbox 1562 602 1746 636; x_wconf 72' lang='grc' dir='ltr'>λωρόποδος.</span> 
     </span>
    </p>
   </div>
   <div class='ocr_carea' id='block_1_28' title="bbox 1115 646 1874 684">
    <p class='ocr_par' dir='ltr' id='par_1_28' title="bbox 1115 646 1874 684">
     <span class='ocr_line' id='line_1_28' title="bbox 1115 646 1874 684; baseline 0.004 -11"><span class='ocrx_word' id='word_1_172' title='bbox 1115 646 1236 682; x_wconf 85' lang='grc' dir='ltr'>Πάρεστι</span> <span class='ocrx_word' id='word_1_173' title='bbox 1261 648 1308 674; x_wconf 83' lang='grc' dir='ltr'>καὶ</span> <span class='ocrx_word' id='word_1_174' title='bbox 1326 648 1459 682; x_wconf 87' lang='grc' dir='ltr'>Ταυρῖνος</span> <span class='ocrx_word' id='word_1_175' title='bbox 1474 648 1507 675; x_wconf 83' lang='grc' dir='ltr'>ὲκ</span> <span class='ocrx_word' id='word_1_176' title='bbox 1529 648 1577 675; x_wconf 80' lang='grc' dir='ltr'>τοῦ</span> <span class='ocrx_word' id='word_1_177' title='bbox 1601 648 1687 681; x_wconf 83' lang='grc' dir='ltr'>πέλας</span> <span class='ocrx_word' id='word_1_178' title='bbox 1707 649 1874 684; x_wconf 77' lang='grc' dir='ltr'>ἐρχόμενος·</span> 
     </span>
    </p>
   </div>
   <div class='ocr_carea' id='block_1_29' title="bbox 1082 693 1876 731">
    <p class='ocr_par' dir='ltr' id='par_1_29' title="bbox 1082 693 1876 731">
     <span class='ocr_line' id='line_1_29' title="bbox 1082 693 1876 731; baseline 0.004 -12"><span class='ocrx_word' id='word_1_179' title='bbox 1082 693 1157 727; x_wconf 84' lang='grc' dir='ltr'>μόλις</span> <span class='ocrx_word' id='word_1_180' title='bbox 1171 693 1201 720; x_wconf 82' lang='grc' dir='ltr'><strong>δέ</strong></span> <span class='ocrx_word' id='word_1_181' title='bbox 1218 702 1284 720; x_wconf 86' lang='grc' dir='ltr'>ποτε</span> <span class='ocrx_word' id='word_1_182' title='bbox 1297 694 1367 729; x_wconf 84' lang='grc' dir='ltr'>πρὸς</span> <span class='ocrx_word' id='word_1_183' title='bbox 1381 695 1455 729; x_wconf 78' lang='grc' dir='ltr'>ἡμᾶς</span> <span class='ocrx_word' id='word_1_184' title='bbox 1468 693 1634 729; x_wconf 80' lang='grc' dir='ltr'><strong>ἀφικόμενος</strong></span> <span class='ocrx_word' id='word_1_185' title='bbox 1643 695 1681 726; x_wconf 83' lang='grc' dir='ltr'><strong>ὡς</strong></span> <span class='ocrx_word' id='word_1_186' title='bbox 1697 695 1746 731; x_wconf 83' lang='grc' dir='ltr'><strong>τὴν</strong></span> <span class='ocrx_word' id='word_1_187' title='bbox 1757 696 1876 731; x_wconf 77' lang='grc' dir='ltr'>πορείαν</span> 
     </span>
    </p>
   </div>
   <div class='ocr_carea' id='block_1_30' title="bbox 1082 739 1877 777">
    <p class='ocr_par' dir='ltr' id='par_1_30' title="bbox 1082 739 1877 777">
     <span class='ocr_line' id='line_1_30' title="bbox 1082 739 1877 777; baseline 0.004 -11"><span class='ocrx_word' id='word_1_188' title='bbox 1082 739 1220 775; x_wconf 79' lang='grc' dir='ltr'>μακρόθεν</span> <span class='ocrx_word' id='word_1_189' title='bbox 1231 739 1404 775; x_wconf 80' lang='grc' dir='ltr'>ποιούμενος,</span> <span class='ocrx_word' id='word_1_190' title='bbox 1414 740 1458 767; x_wconf 82' lang='grc' dir='ltr'><strong>διὰ</strong></span> <span class='ocrx_word' id='word_1_191' title='bbox 1470 740 1520 776; x_wconf 87' lang='grc' dir='ltr'>τὴν</span> <span class='ocrx_word' id='word_1_192' title='bbox 1532 740 1588 767; x_wconf 86' lang='grc' dir='ltr'>τῶν</span> <span class='ocrx_word' id='word_1_193' title='bbox 1602 741 1691 768; x_wconf 85' lang='grc' dir='ltr'>ποδῶν</span> <span class='ocrx_word' id='word_1_194' title='bbox 1708 741 1877 777; x_wconf 71' lang='grc' dir='ltr'>βραδυτέραν</span> 
     </span>
    </p>
   </div>
   <div class='ocr_carea' id='block_1_31' title="bbox 1080 785 1876 823">
    <p class='ocr_par' dir='ltr' id='par_1_31' title="bbox 1080 785 1876 823">
     <span class='ocr_line' id='line_1_31' title="bbox 1080 785 1876 823; baseline 0.004 -11"><span class='ocrx_word' id='word_1_195' title='bbox 1080 785 1223 821; x_wconf 70' lang='grc' dir='ltr'>ινέργειαν</span> <span class='ocrx_word' id='word_1_196' title='bbox 1235 795 1241 801; x_wconf 94' lang='grc'><strong>·</strong></span> <span class='ocrx_word' id='word_1_197' title='bbox 1266 787 1314 813; x_wconf 82' lang='grc' dir='ltr'>καὶ</span> <span class='ocrx_word' id='word_1_198' title='bbox 1329 787 1359 813; x_wconf 83' lang='grc' dir='ltr'>οὐ</span> <span class='ocrx_word' id='word_1_199' title='bbox 1379 787 1463 822; x_wconf 84' lang='grc' dir='ltr'>μόνης</span> <span class='ocrx_word' id='word_1_200' title='bbox 1478 787 1582 823; x_wconf 80' lang='grc' dir='ltr'><strong>ταύτης</strong></span> <span class='ocrx_word' id='word_1_201' title='bbox 1607 787 1699 822; x_wconf 81' lang='grc' dir='ltr'>χάριν,</span> <span class='ocrx_word' id='word_1_202' title='bbox 1711 787 1749 819; x_wconf 76' lang='grc' dir='ltr'><strong>ὡς</strong></span> <span class='ocrx_word' id='word_1_203' title='bbox 1775 787 1876 819; x_wconf 75' lang='grc' dir='ltr'>ἔοικεν.</span> 
     </span>
    </p>
   </div>
   <div class='ocr_carea' id='block_1_32' title="bbox 1080 831 1879 867">
    <p class='ocr_par' dir='ltr' id='par_1_32' title="bbox 1080 831 1879 867">
     <span class='ocr_line' id='line_1_32' title="bbox 1080 831 1879 867; baseline 0.001 -10"><span class='ocrx_word' id='word_1_204' title='bbox 1080 831 1151 858; x_wconf 85' lang='grc' dir='ltr'>ἀλλὰ</span> <span class='ocrx_word' id='word_1_205' title='bbox 1178 831 1225 858; x_wconf 79' lang='grc' dir='ltr'>καὶ</span> <span class='ocrx_word' id='word_1_206' title='bbox 1252 831 1300 859; x_wconf 84' lang='grc' dir='ltr'>τοῦ</span> <span class='ocrx_word' id='word_1_207' title='bbox 1316 832 1497 867; x_wconf 75' lang='grc' dir='ltr'>χαλκευτικοῦ</span> <span class='ocrx_word' id='word_1_208' title='bbox 1519 831 1693 867; x_wconf 87' lang='grc' dir='ltr'>κρούσματος</span> <span class='ocrx_word' id='word_1_209' title='bbox 1707 832 1800 862; x_wconf 70' lang='grc' dir='ltr'>ἕνεκα,</span> <span class='ocrx_word' id='word_1_210' title='bbox 1818 832 1852 858; x_wconf 79' lang='grc' dir='ltr'>δι’</span> <span class='ocrx_word' id='word_1_211' title='bbox 1865 832 1879 858; x_wconf 76' lang='grc' dir='ltr'><strong>δ</strong></span> 
     </span>
    </p>
   </div>
   <div class='ocr_carea' id='block_1_33' title="bbox 234 876 1044 914">
    <p class='ocr_par' dir='ltr' id='par_1_33' title="bbox 234 881 1033 914">
     <span class='ocr_line' id='line_1_33' title="bbox 234 881 1033 914; baseline 0.006 -9"><span class='ocrx_word' id='word_1_212' title='bbox 234 884 393 907; x_wconf 86' lang='lat' dir='ltr'><strong>sanctorum</strong></span> <span class='ocrx_word' id='word_1_213' title='bbox 416 881 560 914; x_wconf 89' lang='lat' dir='ltr'><strong>miracula,</strong></span> <span class='ocrx_word' id='word_1_214' title='bbox 577 882 660 909; x_wconf 91' lang='lat' dir='ltr'><strong>citius</strong></span> <span class='ocrx_word' id='word_1_215' title='bbox 676 882 774 909; x_wconf 89' lang='lat' dir='ltr'><strong>audire</strong></span> <span class='ocrx_word' id='word_1_216' title='bbox 790 890 843 910; x_wconf 93' lang='lat' dir='ltr'><strong>non</strong></span> <span class='ocrx_word' id='word_1_217' title='bbox 865 883 961 910; x_wconf 78' lang='lat' dir='ltr'><strong>valuit.</strong></span> <span class='ocrx_word' id='word_1_218' title='bbox 978 882 1033 910; x_wconf 73' lang='lat' dir='ltr'><strong>Ve-</strong></span> 
     </span>
    </p>
   </div>
   <div class='ocr_carea' id='block_1_34' title="bbox 1091 876 1878 914">
    <p class='ocr_par' dir='ltr' id='par_1_34' title="bbox 1091 876 1878 912">
     <span class='ocr_line' id='line_1_34' title="bbox 1091 876 1878 912; baseline 0.003 -10"><span class='ocrx_word' id='word_1_219' title='bbox 1091 877 1269 904; x_wconf 79' lang='grc' dir='ltr'>ιελαδῡύντων</span> <span class='ocrx_word' id='word_1_220' title='bbox 1285 877 1364 912; x_wconf 84' lang='grc' dir='ltr'>ήμῶν</span> <span class='ocrx_word' id='word_1_221' title='bbox 1375 877 1430 904; x_wconf 80' lang='grc' dir='ltr'>τῶν</span> <span class='ocrx_word' id='word_1_222' title='bbox 1445 877 1530 911; x_wconf 80' lang='grc' dir='ltr'>ἁγίων</span> <span class='ocrx_word' id='word_1_223' title='bbox 1543 877 1578 904; x_wconf 81' lang='grc' dir='ltr'>τὰ</span> <span class='ocrx_word' id='word_1_224' title='bbox 1593 876 1878 912; x_wconf 80' lang='grc' dir='ltr'>θαύματα,πυθέσθαι</span> 
     </span>
    </p>
   </div>
   <div class='ocr_carea' id='block_1_35' title="bbox 234 927 1028 961">
    <p class='ocr_par' dir='ltr' id='par_1_35' title="bbox 234 927 1028 961">
     <span class='ocr_line' id='line_1_35' title="bbox 234 927 1028 961; baseline 0.008 -10"><span class='ocrx_word' id='word_1_225' title='bbox 234 930 391 952; x_wconf 90' lang='lat' dir='ltr'><strong>rumtamen</strong></span> <span class='ocrx_word' id='word_1_226' title='bbox 406 927 518 954; x_wconf 85' lang='lat' dir='ltr'><strong>veniens</strong></span> <span class='ocrx_word' id='word_1_227' title='bbox 540 927 676 954; x_wconf 77' lang='lat' dir='ltr'><strong>rationem</strong></span> <span class='ocrx_word' id='word_1_228' title='bbox 699 928 837 956; x_wconf 82' lang='lat' dir='ltr'><strong>tarditatis</strong></span> <span class='ocrx_word' id='word_1_229' title='bbox 852 929 981 961; x_wconf 86' lang='lat' dir='ltr'><strong>reddidit,</strong></span> <span class='ocrx_word' id='word_1_230' title='bbox 999 934 1028 957; x_wconf 89' lang='lat' dir='ltr'><strong>et</strong></span> 
     </span>
    </p>
   </div>
   <div class='ocr_carea' id='block_1_36' title="bbox 235 963 1026 1011">
    <p class='ocr_par' dir='ltr' id='par_1_36' title="bbox 235 963 1026 1011">
     <span class='ocr_line' id='line_1_36' title="bbox 235 963 1026 1011; baseline 0.005 -12"><span class='ocrx_word' id='word_1_231' title='bbox 235 963 483 1006; x_wconf 44' lang='lat' dir='ltr'><strong>ne&#39;prteteriremus</strong></span> <span class='ocrx_word' id='word_1_232' title='bbox 496 981 557 1000; x_wconf 92' lang='lat' dir='ltr'><strong>eum</strong></span> <span class='ocrx_word' id='word_1_233' title='bbox 574 982 628 1001; x_wconf 84' lang='lat' dir='ltr'><strong>non</strong></span> <span class='ocrx_word' id='word_1_234' title='bbox 645 974 778 1010; x_wconf 90' lang='lat' dir='ltr'><strong>scriptum</strong></span> <span class='ocrx_word' id='word_1_235' title='bbox 793 976 929 1010; x_wconf 80' lang='lat' dir='ltr'><strong>poposcit.</strong></span> <span class='ocrx_word' id='word_1_236' title='bbox 945 984 1026 1011; x_wconf 83' lang='lat' dir='ltr'><strong>quem</strong></span> 
     </span>
    </p>
   </div>
   <div class='ocr_carea' id='block_1_37' title="bbox 235 1017 1027 1055">
    <p class='ocr_par' dir='ltr' id='par_1_37' title="bbox 235 1017 1027 1055">
     <span class='ocr_line' id='line_1_37' title="bbox 235 1017 1027 1055; baseline 0.006 -11"><span class='ocrx_word' id='word_1_237' title='bbox 235 1017 345 1053; x_wconf 73' lang='lat' dir='ltr'><strong>dignam</strong></span> <span class='ocrx_word' id='word_1_238' title='bbox 367 1026 417 1054; x_wconf 91' lang='lat' dir='ltr'><strong>pro</strong></span> <span class='ocrx_word' id='word_1_239' title='bbox 448 1021 527 1055; x_wconf 91' lang='lat' dir='ltr'><strong>culpa</strong></span> <span class='ocrx_word' id='word_1_240' title='bbox 554 1020 688 1047; x_wconf 89' lang='lat' dir='ltr'><strong>rationem</strong></span> <span class='ocrx_word' id='word_1_241' title='bbox 716 1020 874 1054; x_wconf 86' lang='lat' dir='ltr'><strong>facientem,</strong></span> <span class='ocrx_word' id='word_1_242' title='bbox 894 1029 979 1050; x_wconf 89' lang='lat' dir='ltr'><strong>unum</strong></span> <span class='ocrx_word' id='word_1_243' title='bbox 993 1030 1027 1049; x_wconf 82' lang='lat' dir='ltr'><strong>ex</strong></span> 
     </span>
    </p>
   </div>
   <div class='ocr_carea' id='block_1_38' title="bbox 235 1063 1029 1102">
    <p class='ocr_par' dir='ltr' id='par_1_38' title="bbox 235 1063 1029 1102">
     <span class='ocr_line' id='line_1_38' title="bbox 235 1063 1029 1102; baseline 0.005 -12"><span class='ocrx_word' id='word_1_244' title='bbox 235 1063 279 1091; x_wconf 88' lang='lat' dir='ltr'><strong>his</strong></span> <span class='ocrx_word' id='word_1_245' title='bbox 301 1064 377 1091; x_wconf 92' lang='lat' dir='ltr'><strong>illum</strong></span> <span class='ocrx_word' id='word_1_246' title='bbox 393 1064 440 1099; x_wconf 85' lang='lat' dir='ltr'><strong>qui</strong></span> <span class='ocrx_word' id='word_1_247' title='bbox 463 1065 490 1092; x_wconf 92' lang='lat' dir='ltr'><strong>in</strong></span> <span class='ocrx_word' id='word_1_248' title='bbox 517 1066 676 1101; x_wconf 87' lang='lat' dir='ltr'><strong>martyricls</strong></span> <span class='ocrx_word' id='word_1_249' title='bbox 695 1066 850 1102; x_wconf 78' lang='lat' dir='ltr'><strong>gloriantur</strong></span> <span class='ocrx_word' id='word_1_250' title='bbox 864 1067 1029 1094; x_wconf 87' lang='lat' dir='ltr'><strong>visitationi-</strong></span> 
     </span>
    </p>
   </div>
   <div class='ocr_carea' id='block_1_39' title="bbox 235 1107 448 1137">
    <p class='ocr_par' dir='ltr' id='par_1_39' title="bbox 235 1107 448 1137">
     <span class='ocr_line' id='line_1_39' title="bbox 235 1107 448 1137; baseline 0.009 -2"><span class='ocrx_word' id='word_1_251' title='bbox 235 1107 286 1136; x_wconf 89' lang='lat' dir='ltr'><strong>bus</strong></span> <span class='ocrx_word' id='word_1_252' title='bbox 304 1109 448 1137; x_wconf 83' lang='lat' dir='ltr'><strong>faciemus.</strong></span> 
     </span>
    </p>
   </div>
   <div class='ocr_carea' id='block_1_40' title="bbox 271 1155 1029 1192">
    <p class='ocr_par' dir='ltr' id='par_1_40' title="bbox 271 1155 1029 1192">
     <span class='ocr_line' id='line_1_40' title="bbox 271 1155 1029 1192; baseline 0.005 -11"><span class='ocrx_word' id='word_1_253' title='bbox 271 1155 390 1183; x_wconf 75' lang='lat' dir='ltr'><strong>Heraclii</strong></span> <span class='ocrx_word' id='word_1_254' title='bbox 420 1156 628 1191; x_wconf 85' lang='lat' dir='ltr'><strong>possessionis,</strong></span> <span class='ocrx_word' id='word_1_255' title='bbox 653 1164 715 1192; x_wconf 68' lang='lat' dir='ltr'><strong>quin</strong></span> <span class='ocrx_word' id='word_1_256' title='bbox 741 1157 843 1192; x_wconf 84' lang='lat' dir='ltr'><strong>templo</strong></span> <span class='ocrx_word' id='word_1_257' title='bbox 869 1162 1029 1185; x_wconf 87' lang='lat' dir='ltr'><strong>sanctorum</strong></span> 
     </span>
    </p>
   </div>
   <div class='ocr_carea' id='block_1_41' title="bbox 235 1202 1030 1236">
    <p class='ocr_par' dir='ltr' id='par_1_41' title="bbox 235 1202 1030 1236">
     <span class='ocr_line' id='line_1_41' title="bbox 235 1202 1030 1236; baseline 0.003 -8"><span class='ocrx_word' id='word_1_258' title='bbox 235 1202 360 1236; x_wconf 80' lang='lat' dir='ltr'><strong>proxima</strong></span> <span class='ocrx_word' id='word_1_259' title='bbox 377 1207 447 1234; x_wconf 86' lang='lat' dir='ltr'><strong>erat,</strong></span> <span class='ocrx_word' id='word_1_260' title='bbox 461 1207 488 1230; x_wconf 86' lang='lat' dir='ltr'><strong>et</strong></span> <span class='ocrx_word' id='word_1_261' title='bbox 501 1202 614 1230; x_wconf 88' lang='lat' dir='ltr'><strong>Sabbati</strong></span> <span class='ocrx_word' id='word_1_262' title='bbox 631 1203 665 1230; x_wconf 91' lang='lat' dir='ltr'><strong>ab</strong></span> <span class='ocrx_word' id='word_1_263' title='bbox 680 1203 733 1230; x_wconf 85' lang='lat' dir='ltr'><strong>hoc</strong></span> <span class='ocrx_word' id='word_1_264' title='bbox 749 1203 847 1231; x_wconf 85' lang='lat' dir='ltr'><strong>itinere</strong></span> <span class='ocrx_word' id='word_1_265' title='bbox 865 1207 971 1230; x_wconf 87' lang='lat' dir='ltr'><strong>tantum</strong></span> <span class='ocrx_word' id='word_1_266' title='bbox 987 1203 1030 1231; x_wconf 90' lang='lat' dir='ltr'><strong>di-</strong></span> 
     </span>
    </p>
   </div>
   <div class='ocr_carea' id='block_1_42' title="bbox 236 1248 1030 1285">
    <p class='ocr_par' dir='ltr' id='par_1_42' title="bbox 236 1248 1030 1285">
     <span class='ocr_line' id='line_1_42' title="bbox 236 1248 1030 1285; baseline 0.004 -11"><span class='ocrx_word' id='word_1_267' title='bbox 236 1248 337 1281; x_wconf 84' lang='lat' dir='ltr'><strong>stabat,</strong></span> <span class='ocrx_word' id='word_1_268' title='bbox 351 1249 376 1275; x_wconf 91' lang='lat' dir='ltr'><strong>id</strong></span> <span class='ocrx_word' id='word_1_269' title='bbox 392 1254 434 1276; x_wconf 90' lang='lat' dir='ltr'><strong>est</strong></span> <span class='ocrx_word' id='word_1_270' title='bbox 444 1253 562 1283; x_wconf 84' lang='lat' dir='ltr'><strong>quatuor</strong></span> <span class='ocrx_word' id='word_1_271' title='bbox 574 1249 726 1277; x_wconf 84' lang='lat' dir='ltr'><strong>stadiorum</strong></span> <span class='ocrx_word' id='word_1_272' title='bbox 738 1250 865 1277; x_wconf 82' lang='lat' dir='ltr'><strong>ctdeccm</strong></span> <span class='ocrx_word' id='word_1_273' title='bbox 878 1249 1030 1285; x_wconf 84' lang='lat' dir='ltr'><strong>intercape-</strong></span> 
     </span>
    </p>
   </div>
   <div class='ocr_carea' id='block_1_43' title="bbox 236 1294 1030 1327">
    <p class='ocr_par' dir='ltr' id='par_1_43' title="bbox 236 1294 1030 1327">
     <span class='ocr_line' id='line_1_43' title="bbox 236 1294 1030 1327; baseline 0.004 -6"><span class='ocrx_word' id='word_1_274' title='bbox 236 1294 311 1327; x_wconf 90' lang='lat' dir='ltr'><strong>dine,</strong></span> <span class='ocrx_word' id='word_1_275' title='bbox 332 1295 449 1323; x_wconf 85' lang='lat' dir='ltr'><strong>villanus</strong></span> <span class='ocrx_word' id='word_1_276' title='bbox 459 1295 596 1322; x_wconf 84' lang='lat' dir='ltr'><strong>Tanrinus</strong></span> <span class='ocrx_word' id='word_1_277' title='bbox 612 1301 681 1327; x_wconf 80' lang='lat' dir='ltr'><strong>erat.</strong></span> <span class='ocrx_word' id='word_1_278' title='bbox 693 1301 721 1323; x_wconf 91' lang='lat' dir='ltr'><strong>et</strong></span> <span class='ocrx_word' id='word_1_279' title='bbox 739 1296 887 1323; x_wconf 87' lang='lat' dir='ltr'><strong>clavariam</strong></span> <span class='ocrx_word' id='word_1_280' title='bbox 904 1296 1030 1324; x_wconf 82' lang='lat' dir='ltr'><strong>sectaba-</strong></span> 
     </span>
    </p>
   </div>
   <div class='ocr_carea' id='block_1_44' title="bbox 237 1337 1031 1376">
    <p class='ocr_par' dir='ltr' id='par_1_44' title="bbox 237 1337 1031 1376">
     <span class='ocr_line' id='line_1_44' title="bbox 237 1337 1031 1376; baseline 0.004 -10"><span class='ocrx_word' id='word_1_281' title='bbox 237 1343 282 1366; x_wconf 91' lang='lat' dir='ltr'><strong>tur</strong></span> <span class='ocrx_word' id='word_1_282' title='bbox 296 1344 400 1374; x_wconf 83' lang='lat' dir='ltr'><strong>artem;</strong></span> <span class='ocrx_word' id='word_1_283' title='bbox 415 1341 514 1375; x_wconf 85' lang='lat' dir='ltr'><strong>pedum</strong></span> <span class='ocrx_word' id='word_1_284' title='bbox 533 1345 623 1368; x_wconf 88' lang='lat' dir='ltr'><strong>autem</strong></span> <span class='ocrx_word' id='word_1_285' title='bbox 640 1349 695 1368; x_wconf 93' lang='lat' dir='ltr'><strong>non</strong></span> <span class='ocrx_word' id='word_1_286' title='bbox 709 1337 794 1369; x_wconf 83' lang='lat' dir='ltr'><strong>lévem</strong></span> <span class='ocrx_word' id='word_1_287' title='bbox 816 1342 975 1376; x_wconf 86' lang='lat' dir='ltr'><strong>possidebat</strong></span> <span class='ocrx_word' id='word_1_288' title='bbox 988 1342 1031 1369; x_wconf 91' lang='lat' dir='ltr'><strong>in-</strong></span> 
     </span>
    </p>
   </div>
   <div class='ocr_carea' id='block_1_45' title="bbox 238 1386 1031 1422">
    <p class='ocr_par' dir='ltr' id='par_1_45' title="bbox 238 1386 1031 1422">
     <span class='ocr_line' id='line_1_45' title="bbox 238 1386 1031 1422; baseline 0.004 -10"><span class='ocrx_word' id='word_1_289' title='bbox 238 1386 393 1413; x_wconf 76' lang='lat' dir='ltr'><strong>firmitatem</strong></span> <span class='ocrx_word' id='word_1_290' title='bbox 408 1387 454 1414; x_wconf 87' lang='lat' dir='ltr'><strong>sed</strong></span> <span class='ocrx_word' id='word_1_291' title='bbox 474 1395 612 1421; x_wconf 74' lang='lat' dir='ltr'><strong>magnam,</strong></span> <span class='ocrx_word' id='word_1_292' title='bbox 635 1392 662 1414; x_wconf 92' lang='lat' dir='ltr'><strong>et</strong></span> <span class='ocrx_word' id='word_1_293' title='bbox 677 1395 738 1422; x_wconf 64' lang='lat' dir='ltr'><strong>qua:</strong></span> <span class='ocrx_word' id='word_1_294' title='bbox 752 1386 903 1415; x_wconf 86' lang='lat' dir='ltr'><strong>auditionis</strong></span> <span class='ocrx_word' id='word_1_295' title='bbox 913 1388 1031 1415; x_wconf 81' lang='lat' dir='ltr'><strong>excede-</strong></span> 
     </span>
    </p>
   </div>
   <div class='ocr_carea' id='block_1_46' title="bbox 238 1431 1030 1467">
    <p class='ocr_par' dir='ltr' id='par_1_46' title="bbox 238 1431 1030 1467">
     <span class='ocr_line' id='line_1_46' title="bbox 238 1431 1030 1467; baseline 0.003 -9"><span class='ocrx_word' id='word_1_296' title='bbox 238 1433 284 1459; x_wconf 86' lang='lat' dir='ltr'><strong>bat</strong></span> <span class='ocrx_word' id='word_1_297' title='bbox 297 1439 462 1458; x_wconf 81' lang='lat' dir='ltr'><strong>sermonem.</strong></span> <span class='ocrx_word' id='word_1_298' title='bbox 481 1431 512 1458; x_wconf 86' lang='lat' dir='ltr'><strong>Ili</strong></span> <span class='ocrx_word' id='word_1_299' title='bbox 529 1433 602 1459; x_wconf 85' lang='lat' dir='ltr'><strong>enim</strong></span> <span class='ocrx_word' id='word_1_300' title='bbox 619 1432 712 1467; x_wconf 86' lang='lat' dir='ltr'><strong>specie</strong></span> <span class='ocrx_word' id='word_1_301' title='bbox 725 1431 836 1467; x_wconf 83' lang='lat' dir='ltr'><strong>pedum,</strong></span> <span class='ocrx_word' id='word_1_302' title='bbox 852 1432 875 1460; x_wconf 85' lang='lat' dir='ltr'><strong>si</strong></span> <span class='ocrx_word' id='word_1_303' title='bbox 885 1432 1030 1460; x_wconf 87' lang='lat' dir='ltr'><strong>dicendum</strong></span> 
     </span>
    </p>
   </div>
   <div class='ocr_carea' id='block_1_47' title="bbox 237 1475 1030 1511">
    <p class='ocr_par' dir='ltr' id='par_1_47' title="bbox 237 1475 1030 1511">
     <span class='ocr_line' id='line_1_47' title="bbox 237 1475 1030 1511; baseline 0.004 -10"><span class='ocrx_word' id='word_1_304' title='bbox 237 1479 290 1507; x_wconf 74' lang='lat' dir='ltr'><strong>est,</strong></span> <span class='ocrx_word' id='word_1_305' title='bbox 313 1475 457 1509; x_wconf 81' lang='lat' dir='ltr'><strong>abnegata,</strong></span> <span class='ocrx_word' id='word_1_306' title='bbox 481 1475 604 1502; x_wconf 81' lang='lat' dir='ltr'><strong>lurorum</strong></span> <span class='ocrx_word' id='word_1_307' title='bbox 621 1475 805 1503; x_wconf 88' lang='lat' dir='ltr'><strong>imitabantur</strong></span> <span class='ocrx_word' id='word_1_308' title='bbox 821 1477 941 1511; x_wconf 81' lang='lat' dir='ltr'><strong>speciem</strong></span> <span class='ocrx_word' id='word_1_309' title='bbox 956 1485 1030 1504; x_wconf 90' lang='lat' dir='ltr'><strong>mor-</strong></span> 
     </span>
    </p>
   </div>
   <div class='ocr_carea' id='block_1_48' title="bbox 239 1521 1030 1559">
    <p class='ocr_par' dir='ltr' id='par_1_48' title="bbox 239 1521 1030 1559">
     <span class='ocr_line' id='line_1_48' title="bbox 239 1521 1030 1559; baseline 0.003 -11"><span class='ocrx_word' id='word_1_310' title='bbox 239 1528 367 1554; x_wconf 86' lang='lat' dir='ltr'><strong>tuorum;</strong></span> <span class='ocrx_word' id='word_1_311' title='bbox 386 1527 498 1557; x_wconf 88' lang='lat' dir='ltr'><strong>propter</strong></span> <span class='ocrx_word' id='word_1_312' title='bbox 514 1521 587 1557; x_wconf 88' lang='lat' dir='ltr'><strong>quod</strong></span> <span class='ocrx_word' id='word_1_313' title='bbox 602 1526 629 1550; x_wconf 92' lang='lat' dir='ltr'><strong>et</strong></span> <span class='ocrx_word' id='word_1_314' title='bbox 642 1530 704 1550; x_wconf 89' lang='lat' dir='ltr'><strong>eum</strong></span> <span class='ocrx_word' id='word_1_315' title='bbox 720 1530 802 1558; x_wconf 87' lang='lat' dir='ltr'><strong>quem</strong></span> <span class='ocrx_word' id='word_1_316' title='bbox 821 1522 1030 1559; x_wconf 86' lang='lat' dir='ltr'><strong>habebantpos-</strong></span> 
     </span>
    </p>
   </div>
   <div class='ocr_carea' id='block_1_49' title="bbox 1082 923 1878 958">
    <p class='ocr_par' dir='ltr' id='par_1_49' title="bbox 1082 923 1878 958">
     <span class='ocr_line' id='line_1_49' title="bbox 1082 923 1878 958; baseline 0.001 -9"><span class='ocrx_word' id='word_1_317' title='bbox 1082 923 1179 949; x_wconf 78' lang='grc' dir='ltr'>θᾶττον</span> <span class='ocrx_word' id='word_1_318' title='bbox 1194 924 1244 951; x_wconf 74' lang='grc' dir='ltr'>οὐκ</span> <span class='ocrx_word' id='word_1_319' title='bbox 1260 923 1381 958; x_wconf 76' lang='grc' dir='ltr'>ἴσχυσεν.</span> <span class='ocrx_word' id='word_1_320' title='bbox 1398 923 1498 950; x_wconf 85' lang='grc' dir='ltr'>Ἐλθὼν</span> <span class='ocrx_word' id='word_1_321' title='bbox 1507 923 1553 951; x_wconf 77' lang='grc' dir='ltr'>οὖν</span> <span class='ocrx_word' id='word_1_322' title='bbox 1566 924 1642 958; x_wconf 79' lang='grc' dir='ltr'>ὅμως</span> <span class='ocrx_word' id='word_1_323' title='bbox 1657 924 1706 956; x_wconf 82' lang='grc' dir='ltr'><strong>τὰς</strong></span> <span class='ocrx_word' id='word_1_324' title='bbox 1721 924 1812 956; x_wconf 73' lang='grc' dir='ltr'>αἰτίας</span> <span class='ocrx_word' id='word_1_325' title='bbox 1830 923 1878 950; x_wconf 75' lang='grc' dir='ltr'>τοῦ</span> 
     </span>
    </p>
   </div>
   <div class='ocr_carea' id='block_1_50' title="bbox 1083 968 1878 1006">
    <p class='ocr_par' dir='ltr' id='par_1_50' title="bbox 1083 968 1878 1006">
     <span class='ocr_line' id='line_1_50' title="bbox 1083 968 1878 1006; baseline 0.001 -11"><span class='ocrx_word' id='word_1_326' title='bbox 1083 968 1197 1005; x_wconf 80' lang='grc' dir='ltr'>βράδους</span> <span class='ocrx_word' id='word_1_327' title='bbox 1211 970 1374 1005; x_wconf 81' lang='grc' dir='ltr'>ἀπήγγειλε,</span> <span class='ocrx_word' id='word_1_328' title='bbox 1390 970 1438 997; x_wconf 73' lang='grc' dir='ltr'>καὶ</span> <span class='ocrx_word' id='word_1_329' title='bbox 1464 969 1502 1006; x_wconf 85' lang='grc' dir='ltr'>μὴ</span> <span class='ocrx_word' id='word_1_330' title='bbox 1529 969 1675 1005; x_wconf 82' lang='grc' dir='ltr'>παρελθεῖν</span> <span class='ocrx_word' id='word_1_331' title='bbox 1692 970 1774 997; x_wconf 79' lang='grc' dir='ltr'>αὑτὸν</span> <span class='ocrx_word' id='word_1_332' title='bbox 1786 970 1878 1004; x_wconf 75' lang='grc' dir='ltr'>ἀγρα-</span> 
     </span>
    </p>
   </div>
   <div class='ocr_carea' id='block_1_51' title="bbox 1082 1015 1879 1052">
    <p class='ocr_par' dir='ltr' id='par_1_51' title="bbox 1082 1015 1879 1052">
     <span class='ocr_line' id='line_1_51' title="bbox 1082 1015 1879 1052; baseline 0.001 -11"><span class='ocrx_word' id='word_1_333' title='bbox 1082 1024 1133 1050; x_wconf 85' lang='grc' dir='ltr'><strong>φον</strong></span> <span class='ocrx_word' id='word_1_334' title='bbox 1145 1015 1245 1051; x_wconf 75' lang='grc' dir='ltr'>ᾔτησεν</span> <span class='ocrx_word' id='word_1_335' title='bbox 1255 1024 1262 1031; x_wconf 92' lang='grc'><strong>·</strong></span> <span class='ocrx_word' id='word_1_336' title='bbox 1278 1015 1308 1042; x_wconf 83' lang='grc' dir='ltr'>ὃν</span> <span class='ocrx_word' id='word_1_337' title='bbox 1320 1016 1358 1048; x_wconf 85' lang='grc' dir='ltr'>ὡς</span> <span class='ocrx_word' id='word_1_338' title='bbox 1376 1017 1488 1050; x_wconf 79' lang='grc' dir='ltr'>ἀναξίαν</span> <span class='ocrx_word' id='word_1_339' title='bbox 1502 1016 1553 1052; x_wconf 81' lang='grc' dir='ltr'>τῆς</span> <span class='ocrx_word' id='word_1_340' title='bbox 1569 1015 1699 1052; x_wconf 77' lang='grc' dir='ltr'>μέμψεως</span> <span class='ocrx_word' id='word_1_341' title='bbox 1714 1016 1763 1051; x_wconf 82' lang='grc' dir='ltr'>τὴν</span> <span class='ocrx_word' id='word_1_342' title='bbox 1776 1016 1879 1043; x_wconf 86' lang='grc' dir='ltr'>ἀπολο-</span> 
     </span>
    </p>
   </div>
   <div class='ocr_carea' id='block_1_52' title="bbox 1082 1062 1877 1098">
    <p class='ocr_par' dir='ltr' id='par_1_52' title="bbox 1082 1062 1877 1098">
     <span class='ocr_line' id='line_1_52' title="bbox 1082 1062 1877 1098; baseline 0.001 -10"><span class='ocrx_word' id='word_1_343' title='bbox 1082 1062 1146 1096; x_wconf 84' lang='grc' dir='ltr'>γίαν</span> <span class='ocrx_word' id='word_1_344' title='bbox 1172 1062 1334 1097; x_wconf 86' lang='grc' dir='ltr'>ποιήσαντα,</span> <span class='ocrx_word' id='word_1_345' title='bbox 1360 1063 1409 1090; x_wconf 71' lang='grc' dir='ltr'>ἕνα</span> <span class='ocrx_word' id='word_1_346' title='bbox 1427 1071 1483 1089; x_wconf 89' lang='grc' dir='ltr'><strong>των</strong></span> <span class='ocrx_word' id='word_1_347' title='bbox 1508 1062 1665 1097; x_wconf 76' lang='grc' dir='ltr'>αὐχούντων</span> <span class='ocrx_word' id='word_1_348' title='bbox 1691 1064 1877 1098; x_wconf 79' lang='grc' dir='ltr'>μαρτυρικαῑς</span> 
     </span>
    </p>
   </div>
   <div class='ocr_carea' id='block_1_53' title="bbox 1083 1106 1627 1143">
    <p class='ocr_par' dir='ltr' id='par_1_53' title="bbox 1083 1106 1627 1143">
     <span class='ocr_line' id='line_1_53' title="bbox 1083 1106 1627 1143; baseline 0.002 -10"><span class='ocrx_word' id='word_1_349' title='bbox 1083 1106 1246 1142; x_wconf 76' lang='grc' dir='ltr'>ὲπισκέῲεσι</span> <span class='ocrx_word' id='word_1_350' title='bbox 1267 1107 1314 1134; x_wconf 71' lang='grc' dir='ltr'>καὶ</span> <span class='ocrx_word' id='word_1_351' title='bbox 1333 1107 1416 1134; x_wconf 83' lang='grc' dir='ltr'>αὑτὸν</span> <span class='ocrx_word' id='word_1_352' title='bbox 1435 1107 1627 1143; x_wconf 83' lang='grc' dir='ltr'>ποιησώμεθα.</span> 
     </span>
    </p>
   </div>
   <div class='ocr_carea' id='block_1_54' title="bbox 1127 1153 1877 1190">
    <p class='ocr_par' dir='ltr' id='par_1_54' title="bbox 1127 1153 1877 1190">
     <span class='ocr_line' id='line_1_54' title="bbox 1127 1153 1877 1190; baseline 0.003 -10"><span class='ocrx_word' id='word_1_353' title='bbox 1127 1153 1287 1189; x_wconf 78' lang='grc' dir='ltr'>Ἡρακλείου</span> <span class='ocrx_word' id='word_1_354' title='bbox 1298 1154 1344 1180; x_wconf 76' lang='grc' dir='ltr'>τοῦ</span> <span class='ocrx_word' id='word_1_355' title='bbox 1362 1155 1502 1189; x_wconf 82' lang='grc' dir='ltr'>κτήματος</span> <span class='ocrx_word' id='word_1_356' title='bbox 1518 1155 1565 1181; x_wconf 83' lang='grc' dir='ltr'>τοῦ</span> <span class='ocrx_word' id='word_1_357' title='bbox 1580 1154 1620 1190; x_wconf 82' lang='grc' dir='ltr'>τῷ</span> <span class='ocrx_word' id='word_1_358' title='bbox 1634 1154 1711 1190; x_wconf 82' lang='grc' dir='ltr'>σηκῷ</span> <span class='ocrx_word' id='word_1_359' title='bbox 1720 1155 1775 1183; x_wconf 83' lang='grc' dir='ltr'>τῶν</span> <span class='ocrx_word' id='word_1_360' title='bbox 1790 1156 1877 1190; x_wconf 78' lang='grc' dir='ltr'>ἁγίων</span> 
     </span>
    </p>
   </div>
   <div class='ocr_carea' id='block_1_55' title="bbox 1085 1200 1878 1237">
    <p class='ocr_par' dir='ltr' id='par_1_55' title="bbox 1085 1200 1878 1237">
     <span class='ocr_line' id='line_1_55' title="bbox 1085 1200 1878 1237; baseline 0.003 -10"><span class='ocrx_word' id='word_1_361' title='bbox 1085 1201 1323 1235; x_wconf 78' lang='grc' dir='ltr'>προσεγγὶζοντος,</span> <span class='ocrx_word' id='word_1_362' title='bbox 1337 1200 1385 1228; x_wconf 70' lang='grc' dir='ltr'>καὶ</span> <span class='ocrx_word' id='word_1_363' title='bbox 1399 1200 1535 1228; x_wconf 71' lang='grc' dir='ltr'>σαϐϐάτου</span> <span class='ocrx_word' id='word_1_364' title='bbox 1549 1201 1608 1228; x_wconf 83' lang='grc' dir='ltr'>ὁδὸν</span> <span class='ocrx_word' id='word_1_365' title='bbox 1621 1201 1717 1228; x_wconf 85' lang='grc' dir='ltr'>τούτου</span> <span class='ocrx_word' id='word_1_366' title='bbox 1733 1202 1817 1237; x_wconf 85' lang='grc' dir='ltr'>μόνον</span> <span class='ocrx_word' id='word_1_367' title='bbox 1829 1203 1878 1229; x_wconf 85' lang='grc' dir='ltr'>ἀπ-</span> 
     </span>
    </p>
   </div>
   <div class='ocr_carea' id='block_1_56' title="bbox 1084 1246 1879 1283">
    <p class='ocr_par' dir='ltr' id='par_1_56' title="bbox 1084 1246 1879 1283">
     <span class='ocr_line' id='line_1_56' title="bbox 1084 1246 1879 1283; baseline 0.003 -10"><span class='ocrx_word' id='word_1_368' title='bbox 1084 1246 1202 1282; x_wconf 72' lang='grc' dir='ltr'>έχόντος,</span> <span class='ocrx_word' id='word_1_369' title='bbox 1218 1247 1359 1274; x_wconf 76' lang='grc' dir='ltr'>τουτέστιν</span> <span class='ocrx_word' id='word_1_370' title='bbox 1370 1247 1508 1283; x_wconf 80' lang='grc' dir='ltr'>τεττάρων</span> <span class='ocrx_word' id='word_1_371' title='bbox 1531 1248 1578 1274; x_wconf 70' lang='grc' dir='ltr'><strong>καὶ⁹</strong></span> <span class='ocrx_word' id='word_1_372' title='bbox 1600 1247 1666 1274; x_wconf 80' lang='grc' dir='ltr'>δέκα</span> <span class='ocrx_word' id='word_1_373' title='bbox 1689 1248 1805 1274; x_wconf 79' lang='grc' dir='ltr'>σταδίων</span> <span class='ocrx_word' id='word_1_374' title='bbox 1822 1249 1879 1275; x_wconf 84' lang='grc' dir='ltr'>διά-</span> 
     </span>
    </p>
   </div>
   <div class='ocr_carea' id='block_1_57' title="bbox 1084 1294 1878 1330">
    <p class='ocr_par' dir='ltr' id='par_1_57' title="bbox 1084 1294 1878 1330">
     <span class='ocr_line' id='line_1_57' title="bbox 1084 1294 1878 1330; baseline 0.003 -10"><span class='ocrx_word' id='word_1_375' title='bbox 1084 1301 1188 1328; x_wconf 81' lang='grc' dir='ltr'>στημα,</span> <span class='ocrx_word' id='word_1_376' title='bbox 1210 1294 1342 1329; x_wconf 85' lang='grc' dir='ltr'>κωμήτης</span> <span class='ocrx_word' id='word_1_377' title='bbox 1365 1294 1379 1321; x_wconf 87' lang='grc' dir='ltr'><strong><em>ὸ</em></strong></span> <span class='ocrx_word' id='word_1_378' title='bbox 1406 1295 1541 1330; x_wconf 87' lang='grc' dir='ltr'>Ταυρῖνος</span> <span class='ocrx_word' id='word_1_379' title='bbox 1571 1294 1728 1330; x_wconf 66' lang='grc' dir='ltr'>ἐτύγχανεν,</span> <span class='ocrx_word' id='word_1_380' title='bbox 1754 1295 1803 1322; x_wconf 76' lang='grc' dir='ltr'>καὶ</span> <span class='ocrx_word' id='word_1_381' title='bbox 1830 1295 1878 1330; x_wconf 82' lang='grc' dir='ltr'>τὴν</span> 
     </span>
    </p>
   </div>
   <div class='ocr_carea' id='block_1_58' title="bbox 1083 1337 1879 1375">
    <p class='ocr_par' dir='ltr' id='par_1_58' title="bbox 1083 1337 1879 1375">
     <span class='ocr_line' id='line_1_58' title="bbox 1083 1337 1879 1375; baseline 0.004 -12"><span class='ocrx_word' id='word_1_382' title='bbox 1083 1337 1251 1373; x_wconf 83' lang='grc' dir='ltr'>ήλουργικὴν</span> <span class='ocrx_word' id='word_1_383' title='bbox 1263 1339 1362 1374; x_wconf 85' lang='grc' dir='ltr'>τέχνην</span> <span class='ocrx_word' id='word_1_384' title='bbox 1378 1339 1539 1375; x_wconf 83' lang='grc' dir='ltr'>μετήρχετο,</span> <span class='ocrx_word' id='word_1_385' title='bbox 1557 1339 1612 1366; x_wconf 84' lang='grc' dir='ltr'>τῶν</span> <span class='ocrx_word' id='word_1_386' title='bbox 1624 1339 1713 1366; x_wconf 84' lang='grc' dir='ltr'>ποδῶν</span> <span class='ocrx_word' id='word_1_387' title='bbox 1729 1340 1780 1375; x_wconf 88' lang='grc' dir='ltr'><strong>τήν</strong></span> <span class='ocrx_word' id='word_1_388' title='bbox 1796 1339 1879 1366; x_wconf 75' lang='grc' dir='ltr'>ἀσθέ-</span> 
     </span>
    </p>
   </div>
   <div class='ocr_carea' id='block_1_59' title="bbox 1084 1383 1879 1421">
    <p class='ocr_par' dir='ltr' id='par_1_59' title="bbox 1084 1383 1879 1421">
     <span class='ocr_line' id='line_1_59' title="bbox 1084 1383 1879 1421; baseline 0.003 -12"><span class='ocrx_word' id='word_1_389' title='bbox 1084 1391 1158 1410; x_wconf 90' lang='grc' dir='ltr'>νειαν</span> <span class='ocrx_word' id='word_1_390' title='bbox 1174 1384 1206 1410; x_wconf 87' lang='grc' dir='ltr'>οὺ</span> <span class='ocrx_word' id='word_1_391' title='bbox 1220 1383 1354 1419; x_wconf 82' lang='grc' dir='ltr'>τυχοῦσαν</span> <span class='ocrx_word' id='word_1_392' title='bbox 1366 1385 1507 1420; x_wconf 79' lang='grc' dir='ltr'>ἐκέκτητο,</span> <span class='ocrx_word' id='word_1_393' title='bbox 1520 1385 1587 1413; x_wconf 83' lang='grc' dir='ltr'>ἀλλὰ</span> <span class='ocrx_word' id='word_1_394' title='bbox 1601 1385 1723 1421; x_wconf 81' lang='grc' dir='ltr'>μεγάλην</span> <span class='ocrx_word' id='word_1_395' title='bbox 1737 1386 1783 1412; x_wconf 83' lang='grc' dir='ltr'>καὶ</span> <span class='ocrx_word' id='word_1_396' title='bbox 1799 1385 1879 1419; x_wconf 86' lang='grc' dir='ltr'>λόγον</span> 
     </span>
    </p>
   </div>
   <div class='ocr_carea' id='block_1_60' title="bbox 1084 1428 1880 1467">
    <p class='ocr_par' dir='ltr' id='par_1_60' title="bbox 1084 1428 1880 1467">
     <span class='ocr_line' id='line_1_60' title="bbox 1084 1428 1880 1467; baseline 0.004 -12"><span class='ocrx_word' id='word_1_397' title='bbox 1084 1429 1170 1464; x_wconf 82' lang='grc' dir='ltr'>ἀκοῆς</span> <span class='ocrx_word' id='word_1_398' title='bbox 1187 1430 1400 1466; x_wconf 83' lang='grc' dir='ltr'>ὑπεραίρουσαν.</span> <span class='ocrx_word' id='word_1_399' title='bbox 1410 1428 1490 1458; x_wconf 78' lang='grc' dir='ltr'>Οὗτοι</span> <span class='ocrx_word' id='word_1_400' title='bbox 1510 1431 1564 1467; x_wconf 83' lang='grc' dir='ltr'><strong>γὰρ</strong></span> <span class='ocrx_word' id='word_1_401' title='bbox 1580 1432 1610 1458; x_wconf 80' lang='grc' dir='ltr'>τὸ</span> <span class='ocrx_word' id='word_1_402' title='bbox 1624 1431 1677 1458; x_wconf 82' lang='grc' dir='ltr'>τῶν</span> <span class='ocrx_word' id='word_1_403' title='bbox 1693 1431 1781 1458; x_wconf 84' lang='grc' dir='ltr'>ποδῶν</span> <span class='ocrx_word' id='word_1_404' title='bbox 1797 1429 1880 1464; x_wconf 74' lang='grc' dir='ltr'>εἶδος,</span> 
     </span>
    </p>
   </div>
   <div class='ocr_carea' id='block_1_61' title="bbox 1085 1475 1880 1513">
    <p class='ocr_par' dir='ltr' id='par_1_61' title="bbox 1085 1475 1880 1513">
     <span class='ocr_line' id='line_1_61' title="bbox 1085 1475 1880 1513; baseline 0.004 -11"><span class='ocrx_word' id='word_1_405' title='bbox 1085 1477 1109 1502; x_wconf 86' lang='grc' dir='ltr'>ει</span> <span class='ocrx_word' id='word_1_406' title='bbox 1132 1475 1205 1502; x_wconf 78' lang='grc' dir='ltr'>ἔστιν</span> <span class='ocrx_word' id='word_1_407' title='bbox 1229 1477 1327 1509; x_wconf 84' lang='grc' dir='ltr'>εἰπεῖν,</span> <span class='ocrx_word' id='word_1_408' title='bbox 1345 1477 1541 1512; x_wconf 76' lang='grc' dir='ltr'>ἀρνησάμενοι,</span> <span class='ocrx_word' id='word_1_409' title='bbox 1559 1477 1654 1512; x_wconf 88' lang='grc' dir='ltr'>λώρων</span> <span class='ocrx_word' id='word_1_410' title='bbox 1669 1477 1820 1513; x_wconf 77' lang='grc' dir='ltr'>ἐμιμοῦντο</span> <span class='ocrx_word' id='word_1_411' title='bbox 1837 1487 1880 1505; x_wconf 89' lang='grc' dir='ltr'>νε-</span> 
     </span>
    </p>
   </div>
   <div class='ocr_carea' id='block_1_62' title="bbox 1085 1521 1879 1559">
    <p class='ocr_par' dir='ltr' id='par_1_62' title="bbox 1085 1521 1879 1559">
     <span class='ocr_line' id='line_1_62' title="bbox 1085 1521 1879 1559; baseline 0.005 -13"><span class='ocrx_word' id='word_1_412' title='bbox 1085 1521 1161 1556; x_wconf 80' lang='grc' dir='ltr'>κρῶν</span> <span class='ocrx_word' id='word_1_413' title='bbox 1187 1521 1322 1557; x_wconf 71' lang='grc' dir='ltr'>ἰδιότητα·</span> <span class='ocrx_word' id='word_1_414' title='bbox 1349 1523 1383 1549; x_wconf 82' lang='grc' dir='ltr'>δι’</span> <span class='ocrx_word' id='word_1_415' title='bbox 1398 1523 1413 1549; x_wconf 77' lang='grc' dir='ltr'><strong>ὃ</strong></span> <span class='ocrx_word' id='word_1_416' title='bbox 1439 1523 1486 1550; x_wconf 72' lang='grc' dir='ltr'>καὶ</span> <span class='ocrx_word' id='word_1_417' title='bbox 1513 1524 1559 1550; x_wconf 87' lang='grc' dir='ltr'>τὸν</span> <span class='ocrx_word' id='word_1_418' title='bbox 1583 1523 1679 1558; x_wconf 79' lang='grc' dir='ltr'>ἔχοντα</span> <span class='ocrx_word' id='word_1_419' title='bbox 1695 1524 1829 1559; x_wconf 85' lang='grc' dir='ltr'>κτήτορα,</span> <span class='ocrx_word' id='word_1_420' title='bbox 1847 1526 1879 1559; x_wconf 83' lang='grc' dir='ltr'>τῇ</span> 
     </span>
    </p>
   </div>
   <div class='ocr_carea' id='block_1_63' title="bbox 236 1561 1044 1604">
    <p class='ocr_par' dir='ltr' id='par_1_63' title="bbox 236 1568 1031 1603">
     <span class='ocr_line' id='line_1_63' title="bbox 236 1568 1031 1603; baseline 0.001 -8"><span class='ocrx_word' id='word_1_421' title='bbox 236 1575 386 1600; x_wconf 84' lang='lat' dir='ltr'><strong>sessorem,</strong></span> <span class='ocrx_word' id='word_1_422' title='bbox 415 1568 462 1595; x_wconf 87' lang='lat' dir='ltr'><strong>tali</strong></span> <span class='ocrx_word' id='word_1_423' title='bbox 481 1568 646 1603; x_wconf 75' lang='lat' dir='ltr'><strong>cognomine</strong></span> <span class='ocrx_word' id='word_1_424' title='bbox 661 1569 796 1595; x_wconf 84' lang='lat' dir='ltr'><strong>nominari</strong></span> <span class='ocrx_word' id='word_1_425' title='bbox 814 1568 956 1603; x_wconf 83' lang='lat' dir='ltr'><strong>fecerunt;</strong></span> <span class='ocrx_word' id='word_1_426' title='bbox 974 1569 1031 1596; x_wconf 86' lang='lat' dir='ltr'><strong>cla-</strong></span> 
     </span>
    </p>
   </div>
   <div class='ocr_carea' id='block_1_64' title="bbox 1091 1561 1882 1604">
    <p class='ocr_par' dir='ltr' id='par_1_64' title="bbox 1091 1567 1882 1604">
     <span class='ocr_line' id='line_1_64' title="bbox 1091 1567 1882 1604; baseline 0.005 -12"><span class='ocrx_word' id='word_1_427' title='bbox 1091 1567 1186 1593; x_wconf 78' lang='grc' dir='ltr'>τούτων</span> <span class='ocrx_word' id='word_1_428' title='bbox 1194 1568 1337 1604; x_wconf 68' lang='grc' dir='ltr'>ἐπωνυμία</span> <span class='ocrx_word' id='word_1_429' title='bbox 1349 1570 1531 1604; x_wconf 78' lang='grc' dir='ltr'>πεποιήκασιν</span> <span class='ocrx_word' id='word_1_430' title='bbox 1539 1569 1732 1604; x_wconf 76' lang='grc' dir='ltr'>ὀνομάζεσθαι·</span> <span class='ocrx_word' id='word_1_431' title='bbox 1741 1570 1771 1596; x_wconf 87' lang='grc' dir='ltr'>τὸ</span> <span class='ocrx_word' id='word_1_432' title='bbox 1782 1570 1882 1604; x_wconf 79' lang='grc' dir='ltr'>ήλουρ-</span> 
     </span>
    </p>
   </div>
   <div class='ocr_carea' id='block_1_65' title="bbox 238 1614 1032 1649">
    <p class='ocr_par' dir='ltr' id='par_1_65' title="bbox 238 1614 1032 1649">
     <span class='ocr_line' id='line_1_65' title="bbox 238 1614 1032 1649; baseline 0.004 -9"><span class='ocrx_word' id='word_1_433' title='bbox 238 1615 343 1641; x_wconf 90' lang='lat' dir='ltr'><strong>varium</strong></span> <span class='ocrx_word' id='word_1_434' title='bbox 367 1614 439 1640; x_wconf 91' lang='lat' dir='ltr'><strong>cnim</strong></span> <span class='ocrx_word' id='word_1_435' title='bbox 466 1614 501 1641; x_wconf 89' lang='lat' dir='ltr'><strong>ab</strong></span> <span class='ocrx_word' id='word_1_436' title='bbox 522 1618 582 1641; x_wconf 89' lang='lat' dir='ltr'><strong>arte</strong></span> <span class='ocrx_word' id='word_1_437' title='bbox 608 1614 807 1649; x_wconf 67' lang='lat' dir='ltr'><strong>cognominare</strong></span> <span class='ocrx_word' id='word_1_438' title='bbox 825 1616 997 1649; x_wconf 80' lang='lat' dir='ltr'><strong>amittentes,</strong></span> <span class='ocrx_word' id='word_1_439' title='bbox 1017 1623 1032 1642; x_wconf 88' lang='lat' dir='ltr'><strong>a</strong></span> 
     </span>
    </p>
   </div>
   <div class='ocr_carea' id='block_1_66' title="bbox 238 1659 1031 1696">
    <p class='ocr_par' dir='ltr' id='par_1_66' title="bbox 238 1659 1031 1696">
     <span class='ocr_line' id='line_1_66' title="bbox 238 1659 1031 1696; baseline 0.003 -10"><span class='ocrx_word' id='word_1_440' title='bbox 238 1660 355 1695; x_wconf 83' lang='lat' dir='ltr'><strong>pedibus</strong></span> <span class='ocrx_word' id='word_1_441' title='bbox 380 1660 518 1687; x_wconf 78' lang='lat' dir='ltr'><strong>vocabant</strong></span> <span class='ocrx_word' id='word_1_442' title='bbox 542 1660 665 1696; x_wconf 88' lang='lat' dir='ltr'><strong>loripeda</strong></span> <span class='ocrx_word' id='word_1_443' title='bbox 679 1669 687 1694; x_wconf 87' lang='lat'><strong>;</strong></span> <span class='ocrx_word' id='word_1_444' title='bbox 705 1665 732 1687; x_wconf 89' lang='lat' dir='ltr'><strong>et</strong></span> <span class='ocrx_word' id='word_1_445' title='bbox 748 1659 884 1695; x_wconf 86' lang='lat' dir='ltr'><strong>fortejam</strong></span> <span class='ocrx_word' id='word_1_446' title='bbox 900 1661 969 1688; x_wconf 86' lang='lat' dir='ltr'><strong>bene</strong></span> <span class='ocrx_word' id='word_1_447' title='bbox 986 1661 1031 1689; x_wconf 90' lang='lat' dir='ltr'><strong>tali</strong></span> 
     </span>
    </p>
   </div>
   <div class='ocr_carea' id='block_1_67' title="bbox 236 1706 1032 1742">
    <p class='ocr_par' dir='ltr' id='par_1_67' title="bbox 236 1706 1032 1742">
     <span class='ocr_line' id='line_1_67' title="bbox 236 1706 1032 1742; baseline 0.004 -10"><span class='ocrx_word' id='word_1_448' title='bbox 236 1713 300 1733; x_wconf 86' lang='lat' dir='ltr'><strong>eum</strong></span> <span class='ocrx_word' id='word_1_449' title='bbox 315 1706 427 1733; x_wconf 86' lang='lat' dir='ltr'><strong>nomine</strong></span> <span class='ocrx_word' id='word_1_450' title='bbox 439 1706 608 1740; x_wconf 80' lang='lat' dir='ltr'><strong>vocitabant,</strong></span> <span class='ocrx_word' id='word_1_451' title='bbox 625 1707 756 1742; x_wconf 88' lang='lat' dir='ltr'><strong>quoniam</strong></span> <span class='ocrx_word' id='word_1_452' title='bbox 774 1708 855 1742; x_wconf 86' lang='lat' dir='ltr'><strong>pedes</strong></span> <span class='ocrx_word' id='word_1_453' title='bbox 873 1715 927 1734; x_wconf 91' lang='lat' dir='ltr'><strong>non</strong></span> <span class='ocrx_word' id='word_1_454' title='bbox 943 1708 1032 1735; x_wconf 87' lang='lat' dir='ltr'><strong>solum</strong></span> 
     </span>
    </p>
   </div>
   <div class='ocr_carea' id='block_1_68' title="bbox 238 1752 1032 1788">
    <p class='ocr_par' dir='ltr' id='par_1_68' title="bbox 238 1752 1032 1788">
     <span class='ocr_line' id='line_1_68' title="bbox 238 1752 1032 1788; baseline 0.001 -9"><span class='ocrx_word' id='word_1_455' title='bbox 238 1753 360 1780; x_wconf 90' lang='lat' dir='ltr'><strong>lororum</strong></span> <span class='ocrx_word' id='word_1_456' title='bbox 389 1753 529 1780; x_wconf 83' lang='lat' dir='ltr'><strong>habebant</strong></span> <span class='ocrx_word' id='word_1_457' title='bbox 553 1753 666 1787; x_wconf 89' lang='lat' dir='ltr'><strong>idioma,</strong></span> <span class='ocrx_word' id='word_1_458' title='bbox 688 1752 736 1781; x_wconf 83' lang='lat' dir='ltr'><strong>sed</strong></span> <span class='ocrx_word' id='word_1_459' title='bbox 755 1753 819 1788; x_wconf 87' lang='lat' dir='ltr'><strong>quia</strong></span> <span class='ocrx_word' id='word_1_460' title='bbox 836 1758 863 1780; x_wconf 89' lang='lat' dir='ltr'><strong>et</strong></span> <span class='ocrx_word' id='word_1_461' title='bbox 880 1753 1032 1781; x_wconf 88' lang='lat' dir='ltr'><strong>secundum</strong></span> 
     </span>
    </p>
   </div>
   <div class='ocr_carea' id='block_1_69' title="bbox 239 1799 1034 1835">
    <p class='ocr_par' dir='ltr' id='par_1_69' title="bbox 239 1799 1034 1835">
     <span class='ocr_line' id='line_1_69' title="bbox 239 1799 1034 1835; baseline 0.001 -9"><span class='ocrx_word' id='word_1_462' title='bbox 239 1801 297 1826; x_wconf 66' lang='lat' dir='ltr'><strong>haec</strong></span> <span class='ocrx_word' id='word_1_463' title='bbox 313 1803 393 1826; x_wconf 83' lang='lat' dir='ltr'><strong>erant</strong></span> <span class='ocrx_word' id='word_1_464' title='bbox 407 1800 537 1834; x_wconf 71' lang='lat' dir='ltr'><strong>deinceps</strong></span> <span class='ocrx_word' id='word_1_465' title='bbox 548 1799 714 1831; x_wconf 80' lang='lat' dir='ltr'><strong>ineﬂicaces,</strong></span> <span class='ocrx_word' id='word_1_466' title='bbox 731 1805 758 1827; x_wconf 90' lang='lat' dir='ltr'><strong>et</strong></span> <span class='ocrx_word' id='word_1_467' title='bbox 773 1800 838 1834; x_wconf 90' lang='lat' dir='ltr'><strong>quia</strong></span> <span class='ocrx_word' id='word_1_468' title='bbox 856 1800 936 1835; x_wconf 84' lang='lat' dir='ltr'><strong>quasi</strong></span> <span class='ocrx_word' id='word_1_469' title='bbox 949 1807 963 1826; x_wconf 92' lang='lat' dir='ltr'><strong>a</strong></span> <span class='ocrx_word' id='word_1_470' title='bbox 975 1800 1034 1827; x_wconf 86' lang='lat' dir='ltr'><strong>cla-</strong></span> 
     </span>
    </p>
   </div>
   <div class='ocr_carea' id='block_1_70' title="bbox 239 1845 1035 1881">
    <p class='ocr_par' dir='ltr' id='par_1_70' title="bbox 239 1845 1035 1881">
     <span class='ocr_line' id='line_1_70' title="bbox 239 1845 1035 1881; baseline 0.001 -9"><span class='ocrx_word' id='word_1_471' title='bbox 239 1845 315 1872; x_wconf 84' lang='lat' dir='ltr'><strong>varia</strong></span> <span class='ocrx_word' id='word_1_472' title='bbox 331 1850 443 1881; x_wconf 87' lang='lat' dir='ltr'><strong>propter</strong></span> <span class='ocrx_word' id='word_1_473' title='bbox 459 1845 541 1880; x_wconf 91' lang='lat' dir='ltr'><strong>pedes</strong></span> <span class='ocrx_word' id='word_1_474' title='bbox 558 1850 617 1872; x_wconf 89' lang='lat' dir='ltr'><strong>arte</strong></span> <span class='ocrx_word' id='word_1_475' title='bbox 633 1846 789 1881; x_wconf 83' lang='lat' dir='ltr'><strong>quiescens,</strong></span> <span class='ocrx_word' id='word_1_476' title='bbox 804 1853 820 1873; x_wconf 86' lang='lat' dir='ltr'><strong>a</strong></span> <span class='ocrx_word' id='word_1_477' title='bbox 840 1846 939 1881; x_wconf 87' lang='lat' dir='ltr'><strong>pedum</strong></span> <span class='ocrx_word' id='word_1_478' title='bbox 955 1854 1035 1873; x_wconf 87' lang='lat' dir='ltr'><strong>voca-</strong></span> 
     </span>
    </p>
   </div>
   <div class='ocr_carea' id='block_1_71' title="bbox 240 1891 1033 1928">
    <p class='ocr_par' dir='ltr' id='par_1_71' title="bbox 240 1891 1033 1928">
     <span class='ocr_line' id='line_1_71' title="bbox 240 1891 1033 1928; baseline 0 -9"><span class='ocrx_word' id='word_1_479' title='bbox 240 1892 320 1920; x_wconf 89' lang='lat' dir='ltr'><strong>batur</strong></span> <span class='ocrx_word' id='word_1_480' title='bbox 337 1893 478 1927; x_wconf 75' lang='lat' dir='ltr'><strong>languore.</strong></span> <span class='ocrx_word' id='word_1_481' title='bbox 498 1892 577 1919; x_wconf 80' lang='lat' dir='ltr'><strong>Hanc</strong></span> <span class='ocrx_word' id='word_1_482' title='bbox 596 1891 735 1920; x_wconf 81' lang='lat' dir='ltr'><strong>Taurinos</strong></span> <span class='ocrx_word' id='word_1_483' title='bbox 749 1892 897 1928; x_wconf 81' lang='lat' dir='ltr'><strong>pessimam</strong></span> <span class='ocrx_word' id='word_1_484' title='bbox 917 1893 1033 1920; x_wconf 85' lang='lat' dir='ltr'><strong>inﬁrmi-</strong></span> 
     </span>
    </p>
   </div>
   <div class='ocr_carea' id='block_1_72' title="bbox 240 1938 1033 1974">
    <p class='ocr_par' dir='ltr' id='par_1_72' title="bbox 240 1938 1033 1974">
     <span class='ocr_line' id='line_1_72' title="bbox 240 1938 1033 1974; baseline 0.001 -9"><span class='ocrx_word' id='word_1_485' title='bbox 240 1942 323 1966; x_wconf 88' lang='lat' dir='ltr'><strong>tatem</strong></span> <span class='ocrx_word' id='word_1_486' title='bbox 355 1939 471 1970; x_wconf 83' lang='lat' dir='ltr'><strong>habens,</strong></span> <span class='ocrx_word' id='word_1_487' title='bbox 494 1942 557 1974; x_wconf 84' lang='lat' dir='ltr'><strong>post</strong></span> <span class='ocrx_word' id='word_1_488' title='bbox 577 1942 729 1966; x_wconf 77' lang='lat' dir='ltr'><strong>extremam</strong></span> <span class='ocrx_word' id='word_1_489' title='bbox 748 1938 921 1966; x_wconf 86' lang='lat' dir='ltr'><strong>medicorum</strong></span> <span class='ocrx_word' id='word_1_490' title='bbox 939 1940 1033 1974; x_wconf 83' lang='lat' dir='ltr'><strong>repul-</strong></span> 
     </span>
    </p>
   </div>
   <div class='ocr_carea' id='block_1_73' title="bbox 239 1984 1034 2020">
    <p class='ocr_par' dir='ltr' id='par_1_73' title="bbox 239 1984 1034 2020">
     <span class='ocr_line' id='line_1_73' title="bbox 239 1984 1034 2020; baseline 0.001 -8"><span class='ocrx_word' id='word_1_491' title='bbox 239 1985 361 2018; x_wconf 85' lang='lat' dir='ltr'><strong>sionem,</strong></span> <span class='ocrx_word' id='word_1_492' title='bbox 392 1984 465 2019; x_wconf 84' lang='lat' dir='ltr'><strong>quod</strong></span> <span class='ocrx_word' id='word_1_493' title='bbox 505 1992 644 2019; x_wconf 84' lang='lat' dir='ltr'><strong>nnnquam</strong></span> <span class='ocrx_word' id='word_1_494' title='bbox 672 1984 822 2020; x_wconf 90' lang='lat' dir='ltr'><strong>aliquando</strong></span> <span class='ocrx_word' id='word_1_495' title='bbox 849 1985 931 2019; x_wconf 86' lang='lat' dir='ltr'><strong>pedes</strong></span> <span class='ocrx_word' id='word_1_496' title='bbox 961 1990 1034 2013; x_wconf 74' lang='lat' dir='ltr'><strong>esset</strong></span> 
     </span>
    </p>
   </div>
   <div class='ocr_carea' id='block_1_74' title="bbox 240 2030 1034 2065">
    <p class='ocr_par' dir='ltr' id='par_1_74' title="bbox 240 2030 1034 2065">
     <span class='ocr_line' id='line_1_74' title="bbox 240 2030 1034 2065; baseline 0.001 -8"><span class='ocrx_word' id='word_1_497' title='bbox 240 2035 364 2058; x_wconf 78' lang='lat' dir='ltr'><strong>uioturus</strong></span> <span class='ocrx_word' id='word_1_498' title='bbox 379 2030 539 2064; x_wconf 77' lang='lat' dir='ltr'><strong>huiusmodi</strong></span> <span class='ocrx_word' id='word_1_499' title='bbox 562 2030 782 2065; x_wconf 88' lang='lat' dir='ltr'><strong>perhibentium;</strong></span> <span class='ocrx_word' id='word_1_500' title='bbox 808 2031 866 2058; x_wconf 76' lang='lat' dir='ltr'><strong>haec</strong></span> <span class='ocrx_word' id='word_1_501' title='bbox 877 2031 950 2057; x_wconf 91' lang='lat' dir='ltr'><strong>enim</strong></span> <span class='ocrx_word' id='word_1_502' title='bbox 975 2037 1034 2058; x_wconf 87' lang='lat' dir='ltr'><strong>erat</strong></span> 
     </span>
    </p>
   </div>
   <div class='ocr_carea' id='block_1_75' title="bbox 239 2076 1033 2112">
    <p class='ocr_par' dir='ltr' id='par_1_75' title="bbox 239 2076 1033 2112">
     <span class='ocr_line' id='line_1_75' title="bbox 239 2076 1033 2112; baseline 0.001 -9"><span class='ocrx_word' id='word_1_503' title='bbox 239 2077 360 2111; x_wconf 89' lang='lat' dir='ltr'><strong>ipsorum</strong></span> <span class='ocrx_word' id='word_1_504' title='bbox 377 2083 408 2103; x_wconf 75' lang='lat' dir='ltr'><strong>ex</strong></span> <span class='ocrx_word' id='word_1_505' title='bbox 435 2080 495 2103; x_wconf 87' lang='lat' dir='ltr'><strong>arte</strong></span> <span class='ocrx_word' id='word_1_506' title='bbox 519 2077 678 2108; x_wconf 85' lang='lat' dir='ltr'><strong>sententia;</strong></span> <span class='ocrx_word' id='word_1_507' title='bbox 695 2076 728 2103; x_wconf 88' lang='lat' dir='ltr'><strong>ad</strong></span> <span class='ocrx_word' id='word_1_508' title='bbox 754 2076 855 2112; x_wconf 86' lang='lat' dir='ltr'><strong>Cyrum</strong></span> <span class='ocrx_word' id='word_1_509' title='bbox 874 2077 1033 2105; x_wconf 87' lang='lat' dir='ltr'><strong>sublevatus</strong></span> 
     </span>
    </p>
   </div>
   <div class='ocr_carea' id='block_1_76' title="bbox 241 2120 1034 2157">
    <p class='ocr_par' dir='ltr' id='par_1_76' title="bbox 241 2120 1034 2157">
     <span class='ocr_line' id='line_1_76' title="bbox 241 2120 1034 2157; baseline 0.001 -10"><span class='ocrx_word' id='word_1_510' title='bbox 241 2121 325 2152; x_wconf 79' lang='lat' dir='ltr'><strong>venit,</strong></span> <span class='ocrx_word' id='word_1_511' title='bbox 339 2125 367 2148; x_wconf 83' lang='lat' dir='ltr'><strong>et</strong></span> <span class='ocrx_word' id='word_1_512' title='bbox 384 2120 520 2149; x_wconf 83' lang='lat' dir='ltr'><strong>Joannem</strong></span> <span class='ocrx_word' id='word_1_513' title='bbox 542 2120 606 2157; x_wconf 88' lang='lat' dir='ltr'><strong>Cyri</strong></span> <span class='ocrx_word' id='word_1_514' title='bbox 620 2125 845 2157; x_wconf 84' lang='lat' dir='ltr'><strong>commartyrem,</strong></span> <span class='ocrx_word' id='word_1_515' title='bbox 862 2122 961 2149; x_wconf 69' lang='lat' dir='ltr'><strong>divinae</strong></span> <span class='ocrx_word' id='word_1_516' title='bbox 978 2130 1034 2149; x_wconf 89' lang='lat' dir='ltr'><strong>me-</strong></span> 
     </span>
    </p>
   </div>
   <div class='ocr_carea' id='block_1_77' title="bbox 239 2167 1032 2204">
    <p class='ocr_par' dir='ltr' id='par_1_77' title="bbox 239 2167 1032 2204">
     <span class='ocr_line' id='line_1_77' title="bbox 239 2167 1032 2204; baseline 0.005 -12"><span class='ocrx_word' id='word_1_517' title='bbox 239 2167 339 2194; x_wconf 69' lang='lat' dir='ltr'><strong>dicina:</strong></span> <span class='ocrx_word' id='word_1_518' title='bbox 353 2172 548 2203; x_wconf 71' lang='lat' dir='ltr'><strong>praeceptores,</strong></span> <span class='ocrx_word' id='word_1_519' title='bbox 565 2173 592 2196; x_wconf 89' lang='lat' dir='ltr'><strong>et</strong></span> <span class='ocrx_word' id='word_1_520' title='bbox 607 2177 662 2196; x_wconf 88' lang='lat' dir='ltr'><strong>non</strong></span> <span class='ocrx_word' id='word_1_521' title='bbox 677 2169 738 2204; x_wconf 87' lang='lat' dir='ltr'><strong>ejus</strong></span> <span class='ocrx_word' id='word_1_522' title='bbox 750 2177 810 2204; x_wconf 73' lang='lat' dir='ltr'><strong>qua:</strong></span> <span class='ocrx_word' id='word_1_523' title='bbox 827 2169 1032 2204; x_wconf 88' lang='lat' dir='ltr'><strong>Hippocratem,</strong></span> 
     </span>
    </p>
   </div>
   <div class='ocr_carea' id='block_1_78' title="bbox 239 2213 1072 2258">
    <p class='ocr_par' dir='ltr' id='par_1_78' title="bbox 239 2213 1072 2258">
     <span class='ocr_line' id='line_1_78' title="bbox 239 2213 1072 2258; baseline 0.002 -18"><span class='ocrx_word' id='word_1_524' title='bbox 239 2213 385 2246; x_wconf 86' lang='lat' dir='ltr'><strong>Galenum,</strong></span> <span class='ocrx_word' id='word_1_525' title='bbox 400 2218 428 2241; x_wconf 87' lang='lat' dir='ltr'><strong>et</strong></span> <span class='ocrx_word' id='word_1_526' title='bbox 443 2215 639 2247; x_wconf 82' lang='lat' dir='ltr'><strong>Democritum,</strong></span> <span class='ocrx_word' id='word_1_527' title='bbox 661 2215 707 2250; x_wconf 90' lang='lat' dir='ltr'><strong>qui</strong></span> <span class='ocrx_word' id='word_1_528' title='bbox 726 2215 760 2242; x_wconf 86' lang='lat' dir='ltr'><strong>de</strong></span> <span class='ocrx_word' id='word_1_529' title='bbox 775 2221 847 2243; x_wconf 90' lang='lat' dir='ltr'><strong>terra</strong></span> <span class='ocrx_word' id='word_1_530' title='bbox 870 2216 1031 2251; x_wconf 83' lang='lat' dir='ltr'><strong>loquuntur,</strong></span> <span class='ocrx_word' id='word_1_531' title='bbox 1050 2230 1072 2258; x_wconf 71' lang='grc' dir='ltr'>υ</span> 
     </span>
    </p>
   </div>
   <div class='ocr_carea' id='block_1_79' title="bbox 241 2257 1032 2296">
    <p class='ocr_par' dir='ltr' id='par_1_79' title="bbox 241 2257 1032 2296">
     <span class='ocr_line' id='line_1_79' title="bbox 241 2257 1032 2296; baseline 0.005 -12"><span class='ocrx_word' id='word_1_532' title='bbox 241 2257 307 2284; x_wconf 84' lang='lat' dir='ltr'><strong>facit</strong></span> <span class='ocrx_word' id='word_1_533' title='bbox 328 2258 476 2291; x_wconf 86' lang='lat' dir='ltr'><strong>doctores;</strong></span> <span class='ocrx_word' id='word_1_534' title='bbox 502 2267 557 2294; x_wconf 92' lang='lat' dir='ltr'><strong>quo</strong></span> <span class='ocrx_word' id='word_1_535' title='bbox 575 2260 730 2287; x_wconf 87' lang='lat' dir='ltr'><strong>admirandi</strong></span> <span class='ocrx_word' id='word_1_536' title='bbox 747 2264 884 2296; x_wconf 85' lang='lat' dir='ltr'><strong>martyres</strong></span> <span class='ocrx_word' id='word_1_537' title='bbox 906 2261 1032 2289; x_wconf 82' lang='lat' dir='ltr'><strong>veniente</strong></span> 
     </span>
    </p>
   </div>
   <div class='ocr_carea' id='block_1_80' title="bbox 240 2304 1032 2341">
    <p class='ocr_par' dir='ltr' id='par_1_80' title="bbox 240 2304 1032 2341">
     <span class='ocr_line' id='line_1_80' title="bbox 240 2304 1032 2341; baseline 0.004 -11"><span class='ocrx_word' id='word_1_538' title='bbox 240 2308 380 2339; x_wconf 83' lang='lat' dir='ltr'><strong>suscepto,</strong></span> <span class='ocrx_word' id='word_1_539' title='bbox 394 2304 468 2331; x_wconf 88' lang='lat' dir='ltr'><strong>hunc</strong></span> <span class='ocrx_word' id='word_1_540' title='bbox 479 2305 599 2332; x_wconf 86' lang='lat' dir='ltr'><strong>sanitate</strong></span> <span class='ocrx_word' id='word_1_541' title='bbox 613 2305 739 2341; x_wconf 73' lang='lat' dir='ltr'><strong>dignum,</strong></span> <span class='ocrx_word' id='word_1_542' title='bbox 755 2313 836 2340; x_wconf 88' lang='lat' dir='ltr'><strong>quam</strong></span> <span class='ocrx_word' id='word_1_543' title='bbox 852 2307 889 2333; x_wconf 95' lang='lat' dir='ltr'><strong>illi</strong></span> <span class='ocrx_word' id='word_1_544' title='bbox 904 2307 1032 2341; x_wconf 72' lang='lat' dir='ltr'><strong>despera-</strong></span> 
     </span>
    </p>
   </div>
   <div class='ocr_carea' id='block_1_81' title="bbox 241 2350 1031 2386">
    <p class='ocr_par' dir='ltr' id='par_1_81' title="bbox 241 2350 1031 2386">
     <span class='ocr_line' id='line_1_81' title="bbox 241 2350 1031 2386; baseline 0.004 -10"><span class='ocrx_word' id='word_1_545' title='bbox 241 2355 344 2381; x_wconf 75' lang='lat' dir='ltr'><strong>verant,</strong></span> <span class='ocrx_word' id='word_1_546' title='bbox 359 2350 550 2378; x_wconf 89' lang='lat' dir='ltr'><strong>reddiderunt.</strong></span> <span class='ocrx_word' id='word_1_547' title='bbox 568 2351 740 2386; x_wconf 87' lang='lat' dir='ltr'><strong>Apparentes</strong></span> <span class='ocrx_word' id='word_1_548' title='bbox 755 2352 827 2379; x_wconf 91' lang='lat' dir='ltr'><strong>enim</strong></span> <span class='ocrx_word' id='word_1_549' title='bbox 840 2352 864 2380; x_wconf 88' lang='lat' dir='ltr'><strong>ei</strong></span> <span class='ocrx_word' id='word_1_550' title='bbox 880 2353 1031 2379; x_wconf 87' lang='lat' dir='ltr'><strong>secundum</strong></span> 
     </span>
    </p>
   </div>
   <div class='ocr_carea' id='block_1_82' title="bbox 240 2397 1031 2430">
    <p class='ocr_par' dir='ltr' id='par_1_82' title="bbox 240 2397 1031 2430">
     <span class='ocr_line' id='line_1_82' title="bbox 240 2397 1031 2430; baseline 0.001 -7"><span class='ocrx_word' id='word_1_551' title='bbox 240 2404 343 2424; x_wconf 86' lang='lat' dir='ltr'><strong>morem</strong></span> <span class='ocrx_word' id='word_1_552' title='bbox 357 2397 385 2424; x_wconf 93' lang='lat' dir='ltr'><strong>in</strong></span> <span class='ocrx_word' id='word_1_553' title='bbox 406 2398 566 2425; x_wconf 88' lang='lat' dir='ltr'><strong>stramentis</strong></span> <span class='ocrx_word' id='word_1_554' title='bbox 582 2401 609 2424; x_wconf 90' lang='lat' dir='ltr'><strong>et</strong></span> <span class='ocrx_word' id='word_1_555' title='bbox 632 2397 721 2430; x_wconf 87' lang='lat' dir='ltr'><strong>lectis,</strong></span> <span class='ocrx_word' id='word_1_556' title='bbox 739 2397 846 2425; x_wconf 85' lang='lat' dir='ltr'><strong>salitam</strong></span> <span class='ocrx_word' id='word_1_557' title='bbox 862 2399 1031 2425; x_wconf 87' lang='lat' dir='ltr'><strong>coturnicem</strong></span> 
     </span>
    </p>
   </div>
   <div class='ocr_carea' id='block_1_83' title="bbox 239 2442 1033 2477">
    <p class='ocr_par' dir='ltr' id='par_1_83' title="bbox 239 2442 1033 2477">
     <span class='ocr_line' id='line_1_83' title="bbox 239 2442 1033 2477; baseline 0 -8"><span class='ocrx_word' id='word_1_558' title='bbox 239 2446 265 2468; x_wconf 89' lang='lat' dir='ltr'><strong>ct</strong></span> <span class='ocrx_word' id='word_1_559' title='bbox 279 2442 445 2469; x_wconf 85' lang='lat' dir='ltr'><strong>exsiccatam</strong></span> <span class='ocrx_word' id='word_1_560' title='bbox 458 2442 621 2477; x_wconf 60' lang='lat' dir='ltr'><strong>praecipiunt</strong></span> <span class='ocrx_word' id='word_1_561' title='bbox 638 2449 758 2474; x_wconf 87' lang='lat' dir='ltr'><strong>sumere,</strong></span> <span class='ocrx_word' id='word_1_562' title='bbox 774 2447 802 2470; x_wconf 88' lang='lat' dir='ltr'><strong>et</strong></span> <span class='ocrx_word' id='word_1_563' title='bbox 814 2442 884 2469; x_wconf 89' lang='lat' dir='ltr'><strong>hanc</strong></span> <span class='ocrx_word' id='word_1_564' title='bbox 898 2447 987 2470; x_wconf 89' lang='lat' dir='ltr'><strong>terere</strong></span> <span class='ocrx_word' id='word_1_565' title='bbox 1005 2446 1033 2469; x_wconf 83' lang='lat' dir='ltr'><strong>et</strong></span> 
     </span>
    </p>
   </div>
   <div class='ocr_carea' id='block_1_84' title="bbox 239 2488 1028 2523">
    <p class='ocr_par' dir='ltr' id='par_1_84' title="bbox 239 2488 1028 2523">
     <span class='ocr_line' id='line_1_84' title="bbox 239 2488 1028 2523; baseline 0 -8"><span class='ocrx_word' id='word_1_566' title='bbox 239 2489 321 2523; x_wconf 74' lang='lat' dir='ltr'><strong>pedes</strong></span> <span class='ocrx_word' id='word_1_567' title='bbox 341 2497 444 2523; x_wconf 77' lang='lat' dir='ltr'><strong>ungere</strong></span> <span class='ocrx_word' id='word_1_568' title='bbox 467 2489 634 2520; x_wconf 83' lang='lat' dir='ltr'><strong>sancientes,</strong></span> <span class='ocrx_word' id='word_1_569' title='bbox 657 2488 757 2515; x_wconf 87' lang='lat' dir='ltr'><strong>iterum</strong></span> <span class='ocrx_word' id='word_1_570' title='bbox 783 2489 864 2516; x_wconf 85' lang='lat' dir='ltr'><strong>veluti</strong></span> <span class='ocrx_word' id='word_1_571' title='bbox 889 2490 1028 2516; x_wconf 90' lang='lat' dir='ltr'><strong>somnium</strong></span> 
     </span>
    </p>
   </div>
   <div class='ocr_carea' id='block_1_85' title="bbox 237 2535 1032 2570">
    <p class='ocr_par' dir='ltr' id='par_1_85' title="bbox 237 2535 1032 2570">
     <span class='ocr_line' id='line_1_85' title="bbox 237 2535 1032 2570; baseline 0.004 -10"><span class='ocrx_word' id='word_1_572' title='bbox 237 2537 429 2562; x_wconf 78' lang='lat' dir='ltr'><strong>avolaverunt.</strong></span> <span class='ocrx_word' id='word_1_573' title='bbox 447 2537 480 2562; x_wconf 78' lang='lat' dir='ltr'><strong>At</strong></span> <span class='ocrx_word' id='word_1_574' title='bbox 498 2535 544 2562; x_wconf 82' lang='lat' dir='ltr'><strong>ille</strong></span> <span class='ocrx_word' id='word_1_575' title='bbox 556 2539 617 2568; x_wconf 91' lang='lat' dir='ltr'><strong>post</strong></span> <span class='ocrx_word' id='word_1_576' title='bbox 635 2535 772 2562; x_wconf 90' lang='lat' dir='ltr'><strong>somnium</strong></span> <span class='ocrx_word' id='word_1_577' title='bbox 791 2536 862 2570; x_wconf 87' lang='lat' dir='ltr'><strong>quod</strong></span> <span class='ocrx_word' id='word_1_578' title='bbox 880 2535 1032 2570; x_wconf 82' lang='lat' dir='ltr'><strong>imperave-</strong></span> 
     </span>
    </p>
   </div>
   <div class='ocr_carea' id='block_1_86' title="bbox 239 2580 1031 2616">
    <p class='ocr_par' dir='ltr' id='par_1_86' title="bbox 239 2580 1031 2616">
     <span class='ocr_line' id='line_1_86' title="bbox 239 2580 1031 2616; baseline 0.003 -11"><span class='ocrx_word' id='word_1_579' title='bbox 239 2585 301 2606; x_wconf 71' lang='lat' dir='ltr'><strong>rtmt</strong></span> <span class='ocrx_word' id='word_1_580' title='bbox 315 2581 429 2612; x_wconf 76' lang='lat' dir='ltr'><strong>faciens,</strong></span> <span class='ocrx_word' id='word_1_581' title='bbox 447 2580 611 2607; x_wconf 80' lang='lat' dir='ltr'><strong>mirabiliter</strong></span> <span class='ocrx_word' id='word_1_582' title='bbox 626 2580 789 2611; x_wconf 84' lang='lat' dir='ltr'><strong>sanabatur,</strong></span> <span class='ocrx_word' id='word_1_583' title='bbox 804 2585 831 2608; x_wconf 88' lang='lat' dir='ltr'><strong>et</strong></span> <span class='ocrx_word' id='word_1_584' title='bbox 847 2582 919 2608; x_wconf 90' lang='lat' dir='ltr'><strong>oumi</strong></span> <span class='ocrx_word' id='word_1_585' title='bbox 933 2582 1031 2616; x_wconf 82' lang='lat' dir='ltr'><strong>pedum</strong></span> 
     </span>
    </p>
   </div>
   <div class='ocr_carea' id='block_1_87' title="bbox 239 2626 1031 2660">
    <p class='ocr_par' dir='ltr' id='par_1_87' title="bbox 239 2626 1031 2660">
     <span class='ocr_line' id='line_1_87' title="bbox 239 2626 1031 2660; baseline 0.003 -8"><span class='ocrx_word' id='word_1_586' title='bbox 239 2626 400 2653; x_wconf 80' lang='lat' dir='ltr'><strong>infirmitate</strong></span> <span class='ocrx_word' id='word_1_587' title='bbox 433 2629 459 2652; x_wconf 87' lang='lat' dir='ltr'><strong>ct</strong></span> <span class='ocrx_word' id='word_1_588' title='bbox 490 2626 591 2653; x_wconf 88' lang='lat' dir='ltr'><strong>duritia</strong></span> <span class='ocrx_word' id='word_1_589' title='bbox 617 2626 681 2657; x_wconf 79' lang='lat' dir='ltr'><strong>illa,</strong></span> <span class='ocrx_word' id='word_1_590' title='bbox 704 2626 881 2660; x_wconf 83' lang='lat' dir='ltr'><strong>Iororumque</strong></span> <span class='ocrx_word' id='word_1_591' title='bbox 916 2628 1031 2654; x_wconf 85' lang='lat' dir='ltr'><strong>deformi</strong></span> 
     </span>
    </p>
   </div>
   <div class='ocr_carea' id='block_1_88' title="bbox 241 2671 1032 2707">
    <p class='ocr_par' dir='ltr' id='par_1_88' title="bbox 241 2671 1032 2707">
     <span class='ocr_line' id='line_1_88' title="bbox 241 2671 1032 2707; baseline 0 -9"><span class='ocrx_word' id='word_1_592' title='bbox 241 2677 357 2706; x_wconf 72' lang='lat' dir='ltr'><strong>prorsus</strong></span> <span class='ocrx_word' id='word_1_593' title='bbox 373 2671 570 2706; x_wconf 77' lang='lat' dir='ltr'><strong>imaginatione</strong></span> <span class='ocrx_word' id='word_1_594' title='bbox 596 2672 731 2706; x_wconf 84' lang='lat' dir='ltr'><strong>deposita,</strong></span> <span class='ocrx_word' id='word_1_595' title='bbox 750 2672 856 2707; x_wconf 65' lang='lat' dir='ltr'><strong>integer</strong></span> <span class='ocrx_word' id='word_1_596' title='bbox 874 2676 901 2699; x_wconf 92' lang='lat' dir='ltr'><strong>et</strong></span> <span class='ocrx_word' id='word_1_597' title='bbox 917 2673 1032 2707; x_wconf 80' lang='lat' dir='ltr'><strong>pedibus</strong></span> 
     </span>
    </p>
   </div>
   <div class='ocr_carea' id='block_1_89' title="bbox 240 2717 1031 2752">
    <p class='ocr_par' dir='ltr' id='par_1_89' title="bbox 240 2717 1031 2752">
     <span class='ocr_line' id='line_1_89' title="bbox 240 2717 1031 2752; baseline 0.001 -9"><span class='ocrx_word' id='word_1_598' title='bbox 240 2718 320 2744; x_wconf 90' lang='lat' dir='ltr'><strong>bonis</strong></span> <span class='ocrx_word' id='word_1_599' title='bbox 335 2717 422 2744; x_wconf 85' lang='lat' dir='ltr'><strong>factus</strong></span> <span class='ocrx_word' id='word_1_600' title='bbox 436 2722 489 2750; x_wconf 82' lang='lat' dir='ltr'><strong>est,</strong></span> <span class='ocrx_word' id='word_1_601' title='bbox 502 2722 528 2744; x_wconf 87' lang='lat' dir='ltr'><strong>ct</strong></span> <span class='ocrx_word' id='word_1_602' title='bbox 543 2717 613 2745; x_wconf 81' lang='lat' dir='ltr'><strong>forte</strong></span> <span class='ocrx_word' id='word_1_603' title='bbox 625 2718 749 2745; x_wconf 87' lang='lat' dir='ltr'><strong>obtinere</strong></span> <span class='ocrx_word' id='word_1_604' title='bbox 763 2718 920 2745; x_wconf 83' lang='lat' dir='ltr'><strong>coturnices</strong></span> <span class='ocrx_word' id='word_1_605' title='bbox 935 2718 1031 2752; x_wconf 85' lang='lat' dir='ltr'><strong>pedum</strong></span> 
     </span>
    </p>
   </div>
   <div class='ocr_carea' id='block_1_90' title="bbox 240 2764 1033 2799">
    <p class='ocr_par' dir='ltr' id='par_1_90' title="bbox 240 2764 1033 2799">
     <span class='ocr_line' id='line_1_90' title="bbox 240 2764 1033 2799; baseline 0.001 -8"><span class='ocrx_word' id='word_1_606' title='bbox 240 2764 424 2792; x_wconf 85' lang='lat' dir='ltr'><strong>crassitudine</strong></span> <span class='ocrx_word' id='word_1_607' title='bbox 441 2765 544 2792; x_wconf 75' lang='lat' dir='ltr'><strong>valens.</strong></span> <span class='ocrx_word' id='word_1_608' title='bbox 566 2765 598 2791; x_wconf 85' lang='lat' dir='ltr'><strong>Et</strong></span> <span class='ocrx_word' id='word_1_609' title='bbox 615 2764 753 2792; x_wconf 82' lang='lat' dir='ltr'><strong>Taurinos</strong></span> <span class='ocrx_word' id='word_1_610' title='bbox 767 2764 877 2799; x_wconf 87' lang='lat' dir='ltr'><strong>quidem</strong></span> <span class='ocrx_word' id='word_1_611' title='bbox 891 2764 1033 2798; x_wconf 62' lang='lat' dir='ltr'><strong>sospitatis</strong></span> 
     </span>
    </p>
   </div>
   <div class='ocr_carea' id='block_1_91' title="bbox 240 2804 1032 2846">
    <p class='ocr_par' dir='ltr' id='par_1_91' title="bbox 240 2804 1032 2846">
     <span class='ocr_line' id='line_1_91' title="bbox 240 2804 1032 2846; baseline 0.001 -8"><span class='ocrx_word' id='word_1_612' title='bbox 240 2811 318 2846; x_wconf 84' lang='lat' dir='ltr'><strong>copia</strong></span> <span class='ocrx_word' id='word_1_613' title='bbox 341 2804 598 2846; x_wconf 20' lang='lat' dir='ltr'><strong>fretus,vgratiarum</strong></span> <span class='ocrx_word' id='word_1_614' title='bbox 617 2811 773 2838; x_wconf 87' lang='lat' dir='ltr'><strong>actionibus</strong></span> <span class='ocrx_word' id='word_1_615' title='bbox 783 2810 838 2838; x_wconf 87' lang='lat' dir='ltr'><strong>Deo</strong></span> <span class='ocrx_word' id='word_1_616' title='bbox 850 2811 1032 2846; x_wconf 81' lang='lat' dir='ltr'><strong>martyribus-</strong></span> 
     </span>
    </p>
   </div>
   <div class='ocr_carea' id='block_1_92' title="bbox 240 2857 1034 2894">
    <p class='ocr_par' dir='ltr' id='par_1_92' title="bbox 240 2857 1034 2894">
     <span class='ocr_line' id='line_1_92' title="bbox 240 2857 1034 2894; baseline 0 -10"><span class='ocrx_word' id='word_1_617' title='bbox 240 2865 294 2894; x_wconf 82' lang='lat' dir='ltr'><strong>que</strong></span> <span class='ocrx_word' id='word_1_618' title='bbox 310 2857 421 2891; x_wconf 86' lang='lat' dir='ltr'><strong>oblatis,</strong></span> <span class='ocrx_word' id='word_1_619' title='bbox 448 2857 564 2887; x_wconf 75' lang='lat' dir='ltr'><strong>recessit</strong></span> <span class='ocrx_word' id='word_1_620' title='bbox 583 2866 589 2885; x_wconf 92' lang='lat'>:</span> <span class='ocrx_word' id='word_1_621' title='bbox 604 2865 654 2885; x_wconf 87' lang='lat' dir='ltr'><strong>nos</strong></span> <span class='ocrx_word' id='word_1_622' title='bbox 669 2863 759 2885; x_wconf 84' lang='lat' dir='ltr'><strong>autem</strong></span> <span class='ocrx_word' id='word_1_623' title='bbox 775 2857 890 2892; x_wconf 83' lang='lat' dir='ltr'><strong>hymnos</strong></span> <span class='ocrx_word' id='word_1_624' title='bbox 917 2862 1034 2884; x_wconf 81' lang='lat' dir='ltr'><strong>cantan-</strong></span> 
     </span>
    </p>
   </div>
   <div class='ocr_carea' id='block_1_93' title="bbox 1084 1613 1880 1649">
    <p class='ocr_par' dir='ltr' id='par_1_93' title="bbox 1084 1613 1880 1649">
     <span class='ocr_line' id='line_1_93' title="bbox 1084 1613 1880 1649; baseline 0.003 -10"><span class='ocrx_word' id='word_1_625' title='bbox 1084 1613 1131 1646; x_wconf 81' lang='grc' dir='ltr'>γὸν</span> <span class='ocrx_word' id='word_1_626' title='bbox 1145 1613 1199 1648; x_wconf 79' lang='grc' dir='ltr'><strong>γὰρ</strong></span> <span class='ocrx_word' id='word_1_627' title='bbox 1214 1613 1393 1649; x_wconf 77' lang='grc' dir='ltr'>ἐπονομάζειν</span> <span class='ocrx_word' id='word_1_628' title='bbox 1408 1614 1461 1641; x_wconf 79' lang='grc' dir='ltr'>ἀπὸ</span> <span class='ocrx_word' id='word_1_629' title='bbox 1475 1614 1526 1649; x_wconf 76' lang='grc' dir='ltr'>τῆς</span> <span class='ocrx_word' id='word_1_630' title='bbox 1545 1615 1643 1649; x_wconf 82' lang='grc' dir='ltr'>τέχνης</span> <span class='ocrx_word' id='word_1_631' title='bbox 1665 1615 1809 1646; x_wconf 76' lang='grc' dir='ltr'>ἐάσαντες,</span> <span class='ocrx_word' id='word_1_632' title='bbox 1828 1615 1880 1642; x_wconf 78' lang='grc' dir='ltr'>ἀπὸ</span> 
     </span>
    </p>
   </div>
   <div class='ocr_carea' id='block_1_94' title="bbox 1083 1660 1880 1696">
    <p class='ocr_par' dir='ltr' id='par_1_94' title="bbox 1083 1660 1880 1696">
     <span class='ocr_line' id='line_1_94' title="bbox 1083 1660 1880 1696; baseline 0.003 -10"><span class='ocrx_word' id='word_1_633' title='bbox 1083 1660 1138 1686; x_wconf 84' lang='grc' dir='ltr'>τῶν</span> <span class='ocrx_word' id='word_1_634' title='bbox 1149 1660 1236 1686; x_wconf 84' lang='grc' dir='ltr'>ποδῶν</span> <span class='ocrx_word' id='word_1_635' title='bbox 1252 1660 1366 1687; x_wconf 77' lang='grc' dir='ltr'>ἐκάλουν</span> <span class='ocrx_word' id='word_1_636' title='bbox 1390 1660 1531 1695; x_wconf 72' lang='grc' dir='ltr'>λωρόττοδα</span> <span class='ocrx_word' id='word_1_637' title='bbox 1542 1669 1548 1676; x_wconf 94' lang='grc'><strong>·</strong></span> <span class='ocrx_word' id='word_1_638' title='bbox 1564 1662 1610 1688; x_wconf 79' lang='grc' dir='ltr'><strong>καὶ</strong></span> <span class='ocrx_word' id='word_1_639' title='bbox 1630 1662 1701 1696; x_wconf 77' lang='grc' dir='ltr'>τάχα</span> <span class='ocrx_word' id='word_1_640' title='bbox 1715 1661 1810 1693; x_wconf 71' lang='grc' dir='ltr'>καλῶς</span> <span class='ocrx_word' id='word_1_641' title='bbox 1825 1671 1880 1688; x_wconf 84' lang='grc' dir='ltr'>τοι-</span> 
     </span>
    </p>
   </div>
   <div class='ocr_carea' id='block_1_95' title="bbox 1084 1705 1879 1742">
    <p class='ocr_par' dir='ltr' id='par_1_95' title="bbox 1084 1705 1879 1742">
     <span class='ocr_line' id='line_1_95' title="bbox 1084 1705 1879 1742; baseline 0.004 -10"><span class='ocrx_word' id='word_1_642' title='bbox 1084 1705 1156 1740; x_wconf 84' lang='grc' dir='ltr'>ούτῳ</span> <span class='ocrx_word' id='word_1_643' title='bbox 1177 1705 1258 1732; x_wconf 73' lang='grc' dir='ltr'>αὑτὸν</span> <span class='ocrx_word' id='word_1_644' title='bbox 1282 1706 1396 1733; x_wconf 76' lang='grc' dir='ltr'>ἐκάλουν</span> <span class='ocrx_word' id='word_1_645' title='bbox 1422 1707 1544 1740; x_wconf 76' lang='grc' dir='ltr'>ὀνόματι,</span> <span class='ocrx_word' id='word_1_646' title='bbox 1563 1707 1680 1742; x_wconf 66' lang='grc' dir='ltr'>ἐπείπερ</span> <span class='ocrx_word' id='word_1_647' title='bbox 1700 1707 1725 1734; x_wconf 80' lang='grc' dir='ltr'>οι</span> <span class='ocrx_word' id='word_1_648' title='bbox 1752 1707 1835 1740; x_wconf 80' lang='grc' dir='ltr'>πόδες</span> <span class='ocrx_word' id='word_1_649' title='bbox 1850 1708 1879 1735; x_wconf 76' lang='grc' dir='ltr'>οὐ</span> 
     </span>
    </p>
   </div>
   <div class='ocr_carea' id='block_1_96' title="bbox 1086 1751 1881 1788">
    <p class='ocr_par' dir='ltr' id='par_1_96' title="bbox 1086 1751 1881 1788">
     <span class='ocr_line' id='line_1_96' title="bbox 1086 1751 1881 1788; baseline 0.004 -11"><span class='ocrx_word' id='word_1_650' title='bbox 1086 1751 1165 1786; x_wconf 78' lang='grc' dir='ltr'>μόνον</span> <span class='ocrx_word' id='word_1_651' title='bbox 1180 1752 1211 1778; x_wconf 81' lang='grc' dir='ltr'>τὸ</span> <span class='ocrx_word' id='word_1_652' title='bbox 1222 1752 1276 1778; x_wconf 84' lang='grc' dir='ltr'><strong>τῶν</strong></span> <span class='ocrx_word' id='word_1_653' title='bbox 1291 1752 1387 1788; x_wconf 84' lang='grc' dir='ltr'>λώρων</span> <span class='ocrx_word' id='word_1_654' title='bbox 1399 1752 1478 1788; x_wconf 79' lang='grc' dir='ltr'>ἔσχον</span> <span class='ocrx_word' id='word_1_655' title='bbox 1494 1752 1602 1788; x_wconf 76' lang='grc' dir='ltr'>ἰδίωμα,</span> <span class='ocrx_word' id='word_1_656' title='bbox 1618 1753 1675 1779; x_wconf 71' lang='grc' dir='ltr'>ἀλλ’</span> <span class='ocrx_word' id='word_1_657' title='bbox 1690 1753 1730 1779; x_wconf 87' lang='grc' dir='ltr'>ὄτι</span> <span class='ocrx_word' id='word_1_658' title='bbox 1746 1753 1795 1779; x_wconf 63' lang='grc' dir='ltr'><strong>καλ⁵</strong></span> <span class='ocrx_word' id='word_1_659' title='bbox 1812 1754 1881 1780; x_wconf 84' lang='grc' dir='ltr'><strong>κατά</strong></span> 
     </span>
    </p>
   </div>
   <div class='ocr_carea' id='block_1_97' title="bbox 1083 1795 1879 1833">
    <p class='ocr_par' dir='ltr' id='par_1_97' title="bbox 1083 1795 1879 1833">
     <span class='ocr_line' id='line_1_97' title="bbox 1083 1795 1879 1833; baseline 0.001 -10"><span class='ocrx_word' id='word_1_660' title='bbox 1083 1797 1170 1824; x_wconf 84' lang='grc' dir='ltr'>ταῦτα</span> <span class='ocrx_word' id='word_1_661' title='bbox 1184 1795 1254 1832; x_wconf 82' lang='grc' dir='ltr'>ἦσαν</span> <span class='ocrx_word' id='word_1_662' title='bbox 1268 1797 1362 1824; x_wconf 79' lang='grc' dir='ltr'>λοιπὸν</span> <span class='ocrx_word' id='word_1_663' title='bbox 1382 1798 1559 1833; x_wconf 84' lang='grc' dir='ltr'>ἁνενέργητοι</span> <span class='ocrx_word' id='word_1_664' title='bbox 1572 1806 1579 1812; x_wconf 92' lang='grc'>·</span> <span class='ocrx_word' id='word_1_665' title='bbox 1592 1798 1639 1824; x_wconf 78' lang='grc' dir='ltr'>καὶ</span> <span class='ocrx_word' id='word_1_666' title='bbox 1653 1798 1705 1829; x_wconf 85' lang='grc' dir='ltr'>δτι,</span> <span class='ocrx_word' id='word_1_667' title='bbox 1719 1799 1815 1833; x_wconf 82' lang='grc' dir='ltr'>φησὶν,</span> <span class='ocrx_word' id='word_1_668' title='bbox 1832 1799 1879 1833; x_wconf 83' lang='grc' dir='ltr'>τῆς</span> 
     </span>
    </p>
   </div>
   <div class='ocr_carea' id='block_1_98' title="bbox 1084 1843 1880 1879">
    <p class='ocr_par' dir='ltr' id='par_1_98' title="bbox 1084 1843 1880 1879">
     <span class='ocr_line' id='line_1_98' title="bbox 1084 1843 1880 1879; baseline 0.001 -10"><span class='ocrx_word' id='word_1_669' title='bbox 1084 1843 1252 1879; x_wconf 77' lang='grc' dir='ltr'>ήλουργικῆς</span> <span class='ocrx_word' id='word_1_670' title='bbox 1267 1844 1367 1878; x_wconf 85' lang='grc' dir='ltr'>τέχνης</span> <span class='ocrx_word' id='word_1_671' title='bbox 1382 1843 1426 1870; x_wconf 77' lang='grc' dir='ltr'><strong>διὰ</strong></span> <span class='ocrx_word' id='word_1_672' title='bbox 1441 1843 1502 1875; x_wconf 77' lang='grc' dir='ltr'>τοὺς</span> <span class='ocrx_word' id='word_1_673' title='bbox 1521 1843 1605 1875; x_wconf 77' lang='grc' dir='ltr'>πόδας</span> <span class='ocrx_word' id='word_1_674' title='bbox 1623 1843 1811 1878; x_wconf 84' lang='grc' dir='ltr'>παυσάμενος,</span> <span class='ocrx_word' id='word_1_675' title='bbox 1827 1843 1880 1870; x_wconf 72' lang='grc' dir='ltr'><strong>ἀπὺ</strong></span> 
     </span>
    </p>
   </div>
   <div class='ocr_carea' id='block_1_99' title="bbox 1083 1889 1880 1925">
    <p class='ocr_par' dir='ltr' id='par_1_99' title="bbox 1083 1889 1880 1925">
     <span class='ocr_line' id='line_1_99' title="bbox 1083 1889 1880 1925; baseline -0.001 -8"><span class='ocrx_word' id='word_1_676' title='bbox 1083 1890 1131 1917; x_wconf 85' lang='grc' dir='ltr'>τοῦ</span> <span class='ocrx_word' id='word_1_677' title='bbox 1146 1891 1200 1918; x_wconf 86' lang='grc' dir='ltr'>τῶν</span> <span class='ocrx_word' id='word_1_678' title='bbox 1217 1891 1306 1917; x_wconf 80' lang='grc' dir='ltr'>ποδῶν</span> <span class='ocrx_word' id='word_1_679' title='bbox 1321 1890 1445 1917; x_wconf 79' lang='grc' dir='ltr'>ἐκαλεῖτο</span> <span class='ocrx_word' id='word_1_680' title='bbox 1461 1890 1626 1925; x_wconf 86' lang='grc' dir='ltr'>νοσήματος.</span> <span class='ocrx_word' id='word_1_681' title='bbox 1642 1889 1751 1925; x_wconf 84' lang='grc' dir='ltr'>Ταύτην</span> <span class='ocrx_word' id='word_1_682' title='bbox 1771 1890 1785 1916; x_wconf 86' lang='grc' dir='ltr'><strong>ό</strong></span> <span class='ocrx_word' id='word_1_683' title='bbox 1809 1889 1880 1916; x_wconf 86' lang='grc' dir='ltr'>Ταυ-</span> 
     </span>
    </p>
   </div>
   <div class='ocr_carea' id='block_1_100' title="bbox 1086 1935 1880 1972">
    <p class='ocr_par' dir='ltr' id='par_1_100' title="bbox 1086 1935 1880 1972">
     <span class='ocr_line' id='line_1_100' title="bbox 1086 1935 1880 1972; baseline -0.001 -10"><span class='ocrx_word' id='word_1_684' title='bbox 1086 1937 1159 1971; x_wconf 88' lang='grc' dir='ltr'>ρῖνος</span> <span class='ocrx_word' id='word_1_685' title='bbox 1185 1935 1234 1971; x_wconf 72' lang='grc' dir='ltr'>τὴν</span> <span class='ocrx_word' id='word_1_686' title='bbox 1257 1935 1391 1971; x_wconf 82' lang='grc' dir='ltr'>κακίστην</span> <span class='ocrx_word' id='word_1_687' title='bbox 1413 1936 1482 1971; x_wconf 81' lang='grc' dir='ltr'>ἔχων</span> <span class='ocrx_word' id='word_1_688' title='bbox 1506 1935 1659 1968; x_wconf 72' lang='grc' dir='ltr'>ἀσθένειαν,</span> <span class='ocrx_word' id='word_1_689' title='bbox 1678 1936 1747 1970; x_wconf 83' lang='grc' dir='ltr'><strong>μετά</strong></span> <span class='ocrx_word' id='word_1_690' title='bbox 1761 1936 1814 1972; x_wconf 82' lang='grc' dir='ltr'>τὴν</span> <span class='ocrx_word' id='word_1_691' title='bbox 1828 1936 1880 1962; x_wconf 84' lang='grc' dir='ltr'>τῶν</span> 
     </span>
    </p>
   </div>
   <div class='ocr_carea' id='block_1_101' title="bbox 1086 1979 1879 2016">
    <p class='ocr_par' dir='ltr' id='par_1_101' title="bbox 1086 1979 1879 2016">
     <span class='ocr_line' id='line_1_101' title="bbox 1086 1979 1879 2016; baseline -0.003 -9"><span class='ocrx_word' id='word_1_692' title='bbox 1086 1981 1187 2016; x_wconf 79' lang='grc' dir='ltr'>ίατρῶν</span> <span class='ocrx_word' id='word_1_693' title='bbox 1200 1981 1360 2008; x_wconf 79' lang='grc' dir='ltr'>τελευταίαν</span> <span class='ocrx_word' id='word_1_694' title='bbox 1378 1981 1527 2015; x_wconf 74' lang='grc' dir='ltr'>ἀπόφασιν,</span> <span class='ocrx_word' id='word_1_695' title='bbox 1542 1981 1580 2012; x_wconf 87' lang='grc' dir='ltr'>ὡς</span> <span class='ocrx_word' id='word_1_696' title='bbox 1601 1981 1651 2007; x_wconf 78' lang='grc' dir='ltr'>οὐκ</span> <span class='ocrx_word' id='word_1_697' title='bbox 1665 1980 1697 2007; x_wconf 72' lang='grc' dir='ltr'>ἄν</span> <span class='ocrx_word' id='word_1_698' title='bbox 1714 1988 1781 2007; x_wconf 80' lang='grc' dir='ltr'>ποτε</span> <span class='ocrx_word' id='word_1_699' title='bbox 1798 1979 1879 2010; x_wconf 75' lang='grc' dir='ltr'>πόδας</span> 
     </span>
    </p>
   </div>
   <div class='ocr_carea' id='block_1_102' title="bbox 1084 2024 1878 2062">
    <p class='ocr_par' dir='ltr' id='par_1_102' title="bbox 1084 2024 1878 2062">
     <span class='ocr_line' id='line_1_102' title="bbox 1084 2024 1878 2062; baseline -0.001 -9"><span class='ocrx_word' id='word_1_700' title='bbox 1084 2026 1099 2052; x_wconf 82' lang='grc' dir='ltr'><strong>ὁ</strong></span> <span class='ocrx_word' id='word_1_701' title='bbox 1112 2027 1234 2057; x_wconf 79' lang='grc' dir='ltr'>τοιοῦτος</span> <span class='ocrx_word' id='word_1_702' title='bbox 1247 2027 1385 2061; x_wconf 84' lang='grc' dir='ltr'>κινήσειεν</span> <span class='ocrx_word' id='word_1_703' title='bbox 1399 2027 1480 2062; x_wconf 81' lang='grc' dir='ltr'>(αὕτη</span> <span class='ocrx_word' id='word_1_704' title='bbox 1493 2026 1547 2062; x_wconf 80' lang='grc' dir='ltr'>γὰρ</span> <span class='ocrx_word' id='word_1_705' title='bbox 1564 2024 1599 2061; x_wconf 84' lang='grc' dir='ltr'>ἦν</span> <span class='ocrx_word' id='word_1_706' title='bbox 1615 2026 1706 2052; x_wconf 83' lang='grc' dir='ltr'>αὐτῶν</span> <span class='ocrx_word' id='word_1_707' title='bbox 1723 2027 1755 2052; x_wconf 84' lang='grc' dir='ltr'>ὲκ</span> <span class='ocrx_word' id='word_1_708' title='bbox 1768 2027 1821 2061; x_wconf 85' lang='grc' dir='ltr'><strong>τῆς</strong></span> <span class='ocrx_word' id='word_1_709' title='bbox 1837 2025 1878 2052; x_wconf 86' lang='grc' dir='ltr'>τέ-</span> 
     </span>
    </p>
   </div>
   <div class='ocr_carea' id='block_1_103' title="bbox 1085 2071 1878 2107">
    <p class='ocr_par' dir='ltr' id='par_1_103' title="bbox 1085 2071 1878 2107">
     <span class='ocr_line' id='line_1_103' title="bbox 1085 2071 1878 2107; baseline 0 -10"><span class='ocrx_word' id='word_1_710' title='bbox 1085 2080 1152 2107; x_wconf 87' lang='grc' dir='ltr'>χνης</span> <span class='ocrx_word' id='word_1_711' title='bbox 1175 2072 1324 2106; x_wconf 79' lang='grc' dir='ltr'>ἀπόφασις)</span> <span class='ocrx_word' id='word_1_712' title='bbox 1342 2073 1409 2107; x_wconf 77' lang='grc' dir='ltr'>πρὸς</span> <span class='ocrx_word' id='word_1_713' title='bbox 1432 2072 1479 2098; x_wconf 83' lang='grc' dir='ltr'>τὸν</span> <span class='ocrx_word' id='word_1_714' title='bbox 1501 2072 1592 2107; x_wconf 87' lang='grc' dir='ltr'>Κῦρον</span> <span class='ocrx_word' id='word_1_715' title='bbox 1610 2072 1754 2106; x_wconf 77' lang='grc' dir='ltr'>αἰρόμενος</span> <span class='ocrx_word' id='word_1_716' title='bbox 1770 2071 1878 2106; x_wconf 79' lang='grc' dir='ltr'>ἔρχεται</span> 
     </span>
    </p>
   </div>
   <div class='ocr_carea' id='block_1_104' title="bbox 1085 2116 1879 2153">
    <p class='ocr_par' dir='ltr' id='par_1_104' title="bbox 1085 2116 1879 2153">
     <span class='ocr_line' id='line_1_104' title="bbox 1085 2116 1879 2153; baseline 0.001 -11"><span class='ocrx_word' id='word_1_717' title='bbox 1085 2116 1133 2142; x_wconf 72' lang='grc' dir='ltr'>καὶ</span> <span class='ocrx_word' id='word_1_718' title='bbox 1154 2117 1281 2152; x_wconf 81' lang='grc' dir='ltr'>Ἰωάννην</span> <span class='ocrx_word' id='word_1_719' title='bbox 1293 2117 1340 2144; x_wconf 81' lang='grc' dir='ltr'>τὸν</span> <span class='ocrx_word' id='word_1_720' title='bbox 1354 2117 1447 2152; x_wconf 82' lang='grc' dir='ltr'>Κύρου</span> <span class='ocrx_word' id='word_1_721' title='bbox 1464 2117 1510 2144; x_wconf 82' lang='grc' dir='ltr'>τοῦ</span> <span class='ocrx_word' id='word_1_722' title='bbox 1524 2117 1596 2143; x_wconf 87' lang='grc' dir='ltr'>θείου</span> <span class='ocrx_word' id='word_1_723' title='bbox 1614 2117 1879 2153; x_wconf 72' lang='grc' dir='ltr'>συμμάρτυρα,τοὺς</span> 
     </span>
    </p>
   </div>
   <div class='ocr_carea' id='block_1_105' title="bbox 1085 2162 1879 2198">
    <p class='ocr_par' dir='ltr' id='par_1_105' title="bbox 1085 2162 1879 2198">
     <span class='ocr_line' id='line_1_105' title="bbox 1085 2162 1879 2198; baseline 0.001 -11"><span class='ocrx_word' id='word_1_724' title='bbox 1085 2162 1160 2194; x_wconf 85' lang='grc' dir='ltr'>θείας</span> <span class='ocrx_word' id='word_1_725' title='bbox 1181 2162 1306 2198; x_wconf 75' lang='grc' dir='ltr'>ἰατρικῆς</span> <span class='ocrx_word' id='word_1_726' title='bbox 1319 2163 1516 2197; x_wconf 64' lang='grc' dir='ltr'>ἐπιστήμονας,</span> <span class='ocrx_word' id='word_1_727' title='bbox 1530 2163 1578 2189; x_wconf 76' lang='grc' dir='ltr'>καὶ</span> <span class='ocrx_word' id='word_1_728' title='bbox 1590 2163 1620 2188; x_wconf 84' lang='grc' dir='ltr'>οὺ</span> <span class='ocrx_word' id='word_1_729' title='bbox 1632 2163 1681 2196; x_wconf 84' lang='grc' dir='ltr'>τῆς</span> <span class='ocrx_word' id='word_1_730' title='bbox 1696 2162 1879 2198; x_wconf 71' lang='grc' dir='ltr'>Ἱπποκράτην</span> 
     </span>
    </p>
   </div>
   <div class='ocr_carea' id='block_1_106' title="bbox 1085 2209 1879 2246">
    <p class='ocr_par' dir='ltr' id='par_1_106' title="bbox 1085 2209 1879 2246">
     <span class='ocr_line' id='line_1_106' title="bbox 1085 2209 1879 2246; baseline -0.003 -9"><span class='ocrx_word' id='word_1_731' title='bbox 1085 2211 1134 2237; x_wconf 77' lang='grc' dir='ltr'><strong>καὶ</strong></span> <span class='ocrx_word' id='word_1_732' title='bbox 1150 2210 1269 2246; x_wconf 80' lang='grc' dir='ltr'>Γαληνδν</span> <span class='ocrx_word' id='word_1_733' title='bbox 1282 2209 1331 2236; x_wconf 70' lang='grc' dir='ltr'>καὶ</span> <span class='ocrx_word' id='word_1_734' title='bbox 1345 2209 1526 2244; x_wconf 80' lang='grc' dir='ltr'>Δημόκριτον,</span> <span class='ocrx_word' id='word_1_735' title='bbox 1550 2209 1613 2240; x_wconf 75' lang='grc' dir='ltr'>τοὺς</span> <span class='ocrx_word' id='word_1_736' title='bbox 1627 2209 1680 2236; x_wconf 73' lang='grc' dir='ltr'><strong>ἀπὸ</strong></span> <span class='ocrx_word' id='word_1_737' title='bbox 1696 2209 1747 2244; x_wconf 83' lang='grc' dir='ltr'>γῆς</span> <span class='ocrx_word' id='word_1_738' title='bbox 1765 2209 1879 2243; x_wconf 74' lang='grc' dir='ltr'>φθεγγο-</span> 
     </span>
    </p>
   </div>
   <div class='ocr_carea' id='block_1_107' title="bbox 1090 2255 1880 2293">
    <p class='ocr_par' dir='ltr' id='par_1_107' title="bbox 1090 2255 1880 2293">
     <span class='ocr_line' id='line_1_107' title="bbox 1090 2255 1880 2293; baseline -0.003 -10"><span class='ocrx_word' id='word_1_739' title='bbox 1090 2257 1198 2292; x_wconf 80' lang='grc' dir='ltr'>μένους,</span> <span class='ocrx_word' id='word_1_740' title='bbox 1212 2256 1377 2291; x_wconf 86' lang='grc' dir='ltr'>ποιουμένης</span> <span class='ocrx_word' id='word_1_741' title='bbox 1385 2257 1560 2291; x_wconf 79' lang='grc' dir='ltr'>γεννήτορας,</span> <span class='ocrx_word' id='word_1_742' title='bbox 1567 2256 1614 2281; x_wconf 89' lang='grc' dir='ltr'>Ὃν</span> <span class='ocrx_word' id='word_1_743' title='bbox 1624 2255 1648 2281; x_wconf 83' lang='grc' dir='ltr'>οἱ</span> <span class='ocrx_word' id='word_1_744' title='bbox 1658 2255 1806 2290; x_wconf 80' lang='grc' dir='ltr'>θαυμάσιοι</span> <span class='ocrx_word' id='word_1_745' title='bbox 1816 2256 1880 2293; x_wconf 77' lang='grc' dir='ltr'>μάρ-</span> 
     </span>
    </p>
   </div>
   <div class='ocr_carea' id='block_1_108' title="bbox 1086 2301 1878 2338">
    <p class='ocr_par' dir='ltr' id='par_1_108' title="bbox 1086 2301 1878 2338">
     <span class='ocr_line' id='line_1_108' title="bbox 1086 2301 1878 2338; baseline -0.003 -9"><span class='ocrx_word' id='word_1_746' title='bbox 1086 2311 1168 2338; x_wconf 84' lang='grc' dir='ltr'>τυρες</span> <span class='ocrx_word' id='word_1_747' title='bbox 1183 2303 1293 2329; x_wconf 75' lang='grc' dir='ltr'>ἐλθόντα</span> <span class='ocrx_word' id='word_1_748' title='bbox 1306 2302 1459 2337; x_wconf 80' lang='grc' dir='ltr'>δεξάμενοι,</span> <span class='ocrx_word' id='word_1_749' title='bbox 1475 2302 1585 2336; x_wconf 73' lang='grc' dir='ltr'>ῥώσεως</span> <span class='ocrx_word' id='word_1_750' title='bbox 1607 2301 1659 2335; x_wconf 82' lang='grc' dir='ltr'>τῆς</span> <span class='ocrx_word' id='word_1_751' title='bbox 1685 2301 1750 2337; x_wconf 81' lang='grc' dir='ltr'>παρ’</span> <span class='ocrx_word' id='word_1_752' title='bbox 1767 2302 1878 2328; x_wconf 75' lang='grc' dir='ltr'>ἐκείνων</span> 
     </span>
    </p>
   </div>
   <div class='ocr_carea' id='block_1_109' title="bbox 1087 2346 1877 2383">
    <p class='ocr_par' dir='ltr' id='par_1_109' title="bbox 1087 2346 1877 2383">
     <span class='ocr_line' id='line_1_109' title="bbox 1087 2346 1877 2383; baseline -0.004 -8"><span class='ocrx_word' id='word_1_753' title='bbox 1087 2348 1312 2383; x_wconf 77' lang='grc' dir='ltr'>ἀπογνωσθείσης</span> <span class='ocrx_word' id='word_1_754' title='bbox 1338 2348 1468 2383; x_wconf 66' lang='grc' dir='ltr'><strong>Ιηιξίωσαν.</strong></span> <span class='ocrx_word' id='word_1_755' title='bbox 1488 2347 1619 2378; x_wconf 73' lang='grc' dir='ltr'>Φανέντες</span> <span class='ocrx_word' id='word_1_756' title='bbox 1644 2347 1698 2381; x_wconf 82' lang='grc' dir='ltr'><strong>γὰρ</strong></span> <span class='ocrx_word' id='word_1_757' title='bbox 1723 2347 1798 2382; x_wconf 82' lang='grc' dir='ltr'>αὐτῷ</span> <span class='ocrx_word' id='word_1_758' title='bbox 1815 2346 1877 2373; x_wconf 82' lang='grc' dir='ltr'>καθ’</span> 
     </span>
    </p>
   </div>
   <div class='ocr_carea' id='block_1_110' title="bbox 1088 2391 1878 2429">
    <p class='ocr_par' dir='ltr' id='par_1_110' title="bbox 1088 2391 1878 2429">
     <span class='ocr_line' id='line_1_110' title="bbox 1088 2391 1878 2429; baseline -0.006 -7"><span class='ocrx_word' id='word_1_759' title='bbox 1088 2395 1187 2426; x_wconf 78' lang='grc' dir='ltr'>ὕπνους</span> <span class='ocrx_word' id='word_1_760' title='bbox 1197 2396 1244 2422; x_wconf 71' lang='grc' dir='ltr'>καὶ</span> <span class='ocrx_word' id='word_1_761' title='bbox 1269 2394 1425 2429; x_wconf 77' lang='grc' dir='ltr'>στρωμνὰς,</span> <span class='ocrx_word' id='word_1_762' title='bbox 1439 2393 1476 2425; x_wconf 87' lang='grc' dir='ltr'><strong>ὡς</strong></span> <span class='ocrx_word' id='word_1_763' title='bbox 1497 2393 1636 2425; x_wconf 87' lang='grc' dir='ltr'>εἰώθασιν,</span> <span class='ocrx_word' id='word_1_764' title='bbox 1654 2391 1755 2418; x_wconf 80' lang='grc' dir='ltr'>παστὺν</span> <span class='ocrx_word' id='word_1_765' title='bbox 1778 2393 1878 2427; x_wconf 72' lang='grc' dir='ltr'>ὕρτυγα</span> 
     </span>
    </p>
   </div>
   <div class='ocr_carea' id='block_1_111' title="bbox 1087 2440 1878 2476">
    <p class='ocr_par' dir='ltr' id='par_1_111' title="bbox 1087 2440 1878 2476">
     <span class='ocr_line' id='line_1_111' title="bbox 1087 2440 1878 2476; baseline -0.006 -6"><span class='ocrx_word' id='word_1_766' title='bbox 1087 2444 1181 2470; x_wconf 79' lang='grc' dir='ltr'>λαϐεῖν</span> <span class='ocrx_word' id='word_1_767' title='bbox 1207 2443 1401 2474; x_wconf 78' lang='grc' dir='ltr'>ἐπιτάττουσι,</span> <span class='ocrx_word' id='word_1_768' title='bbox 1426 2442 1474 2469; x_wconf 79' lang='grc' dir='ltr'>καὶ</span> <span class='ocrx_word' id='word_1_769' title='bbox 1491 2441 1586 2468; x_wconf 81' lang='grc' dir='ltr'>τοῦτον</span> <span class='ocrx_word' id='word_1_770' title='bbox 1602 2441 1699 2476; x_wconf 77' lang='grc' dir='ltr'>τρίψαι</span> <span class='ocrx_word' id='word_1_771' title='bbox 1718 2442 1767 2467; x_wconf 80' lang='grc' dir='ltr'>καὶ</span> <span class='ocrx_word' id='word_1_772' title='bbox 1789 2440 1878 2475; x_wconf 75' lang='grc' dir='ltr'>χρίσαι</span> 
     </span>
    </p>
   </div>
   <div class='ocr_carea' id='block_1_112' title="bbox 1087 2488 1877 2523">
    <p class='ocr_par' dir='ltr' id='par_1_112' title="bbox 1087 2488 1877 2523">
     <span class='ocr_line' id='line_1_112' title="bbox 1087 2488 1877 2523; baseline -0.008 -5"><span class='ocrx_word' id='word_1_773' title='bbox 1087 2491 1150 2522; x_wconf 72' lang='grc' dir='ltr'>τοὺς</span> <span class='ocrx_word' id='word_1_774' title='bbox 1166 2491 1249 2522; x_wconf 83' lang='grc' dir='ltr'>πόδας</span> <span class='ocrx_word' id='word_1_775' title='bbox 1268 2489 1458 2520; x_wconf 82' lang='grc' dir='ltr'>θεσπίσαντες,</span> <span class='ocrx_word' id='word_1_776' title='bbox 1473 2489 1555 2515; x_wconf 79' lang='grc' dir='ltr'>πάλιν</span> <span class='ocrx_word' id='word_1_777' title='bbox 1571 2488 1608 2520; x_wconf 84' lang='grc' dir='ltr'><strong>ὡς</strong></span> <span class='ocrx_word' id='word_1_778' title='bbox 1624 2488 1692 2523; x_wconf 81' lang='grc' dir='ltr'>δναρ</span> <span class='ocrx_word' id='word_1_779' title='bbox 1706 2488 1877 2522; x_wconf 80' lang='grc' dir='ltr'>ἀπέπτησαν.</span> 
     </span>
    </p>
   </div>
   <div class='ocr_carea' id='block_1_113' title="bbox 1093 2532 1879 2571">
    <p class='ocr_par' dir='ltr' id='par_1_113' title="bbox 1093 2532 1879 2571">
     <span class='ocr_line' id='line_1_113' title="bbox 1093 2532 1879 2571; baseline -0.006 -8"><span class='ocrx_word' id='word_1_780' title='bbox 1093 2537 1121 2563; x_wconf 78' lang='lat'><strong>‘0</strong></span> <span class='ocrx_word' id='word_1_781' title='bbox 1133 2536 1161 2562; x_wconf 83' lang='grc' dir='ltr'>δὲ</span> <span class='ocrx_word' id='word_1_782' title='bbox 1179 2536 1249 2571; x_wconf 84' lang='grc' dir='ltr'>μετὰ</span> <span class='ocrx_word' id='word_1_783' title='bbox 1261 2535 1306 2561; x_wconf 83' lang='grc' dir='ltr'>τὸν</span> <span class='ocrx_word' id='word_1_784' title='bbox 1323 2534 1406 2561; x_wconf 83' lang='grc' dir='ltr'>ὕπνον</span> <span class='ocrx_word' id='word_1_785' title='bbox 1423 2535 1540 2569; x_wconf 77' lang='grc' dir='ltr'>ποιήσας</span> <span class='ocrx_word' id='word_1_786' title='bbox 1551 2534 1581 2560; x_wconf 75' lang='grc' dir='ltr'><strong>τὺ</strong></span> <span class='ocrx_word' id='word_1_787' title='bbox 1593 2533 1747 2568; x_wconf 73' lang='grc' dir='ltr'>θέσπισμα,</span> <span class='ocrx_word' id='word_1_788' title='bbox 1763 2532 1879 2567; x_wconf 75' lang='grc' dir='ltr'>παραδό-</span> 
     </span>
    </p>
   </div>
   <div class='ocr_carea' id='block_1_114' title="bbox 1087 2580 1877 2617">
    <p class='ocr_par' dir='ltr' id='par_1_114' title="bbox 1087 2580 1877 2617">
     <span class='ocr_line' id='line_1_114' title="bbox 1087 2580 1877 2617; baseline -0.004 -8"><span class='ocrx_word' id='word_1_789' title='bbox 1087 2583 1140 2616; x_wconf 82' lang='grc' dir='ltr'>ξως</span> <span class='ocrx_word' id='word_1_790' title='bbox 1156 2583 1290 2617; x_wconf 80' lang='grc' dir='ltr'>ὲρὼννυτο</span> <span class='ocrx_word' id='word_1_791' title='bbox 1299 2603 1306 2614; x_wconf 89' lang='grc'><strong>,</strong></span> <span class='ocrx_word' id='word_1_792' title='bbox 1326 2582 1374 2609; x_wconf 78' lang='grc' dir='ltr'>καὶ</span> <span class='ocrx_word' id='word_1_793' title='bbox 1387 2582 1440 2608; x_wconf 85' lang='grc' dir='ltr'>πᾶν</span> <span class='ocrx_word' id='word_1_794' title='bbox 1452 2581 1597 2608; x_wconf 71' lang='grc' dir='ltr'>ἀποϐαλὼν</span> <span class='ocrx_word' id='word_1_795' title='bbox 1614 2581 1668 2607; x_wconf 84' lang='grc' dir='ltr'>τῶν</span> <span class='ocrx_word' id='word_1_796' title='bbox 1681 2580 1771 2607; x_wconf 85' lang='grc' dir='ltr'>ποδῶν</span> <span class='ocrx_word' id='word_1_797' title='bbox 1786 2581 1816 2606; x_wconf 79' lang='grc' dir='ltr'><strong>τὸ</strong></span> <span class='ocrx_word' id='word_1_798' title='bbox 1830 2580 1877 2615; x_wconf 74' lang='grc' dir='ltr'>ἀρ-</span> 
     </span>
    </p>
   </div>
   <div class='ocr_carea' id='block_1_115' title="bbox 1088 2626 1878 2664">
    <p class='ocr_par' dir='ltr' id='par_1_115' title="bbox 1088 2626 1878 2664">
     <span class='ocr_line' id='line_1_115' title="bbox 1088 2626 1878 2664; baseline -0.004 -9"><span class='ocrx_word' id='word_1_799' title='bbox 1088 2628 1232 2664; x_wconf 73' lang='grc' dir='ltr'>ρώστημα,</span> <span class='ocrx_word' id='word_1_800' title='bbox 1246 2630 1293 2656; x_wconf 75' lang='grc' dir='ltr'>καὶ</span> <span class='ocrx_word' id='word_1_801' title='bbox 1306 2629 1336 2655; x_wconf 76' lang='grc' dir='ltr'>τὸ</span> <span class='ocrx_word' id='word_1_802' title='bbox 1351 2628 1538 2663; x_wconf 76' lang='grc' dir='ltr'>κατεσκληκὺς</span> <span class='ocrx_word' id='word_1_803' title='bbox 1553 2629 1640 2654; x_wconf 71' lang='grc' dir='ltr'>ἐκεῖνο</span> <span class='ocrx_word' id='word_1_804' title='bbox 1657 2628 1704 2654; x_wconf 78' lang='grc' dir='ltr'>καὶ</span> <span class='ocrx_word' id='word_1_805' title='bbox 1717 2628 1770 2654; x_wconf 84' lang='grc' dir='ltr'>τῶν</span> <span class='ocrx_word' id='word_1_806' title='bbox 1787 2626 1878 2662; x_wconf 83' lang='grc' dir='ltr'>λώρων</span> 
     </span>
    </p>
   </div>
   <div class='ocr_carea' id='block_1_116' title="bbox 1087 2673 1876 2710">
    <p class='ocr_par' dir='ltr' id='par_1_116' title="bbox 1087 2673 1876 2710">
     <span class='ocr_line' id='line_1_116' title="bbox 1087 2673 1876 2710; baseline -0.005 -9"><span class='ocrx_word' id='word_1_807' title='bbox 1087 2675 1289 2702; x_wconf 81' lang='grc' dir='ltr'>δυσειδὲστατον</span> <span class='ocrx_word' id='word_1_808' title='bbox 1302 2675 1424 2709; x_wconf 83' lang='grc' dir='ltr'>ίνδαλμα,</span> <span class='ocrx_word' id='word_1_809' title='bbox 1437 2674 1529 2710; x_wconf 83' lang='grc' dir='ltr'>ἄρτιος</span> <span class='ocrx_word' id='word_1_810' title='bbox 1546 2674 1593 2700; x_wconf 75' lang='grc' dir='ltr'>καὶ</span> <span class='ocrx_word' id='word_1_811' title='bbox 1606 2673 1752 2705; x_wconf 87' lang='grc' dir='ltr'>καλλίπους</span> <span class='ocrx_word' id='word_1_812' title='bbox 1766 2673 1876 2707; x_wconf 75' lang='grc' dir='ltr'>ἐγίνετο,</span> 
     </span>
    </p>
   </div>
   <div class='ocr_carea' id='block_1_117' title="bbox 1088 2718 1876 2756">
    <p class='ocr_par' dir='ltr' id='par_1_117' title="bbox 1088 2718 1876 2756">
     <span class='ocr_line' id='line_1_117' title="bbox 1088 2718 1876 2756; baseline -0.004 -10"><span class='ocrx_word' id='word_1_813' title='bbox 1088 2721 1135 2746; x_wconf 75' lang='grc' dir='ltr'><strong>καὶ</strong></span> <span class='ocrx_word' id='word_1_814' title='bbox 1150 2720 1221 2755; x_wconf 79' lang='grc' dir='ltr'>τάχα</span> <span class='ocrx_word' id='word_1_815' title='bbox 1237 2721 1355 2756; x_wconf 72' lang='grc' dir='ltr'>ὄρτυγας</span> <span class='ocrx_word' id='word_1_816' title='bbox 1381 2722 1493 2755; x_wconf 85' lang='grc' dir='ltr'>κρατεῖν</span> <span class='ocrx_word' id='word_1_817' title='bbox 1516 2721 1548 2754; x_wconf 84' lang='grc' dir='ltr'>τῇ</span> <span class='ocrx_word' id='word_1_818' title='bbox 1573 2719 1628 2745; x_wconf 85' lang='grc' dir='ltr'>τῶν</span> <span class='ocrx_word' id='word_1_819' title='bbox 1645 2718 1733 2745; x_wconf 85' lang='grc' dir='ltr'>ποδῶν</span> <span class='ocrx_word' id='word_1_820' title='bbox 1749 2718 1876 2754; x_wconf 80' lang='grc' dir='ltr'>ταχύτητι</span> 
     </span>
    </p>
   </div>
   <div class='ocr_carea' id='block_1_118' title="bbox 1089 2763 1877 2801">
    <p class='ocr_par' dir='ltr' id='par_1_118' title="bbox 1089 2763 1877 2801">
     <span class='ocr_line' id='line_1_118' title="bbox 1089 2763 1877 2801; baseline -0.004 -9"><span class='ocrx_word' id='word_1_821' title='bbox 1089 2766 1268 2797; x_wconf 75' lang='grc' dir='ltr'>ἱκανώτατος.</span> <span class='ocrx_word' id='word_1_822' title='bbox 1293 2767 1348 2792; x_wconf 68' lang='grc' dir='ltr'><strong>Καὶ</strong></span> <span class='ocrx_word' id='word_1_823' title='bbox 1363 2766 1495 2801; x_wconf 83' lang='grc' dir='ltr'>Ταυρῖνος</span> <span class='ocrx_word' id='word_1_824' title='bbox 1512 2766 1561 2801; x_wconf 81' lang='grc' dir='ltr'>μὲν</span> <span class='ocrx_word' id='word_1_825' title='bbox 1574 2765 1646 2792; x_wconf 74' lang='grc' dir='ltr'>οὕτω</span> <span class='ocrx_word' id='word_1_826' title='bbox 1662 2764 1773 2800; x_wconf 76' lang='grc' dir='ltr'>ῥώσεως</span> <span class='ocrx_word' id='word_1_827' title='bbox 1797 2766 1825 2791; x_wconf 70' lang='grc' dir='ltr'>ἐν</span> <span class='ocrx_word' id='word_1_828' title='bbox 1837 2763 1877 2789; x_wconf 80' lang='grc' dir='ltr'><strong>εὐ·</strong></span> 
     </span>
    </p>
   </div>
   <div class='ocr_carea' id='block_1_119' title="bbox 1089 2809 1875 2847">
    <p class='ocr_par' dir='ltr' id='par_1_119' title="bbox 1089 2809 1875 2847">
     <span class='ocr_line' id='line_1_119' title="bbox 1089 2809 1875 2847; baseline -0.001 -9"><span class='ocrx_word' id='word_1_829' title='bbox 1089 2812 1173 2847; x_wconf 79' lang='grc' dir='ltr'>πορῐᾳ</span> <span class='ocrx_word' id='word_1_830' title='bbox 1187 2813 1345 2846; x_wconf 79' lang='grc' dir='ltr'>γενόμενος,</span> <span class='ocrx_word' id='word_1_831' title='bbox 1364 2812 1568 2847; x_wconf 81' lang='grc' dir='ltr'>εὐχαριστήσας</span> <span class='ocrx_word' id='word_1_832' title='bbox 1581 2811 1641 2847; x_wconf 83' lang='grc' dir='ltr'><strong>Θεῷ</strong></span> <span class='ocrx_word' id='word_1_833' title='bbox 1665 2812 1712 2838; x_wconf 77' lang='grc' dir='ltr'>καὶ</span> <span class='ocrx_word' id='word_1_834' title='bbox 1735 2812 1793 2841; x_wconf 79' lang='grc' dir='ltr'>τοῖς</span> <span class='ocrx_word' id='word_1_835' title='bbox 1811 2809 1875 2845; x_wconf 79' lang='grc' dir='ltr'>μάρ-</span> 
     </span>
    </p>
   </div>
   <div class='ocr_carea' id='block_1_120' title="bbox 1088 2857 1875 2894">
    <p class='ocr_par' dir='ltr' id='par_1_120' title="bbox 1088 2857 1875 2894">
     <span class='ocr_line' id='line_1_120' title="bbox 1088 2857 1875 2894; baseline -0.001 -10"><span class='ocrx_word' id='word_1_836' title='bbox 1088 2866 1167 2885; x_wconf 84' lang='grc' dir='ltr'>τυσιν</span> <span class='ocrx_word' id='word_1_837' title='bbox 1183 2859 1363 2894; x_wconf 76' lang='grc' dir='ltr'>ἀπελήλυθεν.</span> <span class='ocrx_word' id='word_1_838' title='bbox 1374 2859 1470 2894; x_wconf 82' lang='grc' dir='ltr'>Ἡμεῖς</span> <span class='ocrx_word' id='word_1_839' title='bbox 1486 2858 1514 2885; x_wconf 79' lang='grc' dir='ltr'>δὲ</span> <span class='ocrx_word' id='word_1_840' title='bbox 1527 2858 1715 2894; x_wconf 79' lang='grc' dir='ltr'>ὑμνήσαντες,</span> <span class='ocrx_word' id='word_1_841' title='bbox 1734 2859 1780 2886; x_wconf 73' lang='grc' dir='ltr'>καὶ</span> <span class='ocrx_word' id='word_1_842' title='bbox 1795 2857 1875 2890; x_wconf 83' lang='grc' dir='ltr'>λόγων</span> 
     </span>
    </p>
   </div>
  </div>
