1910 3078
263 127 331 161 3531

712 127 742 156 S.
760 124 969 155 SOPHRONII
985 123 1238 155 PATRIARCHzE
1258 124 1460 155 HIEROSOL.

1828 128 1890 159 3592

265 185 307 212 ori
327 183 482 219 proximum
506 186 566 210 erat
588 182 749 215 insilientia,
772 182 799 208 in
825 185 933 208 uterum
958 180 1054 215 puellae

1114 188 1191 207 ravm
1217 181 1264 216 τῆς
1288 181 1438 216 ἐγγισάσης
1455 182 1493 216 τῷ
1516 182 1640 217 στόματι,
1659 182 1699 213 είς
1717 181 1766 217 τὴν
1777 184 1891 219 γαστέρα

266 232 347 258 allata
365 233 440 262 sunt,
459 237 512 256 non
533 229 717 257 voluntarium
745 227 910 255 sustinentia
935 227 1052 262 lapsum.

266 276 295 303 lu
322 281 445 302 venirent
476 280 567 302 autem
594 275 690 310 puclla:
713 274 839 305 inducta,
865 278 890 301 et
915 273 1054 300 insolitam

266 321 463 348 habitationem
473 328 644 355 nequaquam
655 319 885 355 ferentiaJugere
903 319 965 346 itide
982 322 1056 346 sala-

266 367 375 401 gebant.
403 365 508 392 Taliter
541 369 631 392 autent
665 365 867 397 discurrentis,
896 368 922 391 ct
949 364 1056 390 misera:

267 413 341 439 illius
360 413 468 439 interim
494 411 646 447 praecordia
675 411 881 442 conturbantia,
902 410 1055 437 contortio-

266 466 368 492 nesque
384 458 520 485 viscerum
539 458 678 491 facientia,
697 457 885 484 intolerabiles
911 457 948 483 illi
977 455 1055 483 dolo-

265 511 310 531 res
330 504 527 539 operabantur,
550 511 620 538 quos
651 503 774 538 profecto
799 510 880 529 nemo
912 503 1056 537 scriptura:

265 550 509 582 commendaverit,
520 549 627 576 etiamsi
640 549 754 575 multum
771 549 868 576 haheat
882 548 1055 582 experimen-

266 599 324 621 tum
343 595 496 629 languoris.
514 594 590 622 Unde
604 594 694 629 puella
720 595 893 621 incessanter
911 593 1056 628 plangebat

265 645 293 667 ct
306 641 438 674 ejulabat,
463 640 664 674 oculorumque
691 640 828 675 lacrymas
843 638 1012 670 eﬂundebat,
1030 645 1057 666 el.

264 685 408 721 quiescere
437 685 547 719 penitus
588 692 643 711 non
669 684 787 711 valebat.
818 682 934 716 Quando
965 688 1056 711 autem

267 738 352 757 unutn
373 738 406 757 ex
428 730 581 764 reptilibus,
603 737 664 764 quae
689 730 816 763 absorpta
850 728 968 759 fuerant,
991 736 1057 763 pau-

266 776 352 803 lulum
390 776 571 810 quiescebat,
608 776 631 802 si
671 781 760 803 tamen
799 775 947 810 aliquando
980 775 1058 809 quie-

268 824 372 857 scebat,
396 823 499 859 reliqua
522 823 576 850 duo
600 823 718 858 puellam
744 823 903 850 domabant.
926 822 1004 854 Quod
1033 821 1056 848 si

1105 226 1158 261 τῆς
1175 227 1268 258 παιδὸς
1284 228 1422 262 φέρονται,
1434 228 1561 254 ἀκούσιον
1580 227 1685 254 ὃλισθον
1700 228 1889 263 ὑπομείναντα.

1107 273 1153 304 Εἰς
1167 273 1215 306 τὴν
1229 272 1333 299 κοιλίαν
1344 273 1371 299 δὲ
1383 273 1581 308 κατενεχθέντα
1592 274 1641 308 τῆς
1657 274 1798 308 μείρακος,
1811 276 1856 301 καὶ
1867 277 1892 302 τὸ

1106 318 1181 351 ξένον
1193 318 1241 352 τῆς
1253 318 1344 350 ἑστίας
1359 318 1396 353 μὴ
1412 319 1538 353 φέροντα,
1548 319 1658 352 φεύγειν
1674 319 1801 346 κάκεῖθεν
1818 320 1891 354 ἠπεί-

1106 372 1185 397 γοντο
1198 372 1205 378 ·
1232 364 1299 390 ἀλλὰ
1315 365 1364 399 τὴν
1385 364 1473 396 ἔξοδον
1499 364 1550 391 οὐκ
1577 365 1754 399 ἐγίγνωσκον.
1773 365 1852 391 υῦτω
1869 365 1892 391 δὲ

1106 411 1292 446 διατρέχοντα,
1310 412 1358 438 καὶ
1378 411 1428 444 τῆς
1450 412 1518 443 τέως
1534 412 1630 443 ἀθλίας
1641 412 1674 439 τὰ
1693 412 1837 446 σπλάγχνα
1851 421 1892 438 ra.-

1108 458 1251 492 ράττοντα,
1271 458 1318 484 καὶ
1342 456 1495 492 συστροφὰς
1512 457 1565 483 τῶν
1589 457 1713 491 ὲγκάτων
1727 458 1874 492 ποιούμενα
1885 478 1891 489 ,

1106 503 1262 533 δυσοίστους
1284 503 1352 538 αὐτῇ
1379 503 1428 534 τὰς
1444 503 1593 536 ἀλγηδόνας
1606 503 1762 537 εἰργάζοντο
1775 506 1783 513 ⁶
1802 503 1836 535 ἃς
1849 504 1892 530 οέικ

1107 549 1139 576 ἄν
1169 558 1212 581 τις
1242 550 1335 583 γραφῇ
1357 551 1568 583 παραστήσειεν,
1592 549 1647 574 οὐδ’
1666 550 1690 575 εί
1705 551 1804 584 πεῖραν
1822 549 1892 584 σχοίη

1107 594 1207 629 πολλὴν
1223 594 1268 620 τοῦ
1285 595 1437 628 νοσήματος
1449 603 1456 609 ’
1482 595 1543 620 ὅθεν
1560 595 1575 629 ὴ
1594 596 1658 626 παῖς
1672 595 1820 626 ἀπαύστως
1844 596 1894 621 ὲκό-

1111 648 1193 665 πτετο
1203 639 1249 664 καὶ
1257 638 1382 670 ὁλόλυζεν
1394 639 1441 665 καὶ
1451 639 1556 672 δάκρυα
1568 639 1623 665 τῶν
1633 639 1765 674 ὀμμάτων
1779 640 1892 674 ἐξέχεεν,

1107 686 1154 711 καὶ
1173 685 1312 716 παντελῶς
1336 685 1451 719 ἠρεμεῖν
1466 685 1516 710 οὐκ
1531 685 1655 719 ἠδύνατο.
1670 685 1734 711 Ὅτε
1750 685 1806 720 γὰρ
1821 685 1851 712 τὺ
1868 686 1893 712 ἓν

1107 731 1162 756 τῶν
1183 730 1391 756 καταποθέντων
1412 731 1536 765 ἑρπετῶν
1548 731 1637 764 ὀλίγον
1656 731 1803 765 ἡσύχαζεν,
1820 733 1893 767 εἴπερ

1108 775 1173 801 ποτὲ
1190 775 1237 800 καὶ
1263 774 1410 809 ἡσύχαζεν,
1429 775 1461 801 τὰ
1479 775 1559 801 λοιπὰ
1575 775 1621 802 δύο
1635 775 1683 810 τὴν
1694 776 1778 811 κόρην
1795 776 1894 810 ἐδάμα-

1109 819 1154 852 ζον
1169 828 1175 834 ·
1193 820 1208 854 ἢ
1230 820 1276 846 καὶ
1296 821 1329 846 τὰ
1350 820 1396 846 δύο
1420 820 1557 852 πολλάκις,
1583 821 1625 846 ἵνα
1644 822 1690 847 καὶ
1700 821 1780 847 τοῦτο
1797 821 1893 856 δῶμεν,

267 869 350 896 etiam
392 868 447 895 duo
483 876 516 895 ex
556 869 597 896 his
630 876 845 903 nonnunquam,
877 872 907 894 ut
944 872 971 895 et
1004 867 1055 895 hoc

1114 865 1264 896 ἐκάθευδον,
1290 866 1320 892 τὸ
1340 866 1432 900 ἕτερον
1448 866 1498 892 οὐκ
1519 866 1653 892 ἐπαύετο·
1674 867 1731 893 ἀλλ’
1749 867 1895 901 ἀκοίμητον

268 915 376 948 demus,
404 914 474 941 forte
510 915 695 947 dormiebant,
726 913 837 940 tertium
867 913 944 940 nullo
974 913 1054 939 utodo

268 961 439 997 quiescebat,
453 961 500 989 sed
512 962 536 988 ei
557 969 610 988 non
629 961 810 988 dormientem
833 959 990 986 conferebat
1004 958 1055 986 do-

1109 913 1176 947 αὺτῇ
1193 911 1240 946 τὴν
1256 911 1351 945 ὀδύνην
1369 910 1527 946 ὲῦράϐευον,
1543 912 1608 938 ποτὲ
1626 912 1675 947 μὲν
1692 912 1721 939 τὸ
1736 913 1776 944 ἐν,
1791 913 1858 938 ποτε
1871 913 1895 939 δὲ

1109 959 1143 985 τὰ
1158 959 1204 985 δύο
1214 979 1221 990 ,
1240 958 1369 990 πολλάκις
1383 958 1411 984 δὲ
1427 959 1473 984 καὶ
1484 958 1517 985 τὰ
1527 959 1589 993 τρία
1604 959 1809 994 σπαράσσοντα.

268 1009 364 1036 lorem.
380 1008 472 1043 Itaque
487 1009 568 1036 modo
589 1008 699 1044 quidem
714 1016 809 1040 unum,
827 1007 909 1034 modo
922 1015 985 1035 vero
1006 1006 1070 1039 duo,
1092 1007 1230 1034 multoties
1250 1010 1341 1034 autem
1357 1010 1384 1034 et
1403 1008 1461 1041 ipsa
1495 1007 1557 1040 tria,
1587 1007 1710 1034 eamdem
1743 1007 1896 1042 discerpere

269 1055 462 1082 noscebantur.

304 1100 373 1128 Cum
387 1108 452 1134 ergo
464 1100 534 1128 inter
560 1099 748 1127 indesinentes
774 1103 801 1126 et
820 1099 971 1126 acerrimos
984 1103 1058 1125 cssat

269 1146 389 1177 dolores,
415 1145 556 1172 ferebatur
582 1145 614 1172 ad
651 1149 780 1178 sanctos;
806 1145 942 1171 medicunt
985 1143 1058 1170 euiut

268 1199 323 1218 non
345 1191 500 1218 inveniebat
512 1191 608 1223 alium,
625 1191 672 1225 qui
691 1195 787 1217 contra
813 1194 916 1216 tantam
934 1189 1058 1215 sulliccre

270 1243 364 1272 posset
384 1244 547 1264 aerumnam.
566 1236 660 1271 igitur,
688 1241 718 1263 ut
742 1236 846 1263 dictum
872 1241 924 1266 est,
947 1235 1059 1262 \‘cnieus

269 1287 296 1311 et
310 1288 447 1319 martyres
460 1283 661 1316 compaticntcs
673 1282 824 1314 inveniens,
840 1281 973 1308 maturius
983 1289 995 1306 a
1009 1282 1058 1308 tri-

270 1329 334 1363 plici
355 1328 541 1356 redimebatur
555 1328 701 1362 supplicio.
721 1327 850 1355 Dicamus
868 1332 958 1353 autent
971 1331 998 1353 ut
1015 1325 1058 1352 fa-

271 1379 314 1400 cta
330 1380 371 1401 est
402 1375 460 1408 ipsa
488 1374 658 1408 redemptio;
685 1378 727 1401 est
756 1374 829 1400 enim
856 1373 1058 1407 redemptorum

270 1420 358 1454 gratia
376 1420 465 1454 plena.
477 1420 530 1446 Alii
547 1420 656 1447 cuidam
676 1420 872 1446 inlirmantium
889 1419 1003 1446 fratrum
1033 1419 1059 1446 in

272 1466 332 1492 visu
349 1466 437 1492 sancti
453 1465 594 1493 venientes
619 1466 674 1498 dic,
695 1466 833 1500 inquiunt,
854 1465 992 1492 monachae
1016 1465 1059 1492 isti

271 1519 332 1546 qua:
351 1511 462 1543 clamat,
477 1511 611 1538 clamabat
623 1511 694 1537 enim
707 1511 818 1538 assidue
833 1515 860 1538 et
872 1519 985 1545 prorsus
1003 1518 1057 1538 non

1151 1099 1196 1124 Ἐν
1216 1098 1365 1130 ἀπαύστοις
1379 1098 1424 1125 οὖν
1444 1099 1489 1125 καὶ
1503 1098 1640 1134 δριμείαις
1653 1099 1796 1134 ἀλγηδόσιν
1811 1100 1897 1134 ὑπάρ-

1110 1153 1196 1179 χουσα
1209 1145 1277 1180 πρὸς
1289 1146 1350 1176 τοὺς
1363 1145 1457 1178 ἁγίους
1467 1145 1591 1180 ἐφέρετο,
1605 1145 1697 1182 ἰατρὸν
1711 1146 1759 1180 οὐχ
1772 1145 1897 1179 εὕρισκεν

1109 1191 1202 1225 ἕτερον
1219 1190 1287 1225 πρὸς
1307 1191 1448 1225 συμφορὰν
1461 1190 1594 1225 τοσαύτην
1608 1191 1723 1225 ἀρκέσαι
1739 1191 1894 1226 δυνάμενον.

1117 1236 1247 1264 Ἐλοοῦσα
1257 1237 1357 1268 τοίνυν,
1371 1236 1408 1266 ὡς
1423 1236 1540 1271 εἴρηται,
1556 1237 1602 1262 καὶ
1614 1236 1767 1270 συμπαθεῖς
1782 1237 1898 1272 εὑροῦσα

1109 1284 1172 1314 τοὺς
1183 1283 1333 1318 μάρτυρας,
1345 1283 1441 1309 θᾶττον
1452 1282 1501 1317 τῆς
1512 1282 1628 1317 τριπλῆς
1640 1282 1745 1316 ἐκείνης
1757 1282 1898 1317 ἐλυτροζπο

1113 1330 1261 1360 κολάσεως.
1280 1329 1410 1362 Εἴπωμεν
1433 1328 1460 1354 δὲ
1485 1328 1578 1355 καὶτὸ
1602 1328 1697 1362 λύτρον
1718 1328 1755 1359 ὡς
1777 1329 1896 1362 γέγονεν’

1111 1375 1184 1401 ἐστιν
1203 1375 1257 1410 γὰρ
1272 1374 1320 1409 τῆς
1336 1373 1389 1399 τῶν
1404 1374 1619 1408 λυτρωσαμένων
1635 1374 1745 1408 χάριτος
1762 1374 1880 1408 ἔμπλεον
1890 1381 1896 1387 ’

1114 1420 1220 1456 Ἐτέρῳ
1230 1420 1286 1446 τινὶ
1300 1421 1354 1446 τῶν
1369 1419 1552 1446 ἀσθενούντων
1563 1419 1684 1453 ἀδελφῶν
1698 1419 1764 1455 ὄναρ
1778 1420 1899 1451 ἐλθόντες

1112 1467 1136 1492 οἱ
1159 1466 1242 1500 ἆγιοι,
1261 1466 1340 1498 Εἰπὲ,
1370 1465 1450 1500 φασὶ,
1469 1466 1502 1500 τῇ
1529 1465 1619 1501 βοώσῃ
1641 1465 1727 1500 ταύτῃ
1750 1465 1900 1500 μοναστρίᾳ.

1110 1513 1187 1548 (ἐϐόα
1206 1512 1261 1547 γὰρ
1277 1512 1408 1547 διηνεκῶς
1431 1513 1478 1537 καὶ
1493 1511 1522 1537 τὺ
1540 1511 1650 1538 σύνολον
1667 1511 1716 1537 οὐκ
1730 1510 1898 1544 ἐκάθευδεν),

271 1554 434 1587 dormiebat,
452 1559 481 1581 ut
500 1563 580 1582 mane
595 1555 712 1590 vigilans
733 1555 766 1582 ad
784 1563 866 1582 unam
885 1563 919 1582 ex
936 1555 1058 1582 tabernis

1114 1559 1157 1585 ἵνα
1177 1559 1282 1591 πρωΐας
1303 1558 1452 1592 ὸρθρίσασα
1462 1579 1469 1590 ,
1485 1559 1525 1588 είς
1541 1557 1570 1583 ἓν
1585 1557 1640 1583 τῶν
1655 1556 1811 1592 καπηλείων
1825 1557 1900 1589 ἐξέλ-

270 1599 437 1634 ‹ετοάίίιιυι·,
450 1601 610 1635 priusquam
626 1609 717 1628 escam
733 1605 822 1636 gustet
847 1601 891 1628 vel
915 1606 1019 1636 potum,
1036 1606 1062 1628 et

271 1645 350 1672 cadia
368 1645 420 1672 tria
433 1647 552 1680 (species
565 1645 622 1673 haec
635 1645 731 1672 ealicis
740 1646 793 1680 est)
802 1647 841 1672 sic
853 1646 925 1679 apud
940 1646 1062 1673 Alexan-

271 1691 368 1718 drinos
394 1695 502 1724 vocata,
530 1692 623 1719 bibere
644 1692 739 1726 jejuna
771 1693 901 1726 patiatur,
914 1696 941 1718 et
960 1692 1062 1719 veloci-

275 1743 316 1764 ter
327 1737 471 1764 sanitatem
495 1745 542 1772 per
557 1738 697 1765 cadiorum
713 1739 852 1773 potionem
864 1738 987 1772 recipiet.

308 1827 405 1854 Atille
425 1827 534 1855 somnio
559 1827 638 1862 viso“
649 1831 712 1863 post
736 1826 873 1854 somnium
906 1827 1063 1854 monastrize

273 1873 419 1905 retulit,ut
449 1872 501 1900 sibi
529 1877 666 1908 martyres
693 1872 832 1906 iusserant
849 1880 856 1905 ;
876 1880 936 1906 qua:
965 1872 1061 1898 horuut

273 1919 366 1946 audita
382 1918 516 1953 iussione,
544 1927 623 1946 mane
638 1919 672 1945 ad
695 1919 860 1953 cauponium
876 1919 953 1950 exiit,
965 1922 992 1945 et
1007 1922 1062 1945 tres

275 1966 374 1994 situlas
390 1967 454 1993 vino
466 1966 561 2001 plenas
573 1966 703 2002 protinus
719 1966 876 2001 bibitaquis
891 1974 945 1993 non
961 1966 1061 1998 misto;

274 2020 327 2039 non
351 2013 432 2040 mista
455 2013 555 2047 quippe
581 2013 674 2040 bibere
700 2012 753 2039 tria
781 2012 827 2039 illa
849 2011 957 2047 jussum
976 2011 1063 2041 fuerat

273 2058 350 2085 cadia
369 2066 377 2090 ;
393 2059 504 2092 quibus.
526 2063 556 2085 ut
571 2057 638 2088 dixi.
658 2058 809 2093 absorptis,
824 2064 948 2085 movetur
969 2060 1061 2086 statim

273 2104 460 2136 advomitum,
479 2109 507 2132 et
526 2112 588 2132 cum
612 2105 707 2132 vinum
729 2104 906 2137 evomuissct,
923 2113 976 2132 una
999 2114 1061 2133 cum

274 2158 307 2178 co
322 2151 463 2178 evidenter
476 2151 558 2177 etiam
578 2150 629 2176 tria
659 2150 704 2176 illa
731 2150 853 2176 evomuit
877 2151 1061 2183 samamitbia,

1113 1603 1153 1630 θοι
1170 1603 1262 1638 πρὶνῆ
1279 1603 1422 1638 βρώματος
1436 1603 1452 1638 ἢ
1466 1603 1585 1637 πόματος
1599 1601 1732 1636 γεύσηται
1749 1609 1757 1616 ⁵
1774 1603 1822 1628 καὶ
1838 1602 1900 1627 κάν-

1112 1658 1156 1676 νια
1172 1649 1236 1686 τρία
1248 1648 1327 1685 (εἶδος
1353 1649 1431 1675 τοῦτο
1448 1649 1603 1682 καθέστηκε
1619 1648 1729 1679 κύλικος
1742 1647 1815 1674 οὕτω
1837 1647 1900 1682 παρ’

1119 1694 1320 1729 Ἀλεξανδρεῦσι
1337 1694 1493 1728 λεγόμενον)
1519 1695 1590 1720 πιεῖν
1613 1694 1706 1728 νῆστις
1736 1694 1900 1727 ἀνάσχοιτο,

1112 1741 1159 1767 καὶ
1173 1741 1252 1776 τάχος
1267 1741 1316 1776 τὴν
1341 1741 1413 1767 ἴασιν
1438 1740 1483 1767 διὰ
1510 1740 1559 1774 τῆς
1579 1739 1633 1766 τῶν
1651 1739 1767 1766 καννίων
1796 1739 1900 1771 δέξεται

1113 1787 1228 1818 πόσεως.

1154 1832 1182 1859 ’0
1207 1833 1234 1859 δὲ
1249 1833 1388 1868 θεωρήσας
1403 1833 1449 1859 τὸν
1469 1832 1585 1867 δνειρον,
1610 1834 1644 1867 τῇ
1668 1831 1783 1866 νοσούσῃ
1807 1831 1903 1857 τοῦτον

1114 1879 1172 1913 μεθ’
1189 1878 1272 1906 ὕπνον
1288 1879 1469 1914 ἀπήγγελλεν,
1481 1879 1518 1910 ὼς
1533 1880 1557 1905 οί
1575 1878 1712 1914 μάρτυρες
1722 1878 1796 1912 αύτῷ
1812 1878 1903 1904 διετά-

1113 1924 1211 1957 ξαντοο
1241 1926 1257 1959 ἡ
1289 1925 1318 1951 δὲ
1348 1925 1397 1960 τῆς
1433 1925 1536 1952 τούτοιν
1571 1925 1709 1959 πυθομένη
1739 1924 1901 1955 κελεύσεως,

1113 1970 1218 2006 πρωῒας
1241 1971 1279 2002 είς
1294 1970 1442 2006 καπηλεῖον
1460 1971 1612 2006 ἐξέρχεται,
1636 1971 1683 1997 καὶ
1698 1971 1747 2001 τὰς
1769 1971 1845 2005 τρεῖς
1859 1971 1903 1996 εύ-

1114 2013 1180 2044 θέως
1193 2013 1252 2039 ἔπιε
1267 2014 1380 2045 κύλικας
1390 2034 1396 2046 ,
1415 2015 1487 2041 οἴνου
1504 2015 1642 2049 γεμούσας
1658 2014 1694 2049 μὴ
1709 2015 1837 2048 μιγέντος
1848 2016 1902 2044 τοῖς

1113 2059 1206 2085 ὕδασιν
1223 2067 1229 2072 ·
1245 2058 1352 2094 ἄκρατα
1367 2061 1420 2096 γὰρ
1439 2062 1510 2087 πιεῖν
1525 2062 1558 2087 τίι
1582 2062 1644 2095 τρία
1659 2061 1822 2087 κεκέλευστο
1840 2061 1903 2087 κάν-

1113 2114 1168 2131 νια·
1179 2106 1260 2140 άπερ,
1277 2105 1314 2137 ὡς
1327 2105 1413 2138 εἷπον,
1429 2107 1580 2141 ροφήσασα,
1598 2108 1712 2133 κινεῖται
1725 2107 1822 2132 θᾶττον
1835 2107 1903 2141 πώς

1114 2151 1220 2186 ἔμετον,
1237 2151 1283 2178 καὶ
1301 2151 1345 2178 τὸν
1368 2150 1438 2178 οἶνον
1458 2152 1591 2187 ὲμέσασα,
1612 2153 1675 2187 ὲμεῖ
1696 2152 1844 2187 προφανῶς
1858 2153 1903 2178 καὶ

274 2197 372 2232 quibus
393 2204 441 2232 per
457 2204 487 2223 os
498 2196 614 2231 abjectis
629 2197 664 2223 ab
676 2196 751 2223 annui
768 2203 830 2223 mox
845 2196 991 2224 alllictione
1004 2197 1058 2223 dif-

1115 2198 1147 2223 τὰ
1162 2197 1225 2232 τρία
1241 2197 1289 2223 σὺν
1307 2197 1380 2230 αὐτῷ
1394 2198 1549 2232 σαμαμίθια
1571 2198 1620 2224 διὰ
1636 2198 1768 2232 στόματος
1787 2198 1903 2232 ῥίψασα,

274 2242 395 2278 ﬁcilique
412 2242 515 2272 dolore.
537 2249 569 2268 ac
585 2242 698 2270 verbere
711 2242 824 2269 liberata
844 2246 896 2275 est,
915 2250 973 2277 quae
989 2250 1061 2270 onus

275 2288 341 2316 illud
354 2289 500 2324 tridymum
511 2288 600 2315 adhuc
614 2287 785 2323 parturiebat
795 2288 823 2315 in
839 2294 918 2316 utero
933 2288 1061 2324 deporta-

275 2336 343 2358 tum.
359 2331 453 2365 Itaque
470 2331 549 2358 Anna
564 2331 673 2366 quidem
690 2331 852 2364 mouastria,
879 2332 918 2359 sic
942 2337 1059 2359 mortem

275 2385 335 2412 qua:
347 2377 425 2404 sihia
457 2377 626 2404 daemonibus
639 2382 788 2412 praeparata
815 2377 904 2405 fuerat
930 2379 1060 2412 exsilivit,

276 2423 376 2450 fortius
389 2422 559 2449 medicorum
580 2423 725 2455 auxilium,
736 2431 818 2458 quant
846 2423 954 2450 illorum
970 2429 1063 2452 essent

275 2469 393 2500 insidiae,
409 2473 578 2502 consecuta;
599 2474 626 2496 et
639 2468 672 2496 ad
694 2469 811 2505 hymnos
828 2474 986 2497 sanctorum
1002 2478 1062 2498 om-

277 2522 337 2546 nes,
351 2515 396 2549 qui
424 2515 498 2541 illam
513 2515 658 2542 sanitatem
674 2515 799 2542 viderant
813 2516 968 2546 concitans,
982 2521 1063 2551 atque

276 2569 337 2589 cum
348 2562 390 2589 his
400 2569 447 2588 eos
457 2561 583 2589 laudibus
596 2561 725 2594 eﬂ‘erens,
736 2569 799 2588 cum
815 2562 856 2589 his
872 2562 954 2588 ctiam
971 2570 986 2588 a
996 2568 1064 2589 tent-

277 2608 321 2642 plo
336 2607 460 2634 discedit.
476 2606 531 2634 Nos
543 2611 646 2641 autem,
661 2607 706 2642 qui
737 2615 810 2634 nunc
828 2607 963 2639 audimus,
985 2608 1064 2642 quasi

279 2662 343 2683 tunc
365 2659 514 2689 praesentes
543 2662 666 2682 essemus
692 2655 845 2686 credentes,
859 2655 962 2681 sanctis
987 2654 1064 2690 bym-

277 2707 372 2726 norum
390 2699 518 2727 laudibus
531 2700 689 2732 cumulatis,
708 2699 742 2726 ad
758 2700 827 2726 alios
840 2700 956 2735 hymnos
982 2701 1065 2727 mira-

278 2746 339 2774 cula
352 2746 462 2773 auditus
475 2753 660 2780 praeparemus
674 2751 700 2773 et
716 2754 774 2773 ora.

402 2791 482 2819 XLV.
496 2792 533 2819 De
548 2791 656 2819 Cobiote
670 2792 750 2819 surdo
767 2793 921 2820 cantalario.

315 2836 357 2864 Ab
383 2837 502 2872 Egypto
529 2846 626 2866 rursus
652 2838 679 2865 in
698 2838 809 2874 Libyam
827 2843 1014 2869 transeamus,
1037 2845 1065 2866 et

1115 2243 1204 2278 πάσης
1230 2243 1311 2274 εὐθὺς
1338 2244 1485 2278 ἀπηλλάγη
1514 2245 1662 2275 κακώσεως
1687 2245 1734 2270 καὶ
1752 2243 1902 2279 δυσχεροῦς

1113 2289 1208 2323 ὀδύνης
1230 2289 1277 2315 καὶ
1294 2289 1436 2323 μάστιγος,
1453 2288 1486 2320 ἃς
1501 2290 1515 2315 ὁ
1540 2289 1638 2323 φόρτος
1655 2290 1758 2320 ἐκεῖνος
1775 2289 1788 2315 6
1811 2289 1903 2324 τρίδυ-

1115 2344 1162 2370 μος
1176 2335 1442 2370 ὲπικυοφορούμενος
1460 2335 1563 2362 ὤδινεν.
1586 2336 1639 2361 Καὶ
1657 2336 1740 2361 "Aw:
1760 2336 1808 2361 μὲν
1824 2337 1839 2369 ἡ
1858 2344 1903 2369 μο-

1113 2382 1228 2417 νάστρια
1253 2382 1323 2408 οὕτω
1347 2381 1392 2408 τὸν
1417 2383 1449 2409 ὲκ
1464 2382 1599 2417 δαιμόνων
1625 2382 1692 2416 αὐτῇ
1718 2382 1903 2408 σκευασθέντα

1112 2427 1127 2454 δ
1140 2427 1225 2461 έφυγε
1249 2427 1374 2460 θάνατον,
1405 2428 1580 2464 ἰσχυροτέρας
1603 2428 1703 2463 ἰατρῶν
1724 2427 1838 2463 ἀρωγῆς
1855 2428 1903 2460 τῆς

1114 2473 1226 2500 ἐκείνων
1249 2473 1393 2508 ἐπιϐουλῆς
1421 2474 1608 2509 εὐπορήσασα.
1633 2463 1692 2499 ’Καὶ
1722 2473 1827 2504 πάντας
1842 2473 1903 2502 τοὺς

1113 2517 1234 2552 ὁρῶντας
1249 2518 1298 2553 τὴν
1312 2518 1384 2545 ἴασιν
1395 2519 1463 2553 πρὸς
1477 2518 1577 2553 ὕμνους
1588 2519 1642 2544 τῶν
1656 2519 1741 2552 ἁγίων
1755 2518 1903 2552 ότρύνασα,

1114 2564 1162 2589 καὶ
1185 2564 1232 2590 σὺν
1254 2563 1359 2595 τούτοις
1377 2564 1475 2596 αὐτοὺς
1493 2564 1688 2599 ἁνυμνήσασα,
1709 2563 1757 2590 τοῦ
1774 2564 1903 2598 τεμένους

1115 2609 1276 2644 ἀπέρχεται.
1301 2610 1401 2644 Ἡμεῖς
1420 2610 1446 2636 δὲ
1464 2611 1511 2636 νῦν
1529 2611 1553 2636 oi
1570 2610 1726 2641 ἀκούοντες,
1742 2609 1780 2641 ὡς
1803 2610 1828 2635 οἱ
1843 2610 1903 2635 τότε

1115 2656 1245 2690 παρόντες
1257 2656 1440 2688 πιστεύοντες,
1453 2657 1515 2688 τοὺς
1529 2657 1623 2689 ἁγίους
1636 2656 1720 2688 ἀξίως
1734 2657 1903 2691 ὑμνήσαντες

1115 2701 1183 2736 προς
1197 2701 1305 2736 ἑτέρους
1324 2701 1425 2736 ὕμνους
1441 2702 1486 2728 καὶ
1502 2702 1630 2737 θαύματα
1646 2702 1695 2733 τὰς
1708 2702 1793 2733 ἀκοὰς
1809 2702 1903 2737 εὑτρε-

1115 2747 1240 2781 πίσωμεν
1255 2747 1301 2772 καὶ
1313 2747 1345 2773 τὰ
1359 2747 1488 2781 στόματα.

1151 2792 1217 2819 ME'.
1236 2793 1302 2826 Περὶ
1320 2793 1466 2820 Κοϐιώτυυ
1480 2793 1532 2820 τοῦ
1548 2794 1649 2828 κωςροῦ
1666 2794 1868 2828 καμηλαρίου.

1158 2838 1218 2864 Ἀπ’
1245 2837 1382 2872 Αἰγύπτου
1412 2838 1491 2865 πάλιν
1513 2839 1553 2870 είς
1579 2839 1683 2875 Λιὸύην
1708 2840 1900 2875 μετέλθωμεν·
