1910 3078
224 167 295 199 3615

227 269 336 304 quidem
351 269 496 298 confestim
516 271 657 298 oculorum
684 273 784 300 humor
804 273 933 301 deorsum
951 273 1018 301 flue-

230 315 287 346 bat;
313 316 421 343 mundae
443 320 534 344 autem
560 317 670 351 pupillas
695 326 727 345 ac
755 319 852 346 lucidas
883 320 972 351 factm.
1004 328 1018 346 a

229 369 322 388 crassa
354 361 400 388 illa
421 363 536 390 materia
557 363 680 391 liberatae
709 366 899 397 remanebant,
926 371 952 393 et
974 366 1018 392 lu-

230 412 291 431 men
319 405 380 432 sine
402 405 598 440 impedimento
628 407 808 443 recipiebant.
838 414 864 436 et
890 409 1019 443 deinceps

228 451 416 485 operabantur
438 453 597 486 operatione
615 461 695 488 quam
711 459 775 482 ante
798 455 951 489 passionem
970 456 1020 482 ha-

229 495 354 522 buerant.
374 495 407 523 Et
433 497 484 524 hoc
508 499 617 533 quidem
640 499 713 535 quod
737 499 838 527 factum
863 504 906 528 est
930 501 956 527 in
986 509 1020 528 eo

229 542 396 575 prodigium.
415 542 518 570 dictum
530 549 583 570 est.
607 544 666 570 Alia
685 551 750 572 vero
763 552 824 580 qua:
837 552 852 572 a
871 546 974 573 sanctis
992 546 1018 572 iu

229 586 289 620 ipso
312 587 479 615 charismata
501 593 577 624 gesta
600 594 675 622 sttnt,
702 590 811 625 longutn
831 591 956 625 profecto
978 595 1021 618 est

229 640 358 661 enarrare
374 641 424 669 per
437 635 556 670 singula,
577 643 640 663 cum
656 637 759 671 scripto
776 637 887 672 proprio
911 641 1019 672 egeant,

230 679 404 714 plurimoque
432 684 554 715 tempore
582 689 653 716 opus
682 682 809 715 habeant,
835 691 916 718 quam
949 691 1022 710 nunc

229 724 269 751 eis
287 725 436 752 sccundmn
455 727 697 761 mquiparationem
714 728 796 754 tribui
813 728 919 756 debeat.

265 769 303 798 Ne
320 779 384 798 vero
406 772 487 806 hujus
513 773 550 800 rei
577 774 666 808 gratia
684 774 741 801 haec
763 782 818 801 non
843 775 959 809 scripta.
976 775 1020 802 vel

230 816 292 842 sine
319 818 581 846 commemoratione
600 818 782 851 dimittamus,
808 823 835 847 et
861 820 913 847 huc
940 819 1022 846 modo

230 861 385 889 audientem
399 862 497 890 laedere
508 863 661 896 videamur.
675 865 758 892 unius
775 865 816 892 vcl
830 865 913 892 dttttm
929 872 1022 892 recor-

664 174 693 203 S.
711 173 919 204 SOPHRONII
933 174 1185 205 PATRlARCH/E
1204 175 1395 205 HIEROSOL

227 229 311 259 tyrcs;
335 231 423 258 eoque
443 231 539 260 agente
558 225 709 260 jussionem
731 233 902 260 sanctorum,
927 229 1018 256 omnis

1102 237 1196 259 κτονες
1214 229 1391 263 ἐπιτρέπουσι
1426 228 1580 263 μάρτυρες*

1790 175 1864 207 3616

1611 228 1657 254 καὶ
1687 230 1865 264 πεπραχότας

1069 274 1151 300 αὐτοῦ
1167 274 1222 300 τῶν
1236 274 1323 307 ἁγίων
1342 273 1391 309 τὴν
1409 274 1544 304 κέλευσιν,
1558 273 1630 301 ἅπαν
1648 276 1696 310 μὲν
1713 276 1794 307 εὐθὺς
1807 277 1864 302 τῶν

1069 318 1217 354 ὀφθαλμῶν
1243 318 1274 345 τὸ
1287 318 1370 353 ὑγρὸν
1395 319 1580 353 κατεφέρετν
1599 319 1720 354 καθαραὶ
1734 320 1761 346 δὲ
1779 321 1861 356 κόραι

1070 365 1118 391 καὶ
1133 364 1264 398 διαυγεῖς,
1282 365 1330 398 τῆς
1344 364 1460 398 παχείας
1483 364 1591 399 ὲκείνης
1607 365 1673 399 ὖλης
1692 366 1864 400 ἀπαλλαγεί-

1071 418 1115 436 σαι
1134 409 1275 444 διέμενον,
1293 411 1340 436 καί
1356 410 1414 444 φῶς
1433 411 1638 444 ἀνεμποδίστως
1659 411 1793 446 ἐδέχοντο,
1815 413 1867 439 καὶ

1070 457 1163 483 λοιπὸν
1175 457 1317 492 ἐνήργουν.
1328 457 1361 492 ἣν
1378 458 1431 493 πρὸ
1441 458 1487 485 τοῦ
1502 459 1602 491 πάθους
1616 459 1695 493 ἔσχον
1707 459 1866 494 ἐνέργειαν.

1071 503 1125 529 Καὶ
1139 503 1219 528 τοῦτο
1227 503 1276 537 μὲν
1290 503 1320 528 τὺ
1335 503 1377 529 ἐπ’
1387 503 1460 538 αὐτῷ
1472 505 1582 538 γεγονὸς
1600 504 1695 539 ἐλέχθη
1708 505 1867 539 τεράστιον.

1072 547 1162 573 Τᾶλλα
1177 547 1204 573 δὲ
1213 548 1267 577 τοϊς
1275 547 1364 580 ἁγίοις
1377 549 1415 577 είς
1431 549 1512 574 αὐτὸν
1526 549 1682 584 πραχθέντα
1691 550 1867 584 χαρίσματα,

1073 593 1179 628 μακρὸν
1194 592 1227 619 ἂν
1242 593 1284 628 εἴη
1297 593 1357 619 καθ’
1375 593 1403 619 ἓν
1417 594 1611 629 διηγήσασθαι,
1623 596 1785 630 συγγραφῆς
1795 595 1868 625 ἰδίας

1071 638 1196 673 δεόμενα,
1231 638 1280 664 καὶ
1308 639 1405 675 χρόνου
1426 640 1550 672 πλείονος
1573 640 1720 676 χρῄζοντα,
1745 641 1793 668 τοῦ
1817 642 1868 667 νῦν

1072 682 1163 713 αὐτοῖς
1192 683 1417 718 προσνεμηθῆναι
1432 685 1493 711 κατ’
1522 685 1675 726 ίσομοιρίαν
1697 686 1868 721 ὀφείλοντος.

1108 772 1167 798 Ἵνα
1184 772 1213 799 δὲ
1229 772 1266 808 μὴ
1281 772 1379 801 τούτου
1394 774 1474 809 χάριν
1490 774 1603 809 ἄγραφα
1617 775 1703 802 ταῦτα
1714 777 1762 803 καὶ
1779 778 1872 811 ἀμνη-

1074 818 1191 854 μόνευτα
1206 819 1423 854 καταλείψωμεν,
1443 821 1491 846 καὶ
1507 820 1611 852 ταύτας
1625 822 1746 856 δόξωμεν
1763 822 1872 848 ἀδικεῖν

1072 864 1118 891 τὺν
1137 865 1283 897 ἀκούοντα,
1308 866 1367 897 ένὺς
1391 865 1408 900 ἢ
1444 867 1572 903 δευτέρου
1596 867 1802 902 μνησθήσομαι,
1819 868 1872 894 καὶ

230 907 367 941 dabimur,
379 914 404 935 et
420 908 476 936 haec
490 910 644 938 recidentes
664 916 798 945 quantum
821 913 906 938 virtus
919 919 1020 945 suppe-

1099 910 1159 937 ιῦτα
1176 910 1332 946 συντέμνων
1351 911 1388 943 ὡς
1407 911 1521 947 δύναμις
1534 912 1600 949 (51).

230 955 310 982 ditat.
323 956 482 991 Suscipiunt
503 957 660 993 Georgium,
671 965 733 986 cum
747 966 814 993 puer
825 962 908 991 esset,
921 958 1126 986 clementissimi
1136 962 1282 993 martyres,
1294 963 1320 985 et
1333 960 1454 993 paternis
1462 967 1523 987 eum
1540 960 1685 994 diligentes
1700 961 1871 989 visceribus.

230 1002 369 1030 dimittere
385 1011 482 1031 rursus
497 1004 531 1030 ad
545 1004 705 1039 genitricem
730 1005 844 1032 minime
857 1005 1028 1039 judicarunt,
1043 1003 1092 1031 sed
1113 1005 1173 1031 vice
1194 1004 1280 1037 patris
1297 1004 1399 1037 habita,
1420 1013 1483 1032 cum
1499 1010 1586 1033 matre
1600 1005 1702 1033 liberos
1721 1006 1851 1033 dividqu
1863 1027 1871 1036 ,

230 1054 256 1077 et
274 1049 338 1076 huic
354 1049 463 1078 filiabus
479 1050 621 1079 attributis
633 1058 694 1086 quae
716 1051 778 1079 duae
797 1056 877 1078 erant
893 1051 1089 1086 superadultae,
1109 1049 1258 1085 Georgium
1283 1049 1336 1084 ipsi
1358 1051 1526 1085 suscipiunt,
1542 1051 1709 1086 iuramentis
1725 1059 1772 1086 per
1791 1060 1871 1078 sout-

231 1097 306 1122 nium
320 1097 444 1130 genitrici
463 1097 577 1125 credere
590 1097 748 1130 suadentes.
767 1098 802 1125 ab
821 1098 862 1125 eis
880 1097 938 1125 fore
960 1097 1126 1125 sanandum.
1150 1097 1221 1123 Ante
1241 1095 1387 1123 sanitatem
1404 1098 1505 1132 quippe
1520 1097 1592 1125 facta
1606 1098 1757 1130 sunthaec,
1777 1106 1870 1132 seque

231 1141 354 1169 facturos
377 1142 452 1176 quod
473 1147 561 1177 pater,
577 1143 659 1170 etiam
685 1144 708 1172 si
734 1147 875 1178 superstes
899 1147 984 1176 esset,
1009 1142 1105 1178 utique
1122 1149 1175 1169 non
1205 1141 1325 1169 fecisset.
1351 1142 1430 1176 Quod
1451 1149 1729 1176 consummaverunt,
1748 1145 1871 1179 etquod

229 1187 324 1214 dixere
343 1182 477 1215 veraciter
493 1189 600 1224 operati
616 1194 691 1217 sunt.

265 1245 386 1280 Recepto
400 1247 473 1274 enim
488 1248 634 1282 peregrino
655 1248 737 1276 simul
757 1251 785 1275 et
800 1255 884 1278 caeco,
904 1247 1021 1282 pupillo,

229 1300 310 1327 vago,
332 1297 360 1319 et
377 1300 505 1328 paupere.
529 1294 623 1321 omnia
645 1293 812 1328 compendio
827 1298 1021 1326 'sanaverunt;

231 1340 328 1373 patria;
347 1339 477 1367 videlicet
493 1339 687 1374 privationem,
709 1340 848 1375 proprium
874 1339 1021 1373 facientes;

232 1386 396 1418 caecitatem,
412 1385 507 1413 oculos
523 1385 726 1418 illuminantes;
749 1386 917 1420 orphanitati
931 1389 1023 1420 patres

231 1429 340 1463 eﬂecti;
355 1430 475 1457 erratico
495 1430 692 1458 habitationem
714 1431 886 1464 tribuentes;
906 1438 1022 1465 pauper-

232 1480 316 1502 tatem
333 1476 486 1503 secundum
507 1480 668 1511 utrumque,
684 1484 785 1511 corptts
801 1477 906 1504 scilicet
919 1480 946 1502 et
961 1476 1021 1502 ani-

233 1528 316 1553 mam,
333 1521 546 1555 locupletantt-s,
567 1521 590 1548 si
610 1526 683 1549 certe
705 1526 731 1549 et
750 1522 903 1549 secundum
921 1528 1022 1555 corpus

233 1566 393 1600 locupletari
422 1567 605 1600 permisisset.
622 1566 700 1594 llunc
726 1567 799 1594 enim
815 1568 886 1594 sicut
900 1571 1020 1594 Veterem

233 1611 387 1639 Samuelcm
405 1612 432 1639 in
452 1612 553 1646 templo
566 1619 617 1639 suo
631 1612 744 1645 alentes,
759 1613 891 1639 virtutum
910 1619 1022 1646 posses—

1109 1246 1246 1278 Λαΰόντες
1261 1246 1315 1282 γὰρ
1331 1245 1406 1279 ξένον
1431 1245 1499 1281 ὁμοῦ
1516 1247 1564 1273 καὶ
1578 1245 1690 1280 τυφλὸν,
1708 1246 1829 1280 ὀρφανόν
1841 1256 1872 1273 τε

1074 1292 1122 1318 καὶ
1136 1292 1274 1327 πλανήτην
1290 1291 1338 1318 καὶ
1349 1291 1464 1327 πένητα,
1479 1291 1569 1318 πάντα
1581 1293 1721 1327 συντόμως
1743 1292 1870 1320 ἰάσαντο*

1074 1338 1206 1373 πατρίδος
1231 1338 1360 1373 στέρησιν
1385 1338 1615 1373 οἰκειωσάμενον
1640 1338 1790 1373 τύφλωσιν,
1806 1339 1874 1370 τοὺς

1074 1384 1230 1418 ὀφθαλμοὺς
1247 1384 1471 1418 καταυγάσαντες
1482 1392 1488 1398 ·
1503 1383 1648 1419 ὁρφανείᾳ,
1659 1384 1777 1419 πατέρες
1791 1385 1874 1418 γενό-

1076 1439 1170 1465 μενοι·
1189 1430 1331 1466 ἀλλότριον
1359 1430 1533 1465 ᾠκειώσαντο
1545 1438 1552 1445 ·
1571 1430 1668 1457 πενίαν
1690 1430 1751 1456 κατ’
1774 1430 1874 1464 ἄμφω,

1073 1476 1164 1511 ψυχὴν
1172 1476 1245 1509 λέγω
1257 1476 1304 1502 καὶ⁴
1320 1474 1410 1509 σῶμα.
1428 1475 1619 1507 πλουτοῦντες,
1639 1476 1719 1511 εἴπερ
1737 1477 1785 1502 καὶ
1799 1476 1876 1502 κατὰ

1075 1521 1154 1555 σῶμα
1171 1520 1298 1546 πλουτεῖν
1320 1520 1492 1554 κατεδέχετο.
1514 1520 1614 1547 Τοῦτον
1629 1523 1683 1555 γὰρ
1700 1521 1736 1552 ὡς
1754 1522 1800 1547 τὸν
1818 1530 1876 1548 πα-

1074 1565 1148 1592 λαιδν
1163 1565 1291 1600 Σαμουὴλ
1302 1566 1373 1591 κατὰ
1388 1567 1434 1592 τὸν
1450 1565 1539 1592 αὐτῶν
1557 1565 1642 1599 σηκὸν
1658 1566 1874 1600 ἀνατρέψοντες.

1075 1611 1122 1638 καὶ
1147 1611 1250 1645 ἀρετῆς
1278 1611 1447 1645 πεποιήκασι
1478 1611 1610 1645 κτήτορα.
1639 1611 1686 1637 καὶ
1712 1612 1752 1642 εἰς
1768 1611 1877 1647 κλῆρον

234 1665 324 1684 surem
349 1657 485 1690 fecerunt,
514 1658 588 1684 etin
613 1657 716 1684 clerum
735 1657 866 1692 paulatim
891 1665 1021 1691 provexe-

1099 1656 1135 1683 ιτ’
1164 1656 1254 1690 ὀλίγον
1281 1657 1453 1691 προήγαγον,
1478 1656 1523 1683 τὸν
1543 1655 1719 1692 καταλλήλως
1736 1655 1797 1688 ταῖς
1815 1658 1878 1691 ἠλι-

233 1706 309 1733 runt,
330 1703 378 1737 qui
403 1703 601 1730 convenienter
619 1703 647 1730 in
670 1703 787 1737 singulis
808 1702 935 1730 :etatibus
957 1710 1023 1729 con—

233 1750 360 1784 gruebat,
385 1756 491 1783 suaque
516 1749 629 1784 dignum
648 1749 854 1784 dispensatione
884 1748 1021 1781 fecerunt,

232 1802 295 1821 cum
322 1797 392 1822 hanc
414 1794 551 1822 moderari
577 1795 719 1823 valuisset.
739 1795 818 1822 llunc
842 1802 857 1821 a
876 1801 963 1821 morte
982 1794 1024 1821 his

233 1841 429 1873 liberaverunt,
444 1847 620 1876 augmentum
633 1841 741 1868 dierum
757 1845 784 1868 et
796 1841 858 1867 vitze
873 1840 1020 1868 donantes.

269 1887 425 1914 Pestilentia
448 1892 518 1919 erat,
543 1892 570 1915 et
591 1888 636 1922 qui
654 1892 720 1914 tunc
741 1887 919 1921 aegrotabat“,
946 1887 1022 1921 prius

233 1940 315 1966 quam
341 1933 455 1967 languor
481 1927 652 1963 nosceretur,
670 1932 871 1958 moriebantur.
889 1930 1021 1966 AEgrota-

233 1978 272 2004 vit
289 1978 369 2004 etiam
386 1978 530 2013 Georgius,
544 1981 571 2004 et
588 1977 703 2012 expletis
720 1976 845 2003 terminis
863 1976 936 2004 vitae.
952 1983 1023 2010 pne—

233 2021 338 2051 scn'tem
363 2024 430 2051 obiit.
455 2024 552 2055 vitam,
573 2023 703 2057 videtque
727 2022 840 2057 angelos
854 2022 1022 2056 accipientes

233 2079 264 2097 se
280 2074 307 2096 ct
321 2070 500 2103 deducentes,
518 2073 545 2096 et
559 2068 662 2104 Cyrum
675 2068 715 2095 eis
728 2072 755 2095 et
770 2067 905 2094 Joannem
920 2071 1023 2102 marty-

233 2121 278 2140 res
292 2118 481 2146 occurrentes,
496 2117 524 2140 et
538 2113 635 2140 donari
651 2112 703 2140 sibi
723 2112 914 2147 presbyterum
935 2111 1022 2138 intor—

232 2158 374 2191 cedeutes,
388 2158 462 2193 quod
480 2165 510 2185 se
533 2158 624 2185 facere
647 2165 701 2184 non
728 2164 810 2192 posse
828 2156 944 2182 virtutes
970 2155 1023 2182 illa:

232 2205 373 2237 dicebant,
391 2205 490 2232 divina:
504 2203 643 2231 sanctioni
664 2195 742 2230 more
757 2202 838 2230 solito
853 2201 1021 2234 servientes;

231 2255 395 2284 exspectare
410 2254 500 2277 autem
519 2249 619 2276 factam
636 2249 669 2276 ad
691 2248 774 2276 Deum
793 2247 1021 2282 supplicationem

234 2303 341 2328 eorum,
358 2300 385 2323 et
404 2296 522 2323 alterum
544 2295 604 2330 ejus
625 2294 777 2330 praestolari
796 2290 962 2329 praeceptum
982 2292 1022 2320 fe-

236 2342 344 2369 rebant.
360 2343 418 2369 Hac
437 2347 572 2378 martyres
594 2341 779 2376 responsione
794 2345 917 2375 accepta,
937 2343 1025 2366 verte-
1038 2330 1065 2361 D

235 2388 336 2414 bantur
359 2387 391 2414 ad
408 2395 514 2421 preces.
529 2387 563 2414 ad
585 2387 727 2418 Deumque
750 2386 866 2420 gentibus
883 2384 960 2412 ﬂexis
976 2384 1023 2410 dn-

236 2435 297 2466 nari
313 2433 364 2460 sibi
388 2434 520 2460 cultorem
545 2433 774 2468 deprecabantur.
799 2432 832 2459 Et
849 2432 900 2458 hoc
924 2431 1026 2457 facien-

236 2479 323 2510 tibus,
339 2486 354 2505 e
368 2479 437 2506 coelo
461 2487 512 2506 vox
538 2479 676 2507 ferebatur
697 2480 838 2510 deorsum,
859 2477 1026 2512 martyribus

239 2524 428 2559 presbyterum
453 2524 514 2552 dari
538 2526 711 2560 praecipiens,
739 2530 767 2552 et
785 2525 866 2552 annis
892 2525 920 2551 in
945 2532 1028 2551 carne

239 2571 332 2597 vivere
343 2569 438 2606 viginti
456 2571 601 2599 deﬁniens.
618 2572 650 2599 Et
663 2573 703 2599 sic
716 2571 828 2607 quidem
846 2572 899 2599 iste
915 2571 1028 2597 mirabi-

241 2615 301 2642 liter
316 2622 428 2644 mortem
448 2626 509 2653 quae
530 2623 596 2645 tunc
618 2618 734 2653 urgebat
751 2618 848 2650 evasit,
865 2618 927 2653 plus
946 2624 1027 2651 quam

240 2661 372 2690 Ezechias
391 2664 454 2691 vita:
482 2672 570 2692 annos
596 2665 720 2699 quinque
749 2664 915 2699 percipiens,
937 2662 1029 2690 studio

239 2713 390 2744 martyrum
417 2709 543 2746 donoque
571 2711 674 2738 divino.
698 2710 765 2737 Cum
779 2713 870 2736 autem
885 2707 1027 2736 vicennale

1077 1703 1151 1734 κίαις
1166 1702 1323 1738 ἁρμόζοντα
1336 1710 1343 1717 °
1358 1703 1405 1729 καὶ
1424 1703 1474 1737 τῆς
1502 1702 1593 1728 αὐτῶν
1615 1702 1771 1736 οἰκονομίας
1790 1703 1879 1737 ἠξίω-

1077 1756 1138 1780 σαν,
1163 1748 1206 1774 ὅτε
1233 1747 1337 1783 ταύτην
1366 1748 1471 1774 διέπειν
1493 1747 1620 1782 ἠδύνατο.
1643 1747 1729 1774 Τοῦτο
1753 1747 1878 1774 θανάτου

1076 1795 1117 1826 δὶς
1139 1793 1338 1830 ὲλυτρώσαντο,
1358 1793 1519 1828 προσθήκην
1548 1792 1618 1819 ὲτῶν
1633 1793 1680 1820 καὶ
1699 1793 1772 1828 ζωῆς
1791 1802 1879 1828 χαρι-

1078 1839 1203 1874 σάμενοι.

1111 1884 1212 1919 Λοιμὸς
1222 1881 1268 1919 ἦν,
1285 1884 1332 1910 καὶ
1350 1884 1373 1910 oi
1393 1884 1454 1910 τότε
1468 1884 1611 1916 νοσοῦντες
1640 1885 1706 1919 πρὶν
1721 1884 1738 1916 ἢ
1754 1883 1877 1916 διαγνω-

1077 1929 1174 1964 σοῆνιιι
1193 1930 1242 1966 τὴν
1258 1930 1335 1956 νόσον
1352 1930 1535 1965 ἀπέθνησκον.
1561 1930 1690 1965 Ἐνόσησε
1715 1931 1762 1956 καὶ
1779 1930 1878 1964 Γεώρ-

1076 1984 1146 2009 γιος,
1183 1976 1230 2002 καὶ
1257 1976 1311 2002 τῶν
1342 1976 1414 2011 ὅρων
1429 1977 1478 2010 τῆς
1504 1976 1578 2011 ζωῆς
1594 1975 1808 2010 πληρωθέντων,
1827 1977 1877 2009 τῆς

1077 2022 1220 2057 παρούσης
1245 2021 1318 2057 ζωῆς
1347 2022 1553 2058 ὲκδεδήμηκεν·
1583 2022 1712 2052 καὶτοὺς
1738 2021 1878 2055 ἀγγέλους

1077 2069 1130 2104 ὁρᾷ
1143 2067 1275 2100 λαϐόντας
1289 2069 1370 2095 αὑτὸν
1396 2069 1445 2095 καὶ
1460 2069 1629 2103 ἀπάγοντας,
1645 2069 1694 2095 καὶ
1713 2067 1808 2103 Κῦρον
1828 2069 1879 2094 αὐ-

1076 2116 1132 2146 τοῖς
1149 2116 1197 2141 καὶ
1223 2115 1350 2149 Ἰωάννην
1364 2115 1554 2147 συναντῶντας
1570 2116 1636 2146 τοὺς
1653 2115 1810 2150 μάρτυρας,
1828 2115 1878 2140 καὶ

1076 2158 1238 2194 χαρίζεσθαι
1261 2159 1354 2190 αὐτοῖς
1382 2160 1538 2195 πρεσϐύτην
1566 2160 1782 2196 πρεσϐεύοντας,
1805 2160 1878 2194 ὅπερ

1077 2205 1164 2232 ποιεῖν
1191 2204 1285 2239 ἔλεγον
1314 2206 1343 2232 αἰ
1373 2206 1503 2240 δυνάμεις
1532 2207 1569 2241 μὴ
1599 2206 1744 2236 δύνασθαι,
1765 2206 1833 2241 θείῳ
1850 2206 1878 2232 δὲ

1078 2251 1245 2286 θεσπίσματι
1260 2252 1331 2278 κατὰ
1345 2252 1447 2286 τρόπον
1462 2252 1638 2279 δουλεύουσαι
1649 2261 1655 2267 ·
1680 2253 1774 2288 μένειν
1789 2252 1812 2278 δ’
1827 2253 1875 2278 αὐ-

1076 2296 1131 2323 τῶν
1149 2298 1200 2331 τὴν
1215 2297 1282 2332 πρὸς
1298 2298 1365 2324 Θεὸν
1379 2299 1500 2325 ἱκετείαν
1516 2298 1701 2333 ἀπήγγελλον,
1718 2298 1766 2324 καὶ
1784 2298 1878 2324 δευτέ-

1078 2352 1128 2378 ραν
1145 2343 1227 2369 αὺτοῦ
1240 2343 1437 2379 προσδέχεσθαι
1459 2344 1594 2371 κέλευσιν.
1611 2344 1722 2378 ταύτην
1746 2343 1878 2374 λαϐόντες

1079 2389 1103 2415 oi
1119 2389 1258 2423 μάρτυρες
1266 2389 1316 2422 τὴν
1325 2389 1484 2425 ἀπόκρισιν.
1496 2390 1563 2424 προς
1577 2390 1697 2417 ἱκετείαν
1711 2389 1874 2423 ἐτρέποντο,

1079 2435 1127 2460 καὶ
1141 2433 1210 2469 πρὸς
1221 2434 1287 2460 Θεὸν
1304 2434 1338 2460 τὰ
1366 2434 1468 2468 γόνατα
1480 2435 1632 2467 κλίναντες,
1651 2434 1812 2469 δωρηθῆναι
1829 2435 1878 2460 αὐ-

1081 2481 1138 2512 τοῖς
1162 2480 1208 2506 τὸν
1223 2480 1327 2515 λάτρην
1344 2479 1467 2506 ἐδέοντο·
1486 2481 1533 2507 καὶ
1550 2479 1630 2506 τοῦτο
1654 2479 1815 2508 ποιούντων.
1829 2479 1877 2505 ἀπ’

1081 2525 1198 2559 οὐρανοῦ
1225 2525 1303 2559 φωνὴ
1328 2525 1506 2560 κατεφέρετο,
1538 2525 1639 2552 διδόναι
1666 2525 1877 2558 προστάττουσα

1081 2571 1137 2601 τοῖς
1155 2570 1272 2605 μάρτυσι
1288 2569 1335 2595 τὸν
1360 2569 1561 2605 πρεσϐύτερον,
1583 2569 1631 2595 καὶ
1656 2568 1773 2604 χρόνους
1789 2568 1874 2594 εἰκοσι

1082 2616 1111 2642 ὲν
1124 2617 1207 2651 σαρκὶ
1222 2615 1387 2651 διορίζουσα.
1405 2616 1460 2642 Καὶ
1474 2616 1545 2641 οὕτω
1557 2615 1606 2649 μὲν
1613 2612 1711 2646 οὗτοςό
1724 2614 1876 2649 ϐαυμάσιο,

1081 2661 1128 2688 τὸν
1144 2662 1204 2688 τότε
1222 2662 1333 2695 διέφυγε
1345 2661 1470 2694 θάνατον,
1489 2662 1611 2694 Ἐζεκίου
1629 2661 1711 2688 πλέον
1728 2660 1776 2694 ἔτη
1795 2660 1876 2686 πέντε

1081 2706 1155 2742 ζωῆς
1174 2708 1370 2743 κομισάμενος,
1403 2707 1550 2744 μαρτύρων
1565 2707 1671 2743 σπουδῇ
1684 2707 1732 2734 καὶ
1743 2706 1811 2740 Οείῳ
1824 2705 1875 2732 δω-

994 2794 1112 2822 NOTAE.

280 2877 320 2913 (5)
349 2878 455 2907 Abhinc
475 2879 664 2907 desiderantur
681 2882 736 2907 tres
751 2878 885 2914 pericopzc
905 2876 932 2904 in
948 2876 1042 2904 Graeco
1062 2880 1148 2910 testu,
1169 2883 1237 2911 quas
1254 2874 1368 2905 Latinus
1388 2875 1570 2904 conservavit.
