1910 3078
107 120 176 151 3625

107 177 137 215 ἦν
148 180 161 205 ό
179 177 329 210 Ἰσίδωρος,
348 174 499 210 ἀπρόσιτος
510 173 616 209 ὑπῆρξε
628 174 685 205 τοῖς
698 172 834 207 δαίμοσιν,
851 171 900 198 καὶ
912 177 938 206 Α

109 226 202 259 πεῖραν
218 223 310 250 αὐτῶν
329 220 377 248 τοῦ
392 220 487 247 λοιποῦ
503 220 632 254 τοιαύτην
647 220 696 246 οὐκ
715 218 822 251 ἐλαϐεν,
839 218 898 244 οἵαν

108 270 157 306 πρὸ
180 269 232 303 τῆς
256 268 420 302 καταφυγῆς
436 266 485 301 τῆς
502 267 543 297 εἰς
559 267 622 297 τοὺς
638 265 782 300 μάρτυρας
807 264 898 300 Κῦρον

108 315 149 342 καὶ
167 314 295 347 Ἰωάννην
311 312 477 348 ὲλὰμὸανεν-
489 309 567 346 οἶμαι
585 311 613 338 δὲ
630 311 679 338 καὶ
692 311 777 345 αὐτὴν
791 310 898 345 ὠφελη-

108 360 195 386 θείςαν
210 359 248 393 τῷ
264 357 398 392 θαύματι,
412 357 492 392 εἴπερ
508 357 552 384 ἐπ’
568 355 699 391 ἀληθείας
715 355 856 391 ἐὸἐόλητο,
875 356 899 382 εί

108 406 143 440 μὴ
156 405 260 440 σφόδρα
273 403 411 438 δυσσεϐὴς
425 411 468 435 τις
479 401 514 438 ἦν
528 403 576 430 καὶ
588 402 711 437 ἀνόητος·
722 402 802 437 ἡμεῖς
814 402 841 428 δὲ
852 401 900 428 κον.)⁸

109 449 226 476 ἐνταῦθα
242 448 308 475 Θεὸν
323 448 542 483 ἀνυμνήσαντες,
559 447 606 473 καὶ
624 446 766 482 μάρτυρας
780 446 843 477 τοὺς
855 446 901 481 ἐρ-

82 501 87 506 ·
108 497 192 529 γάτας
210 495 258 522 τοῦ
275 494 424 529 θαύματος,
441 494 484 528 ἐφ’
499 493 594 528 ἕτερον
610 492 702 527 Θαῦμα
713 491 763 528 τὴν
775 491 900 526 γλῶτταν

107 540 281 575 όπλίσωμεν,
311 540 414 574 ταύτης
439 539 565 575 ἀρωγοὺς
586 538 649 570 τοὺς
673 537 728 565 τῶν
754 530 900 571 Θαυμάτων

107 587 226 621 ἐργάτας
247 585 416 619 ποιούμενοι.

107 640 167 668 NE’.
179 640 248 675 Περὶ
258 639 410 674 Θεοδώρου
424 639 476 666 τοῦ
486 639 620 675 Κυπρίου
631 639 685 675 τοῦ
701 640 759 667 ἀπο
774 639 901 674 μαγείας

311 676 470 710 γεγονότος
488 674 688 708 λορδόποδος.

139 722 268 757 Φοινίκης
283 722 367 756 ἐγγὺς
384 722 400 756 ἡ
420 721 533 756 Κύπρος
546 720 735 755 καθέστηκεν,
754 720 856 756 μεταξὺ
873 720 902 747 τὺ

109 769 274 804 παρθενικὸν
290 768 389 803 ἔχουσα
403 767 532 802 πέλαγος,
542 767 611 802 ὅπερ
621 766 661 802 τῷ
671 766 712 794 νοῒ
723 767 902 794 διαπλεύσαν-

105 823 160 848 τες,
170 815 203 841 ἐκ
216 814 342 849 Φοινίκης
356 815 390 849 τῇ
404 814 479 849 νήσῳ
494 813 715 849 προσϐάλλομεν,
731 814 778 839 καὶ
789 813 835 840 τὸν
846 813 903 840 Λα-

107 862 195 888 πίθιθν
211 860 362 896 εὑρηκότες
378 851 527 895 Θεόδωρόν,
541 860 588 886 καὶ
603 859 636 886 τὰ
654 859 714 886 κατ’
727 859 809 886 αὑτὸν
824 859 904 894 ἀκρι-
919 862 940 888 Β

107 909 161 940 σῶς
181 908 392 943 ἐρευνήσαντες,
413 906 482 938 πρὸς
505 906 644 941 εὐφημίαν
661 905 714 932 τῶν
734 905 903 939 δεδρακότων

107 954 323 990 συγγράψωμεν·
353 954 456 988 Ἰατρὸς
475 953 584 988 ὑπῆρχε
610 953 765 988 Θεόδωρος,
782 952 829 978 καὶ
853 951 903 987 τὴν

105 1001 201 1036 τέχνην
222 1000 378 1035 εὐδόκιμος,
396 999 443 1025 καὶ
466 999 508 1025 διὰ
531 998 610 1025 τοῦτο
626 998 800 1034 περὶφημος·
827 995 903 1029 οὗτος

105 1047 159 1074 ἀπὸ
177 1047 296 1081 μαγείας
324 1046 453 1079 ἀκίνητος
483 1045 627 1079 γίγνεται,
652 1045 700 1071 καὶ
726 1043 773 1070 τοῦ
799 1043 903 1075 πάθους

105 1093 240 1127 ἀγνοήσας
254 1092 285 1117 τὺ
304 1092 403 1122 αἴτιον,
421 1091 519 1117 ἑαυτὸν
543 1089 707 1124 Θεραπεύειν
724 1089 902 1121 ἐσπούδαζεν,

47 1166 51 1169 _
105 1138 198 1164 ἐκεῖνα
215 1136 312 1169 ποιῶν,
329 1136 403 1171 ἆπερ
419 1135 501 1162 αὑτὸν
522 1134 657 1170 ἰατρεύειν
672 1134 809 1170 ἐνόμιζεν,
825 1134 872 1160 καὶ
886 1133 904 1160 ει

107 1182 241 1213 παθόντας
256 1182 377 1217 ἑτέρους,
403 1181 432 1208 ού
459 1181 588 1215 μαγείαν,
614 1179 672 1207 ἀλλ’
689 1181 789 1217 ἀργίαν
803 1180 902 1215 μελῶν,

106 1229 295 1264 προσενέγκας
323 1227 485 1262 ὠφέλησεν·
520 1226 578 1253 ἀλλ’
599 1226 637 1257 ὡς
671 1225 759 1253 πάντα
787 1225 904 1260 ποιήσας

106 1273 196 1307 ἑαυτῷ
209 1274 260 1308 τῆς
276 1273 356 1299 νόσου
370 1272 420 1307 τὴν
434 1271 523 1307 φυγὴν
539 1271 590 1297 οὐκ
605 1270 783 1307 ἐϐράϐευσεν,
798 1271 849 1305 τῆς
862 1271 906 1297 τέ-

106 1327 173 1354 χνης
195 1318 327 1352 ἐγνωκὼς
352 1319 403 1353 τὴν
426 1317 582 1350 ἀσθένειαν,
599 1317 692 1353 Κύρου
711 1316 837 1352 πρόσφυξ
859 1316 906 1343 καὶ

112 1355 237 1390 Ἰωάννου
253 1362 426 1397 καθίσταται,
443 1362 497 1389 τῶν
519 1361 689 1397 φυγαδεῦσαι
703 1362 862 1397 δυναμένων
874 1362 906 1388 τδ

106 1409 214 1445 νόσημα
228 1429 235 1440 ,
257 1408 304 1435 καὶ
325 1408 494 1444 χαρίσασθαι
515 1408 554 1444 τῷ
574 1408 696 1435 νοσοῦντι
715 1409 766 1444 τὴν
784 1408 870 1435 ἴασιν.

141 1453 268 1480 Ἐλθόντι
282 1452 338 1488 γὰρ
353 1453 427 1488 αὐτῷ
444 1452 506 1480 καθ’
524 1452 608 1479 ὕπνον
630 1453 654 1479 oi
677 1452 816 1489 μάρτυρες
841 1451 905 1487 φαί-

106 1508 219 1532 νονται,
236 1500 284 1526 καὶ
308 1499 441 1534 φανέντες
464 1498 496 1525 τὸ
521 1498 607 1530 πάθος
630 1499 711 1531 εὐθὺς
737 1498 906 1534 φυγαδεύου-

109 1554 163 1575 σιν.
189 1545 269 1582 [(52)
299 1546 361 1578 Ὑὸς
385 1545 525 1581 πνεύμονα
542 1545 635 1572 λαϐεῖν
661 1545 804 1573 κελεύουσι
816 1546 836 1583 ,]
855 1536 939 1573 καλε

108 1593 210 1628 gap-siut
234 1591 320 1627 πυρὸς
348 1591 444 1618 τοῦτον
473 1592 502 1618 ὲν
531 1590 671 1627 ἄνθραξιν,
690 1593 737 1618 καὶ
764 1593 905 1628 φρυγέντα

109 1639 159 1666 σὺν
173 1639 240 1673 οῐνῳ
266 1639 362 1665 λεᾶναι
392 1638 440 1664 καὶ
467 1636 573 1672 χρῖσαι.
604 1637 714 1673 Ἐπειδὴ
729 1637 758 1664 δὲ
785 1637 836 1673 τὴν
854 1638 906 1673 χάο

109 1694 153 1722 ριν
174 1685 230 1712 εδει
254 1685 291 1721 μὴ
309 1684 393 1720 ἀτελῆ
417 1684 480 1715 τοὺς
503 1683 599 1718 ἁγίους
619 1683 813 1720 δωρήσασθαι,
840 1684 906 1711 Θεό-

107 1731 196 1767 δωρον
222 1730 273 1766 μὲν
298 1731 358 1763 τοῖς
385 1729 544 1765 εἰρημένοις
571 1730 684 1758 ῑὰσαντο
712 1729 905 1766 βοηθήμασιν·

108 1775 295 1811 γνωρίσαντες
305 1775 334 1801 δὲ
349 1774 396 1801 τὸν
414 1774 603 1810 μαγεύσαντα,
618 1774 665 1801 καὶ
675 1773 710 1800 τὰ
726 1773 777 1809 τῆς
790 1773 907 1809 μαγείας

109 1821 335 1858 Θεραπεύσαντες
358 1820 466 1856 όργανα
481 1840 489 1852 ,
510 1820 557 1847 τὸν
581 1819 730 1855 δεδρακότα
753 1819 814 1847 κατ’
826 1819 907 1851 ἀξίαν

108 1867 291 1903 ἀμείὸονται·
318 1867 363 1894 ὅτε
394 1867 449 1902 γὰρ
472 1866 636 1894 ὲνσκευάσαι
660 1865 792 1901 Θεοδώρῳ
820 1874 906 1901 προσ-

108 1914 224 1940 έταττον
241 1913 272 1940 τὸ
285 1913 426 1948 βοήθημα,
442 1912 489 1940 καὶ
504 1912 591 1948 τούτῳ
605 1912 785 1948 συνεμίγνυσν
801 1912 841 1948 τῷ
861 1920 908 1938 κε-

108 1957 253 1994 λεύσματι,
272 1958 458 1990 Ἀπόστειλον,
473 1957 608 1991 λέγοντες,
620 1957 681 1984 τινὰ
691 1957 744 1984 τῶν
759 1966 800 1984 σοι
815 1957 908 1984 διακο-

109 2003 251 2039 νουμένων
266 2004 306 2034 είς
327 2002 460 2035 Λάπιθον,
474 2002 522 2029 καὶ
535 2002 588 2037 πρὸ
600 2001 648 2028 τοῦ
663 2001 790 2034 κοιτῶνος
800 2000 847 2028 τοῦ
860 2000 907 2028 σοῦ

109 2048 186 2084 παρὰ
199 2048 230 2075 τὸ
246 2047 384 2083 πρόθυρον
400 2048 504 2083 σκάψαι
521 2047 647 2080 διάταξον
663 2055 669 2062 ⁴
688 2048 778 2074 ἐκεῖσε
793 2047 848 2082 γὰρ
863 2047 908 2073 εὐ-

108 2095 192 2130 ρήσει
206 2094 238 2121 τὸ
254 2094 301 2121 τοῦ
316 2093 479 2129 δεδρακότος
497 2093 692 2129 κακούργημα,
710 2093 763 2119 ὑπὸ
784 2093 815 2120 τὸ
840 2093 907 2127 πρό-

107 2139 194 2175 θυρον
216 2139 328 2173 ἀφανῶς
350 2137 572 2174 καλυπτόμενον·
597 2138 611 2165 ὃ
633 2139 681 2165 καὶ
695 2138 917 2174 φανερούμενον,

108 2186 193 2218 εὐθὺς
216 2186 324 2221 ἀναιρεῖ
339 2185 385 2213 τὸν
399 2187 563 2221 ποιήσαντα.
587 2185 702 2220 Πέμψας
722 2184 752 2212 δὲ
767 2184 906 2234 ρεόδωρος
923 2207 944 2234 D

106 2230 147 2263 ὥς
163 2230 326 2258 κεκέλευστο
346 2230 415 2257 κατὰ
431 2231 477 2257 τὸν
495 2230 626 2266 λεχθέντα
641 2231 734 2262 τόπον,
751 2229 781 2257 τὺ
793 2229 843 2265 τῆς
858 2230 907 2266 ἀῤ-

109 2277 233 2312 ρωστίας
257 2276 385 2313 εὕρισκεν
407 2276 512 2304 αἴτιον*
535 2276 674 2304 καὶτοῦτο
689 2276 782 2310 φανὲν,
800 2277 907 2312 ἀφανὴς

107 2323 214 2355 εὐθέως
231 2323 246 2349 ό
259 2323 455 2358 κακουργήσας
472 2322 581 2357 ἐγένετο
591 2341 599 2354 ,
616 2322 732 2349 θανάτου
747 2320 841 2349 τοῦτον
856 2330 908 2348 πα-

108 2368 246 2404 ραχρῆμα
262 2368 440 2403 συλήσαντος,
459 2367 506 2395 καὶ
524 2367 672 2402 μαρτύρων
688 2368 759 2402 ῥοπῇ
773 2367 818 2393 τὸν
841 2367 907 2393 Θεό-

105 2415 198 2450 δωρον
222 2413 428 2449 ἐκδικήσαντος.
453 2413 578 2448 Ἑϐραῖος
603 2414 625 2440 δ’
643 2410 689 2449 ἦν,
706 2413 754 2440 καὶ
777 2413 905 2448 τοιαύτης

107 2459 276 2494 ὑπολήψεως
292 2460 341 2485 οὐκ
359 2458 501 2495 ἐλεύθερος
511 2467 518 2474 ·
531 2459 572 2486 διὸ
592 2459 640 2486 καὶ
658 2458 713 2485 τῶν
729 2459 803 2486 ἰδίων
818 2459 906 2494 ἔργων

105 2505 175 2537 τοὺς
188 2505 288 2536 πόνους
301 2504 443 2539 ἐδρέψατο,
459 2504 616 2540 κατάλληλα
628 2503 720 2531 λαϐὼν
735 2505 768 2539 τῇ
783 2503 907 2540 γεωργίᾳ.

106 2550 144 2577 τὰ
159 2550 305 2586 δράγματα
316 2558 323 2565 ’
341 2551 421 2587 ἡμεῖς
435 2550 464 2577 δὲ
474 2550 528 2577 τῶν
544 2550 628 2584 ἁγίων
640 2550 671 2577 τὸ
691 2549 785 2581 σθένος
802 2549 907 2584 θαυμά-

106 2604 220 2629 σαντες,
239 2596 286 2622 καὶ
301 2595 338 2628 ὡς
351 2593 402 2623 οἷοί
416 2597 446 2623 τὲ
463 2598 546 2632 ἐσμεν
564 2596 665 2628 αὐτοὺς
691 2597 906 2631 ἁνυμνήσαντες,

107 2642 196 2678 ἔτερα
212 2642 304 2669 αὐτῶν
321 2642 371 2669 οὐκ
388 2642 528 2675 ἐλάττονος
546 2643 634 2678 ὁρμῆς
656 2642 856 2677 καὶδυνάμεως
870 2643 910 2678 τῷ

107 2687 260 2722 γράμματι
279 2687 489 2722 διαγγείλωμεν.

610 115 662 145 SS.
680 115 766 145 CYRI
787 114 834 144 ET
852 113 1012 144 JOANNIS
1032 114 1241 144 MIRACULA.

1669 116 1738 148 3626

952 179 1028 206 pore,
1042 179 1188 207 quousque
1201 171 1229 199 in
1245 172 1295 199 hac
1320 171 1372 198 fuit
1388 171 1441 199 vita
1461 171 1596 206 Isidorus,
1614 174 1736 202 ἰιιιιω-υμ-

949 217 1037 244 sibilis
1054 223 1113 245 crat
1124 217 1307 250 dmmonibus,
1317 222 1345 244 et
1355 218 1572 253 experimentum
1582 226 1675 246 eorum
1686 222 1740 248 tate

949 263 983 291 de
1007 267 1105 291 caetero
1132 271 1189 291 non
1216 263 1329 299 accepit,
1358 264 1440 299 quale
1465 269 1529 292 ante
1554 264 1688 300 refugium
1707 266 1741 292 ad

949 310 1050 346 Cyrum
1072 313 1100 337 et
1126 309 1259 337 Joannem
1282 313 1418 346 martyras
1440 310 1594 345 accipiebat
1626 310 1740 338 factmn.

950 355 1056 390 Opinor
1069 359 1160 383 autem
1177 359 1204 383 ct
1221 355 1307 391 ipsam
1325 355 1377 383 hoc
1390 354 1524 383 miraculo
1537 355 1700 390 profecisse,
1717 356 1742 384 si

951 401 1085 428 duntaxat
1102 401 1235 428 veraciter
1249 405 1309 428 erat
1331 401 1405 434 laesa,
1428 401 1470 428 vel
1491 401 1513 428 si
1538 408 1593 429 non
1616 401 1742 437 quredam

951 447 1029 475 valde
1045 447 1186 475 insensata
1198 452 1225 474 et
1238 448 1320 482 impia
1342 447 1457 475 exstitit.
1472 447 1557 475 Porro
1579 455 1629 475 nos
1652 452 1678 475 et
1698 448 1743 475 hic

952 493 1019 526 Deo,
1033 497 1060 521 et
1073 493 1198 522 miraculi
1217 493 1528 529 operatoribushvmnis
1539 493 1742 526 benedicentes,

953 539 988 567 ad
1002 540 1077 567 aliud
1091 539 1252 567 miraculum
1275 539 1397 575 linguam
1415 547 1566 570 armemus,
1583 539 1667 574 hujus
1695 539 1744 566 ad-

950 585 1057 621 jutores
1069 586 1266 613 miraculorum
1285 586 1429 621 operarios
1446 586 1591 612 facientes.

988 641 1043 670 LV.
1059 642 1095 670 De
1109 642 1245 670 Theodoro
1260 642 1358 678 Cyprio
1376 642 1421 676 qui
1437 651 1453 669 a
1468 643 1555 677 magia
1568 643 1655 677 facta;
1670 649 1708 669 est

1303 678 1407 705 lordus.

990 721 1121 750 thnice
1143 724 1267 758 proxima
1288 723 1394 758 Cyprus
1422 726 1522 754 exstat,
1551 723 1745 758 interpositum

954 767 1060 795 habens
1072 769 1263 802 parthenicqu
1274 768 1397 803 pelagus,
1411 767 1484 803 quod
1506 768 1600 796 animo
1614 769 1746 804 navigan-

956 818 1008 847 tes,
1027 821 1041 840 a
1069 813 1198 844 Phoenice
1219 814 1246 841 in
1271 814 1390 841 insulam
1418 814 1555 846 venimus,
1570 819 1596 841 et
1617 813 1746 849 Lapithio

957 858 1068 886 invento
1082 858 1238 891 Theodoro,
1251 862 1278 886 et
1291 859 1333 886 his
1349 866 1407 894 qua:
1420 859 1493 886 illius
1510 863 1575 886 sunt
1593 859 1747 886 districtius

956 905 1152 940 perscrutatis,
1182 905 1240 932 haec
1268 905 1301 931 ad
1325 905 1434 932 laudem
1459 911 1556 932 eorum
1574 904 1621 939 qui
1642 905 1748 940 operati

955 955 1022 978 sunt
1042 951 1262 979 conscribamus.
1282 950 1404 978 Medicus
1418 955 1478 978 erat
1500 949 1674 984 Theodorus,
1703 958 1748 978 ar-

955 1001 1036 1033 teque
1053 998 1121 1026 bene
1136 997 1280 1033 probatus,
1297 1003 1323 1024 et
1348 997 1451 1024 idcirco
1474 996 1575 1032 ubique
1612 995 1746 1024 fantosus.

956 1043 1006 1071 Hic
1027 1051 1041 1070 a
1056 1044 1144 1080 magia
1178 1043 1328 1071 immobilis
1351 1042 1390 1076 fit,
1422 1049 1590 1078 causamque
1608 1043 1747 1078 passionis

956 1087 1100 1122 ignorans,
1113 1089 1292 1123 semetipsum
1310 1095 1409 1115 curare
1423 1087 1561 1120 studebat,
1579 1087 1624 1114 illa
1643 1087 1748 1115 faciens

956 1141 1016 1168 quae
1031 1141 1060 1161 sc
1078 1133 1135 1160 fore
1163 1137 1294 1160 sanatura
1307 1133 1446 1168 sperabat,
1475 1137 1501 1160 ct
1527 1140 1587 1168 qua:
1613 1133 1673 1160 aliis
1694 1141 1747 1160 non

956 1180 1086 1214 magiam,
1111 1181 1158 1206 sed
1184 1179 1350 1207 otiositatem
1372 1179 1558 1206 membrorum
1582 1178 1748 1213 patientibus

957 1233 1029 1260 stepe
1070 1225 1187 1253 aﬂ‘erens
1210 1225 1324 1261 profuit.
1349 1223 1402 1252 Sed
1431 1232 1492 1252 cum
1523 1224 1615 1251 omnia
1639 1224 1749 1254 fecisset

958 1271 1037 1308 [quin
1054 1279 1069 1299 a
1081 1279 1109 1299 se
1130 1272 1255 1299 morbum
1273 1272 1436 1307 depelleret,
1456 1272 1525 1299 artis
1539 1271 1660 1308 cognita]
1674 1271 1750 1299 infir-

957 1317 1054 1345 mitate
1075 1317 1140 1353 Cyri
1158 1317 1327 1353 Joannisque
1350 1317 1483 1352 profugus
1498 1318 1686 1350 constituitur,
1701 1326 1749 1344 va-

957 1362 1073 1389 lentium
1094 1366 1120 1389 et
1139 1362 1299 1397 languorem
1319 1361 1424 1398 fugare,
1443 1365 1470 1390 et
1486 1362 1624 1397 languenti
1643 1363 1748 1391 sanita-

957 1411 1011 1436 tem
1027 1407 1142 1436 duriore.

993 1452 1089 1489 Itaque
1103 1453 1222 1482 venienti
1241 1453 1267 1481 ei
1284 1458 1419 1490 martyres
1434 1454 1462 1482 in
1485 1454 1547 1482 visu
1569 1453 1707 1486 videntur,
1723 1459 1751 1482 et

959 1499 1009 1527 visi
1022 1499 1178 1535 passionem
1194 1500 1328 1527 continuo
1352 1499 1450 1534 fugant
1485 1501 1538 1528 hoc
1569 1500 1750 1528 medicamine

956 1545 1010 1573 usi.
1035 1545 1116 1573 Porci
1147 1553 1328 1581 pneumonem
1362 1553 1483 1580 sumere,
1504 1551 1531 1575 et
1549 1550 1654 1575 torrere
1675 1546 1750 1575 hunc

955 1591 1028 1627 ignis
1042 1591 1070 1619 in
1087 1591 1185 1627 prunis
1204 1595 1232 1619 et
1252 1592 1356 1620 torrido
1372 1599 1434 1620 cum
1448 1592 1513 1620 vino
1526 1592 1607 1620 linire
1621 1600 1654 1621 ac
1669 1593 1751 1620 inun-

956 1644 1020 1672 gere
1040 1636 1162 1664 membra
1185 1645 1246 1672 qua:
1274 1637 1458 1672 patiebantur,
1485 1638 1657 1673 praecipiunt.
1679 1639 1748 1672 Qui:

956 1690 1022 1711 vero
1038 1684 1154 1719 gratiam
1171 1683 1316 1718 oportebat
1343 1691 1398 1711 non
1425 1683 1611 1720 imperfectam
1636 1689 1749 1713 sanctos

955 1730 1071 1762 donare,
1086 1728 1262 1758 Theodorum
1278 1729 1388 1766 quidem
1417 1730 1556 1766 praedictis
1582 1736 1751 1758 sanaverunt

958 1775 1081 1808 auxiliis,
1094 1782 1127 1803 eo
1142 1782 1207 1804 vero
1218 1776 1264 1810 qui
1280 1775 1385 1811 magiae
1400 1775 1526 1803 exercuit
1556 1775 1661 1812 agnito,
1690 1784 1748 1804 ma-

957 1821 1065 1856 giazqne
1083 1821 1196 1856 organis
1212 1821 1370 1849 manifestis
1390 1821 1510 1854 effectis,
1521 1820 1629 1856 dignam
1644 1823 1750 1850 auctori

959 1866 1182 1894 vicissitudinem
1199 1866 1337 1895 tribuunt.
1363 1867 1480 1900 Quando
1508 1867 1581 1895 enim
1607 1867 1751 1896 Theodoro

958 1912 1097 1940 conﬁcere
1125 1912 1326 1940 adminiculum
1358 1919 1557 1949 praeceperunt,
1589 1915 1669 1941 etiam
1700 1915 1752 1943 hoc

956 1958 1074 1993 jussioni
1103 1959 1268 1992 miscebant,
1290 1957 1376 1992 Mitte,
1388 1959 1510 1988 dicentes
1524 1967 1689 1996 quemquam
1701 1960 1753 1988 mi-

960 2005 1138 2033 nistrantinm
1155 2005 1202 2032 tibi
1218 2005 1251 2032 ad
1269 2004 1416 2040 Lapithon,
1429 2010 1457 2033 et
1485 2010 1548 2034 ante
1564 2007 1654 2038 cubile
1673 2011 1750 2034 tuum

960 2058 1016 2086 pra:
1029 2050 1134 2078 furibus
1165 2050 1258 2078 fodere
1280 2052 1405 2086 dispone.
1436 2049 1492 2078 illic
1507 2051 1580 2079 enim
1598 2051 1753 2081 insidiantis

960 2096 1087 2124 invenies
1131 2096 1296 2123 maleficium
1324 2095 1377 2124 sub
1403 2096 1542 2124 vestibulo
1575 2097 1753 2124 invisibiliter

960 2145 1137 2175 coopertum;
1153 2140 1226 2177 quod
1239 2141 1445 2169 manifestatum
1465 2149 1539 2175 mox,
1555 2150 1616 2170 eum
1634 2141 1680 2178 qui
1712 2143 1753 2170 fe-

960 2187 998 2214 cit
1012 2187 1163 2215 interimet.
1198 2186 1311 2215 Mittens
1326 2192 1416 2215 autem
1431 2187 1592 2216 Theodorus
1606 2188 1678 2216 sicut
1688 2188 1752 2223 jus-

961 2241 1010 2262 sus
1027 2237 1070 2261 est
1088 2233 1189 2268 adiam
1207 2233 1311 2262 dictum
1330 2234 1431 2265 locum,
1458 2234 1626 2262 infirmitatis
1651 2235 1753 2270 reperit

961 2285 1085 2307 causam.
1110 2278 1144 2306 Et
1160 2278 1384 2315 hacapparcnte,
1410 2280 1456 2315 qui
1475 2279 1544 2308 male
1570 2279 1596 2306 id
1621 2286 1752 2316 operatus

960 2327 1013 2357 est,
1026 2323 1119 2363 statim
1131 2324 1279 2360 disparuit,
1294 2331 1381 2353 morte
1398 2326 1472 2366 hunc
1487 2326 1613 2361 protinus
1628 2327 1753 2361 rapiente

961 2373 988 2396 et
1015 2373 1167 2404 martyrum
1194 2375 1262 2397 nutu
1294 2370 1470 2399 Theodorum
1499 2371 1670 2400 defendente.
1698 2372 1751 2401 lle-

959 2415 1051 2443 brteus
1078 2420 1169 2444 autem
1188 2420 1258 2447 erat,
1282 2422 1310 2444 et
1339 2416 1532 2452 hujuscemodi
1559 2419 1752 2447 aestimationis

959 2461 1035 2488 nullo
1050 2461 1131 2489 modo
1149 2462 1233 2495 liber;
1253 2467 1364 2498 propter
1380 2463 1453 2499 quod
1467 2468 1494 2491 et
1507 2471 1620 2499 operum
1637 2467 1753 2493 messuit

961 2507 1135 2542 propriorum
1157 2507 1277 2542 labores,
1298 2515 1485 2545 competentes
1514 2511 1652 2546 accipiens
1681 2513 1754 2547 agri-

961 2553 1076 2580 culturae
1091 2553 1256 2589 manipulos.
1285 2556 1371 2583 Porro
1397 2564 1447 2584 nos
1471 2563 1630 2585 sanctorum
1654 2559 1754 2587 robore

961 2598 1130 2631 collaudato,
1152 2605 1180 2626 et
1205 2600 1285 2628 sicuti
1302 2609 1449 2637 possumus
1465 2603 1505 2631 cis
1525 2604 1633 2639 hymnis
1648 2604 1752 2639 gloriti-

961 2643 1043 2676 catis,
1063 2644 1117 2670 alia
1137 2652 1233 2672 eorum
1251 2654 1305 2673 non
1324 2647 1440 2676 minoris
1456 2654 1548 2677 motus
1567 2653 1650 2685 atque
1664 2648 1752 2677 virtu-

961 2689 1008 2722 tis,
1023 2689 1074 2717 hoc
1086 2690 1190 2725 scripto
1206 2691 1440 2722 denuntiabimus.

873 2776 992 2805 NOTAE.

152 2821 211 2857 (σε)
230 2821 339 2848 Inclusa
364 2823 390 2848 in
415 2822 509 2849 (int-cu
528 2827 601 2849 textu
624 2822 746 2855 deerant,
763 2830 823 2858 quae
836 2828 926 2852 tamen
949 2823 1063 2853 Latinus
1080 2827 1257 2854 conservavit

241 2867 376 2898 Pauor"
403 2869 460 2898 Gn.
477 2868 665 2899 LXXXVII.

1558 2878 1612 2904 ιιι
