1908 3078
224 169 295 201 3615

227 232 312 262 tyres;
335 234 422 261 eoque
443 233 539 263 agente
557 228 709 262 jussionem
730 236 902 261 sanctorum,
927 231 1017 258 omnis
1033 238 1055 264 Α

228 272 336 307 quidem
351 272 496 300 confestim
516 274 657 301 oculorum
683 275 783 302 humor
804 276 932 303 deorsum
950 275 1018 304 ﬂue-

229 318 286 349 bat;
313 318 421 346 mundae
443 322 533 346 autem
560 320 669 354 pupillae
695 328 727 348 ac
754 322 852 349 lucida;
883 323 972 353 faetze,
1003 330 1017 349 a

229 371 322 391 crassa
354 364 399 390 illa
421 365 536 392 materia
556 366 680 393 liberatae
709 368 898 399 remanebant,
925 373 952 395 et
973 369 1017 395 ln-

230 414 291 434 men
319 407 380 435 sine
403 408 598 443 impedimento
627 410 808 446 recipiebant,
837 417 864 438 et
889 411 1019 445 deinceps

229 453 416 487 operabantnr
438 456 597 488 operatione
615 464 695 491 quam
711 461 774 484 ante
798 458 951 492 passionem
970 458 1020 485 ha-

230 497 354 525 buerant.
375 498 407 525 Et
433 500 484 527 hoe
508 501 617 535 quidem
639 502 713 537 quod
736 502 837 529 factum
863 506 905 530 est
929 503 955 529 in
986 511 1019 530 eo

229 544 395 578 prodigium.
415 545 517 572 dictum
530 551 582 573 est.
606 547 666 573 Alia
684 554 750 574 vero
763 555 824 582 quae
837 555 852 574 a
871 548 973 575 sanctis
992 548 1018 575 in

230 589 289 623 ipso
312 589 479 617 charismata
501 596 577 626 gesta
600 597 675 624 sunt,
702 593 811 627 longum
831 593 955 627 profecto
978 598 1020 620 est

229 643 358 664 enarrare
374 644 424 671 per
438 637 556 672 singula,
577 645 640 665 cum
656 639 759 673 scripto
776 639 887 674 proprio
911 643 1018 674 egeant,

230 681 404 717 plurimoque
432 686 554 718 tempore
583 691 653 718 opus
681 684 809 717 habeant,
835 693 915 720 quant
948 693 1024 712 nune

229 726 269 753 eis
287 728 436 754 secundum
455 729 696 763 aiqniparationem
714 731 796 757 trilmi
813 730 918 758 debeat.

265 772 304 800 Ne
320 781 384 800 vero
406 774 487 809 hujus
513 775 550 802 rei
577 776 665 810 gratia
684 776 741 803 tunc
763 785 817 803 non
843 777 959 811 scripta,
976 777 1019 804 vel

231 818 292 845 sine
319 820 581 848 commemoratione
600 820 782 853 dimittamus,
808 826 835 849 et
861 822 913 848 hoc
940 822 1022 849 modo

230 863 385 892 audientem
399 864 497 892 laedere
508 866 661 898 videamur.
675 866 758 894 unius
775 867 816 894 vel
829 867 913 894 duum
929 874 1021 894 recor-

230 909 367 943 dabimur,
380 916 404 937 et
420 911 476 939 haec
490 912 644 940 recidentes
664 918 798 948 quantum
820 914 905 940 virtus
919 920 1020 947 snppe-
1036 908 1057 936 Β

663 176 692 205 S.
711 176 918 206 SOPHRONH
933 176 1185 207 PATRIARCHIE
1204 177 1395 207 HIEROSOL

1070 231 1195 261 τέκτονες
1214 231 1390 265 ἐπιτρέπουσι
1425 229 1579 265 μάρτυρες·
1611 229 1657 256 καὶ
1686 232 1876 266 πεπραχότας

1068 276 1151 302 αὑτοῦ
1166 276 1221 302 τῶν
1236 275 1322 309 ἁγίων
1341 275 1390 311 τὴν
1408 275 1544 307 κέλευσιν,
1558 275 1630 303 ἆπειν
1647 278 1696 312 μὲν
1712 278 1798 309 εὐθὺς
1813 279 1876 304 τῶν

1069 321 1217 356 ὀφθαλμῶν
1243 320 1273 347 τὸ
1287 320 1370 355 ὑγρὸν
1395 321 1580 355 κατεφέρετο*
1599 322 1720 356 καθαραὶ
1734 322 1761 348 δὲ
1782 323 1873 358 κόραι

1070 367 1118 393 καὶ
1133 367 1264 400 διαυγεῖς,
1281 367 1329 400 τῆς
1344 366 1460 400 παχείας
1483 366 1591 401 ἐκείνης
1607 367 1672 402 ὕλης
1692 367 1875 402 ἀπαλλαγεί-

1071 421 1114 438 σαι
1134 412 1274 446 διέμενον,
1293 413 1340 438 καὶ
1355 412 1413 446 φῶς
1433 412 1637 445 ἀνεμποδίστως
1659 413 1797 448 ἐδέχοντο,
1821 414 1876 440 καὶ

1070 459 1163 485 λοιπὸν
1175 460 1317 494 ἐνήργουν.
1327 459 1361 494 ἢν
1378 460 1430 495 πρὸ
1441 460 1487 486 τοῦ
1502 461 1602 493 πάθους
1616 461 1695 495 ἔσχον
1707 461 1875 495 ἐνέργειαν.

1070 505 1125 531 Καὶ
1139 505 1219 530 τοῦτο
1227 505 1276 538 μὲν
1290 505 1320 530 τὸ
1335 505 1460 540 ὲπάὺτῷ
1471 506 1582 540 γεγονὸς
1599 506 1694 542 ἐλέχθη
1708 506 1876 541 τεράστιον.

1071 549 1161 575 Τᾶλλα
1176 549 1204 575 δὲ
1212 550 1267 579 τοῖς
1275 549 1364 582 ἁγίοις
1376 551 1415 579 είς
1430 550 1512 576 αὑτὸν
1526 551 1682 585 πραχθέντα
1691 551 1875 586 χαρίσματα,

1073 595 1179 629 μακρὸν
1193 595 1226 621 ἂν
1242 595 1283 629 εἴη
1296 596 1357 621 καθ’
1374 595 1403 621 ἓν
1416 595 1611 631 διηγήσασθαι,
1623 597 1787 632 συγγραφῆς
1798 597 1876 627 ἰδίας

1070 640 1195 675 δεόμενα,
1231 640 1279 666 καὶ
1309 641 1405 677 χρόνου
1425 642 1549 674 πλείονος
1572 642 1719 678 χρῄζοντα,
1745 643 1796 669 τοῦ
1822 643 1876 669 νῦν

1071 684 1163 715 αὐτοῖς
1192 684 1416 720 προσνεμηθῆναι
1432 687 1493 712 κατ’
1521 687 1675 728 ἰσομοιρίαν
1697 688 1875 723 ὀφείλοντος.

1108 774 1167 801 Ἵνα
1184 774 1212 801 δὲ
1229 774 1266 810 μὴ
1281 774 1379 801 τούτου
1393 776 1474 811 χάριν
1490 776 1603 811 ἄγραφα
1616 777 1703 804 ταῦτα
1714 778 1763 804 καί
1782 779 1878 813 ἀμνη-

1074 820 1191 856 μόνευτα
1206 821 1423 856 καταλείψωμεν,
1443 822 1490 848 καὶ
1506 823 1611 854 ταύτας
1625 823 1747 858 δόξωμεν
1763 824 1878 850 ἀδικεῖν

1071 866 1118 893 τὸν
1137 867 1283 899 ἀκούοντα,
1308 868 1367 899 ἑνὸς
1390 868 1408 902 ἢ
1444 868 1571 904 δευτέρου
1596 869 1804 904 μνησθήσομαι,
1823 870 1877 896 καὶ

1071 912 1158 939 ταῦτα
1176 912 1331 948 συντέμνων
1350 912 1387 945 ὡς
1407 913 1521 949 δύναμις
1534 914 1600 950 (51).

230 959 310 985 ditat.
323 958 482 994 Suscipiunt
503 959 660 995 Georgium,
671 968 733 988 cum
746 968 814 995 puer
825 964 908 992 esset,
921 960 1126 988 clementissimi
1136 964 1281 995 martyres,
1293 964 1320 987 et
1332 962 1454 995 paternis
1461 969 1523 989 eum
1540 962 1685 996 diligentes
1700 962 1876 991 visceribus.

231 1005 369 1032 dimittere
385 1013 482 1033 rursus
498 1006 531 1032 ad
545 1007 705 1041 genitricem
730 1007 844 1034 minime
856 1007 1028 1041 jndicarunt,
1043 1005 1092 1033 sed
1112 1007 1172 1033 vice
1194 1006 1280 1039 patris
1296 1006 1399 1039 habita,
1419 1015 1482 1034 cum
1498 1011 1586 1035 matre
1599 1007 1703 1035 liberos
1722 1007 1876 1038 dividunt,

230 1056 256 1079 et
273 1052 339 1079 huic
355 1051 463 1080 filiabus
479 1053 620 1081 attributis
633 1061 694 1089 quae
716 1053 778 1081 duae
797 1058 877 1080 erant
893 1052 1090 1088 superadultze,
1109 1051 1258 1087 Georgium
1283 1051 1336 1086 ipsi
1358 1053 1525 1087 suscipiunt,
1542 1053 1710 1088 iuramentis
1725 1061 1773 1088 per
1791 1061 1875 1080 sozu—

231 1099 306 1125 nium
321 1099 445 1132 genitrici
464 1100 576 1127 credere
590 1100 748 1132 suadentes,
767 1100 801 1127 ab
821 1100 862 1127 eis
880 1100 939 1127 fore
960 1099 1126 1127 sanandum.
1150 1099 1221 1125 Ante
1241 1097 1387 1125 sanitatem
1404 1100 1506 1134 quippe
1520 1099 1593 1127 facta
1606 1100 1756 1132 sunthaec,
1778 1108 1874 1134 seque

231 1144 354 1171 facturos
378 1144 452 1179 quod
473 1149 561 1179 pater,
577 1145 659 1173 etiam
684 1146 708 1174 si
734 1150 875 1180 superstes
900 1149 985 1178 esset,
1009 1145 1105 1180 utique
1122 1151 1175 1170 non
1205 1143 1325 1171 fecisset.
1351 1144 1430 1177 Quod
1451 1151 1729 1178 consummaverunt,
1748 1150 1776 1173 et
1792 1147 1875 1181 quod

230 1189 324 1217 dixere
342 1185 477 1218 veraciter
493 1192 600 1226 operati
616 1197 690 1219 sunt.

265 1247 386 1283 Recepto
400 1249 473 1277 enim
488 1250 634 1285 peregrino
655 1251 737 1278 simul
757 1254 785 1277 et
800 1257 884 1281 caeco,
905 1249 1021 1284 pupillo,

230 1302 310 1329 vago,
332 1300 360 1322 et
377 1303 505 1330 paupere,
529 1296 623 1323 omnia
646 1295 812 1331 compendio
828 1301 1021 1329 'sanavernnt;

231 1342 328 1376 patrial.
347 1341 478 1370 videlicet
494 1342 687 1377 privationem,
709 1343 848 1378 proprium
873 1342 1021 1375 facientes;

231 1388 396 1420 caecitatem,
412 1388 507 1416 oculos
523 1388 726 1421 illuminantes;
750 1388 917 1423 orphanitati
931 1392 1023 1422 patres

231 1431 341 1466 ell'ecti;
355 1433 476 1460 erratico
495 1433 692 1461 habitationem
714 1434 885 1466 tribuentes;
906 1440 1022 1467 pauper-

233 1483 317 1505 tatem
334 1479 486 1506 secundum
507 1483 667 1514 utrumque,
684 1487 785 1514 corpus
801 1479 906 1506 scilicet
919 1482 946 1505 et
961 1478 1021 1504 ani-

233 1531 317 1556 mam,
334 1525 546 1558 lorupletantes,
567 1524 590 1551 si
610 1529 684 1551 certe
705 1529 731 1551 et
751 1525 903 1552 secnmlum
921 1530 1022 1558 corpus

233 1569 394 1604 locupletari
423 1570 605 1604 permisisset.
622 1569 700 1596 llunc
726 1570 799 1596 enim
815 1570 886 1596 sicut
900 1573 1020 1596 Veterem

233 1614 388 1642 Samuclem
406 1615 433 1641 in
453 1615 554 1649 templo
566 1621 617 1641 suo
631 1615 744 1647 alentes,
760 1616 892 1641 virtutum
910 1622 1022 1648 posses-

234 1668 325 1688 surem
350 1660 486 1692 fecerunt,
515 1664 542 1687 et
561 1660 588 1686 in
613 1660 716 1687 clerum
734 1660 866 1694 paulatim
891 1654 1057 1694 provexe-C

234 1709 310 1736 runt,
331 1705 379 1740 qui
404 1705 601 1733 convenienter
620 1706 647 1733 in
671 1706 787 1740 singulis
808 1705 935 1732 aetatibus
957 1712 1023 1731 con—

234 1753 360 1787 gruebat,
385 1759 492 1786 suaque
517 1751 629 1786 dignum
648 1752 854 1787 dispensatione
884 1751 1021 1784 fecerunt,

232 1805 296 1824 eum
323 1799 393 1825 hanc
415 1797 552 1825 moderari
578 1798 720 1826 valuisset.
739 1797 818 1825 llunc
842 1805 857 1824 a
876 1803 964 1824 morte.
981 1797 1024 1824 bis

234 1843 430 1876 liberaverunt,
444 1850 620 1879 augmentum
634 1844 741 1871 dierum
758 1847 784 1870 et
796 1843 858 1870 vitae
874 1842 1020 1870 donantes.

269 1890 426 1918 Pestilentia
449 1895 518 1922 erat.
543 1895 571 1918 et
592 1891 637 1925 qui
654 1895 720 1917 tunc
741 1889 919 1924 mgrotabant,
946 1889 1022 1924 prius

234 1943 316 1969 quam
341 1936 456 1970 languor
481 1930 653 1966 nosceretur,
671 1934 871 1961 moriebantur.
889 1933 1021 1968 Egrota-

233 1981 273 2007 vit
289 1981 370 2008 etiam
387 1981 531 2015 Georgius,
545 1984 572 2008 et
589 1979 704 2015 expletis
720 1978 845 2006 terminis
863 1978 935 2009 vitae,
952 1986 1023 2013 pra:-

234 2024 338 2054 scu‘tem
363 2027 430 2054 obiit
456 2027 553 2058 vitam,
574 2025 703 2060 videtque
728 2025 840 2058 angelos
854 2024 1022 2058 accipientes

233 2081 265 2100 se
281 2077 308 2099 et
322 2073 500 2106 deducentcs,
518 2075 545 2099 et
560 2071 662 2107 Cyrum
675 2071 716 2098 eis
728 2074 755 2098 et
770 2069 906 2097 Joannem
920 2073 1023 2104 marty-

234 2123 279 2143 res
293 2121 481 2148 occurrentes,
497 2119 524 2143 et
539 2115 635 2142 donari
651 2115 703 2143 sibi
724 2114 914 2150 presbyterum
936 2114 1022 2140 inter-

233 2161 375 2194 cedentes,
389 2161 462 2195 quod
480 2168 511 2187 se
533 2160 624 2188 facere
647 2167 701 2187 non
729 2166 811 2194 posse
829 2158 945 2184 virtutes
970 2157 1023 2184 illa

232 2208 374 2240 dicebant,
391 2208 490 2234 divinae
505 2206 643 2234 sanctioni
665 2197 742 2232 more
757 2205 838 2232 solito
853 2203 1021 2235 servientes;

232 2258 395 2288 exspectare
410 2256 500 2279 autem
520 2251 620 2278 factam
636 2251 669 2278 ad
691 2250 774 2278 Deum
793 2250 1021 2285 supplicationem

234 2307 342 2331 eorum,
358 2303 385 2325 et
405 2298 522 2325 alterum
544 2297 605 2332 ejus
625 2296 777 2332 praestolari
796 2292 962 2332 prteeeptum
982 2295 1022 2322 fe-

237 2345 345 2372 rebant.
361 2345 418 2371 Hae
438 2349 572 2380 martyres
595 2345 779 2379 responsione
794 2347 917 2378 accepta,
937 2345 1024 2369 verte-
1038 2332 1065 2363 D

236 2391 337 2418 bantur
359 2390 392 2416 ad
408 2397 514 2424 preces.
530 2389 563 2416 ad
585 2389 727 2421 Deumque
750 2389 866 2423 gciﬁhus
884 2386 960 2414 ﬂexis
976 2385 1023 2412 do-

237 2437 298 2462 nari
314 2435 365 2462 sibi
388 2436 520 2463 cultorem
545 2436 774 2471 deprecabantur.
800 2435 833 2461 Et
849 2434 901 2460 hoe
924 2433 1026 2459 facien-

237 2482 323 2513 t-bus.
340 2489 354 2508 e
369 2481 437 2509 caelo
462 2490 512 2509 vox
538 2481 676 2510 ferebatur
697 2483 839 2512 deorsum,
859 2478 1026 2513 martyribus

239 2527 428 2563 presbyterum
453 2527 514 2555 dari
538 2529 712 2563 praecipiens,
740 2532 767 2554 ct
786 2526 867 2554 annis
892 2526 920 2553 in
945 2533 1028 2553 carne

240 2574 332 2601 vivere
343 2573 437 2609 viginti
456 2574 602 2602 definiens.
619 2575 651 2601 Et
664 2575 705 2601 sic
717 2573 828 2608 quidem
847 2573 899 2600 iste
915 2572 1028 2599 mirabi-

241 2619 301 2646 liter
316 2626 428 2647 tnortem
449 2629 510 2656 quae
531 2625 598 2647 tunc
620 2621 735 2655 urgebat
752 2620 848 2652 evasit,
866 2619 927 2655 plus
945 2626 1027 2653 quant

240 2665 373 2693 Ezechias
392 2667 455 2693 vitae
483 2673 571 2694 annos
598 2666 720 2701 quinque
749 2666 916 2701 percipiens,
936 2664 1028 2692 studio

240 2715 392 2746 martyrum
418 2712 545 2747 donoque
571 2713 675 2740 divino.
699 2712 765 2740 Cum
779 2715 870 2739 autent
886 2710 1027 2738 viccnnale

1110 1248 1246 1280 Λαῦόντες
1261 1248 1314 1284 γὰρ
1331 1248 1406 1281 ξένον
1431 1247 1499 1283 ὁμοῦ
1516 1249 1564 1275 καὶ
1579 1247 1691 1282 τυφλὸν,
1709 1248 1829 1282 ὀρφανόν
1841 1257 1875 1275 τε

1074 1294 1122 1321 καὶ
1136 1294 1274 1329 πλανήτην
1290 1294 1338 1321 καὶ
1349 1293 1464 1329 πένητα,
1479 1293 1569 1320 πάντα
1581 1295 1721 1328 συντόμως
1743 1294 1873 1321 ίάσαντοο

1074 1340 1205 1376 πατρίδος
1231 1340 1360 1375 στέρησιν
1385 1340 1615 1375 οἰκειωσάμενοι·
1640 1340 1789 1374 τύφλωσιν,
1806 1341 1877 1372 τοὺς

1074 1386 1230 1420 ὀφθαλμοὺς
1246 1386 1471 1420 καταυγάσαντες
1482 1394 1488 1400 ·
1504 1386 1648 1421 ὀρφανείᾳ,
1659 1386 1777 1421 πατέρες
1790 1386 1878 1420 γενό-

1076 1441 1170 1468 μενοι·
1189 1432 1331 1468 ἀλλότριον
1359 1432 1552 1467 ᾠκειώσαντο·
1572 1432 1667 1458 πενίαν
1690 1432 1751 1458 κατ’
1773 1432 1877 1466 ἄμφω.

1073 1478 1164 1513 ψυχὴν
1172 1478 1245 1512 λέγω
1257 1478 1305 1504 καὶ
1321 1477 1410 1512 σῶμα,
1427 1477 1619 1509 πλουτοῦντες,
1639 1477 1719 1513 εἴπερ
1737 1478 1784 1503 καὶ
1798 1478 1879 1504 κατά

1075 1523 1155 1557 σῶμα
1171 1522 1298 1548 πλουτεῖν
1321 1522 1492 1557 κατεδέχετο.
1514 1522 1614 1549 Τοῦτον
1630 1525 1683 1558 γὰρ
1700 1523 1736 1554 ὡς
1753 1523 1800 1549 τὸν
1818 1532 1879 1550 πα-

1074 1567 1148 1594 λαιὸν
1163 1567 1292 1603 Σαμουὴλ
1303 1568 1373 1594 κατὰ
1388 1568 1434 1594 τὸν
1450 1567 1540 1594 αὐτῶν
1558 1568 1641 1601 σηκὸν
1658 1568 1876 1602 ἀνατρέφοντες,

1075 1614 1123 1640 καὶ
1147 1613 1250 1648 ἀρετῆς
1278 1613 1448 1647 πεποιήκασι
1478 1613 1610 1647 κτήτορα.
1639 1613 1686 1639 καὶ
1713 1614 1751 1644 εἰς
1768 1612 1879 1648 κλῆρον

1074 1658 1134 1685 κατ’
1165 1658 1254 1692 ὀλίγον
1281 1659 1453 1694 προήγαγον,
1478 1658 1523 1684 τὸν
1543 1657 1719 1693 καταλλήλως
1736 1656 1795 1689 ταῖς
1814 1660 1880 1693 ἠλι-

1077 1705 1151 1736 κίαις
1166 1704 1323 1740 ἁρμόζοντα
1336 1712 1343 1719 ·
1358 1705 1406 1731 καὶ
1424 1705 1474 1739 τῆς
1502 1704 1593 1731 αὐτῶν
1614 1705 1771 1738 οἰκονομίας
1788 1705 1882 1739 ἠξίω-

1077 1759 1138 1783 σαν,
1163 1750 1207 1776 ὅτε
1233 1749 1337 1785 ταύτην
1366 1750 1471 1776 διέπειν
1492 1749 1620 1784 ἠδύνατο.
1644 1749 1729 1776 Τοῦτο
1753 1750 1880 1776 θανάτου

1076 1797 1117 1828 δὶς
1138 1795 1339 1832 ἐλυτρώσαντο,
1359 1795 1519 1830 προσθήκην
1549 1794 1618 1822 ἐτῶν
1633 1796 1680 1821 καὶ
1699 1795 1772 1830 ζωῆς
1789 1804 1881 1829 χαρι-

1078 1841 1202 1876 σάμενοι.

1111 1887 1212 1922 Λοιμὸς
1223 1883 1268 1921 ἦν,
1285 1886 1333 1912 καὶ
1350 1887 1374 1913 οἱ
1393 1886 1454 1912 τότε
1468 1886 1611 1918 νοσοῦντες
1641 1886 1706 1921 πρὶν
1722 1886 1738 1918 ἢ
1754 1885 1879 1918 διαγνω-

1077 1932 1174 1967 σοῆνιιι
1193 1932 1242 1968 τὴν
1259 1932 1336 1958 νόσον
1352 1932 1535 1967 ἀπέθνησκον.
1562 1924 1690 1967 Ἐνόσησε
1716 1933 1761 1957 καὶ
1777 1931 1879 1966 Γεώρ-

1076 1986 1146 2012 γιος,
1183 1978 1231 2004 καὶ
1257 1978 1311 2004 τῶν
1342 1979 1414 2013 ὅρων
1429 1979 1478 2012 τῆς
1504 1978 1579 2013 ζωῆς
1594 1977 1804 2012 πληρωθέντων,
1822 1978 1879 2010 τῆς

1077 2024 1220 2059 παρούσης
1245 2023 1318 2059 ζωῆς
1347 2024 1553 2060 ὲκδεόήμηκεν·
1583 2024 1712 2054 καὶτοὺς
1738 2023 1879 2056 ἀγγέλους

1076 2071 1130 2106 ὁρᾷ
1143 2070 1275 2102 λαϐόντας
1290 2071 1370 2097 αὐτὸν
1397 2071 1444 2098 καὶ
1460 2071 1629 2105 ἀπάγοντας,
1645 2071 1694 2097 καὶ
1713 2068 1805 2104 Κῦρον
1822 2070 1861 2095 αὐ
1872 2084 1881 2089 -

1076 2118 1132 2148 τοῖς
1149 2118 1197 2143 καὶ
1223 2116 1350 2151 Ἰωάννην
1364 2117 1555 2149 συναντῶντας
1570 2118 1636 2148 τοὺς
1653 2117 1806 2152 μάρτυρας,
1822 2117 1879 2142 καὶ

1076 2160 1238 2196 χαρίζεσθαι
1261 2161 1354 2192 αὐτοῖς
1382 2161 1539 2197 πρεσϐύτην
1566 2161 1780 2198 πρεσϐεύοντας,
1801 2161 1878 2196 ὅπερ

1077 2208 1164 2234 ποιεῖν
1191 2206 1285 2241 ἔλεγον
1314 2207 1343 2233 at
1373 2207 1503 2242 δυνάμεις
1532 2208 1569 2243 μὴ
1600 2207 1744 2238 δύνασθαι.
1764 2207 1827 2242 θείῳ
1846 2208 1878 2235 δὲ

1077 2253 1245 2288 Θεσπίσματι
1260 2254 1332 2280 κατὰ
1345 2254 1447 2288 τρόπον
1462 2254 1638 2281 δουλεύουσαι
1649 2263 1655 2269 ·
1681 2254 1772 2290 μένειν
1786 2254 1808 2279 δ’
1821 2255 1875 2280 αὺ-

1076 2298 1131 2324 τῶν
1149 2299 1200 2333 τὴν
1215 2299 1282 2334 πρὸς
1298 2299 1365 2326 Θεὸν
1379 2301 1500 2326 ἱκετείαν
1516 2300 1701 2335 ἀπήγγελλον,
1718 2299 1765 2326 καὶ
1782 2299 1879 2326 δευτέ-

1078 2354 1128 2379 ραν
1145 2345 1227 2371 αὐτοῦ
1240 2345 1437 2380 προσδέχεσθαι
1459 2345 1594 2373 κέλευσιν.
1611 2346 1722 2380 Ταύτην
1746 2345 1878 2378 λαϐόντες
1895 2344 1897 2359 l

1079 2391 1103 2417 οί
1119 2390 1258 2425 μάρτυρες
1266 2391 1316 2424 τὴν
1325 2391 1484 2426 ἀπόκρισιν.
1496 2392 1563 2426 πρὸς
1577 2391 1697 2418 ἱκετείαν
1712 2390 1873 2425 ἐτρέποντο,

1080 2437 1127 2462 καὶ
1141 2436 1210 2471 πρὸς
1221 2436 1287 2462 Θεὸν
1303 2437 1337 2462 τὰ
1366 2437 1468 2471 γόνατα
1480 2437 1632 2468 κλίναντες,
1651 2436 1808 2471 δωρηοῆναι
1824 2437 1878 2462 αὖ-

1081 2483 1137 2514 τοῖς
1162 2482 1208 2509 τὸν
1222 2481 1327 2517 λάτρην
1344 2481 1467 2508 ἐδέοντο·
1486 2483 1533 2508 καὶ
1550 2482 1630 2508 τοῦτο
1655 2481 1810 2510 ποιούντων.
1824 2483 1877 2508 ἀπ’

1081 2527 1198 2562 οὐρανοῦ
1225 2527 1303 2561 φωνὴ
1328 2528 1505 2562 κατεφέρετο,
1539 2527 1639 2554 διδόναι
1666 2526 1876 2560 προστάττουσιν.

1081 2573 1138 2603 τοῖς
1155 2572 1272 2607 μάρτυσι
1288 2572 1335 2597 τὸν
1361 2572 1562 2606 πρεσϐύτερον,
1584 2571 1631 2597 καὶ
1656 2571 1771 2606 χρόνους
1785 2569 1873 2597 εἴκοσι

1082 2619 1111 2644 ἐν
1124 2619 1207 2653 σαρκὶ
1222 2617 1388 2653 διορίζουσα.
1405 2618 1460 2644 Καὶ
1474 2618 1545 2644 οὓτω
1557 2617 1605 2652 μὲν
1612 2614 1711 2648 οὗτοςὸ
1723 2616 1875 2651 Θαυμάσιο,

1081 2663 1128 2690 τὸν
1144 2664 1205 2690 τότε
1222 2664 1333 2698 διέφυγε
1345 2664 1470 2696 Θάνατον,
1489 2664 1611 2696 Ἐζεκίου
1629 2663 1711 2690 πλέον
1727 2663 1774 2696 ἐτη
1791 2662 1875 2690 πέντε

1081 2709 1155 2744 ζωῆς
1174 2710 1370 2745 κομισάμενος,
1404 2709 1550 2746 μαρτύρων
1565 2709 1673 2745 σπουδῇ
1684 2709 1731 2735 καὶ
1743 2707 1806 2742 θείῳ
1818 2707 1874 2736 δω-

994 2796 1113 2824 NOTAE.

280 2881 326 2918 (5)
350 2881 456 2910 Abhinc
475 2882 664 2909 desiderantur
681 2885 736 2909 trcs
750 2880 885 2916 pcricopa:
904 2879 932 2906 in
948 2878 1042 2906 Graeco
1062 2882 1148 2911 textu,
1169 2885 1238 2913 quas
1254 2876 1368 2907 Latinus
1388 2878 1570 2906 conservavit.
