1908 3078
97 121 170 152 3625

604 117 656 147 SS.
675 117 760 147 CYRl
781 116 829 146 ET
847 115 1007 146 JOANNIS
1027 115 1235 146 MIRACULA.

1664 118 1732 150 3626

97 179 130 216 ἦν
142 181 156 207 ὁ
174 178 323 211 Ἰσίδωρος,
342 175 494 212 ἀπρόσιτος
504 174 610 211 ὑπῆρξε
622 176 679 206 τοῖς
692 174 829 209 δαίμοσιν,
846 173 886 200 κα¹

955 181 1023 206 tore,
1037 181 1182 208 quousque
1196 173 1223 201 in
1239 173 1290 201 hac
1314 173 1366 200 fuit
1383 173 1435 201 vita
1456 173 1590 208 Isidorus,
1609 175 1730 203 iliilcrcs-

99 227 197 261 πεῖραν
212 224 304 252 αὐτῶν
324 222 372 249 τοῦ
386 222 481 249 λοιποῦ
497 222 626 256 τοιαύτην
641 222 691 247 οὐκ
709 219 816 253 ἔλασεν,
833 220 892 246 οἵαν

98 272 151 307 πρὸ
175 270 226 305 τῆς
251 269 415 304 καταφυγῆς
430 268 480 303 τῆς
496 268 537 298 είς
553 268 616 299 τοὺς
632 266 776 302 μάρτυρας
801 266 892 301 Κῦρον

99 317 144 344 καὶ
162 315 289 349 Ἰωάννην
305 313 471 349 ἐλάμϐανεν·
484 311 562 348 οἶμαι
579 313 608 340 δὲ
624 313 673 340 καὶ
686 312 771 347 αὐτὴν
786 311 893 347 ὠφελη-

99 362 189 387 θεῖπαν
204 360 243 394 τῷ
258 359 392 394 θαύματι,
406 359 486 394 εἴπερ
502 359 546 385 ἐπ’
563 358 694 393 ἀληθείας
709 357 850 393 ὲδέὸλητο,
869 358 893 384 εί

99 408 136 442 μὴ
150 406 254 441 σφόδρα
268 404 405 439 δυσσεϐὴς
420 413 461 436 τις
474 402 508 440 ἦν
523 405 570 431 καὶ
582 404 706 439 ἀνόητος·
716 404 797 439 ἡμεῖς
808 403 836 430 δὲ
846 403 894 430 καὶ

100 451 220 478 ἐνταῦθα
236 450 302 477 Θεὸν
318 450 536 484 ἀνυμνήσαντες,
553 449 601 475 καὶ
619 448 760 484 μάρτυρας
774 447 837 478 τοὺς
849 448 895 483 ὲρι

73 502 77 507 ’
99 498 186 531 γάτας
204 497 252 523 τοῦ
269 496 418 531 θαύματος,
436 495 479 529 ἐφ’
494 494 588 529 ἕτερον
603 494 696 529 θαῦμα
707 493 758 530 τὴν
769 493 895 528 γλῶτταν

98 542 276 577 ὸπλίσωμεν,
305 541 408 576 ταύτης
433 540 559 576 ἀρωγοὺς
580 540 643 572 τοὺς
668 539 723 566 τῶν
748 530 895 573 θαυμάτων

97 588 219 623 ἐργάτας
241 587 410 621 ποιούμενοι.

97 642 161 670 NE’.
173 642 242 677 Περὶ
252 641 404 676 Θεοδώρου
418 641 470 668 τοῦ
481 641 615 677 Κυπρίου
624 640 679 677 τοῦ
695 641 753 668 ἀπο
768 641 895 676 μαγείας

305 675 464 712 γεγονότος
483 675 682 710 λορδόποδος.

132 724 262 759 Φοινίκης
277 723 361 757 ἐγγὺς
378 724 395 758 ἡ
415 722 527 757 Κύπρος
540 722 729 756 καθέστηκεν,
748 722 851 758 μεταξὺ
867 722 897 748 τὸ

101 771 268 806 παρθενικὺν
284 770 383 805 ἔχουσα
397 769 526 804 πέλαγος,
536 769 606 804 ὅπερ
616 768 655 804 τῷ
666 768 706 795 νοῒ
717 768 897 796 διαπλεύσαν-

97 825 153 849 τες,
164 817 197 843 ὲκ
210 815 336 851 Φοινίκης
351 816 384 850 τῇ
398 816 473 851 νήσῳ
489 815 709 859 ξτροσϐἁλλομεν,
726 815 772 841 καὶ
784 814 829 842 τὸν
840 815 897 841 Λα-

943 219 1031 246 sibilis
1049 224 1108 246 erat
1118 219 1302 251 daemonibus,
1311 224 1339 246 et
1349 220 1567 255 experimentum
1576 228 1670 247 eorum
1680 224 1734 249 tale

944 265 978 292 de
1001 268 1100 292 αξιοι-ο
1127 273 1183 293 non
1210 265 1324 301 accepit,
1352 266 1434 301 quale
1459 270 1523 294 ante
1548 266 1682 302 refugium
1701 268 1735 294 ad

944 311 1044 348 Cyrum
1066 315 1094 338 et
1120 310 1253 339 Joannem
1276 315 1412 347 martyras
1435 311 1588 347 accipiebat
1621 313 1734 340 factum.

945 356 1050 392 Opinor
1064 361 1154 385 autem
1172 361 1199 385 et
1215 358 1301 393 ipsam
1319 357 1371 385 hoc
1384 356 1519 384 miraculo
1532 357 1695 392 profecisse,
1711 358 1736 386 si

945 403 1080 430 duntaxat
1096 402 1229 430 veraciter
1244 406 1304 430 erat
1326 403 1399 435 laesa,
1422 403 1465 430 vel
1485 403 1507 430 si
1533 410 1587 430 non
1611 403 1737 439 qumdain

945 449 1023 477 valde
1039 449 1179 477 insensata
1192 454 1219 476 et
1231 449 1315 484 impia
1336 449 1451 477 exstitit.
1467 449 1552 476 Porro
1574 457 1624 477 nos
1646 454 1673 477 et
1692 450 1737 477 hic

946 495 1013 529 Deo,
1028 499 1055 523 et
1067 495 1193 523 miraculi
1211 495 1403 531 operatoribus
1412 495 1522 526 hymnis
1533 495 1736 528 benedicentes,

947 541 982 569 ad
996 541 1071 569 aliud
1084 542 1246 568 miraculum
1269 541 1391 577 linguam
1409 549 1560 572 armemus,
1577 541 1661 576 hujus
1690 541 1739 568 ad-

945 587 1051 623 jutores
1063 588 1260 615 miraculorum
1280 588 1423 623 operarios
1441 588 1586 614 facientes.

983 643 1038 671 LV.
1053 644 1089 671 De
1103 644 1239 672 Theodoro
1254 644 1352 680 Cyprio
1370 644 1415 679 qui
1431 653 1447 670 a
1463 645 1549 680 magia
1562 644 1650 679 factus
1665 651 1702 671 est

1298 680 1401 706 ίοιάιιδ.

984 723 1115 751 Phoenice
1137 725 1261 760 proxima
1282 725 1388 760 Cyprus
1416 728 1517 757 exstat,
1545 725 1739 760 interpositqu

949 769 1054 797 habens
1066 771 1257 804 parthenicuui
1268 770 1391 805 pelagus,
1406 769 1478 805 quod
1501 770 1594 798 animo
1608 771 1740 806 navigan-

950 819 1002 849 tes,
1022 823 1035 842 a
1063 815 1192 846 thnice
1212 816 1240 843 in
1266 816 1384 843 insulam
1412 816 1550 848 venimus,
1564 821 1591 843 et
1611 815 1740 851 Lapitliio

99 863 189 889 πῖθιον
205 862 357 897 εὑρηκότες
372 862 521 897 Θεόδωρον,
535 861 582 888 καὶ
597 861 630 888 τὰ
648 861 708 888 κατ’
722 861 803 888 αὑτὸν
819 860 885 896 ἀκρι

955 860 1063 888 invento
1076 860 1232 893 Theodoro,
1245 864 1272 888 et
1285 861 1328 888 his
1343 868 1402 896 quae
1415 861 1488 888 illius
1504 865 1569 888 sunt
1587 861 1741 888 districtius

98 911 154 941 θῶς
175 909 386 945 ἐρευνήσαντες,
407 908 476 940 πρὸς
499 907 638 943 εὐφημίαν
655 906 709 934 τῶν
728 906 897 941 δεδρακότων

99 955 318 992 συγγράψωμενο
347 955 450 990 Ἰατρὸς
470 954 578 990 ὑπῆρχε
604 954 760 991 Θεόδωρος,
776 954 823 980 καλ⁸
847 953 897 989 τὴν

97 1003 195 1038 τέχνην
216 1001 372 1036 εὐδόκιμος,
389 1001 437 1027 καὶ
460 1000 502 1028 διὰ
525 1000 604 1027 τοῦτο
620 999 795 1036 περίφημοςο
821 996 897 1030 οὗτος

98 1049 153 1075 ἀπὸ
171 1049 290 1083 μαγείας
318 1047 448 1081 ἀκίνητος
477 1046 622 1080 γίγνεται,
647 1047 694 1072 καὶ
720 1044 767 1072 τοῦ
794 1045 897 1076 πάθους

98 1094 234 1129 ἀγνοήσας
249 1093 279 1119 τὸ
297 1093 397 1124 αἴτιον,
415 1092 513 1119 ἑαυτὸν
537 1091 702 1126 θεραπεύειν
718 1090 896 1123 ἐσπούδαζεν,

46 1166 48 1170 ,
99 1140 192 1166 ἐκεῖνα
209 1138 306 1170 ποιῶν,
323 1138 397 1173 ἆπερ
413 1137 495 1164 αὑτὸν
516 1137 652 1172 ἰατρεύειν
666 1136 804 1171 ἐνόμιζεν,
819 1136 866 1162 καὶ
880 1135 898 1162 ἃ

100 1184 235 1215 παθόντας
250 1184 371 1219 ἑτέρους,
397 1183 427 1209 οὐ
453 1183 582 1217 μαγείαν,
608 1181 666 1209 ἀλλ’
684 1182 784 1219 ἀργίαν
797 1181 896 1216 μελῶν,

100 1230 289 1266 προσενέγκας
317 1228 479 1264 ὠφέλησεν·
514 1228 572 1254 ἀλλ’
593 1228 631 1259 ὡς
665 1227 754 1254 πάντα
781 1227 898 1261 ποιήσας

100 1274 190 1309 ἑαυτῷ
203 1275 254 1309 τῆς
271 1274 350 1301 νόσου
363 1273 414 1309 τὴν
428 1273 517 1308 φυγὴν
533 1273 584 1299 οὐκ
599 1273 778 1309 ἐϐράϐευσεν,
792 1273 843 1307 τῆς
856 1273 900 1299 τέ-

99 1329 167 1356 χνης
189 1319 321 1354 ἐγνωκὼς
346 1320 397 1355 τὴν
420 1319 576 1352 ἀσθένειαν,
593 1318 686 1355 Κύρου
705 1317 830 1354 πρόσφυξ
852 1318 900 1344 καὶ

106 1356 231 1392 Ἰωάννου
247 1363 420 1398 καθίσταται,
437 1364 491 1391 τῶν
513 1363 684 1398 φυγαδεῦσαι
697 1363 856 1399 δυναμένων
868 1364 899 1390 τὺ

100 1411 208 1446 νόσημα
222 1430 229 1442 ,
251 1410 298 1437 καὶ
319 1403 488 1446 χαρίσασθαι
509 1410 548 1446 τῷ
568 1410 690 1438 νοσοῦντι
709 1410 760 1446 τὴν
779 1410 863 1437 ἴασιν.

135 1455 262 1482 Ἐλθόντι
276 1454 332 1490 γὰρ
348 1454 421 1490 αὐτῷ
438 1453 500 1481 καθ’
518 1454 602 1481 ὕπνον
624 1455 648 1481 οι
671 1454 810 1491 μάρτυρες
835 1453 899 1489 φαί-

100 1509 212 1534 νονται,
230 1502 279 1527 καὶ
302 1501 435 1535 φανέντες
458 1500 490 1527 τὸ
515 1500 601 1532 πάθος
624 1500 705 1533 εὐθὺς
731 1500 900 1535 φυγαδεύου-

104 1556 157 1576 σιν.
183 1547 263 1584 [(52ὶ
292 1548 355 1580 Ὑὸς
379 1546 519 1582 πνεύμονα
536 1547 629 1574 λαὸεἰν
655 1547 797 1575 κελεύουσι
810 1547 830 1585 ,]
849 1547 897 1575 καὶ¹
910 1538 933 1570 c

103 1594 204 1630 φρύξαι
228 1593 314 1628 πυρὸς
342 1593 438 1620 τοῦτον
467 1594 496 1620 ὲν
524 1592 664 1629 ἄνθραξιν,
684 1594 731 1620 καὶ
758 1594 899 1629 φρυγέντα

104 1641 153 1668 σὺν
167 1640 233 1675 οῐνῳ
259 1640 355 1666 λεᾶναι
386 1639 434 1666 καὶ
461 1637 566 1674 χρῖσαι.
598 1638 708 1675 Ἐπειδὴ
723 1639 752 1666 δὲ
779 1639 830 1674 τήν
849 1640 899 1675 χά-

104 1696 147 1724 ριν
168 1686 224 1713 ἔδει
248 1687 286 1722 μὴ
303 1686 387 1721 ἀτελῆ
410 1685 474 1717 τοὺς
497 1685 592 1720 ἁγίους
613 1685 807 1721 δωρήσασθαι,
834 1685 900 1713 Θεό-

102 1732 189 1768 δωρον
216 1732 267 1768 μὲν
292 1733 351 1764 τοῖς
378 1731 538 1767 εἰρημένοις
565 1731 677 1760 ίάσαντο
707 1731 899 1768 βοηθήμασιν·

103 1777 289 1813 γνωρίσαντες
299 1776 327 1803 δὲ
343 1775 390 1803 τὸν
408 1775 597 1811 μαγεύσαντα,
611 1775 659 1802 καὶ
669 1775 704 1802 τὰ
720 1775 771 1811 τῆς
783 1775 901 1811 μαγείας

104 1822 329 1859 θεραπεύσαντες
352 1822 460 1858 ὖργανα
475 1842 483 1854 ,
505 1822 551 1848 τὸν
575 1821 724 1857 δεδρακότα
747 1821 808 1849 κατ’
821 1820 901 1853 ἀξίαν

103 1869 285 1905 ἀμείϐονται·
312 1869 358 1895 ὅτε
388 1868 443 1903 γὰρ
466 1868 630 1895 ὲνσκευάσαι
654 1867 786 1903 Θεοδώρῳ
813 1875 900 1903 προσ-

104 1915 218 1942 έταττον
235 1915 266 1941 τὸ
279 1914 420 1950 βοήθημα.
436 1915 483 1942 καὶ
497 1914 585 1949 τούτῳ
599 1913 779 1949 συνεμίγνυον
796 1913 835 1949 τῷ
855 1922 902 1940 κε-

104 1959 248 1995 λεύσματι,
266 1959 452 1991 Ἀπόστειλον,
467 1959 602 1993 λέγοντες,
614 1959 675 1986 τινὰ
684 1959 738 1986 τῶν
752 1967 793 1985 σοι
809 1958 902 1986 διακο-

105 2005 245 2040 νουμένων
259 2005 300 2036 εἰς
322 2003 454 2037 Λάπιθον,
468 2003 515 2031 καὶ
528 2004 582 2039 πρὸ
594 2003 642 2030 τοῦ
657 2003 785 2035 κοιτῶνος
794 2002 841 2030 τοῦ
854 2002 901 2030 σοῦ

105 2050 179 2085 παρὰ
192 2049 224 2076 τὸ
239 2049 378 2085 πρόθυρον
394 2049 498 2084 σκάψαι
515 2048 642 2081 διάταξον
657 2057 663 2063 ·
682 2050 772 2076 ἐκεῖσε
787 2049 842 2084 γὰρ
857 2049 902 2075 εύ-

104 2097 186 2132 ρήσει
199 2095 231 2122 τὸ
247 2095 295 2122 τοῦ
310 2095 473 2131 δεδρακότος
491 2095 686 2131 κακούργημα,
704 2094 756 2122 ὑπὸ
778 2094 809 2121 τὸ
834 2095 901 2129 πρό-

103 2140 187 2177 θυρον
210 2140 321 2175 ἀφανῶς
344 2139 566 2176 καλυπτόμενον·
590 2140 604 2167 ὃ
626 2140 675 2167 καὶ
688 2140 901 2176 φανερούμενον,

105 2188 186 2219 neos;
210 2188 318 2223 ἀναιρεῖ
332 2187 378 2214 τὸν
393 2188 557 2223 ποιήσαντα.
581 2186 696 2222 Πέμψας
716 2186 746 2214 δὲ
760 2186 900 2236 ρεδδωρος
917 2209 939 2236 D

103 2232 141 2265 ὡς
156 2232 319 2259 κεκέλευστο
339 2232 409 2259 κατὰ
424 2232 470 2259 τὸν
489 2232 620 2267 λεχθέντα
635 2232 728 2264 τόπον,
744 2231 775 2258 τὺ
786 2231 836 2266 τῆς
851 2232 901 2267 ἀρ-

105 2278 226 2313 ρωστίας
251 2278 379 2314 εὕρισκεν
401 2278 488 2306 αἴτιον
499 2285 506 2292 ⁸
529 2277 668 2305 καὶτοῦτο
683 2277 776 2312 φανὲν,
793 2278 901 2314 ἀφανὴς

104 2325 207 2357 εὐθέως
225 2325 239 2351 ὁ
253 2325 448 2359 κακουργήσας
466 2323 575 2358 ἐγένετο
585 2343 593 2356 ,
610 2323 726 2350 θανάτου
740 2322 835 2350 τοῦτον
849 2331 902 2349 πα-

105 2371 239 2406 ραχρῆμα
256 2370 433 2405 συλήσαντος,
452 2369 499 2396 καὶ
518 2368 666 2405 μαρτύρων
682 2369 752 2404 ῥοπῇ
767 2368 812 2395 τὸν
834 2368 901 2394 Θεό-

102 2417 191 2452 δωρον
215 2415 421 2451 ἐκδικήσαντος.
446 2415 573 2450 Ἐὃραῖος
597 2415 620 2441 δ’
637 2412 682 2451 ἦν,
700 2415 748 2442 καὶ
771 2415 899 2450 τοιαύτης

104 2460 270 2496 ὗπολήψεως
285 2461 335 2487 οὐκ
353 2460 495 2496 ἐλεύθερος
505 2469 512 2476 ·
525 2461 565 2488 διὸ
586 2461 633 2488 καὶ
652 2460 707 2486 τῶν
723 2460 796 2487 ἰδίων
811 2460 900 2495 ἔργων

102 2507 168 2538 τοὺς
181 2507 281 2537 πόνους
294 2505 436 2540 septem,
453 2506 610 2541 κατάλληλα
622 2505 714 2532 λαϐὼν
728 2507 761 2540 τῇ
775 2505 901 2542 γεωργία

103 2552 138 2578 τὰ
152 2552 299 2587 δράγματα
309 2560 316 2566 ”
335 2552 414 2588 ἡμεῖς
429 2551 457 2579 δὲ
467 2551 522 2578 τῶν
538 2552 622 2586 ἀγίων
634 2551 664 2578 τὸ
685 2551 777 2582 σθένος
796 2551 901 2586 θαυμά-

104 2606 213 2630 σαντες,
233 2597 280 2623 καὶ
295 2596 332 2629 ὡς
345 2595 396 2624 οἶοί
410 2598 440 2624 τέ
457 2599 539 2633 ἐσμεν
558 2598 658 2629 αὐτοὺς
685 2597 900 2632 ἀνυμνήσαντες,

105 2643 189 2679 ἔτερα
206 2642 298 2670 αὐτῶν
315 2643 364 2670 οὐκ
382 2644 522 2676 ἐλάττονος
540 2645 628 2679 ὁρμῆς
649 2643 850 2678 καὶδυνάμεως
863 2644 903 2679 τῷ

105 2689 254 2724 γράμματι
273 2688 484 2723 διαγγείλωμεν.

950 906 1146 941 perscrutatis,
1176 907 1234 934 hmc
1262 906 1295 933 ad
1320 907 1428 934 laudem
1453 913 1550 933 eorum
1569 906 1615 942 qui
1636 907 1742 942 operati

949 957 1016 980 sunt
1035 952 1256 980 conscribamus.
1276 952 1399 980 Medicus
1413 957 1472 980 erat
1494 951 1669 986 Theodorus,
1698 960 1742 980 ar-

949 1003 1031 1035 teque
1047 1000 1115 1027 bene
1130 999 1274 1034 probatus,
1291 1005 1318 1026 et
1342 999 1445 1026 idcirco
1468 998 1569 1034 ubique
1606 998 1741 1026 famosus.

950 1044 999 1073 Hic
1021 1053 1035 1072 a
1049 1046 1138 1081 magia
1172 1045 1322 1072 immobilis
1345 1044 1384 1077 fit,
1416 1052 1584 1080 causamque
1602 1045 1741 1080 passionis

950 1089 1093 1124 ignorans,
1107 1090 1286 1125 semetipsqu
1304 1097 1403 1117 curare
1417 1089 1555 1122 studebat,
1572 1089 1618 1116 illa
1638 1089 1742 1117 faciens

950 1142 1010 1170 qum
1025 1144 1055 1163 se
1072 1135 1129 1162 fore
1157 1139 1289 1162 sanatura
1302 1135 1440 1170 sperabat,
1469 1138 1495 1161 et
1521 1142 1581 1170 qua:
1606 1135 1668 1162 aliis
1688 1143 1741 1163 nou

950 1181 1081 1216 magiam,
1105 1183 1152 1208 sed
1177 1181 1345 1208 otiositatcm
1367 1180 1552 1208 membrorum
1576 1180 1742 1215 patientibus

951 1234 1023 1262 saepe
1063 1226 1181 1255 aiferens
1204 1226 1319 1262 profuit.
1344 1225 1396 1254 Sed
1424 1234 1485 1253 cum
1517 1226 1610 1254 onmia
1633 1226 1743 1256 fecisset

952 1273 1031 1310 [quin
1048 1281 1063 1301 a
1075 1281 1104 1301 se
1124 1273 1249 1301 morbum
1267 1273 1430 1309 depelleret,
1450 1273 1519 1301 artis
1533 1273 1654 1310 cognita]
1668 1274 1744 1301 infir-

951 1319 1047 1347 mitate
1069 1318 1134 1355 Cyri
1152 1319 1321 1355 Joannisque
1344 1319 1477 1354 profugus
1491 1320 1680 1352 constituitur,
1695 1328 1743 1346 va-

951 1363 1067 1391 lentium
1088 1368 1115 1391 et
1134 1364 1293 1399 languorem
1314 1363 1418 1399 fugare,
1437 1363 1618 1400 et'languenti
1637 1365 1742 1393 sanita-

951 1412 1005 1438 tem
1021 1409 1136 1437 donare.

987 1454 1083 1490 itaque
1097 1455 1216 1483 venienti
1235 1455 1261 1483 ei
1278 1460 1413 1492 martyres
1428 1456 1455 1484 in
1479 1456 1540 1484 visu
1563 1456 1701 1488 videntur,
1717 1461 1745 1484 ct.

953 1501 1003 1529 visi
1015 1501 1172 1537 passionem
1188 1502 1322 1529 continuo
1347 1501 1444 1536 fugant
1479 1503 1532 1530 hoc
1563 1502 1745 1530 medicamine

950 1547 1004 1575 usi.
1029 1546 1110 1575 Porci
1141 1555 1323 1583 pneumonem
1356 1555 1476 1582 sumere,
1498 1552 1526 1577 et
1543 1552 1648 1577 torrere
1669 1548 1744 1576 hunc

949 1593 1022 1629 ignis
1036 1592 1064 1620 iu
1081 1593 1179 1628 prunis
1198 1597 1225 1620 et
1246 1594 1350 1621 torrido
1366 1601 1428 1622 cutn
1442 1593 1506 1622 vino
1519 1594 1601 1622 linire
1615 1602 1649 1622 ae
1664 1596 1745 1622 iuun.

949 1646 1014 1674 gere
1033 1639 1156 1666 membra
1179 1647 1239 1674 quae
1268 1639 1452 1674 patiebantur,
1478 1640 1651 1676 praecipiunt.
1673 1641 1742 1674 Quia

950 1692 1016 1713 vero
1031 1685 1147 1721 gratiam
1164 1686 1310 1720 oportebat
1337 1693 1392 1713 non
1418 1685 1605 1722 imperfectam
1630 1691 1743 1715 sanctos

949 1731 1065 1764 donare,
1080 1730 1256 1760 Theodorum
1271 1731 1382 1767 quidem
1411 1732 1550 1767 praedictis
1576 1738 1745 1761 sanaveruut

952 1777 1075 1810 auxiliis,
1088 1784 1121 1804 eo
1136 1784 1200 1806 rero
1211 1777 1258 1812 qui
1274 1777 1380 1813 magias
1394 1777 1520 1805 exercuit
1550 1778 1655 1813 agnito.
1684 1786 1743 1805 ma-

951 1822 1059 1858 giaeque
1077 1823 1190 1858 organis
1206 1823 1364 1851 manifestis
1384 1823 1504 1856 effectis,
1515 1822 1623 1858 dignam
1638 1825 1744 1852 auctori

953 1868 1175 1896 vicissitudinem
1193 1868 1331 1896 tribuunt.
1357 1869 1474 1902 Quando
1502 1869 1575 1897 enim
1601 1868 1745 1898 Theodoro

952 1913 1090 1942 coniicere
1119 1914 1320 1942 adminiculum
1351 1921 1552 1950 praeceperunt,
1583 1916 1663 1943 etiam
1694 1917 1746 1945 hoc

950 1960 1068 1995 jussioni
1096 1960 1262 1994 miscebant,
1284 1960 1370 1994 Mitte,
1381 1961 1504 1990 dicentes
1518 1969 1683 1998 quemquam
1695 1963 1747 1990 mi-

954 2006 1132 2035 nistrantium
1149 2007 1195 2034 tibi
1211 2006 1244 2034 ad
1262 2006 1410 2042 Lapithon,
1423 2012 1451 2035 et
1478 2012 1542 2036 ante
1558 2009 1648 2036 cubile
1666 2013 1744 2036 tuum

953 2060 1009 2087 prie
1022 2052 1128 2080 furibus
1158 2051 1251 2080 fodere
1274 2054 1398 2088 dispone.
1429 2052 1486 2080 illic
1501 2053 1574 2081 enim
1592 2053 1747 2083 insidiantis

953 2098 1080 2126 invenies
1124 2097 1290 2125 maleficium
1318 2097 1370 2126 sub
1397 2098 1536 2127 vestibulo
1569 2099 1747 2126 invisibiliter

953 2147 1131 2177 coopertum;
1146 2142 1220 2178 quod
1233 2143 1439 2171 manifestatum
1459 2151 1532 2177 mox,
1549 2152 1610 2171 eum
1628 2143 1675 2180 qui
1706 2145 1747 2172 fe-

953 2189 992 2216 cit
1006 2189 1156 2217 interimet.
1192 2188 1305 2217 Mittens
1319 2194 1410 2217 autem
1425 2189 1586 2218 Theodorus
1599 2190 1672 2218 sicut
1682 2190 1746 2225 jus-

955 2242 1003 2263 sus
1021 2239 1064 2262 est
1081 2234 1183 2270 adjam
1201 2235 1305 2263 dictum
1324 2236 1425 2267 locum.
1452 2236 1620 2264 infirmitatis
1644 2237 1747 2273 reperit

954 2287 1078 2308 causam.
1104 2280 1137 2308 Et.
1153 2280 1205 2308 hac
1217 2286 1378 2316 apparente,
1404 2282 1450 2317 qui
1469 2282 1538 2310 male
1565 2281 1591 2309 id
1615 2288 1746 2318 operatus

954 2328 1007 2358 est,
1019 2324 1113 2364 statim
1125 2325 1273 2361 disparuit,
1288 2333 1375 2355 morte
1393 2328 1466 2368 hunc
1481 2329 1607 2363 protinus
1623 2329 1746 2364 rapiente

955 2374 982 2397 et
1008 2375 1161 2405 martyrum
1187 2376 1256 2399 nutu
1288 2371 1464 2401 Theodorum
1493 2373 1664 2402 defendente.
1691 2374 1745 2403 llo-

953 2416 1044 2444 braaus
1071 2421 1163 2444 autem
1182 2422 1252 2449 erat,
1276 2423 1304 2445 et
1333 2418 1526 2454 hujuscemodi
1553 2421 1745 2449 aestimationis

953 2463 1029 2490 nullo
1043 2462 1124 2491 modo
1143 2464 1227 2496 liber;
1247 2469 1358 2500 propter
1374 2466 1447 2501 quod
1461 2471 1488 2493 et
1501 2474 1614 2502 operum
1631 2469 1746 2495 messuit

955 2509 1129 2543 propriorum
1151 2509 1270 2544 labores,
1292 2517 1479 2546 competentes
1507 2513 1646 2548 accipiens
1675 2515 1748 2549 agri-

955 2554 1070 2582 culturae
1084 2555 1250 2590 manipulos.
1279 2558 1365 2585 Porro
1390 2566 1441 2585 nos
1464 2564 1624 2587 sanctorum
1648 2561 1747 2589 robore

954 2599 1124 2632 collaudato,
1146 2607 1173 2628 et
1199 2602 1279 2629 sicuti
1296 2610 1443 2638 possumus
1458 2604 1498 2632 eis
1518 2605 1627 2640 hymnis
1641 2606 1746 2641 gloriﬁ-

955 2644 1036 2678 catis,
1056 2645 1111 2672 alia
1130 2654 1227 2673 eorum
1245 2655 1299 2675 non
1318 2649 1434 2677 minoris
1450 2656 1542 2679 motus
1561 2656 1643 2688 atque
1658 2651 1745 2679 virtu-

955 2691 1001 2724 tis,
1015 2690 1067 2718 hoc
1080 2692 1183 2726 scripto
1199 2693 1434 2723 denuntiabimus.

868 2778 986 2807 NOTAE.

145 2822 205 2859 (52)
223 2822 334 2850 Inclusa
358 2824 384 2850 iu
409 2824 502 2850 Grtcco
521 2829 595 2850 textu
617 2823 740 2857 deerant,
757 2833 817 2860 quat
830 2831 920 2855 tamen
943 2825 1058 2855 Latinus
1074 2829 1251 2856 conservavit.

233 2869 370 2900 ΡΛΤιιοι..
397 2870 455 2899 Gn.
471 2870 659 2901 LXXXVII.

1551 2880 1606 2906 tte
