1908 3078
154 108 221 139 3627

190 164 254 191 LVI.
280 163 315 190 De
331 161 440 198 Georgio
461 163 557 198 Cyprio
577 165 620 198 qui
645 163 754 198 pedibus
766 171 798 190 ea:
813 171 904 197 opera-

323 199 391 225 tione
408 199 535 226 dwmonis
551 199 704 232 inﬁrmatus
717 203 757 225 es!

188 254 246 282 Non
267 260 356 282 autem
375 254 559 289 despiciamus
575 254 724 289 Georgium
737 254 826 281 adhuc
843 253 870 280 in
891 253 940 288 Cy-

153 310 203 337 pro
217 302 371 337 degentem,
389 302 519 336 quoniam
544 310 648 337 pauper
677 306 728 334 est,
763 307 790 328 et.
819 304 939 336 egestate

153 347 334 382 deprimitur;
352 355 413 374 nam
435 355 484 375 nec
497 347 586 382 Cyrus
606 356 667 374 cum
687 353 712 375 et
726 347 849 375 Joannes
868 355 939 373 mar-

152 398 225 428 tyres
244 393 436 427 despexerunt,
453 393 499 420 sed
522 398 550 419 ut
567 398 701 420 amatores
728 400 878 428 pauperum
896 400 940 420 as-

152 443 338 473 sumpseruul,
376 443 402 466 et
431 439 573 466 curatione
602 439 714 475 dignum
742 439 937 472 exhibuerunt,

151 489 279 519 tanquam
312 484 369 511 veri
396 492 545 520 pauperum
573 491 718 513 amatores.
755 485 819 520 Agri
849 485 938 512 cultor

150 535 207 557 erat
223 530 368 566 Georgius,
399 536 425 558 et
443 532 573 566 praedium
604 531 743 558 habitabat
772 531 844 566 quod
865 530 936 566 ap‘ud

150 576 293 604 Nemesum
315 577 466 612 adjacebat.
499 577 589 604 Phava
613 578 683 605 idem
700 577 831 612 praedium
855 583 937 604 voca-

151 623 238 652 batur.
254 623 326 657 quod
340 623 540 657 quinquaginta
557 623 665 658 quidem
683 631 698 650 a
712 623 834 654 civitate,
848 623 937 649 tribus

150 673 241 695 autem
257 672 284 695 et
295 667 408 695 dimidio
426 668 524 696 stadiis
537 676 551 695 a
567 668 633 695 mari
650 668 778 695 distabat.
802 667 936 694 Praeterea

150 714 189 740 sic
222 713 338 748 pedibus
368 713 503 748 Georgius
539 713 694 741 infirmatus
715 717 767 740 est.
797 712 862 745 Qum
890 720 938 747 per

152 767 233 794 agros
249 763 328 786 erant
348 759 519 794 inspiciebat,
531 763 556 786 et
570 759 700 794 leporem,
713 764 742 786 ut
766 758 936 789 autumabat,

149 803 272 836 Videbat,
298 808 324 830 et
343 803 454 831 intuens
481 804 687 838 insequebatur.
707 803 799 831 Dulcis
818 811 936 837 namque

148 852 190 875 est
208 847 264 875 haec
279 848 389 875 venatio
405 848 527 880 rusticis,
541 853 568 875 et
580 848 698 876 incitans
722 848 745 876 si
774 847 934 883 apparuerit

150 893 183 920 ad
205 893 383 927 capiendum.
406 893 506 921 Verum
535 901 703 929 persequens
729 901 783 921 non
809 901 934 927 compre—

150 939 262 972 hendit;
278 946 333 966 non
352 939 422 966 enim
438 944 496 967 erat
512 940 588 974 lepus
614 940 660 974 qui
688 944 860 975 apparuerat,
888 938 935 966 sed

147 984 260 1019 spiritus
273 992 402 1020 nequam,
423 990 449 1011 et
465 985 604 1012 hominem
625 984 730 1013 odiens.
745 983 832 1012 Porro
843 993 858 1011 a
870 992 934 1011 cur.

151 1035 184 1054 su
198 1027 297 1054 iterum
310 1035 435 1061 cessans,
453 1028 535 1062 pedes
549 1035 659 1055 movere
672 1035 726 1055 non
743 1031 860 1063 poterat,
887 1027 935 1055 sed

148 1072 295 1100 immobilis
310 1077 372 1108 post
385 1080 498 1100 cursum
522 1074 661 1105 manebat,
685 1073 804 1108 leporem
824 1073 933 1108 quidem

147 1123 200 1144 nou
217 1118 341 1153 capiens,
358 1119 469 1153 capiens
480 1118 680 1153 autempedum
694 1118 910 1154 obligamentum
927 1129 934 1151 ;

147 1165 211 1191 talia
225 1165 297 1192 enim
312 1169 377 1192 sunt
391 1165 466 1192 illius
477 1165 579 1200 leporis
603 1165 685 1192 dona.

181 1209 249 1238 Hinc
258 1211 292 1237 ad
308 1211 408 1246 Cyrum
424 1215 451 1238 et
469 1211 600 1238 Joannem
618 1219 699 1247 super
708 1212 838 1239 humeros
851 1211 934 1239 Geor-

146 1256 208 1291 gius
226 1261 383 1291 asportatus
398 1256 520 1290 eti'ertur,
532 1261 556 1284 et
572 1257 670 1284 horum
680 1257 795 1292 pedibus
809 1258 843 1284 ab
852 1258 937 1284 alum-

147 1302 190 1330 nis
214 1302 368 1337 projicitur,
388 1306 415 1330 et
428 1307 550 1338 tempore
566 1303 651 1330 multo
671 1303 754 1336 facto,
781 1311 867 1338 usque
881 1311 935 1338 quo

146 1347 220 1375 Deus
234 1352 260 1375 et
279 1352 442 1375 sanctorum
458 1349 546 1384 gratia
558 1349 654 1382 voluit,
669 1348 715 1376 tali
727 1349 808 1376 modo
832 1349 936 1376 sanita-

146 1398 199 1420 tem
215 1393 330 1428 adeptus
345 1397 397 1421 est.
415 1393 545 1421 Molestus
563 1394 759 1427 eratiniirmis,
771 1397 798 1421 et
814 1394 933 1421 laborem

146 1446 200 1466 non
214 1438 323 1466 brevem
337 1439 485 1474 prmstabat
510 1439 553 1466 his
575 1439 622 1474 qui
645 1440 741 1467 talium
765 1439 886 1468 studium
906 1439 933 1466 iu

145 1484 248 1520 templo
263 1485 404 1520 gerebant,
419 1485 499 1512 citius
509 1485 542 1512 ad
561 1486 675 1513 latrinas
692 1486 815 1518 veniens,
835 1486 882 1514 sed
900 1485 934 1512 ab

146 1530 188 1558 his
203 1538 257 1558 non
269 1531 350 1559 citius
367 1531 485 1564 rediens,
504 1532 540 1559 ita
549 1536 578 1559 ut
591 1532 711 1560 dormire
728 1532 753 1559 in
774 1532 816 1560 his
836 1532 933 1560 crebro

144 1575 338 1609 dimitteretur,
353 1585 385 1604 eo
410 1577 482 1612 quod
499 1578 596 1605 crebro
615 1578 712 1609 abiret,
736 1581 763 1605 et
776 1578 933 1605 tardaretur

143 1631 176 1649 ex
207 1624 405 1651 consuetudine
436 1624 545 1652 sedens.
581 1623 683 1652 Taliter
699 1629 790 1652 autem
816 1624 932 1660 Georgio

145 1671 278 1703 martyres
290 1668 360 1701 viso,
383 1668 415 1695 ad
429 1669 633 1697 miserationem
646 1670 758 1698 veniunt
769 1674 795 1698 et
807 1678 933 1705 compas-

144 1714 262 1745 sionem,
294 1718 321 1741 ct
341 1715 367 1741 in
393 1715 499 1743 latrinis
525 1715 642 1750 quadam
667 1715 711 1743 die
738 1715 883 1743 dormienti
904 1717 932 1743 in

144 1760 248 1787 somnis
264 1764 393 1794 apparent
408 1761 529 1789 dicentes
546 1770 553 1788 :
573 1762 708 1797 ISurgens
717 1761 855 1798 egredere,
867 1767 893 1789 et
905 1762 932 1789 in

143 1805 199 1832 tuis
210 1805 298 1832 dormi
317 1806 489 1834 stramentis.
503 1806 552 1839 Qui
568 1807 788 1842 expergefactus,
803 1811 830 1834 et
848 1807 933 1834 nemi-

145 1857 206 1877 nem
220 1850 327 1882 videns,
346 1850 444 1878 iterum
457 1851 621 1879 dormiebat.
637 1851 671 1878 Et
686 1851 784 1879 iterum
797 1856 932 1888 martyres

145 1897 266 1924 secundo
281 1901 383 1930 astant,
404 1899 498 1926 eadem
514 1899 701 1934 disponentes.
713 1899 804 1927 Atille
819 1907 933 1926 convcr-

144 1950 192 1971 sus
212 1943 322 1975 iterum,
351 1949 378 1970 et
391 1945 528 1973 neminem
558 1953 656 1986 rursus
683 1946 810 1978 intuitus,
833 1946 930 1973 iterum

143 1989 266 2017 secundo
281 1989 447 2019 dormiebat.
463 1991 557 2018 Tertio
578 1995 668 2018 autem
689 1991 778 2019 sancti
799 1991 824 2019 ei
848 1999 931 2026 appa-

144 2041 245 2068 rentes,
260 2036 378 2070 peditem
403 2045 419 2064 a
445 2037 552 2065 latrinis
581 2038 675 2073 egredi
706 2037 813 2072 iubent,
833 2045 930 2072 panem

145 2083 317 2117 porrigentes
337 2082 370 2110 ad
385 2083 616 2111 manducandum.
633 2082 721 2111 Porro
737 2084 818 2111 tertio
841 2083 930 2110 factus

143 2129 170 2155 in
184 2129 287 2157 somnis
298 2137 352 2156 non
368 2130 476 2164 quidem
488 2134 635 2165 praesentes
652 2129 761 2157 videbat
783 2132 930 2164 martyres.

144 2175 191 2202 sed
206 2175 362 2203 inveniebat
376 2176 596 2204 benedictionem
612 2175 702 2203 datam
720 2175 753 2202 ad
766 2175 930 2208 sanitatem;
948 2184 970 2212 υ

143 2219 170 2243 et
178 2217 318 2244 cumhanc
330 2216 518 2249 manducaret,
534 2217 754 2244 convalescebat.
768 2216 930 2243 Sanctorum

141 2262 277 2295 jussiouis
291 2270 407 2295 memor,
423 2271 438 2290 a
454 2263 563 2290 latrinis
580 2263 678 2298 surgit,
694 2266 721 2290 et
743 2262 846 2290 saliens
862 2262 929 2294 exit.

143 2308 243 2336 ibidem
260 2308 419 2344 languorem
435 2308 587 2342 dimittens,
609 2313 768 2336 sanctorum
800 2308 930 2335 virtutem

143 2353 310 2389 gloriﬁcans.
324 2355 422 2382 Adhuc
436 2359 526 2382 autem
541 2359 567 2382 et
581 2358 706 2390 superest
732 2355 795 2386 iste,
814 2359 841 2382 et
859 2361 931 2380 mar-

143 2405 234 2435 tyrum
255 2405 383 2436 peragrat
396 2401 538 2436 templum,
554 2401 712 2436 languorem
729 2400 831 2436 pariter
842 2404 868 2427 et
882 2407 928 2428 sa<

143 2447 255 2474 nitatem
270 2454 413 2478 euarrans,
433 2451 460 2474 et.
479 2447 511 2474 ad
539 2446 647 2474 laudem
673 2447 718 2474 Dei
754 2452 932 2474 sanctorum-

143 2500 196 2526 que
224 2492 360 2520 canticum
383 2492 429 2526 qui
458 2497 624 2520 sanavcrunt
662 2500 839 2520 commovens
880 2500 929 2519 au-

142 2538 258 2565 dientes.

206 2615 284 2643 LV’ll.
302 2616 337 2644 De
351 2615 464 2652 Cyriaco
480 2617 756 2645 Rhodiadtzmonium
768 2626 857 2652 passa.

177 2662 238 2690 Non
269 2667 357 2690 autem
393 2664 514 2699 ineptum
529 2668 571 2692 est
585 2664 692 2700 Cyriaci
723 2664 803 2692 etiam
832 2665 930 2693 Rhodii

141 2708 233 2736 facere
261 2709 438 2742 mentionem,
472 2715 498 2737 et
522 2717 584 2737 cum
606 2709 742 2737 insulanis
771 2711 929 2737 insulanum

142 2762 350 2788 connutncrare,
364 2759 392 2782 et
402 2755 510 2790 Cypriis
527 2755 673 2783 adnectere
697 2755 833 2782 Rhodium
847 2764 854 2788 ;
870 2756 930 2790 plus

141 2801 214 2830 enim
231 2801 415 2837 congratulari
430 2801 571 2829 iusulanos
591 2801 706 2829 invicem
725 2802 828 2838 accepi,
846 2810 927 2838 quant

599 107 629 136 ὃ.
651 88 857 135 ΞΟΡΗΠΟΝΙΙ
879 102 1131 133 PATRlAIlCil/E
1151 103 1353 133 I'ilEBOSUL.

957 168 978 196 Α
994 161 1068 195 NCT.
1090 162 1159 194 Περὶ
1177 161 1528 195 Paupr/(2vmolitm/0v
1544 162 1598 188 τοῦ
1612 162 1683 194 τοὺς
1691 163 1785 192 πόδας

1717 103 1790 134 3628

1075 196 1112 233 ἐξ
1130 197 1281 231 ἐνεργείας
1300 196 1443 230 δαίμονος
1463 197 1703 230 ἀσθενήσαντος.

1026 251 1071 287 Μὴ
1085 251 1242 286 παρίδωμεν
1259 251 1287 278 δὲ
1303 251 1347 277 τὸν
1360 251 1506 287 Γεώργιον,
1524 251 1564 277 ἔτι
1582 251 1653 278 κατὰ
1666 251 1715 287 τὴν
1732 252 1785 278 Κύ-

991 305 1060 329 προν
1075 297 1226 331 διάγοντες,
1240 297 1282 323 ὅτι
1295 297 1379 331 πένης
1390 298 1464 323 ἐστὶν
1478 298 1524 323 καὶ
1538 296 1661 331 πτωχείᾳ
1673 297 1784 332 συνέχε-

990 351 1037 368 ται
1049 350 1055 358 ’
1073 343 1136 369 ἐπεὶ
1151 344 1228 378 ’μήτε
1242 343 1332 378 Κῦρος
1358 343 1439 368 αὐτὸν
1457 343 1505 369 καὶ
1521 343 1647 377 Ἰωάννης
1672 342 1786 378 παρίδον

991 389 1014 414 οἰ
1031 389 1181 423 μάρτυρες,
1196 388 1254 414 ἀλλ’
1268 388 1305 420 ὡς
1322 388 1488 423 φιλόπτωχοι
1504 388 1720 423 προσελάϐοντο,
1738 388 1786 414 καὶ

992 434 1138 470 θεραπείας
1152 434 1283 469 ὴξίωταν,
1297 434 1334 465 ὠς
1351 433 1462 469 ἀληθεῖς
1478 433 1665 468 φιλοπένητες.
1694 434 1785 467 Γεωρ-

991 480 1038 514 γὸς
1053 480 1107 516 γὰρ
1121 478 1156 515 ἦν
1173 482 1186 506 6
1204 480 1352 515 Γεώργιις,
1367 479 1413 506 καὶ
1427 480 1526 514 χωρίον
1537 479 1604 514 ᾤκει
1621 481 1653 515 τῇ
1668 479 1785 514 Νεμεσῷ

992 527 1194 561 παρακείμενον
1206 534 1213 541 ·
1230 526 1305 552 Φαῦα
1321 527 1350 552 τὸ
1366 526 1465 560 χωρίον
1487 526 1606 559 ἐλέγετο,
1621 525 1669 552 καὶ
1684 525 1786 559 πεντή-

990 580 1073 598 κοντα
1089 572 1139 607 μὲν
1160 573 1209 607 τῆς
1228 572 1341 603 πόλεως,
1355 571 1427 607 τρισὶ
1442 572 1470 598 δὲ
1488 572 1535 598 καὶ
1549 572 1636 607 ἥμισυ
1660 571 1710 605 τῆς
1735 571 1786 597 θα-

990 617 1090 652 λάττης
1103 617 1221 649 σταδίοις
1233 617 1384 652 διέστηκεν.
1400 617 1478 644 Οὖτω
1491 617 1518 644 δὲ
1531 618 1596 648 τοὺς
1605 617 1689 649 πόδας
1702 617 1787 652 ἡσθέ-

990 672 1072 697 νησεν
1086 664 1099 689 ὁ
1113 663 1248 698 Γεώργιος
1259 671 1265 677 ’
1284 663 1317 689 τὰ
1332 663 1391 688 κατ’
1403 663 1505 698 ἀγροὺς
1520 662 1706 689 ἐπεσκέπτετο
1716 682 1722 694 ,
1737 663 1785 689 καὶ

991 709 1106 743 λαγωὸν,
1115 708 1152 739 ὡς
1160 709 1294 743 ἐνόμιζεν,
1306 708 1431 741 ἔϐλεπεν,
1441 708 1487 735 καὶ
1493 708 1608 735 κατιδὼν
1617 709 1765 735 κατεδίωκε
1775 716 1783 724 ·

990 754 1077 788 γλυκὺ
1089 755 1143 790 γὰρ
1157 754 1235 781 τοῦτο
1246 756 1301 786 τοῖς
1315 755 1455 790 ἀγροίκοις
1470 755 1500 781 τὸ
1516 755 1639 789 θήραμα,
1653 755 1699 781 καὶ
1713 763 1785 787 παρ⁴

991 799 1113 834 οτρῦνον,
1131 800 1154 826 εί
1171 802 1252 834 φανῇ,
1271 800 1338 836 πρὸς
1357 800 1520 835 κατάληψιν·
1532 801 1600 828 ἀλλὰ
1615 800 1720 827 διώκων
1736 801 1786 826 οὐκ

954 833 972 861 Β
987 833 1099 873 ἔλαϐεν·
1116 846 1147 872 οὑ
1159 847 1212 882 γὰρ
1223 833 1257 882 ἦν
1272 833 1378 881 mat,
1393 847 1422 874 τδ
1438 833 1610 883 φαινόμενον,
1619 847 1687 874 ἀλλὰ
1700 847 1785 874 πνεῠ-

990 900 1029 926 μα
1045 892 1164 927 πονηρὸν
1181 893 1227 919 καὶ
1246 892 1452 928 μισάνθρωπον.
1469 894 1523 920 Τοῦ
1539 894 1640 929 δρόμου
1658 893 1685 920 δὲ
1704 893 1786 920 πάλιν

989 938 1176 972 παυσάμενος,
1193 938 1257 970 τοὺς
1281 939 1362 970 πόδας
1387 941 1472 966 κινεῖν
1497 939 1546 966 οὐκ
1570 939 1696 974 ἠδύνατο,
1721 939 1787 966 ἀλλ’

993 983 1121 1017 ἀκίνητοι⁵
1141 983 1210 1017 μετὰ
1223 983 1322 1018 δρόμον
1335 983 1461 1019 διέμενε,
1481 984 1588 1018 λαγωὸν
1613 985 1662 1019 μὲν
1677 985 1727 1011 οὒκ
1746 985 1786 1010 εί-

987 1027 1090 1063 ληιρὼς,
1100 1027 1219 1062 εἰληφὼς
1231 1028 1258 1055 δὲ
1269 1028 1323 1055 τῶν
1335 1029 1422 1055 ποδῶν
1435 1029 1480 1055 τὸν
1495 1030 1655 1065 ἐπίδεσμον*
1670 1030 1785 1057 τοιαῦτα

986 1074 1041 1109 γάρ
1060 1074 1133 1100 ἐστιν
1152 1075 1259 1101 ἐκείνου
1279 1074 1326 1101 τοῦ
1345 1075 1453 1109 λαγωοῦ
1474 1075 1508 1102 τὰ
1526 1076 1698 1112 χαρίσματα.

1021 1209 1164 1236 Ἐντεῦθεν
1179 1211 1226 1237 ὲπὶ
1242 1211 1333 1247 Κῦρον
1348 1211 1396 1237 καὶ
1414 1211 1541 1247 Ἰωάννην
1559 1213 1624 1244 τοὺς
1639 1213 1784 1249 μάρτυρας

986 1254 1029 1280 ἐπ’
1043 1253 1126 1289 ὤμων
1150 1255 1297 1289 αίρὸμενος
1319 1256 1332 1281 6
1359 1255 1496 1291 Γεώργιος
1518 1257 1626 1291 ἄγεται,
1653 1258 1702 1285 καὶ
1726 1261 1784 1291 τοῖς

985 1299 1088 1326 τούτων
1105 1301 1183 1325 ποσὶν
1209 1301 1261 1326 ὑπὸ
1279 1301 1334 1327 τῶν
1357 1302 1537 1337 θρεψαμένων
1560 1303 1759 1339 προσρίπτεται
1773 1313 1784 1321 υ

986 1345 1033 1370 καὶ
1048 1345 1143 1380 χρόνον
1157 1346 1272 1381 ποιήσας
1285 1348 1382 1381 συχνὴν
1393 1348 1445 1379 ἓως
1456 1345 1486 1374 οὗ
1497 1349 1561 1381 Θεὸς
1575 1350 1620 1376 καὶ
1631 1351 1684 1378 τῶν
1696 1351 1784 1385 ἁγίων

985 1391 1002 1424 ἡ
1017 1391 1097 1425 χάρις
1114 1391 1256 1425 ἠϐούλετο,
1274 1392 1347 1419 τόνδε
1362 1393 1407 1419 τὸν
1424 1394 1525 1428 τρόπον
1540 1396 1590 1430 τῆς
1612 1396 1710 1428 ἰάσεως
1721 1397 1783 1423 ἔτυ-

985 1444 1043 1470 χεν·
1059 1436 1197 1472 Ἐπαχθὴς
1219 1437 1343 1474 ὑπῆρχεν
1357 1439 1394 1471 ὡς
1411 1440 1561 1475 ἄρρωστος,
1579 1442 1627 1468 καὶ
1651 1443 1735 1469 κόπον
1751 1443 1782 1469 οὐ

988 1481 1092 1517 βραχὺν
1115 1483 1173 1514 τοῖς
1197 1484 1248 1510 ἀνὰ
1268 1484 1315 1511 τὸν
1337 1484 1405 1511 νεὼν
1421 1486 1595 1520 φιλοπονοῦσι
1614 1488 1780 1523 παρείχετο*

988 1527 1092 1561 ταχέως
1116 1528 1155 1558 εἰς
1179 1529 1338 1562 ἀφεδρῶνιις
1363 1531 1527 1566 ἐρχόμενος,
1543 1533 1591 1559 καὶ
1615 1533 1652 1568 μὴ
1676 1535 1784 1569 ταχέως

987 1572 1077 1598 αὐτῶν
1093 1572 1269 1608 ἐξερχόμενος
1279 1595 1286 1606 ,
1302 1575 1339 1607 ὡς
1364 1576 1505 1604 καθεύδειν
1531 1578 1660 1610 πολλάκις
1676 1580 1704 1605 ἐν
1718 1580 1782 1606 τού-

987 1626 1043 1649 τοις
1057 1618 1195 1652 ἀφίεσθαι,
1211 1621 1258 1647 καὶ
1281 1622 1461 1656 ἐμϐραδύνειν
1487 1624 1518 1650 ἐκ
1543 1624 1688 1659 συνηθείας
1711 1625 1782 1652 καθ-

987 1665 1099 1698 ήμενον.
1114 1666 1194 1692 Οὕτω
1207 1667 1235 1694 δὲ
1251 1667 1297 1694 τὸν
1311 1667 1447 1703 Γεώργιον
1465 1669 1564 1702 ἰδόντες
1585 1672 1610 1697 οἱ
1630 1673 1780 1707 μάρτυρες,

989 1712 1028 1743 εις
1037 1709 1126 1739 οἶκτον
1137 1712 1261 1748 ἔρχονται
1271 1713 1319 1740 καὶ
1331 1717 1502 1749 συμπάθειαν
1512 1726 1518 1732 ·
1529 1718 1574 1744 καὶ
1587 1720 1642 1749 τοῖς
1652 1719 1760 1753 ἀφεδρῶ
1769 1735 1775 1740 -

990 1764 1032 1782 σιν
1041 1757 1069 1783 ὲν
1081 1759 1131 1793 μιᾷ
1143 1759 1236 1794 ἡμέρᾳ
1249 1760 1364 1797 καθευδή
1371 1771 1456 1795 alvu,
1471 1765 1499 1790 ἐν
1510 1765 1624 1800 ὀνείροις
1635 1766 1775 1800 φαίνονται

988 1802 1125 1836 λέγοντες·
1147 1806 1278 1838 Ἀναστὰς
1293 1807 1372 1840 ἐξίοι,
1389 1810 1436 1834 καὶ
1452 1811 1479 1835 ἐν
1493 1812 1547 1840 τοῖς
1567 1812 1641 1841 ἰδίοις
1660 1812 1776 1838 κάθευδε

989 1849 1155 1884 στρώμασιν.
1173 1850 1202 1876 '0
1219 1850 1246 1876 δὲ
1261 1851 1436 1884 διυπνισοεὶς,
1454 1853 1499 1878 καὶ
1527 1854 1628 1888 μηδένα
1643 1854 1780 1889 θεασάμε-

987 1901 1043 1925 νος,
1058 1895 1139 1921 πάλιν
1155 1895 1298 1923 ἐκάθευδεν
1309 1905 1315 1911 ·
1332 1898 1378 1924 καὶ
1394 1898 1475 1924 πάλιν
1490 1899 1514 1925 οἱ
1528 1900 1666 1935 μάρτυρες
1679 1902 1708 1926 ἐκ
1720 1901 1780 1926 δευ-

986 1938 1067 1974 τέρου
1085 1941 1278 1975 παρίστανται,
1296 1944 1330 1969 τὰ
1346 1944 1415 1970 αὐτὰ
1432 1944 1620 1972 δια-τάττονται
1631 1954 1637 1960 ·
1652 1947 1666 1972 ό
1683 1946 1709 1972 δὲ
1727 1947 1779 1973 πά-

987 1984 1028 2011 λιν
1054 1987 1195 2021 στραφεὶς,
1209 1988 1257 2015 καὶ
1283 1989 1385 2023 μηδένα
1410 1990 1490 2017 πάλιν
1517 1990 1587 2023 ἰδὼν,
1606 1992 1684 2018 πάλιν
1707 1993 1779 2019 ἐκοι-

989 2032 1057 2066 μᾶτο
1082 2032 1111 2059 τὺ
1135 2033 1273 2069 δεύτερον.
1293 2035 1340 2061 Ἐκ
1360 2036 1451 2070 τρίτου
1467 2035 1494 2062 (Te
1512 2038 1640 2070 φανέντες
1654 2038 1678 2063 oi
1694 2037 1778 2071 ἅγιοι,

987 2076 1135 2108 πεζεύοντα
1159 2077 1187 2103 δὲ
1213 2078 1266 2104 τῶν
1292 2079 1456 2113 ἀφεδρώνων
1483 2081 1584 2113 ἐξιέναι
1609 2080 1778 2113 κελεύουσιν,

987 2121 1068 2157 ἄρτον
1093 2123 1193 2150 ἐσθίειν
1216 2124 1368 2159 δρέξαντες.
1382 2126 1410 2152 Ὀ
1430 2127 1458 2152 δὲ
1478 2127 1506 2152 τὺ
1531 2128 1620 2162 τρίτον
1634 2127 1779 2162 γενόμενος

986 2168 1119 2202 ἄφυπνος,
1133 2168 1182 2204 οὐχ
1209 2170 1282 2205 ἐώρα
1311 2171 1361 2206 μὲν
1384 2172 1521 2206 παρόντας
1543 2174 1606 2204 τοὺς
1623 2173 1777 2208 μάρτυρας,

984 2209 1095 2246 εὕρισκε
1119 2211 1147 2244 δὲ
1172 2211 1219 2246 τὴν
1239 2213 1386 2249 δεδομένην
1403 2216 1530 2250 εὐλογίαν
1546 2216 1614 2251 πρὸς
1632 2218 1712 2248 ἴασιν,
1730 2218 1778 2244 καὶ

982 2256 1086 2292 ταύτην
1101 2257 1197 2292 φαγὼν
1211 2259 1394 2295 ἀνερώννυτο·
1415 2263 1461 2288 καὶ
1473 2262 1524 2296 τῆς
1538 2263 1592 2289 τῶν
1607 2263 1693 2297 ἁγίων
1708 2272 1777 2299 μνη-

984 2303 1118 2336 μονεύσας
1131 2303 1292 2337 κελεύσεως,
1308 2307 1362 2332 τῶν
1380 2308 1546 2342 ἁφεδρώνων
1558 2308 1710 2342 ἀνίσταται,
1727 2311 1776 2336 καὶ

983 2347 1129 2383 ἁλλόμενος
1144 2349 1227 2382 ἔξεισι
1238 2371 1244 2382 ,
1259 2352 1347 2378 ἐκεῖσε
1363 2353 1529 2388 καταλείψας
1544 2355 1574 2380 τὸ
1588 2355 1692 2390 νόσημα
1703 2375 1710 2386 ,
1727 2354 1776 2382 καὶ

982 2394 1035 2421 τῶν
1059 2395 1144 2429 ἁγίων
1160 2397 1278 2429 δοξάζων
1301 2398 1349 2434 τὴν
1364 2399 1487 2435 δύναμιν.
1501 2402 1561 2428 Ἔτι
1585 2402 1613 2428 δὲ
1636 2402 1682 2428 καὶ
1697 2399 1776 2434 οὗτος

983 2441 1117 2475 περίεστι,
1133 2443 1181 2469 καὶ
1199 2444 1341 2478 περιπολεῖ
1361 2446 1415 2472 τῶν
1433 2447 1578 2482 μαρτύρων
1598 2447 1628 2473 τὸ
1648 2447 1774 2482 τέμενος,

981 2485 1030 2520 τὴν
1045 2487 1121 2514 νόσον
1134 2488 1200 2522 ὁμοῦ
1220 2490 1266 2516 καὶ
1279 2491 1328 2526 τὴν
1344 2492 1414 2517 ἴασιν
1431 2492 1609 2528 διηγούμενος
1619 2515 1625 2526 ,
1641 2495 1689 2520 καὶ
1704 2495 1775 2529 πρὶς

982 2531 1055 2559 αἶνον
1078 2533 1155 2567 Θεοῦ,
1172 2536 1219 2561 καὶ
1235 2531 1290 2562 τῶν
1303 2537 1457 2571 ίασαμένων
1481 2539 1566 2572 ἁγίων
1589 2539 1661 2574 ᾠδὴν
1689 2541 1774 2567 κινῶν

981 2579 1044 2610 τοὺς
1064 2579 1221 2611 ἀκούοντας.

999 2624 1060 2651 ΝΖ’.
1075 2625 1142 2659 Περὶ
1155 2627 1303 2660 Κηριαχοῦ
1323 2629 1375 2656 τοῦ
1402 2629 1512 2657 Ῥοδίου
1532 2631 1753 2667 δαιμονιῶντος.

1018 2671 1075 2696 Οὐκ
1088 2671 1203 2706 ἄκαιρον
1216 2673 1243 2698 δὲ
1257 2675 1304 2699 καὶ
1323 2675 1463 2710 Κυριακοῦ
1478 2675 1523 2702 τοῦ
1543 2676 1645 2703 Ῥοδίου
1661 2678 1772 2713 μνήμην

982 2716 1158 2750 ποιήσασθαι,
1175 2718 1222 2744 καὶ
1246 2721 1302 2750 τοῖς
1327 2721 1473 2754 νησιώταις
1490 2722 1536 2747 τὸν
1550 2722 1687 2757 νησιώτην
1709 2732 1773 2750 συν-

982 2761 1196 2796 αριθμήσασϐαι,
1213 2765 1260 2790 καὶ
1275 2767 1331 2796 τοίς
1347 2766 1481 2802 Κυπρίοις
1496 2768 1624 2800 συντάξαι
1641 2768 1687 2794 τὸν
1712 2769 1770 2795 Ῥέ-

982 2807 1036 2835 διον
1046 2817 1052 2824 '
1071 2808 1162 2835 πλεῖον
1177 2811 1230 2845 γὰρ
1247 2812 1351 2846 χαίρειν
1361 2813 1423 2844 τοὺς
1435 2813 1569 2848 νησιώτας
1582 2814 1706 2850 ἀλλήλοις
1723 2814 1771 2841 ὑπ-
