1908 3078
130 215 196 245 3633

622 214 672 242 SS.
689 212 777 243 CYRI
796 212 843 243 ET
862 211 1022 243 JOANNIS
1040 208 1240 241 MIRACULA

1691 199 1761 233 3631

135 271 159 296 τὸ
171 269 277 296 δάνειον
293 269 330 305 μὴ
348 269 490 296 extimum
505 277 510 285 '
527 269 606 296 τοῦτο
629 270 683 305 γὰρ
712 268 746 305 ἦν
772 270 863 301 αὐτοῖς
892 267 922 295 τδ

984 269 1132 303 gestientes,
1151 270 1181 293 ut
1194 272 1241 301 per
1255 261 1476 298 interemptionis
1492 261 1636 293 incertum,
1649 263 1676 287 et
1691 257 1761 294 jud‘l-

133 316 307 350 ποθούμενον.
330 316 497 349 Ἐλογίζοντο
505 315 534 342 δὲ
544 316 613 351 τάχα
624 317 671 343 καὶ
690 316 768 343 τοῦτο
780 316 839 342 καθ’
856 315 919 342 ἐαυ-

133 364 191 394 sub;
204 364 230 389 οι
245 363 457 398 τρισάθλιοι,ὼς
480 363 544 395 τοὺς
566 363 725 398 ἀνθρώπους
747 364 770 390 εἰ
800 363 918 394 λάθοιεν,

133 410 176 435 καὶ
186 409 305 445 tabuit:
320 410 425 446 Κυρίου
442 411 473 437 τὸ
484 411 634 446 ἀκοίμητον
645 411 784 444 λήσονται.

173 542 379 577 Ἐφαρμάττετο
396 542 446 577 μὲν
460 541 518 574 οὖν,
536 542 573 574 ὡς
586 542 665 578 ἔφην,
681 543 694 569 ὁ
706 543 856 577 Στέφανος,
871 543 921 569 καὶ

135 588 249 618 θάνατος
280 585 315 623 ἦν
332 589 345 614 ὁ
361 588 461 619 σκοπὸς
486 588 534 615 τοῦ
550 588 739 624 φαρμᾶζοντος
754 597 761 604 ·
775 588 805 615 ὂν
833 589 922 625 σκέπῃ

135 634 182 668 μὲν
193 632 260 659 Θεοῦ
270 633 317 660 καὶ
332 632 412 668 βουλῇ
428 633 594 668 διαπέφευγε
611 642 619 649 ⁸
636 634 723 669 πάντη
738 634 766 660 δὲ
780 633 826 660 τοῦ
841 633 924 668 δηλη-

132 679 229 713 τηρίου
251 679 300 713 τὴν
319 679 411 714 λώὸην
438 679 488 705 οὐκ
514 679 626 714 ἔφυγεν,
650 679 709 706 ἀλλ’
739 679 924 715 αἰμορῤαγῐας

132 724 284 751 ὑποπίπτει
299 725 363 759 νοσή
370 733 445 758 ματι,
452 724 501 751 καὶ
517 725 569 760 ήμέ
576 733 625 760 ρας
634 725 754 760 ἑκάστης
769 725 815 751 τὸν
825 725 924 751 οἰκεῖον

137 770 235 796 ἔϐλεπε
249 769 378 804 θάνατον,
394 770 492 805 αῐμασι
504 771 573 805 ῥέων
587 771 632 797 διὰ
657 770 776 805 γαστρὸς
805 769 853 796 καλ¹
877 769 925 796 τοῦ

134 815 282 849 στόματος,
293 815 342 841 καὶ
354 815 458 846 πάντας
470 815 630 850 ἐκπλήττων
638 815 677 850 τῷ
690 815 786 850 πλήθει
796 817 845 851 τῆς
862 815 908 850 ρεύ
919 830 925 835 -

135 867 216 891 σεως,
228 859 276 886 καὶ
286 859 349 894 βοᾷν
367 859 530 894 ἀναγκάζων
545 861 609 892 τοὺς
628 860 789 895 βλέποντας,
801 860 839 892 ὡς
851 860 926 887 θάνοι

136 906 245 937 παντως
281 906 335 941 πρὸ
365 906 416 942 τῆς
449 906 496 933 τοῦ
531 907 648 942 αἵματος
681 907 811 939 στάσεως.
849 907 926 933 Οὖτω

973 316 1046 342 cium
1062 314 1253 341 delitescentes
1271 309 1428 345 eﬂ‘ugerent,
1451 311 1478 336 et
1495 311 1619 334 mutuum
1637 313 1691 332 non
1705 312 1763 340 pcr-

972 361 1128 393 solverent;
1145 359 1197 386 hoc
1219 357 1291 385 enim
1308 356 1477 384 desiderium
1497 359 1555 382 erat
1572 354 1636 381 illis.
1651 352 1763 388 Cogita‘

972 408 1038 434 baut
1061 410 1150 433 autent
1179 404 1251 440 apud
1278 412 1307 431 sc
1329 401 1454 430 fortaSSis
1478 401 1637 433 miserrimi,
1658 399 1762 435 quodsi

965 453 1096 480 homines
1117 451 1200 478 latere
1221 449 1385 485 potuissent,
1398 452 1425 475 et
1449 447 1558 475 oculum
1574 447 1631 478 Dei,
1649 446 1694 481 qui
1710 453 1762 473 non

973 497 1087 528 dormit,
1105 497 1190 523 latere
1206 495 1386 522 nihilominus
1406 494 1568 522 valuissent.

1010 541 1134 576 Denique
1145 545 1174 567 ut
1187 540 1242 567 dixi
1252 539 1386 567 maleﬁcio
1399 538 1556 574 Stephanus
1569 538 1763 573 impelebatm'.

974 593 1002 616 et
1026 588 1154 616 maleficii
1171 594 1246 614 mors
1264 591 1323 613 erat
1343 586 1459 613 intentio
1473 592 1578 619 {quam
1595 585 1765 620 protectione

976 635 1023 662 Dei
1050 638 1077 662 et
1106 633 1245 661 voluntate
1278 631 1385 667 diﬂ'ugit
1413 631 1532 667 quidem,
1561 631 1608 659 sed
1640 630 1764 658 maleﬁcii

976 681 1116 709 laesioncm
1140 679 1249 715 penitus
1275 686 1329 706 non
1342 678 1452 710 evasit;
1470 685 1564 705 verum
1592 677 1682 704 ﬂuxus
1705 684 1766 704 san-

976 727 1067 761 guinis
1092 724 1405 760 languoremincurrit,
1436 727 1463 751 ct
1488 731 1536 758 per
1556 724 1680 758 singulos
1707 722 1766 750 dies

977 776 1092 800 mortem
1115 779 1193 799 sttam
1217 771 1385 803 intuebatur,
1412 770 1572 804 sanguinem
1596 776 1680 804 super
1704 776 1768 796 san-

977 819 1087 853 guinem
1103 817 1220 844 ftmdens
1235 824 1282 851 per
1304 824 1336 845 os
1349 816 1429 844 simul
1444 821 1471 843 et
1484 821 1619 847 ventrem,
1634 819 1661 842 et
1672 822 1767 842 omnes

979 864 1006 891 in
1030 863 1238 891 admirationem
1268 869 1351 897 agens
1379 869 1433 897 pm
1464 861 1640 889 nmltitudine
1665 861 1767 892 ﬂuxus,

980 913 1151 944 cunctosque
1173 909 1292 936 clamare
1301 908 1347 943 qui
1364 908 1491 935 videbant
1507 908 1767 943 compcllens,quod

135 952 196 978 καθ’
210 950 286 986 ὥραν
297 951 459 978 κινδυνεύων
479 953 493 979 ὁ
508 952 654 986 Στέφανος,
681 953 729 984 καὶ
755 953 823 980 κατὰ
847 953 926 988 ῥύσιν

984 955 1132 982 moriturus
1158 958 1231 982 esset
1256 960 1318 981 ante
1340 954 1483 989 sanguinis
1509 957 1622 981 statum.
1637 952 1704 980 llum
1729 953 1770 981 sic

135 997 251 1030 οἳματος
264 996 426 1024 ὑποπτεύων
442 997 488 1023 τὸν
503 998 629 1030 θάνατον,
641 998 689 1025 xui.
705 998 742 1034 μὴ
766 997 857 1033 τυχὼν
883 999 925 1024 la-

133 1042 199 1077 τροῦ
216 1041 262 1068 τοῦ
277 1041 323 1069 τὸν
341 1042 457 1070 θάνατον
469 1042 658 1076 ὲκδιώκοντος,
669 1044 715 1070 ἐπὶ
742 1043 835 1079 Κῦρον
850 1043 926 1070 ἔπλει

132 1087 179 1114 τὸν
196 1087 325 1123 μάρτυρα
346 1088 394 1115 καὶ
410 1087 538 1124 Ἰωάννην
564 1088 610 1115 τδν
637 1089 730 1124 Κύρου
759 1089 902 1124 συνόμιλον
918 1097 926 1105 ·

131 1133 245 1165 τούτους
262 1134 294 1160 ἐκ
310 1134 436 1169 κρυφίων
447 1134 611 1170 πυθόμενος,
643 1135 740 1170 μόνους
759 1135 830 1170 μετὰ
861 1134 928 1161 Θεὸν

132 1179 302 1214 θεραπεῦσαι
311 1180 477 1214 δυναμένους
491 1180 522 1207 τὸ
533 1181 650 1216 νόσημα,
663 1181 710 1206 καὶ
724 1181 773 1215 τῆς
786 1180 928 1216 παρούσης

131 1225 258 1260 ἀνάγκης
285 1225 486 1261 λυτρώσασθαι.
517 1226 564 1257 Et;
600 1225 646 1257 οθς
676 1226 851 1260 ἀφικόμενος,
881 1226 929 1252 καὶ

132 1271 241 1305 δεήσεις
260 1271 353 1302 αὐτοῖς
380 1272 572 1306 ἐνεγκάμενος,
599 1271 720 1306 ἠκούσθη
748 1280 779 1297 τε
802 1272 848 1298 καὶ
872 1272 929 1298 τῶν

136 1315 265 1342 κινδύνων
287 1316 414 1348 ἐσώζετο.
442 1317 575 1348 Φανέντες
596 1317 651 1352 γὰρ
671 1317 742 1343 κατὰ
756 1318 819 1349 τοὺς
829 1317 930 1346 ὕπνους

131 1361 159 1388 οἱ
170 1360 253 1396 ἅγιοι,
267 1361 360 1397 πράσα
374 1363 471 1396 φαγεῖν
481 1363 670 1389 ἐπιτάττουσιν
686 1363 723 1398 μὴ
743 1363 931 1398 προσαχθέντα

136 1407 202 1443 πυρί
215 1416 245 1433 τε
262 1407 310 1434 καὶ
321 1407 440 1442 νάμασιν
450 1417 457 1424 ·
475 1409 547 1443 ἇπερ
573 1407 673 1442 φαγὼν
685 1408 723 1439 ὡς
738 1409 928 1442 ἐκεκέλευστο,

135 1453 185 1488 τῆς
201 1453 252 1488 μὲν
263 1453 316 1479 τῶν
326 1454 450 1489 αἱμάτων
462 1453 648 1489 ἀπηλλάττετο
666 1454 796 1489 ῥεύσεως,
809 1455 856 1481 καὶ
880 1454 930 1489 τῆς
946 1449 950 1453 “

135 1498 242 1529 τελείας
258 1498 345 1530 οὕτως
357 1499 474 1534 ἐπέτυχε
495 1499 620 1535 ῥώσεως.

172 1544 230 1576 Νὺξ
247 1542 281 1580 ἦν
296 1545 344 1572 καὶ
361 1545 414 1580 πρὸ
429 1545 475 1572 τοῦ
490 1546 544 1572 τῶν
563 1545 648 1580 ἁγίων
666 1546 763 1573 ἵστατο
775 1546 928 1581 μνήματος,

137 1589 186 1615 καὶ
196 1589 300 1624 ταύτης
314 1591 406 1624 τυχεῖν
422 1590 572 1623 ἑλιτάνευε,
584 1590 707 1624 γονάτων
723 1590 844 1625 κάμψεσι
856 1590 929 1625 χρώ-

980 1000 1137 1035 Stephanus
1164 1007 1211 1034 per
1232 1000 1355 1035 singulas
1389 1000 1470 1027 horas
1497 999 1715 1035 periclitabatur,
1743 1004 1771 1027 et

979 1050 1094 1074 mortem
1118 1053 1167 1081 per
1196 1045 1338 1080 sanguinis
1362 1045 1475 1072 ﬂuorem
1504 1045 1714 1080 suspicabatur,
1743 1050 1771 1072 et

980 1091 1087 1118 medico
1112 1098 1167 1118 non
1196 1091 1309 1118 invento
1332 1091 1378 1125 qui
1409 1095 1523 1118 mortem
1557 1090 1711 1125 repelleret.
1736 1090 1769 1116 ad

979 1136 1081 1172 Cyrum
1104 1135 1249 1170 navigabat
1274 1140 1421 1171 martyrem
1454 1139 1482 1162 et
1514 1135 1647 1163 Joannem
1686 1135 1769 1168 hujus

980 1181 1109 1216 martyris
1137 1188 1303 1216 comparem.
1334 1181 1383 1207 bos
1403 1181 1575 1215 comperiens
1592 1188 1624 1208 cx
1650 1173 1770 1208 millibus

981 1227 1055 1254 solos
1068 1230 1130 1261 post
1145 1226 1229 1254 Deum
1247 1234 1345 1254 curare
1367 1234 1447 1261 posse
1463 1227 1629 1261 languorem.
1645 1227 1685 1254 Ad
1701 1234 1771 1259 quos

981 1279 1044 1299 cum
1064 1271 1193 1303 venisset,
1208 1275 1235 1297 et
1249 1279 1343 1306 preces
1368 1271 1408 1299 eis
1425 1271 1533 1298 enixius
1551 1271 1706 1303 obtulisset,
1726 1280 1771 1299 au-

981 1319 1056 1346 ditus
1080 1321 1134 1349 est.
1160 1321 1188 1344 et
1205 1324 1220 1343 a
1240 1317 1370 1351 periculis
1387 1318 1555 1344 salvabatnr.
1576 1319 1669 1345 Sancti
1685 1319 1770 1351 enim.

982 1368 1147 1399 apparentes
1165 1364 1192 1390 in
1210 1364 1326 1394 somnis.
1346 1371 1444 1398 porros
1475 1363 1643 1391 manducare
1672 1364 1771 1398 praeci-

982 1411 1071 1445 piunt,
1094 1410 1246 1444 nequeigui
1275 1417 1362 1444 neque
1379 1410 1456 1444 aquis
1470 1409 1566 1437 allalos
1590 1418 1597 1443 ;
1618 1417 1688 1444 quos
1709 1417 1771 1437 cum

982 1455 1061 1482 sicuti
1076 1455 1170 1490 jussus
1189 1459 1231 1482 est
1247 1454 1452 1487 manducasset,
1468 1458 1497 1482 et
1517 1462 1532 1482 a
1544 1455 1617 1481 ﬂuxu
1629 1455 1772 1490 sanguinis

984 1500 1126 1531 liberatus,
1153 1506 1180 1527 et
1193 1494 1344 1535 perfectam
1371 1499 1411 1526 sic
1429 1499 1543 1534 adeptus
1557 1504 1600 1527 est
1613 1501 1770 1528 sanitatem.

1018 1543 1076 1572 Nox
1092 1548 1152 1572 erat
1166 1548 1193 1571 et
1211 1548 1273 1571 ante
1289 1547 1449 1571 sanctorum
1475 1549 1683 1572 monumentum
1700 1549 1773 1573 asta-

983 1590 1041 1624 bat,
1058 1595 1086 1618 ct
1103 1591 1173 1618 hanc
1197 1590 1329 1625 consequi
1355 1590 1518 1625 precabatur
1537 1591 1655 1625 genibus
1682 1590 1771 1624 ﬂexis,

139 1643 230 1668 μενος,
245 1635 292 1661 καὶ
304 1637 365 1667 ταῖς
381 1635 429 1662 τοῦ
445 1636 571 1670 μετώπου
587 1636 655 1672 πρὸς
681 1638 731 1671 γῆν
765 1636 927 1663 κατανεύσε-

984 1640 1009 1662 et
1025 1635 1124 1663 frontis
1149 1635 1262 1662 nutibus
1279 1624 1306 1662 in
1331 1639 1432 1662 terram
1451 1624 1558 1662 defixis.
1575 1635 1607 1662 Et
1632 1643 1694 1662 cum
1722 1636 1774 1663 hoc

140 1689 192 1708 σιν.
211 1681 264 1707 Καὶ
279 1681 357 1708 τοῦτο
371 1681 513 1713 ποιοῦντος
525 1682 620 1715 αὐτοῦ,
632 1682 677 1708 καὶ
686 1682 751 1709 ποτὲ
763 1682 811 1717 μὲν
821 1683 931 1708 ἀνιστα-

141 1727 236 1761 μένου,
264 1727 331 1753 ποτὲ
346 1728 374 1753 δὲ
390 1729 458 1762 πρὸς
480 1728 532 1763 γῆν
557 1728 796 1762 κατανεύοντος,ὴ
825 1727 932 1764 κορυφὴ

138 1773 211 1799 κατὰ
222 1773 308 1807 μέσης
320 1772 473 1806 ἀνοίγεται,
486 1773 533 1799 καὶ
544 1773 647 1806 ταύτης
658 1773 763 1808 ἐκπηδᾷ
779 1773 826 1799 καὶ
838 1772 933 1798 πίπτει

140 1819 336 1853 σκολόπενδρα·
351 1819 444 1853 θηρίον
459 1819 552 1845 τοῦτον
566 1819 692 1855 ὴρίθμοις
705 1819 755 1855 [ita
769 1818 843 1854 cod.|
855 1819 934 1845 ποσὶν

141 1864 358 1899 εῐλυσπώμενον,
388 1865 481 1892 ἀσπίδι
495 1874 524 1891 τε
541 1866 627 1900 μικρᾷ
664 1865 865 1900 παραπλήσιον.
879 1862 933 1897 Ἶις

141 1909 315 1943 ἐκπεσούσης
343 1910 391 1936 καὶ
413 1911 484 1945 φυγῇ
495 1911 672 1945 χρησαμένης
705 1910 743 1941 ὡς
768 1909 893 1944 τάχιστα,
920 1910 934 1936 ὁ

140 1955 279 1989 Στέφανος
295 1954 432 1989 ἔκθαμῦος
446 1955 540 1981 ἵστατο
554 1962 561 1970 ”
577 1955 624 1981 καὶ
649 1954 814 1989 ψηλαφήσεις
836 1955 933 1982 ἑαυτοῦ

142 2001 193 2035 τῆς
208 1999 331 2035 κεφαλῆς
346 2000 376 2026 τὸ
390 2001 565 2035 μεσαίτατον,
582 2000 643 2027 ὅθεν
657 2000 819 2033 ἐξελθοῦσαν
836 2000 935 2036 ᾔσθετο

139 2045 192 2080 τὴν
207 2045 415 2080 σκολόπενδραν,
434 2045 545 2079 τραῦμα
562 2046 611 2080 μὲν
632 2045 702 2071 κατὰ
727 2045 773 2071 τὸν
788 2045 871 2072 τόπον
886 2046 935 2081 οὐχ

141 2090 281 2125 εὕρισκεν,
298 2090 313 2125 ἢ
328 2089 407 2125 ῥύσιν
425 2090 540 2124 αἵματος
558 2090 772 2125 κατεμάνθανεν,
787 2090 935 2125 ὑγρότητος

140 2136 170 2163 δέ
185 2145 259 2168 τινος
270 2137 317 2163 καὶ
329 2137 495 2171 χαυνότητος
511 2137 565 2163 τῶν
589 2138 689 2164 ὀστέων
707 2138 850 2173 ἐπῄσθετο.
878 2138 934 2165 Καὶ

141 2180 214 2207 οὕτω
228 2181 319 2216 τυχὼν
331 2182 380 2216 τῆς
395 2181 503 2214 ἰάσεως,
517 2182 556 2213 εἰς
580 2182 620 2208 ἔτι
644 2183 692 2209 καὶ
708 2182 860 2217 θαυμάζειν
888 2184 936 2209 καὶ

138 2225 290 2260 τεθηλέναι
308 2227 380 2253 ποιεῖ
393 2227 456 2258 τοὺς
466 2226 624 2259 ἀκούοντας,
637 2229 684 2254 καὶ
700 2229 845 2264 συνυμνείν
859 2229 935 2264 αὐτῷ

140 2271 254 2307 τὴντῶν
272 2272 357 2306 ἁγίων
371 2272 534 2305 ἀξιάγαστον
549 2273 673 2308 δύναμιν.
696 2274 791 2308 Ἡμεῖς
810 2274 838 2301 δὲ
852 2274 934 2301 πάλιν

141 2317 190 2342 καὶ
204 2317 324 2344 ἐνταῦθα
335 2318 398 2349 τοὺς
414 2318 641 2353 θαυματουργοὺς
663 2319 833 2355 ὑμνήσαντες
863 2320 934 2356 μάρ-

140 2371 239 2398 τυρας,
269 2363 494 2400 θαυματουργιας
514 2364 597 2400 ἄλλης
617 2364 706 2391 αὕτῶν
740 2365 935 2400 μνημονεύσω-

143 2420 208 2446 μεν.

178 2466 216 2494 εν.
234 2467 305 2501 Περὶ
328 2467 479 2503 Θεοδώρου
501 2467 553 2494 τοῦ
579 2466 739 2498 Βυζαντίου
768 2468 934 2503 ἐσχηκότος

449 2502 483 2527 τὸ
495 2503 629 2536 πύρωμα.

179 2547 232 2573 Τδν
247 2548 281 2574 ὲκ
296 2546 441 2579 Βυζαντίου
468 2547 616 2583 Θεόδωρον,
640 2548 688 2583 οὐχ
720 2549 800 2584 ἡμεῖς
813 2549 881 2585 πρὸς
894 2549 933 2576 δι-

140 2593 244 2628 ήγησιν
258 2593 372 2628 ἄγομεν,
388 2593 455 2620 ἀλλὰ
467 2594 547 2620 πάλιν
555 2594 681 2621 καλοῦσιν
696 2595 720 2620 οἱ
736 2595 820 2629 ἆγιοι,
837 2595 932 2632 ὥσπερ

142 2639 335 2674 καὶπρότερον
351 2639 500 2675 πάσχοντα,
527 2640 594 2675 πρὸς
618 2639 763 2675 θεραπείαν
788 2641 932 2668 ἐκάλεσαν.

143 2685 258 2712 Πάντων
275 2685 328 2719 γὰρ
337 2685 391 2711 τῶν
407 2685 454 2711 ἐπὶ
466 2685 517 2719 γῆς
535 2685 596 2720 ἴσην
627 2685 782 2720 ποιούμενοι
793 2686 930 2720 πρόνοιαν,

142 2732 192 2757 καὶ
208 2731 272 2762 τοὺς
287 2730 464 2764 γειτνιῶντας
477 2731 569 2762 αὐτοῖς
594 2730 688 2757 παθῶν
704 2732 932 2765 ἀπαλλάττουσιν,

143 2778 192 2803 καὶ
208 2777 274 2808 τοὺς
292 2777 385 2812 πόρῤω
400 2776 543 2810 διάγοντας
568 2776 744 2810 ἀφικνεῖσθαι
761 2779 933 2812 προτρέπου-

143 2831 198 2853 σιν,
222 2824 270 2849 καὶ
293 2822 357 2858 παρ’
373 2822 462 2849 αὐτῶν
475 2822 526 2857 τὴν
554 2822 627 2849 ἴασιν
641 2823 789 2858 δρέπεσθαι
802 2832 808 2839 ⁸
839 2824 934 2859 ὥσπερ

142 2867 277 2902 λειμῶνος
294 2868 407 2904 φαιδροῦ
421 2869 467 2895 καὶ
483 2869 520 2903 μὴ
541 2869 670 2903 λήγοντος
686 2869 796 2901 εὐώδεις
810 2870 864 2897 τῶν
884 2871 933 2897 ἀν·

142 2912 214 2940 θέων
239 2913 301 2944 τοὺς
335 2913 466 2945 κάλυκας.
490 2912 642 2949 Ἠρρώστει
672 2914 722 2948 μὲν
748 2914 795 2940 καὶ
831 2915 935 2941 Θεόδω-

359 2977 372 2992 \

950 2305 973 2333 D

986 1681 1101 1712 faceret.
1116 1685 1144 1708 et
1157 1681 1306 1716 aliquando
1319 1681 1429 1716 quidem
1446 1689 1461 1709 θ
1475 1685 1572 1708 contra
1588 1685 1684 1714 staret,
1701 1682 1773 1709 alio-

984 1727 1050 1761 quin
1063 1734 1128 1754 vero
1145 1727 1171 1754 in
1188 1730 1288 1754 terram
1311 1734 1372 1754 sese
1393 1730 1532 1758 curvaret,
1548 1729 1641 1753 vertex
1653 1733 1701 1760 per
1715 1734 1774 1753 me-

984 1772 1060 1799 dium
1077 1773 1208 1807 aperitur.
1221 1778 1246 1800 et
1260 1780 1292 1800 ex
1309 1772 1361 1799 hoc
1375 1772 1438 1799 salit
1453 1775 1479 1798 ct
1495 1771 1568 1799 cadit
1579 1772 1772 1806 scolopendra,

983 1825 1044 1852 quae
1060 1822 1103 1844 est
1118 1817 1204 1844 bestia
1229 1818 1383 1845 numerosis
1406 1816 1522 1851 pedibus
1548 1817 1676 1852 gradiens
1698 1818 1773 1852 aspi-

983 1865 1066 1899 dique
1078 1864 1184 1898 pusilla:
1199 1863 1351 1891 simillima.
1363 1862 1421 1895 Qua
1436 1866 1533 1889 ruente
1548 1865 1574 1889 et
1587 1862 1677 1897 fugam
1690 1870 1774 1896 quau-

985 1911 1075 1937 tocius
1090 1909 1212 1940 ineunte,
1239 1908 1411 1944 stupefactus
1429 1907 1585 1942 Stephanus
1608 1909 1698 1934 stabat
1717 1909 1774 1942 pal-

985 1961 1108 1989 pansque
1131 1953 1230 1989 capitis
1255 1953 1297 1980 sui
1320 1953 1452 1985 mcdittm,
1470 1954 1541 1979 unde
1563 1954 1773 1988 scolopendram

986 2000 1061 2026 illam
1090 2003 1214 2027 senserat
1241 2000 1341 2032 exisse,
1365 2007 1415 2026 nec
1437 1999 1540 2027 vulnus
1562 2000 1588 2026 in
1611 2000 1671 2027 loco
1698 2000 1774 2028 inve-

986 2047 1086 2079 niebat,
1116 2053 1168 2073 nec
1194 2045 1307 2073 ﬂuorcm
1335 2045 1477 2080 sanguinis
1508 2046 1692 2080 agnoscebat.
1726 2047 1774 2074 sed

986 2095 1091 2118 tantum
1107 2091 1249 2117 humorem
1265 2089 1422 2124 quemdam,
1437 2093 1465 2116 et
1486 2089 1650 2116 laxationem
1670 2089 1773 2116 ossium

985 2136 1153 2164 advertebat.
1174 2135 1225 2168 Qui
1251 2135 1342 2162 taliter
1370 2134 1487 2162 sanitate
1515 2133 1600 2160 frctus
1627 2132 1740 2168 [fruitus
1751 2132 1773 2168 ?]

987 2187 1101 2211 eatenus
1114 2182 1230 2209 miratur
1243 2185 1271 2208 et
1287 2181 1466 2216 obstupescit,
1482 2186 1509 2207 et
1523 2180 1666 2207 audientes
1679 2179 1773 2206 mirari

986 2228 1050 2256 facit
1066 2232 1094 2256 et
1107 2227 1311 2262 obstupescere,
1325 2234 1473 2260 secumque
1494 2226 1606 2253 laudare
1619 2229 1775 2253 sanctorum

986 2274 1096 2309 dignam
1122 2272 1303 2299 admiratione
1329 2272 1470 2299 virtutem.
1492 2271 1578 2298 Porro
1603 2279 1654 2299 nos
1679 2274 1705 2298 et
1732 2270 1776 2297 hic

987 2319 1086 2346 iterum
1122 2322 1256 2353 martyras
1290 2316 1487 2344 miraculorum
1519 2322 1679 2351 operatores
1714 2316 1775 2343 lau-

988 2363 1094 2395 dantes,
1113 2363 1227 2391 alterius
1244 2370 1339 2390 eorum
1365 2362 1465 2397 patrati
1490 2362 1615 2390 miraculi
1641 2362 1775 2390 faciamus

988 2415 1156 2436 memoriam.

1003 2466 1059 2493 LX.
1076 2465 1114 2492 De
1134 2465 1265 2492 Theodoro
1282 2464 1412 2500 Byzantio
1429 2465 1473 2500 qui
1489 2464 1639 2491 incendium
1654 2464 1756 2492 habuit.

1021 2545 1078 2573 Non
1092 2552 1142 2573 nos
1157 2552 1170 2571 a
1191 2545 1321 2580 Byzantio
1345 2544 1379 2571 ad
1402 2545 1587 2572 narrationem
1600 2544 1775 2573 Theodorum

986 2592 1122 2624 ducimus,
1147 2591 1194 2618 sed
1220 2592 1307 2618 sancti
1333 2591 1407 2619 hunc
1432 2592 1530 2619 iterum
1554 2595 1663 2625 vocant,
1678 2600 1773 2626 quem-

986 2637 1132 2664 admodum
1158 2636 1222 2663 dum
1251 2641 1400 2671 pateretur,
1419 2636 1452 2663 ad
1473 2637 1643 2664 curationem
1661 2644 1774 2672 prorsus

987 2688 1161 2712 vocaverant.
1187 2683 1315 2711 Omnium
1343 2685 1454 2719 quippe,
1475 2685 1522 2720 qui
1551 2692 1634 2719 supra
1658 2689 1771 2716 terram.

985 2739 1090 2766 mquam
1113 2731 1313 2766 providentiam
1338 2730 1481 2764 facientes,
1505 2735 1532 2758 et
1554 2739 1601 2759 eos
1623 2733 1669 2766 qui
1691 2731 1774 2759 vicini

986 2777 1037 2805 sibi
1050 2781 1114 2804 sunt
1136 2785 1150 2804 a
1173 2777 1348 2811 passionibus
1364 2776 1490 2805 liberant.
1508 2781 1535 2804 et
1554 2777 1599 2812 qui
1616 2778 1709 2811 procul
1724 2777 1758 2804 de

985 2827 1062 2857 gunt,
1091 2823 1195 2854 venire,
1224 2828 1252 2850 et
1271 2830 1286 2849 a
1313 2830 1342 2849 se
1370 2823 1523 2853 sanitatem.
1550 2823 1627 2856 quasi
1655 2829 1670 2848 τι
1693 2826 1762 2856 prati

985 2868 1137 2897 delectabili
1160 2874 1185 2895 et
1212 2875 1321 2896 alumno
1344 2868 1407 2895 boni
1431 2867 1524 2895 odoris
1545 2867 1640 2894 ﬂorum
1662 2867 1772 2902 calycas

986 2920 1090 2943 metere
1103 2915 1294 2943 cohortantur.
1306 2914 1500 2942 lnﬂrmabatur
1513 2913 1586 2941 enim
1598 2911 1770 2942 Theodorus.
