1908 3078
85 166 155 199 3641

87 224 160 258 ὑμᾶς
186 223 346 258 ἐρχομένοις
360 223 519 259 χαρίζεσθε.
539 224 571 251 Tt
583 223 629 252 οὖν
649 227 688 259 εις
702 227 775 262 ὑμᾶς
791 227 879 264 ἁμαρ·
895 229 916 258 Λ

85 269 210 305 τήσασάν
222 278 257 304 με
271 269 418 305 παρίδετε;
433 270 450 306 ἦ
464 270 545 297 ποίαν
557 270 611 297 τῶν
628 271 771 308 ὑμετέρων
787 273 882 300 κελεύ-

88 325 157 343 σεων
182 315 372 352 [παραϐᾶσαν]
393 317 602 349 ἀνεπισκέπτως
627 319 786 353 παρήλθετε
802 329 809 353 ;
827 320 844 355 ἦ
858 320 884 346 τί

87 362 149 389 καθ’
164 359 222 388 οἷον
236 361 269 397 δή
280 370 346 388 ποτε
355 362 456 397 τρόπον
467 362 537 399 λυπή
543 371 639 397 σασαν,
653 364 708 390 τῶν
730 364 884 400 φιελανθρώο

86 416 147 434 πων
166 407 246 442 ὑμῶν
272 407 383 442 δωρεῶν
412 409 598 444 ἑστερήσατε;
630 409 708 443 κάγὼ
734 411 784 445 μὲν
807 410 884 437 οὐδὲν

87 453 211 488 ἐμαυτὴν
224 452 283 480 οἶδα
296 454 350 481 τῶν
362 454 493 481 τοιούτων
522 455 563 487 εἰς
582 455 655 490 ὑμᾶς
682 456 884 492 πλημμελήσα-

87 508 148 526 σαν.
165 499 197 526 Et
213 499 242 526 δέ
267 509 294 526 τι
319 499 374 527 τῶν
389 500 543 536 εἰρημένων
566 510 611 536 μοι
637 501 808 536 πέπρακται,
838 504 885 530 καὶ

86 544 173 580 λήθης
191 545 309 580 ἱματίων
323 545 509 579 καλύπτεται,
527 547 608 574 τοῦτό
618 556 673 582 μοι,
691 547 799 583 δέομαι,
811 549 884 584 φρά-

87 599 167 624 σατε,
182 592 229 618 καὶ
253 590 387 627 σύντομον
413 591 497 619 αὑτοῦ
527 593 678 629 ποιήσομαι
699 594 749 627 τὴν
769 594 884 630 διόρθω-

88 646 146 665 σιν.

123 683 234 710 Τούτων
246 683 270 710 οἱ
285 683 358 718 ἅγιοι
380 684 450 720 πρὸς
480 684 530 720 τῆς
550 684 683 720 Ῥοδόπης
704 685 883 719 ἀκούσαντες,

86 730 141 757 οὐκ
160 729 344 765 ἀτιμάζουσιν
364 729 452 765 αὐτῆς
468 729 519 766 τὴν
531 729 687 766 ἀμώμητον
699 731 805 767 δέησιν,
816 731 886 760 ἀλλὰ

88 776 161 810 πρὸς
177 775 263 811 αὐτὴν
273 776 502 811 ἐπιστρέψαντες,
523 776 656 809 τοιούτοις
668 777 754 813 αὐτὴν
772 779 821 805 καὶ
835 779 886 805 at“)-

87 821 131 848 τοὶ
148 821 378 857 παραμυθοῦνται
391 823 447 854 τοῖς
464 822 604 857 ῥήμασιν·
620 823 676 858 Οὐχ
689 823 728 855 ὡς
742 825 782 855 εις
800 825 886 860 ἡμᾶς,

87 864 217 900 (nam,
244 867 487 903 πλημμελήσασαν
511 867 700 904 παρήλθομεν,
725 871 781 897 οὐδ’
802 870 840 902 ῶς
859 879 885 897 τι

88 914 144 940 τ-ἶιν
158 914 312 949 ἡμετέρων,
328 915 365 946 ὡς
381 914 459 950 ἔφης,
475 919 698 953 προσταγμάτων
710 919 886 954 πατήπασαν,

88 961 148 986 ἀλλ’
174 960 217 987 ὅτι
250 969 297 987 σου
315 961 364 996 τὴν
395 962 525 990 ἀνάλυσιν
550 963 715 999 ἐγγίζουσαν
739 964 886 1000 βλέπομεν,

88 1007 138 1032 καὶ
152 1006 201 1032 τοῦ
218 1007 390 1042 προσκαίρου
416 1007 474 1042 βίου
485 1008 515 1036 τὸ
528 1009 678 1045 πλήρωμα,
692 1011 740 1037 καὶ
753 1011 803 1045 τῆς
817 1019 889 1046 παρ-

87 1052 175 1086 ούσης
190 1052 263 1087 ζωῆς
271 1052 320 1087 τὴν
331 1052 473 1087 ἀπόθεσιν,
489 1055 536 1081 καί
550 1057 601 1090 τῆς
617 1056 646 1082 ἐν
666 1056 777 1091 Χριστῷ
792 1056 889 1092 κοιμή-

89 1105 160 1128 σεως
176 1097 227 1132 τὴν
238 1098 427 1133 ἀπαραίτητον
438 1098 530 1133 ἄφιξιν
540 1109 546 1114 ·
558 1096 596 1126 ὧν
612 1101 661 1135 οὐχ
674 1102 755 1136 ἡμεῖς
776 1101 889 1136 δοτῆρες

88 1143 106 1178 ἢ
127 1143 243 1170 διῶκται
267 1144 451 1179 τυγχάνομεν,
484 1145 554 1172 ἀλλὰ
581 1146 725 1181 Χριστὸςό
740 1146 794 1174 τῶν
820 1147 889 1174 ὅλων

88 1189 159 1221 Θεὸς
175 1190 224 1216 καὶ
236 1189 374 1225 Δεσπότης
391 1190 439 1217 καὶ
464 1190 610 1226 πρύτανις,
623 1193 637 1218 ὁ
651 1191 725 1227 ζωῆς
739 1192 788 1218 καὶ
803 1192 887 1220 θανά-

87 1244 139 1262 του
170 1236 295 1271 κατέχων
318 1236 382 1268 τοὺς
399 1236 507 1268 οἴακας.
523 1237 555 1263 Tt
569 1234 616 1264 οὖν
632 1238 713 1272 ἡμεῖς
724 1237 793 1272 πρὸς
803 1237 891 1264 ταῦτα

89 1290 135 1308 σοι
149 1281 303 1317 ὃράσομεν;
316 1281 332 1315 ἢ
350 1282 431 1313 ποίας
457 1282 611 1314 ἀθανασίας
628 1283 762 1319 ὀρέξομεν
777 1283 891 1319 φάρμασ

89 1336 158 1360 κονς
175 1328 216 1359 εις
230 1327 258 1354 τι
271 1327 301 1354 δὲ
314 1328 386 1363 καὶὴ
402 1327 486 1363 ρῶσις
500 1329 644 1363 δοθήσεται
656 1338 663 1362 ;
677 1329 694 1363 ἢ
705 1329 731 1355 τι
743 1329 794 1364 τῆς
807 1329 892 1364 θερα-

89 1373 171 1404 πείας
194 1372 226 1399 τὺ
250 1374 410 1408 χρήσιμον;
436 1374 479 1404 τίς
506 1373 528 1399 δ’
559 1374 574 1399 ὁ
603 1373 690 1400 ταῦτα
712 1374 780 1409 πρὸς
813 1375 892 1409 ἡμῶν

89 1419 276 1454 κομισόμενος
290 1427 299 1452 ;
315 1418 332 1455 ἢ
347 1420 389 1451 τίς
407 1420 421 1446 ὁ
435 1419 542 1451 τούτοις
555 1420 699 1455 ἐντρυφῶν
709 1420 891 1455 δωρήμασιν;

90 1465 129 1492 Σὺ
145 1464 201 1500 γὰρ
227 1465 297 1500 μετὰ
324 1465 495 1501 βραχυτάτου
520 1465 618 1501 καιροῦ
646 1466 683 1492 τὰ
710 1466 764 1492 τῶν
789 1466 893 1501 βροτῶν

90 1512 295 1545 καταλείψασα,
312 1512 362 1547 τὴν
377 1511 489 1538 πάντων
508 1511 569 1538 ὁδὸν
591 1512 713 1544 ὁδεύσεις
729 1511 892 1544 ὑπνώσασα,

90 1557 126 1592 ἣν
143 1557 289 1584 ἀπόστολοι
305 1557 352 1584 καὶ
371 1558 509 1592 προφῆται
523 1558 571 1584 καὶ
590 1557 730 1593 μάρτυρες
754 1557 888 1590 ὥδευσαν,
902 1570 925 1601 C

91 1605 142 1629 καὶ
159 1603 279 1638 Χριστὸς
305 1603 387 1640 αὐτὸς
400 1604 414 1629 ὁ
429 1604 479 1638 τῆς
505 1603 578 1638 ζωῆς
598 1604 720 1639 ἀρχηγὸς
743 1605 890 1639 γενόμενος

90 1650 257 1685 ἄνθρωπος·
275 1651 300 1676 εἰ
313 1650 361 1676 καὶ
390 1651 512 1685 τριταῖος
542 1649 663 1681 ἀναστὰς
678 1651 742 1681 τοὺς
756 1650 807 1685 τῆς
825 1650 892 1676 ἁνα-

92 1697 220 1727 στάσεως
247 1697 313 1731 ἡμῖν
341 1695 505 1731 ἀρραϐῶνας
537 1696 701 1731 παρέσχετο.
724 1695 888 1731 Ἐγερθείσα

92 1743 162 1776 γοῦν
182 1743 273 1775 ἄπιθι,
305 1737 353 1769 κάξ
380 1743 431 1777 τὴν
455 1742 550 1769 ἑστίαν
580 1741 719 1769 κατάλαῦε
751 1742 846 1777 πρὶνὴ
862 1750 891 1768 σε

91 1789 186 1823 ψυχῆς
200 1789 235 1815 ἐκ
251 1788 301 1814 τοῦ
330 1787 458 1823 σώματος
484 1787 633 1815 καταλάϐοι
658 1787 806 1820 διάζευξις.
839 1787 894 1814 Καὶ

92 1835 184 1862 ταῦτα
205 1835 256 1870 μὲν
281 1836 430 1870 φήσαντες,
458 1835 579 1869 ἀπῆλθον
606 1835 630 1861 οἱ
657 1834 750 1868 ἆγιοι·
775 1834 844 1869 αὐτὴ
865 1833 894 1860 δὲ

94 1882 206 1917 πρωῐας
221 1882 260 1913 εὶς
276 1881 354 1907 πόλιν
369 1881 494 1915 ἀφίκετο,
507 1881 555 1907 καὶ
582 1880 753 1915 θαυμάζοντι
766 1879 805 1915 τῷ
817 1880 895 1915 ἀνδρὶ

94 1928 148 1962 τῆς
172 1926 305 1953 ἐπανόδου
319 1926 350 1953 τὸ
364 1926 502 1959 σύντονον,
517 1925 566 1961 τὴν
580 1925 634 1952 τῶν
662 1926 810 1961 μαρτύρων
825 1934 895 1960 προ-

95 1973 215 2008 φητείαν
231 1972 413 2007 ἀπήγγελλενσ
426 1972 474 1999 καὶ
491 1972 550 2007 μετ’
564 1972 595 1998 οὺ
608 1971 710 2002 πολλὰς
724 1971 774 2003 τὰς
784 1972 894 2006 ἡμέρας

95 2007 194 2050 δεινῶς
213 2018 411 2054 ἐπιϐρύσαντος
429 2017 478 2044 τοῦ
501 2007 666 2053 νοσήματος,
694 2017 764 2052 πρὸς
792 2017 897 2051 Κύριον

96 2065 280 2100 ἐξεδήμησεν,
296 2064 334 2095 ὡς
349 2063 424 2099 παρὰ
437 2063 493 2090 τῶν
506 2063 592 2097 ἁγίων
609 2063 736 2089 ἐπύθετο.
758 2063 854 2097 Ἡμεῖς
866 2062 897 2088 δὲ

96 2111 243 2140 κάνταῦθα
255 2111 302 2137 ἐπὶ
319 2112 352 2146 τῇ
368 2111 520 2146 προρρήσει
535 2112 585 2144 τῆς
605 2110 739 2145 Ῥοδόπης
750 2109 893 2143 τελευτῆς,

97 2159 164 2190 τοὺς
179 2157 362 2192 προειπόντας
375 2156 576 2190 θαυμάσαντες,
597 2155 646 2182 καὶ
662 2155 712 2190 τὴν
729 2155 796 2188 περὶ
811 2155 897 2190 αὐτῆς

97 2204 229 2238 διήγησιν
246 2202 486 2235 καταπαύσαντες,
510 2201 555 2228 ἐπ’
570 2201 651 2228 ἄλλον
667 2200 807 2236 θαύματος
822 2201 897 2235 ἀγω-

99 2249 153 2283 γὴν
164 2248 379 2283 ὲκδημήσωμεν.

100 2294 160 2322 Et".
178 2295 248 2328 Περὶ
271 2293 422 2320 Ἐλπίδιου
437 2292 490 2319 τοῦ
505 2292 539 2319 ἐκ
555 2291 741 2327 neptem-alae
754 2290 898 2327 δίεν-συμέ-

353 2336 409 2355 νου
424 2328 458 2354 τὸ
475 2327 648 2361 πρόσωπον.

138 2376 253 2412 Παρίτω
267 2375 336 2410 μετὰ
355 2374 486 2408 Ῥοδόπης
494 2372 638 2405 Ἐλπίδιος,
653 2372 702 2399 καὶ
719 2372 782 2403 τοὺς
793 2372 898 2407 ἀκροαο

103 2421 153 2454 τὰς
167 2419 286 2447 ἑστιάτω
310 2419 350 2454 τῷ
366 2417 428 2445 κατ’
441 2417 524 2444 αὑτὸν
540 2416 621 2448 εὐθὺς
634 2416 785 2451 διηγήματι
800 2424 808 2431 ·
826 2416 900 2443 ἐστιν

104 2468 161 2502 γὰρ
175 2465 257 2493 τοῦτο
270 2465 332 2492 λίαν
356 2463 449 2490 ἰκανὸν
474 2463 544 2498 πρὸς
567 2462 699 2495 ἑστίασιν,
726 2463 773 2488 καὶ
789 2462 900 2497 τρέφειν

105 2514 175 2543 etab;
198 2511 320 2542 εὐσεϐῶς
330 2510 392 2541 τοὺς
409 2509 571 2540 ἀκούοντας.
583 2506 666 2540 Οὗτος
682 2508 797 2543 ἐχθροὺς
814 2507 895 2542 ἔχων,

104 2560 143 2591 ὡς
157 2559 260 2590 ἔοικεν,
277 2556 322 2583 ἀεὶ
342 2555 505 2591 μοχθηρίαις
522 2554 704 2589 συζήσαντας,
720 2553 767 2580 καὶ
779 2553 901 2588 παρανό-

107 2614 167 2640 μων
184 2603 273 2639 ἔργων
288 2602 408 2637 ἐργάτας
431 2601 616 2635 τυγχάνοντας
627 2619 634 2632 ,
650 2599 813 2634 περιεργείᾳ
833 2598 901 2634 πρὸς

106 2650 199 2679 αὐτῶν
213 2648 405 2678 ὑποϐάλλεται,
415 2647 445 2674 οὐ
462 2646 633 2682 μαγγανείαν
644 2645 765 2677 ὑποστὰς
775 2645 820 2671 διὰ
834 2644 902 2680 βρώ-

107 2704 188 2727 σεως,
205 2694 223 2729 ἢ
238 2693 401 2728 δηλητήριον
414 2691 505 2718 λαϐὼν
517 2691 561 2718 διὰ
571 2691 689 2723 πόσεως,
703 2690 771 2717 ἀλλὰ
785 2689 902 2724 πληγεὶς

108 2741 227 2777 ἀφειδῶς
246 2740 290 2766 διὰ
314 2738 452 2773 δαίμονος,
483 2738 531 2764 καὶ
558 2735 681 2771 μυσαροῦ
715 2735 764 2762 καὶ
787 2736 903 2770 μέγιστα

111 2789 275 2823 βλάπτοντος
290 2786 445 2820 πνεύματος
458 2795 468 2815 -_
481 2786 524 2812 ἀεὶ
544 2784 599 2819 γὰρ
615 2783 697 2810 αὑτοῦ
715 2784 770 2810 πᾶν
787 2784 903 2809 ἐδονεῖτο

110 2834 139 2860 τὸ
156 2833 304 2868 πρόσωπον
316 2839 322 2847 ·
342 2831 402 2857 καθ’
414 2829 445 2857 οὗ
459 2830 506 2857 καὶ
517 2830 567 2864 τὴν
584 2829 691 2864 πληγὴν
705 2828 810 2863 ὑπῆρξε
825 2828 904 2861 δεξά-

115 2886 193 2914 μενος
211 2887 220 2894 ·
237 2878 306 2913 ὅπερ
322 2876 456 2908 ἀκουσίως
477 2876 524 2903 καὶ
539 2875 634 2912 βιαίως
652 2874 791 2911 σειόμενον
804 2874 903 2910 ἐαυτῷ,

591 171 643 202 SS.
658 172 745 202 CYRI
766 173 814 202 ET
833 173 995 204 JOANNIS
1013 174 1225 205 MIRACUIA.

910 2240 938 2271 D

1659 176 1729 209 3642

931 229 1060 257 omnibus
1087 231 1134 264 qui
1165 229 1198 256 ad
1237 236 1284 257 vos
1310 229 1446 256 accedunt
1482 229 1601 258 donatis.
1626 230 1729 265 thuid

934 283 1001 311 ergo
1021 283 1063 304 me
1085 277 1114 304 in
1130 284 1177 304 vos
1200 281 1360 311 peccantem
1384 276 1568 311 despexistis?
1584 281 1632 304 aut
1646 286 1728 312 quzmi

934 321 1091 356 jussionum
1126 325 1280 349 vestrarum
1328 329 1371 349 me
1411 325 1632 356 transgressam,
1668 323 1730 349 sine

931 367 1123 395 consolatione
1150 367 1309 394 trartsistis?
1336 371 1384 394 aut
1410 374 1497 401 quare
1520 374 1564 394 me
1590 367 1730 401 quomodo

934 422 985 442 vos
1007 415 1217 442 contristantem
1243 413 1471 441 utisericordibus
1499 414 1659 441 muneribus
1681 421 1729 441 ve-

936 461 1003 489 stris
1021 460 1172 496 privastis?
1195 459 1228 488 Et
1243 467 1293 495 ego
1309 460 1419 494 quidem
1441 459 1480 486 nil
1502 459 1564 487 novi
1581 467 1624 486 me
1638 460 1665 487 in
1680 467 1730 487 vos

938 507 1096 541 huiusmodi
1117 505 1280 540 deliquisse.
1300 505 1328 532 Si
1347 512 1411 532 vero
1426 512 1441 531 a
1455 512 1499 532 me
1516 504 1666 539 quidquam
1680 512 1729 532 eo-

938 560 997 580 rum
1026 560 1087 588 quae
1117 552 1190 580 dicta
1219 555 1284 579 sunt
1313 554 1510 586 perpetratum,
1532 555 1558 578 et
1583 550 1730 578 oblivionis

937 604 1014 627 veste
1034 603 1195 634 coOpertum
1211 601 1264 629 est,
1279 597 1331 624 hoc
1354 596 1434 629 mihi,
1446 596 1574 628 obsecro,
1592 596 1685 629 dicite,
1703 601 1730 624 et

938 644 990 672 hoc
1005 645 1063 678 ipsa
1076 643 1183 671 concito
1198 642 1346 677 corrigam.
1364 650 1374 667 ι

974 688 1023 716 His
1046 687 1136 716 sancti
1162 695 1178 714 a
1205 687 1339 722 Rhodope
1358 686 1472 720 auditis,
1487 694 1541 714 non
1565 687 1732 714 inhonorant

937 735 999 769 ejus
1030 733 1236 761 immaculatam
1268 732 1507 767 deprecationem,
1528 731 1576 760 sed
1605 732 1732 760 conversi

938 780 973 808 ad
993 787 1053 808 eam
1073 780 1177 808 talibus
1192 779 1265 807 illam
1286 783 1313 806 et
1329 778 1381 814 ipsi
1398 778 1573 817 semionibus
1589 778 1733 806 consolan-

938 831 984 854 tur
1003 835 1010 854 :
1028 826 1087 854 Non
1115 830 1246 861 tanquam
1267 833 1329 861 quae
1359 825 1386 853 in
1403 832 1455 853 nos
1468 825 1628 860 deliqueris,
1641 833 1657 852 o
1673 833 1732 852 mu-

939 874 1001 906 lier,
1018 877 1046 901 te
1068 873 1281 909 praeterivimus,
1306 879 1395 908 neque
1415 876 1545 907 tanquam
1571 879 1632 906 qua:
1651 871 1734 906 quid-

940 921 1013 956 piam
1029 927 1060 947 ex
1078 919 1192 952 nostris,
1212 923 1241 945 ut
1261 918 1313 951 ais,
1338 917 1485 953 praeceptis
1507 917 1669 950 calcaveris,
1686 917 1733 944 sed

939 968 1004 1001 quia
1034 965 1232 993 resolutionem
1261 969 1335 991 tuam
1364 963 1491 991 videmus
1517 963 1681 998 appropiare
1707 967 1735 990 et

941 1011 1100 1048 temporalis
1127 1012 1191 1039 vita:
1216 1010 1506 1041 consummationem,
1535 1013 1562 1036 et
1591 1010 1734 1044 praetentis

940 1058 1152 1094 depositionem,
1171 1063 1197 1085 et
1214 1057 1240 1084 in
1255 1056 1367 1084 Christo
1380 1055 1569 1083 inevitabilem
1588 1055 1734 1082 dormitio-

941 1107 984 1134 nis
1002 1111 1154 1138 accessum,
1170 1110 1289 1138 quorum
1315 1102 1439 1130 omnium
1466 1108 1521 1128 non
1548 1108 1599 1128 nos
1623 1100 1735 1129 datores

942 1154 984 1181 vol
1013 1155 1204 1188 persecutores
1233 1157 1346 1180 sumus.
1373 1147 1421 1175 sed
1455 1147 1584 1174 Christus
1611 1147 1733 1174 omnim

942 1200 1014 1228 Deus
1034 1203 1060 1227 et
1083 1198 1241 1226 dominator
1255 1200 1283 1223 et
1299 1195 1438 1231 princeps,
1456 1194 1503 1229 qui
1529 1193 1591 1220 vitae
1610 1200 1642 1220 ac
1661 1200 1734 1220 mor-

942 1248 978 1274 tis
994 1246 1094 1274 retinet
1112 1243 1310 1280 gubernacula.
1328 1241 1400 1275 Quid
1415 1247 1482 1276 ergo
1499 1247 1548 1267 nos
1562 1239 1595 1266 ad
1611 1239 1668 1266 haec
1684 1238 1734 1266 tibi

943 1291 1124 1327 patrabimns,
1142 1292 1190 1316 aut
1210 1285 1426 1314 immortalitatis
1451 1284 1624 1319 porrigemus
1647 1290 1735 1311 reme-

943 1336 1039 1365 dium?
1058 1336 1088 1363 ln
1105 1341 1160 1369 quo
1177 1337 1269 1360 autem
1286 1331 1390 1360 sanitas
1406 1329 1535 1357 dabitur?
1554 1335 1601 1356 aut
1616 1337 1675 1364 qua
1695 1332 1738 1357 est

943 1382 1096 1411 curationis
1112 1379 1236 1408 utilitas?
1251 1378 1319 1412 Quis
1337 1384 1401 1404 vero
1422 1381 1464 1404 est
1484 1377 1529 1411 qui
1550 1376 1607 1403 haec
1627 1383 1641 1402 a
1657 1375 1737 1403 nobis

944 1428 1033 1456 ferat?
1047 1427 1092 1455 vel
1107 1425 1169 1461 quis
1186 1424 1233 1460 qui
1249 1423 1347 1450 horum
1364 1422 1484 1457 potiatur
1500 1420 1682 1461 muneribus?
1696 1420 1736 1448 'I'u

943 1476 1017 1503 enim
1032 1477 1093 1509 post
1110 1471 1248 1508 paululum
1263 1477 1324 1504 qua:
1341 1473 1404 1496 sunt
1420 1468 1576 1495 mortalium
1594 1467 1738 1498 deserens,

945 1522 1017 1549 viam
1044 1521 1208 1547 cunctorum
1236 1515 1302 1547 ibis,
1327 1517 1492 1549 soporatura
1521 1520 1575 1548 qua
1606 1512 1735 1548 apostoli,

943 1566 1081 1603 propheta:
1115 1571 1148 1591 ac
1172 1566 1306 1597 martyres
1321 1560 1460 1591 abierunt,
1481 1562 1509 1586 et
1533 1558 1662 1586 Christus
1680 1558 1739 1593 ipse

942 1618 1039 1641 auctor
1057 1611 1120 1638 vitze
1150 1608 1241 1636 factus
1269 1607 1362 1638 homo,
1387 1604 1514 1640 quamvis
1539 1603 1673 1631 tertianus
1696 1610 1740 1630 re-

942 1665 1058 1693 surgens
1093 1653 1307 1683 resurrectionis
1341 1651 1422 1679 nobis
1441 1651 1538 1678 arrhas
1571 1648 1739 1684 praestiterit.

943 1703 1031 1737 Surge
1050 1702 1152 1735 itaque,
1170 1699 1249 1730 vade,
1266 1702 1294 1725 et
1318 1697 1351 1724 ad
1379 1696 1490 1724 domum
1517 1694 1654 1730 propriam
1678 1701 1740 1728 pro-

943 1749 1079 1782 ﬁciscere,
1097 1750 1242 1780 antequam
1259 1748 1285 1771 te
1302 1743 1400 1770 anima:
1421 1749 1436 1769 a
1455 1749 1572 1776 corpore
1589 1739 1741 1775 disjunctio

944 1794 1045 1829 capiat.
1069 1793 1101 1819 Et
1113 1792 1156 1819 his
1181 1790 1293 1826 quidem
1311 1789 1410 1821 dictis,
1425 1788 1513 1815 sancti
1527 1788 1666 1814 abierunt.
1679 1785 1740 1820 Ipsa

944 1847 1009 1867 vero
1026 1846 1107 1866 mane
1130 1837 1164 1864 ad
1188 1835 1325 1863 civitatem
1344 1834 1467 1870 profecta
1490 1839 1542 1865 cst,
1561 1837 1588 1860 ct
1610 1833 1669 1860 viro
1691 1832 1740 1859 mi-

945 1885 1015 1913 ranti
1034 1882 1204 1911 reversionis
1220 1879 1425 1915 compendium,
1443 1878 1614 1912 prophetiam
1634 1881 1740 1912 marty-

945 1938 1007 1958 rum
1024 1928 1163 1956 recitavit.
1188 1926 1222 1952 Et
1239 1934 1292 1952 non
1309 1928 1372 1960 post
1392 1925 1494 1950 multos
1519 1923 1578 1950 dies
1599 1922 1658 1949 dire
1680 1929 1742 1956 gra-

947 1978 1073 2002 vescente
1088 1973 1230 2006 languore,
1248 1970 1282 1997 ad
1297 1969 1382 1995 Deum
1398 1967 1520 2003 profecta
1536 1971 1588 1999 est,
1604 1971 1634 1993 ut
1648 1975 1661 1993 a
1679 1973 1743 1993 san-

946 2021 999 2048 ctis
1012 2019 1156 2047 didicerat.
1172 2017 1226 2044 Nos
1241 2020 1332 2043 autem
1350 2015 1433 2042 etiam
1450 2013 1494 2040 hic
1514 2020 1597 2048 super
1612 2011 1743 2039 vaticinio

947 2065 1046 2093 mortis
1067 2063 1224 2096 Rhodopes,
1241 2061 1302 2088 illos
1321 2059 1368 2094 qui
1392 2058 1574 2094 praedixerant
1601 2056 1742 2083 admiran-
1784 2086 1788 2090 1

947 2115 1000 2144 tes,
1016 2114 1044 2139 ct
1059 2109 1245 2137 narrationem
1261 2106 1294 2133 de
1310 2107 1368 2140 ipsa
1385 2105 1556 2136 deserentes,
1572 2104 1607 2130 ad
1629 2102 1744 2130 alterius

948 2156 1150 2185 institutionem
1166 2153 1292 2181 miraculi
1310 2150 1504 2196 procedamus.

949 2294 1042 2323 LXIII.
1061 2293 1100 2324 De
1119 2292 1243 2328 Helpidio
1264 2299 1297 2320 ea:
1323 2290 1456 2326 maleficio
1478 2290 1574 2325 faciem
1597 2289 1742 2323 quatiente.

986 2378 1090 2405 Prasto
1108 2376 1144 2405 sit
1167 2378 1229 2411 post
1246 2374 1398 2408 Rhodopen
1418 2370 1573 2406 Helpidius,
1588 2374 1617 2398 et
1633 2377 1695 2396 mox
1710 2369 1746 2397 de

951 2432 981 2453 se
996 2424 1069 2452 facta
1089 2423 1225 2450 relatione
1244 2419 1344 2447 reﬁciat
1368 2418 1526 2450 auditores;
1542 2421 1587 2444 est
1601 2417 1674 2443 enim
1693 2416 1745 2443 hoc

951 2470 1020 2499 satis
1032 2469 1160 2497 idoneum
1175 2467 1209 2494 ad
1222 2465 1421 2501 epulationem.
1434 2470 1466 2490 ac
1478 2463 1521 2496 pie
1533 2462 1639 2489 nutrire
1653 2461 1746 2489 sciens

952 2516 1105 2544 audientes.
1121 2513 1172 2540 Hie
1192 2512 1322 2539 nimirum
1342 2509 1468 2537 inimicos
1488 2508 1602 2540 habens,
1620 2506 1665 2541 qui
1681 2513 1744 2533 cum

953 2568 1062 2596 semper
1083 2559 1209 2593 nequiter
1233 2558 1369 2587 viverent,
1393 2559 1419 2582 et
1442 2555 1600 2589 iniquorum
1628 2561 1743 2588 operum

951 2606 1068 2641 operarii
1089 2608 1192 2636 essent,
1211 2601 1346 2630 maleﬁcio
1367 2601 1401 2627 ab
1424 2600 1464 2627 eis
1489 2598 1670 2632 submittitur,
1688 2605 1743 2625 non

955 2653 1119 2681 maleﬁcium
1138 2658 1185 2686 per
1198 2657 1289 2678 escam
1307 2654 1467 2683 perpessus,
1483 2649 1531 2674 aut
1547 2652 1682 2673 venenum
1699 2652 1747 2671 su-

955 2705 1032 2725 mens
1047 2697 1074 2723 in
1093 2699 1170 2731 potu,
1190 2693 1238 2722 sed
1258 2692 1346 2728 plagis
1365 2699 1420 2718 non
1442 2689 1622 2725 parcentibus
1637 2688 1746 2716 saucia-

956 2747 1010 2772 tus,
1031 2749 1079 2776 pcr
1102 2741 1253 2767 daatnonem
1269 2742 1370 2765 tetrum
1387 2744 1418 2763 ac
1437 2736 1580 2762 laedentem
1596 2733 1744 2769 plurimum

955 2788 1098 2823 spiritum;
1127 2794 1235 2821 semper
1254 2785 1327 2812 enim
1345 2788 1401 2811 tota
1422 2783 1506 2810 facies
1529 2781 1700 2811 movebatur,
1717 2778 1744 2804 in

955 2840 1007 2867 qua
1033 2832 1139 2866 plagam
1165 2834 1338 2864 suscnperat,
1357 2836 1419 2863 qua:
1444 2835 1497 2854 non
1524 2829 1632 2858 sponte,
1648 2823 1694 2852 sed
1720 2823 1744 2849 τί

956 2876 1069 2911 agitata,
1086 2879 1173 2903 totum
1190 2882 1286 2904 secum
1305 2872 1496 2902 commovebat
1512 2873 1595 2906 caput
1615 2867 1695 2896 simul
1715 2871 1743 2895 et
