1908 3078
191 200 226 230 36
231 200 260 231 ΓΙ

192 302 226 329 ad
243 301 437 336 perfectionem
453 303 611 330 hominibus
627 305 742 331 deerant
762 305 984 337 accommodare,

166 363 173 366 ι
191 350 264 377 unde
275 356 299 376 et
313 350 469 385 aprincipio
486 351 655 378 nativitatem
674 352 764 378 sm'titi
782 356 856 379 sunt.
869 350 986 386 Propter

191 395 264 430 quod
282 401 307 422 et
329 403 378 422 nos
396 403 444 422 eos
458 401 590 430 quantum
614 404 762 432 possumus
785 397 985 430 collaudantes,

190 441 290 468 etdazi
306 441 417 468 verbum
437 441 462 468 in
476 443 619 476 apertione
648 443 705 470 oris
730 443 928 478 supplicantes,
948 443 986 471 si-

190 490 236 513 cut
252 486 332 513 etiam
348 494 421 513 nunc
449 487 576 521 przesrnti
606 492 681 515 muto
697 488 842 520 dederunt,
869 489 902 514 ad
920 488 986 515 reli-

191 539 310 566 quorum
341 532 538 559 miraculorum
559 533 746 561 narrationem
770 533 900 561 alacriter
915 540 987 568 pro-

190 585 330 612 peremus.

228 633 309 662 LXV.
325 634 363 662 De
379 635 513 663 Theodoro
532 644 600 664 meo
610 642 633 664 et
652 636 763 664 habente
780 637 954 665 daemonium.

227 713 268 741 Ad
294 718 402 750 tempus
419 714 501 742 nobis
512 714 582 743 Cilix
603 716 721 744 accessit
746 716 917 750 Theodorus,
933 717 986 745 du-

192 760 273 794 plicis
288 764 315 787 et
331 761 390 795 ipse
414 760 584 788 inﬁrmitatis
598 761 690 796 fugam
716 769 860 796 enarrans,
874 767 902 790 et
921 770 987 790 con-

193 806 277 832 scribi
295 813 357 832 cum
375 806 549 841 praecedenti,
563 807 611 841 qui
637 813 729 836 mutus
746 811 773 835 et
788 809 888 836 surdus
901 809 986 836 exsti-

195 855 277 882 terat,
309 852 433 885 volens;
462 851 636 888 duplicisque
668 854 810 889 languoris
848 855 985 890 duplicem

195 897 311 924 sortitus
337 901 380 925 est
395 899 553 926 sanitatem.
574 899 633 933 Quo
650 900 767 936 benigne
785 906 907 936 recepto,
923 910 987 938 pro-

195 947 256 977 pter
271 943 487 972 benevolentiam
508 953 588 980 quam
604 946 678 974 circa
693 951 827 982 martyras
852 940 944 981 habet,
960 952 987 976 et

195 989 318 1025 linguam
330 991 367 1017 illi
381 991 413 1018 ad
429 991 510 1019 breve
525 996 634 1027 tempus
648 993 823 1026 donabimus,
837 997 862 1021 et
877 1002 988 1022 manum

197 1037 481 1071 accommodabimus,
497 1042 524 1065 et
543 1044 668 1066 mutuum
691 1040 883 1074 przestahimus
914 1042 986 1068 cala-

196 1090 282 1115 mum,
305 1083 411 1111 sanctis
428 1083 537 1111 laudem
553 1085 666 1118 texenti,
679 1089 706 1113 et
736 1086 863 1114 virtutem
892 1094 988 1114 eorum

197 1129 283 1157 artlue
310 1130 462 1164 prtetlicare
476 1131 610 1159 studenti.
629 1132 796 1167 Incipiamus
814 1140 879 1167 ergo
896 1133 930 1160 de
942 1133 990 1161 illo

195 1173 308 1208 referre,
322 1175 450 1203 alacriter
464 1176 490 1203 ei
507 1177 599 1204 omnia
627 1177 706 1211 lacti,
738 1185 836 1206 manus
851 1178 988 1212 videlicet,

195 1219 300 1254 lingua,
315 1225 342 1247 et
354 1220 478 1249 calamus
491 1221 614 1250 Scribere
633 1222 764 1250 velociter
777 1227 805 1251 et
819 1224 990 1258 amplissime

195 1263 368 1292 adhortatus.

230 1310 300 1337 Cilix
318 1315 377 1338 erat
389 1311 554 1340 Theodorus
569 1321 601 1340 ex
613 1314 786 1342 Anazarbeis
796 1319 919 1348 exortus,
931 1324 993 1351 pas-

196 1357 376 1392 sionibusque
394 1358 503 1386 duabus
511 1359 668 1397 dillicllibus
683 1365 853 1394 eoarctatus,
872 1370 988 1397 quarum

197 1403 282 1430 altera
298 1403 462 1431 daemonium
492 1410 550 1432 erat
576 1406 788 1440 nequissimum,
808 1407 894 1435 ferina
910 1408 990 1435 saevi-

197 1448 235 1475 tia
249 1450 460 1484 superveniens,
473 1455 502 1478 et
518 1451 678 1485 dirumpens
695 1459 805 1488 semper
822 1461 904 1480 omne
916 1453 988 1488 quod

198 1494 369 1529 invenisset;
399 1496 539 1524 multoties
572 1497 656 1530 enim,
687 1502 720 1536 et
741 1499 880 1533 quondam
913 1505 990 1534 pater

197 1541 364 1568 dannonium
397 1542 529 1576 patientis
561 1543 588 1570 in
612 1543 769 1578 Evangeliis
793 1545 826 1572 ad
844 1546 988 1573 Dominum

653 203 682 232 S.
706 202 916 233 SOPIIRONII
936 201 1188 233 PATRIARCIDE
1203 201 1404 232 IIIEROSOL.

191 259 253 282 luul
270 258 404 290 martyres
427 255 524 283 abinde
550 255 683 284 sanitates
701 257 816 288 donare,
830 261 857 284 et
884 265 915 284 ea
932 265 991 292 qua:
1009 259 1027 287 Δ
1045 266 1091 284 σεν
1110 266 1116 273 ·

1143 258 1185 283 ἵνα
1206 257 1327 291 φανῶσιν
1344 258 1368 283 οἱ
1390 257 1528 293 μάρτυρες
1546 257 1651 283 ἐκεῖθεν
1673 256 1720 289 τὰς
1747 258 1832 290 ἐάσεις

1037 303 1214 338 δωρούμενοι,
1240 303 1287 329 καὶ
1301 303 1336 330 τὰ
1359 303 1427 338 πρὸς
1442 303 1583 329 τελείωσιν
1601 304 1657 335 τοῖς
1680 303 1834 339 ἀνθρώποις

1038 350 1209 381 ἐλλείποντα,
1223 350 1284 376 ὅθεν
1303 349 1333 383 ἐξ
1350 350 1438 385 ἀρχῆς
1453 350 1501 376 καὶ
1521 350 1571 385 τὴν
1591 349 1698 383 γένεσιν
1711 349 1808 384 ἔλαχον
1821 360 1828 367 -

1037 395 1077 422 διὸ
1094 395 1140 422 καὶ
1158 396 1240 430 ἡμεῖς
1256 395 1294 426 ὡς
1307 395 1419 421 δυνατὸν
1437 395 1537 427 αὐτοὺς
1553 395 1773 430 εὐφημήσαντες,
1789 395 1834 421 καὶ

1037 441 1128 468 δοῦναι
1143 441 1221 475 λόγον
1237 441 1266 467 ὲν
1283 440 1383 473 ἀνοίξει
1400 440 1446 467 τοῦ
1471 440 1607 476 στόματος
1628 440 1833 471 ἱκετεύσαντες,

1036 486 1072 518 ὡς
1091 488 1138 514 καὶ
1152 487 1190 522 τῷ
1203 487 1317 522 παρόντι
1340 487 1388 514 νῦν
1403 487 1495 522 ἀλάλῳ
1510 485 1670 519 δεδώκασιν,
1686 486 1835 522 προθύμως

1037 533 1105 569 πρὸς
1121 533 1171 569 τὴν
1182 534 1235 561 τῶν
1249 533 1419 569 λειπομένων
1429 532 1577 568 θαυμάτων
1587 532 1713 569 διήγησιν
1725 531 1835 566 ἐπειγό-

1039 579 1122 615 μεθα.

1037 634 1096 662 ΞΕ¹.
1127 635 1197 669 Περι
1221 634 1383 696 Θεοδώρουέ
1394 635 1447 662 τοῦ
1469 635 1588 670 τυφλοῦ
1610 635 1661 663 καὶ
1680 635 1836 670 δαιμόνιον

1386 678 1504 696 γοντοο.

1384 678 1504 704 κοντος.

1074 715 1120 748 El;
1132 716 1227 752 καιρὸν
1244 716 1310 750 ἡμῖν
1325 716 1339 742 ό
1353 716 1431 749 Κίλιξ
1449 717 1562 752 ἀφῖκται
1573 717 1709 752 Θεόδωρος
1721 738 1729 749 ,
1743 717 1836 752 διττῆς

1037 761 1084 788 καὶ
1098 761 1178 793 αὐτὸς
1193 761 1334 793 ἀσθενείας
1350 762 1446 796 φυγεῖν
1457 762 1645 798 διηγούμενος,
1660 763 1705 789 καὶ
1720 762 1758 797 τῷ
1770 771 1837 798 προς

1037 807 1146 834 λαῦόντι
1161 807 1246 834 θέλων
1260 807 1466 840 συντάττεσθαι,
1484 807 1608 843 γλώττης
1621 808 1720 842 δεσμὸν
1734 817 1836 842 πεφευ-

1037 854 1096 887 γότι
1114 854 1160 880 καὶ
1176 853 1316 888 κώφωσιν,
1329 853 1379 880 καὶ
1402 854 1492 881 διττοῦ
1512 855 1665 890 νοσήματος
1678 854 1770 888 διττὴν
1785 853 1834 880 λα-

1038 899 1111 935 χόντι
1127 899 1176 935 τὴν
1195 899 1277 926 ἴασιν.
1308 900 1355 926 Ὃν
1377 900 1546 935 φιλοφρόνως
1560 900 1712 934 δεξάμενοι,
1728 900 1771 926 διὰ
1787 900 1836 936 τὴν

1040 945 1108 980 πρὸς
1119 945 1184 976 τοὺς
1201 945 1344 980 μάρτυρας
1359 944 1478 977 εὔνοιαν,
1495 946 1542 972 καὶ
1556 945 1605 981 τὴν
1620 946 1744 980 γλῶτταν
1759 946 1835 981 αὑτῷ

1040 991 1109 1026 πρὸς
1123 991 1209 1026 βραχὺ
1225 991 1413 1026 χαρισώμεθα,
1431 992 1478 1018 καὶ
1495 992 1544 1026 τὴν
1559 993 1639 1026 χεῖρα
1653 992 1832 1026 δανείσωμεν,

1041 1037 1088 1064 καὶ
1101 1037 1147 1064 τὸν
1160 1038 1283 1072 κάλαμον
1297 1038 1455 1073 χρήσωμεν,
1468 1039 1525 1070 τοῖς
1536 1037 1622 1070 ἁγίοις
1635 1038 1684 1072 τὴν
1698 1037 1835 1073 εὐφημίαν

1042 1083 1191 1118 ὑφαίνοντι,
1207 1083 1255 1110 καὶ
1275 1083 1324 1119 τὴν
1341 1083 1431 1111 αὐτῶν
1449 1083 1536 1119 ἀλκὴν
1549 1084 1717 1119 διαπρυσίως
1732 1084 1835 1119 κηρύτ-

1040 1138 1097 1157 τειν
1112 1129 1288 1162 σπουδάζοντι
1308 1138 1314 1145 ·
1341 1130 1488 1165 ἀρξώμεθα
1505 1130 1571 1166 γοῦν
1596 1131 1646 1165 τῆς
1673 1131 1733 1158 κατ’
1752 1131 1835 1157 αὐτὸν

1040 1177 1205 1212 διηγήσεως,
1231 1176 1379 1211 προθύμως
1396 1177 1470 1211 αὑτῷ
1488 1177 1577 1204 πάντα
1599 1176 1765 1211 γιγνόμενοι,
1787 1177 1835 1204 καὶ

1041 1223 1101 1257 χεὶρ
1117 1223 1165 1249 καὶ
1179 1222 1286 1257 γλῶττα
1304 1223 1352 1249 καὶ
1367 1223 1499 1258 κάλαμος,
1512 1224 1526 1250 ό
1539 1222 1708 1257 ξυγγράφειν
1726 1223 1835 1258 εὐφυῶς

1041 1267 1228 1302 ἐπειγόμενος.

1077 1314 1156 1346 Κίλιξ
1176 1312 1210 1350 ἦν
1227 1315 1241 1340 ό
1255 1313 1393 1350 Θεόδωρος
1409 1314 1459 1349 τῆς
1488 1314 1678 1350 Ἀναζαρὸἐων
1706 1315 1834 1349 apt-dias»

1041 1368 1085 1392 vo;
1100 1360 1212 1392 πόλεως,
1231 1360 1278 1387 καὶ
1292 1360 1393 1387 πάθεσι
1405 1360 1452 1387 δύο
1467 1360 1612 1396 δυσχερέσι
1629 1360 1814 1396 κρατούμενος
1827 1369 1833 1376 ·

1039 1403 1077 1434 ὧν
1105 1406 1134 1433 τὸ
1154 1407 1203 1442 μὲν
1223 1406 1360 1442 δαιμόνιον
1386 1403 1420 1441 ἦν
1451 1406 1643 1441 πονηρότερον,
1666 1405 1836 1440 ἀγριώτερόν

1041 1460 1102 1484 πως
1112 1452 1296 1488 ἐπερχόμενον
1312 1452 1359 1480 καὶ
1373 1452 1473 1488 ρῆσσον
1488 1452 1532 1479 ἀεὶ
1547 1452 1616 1487 πρὸς
1633 1453 1688 1479 πᾶν
1709 1451 1836 1487 εὑρισκό-

1043 1505 1123 1532 μενον
1139 1506 1146 1512 ·
1165 1497 1294 1529 πολλάκις
1311 1497 1364 1533 γὰρ
1379 1498 1417 1529 ὡς
1428 1498 1442 1524 ό
1465 1497 1512 1525 τοῦ
1534 1498 1726 1533 δαιμονιῶντος
1744 1497 1836 1532 πατὴρ

1041 1542 1071 1568 ὲν
1086 1542 1265 1577 Εὑαγγελίοις
1278 1543 1346 1578 πρὸς
1361 1543 1406 1570 τὸν
1420 1543 1524 1579 Κύριον
1535 1544 1647 1578 ἔφησεν,
1660 1544 1700 1575 εἰς
1713 1543 1770 1579 πῦρ
1786 1543 1837 1569 at»

199 1584 317 1617 dixit,in
345 1585 435 1620 ignem
461 1594 523 1614 eum
539 1590 566 1614 et
582 1595 682 1622 aquam
705 1589 840 1623 iactabat,
863 1591 1006 1619 occideret

1057 1587 1086 1614 ὸν
1099 1588 1146 1614 καὶ
1158 1587 1231 1624 ὕδωρ
1242 1588 1362 1620 ἐνέϐαλε,
1374 1589 1490 1616 κτείνειν
1501 1586 1618 1623 ἀφειδῶς
1632 1589 1679 1616 καὶ
1691 1588 1836 1616 ἀπολλύειν

199 1629 272 1657 hunc
294 1638 348 1657 non
368 1638 484 1666 parcens
500 1639 534 1660 ac
549 1633 664 1668 perdere
689 1634 785 1662 volens
802 1643 810 1668 ;
826 1635 912 1663 altera
925 1643 990 1663 vero

198 1678 344 1703 oculorum
358 1678 466 1706 caecitas
481 1685 548 1712 erat,
558 1687 613 1706 non
624 1679 782 1708 inﬁrmitate
793 1680 864 1708 facta
875 1687 989 1715 naturae,

199 1721 247 1749 sed
264 1723 424 1756 operatione
432 1723 565 1752 dmmonis
579 1730 744 1760 praeparata,
754 1735 804 1755 nec
818 1735 850 1754 ex
861 1728 991 1763 languore

199 1769 336 1802 corporali
363 1770 532 1804 superillata,
564 1772 611 1798 sed
630 1779 660 1799 ex
687 1772 800 1800 feritate
816 1773 929 1808 spiritus
949 1775 991 1801 in-

200 1814 303 1848 ducta;
319 1816 360 1842 sic
378 1816 526 1852 malignum
551 1821 610 1844 erat
626 1818 804 1851 daemonium,
831 1823 857 1846 et
882 1826 993 1855 propter

200 1860 398 1888 abundantiam
429 1862 514 1889 rabiei
542 1863 726 1892 malevolum!
754 1864 851 1891 Verum
876 1873 937 1892 eum
965 1866 992 1893 in

200 1906 243 1934 his
259 1910 332 1934 esSet
349 1906 522 1941 Theodorus,
537 1915 564 1936 et
585 1910 652 1937 nihil
668 1911 789 1938 salutare
801 1916 933 1946 speraret,
947 1917 994 1940 aut

202 1951 236 1978 ab
256 1952 298 1979 his
315 1957 379 1981 ante
395 1953 597 1988 liberationem,
612 1964 673 1990 quae
695 1956 724 1983 lit
742 1965 790 1992 per
806 1962 931 1989 mortem.
950 1958 993 1985 fu-

201 2005 266 2032 gere
273 1999 448 2032 passionibus
456 2005 628 2035 exspectaret
639 2009 647 2034 ;
658 2009 730 2028 mors
744 2004 817 2029 enim
831 2010 924 2030 revera
934 2003 993 2030 viro

201 2042 322 2078 requies,
332 2043 420 2072 ut'Job
428 2045 473 2080 qui
483 2046 691 2081 philosophatus
706 2052 747 2074 est
762 2048 788 2074 in
803 2048 991 2083 passionibus.

199 2092 242 2115 est
269 2088 379 2122 atratus,
409 2097 517 2118 omnem
550 2091 679 2119 auferens
714 2093 806 2120 saaeuli
826 2093 909 2128 hujus
925 2092 993 2120 diﬂi—

199 2133 344 2166 cultatcm,
358 2135 557 2169 praesentisque
573 2135 634 2164 vita:
650 2136 764 2163 multam
781 2137 950 2171 passionem,
965 2141 993 2164 et

200 2179 319 2207 multum
334 2180 455 2207 laborem
473 2181 582 2217 ;Cyrus
604 2188 632 2210 et
657 2181 776 2211 Joannes
791 2183 992 2210 annuntiantur

200 2233 216 2252 a
232 2225 288 2254 Deo
303 2226 396 2254 donati
410 2227 566 2254 daemonum
594 2229 768 2263 cxpulsores,
789 2232 816 2256 et
830 2229 990 2263 passionum

1043 1633 1203 1668 βουλόμενον
1221 1641 1227 1647 ·
1247 1633 1276 1660 τὸ
1298 1634 1326 1660 δὲ
1342 1633 1394 1661 τῶν
1407 1635 1540 1670 ὀμμάτων
1555 1635 1679 1670 ὑπῆρχεν
1695 1636 1710 1668 ἡ
1727 1634 1835 1669 τύφλω-

1043 1687 1095 1710 σις,
1118 1679 1170 1705 οὐκ
1184 1678 1311 1714 ἀσθενείᾳ.
1327 1679 1461 1715 γενομένη
1483 1680 1533 1715 τῆς
1549 1680 1667 1714 φύσεως,
1687 1680 1745 1707 ἀλλ’
1760 1681 1838 1716 ὲνερ-

1033 1722 1104 1759 ’γείᾳ
1120 1724 1311 1760 σχεδιασθεῖσα
1322 1725 1369 1752 τοῦ
1382 1726 1520 1760 δαίμονος,
1535 1726 1586 1753 οὐκ
1599 1727 1632 1752 ὲκ
1644 1726 1722 1753 νόσου
1739 1735 1835 1761 σωμα-

1043 1771 1121 1805 τικῆς
1143 1771 1364 1807 ὲπεισφρήσασα,
1381 1771 1439 1798 ἀλλ’
1459 1772 1489 1806 ἐξ
1504 1772 1666 1808 ἀγριότητος
1681 1771 1838 1807 πνεύματος

1044 1817 1222 1852 ὲνδημήσασα
1239 1825 1245 1832 '
1260 1817 1331 1844 οὕτω
1344 1817 1462 1852 πονηρὸν
1476 1816 1510 1853 ἦν
1526 1818 1555 1845 τὸ
1568 1818 1720 1853 δαιμόνιον.
1741 1819 1788 1845 καὶ
1803 1817 1838 1844 δι’

1044 1861 1197 1898 ὺπερὸολὴν
1208 1862 1307 1898 λύττης
1327 1863 1531 1899 μισάνθρωπον.
1552 1864 1622 1890 Ἀλλ’
1637 1865 1665 1890 ὲν
1681 1863 1786 1895 τούτοις
1798 1864 1838 1898 τῷ

1043 1907 1173 1944 Θεοδώρῳ
1191 1909 1361 1943 τυγχάνοντι,
1380 1910 1426 1936 καὶ
1446 1909 1530 1944 μηδὲν
1544 1909 1714 1944 σωτηριῶδες
1730 1909 1774 1935 διὰ
1791 1909 1837 1935 τὸν

1043 1954 1139 1989 χρόνον
1152 1954 1299 1987 ἐλπίζοντι,
1316 1955 1332 1989 ἢ
1348 1955 1461 1982 τουτωνὶ
1475 1955 1529 1982 τῶν
1543 1955 1637 1982 παθῶν
1651 1955 1837 1990 προσδοκῶντι

1044 2001 1140 2033 φυγεῖν
1153 1999 1206 2034 πρὸ
1220 1999 1270 2034 τῆς
1285 2000 1317 2026 ὲκ
1335 1999 1450 2026 θανάτου
1463 1999 1634 2036 λυτρώσεως·
1651 2000 1766 2031 Θάνατος
1781 2001 1837 2035 γὰρ

1043 2043 1128 2075 ὅντως
1151 2045 1230 2080 ἀνδρὶ
1263 2045 1430 2077 ἀνάπαυσις,
1448 2045 1486 2077 ὡς
1503 2047 1516 2072 ὁ
1535 2046 1720 2081 φιλοσοφήσας
1740 2046 1769 2071 ὲν
1783 2047 1838 2073 πά-

1044 2088 1117 2116 θεσιν
1140 2089 1199 2116 Ἰὼϐ
1214 2090 1413 2124 ἀπεφθέγξατο,
1433 2091 1522 2117 πᾶσαν
1540 2091 1659 2126 ἀναιρῶν
1685 2091 1733 2125 τὴν
1746 2091 1776 2117 ὲν
1787 2090 1838 2125 βίῳ

1042 2134 1212 2169 δυσχέρειαν,
1236 2135 1283 2161 καὶ
1301 2135 1351 2170 τῆς
1372 2135 1513 2170 παρούσης
1536 2135 1610 2171 ζωῆς
1627 2135 1657 2161 τὺ
1681 2135 1838 2166 πολυπαθὲς

1043 2180 1089 2206 καὶ
1115 2179 1285 2215 πολύμοχθον
1300 2188 1307 2194 ·
1333 2180 1424 2216 Κῦρος
1451 2181 1499 2207 καὶ
1526 2179 1652 2215 Ἰωάννης
1673 2180 1837 2214 ὴγγέλὶοντο

1042 2225 1178 2261 δαιμόνων
1194 2226 1288 2253 ὲλαταὶ
1300 2225 1473 2265 θεοδώρητοι,
1492 2227 1541 2253 καὶ
1563 2226 1657 2253 παθῶν
1671 2227 1838 2261 σωματικῶν

199 2273 389 2307 corporalium
408 2273 464 2300 veri
490 2274 716 2309 propulsatores;
735 2278 762 2302 et
788 2275 904 2303 credens
935 2275 991 2302 Deo

1056 2272 1154 2308 ιληθείς
1176 2271 1334 2305 ἀλεξίκακοι
1350 2280 1356 2287 ·
1379 2273 1426 2298 καὶ
1451 2272 1600 2305 πιστεύσας
1626 2273 1686 2308 Θεῷ
1711 2273 1759 2300 καὶ
1781 2275 1839 2305 τοῖς

201 2322 229 2345 ct
242 2318 411 2353 martyribus
429 2319 624 2347 Alexandriam
640 2320 727 2353 venit,
743 2325 769 2348 et
785 2321 818 2348 ad
832 2326 990 2348 sanctorum

203 2366 328 2400 pervenit
341 2365 498 2399 ecclesiam,
515 2374 546 2394 re
568 2366 734 2394 denuntians
755 2366 817 2394 ﬁdei
836 2375 900 2402 erga
916 2367 991 2395 illum

202 2411 432 2439 innnobilitatem.
442 2411 526 2444 Quem
537 2411 641 2439 Christi
653 2412 836 2447 suscipientes
843 2413 949 2445 famuli,
965 2416 994 2441 et

203 2464 218 2483 a
231 2456 311 2484 malis
333 2457 435 2492 quibus
451 2457 619 2484 alliciebatur
635 2457 798 2492 liberarunt,
813 2463 840 2487 et
856 2459 918 2487 vita:
936 2459 992 2487 Deo

203 2502 328 2530 amabilis
341 2502 498 2538 operarium
523 2502 711 2531 reddiderunt.

239 2548 407 2583 Apparentes
417 2547 489 2575 enim
504 2547 530 2575 ei
546 2555 600 2575 non
615 2549 701 2576 multo
711 2554 772 2583 post
786 2550 828 2578 sui
846 2551 992 2578 adventum

203 2600 258 2620 non
285 2592 423 2628 vigilanti,
440 2592 489 2621 sed
516 2600 599 2628 super
613 2598 702 2622 strata
732 2595 889 2628 dormienti,
914 2602 993 2631 pacta

203 2645 266 2666 cum
282 2645 314 2665 eo
329 2641 356 2665 et
382 2637 522 2672 jussiones
539 2638 671 2672 inierunt,
689 2644 717 2668 et
732 2640 773 2668 sic
798 2648 860 2668 eum
878 2641 992 2675 dignum

203 2683 310 2711 faciunt
326 2683 481 2711 valetudine
497 2693 506 2718 ;
526 2689 604 2719 pacta
627 2689 716 2714 autent
745 2690 772 2714 et
789 2686 931 2721 jussiones
948 2695 996 2722 per

204 2728 268 2756 illos
285 2727 372 2762 facta,
389 2730 567 2759 tumultuosae
596 2731 658 2759 vitae
687 2733 866 2767 requirebant
886 2733 995 2768 deposi-

204 2776 320 2809 tionem,
337 2781 364 2804 et
379 2778 441 2805 vitae
457 2779 617 2807 monastica:
636 2780 812 2815 tranquillam
841 2782 995 2816 susceptio-

205 2830 280 2850 nem.
295 2822 357 2851 llazc
367 2824 440 2852 enim
467 2825 522 2853 illis
538 2833 553 2852 a
567 2826 671 2854 sanatis
683 2829 726 2853 cst
740 2833 847 2854 merces
864 2831 905 2854 ter
920 2835 994 2854 ama-

205 2868 283 2900 bilis,
298 2869 361 2896 vitae
377 2871 528 2898 correctio.
554 2870 631 2898 Unde
648 2871 716 2899 tales
745 2875 773 2899 et
797 2872 947 2907 recipiunt,
968 2878 995 2900 et

205 2917 320 2942 sanatos
338 2915 430 2943 statim
445 2914 599 2944 dissolvunt
616 2924 623 2949 ;
639 2919 666 2943 et
681 2916 733 2944 hoc
766 2915 941 2944 manifestum
953 2920 995 2945 est

1046 2318 1192 2354 μάρτυσιν,
1207 2320 1246 2350 εἰς
1268 2319 1471 2354 Ἀλεξάνδρειαν
1486 2319 1606 2354 ἔρχεται,
1623 2319 1670 2346 καὶ
1684 2319 1738 2345 τῶν
1751 2319 1839 2354 ἁγίων

1044 2365 1249 2401 καταλαμϐάνει
1268 2365 1298 2391 τὺ
1319 2365 1452 2400 τέμενος,
1477 2365 1550 2401 ἔργῳ
1566 2365 1710 2401 κηρύττων
1724 2366 1774 2400 τῆς
1797 2367 1839 2397 είς

1044 2411 1126 2438 αὑτὸν
1140 2410 1258 2442 πίστεως
1269 2410 1300 2437 τὸ
1313 2411 1491 2445 ἀκράδαντον·
1504 2411 1533 2438 ὃν
1546 2410 1698 2446 οίΧριστοῦ
1708 2411 1839 2443 λαϐόντες

1044 2455 1220 2492 θεράποντες,
1233 2455 1281 2482 καὶ
1294 2455 1347 2482 τῶν
1361 2456 1526 2492 συνεχόντων
1538 2456 1632 2483 δεινῶν
1646 2456 1839 2491 ἠλευθέρωσαν

1045 2501 1092 2528 καὶ
1112 2501 1170 2537 βίου
1185 2500 1325 2535 θεοφιλοῦς
1343 2502 1461 2536 ἐργάτην
1475 2501 1623 2534 ἀνέδειξαν.

1079 2547 1211 2578 Φανέντες
1226 2547 1280 2581 γὰρ
1294 2546 1368 2581 αὑτῷ
1392 2547 1451 2582 μετ’
1464 2547 1493 2573 οὺ
1509 2547 1576 2574 πολὺ
1590 2547 1640 2582 τῆς
1655 2547 1789 2581 ἀφίξεως,
1804 2547 1838 2573 οὐ

1045 2593 1235 2629 γρηγοροῦντι,
1260 2593 1317 2620 ἀλλ’
1331 2593 1378 2619 ἐπὶ
1399 2594 1452 2620 τῶν
1472 2594 1640 2629 στρωμάτων
1667 2594 1837 2625 καθεύδοντι,

1047 2639 1184 2674 συνθήκας
1214 2639 1282 2675 πρὸς
1295 2639 1376 2666 αὑτὸν
1393 2640 1439 2666 καὶ
1468 2641 1668 2674 προστάγματα
1693 2639 1813 2667 τίθενται
1828 2649 1836 2656 ⁸

1046 2685 1094 2712 καὶ
1106 2682 1158 2711 εἷθ’
1171 2685 1256 2716 οὕτως
1267 2686 1346 2712 αὑτὸν
1362 2685 1466 2717 ἀξιοῦσι
1483 2686 1532 2720 τῆς
1546 2686 1656 2721 ῥώσεως
1666 2694 1676 2702 λ
1686 2687 1714 2712 αἱ
1731 2686 1760 2712 δὲ
1772 2694 1838 2712 συν-

1047 2731 1140 2765 θῆκαι,
1162 2731 1209 2758 καὶ
1224 2731 1258 2758 τὰ
1275 2731 1308 2758 δι’
1328 2732 1419 2758 αὐτῶν
1434 2732 1564 2766 γεγονότα
1580 2731 1769 2766 συντάγματα,
1785 2732 1839 2766 τῆς

1046 2776 1220 2812 ταραχώδους
1241 2777 1313 2812 ζωῆς
1338 2778 1459 2813 ἀπῄτουν
1484 2778 1625 2810 ἀπόθεσιν,
1641 2778 1688 2804 καὶ
1709 2777 1766 2812 βίου
1786 2786 1837 2812 μο-

1046 2823 1077 2857 νή
1084 2831 1145 2857 ρους
1159 2822 1329 2857 γαληνιῶσαν
1346 2823 1477 2858 ἀνάληψιν
1493 2831 1500 2838 ·
1512 2823 1580 2858 αὕτη
1592 2824 1647 2858 γὰρ
1661 2824 1751 2855 αὐτοῖς
1769 2823 1838 2858 πρὸς

1046 2869 1100 2895 τῶν
1132 2869 1311 2903 ρωννυμὲνων
1349 2869 1514 2904 μισθοπορία
1543 2870 1718 2903 τριπόθητος,
1750 2870 1767 2904 ἡ
1788 2870 1837 2896 τοῦ

1048 2914 1105 2950 βίου
1129 2913 1257 2949 τυγχάνει
1283 2913 1435 2948 διόρθωσις.
1456 2915 1537 2941 Ὅθεν
1553 2915 1616 2946 τοὺς
1635 2914 1770 2946 τοιούτους
1787 2914 1837 2941 καὶ
