1908 3078
190 112 260 145 3655

661 107 691 137 S.
709 104 919 138 SOPHRONII
940 103 1194 135 PATIAIARCHJE
1214 102 1413 133 HIEROSOL

1760 98 1809 130 30?
1815 99 1833 130 ὓ

191 177 253 206 pam
280 170 424 203 ponentes,
449 172 504 192 non
524 163 698 192 observando
718 171 779 191 eum
801 163 836 190 ab
859 163 1011 197 hujusce-1

1071 160 1092 189 tt
1105 162 1208 198 μέμψιν
1223 161 1373 196 τιθέμενοι,
1387 159 1417 186 τὸ
1435 159 1472 194 μὴ
1491 158 1610 193 φυλάξαι
1634 158 1763 192 τοιαύτης
1785 159 1836 185 αὺ-

194 214 266 242 tuodi
285 211 497 248 perpeti-alioue,
512 210 560 245 qui
576 217 589 237 a
615 209 734 244 maligno
749 208 886 236 daamonio
900 215 983 235 vexa-

194 261 294 291 batur;
315 263 341 286 et
359 259 486 285 timentes
502 264 536 284 ne
548 256 616 283 forte
632 264 666 283 ex
682 256 733 282 hoc
751 255 804 282 sibi
829 255 984 290 periculum

195 307 283 337 ﬂeret,
302 313 349 341 per
364 305 466 332 vicinas
482 304 560 330 villas
575 302 769 343 discurrebant
796 302 917 329 medicos
937 301 985 328 ad-

195 356 336 384 vocantes,
351 352 373 378 si
398 350 467 378 forte
484 355 596 385 possent
617 348 755 376 assuendo
776 347 896 383 gutturis
913 347 984 375 letali

195 398 308 425 vulnere
331 397 460 431 copulato
482 397 587 423 salvum
611 395 703 422 facere
734 393 873 423 hominem
900 392 986 421 mori-

193 443 328 474 bundum,
343 446 370 469 et
387 449 416 469 se
427 449 488 468 cum
505 441 564 476 ipso
578 440 775 475 periclitantes.
790 438 881 466 Unum
893 443 985 466 autent

195 494 222 516 et
237 489 326 516 solum
343 488 414 523 apud
434 487 580 515 Heraclion
596 487 748 517 inventum,
769 489 796 512 et
815 485 909 513 multis
925 492 989 519 pre-

194 534 274 561 cibus
291 541 452 569 persuasum
479 532 522 559 ‘ad
547 532 710 567 martyrium
735 530 918 558 deduxerunt.
935 528 987 561 Qui

193 586 254 605 cum
270 579 376 613 plagam
393 577 509 604 vidisset
530 576 588 604 fore
605 576 786 609 mortiferam,
800 576 915 603 recessit
930 582 986 602 rem

193 624 296 651 nullam
313 631 472 658 aggressus,
500 622 547 650 sed
566 623 664 650 timore
686 629 786 657 magno
801 621 941 652 detentus,
962 624 990 648 et

194 670 313 697 miratus
326 669 466 704 quomodo
483 669 603 696 nondum
618 673 743 695 mortuus
760 672 832 695 esset
843 666 988 702 Georgius,

194 715 240 750 qui
260 715 333 743 hanc
347 715 457 742 sibimet
472 715 603 742 intulerat
615 715 740 750 plagam;
760 713 912 749 praesertim
927 719 989 739 cum

194 760 276 788 ﬂatus
288 769 336 795 per
344 768 404 788 eam
426 761 597 794 redderetur,
608 766 633 788 et
650 768 746 788 rursus
760 768 809 794 per
819 767 878 787 eam
901 758 990 793 inspi-

194 807 302 835 ratione
318 807 516 840 ingredcretur,
541 806 667 834 similiter
680 811 706 832 et
718 805 848 833 alimenta
866 809 893 832 et
909 807 990 839 potus

196 852 259 880 inde
273 851 392 879 facerent
404 852 519 879 exitum.

231 897 266 923 At
290 904 355 924 vero
373 902 517 932 martyres,
535 901 617 924 noctu
640 897 791 929 venientes,
805 896 989 931 dispensatori

196 941 346 970 dormienti
376 942 541 969 medicinam
573 943 788 976 disponebant:
818 942 912 968 vinum
931 944 990 968 erat

199 989 256 1015 hac
270 993 297 1015 et
312 988 414 1021 oleum,
427 996 475 1024 per
485 996 566 1023 quam
583 993 611 1016 et
626 988 759 1016 Dominus
770 995 830 1016 eum
844 987 891 1023 qui
908 988 991 1014 latro-

198 1043 248 1062 nes
264 1034 400 1075 inciderat
426 1035 534 1063 salvum
555 1034 631 1069 fecit,
652 1035 745 1062 vinum
762 1035 822 1070 ejus
850 1034 990 1062 ulceribus

199 1079 347 1108 infundens
361 1085 389 1107 et
404 1081 494 1108 oleum
508 1089 515 1115 ;
536 1089 584 1117 per
599 1089 680 1116 quam
699 1086 726 1108 et
743 1080 896 1108 Salvatoris
909 1088 992 1107 aemu-

198 1126 298 1154 latores
320 1126 469 1162 Georgium
495 1131 606 1161 eruunt,
634 1127 726 1154 taliter
750 1127 841 1154 facere
863 1126 991 1154 Christo-

199 1172 270 1200 doro
288 1173 494 1208 praecipientes.
520 1172 661 1201 Kaloetem
684 1173 831 1208 quemdam
845 1172 990 1201 ostiarium

200 1219 467 1254 comprcllendentes
494 1219 679 1254 ﬂagellabant,
710 1219 848 1253 ﬂagellum
869 1226 901 1246 ex
928 1218 992 1245 fune

199 1272 330 1299 magnum
345 1265 470 1299 operati;
487 1265 545 1299 ipse
558 1265 630 1292 enim
650 1269 709 1292 erat
722 1266 768 1300 qui
786 1265 952 1292 mediculum
964 1265 991 1292 in

200 1310 333 1345 templum
361 1318 442 1337 suum
459 1310 630 1343 adduxerat;
646 1315 674 1338 et
689 1310 747 1338 lucc
767 1310 936 1346 ﬂagellantes
952 1311 993 1338 di-

200 1356 322 1384 cebant:
341 1356 438 1384 Nescis
451 1356 516 1391 quia
538 1357 633 1383 mundi
656 1357 742 1385 totius
763 1357 992 1385 medicamentum

201 1401 304 1428 domus
329 1404 426 1427 nostra
442 1401 588 1428 consistit?
608 1401 701 1429 nescis
718 1402 781 1436 quia
794 1401 923 1430 Christus
943 1410 993 1429 nos

202 1447 327 1474 medicos
348 1445 462 1475 donavit
486 1446 635 1475 ﬁdelibus?
664 1455 718 1483 qua
744 1455 811 1483 ergo
834 1454 884 1483 pro
908 1454 993 1475 causa

204 1493 342 1520 medicum
372 1493 470 1526 alium,
501 1493 567 1521 dum
594 1494 653 1529 ipse
686 1494 869 1521 medicamine
898 1500 994 1521 nostro

205 1543 296 1574 egeat,
315 1539 347 1566 ad
373 1525 484 1566 domum
504 1525 625 1567 nostrain
643 1539 763 1567 duxisti?
781 1539 813 1567 Et
829 1540 904 1567 hunc
927 1540 995 1567 bene
1008 1525 1030 1554 θ

206 1587 309 1611 tortum
339 1584 517 1618 dimiserunt,
537 1591 571 1612 ne
596 1585 711 1611 ulterius
728 1583 782 1611 hoc
796 1584 898 1612 faceret
914 1583 996 1611 mini-

207 1635 307 1658 tantes.
326 1630 463 1658 Dixissent
483 1635 574 1658 autem
598 1630 648 1658 hoc
672 1631 817 1658 audientes
832 1630 906 1666 quod
920 1638 997 1657 com-

207 1680 333 1712 petenter
350 1684 412 1704 eum
439 1676 649 1711 ﬂagellaverint,
676 1677 698 1704 si
715 1685 797 1712 super
813 1685 846 1705 eo
868 1676 968 1703 laetam
983 1683 998 1703 a

206 1722 313 1750 sanctis
354 1723 543 1758 operationem
580 1723 754 1751 didicissent.
793 1722 998 1750 Periclitantem

207 1769 311 1804 quippe
333 1769 410 1796 illum
435 1769 468 1796 de
492 1776 659 1804 pneumone,
682 1773 710 1797 et
731 1769 759 1796 in
784 1769 885 1797 inferni
910 1769 999 1804 portis

208 1815 312 1850 iugiter
335 1818 564 1848 commorantem,
591 1819 618 1843 et
639 1816 743 1843 nullam
760 1823 776 1842 a
793 1815 908 1842 medicis
922 1822 999 1849 spent

210 1862 311 1889 salutis
327 1861 523 1894 invenientem,
547 1862 626 1890 aloen
649 1863 736 1890 solam
756 1865 891 1897 martyres
904 1861 1000 1888 dantes

211 1911 368 1940 sanarunt;
385 1912 413 1935 et
429 1916 483 1935 non
507 1909 596 1935 solum
617 1909 700 1944 hujus
717 1908 757 1936 rei
773 1915 856 1935 causa
878 1907 1000 1942 ﬂagella-

209 1957 310 1987 vernnt
329 1957 459 1988 tanquam
480 1955 681 1987 immemorem,
700 1954 748 1982 sed
773 1958 799 1981 et
815 1954 879 1988 quia
896 1957 937 1980 tot
957 1954 1001 1980 in-

210 2003 292 2027 tuens
308 2000 480 2027 curationem
498 2000 623 2036 adeptos,
639 2005 855 2034 sanctorumque
873 1999 1001 2027 fortissi-

210 2052 255 2071 ma
273 2052 324 2079 ope
344 2044 477 2078 [ruentesl
493 2046 571 2081 quasi
597 2045 700 2073 fuerint
719 2046 758 2072 illi
780 2045 814 2073 ad
840 2045 1004 2079 salutemret

211 2091 382 2126 ereptioan
414 2092 528 2124 inﬁrmi,
559 2093 695 2120 medicum
725 2092 827 2120 ducere
854 2091 933 2120 nisus
959 2094 1002 2119 est

210 2135 309 2163 alium.
329 2135 433 2164 Taliter
457 2145 522 2172 ergo
543 2136 677 2171 Georgius
694 2141 721 2164 et
741 2137 878 2164 insaniam
901 2137 1002 2164 damo-

211 2182 267 2213 nis.
290 2186 318 2209 et
339 2190 420 2210 suum
453 2183 540 2218 ipsius
564 2183 707 2210 occidendi
731 2188 859 2211 conatum
895 2182 1001 2218 effugit.
1018 2195 1040 2223 ι)

211 2226 298 2254 Porro
317 2236 368 2256 nos
391 2232 419 2255 et
438 2236 521 2263 super
543 2229 597 2257 hoc
617 2237 727 2264 quoque
750 2232 862 2256 sanctos
883 2228 1000 2256 laudan—

210 2276 265 2305 tes,
281 2274 355 2301 aliud
369 2273 567 2310 magnitudinis
589 2281 683 2301 eorum
698 2274 854 2310 prodigium
874 2274 1001 2302 conscri-

212 2319 321 2348 bamus.

212 2375 329 2404 LXVII].
347 2376 384 2404 De
402 2377 521 2404 Joamtia
544 2384 601 2411 qum
624 2386 641 2403 a
663 2377 794 2412 male/icio
811 2377 937 2404 laniones
955 2384 1004 2411 pa-

545 2413 667 2439 licbatur.

251 2457 353 2484 Multos
376 2457 552 2492 pulchritudo
569 2458 698 2493 perdidit,
715 2462 742 2486 et
758 2459 864 2493 species
877 2458 1003 2491 corporis

214 2503 422 2535 exterminavit,
444 2511 543 2531 saevam
555 2504 686 2532 invidiam
703 2503 868 2534 incidentes.
884 2507 912 2530 et
927 2512 1004 2531 sum-

214 2553 279 2583 ptus
296 2548 369 2576 acris
389 2549 483 2576 livoris
509 2550 617 2582 cﬂ'erti;
637 2549 767 2576 invidiam
791 2550 893 2584 quippe
916 2550 1004 2577 susti-

216 2598 281 2621 nent
297 2602 404 2629 semper
420 2602 452 2622 ca
475 2603 536 2630 quae
558 2596 628 2622 bona
653 2602 768 2629 qna-que
793 2595 906 2622 meliora
928 2601 1003 2627 sunt,

215 2643 242 2666 et
267 2640 369 2668 invidis
399 2641 490 2668 oculis
514 2641 708 2669 destruuntur.
739 2641 796 2668 lloc
818 2645 907 2669 autem
931 2645 959 2669 et
979 2642 1005 2669 hi

216 2686 262 2720 qni
281 2690 336 2713 lam
363 2686 512 2713 animabus
537 2694 618 2720 quam
643 2687 804 2722 corporibus
829 2691 893 2715 sunt
915 2687 1005 2718 bonis.

216 2731 369 2765 saepissime
383 2731 536 2766 patiuntur,
556 2732 608 2760 nisi
634 2732 718 2760 Deum
736 2733 853 2761 habeant
873 2735 1007 2768 speciosi-

216 2775 282 2802 tatis
316 2783 373 2802 suae
398 2776 573 2810 salvatorem,
597 2778 738 2805 custodem
762 2782 788 2805 et
811 2783 1006 2813 protectorem.

216 2819 331 2849 Sienim
346 2821 520 2850 adamantem
541 2823 650 2857 durum,
674 2825 721 2859 qui
743 2824 880 2860 lapidibus
905 2825 1006 2853 nobili-

1037 209 1101 240 τοὺς
1113 208 1300 243 ἐγχειρήσεως
1310 206 1356 232 τὺν
1371 204 1424 231 ὑπὸ
1434 203 1554 239 πονηροῦ
1567 203 1693 239 δαίμονος
1706 203 1836 238 ἐνεργού-

1039 261 1136 289 μενον·
1154 253 1201 280 καὶ
1218 252 1381 286 φοϐούμενοι
1397 251 1495 285 μήπως
1511 250 1603 281 αὐτοῖς
1615 249 1729 285 γένηται
1742 249 1836 276 κίνδυ-

1037 310 1092 334 νος,
1109 301 1150 332 εἰς
1162 300 1211 331 τὰς
1225 299 1349 333 γείτονας
1360 296 1457 332 κώμας
1467 296 1617 332 διέτρεχον,
1628 296 1737 331 ἰατροὺς
1748 304 1837 330 προσ.

1038 348 1212 382 καλούμενοι,
1223 345 1249 372 εί
1258 354 1316 377 πως
1329 343 1470 380 δυνηθείη,
1484 344 1584 379 ῥαῳαῖς
1599 343 1630 370 τὸ
1644 342 1754 378 τραῦμα
1770 351 1836 369 συν-

1039 395 1168 429 άψαντες,
1185 393 1283 424 σῶσαι,
1307 392 1391 427 μήπω
1415 390 1532 417 θανόντα
1545 389 1592 417 τὸν
1609 388 1771 424 ἄνθρωπον,
1787 389 1837 416 καὶ

1037 440 1137 472 αὐτοὺς
1149 439 1198 466 σὺν
1212 438 1286 473 αὺτῷ
1301 437 1519 468 κινδυνεύοντας.
1533 435 1609 468 Ἐνὸς
1623 435 1652 462 δὲ
1670 435 1751 470 μόνον
1763 435 1837 462 κατᾶ

1037 487 1068 514 τδ
1083 485 1244 521 Ἡράκλειον
1262 484 1476 519 εὐπορήσαντος,
1492 482 1542 509 καὶ
1557 482 1670 513 πολλαῖς
1682 481 1764 508 αὑτὸν
1783 488 1839 508 πα-

1041 531 1190 567 ρακλήσεσι
1215 528 1369 560 πείσαντες,
1384 529 1425 559 είς
1445 527 1476 554 τὸ
1500 526 1650 562 μαρτύριον
1665 526 1785 561 ἦγαγον·
1806 525 1838 557 ὅς

1038 578 1088 614 τὴν
1111 576 1221 612 πληγὴν
1242 575 1411 610 θεασάμενος
1436 573 1623 609 θανατηφόρον
1637 573 1838 607 τυγχάνουσαν,

1039 623 1213 660 ἀνεχώρησεν
1230 622 1280 648 οὐκ
1294 622 1459 657 ἐγχειρήσας
1475 620 1515 656 τῷ
1530 620 1684 655 πράγματι.
1697 619 1773 654 φόδῳ
1788 627 1838 653 με-

1040 671 1115 705 γάλῳ
1132 667 1318 704 κρατούμενος
1330 667 1378 693 καὶ
1391 666 1526 702 τεθηπὼς,
1538 665 1598 697 πῶς
1612 665 1690 692 οῠπω
1704 664 1839 699 τέθνηκεν

1040 716 1054 742 ὁ
1070 715 1207 750 Γεώργιος
1229 714 1244 740 ὁ
1267 713 1370 748 ταύτην
1392 713 1436 739 ἐπ’
1454 712 1528 748 αύτῷ
1545 710 1677 747 [πληγὴν]
1695 711 1837 746 παρασχό-

1043 769 1140 797 μενος·
1154 761 1173 795 ἦ
1188 768 1217 787 τε
1233 759 1286 795 γὰρ
1298 759 1371 795 πνοὴ
1387 759 1420 785 δι’
1433 759 1519 793 αὐτῆς
1535 757 1679 789 ἀνεδίδοτο,
1692 756 1741 783 καὶ
1756 756 1840 783 πάλιν

1042 809 1059 843 ἡ
1075 806 1188 842 είσπνοὴ
1201 805 1235 833 δι’
1246 806 1330 841 αὐτῆς
1346 805 1530 839 ὑπεισήρχετο
1539 812 1546 820 ·
1561 803 1661 839 ὁμοίως
1676 802 1711 829 τά
1725 810 1755 828 τε
1768 801 1841 838 βρώ-

1045 863 1119 890 ματα
1131 853 1236 881 ἐκεῖθεν
1249 851 1392 880 ἐποιοῦντο
1407 851 1457 886 τὴν
1471 850 1571 883 ἔξοδον.
1788 885 1799 891 Ι

1078 901 1110 928 οι
1123 900 1152 927 δὲ
1166 900 1303 935 μάρτυρες
1318 898 1414 930 νυκτὸς
1429 897 1603 933 ἀφικόμενοι,
1618 895 1658 931 τῷ
1675 896 1724 931 μὲν
1736 895 1841 922 οἰκονό-

1045 953 1089 980 μῳ
1112 944 1271 971 καθεύδοντι
1294 944 1343 979 τὴν
1370 943 1492 978 ἰατρείαν
1518 942 1668 969 ὲπέταττον
1694 938 1782 976 (οἶνος
1806 938 1842 975 ἦν

1044 990 1114 1026 αὕτη
1132 990 1180 1017 καὶ
1200 990 1288 1017 ἔλαιον
1302 989 1336 1016 δι’
1353 987 1387 1025 ἧς
1400 990 1414 1015 6
1429 989 1532 1024 Κύριος
1551 988 1598 1015 τὸν
1612 989 1651 1018 εἰς
1671 987 1774 1023 λῃστὰς
1788 987 1842 1021 έμ-

1044 1037 1163 1063 πεσόντα
1180 1035 1310 1062 διέσωσεν
1320 1056 1327 1069 ,
1343 1033 1414 1062 οἶνον
1428 1035 1511 1062 αὐτοῦ
1530 1035 1586 1066 τοῖς
1601 1034 1757 1070 τραύμασιν
1781 1033 1843 1059 ἑπι-

1045 1082 1115 1117 χέων
1127 1083 1175 1109 καὶ
1191 1081 1304 1116 ἒλαιον)·
1321 1081 1354 1107 δι’
1370 1077 1404 1117 ἧς
1415 1081 1463 1107 καὶ
1477 1080 1524 1107 τοῦ
1540 1080 1667 1116 Σωτῆρος
1680 1080 1706 1106 οἰ
1724 1079 1843 1115 μιμηταὶ

1045 1127 1181 1163 Γεώργιον
1207 1127 1327 1164 ῥύονται,
1343 1127 1414 1154 οὕτω
1437 1128 1524 1154 ποιεῖν
1547 1126 1728 1162 Χριστοδώρῳ
1746 1125 1843 1153 θεσπί-

1047 1183 1154 1206 σαντες.
1163 1174 1304 1209 Καλοέτην
1316 1174 1346 1200 δέ
1358 1182 1419 1200 τινα
1429 1173 1552 1208 θυρωρὸν
1564 1172 1765 1208 κατεσχηκότες
1775 1171 1845 1206 ἱμὰ-

1047 1220 1150 1253 στιξον,
1164 1221 1329 1256 φραγέλλιον
1343 1221 1375 1247 ἐκ
1390 1220 1508 1255 σχοινίου
1523 1219 1629 1256 μακρὸν
1639 1219 1842 1254 ἐργασάμενοι·

1046 1267 1128 1298 αὐτὸς
1142 1267 1197 1302 γὰρ
1210 1265 1244 1302 ἦν
1261 1268 1275 1293 ὁ
1286 1266 1332 1293 τὸν
1348 1266 1488 1301 ἰατρίσκον
1504 1266 1607 1292 ἔκείνον
1621 1265 1736 1299 ἐνέγκας
1752 1264 1845 1291 αὐτῶν

1047 1314 1087 1344 εἰς
1109 1313 1139 1340 τὸ
1164 1313 1290 1348 τέμενος·
1306 1311 1454 1339 καὶταῦτα
1470 1311 1647 1346 μαστίζοντες
1662 1311 1770 1344 ἔλεγον·
1784 1309 1846 1336 οὐκ

1047 1357 1121 1391 οἶδας
1142 1359 1184 1385 ὅτι
1206 1358 1253 1384 τοῦ
1274 1360 1378 1392 κόσμου
1394 1357 1495 1387 παντὸς
1510 1357 1629 1392 ἰατρεῖον
1644 1355 1722 1392 ήμῶν
1740 1355 1755 1381 ὀ
1770 1352 1845 1387 οἶκος

1048 1405 1233 1440 καθέστηκεν;
1247 1405 1296 1432 οὐκ
1307 1403 1381 1436 οἶδας
1392 1404 1434 1431 ὅτι
1443 1403 1560 1438 Χριστος
1574 1403 1648 1438 ἡμᾶς
1663 1401 1774 1437 ἰατροὺς
1785 1402 1844 1431 τοῖς

1048 1451 1155 1481 πιστοῖς
1176 1449 1340 1485 ἐχαρίσατο;
1361 1449 1412 1475 οὐκ
1428 1445 1506 1485 οἶδας¹
1517 1448 1560 1475 ὅτι
1574 1456 1604 1474 σε
1620 1446 1713 1474 πυλῶν
1728 1446 1846 1474 θανάτου

1049 1495 1130 1531 ἡμεῖς
1143 1495 1365 1531 ἀφηρπάσαμεν;
1387 1494 1466 1526 Τίνος
1486 1493 1533 1521 οὖν
1555 1493 1649 1521 ἕνεκεν
1671 1492 1763 1529 ἰατρὸν
1779 1493 1847 1528 ἡμῖν

1048 1541 1143 1576 ἕτερον
1160 1541 1281 1576 ἰατρείας
1299 1540 1438 1576 ἡμετέρας
1453 1539 1581 1575 δεόμενον
1600 1538 1639 1570 εἰς
1657 1538 1792 1574 ἡμέτερον
1806 1535 1850 1564 οἰ-

1048 1595 1095 1614 κον
1106 1586 1237 1622 ἐκόμισας
1247 1595 1254 1620 ;
1267 1586 1323 1613 Καὶ
1333 1586 1423 1618 καλῶς
1437 1585 1517 1613 αὑτὸν
1528 1584 1726 1621 βασανίσαντες
1737 1584 1848 1617 εἴασαν,

1051 1634 1150 1669 μηκέτι
1163 1642 1189 1660 τι
1202 1633 1308 1660 τοιοῦτο
1326 1634 1414 1660 ποιεῖν
1426 1632 1636 1668 ἀπειλήσαντες.
1651 1631 1761 1658 Εῖποιιν
1775 1630 1798 1658 δ’
1812 1630 1850 1657 ἂν

1049 1682 1073 1708 oi
1088 1680 1244 1712 ἀκούοντες,
1256 1679 1294 1710 ὡς
1310 1679 1423 1711 εἰκότως
1439 1678 1519 1705 αὑτὸν
1538 1677 1744 1714 ἐμαστίγωσαν,
1759 1677 1783 1704 εἰ
1795 1677 1850 1712 τὴν

1050 1725 1093 1753 ἐπ’
1108 1725 1183 1760 αὐτῷ
1197 1724 1343 1760 γινομένην
1368 1725 1424 1755 τοῖς
1451 1723 1539 1758 ἁγίοις
1563 1724 1706 1759 ἐνέργειαν
1724 1723 1836 1758 μάθοιεν
1867 1716 1869 1719 ’

1051 1771 1248 1798 Κινδυνεύοντα
1273 1770 1328 1806 γὰρ
1343 1770 1425 1797 αὐτὸν
1449 1771 1482 1797 ὲκ
1507 1768 1554 1796 τοῦ
1578 1769 1739 1805 πνεύμονος,
1758 1766 1805 1796 καὶ
1819 1770 1853 1796 ὲν

1051 1818 1114 1854 ᾅδου
1134 1817 1233 1849 πύλαις
1249 1816 1371 1852 συνεχῶς
1385 1815 1575 1852 αὑλιζόμενον,
1590 1816 1638 1842 καὶ
1660 1815 1796 1851 μηδεμίαν
1817 1815 1852 1849 ἐξ

1053 1863 1154 1899 ἰατρῶν
1170 1863 1267 1890 ἐλπίδα
1285 1862 1422 1897 σωτηρίας
1443 1861 1608 1897 εὑρίσκοντα
1618 1881 1625 1893 ,
1640 1860 1734 1897 ἀλώην
1761 1861 1852 1896 μόνην

1052 1910 1076 1937 οἰ
1091 1909 1230 1945 μάρτυρες
1244 1909 1316 1935 πιεῖν
1327 1908 1474 1939 δεδωκότες
1491 1908 1614 1935 ἰάσαντο.
1631 1908 1686 1935 Καὶ
1699 1908 1730 1934 οὐ
1745 1907 1854 1942 ταύτης

1052 1955 1134 1982 ἕνεκα
1157 1955 1237 1990 μόνον
1261 1953 1412 1989 ἑμάστιξαν
1427 1953 1465 1985 ὡς
1480 1953 1553 1988 ἁμνή
1559 1962 1638 1988 μονα,
1662 1953 1720 1980 ἀλλ’
1735 1953 1776 1980 ὅτι
1800 1953 1854 1979 καὶ

1052 1999 1198 2032 τοσούτους
1211 1999 1282 2036 ὀρῶν
1295 1998 1444 2035 θεραπείας
1458 1999 1652 2034 τυγχάνοντας,
1668 1999 1716 2026 καὶ
1727 1998 1777 2034 τῆς
1793 1999 1855 2025 τῶν

1053 2047 1139 2081 ἁγίων
1151 2045 1319 2078 πανσθενοῦς
1329 2045 1442 2081 ἀρωγῆς
1450 2044 1647 2077 ἀπολαύοντας,
1656 2044 1694 2076 ὼς
1704 2044 1855 2072 ἀσθενούν-

1053 2100 1107 2119 των
1122 2091 1213 2119 αὺτῶν
1223 2091 1292 2127 πρὸς
1304 2090 1442 2126 σωτηρίαν
1453 2090 1500 2118 καὶ¹
1513 2089 1660 2127 λύτρωσιν,
1674 2090 1766 2126 ἰατρὸν
1778 2091 1854 2125 ἀγα-

1053 2139 1113 2173 γεῖν
1129 2136 1316 2172 ,ἐπεχείρησεν
1340 2136 1445 2172 ἕτερον.
1466 2135 1545 2163 Οὕτω
1562 2135 1611 2171 μὲν
1624 2134 1671 2163 οὖν
1686 2136 1701 2161 ό
1713 2134 1855 2172 Γεώργιος

1055 2184 1103 2211 καὶ
1122 2183 1172 2218 τὴν
1191 2182 1289 2219 μανίαν
1303 2182 1351 2209 τοῦ
1367 2182 1506 2218 δαίμονος,
1521 2182 1570 2208 καὶ
1590 2181 1641 2217 τὴν
1663 2173 1759 2208 ἑαυτοῦ
1775 2190 1854 2217 μιαι-

1055 2229 1135 2263 φόνον
1145 2228 1303 2264 ἐγχείρησιν
1314 2227 1424 2263 ἐφυγεν.
1434 2227 1574 2263 Ἦμεῖςδὲ,
1583 2227 1631 2254 καὶ
1639 2227 1685 2254 ἐπὶ
1695 2226 1776 2254 τοῦτο
1787 2229 1855 2259 τοὺς

1053 2274 1147 2309 ἁγίους
1163 2274 1344 2310 ὑμνήσαντες,
1362 2274 1426 2302 ἄλλο
1440 2273 1583 2308 τεράστιον
1594 2273 1644 2308 τῆς
1658 2272 1748 2300 αὐτῶν
1764 2281 1855 2308 μεγα-

1053 2320 1182 2356 λουργίας
1202 2320 1416 2355 συγγράψωμεν.

1072 2378 1133 2405 EH’.
1156 2377 1227 2411 Περί
1240 2378 1395 2410 ἰωαννίας
1412 2377 1467 2410 τῆς
1484 2377 1518 2404 ἐκ
1540 2376 1725 2411 neptem-siue
1742 2385 1792 2410 στι
1802 2388 1835 2402 υ-

1368 2411 1534 2446 φουμένης.

1092 2459 1210 2490 Πολλοὺς
1231 2458 1262 2485 τὸ
1288 2458 1385 2489 κάλλος
1398 2457 1549 2488 ἀπώλεσεν,
1565 2458 1612 2484 καὶ
1630 2458 1646 2493 ἡ
1659 2457 1720 2492 ὥρα
1735 2465 1783 2484 του
1801 2457 1856 2484 σώ-

1058 2515 1141 2541 ματος
1157 2506 1320 2540 ἐλυμήνατο,
1340 2505 1429 2540 φθόνῳ
1443 2505 1554 2540 χαλεπῷ
1568 2505 1771 2540 περιπὲσαντας
1783 2524 1791 2537 ,
1807 2506 1856 2531 καὶ

1056 2552 1202 2586 γεγονότας
1217 2552 1365 2587 βασκανίας
1380 2551 1470 2586 δεινῆς
1489 2551 1692 2586 παρανάλωμα·
1714 2551 1855 2585 φθονεῖται

1057 2600 1111 2633 γὰρ
1128 2599 1170 2625 ἀεὶ
1194 2599 1227 2625 τὰ
1251 2598 1321 2625 καλὰ
1345 2598 1391 2624 καὶ
1415 2597 1450 2623 τὰ
1473 2597 1624 2632 κρείττονα,
1642 2597 1689 2623 καὶ
1714 2596 1856 2632 φθονερῶν

1056 2645 1162 2679 δμμασι
1178 2643 1353 2670 καταλύεται.
1367 2643 1452 2669 Τοῦτο
1466 2643 1493 2669 δὲ
1511 2643 1557 2669 καὶ
1572 2643 1596 2669 οἱ
1611 2642 1689 2669 καλοὶ
1704 2642 1752 2674 τὰς
1765 2642 1856 2678 ψυχὰς

1058 2690 1104 2716 καὶ
1116 2689 1150 2716 τὰ
1166 2689 1279 2724 σώματα
1295 2688 1455 2722 πάσχουσιν,
1470 2689 1493 2714 εἰ
1508 2689 1545 2723 μὴ
1560 2688 1646 2723 ἔχοιεν
1661 2688 1728 2714 Θεὸν
1742 2689 1792 2722 τῆς
1805 2689 1856 2715 αὑ-

1058 2736 1113 2762 τῶν
1128 2736 1295 2772 ὡραιότητος
1307 2735 1420 2770 σωτῆρα
1435 2735 1483 2761 καὶ
1497 2735 1654 2769 προστάτην
1669 2735 1716 2761 καὶ
1731 2734 1854 2768 φύλακα.

1060 2782 1090 2808 Εἰ
1106 2782 1161 2818 γὰρ
1170 2782 1311 2817 ἀδάμαντα
1328 2781 1373 2807 τὸν
1388 2780 1557 2816 στερέμνιον,
1571 2781 1617 2807 τὸν
1631 2780 1712 2807 λίθων
1726 2781 1856 2807 ἐπαινου-

1062 2826 1149 2861 μένων
1163 2826 1335 2861 τιμιώτερον,
1350 2826 1396 2853 τὸν
1414 2825 1507 2861 χαλκῷ
1524 2825 1570 2852 καὶ
1589 2824 1691 2860 σιδήρῳ
1708 2824 1855 2860 λεγόμενον
