1908 3078
214 125 283 156 3659

664 124 694 154 S.
708 122 912 153 SOPHRONH
934 118 1189 150 PATRIARCIIE
1218 118 1422 149 HIEROSOL.

1775 119 1845 150 3660

212 190 256 216 {ut
265 180 363 207 rectam
376 180 521 208 sanitatem
546 181 720 216 percepisset,
747 181 932 216 hymnumqne
953 185 1016 206 (εο-Δ

1067 175 1119 211 χῶς
1136 176 1342 211 ἐπιτρέψαντες.
1366 175 1398 202 Ἦ
1419 175 1447 202 δὲ
1472 175 1596 209 φαγοῦσα
1620 175 1665 202 τὸν
1686 175 1846 214 «manu»,

212 227 339 258 cinisset.
359 226 464 254 sanctis
485 227 559 254 hunc
581 234 611 254 se
626 234 735 261 semper
751 226 883 253 melodice
902 232 1001 252 canere

218 273 424 307 repromittens,
450 273 483 300 ad
505 272 678 300 Palaestinam
697 272 819 307 profecta
835 276 877 300 est
892 277 919 299 et
944 272 1002 298 Ca:-

216 326 335 346 saream.
352 318 438 345 Porro
462 326 513 346 nos
527 319 609 346 etiam
626 325 700 346 nunc
718 322 869 346 certatores
886 317 1002 352 hymno-

217 373 276 392 rum
303 364 448 400 pra'coniis
471 364 686 399 frequentantes,
718 364 752 391 ad
776 364 857 390 aliam
879 363 1001 398 ipsorum

215 418 392 446 properemus
409 410 573 437 laudabilem
594 410 683 438 modis
706 410 836 437 omnibus
854 409 1001 436 actionem.

356 455 450 483 LXIX.
474 456 512 483 De
529 456 633 483 Joanne
649 464 716 483 meo
732 455 860 483 Romano.

253 502 402 537 Usqueqno
429 503 562 529 calamum
586 509 727 533 vexamus,
751 505 778 529 et
803 501 944 529 dexteram
969 501 1003 528 ad

216 547 391 576 scribendum
417 548 564 580 mittamus,
591 552 619 575 et
647 555 741 575 vocem
769 547 802 574 ad
830 545 1003 574 clamandum

216 593 386 621 excitamus?
401 592 541 628 Fatigatus
556 597 598 620 est
616 593 689 620 enim
707 592 841 623 calamus,
863 595 890 617 et
905 597 1004 618 manus

216 647 328 667 currere
344 639 415 666 ultra
439 646 493 666 non
511 639 594 671 valet,
614 638 661 666 sed
680 643 708 665 et
728 646 778 665 vox
798 645 851 665 una
877 644 940 665 cum
960 636 1004 664 his

217 684 354 712 inﬁrmata
373 690 425 717 cst,
442 684 476 712 ab
498 684 660 712 aSsidnitate
684 691 798 711 cesSans
818 687 845 711 et
862 683 1002 716 desinens,

216 738 373 765 quanquam
396 729 519 765 sapiente
544 730 691 757 Salomone
712 729 850 757 scribente
875 729 1005 756 didiceri-

217 783 290 806 tnus,
319 775 393 809 quod
420 783 430 801 ι
457 774 597 803 funiculus
623 775 721 810 triplex
754 774 864 802 dimcile
894 781 1005 809 rumpa~

218 824 263 847 tur
276 820 310 847 '°.
329 829 339 845 ι
367 820 430 848 Haec
458 824 549 848 autem
575 828 638 848 cum
666 821 719 847 tria
749 824 852 853 essent,
870 824 897 847 et
919 826 1004 846 nnutn

219 866 350 894 haberent
372 866 532 900 consilium,
555 871 583 894 et
613 867 756 894 sententia:
783 866 866 894 unius
886 865 1005 893 exsiste-

217 917 289 944 rent,
305 912 513 948 intentioneque
537 920 590 940 una
608 917 760 941 statuerent
778 911 841 948 Cyri
867 916 893 939 et
920 910 1006 938 Joan-

219 956 262 983 nis
277 955 451 991 prmdicanda
477 956 624 988 miracula,
647 961 674 983 et
689 956 902 991 dirntnptionem
919 954 1006 982 susti-

218 1005 338 1030 nuerunt
353 1006 380 1029 ct
402 1002 489 1029 labori
505 1002 627 1030 immissa
648 1007 722 1034 sunt,
744 1006 772 1029 et
790 1001 915 1037 fatiginm
937 1000 1006 1028 inci-

218 1048 318 1075 derunt.
331 1046 381 1084 [ita
397 1046 483 1083 cod.].
494 1051 522 1074 et
537 1048 740 1082 superationem
749 1047 909 1080 induerunt,
928 1048 1007 1082 prius

218 1100 301 1129 quam
329 1092 512 1128 pradicarent
539 1092 606 1128 quid
630 1093 735 1121 sanctis
758 1092 936 1128 condignum.
965 1091 1007 1118 vel

219 1140 403 1167 admiratione
430 1139 577 1174 dignorum
603 1139 792 1174 prodigiorum
817 1137 1006 1165 brevissimam

219 1185 438 1220 portiunculam;
461 1184 582 1212 clamare
604 1175 696 1211 autem
719 1183 893 1212 solummodo
916 1182 1008 1210 valent

218 1229 385 1258 inﬁrmitatis
404 1229 521 1264 propriae
547 1228 782 1264 magnitudinem;
803 1227 875 1254 unde
895 1231 922 1254 et
945 1233 1007 1253 cum
1026 1246 1028 1248 .

219 1284 340 1312 praesens
355 1276 398 1303 vix
423 1275 583 1310 praedicent,
611 1275 638 1302 in
655 1274 784 1310 prodigio
801 1274 873 1309 quod
891 1279 933 1302 est
946 1278 1008 1308 post

219 1321 453 1357 hoccessabunt,
477 1322 593 1348 multum
621 1324 734 1349 sanctos
761 1321 879 1356 petentia
902 1320 1007 1348 veniam

219 1369 272 1396 sibi
302 1376 364 1396 cmn
393 1367 531 1396 oblivione
559 1367 657 1395 donari
685 1366 836 1403 petulantis
867 1374 951 1395 ausus
982 1370 1008 1394 et

219 1415 342 1442 maximi.

255 1460 332 1488 Nunc
358 1465 459 1494 autem,
488 1460 531 1488 his
562 1461 671 1489 interim
698 1461 809 1488 omissis
848 1468 910 1494 quae
935 1460 1009 1490 circa

1054 223 1100 250 καὶ
1126 222 1232 254 τελείας
1253 221 1373 258 τυχοῦσα
1398 222 1448 257 τῆς
1473 222 1595 258 ῥώσεως,
1621 223 1667 249 καὶ
1690 223 1736 250 τὸν
1761 223 1846 259 ὕμνον

1053 268 1197 303 ὑμνήσασα
1207 288 1214 300 ,
1231 269 1278 295 καὶ
1288 268 1382 295 τοῦτον
1399 269 1443 296 ἀεὶ
1458 269 1586 304 μελῳδεῖν
1602 269 1776 305 ὑποσχομένη
1789 273 1844 303 τοῖς

1055 315 1199 349 μάρτυσιν,
1214 315 1261 341 ἐπὶ
1272 314 1454 349 Παλαιστίνην
1469 315 1517 341 καὶ
1532 315 1701 350 Καισάρειαν
1717 315 1844 343 ὥδευσεν.

1059 360 1154 395 Ἡμεῖς
1168 360 1196 386 δὲ
1210 360 1258 387 καὶ
1273 359 1321 387 νῦν
1334 361 1397 391 τοὺς
1413 360 1578 395 ἀθλοφόρους
1595 361 1766 396 ὑμνήσαντες
1777 383 1784 394 ,
1798 361 1848 396 ἐφ’

1054 405 1151 440 ἑτέραν
1170 406 1262 432 αὐτῶν
1281 406 1455 441 πανύμνητον
1475 407 1576 441 πρᾶξιν
1596 409 1774 445 ὁρμήσωμεν.

1183 451 1242 479 ΞΘ.
1262 453 1332 487 Περὶ
1352 451 1494 479 Ἰωάννου
1513 453 1566 480 τοῦ
1585 454 1713 488 τυφλοῦ.

1089 497 1179 534 Μέχρι
1194 498 1265 530 τίνος
1281 499 1326 525 τὸν
1341 499 1464 534 κάλαμον
1479 500 1648 535 σκύλλωμεν,
1664 501 1710 527 καὶ
1732 501 1780 535 τὴν
1804 501 1847 528 δε-

1055 544 1115 577 ξιὰν
1143 544 1210 580 πρὸς
1235 544 1266 571 τὸ
1287 546 1404 580 γράφειν
1430 546 1597 580 ἐλαύνωμεν,
1619 548 1666 574 καὶ
1681 548 1730 582 τὴν
1755 549 1848 582 φωνὴν

1055 589 1124 624 πρὸς
1146 590 1176 616 τὸ
1201 589 1265 625 βοᾷν
1282 590 1480 626 διεγείρωμεν;
1501 593 1651 627 Κέκμηκεν
1667 594 1720 628 γὰρ
1735 595 1749 620 ό
1762 595 1848 621 κάλα-

1057 643 1117 670 μος,
1130 635 1177 662 καὶ
1191 636 1207 671 ἡ
1224 636 1284 672 χεὶρ
1301 636 1341 663 ἔτι
1363 637 1473 672 τρέχειν
1488 639 1518 664 ού
1536 638 1662 672 δύναται,
1678 640 1725 666 καὶ
1739 641 1754 675 ἡ
1771 641 1848 675 φωνὴ

1057 682 1106 708 σὺν
1132 681 1237 714 τούτοις
1261 682 1428 718 ἠσθένησεν,
1444 684 1495 719 τῆς
1518 685 1658 717 συντονίας
1683 688 1848 722 παυσαμένη

1056 727 1103 753 καὶ
1119 727 1223 763 λήξασα
1233 735 1239 744 ·
1261 728 1349 755 καίτοι
1363 728 1409 756 τοῦ
1429 729 1512 764 σοφοῦ
1525 730 1697 766 Σολομῶντος
1712 733 1850 767 γεγραφό-

1056 780 1102 804 τος
1114 773 1295 808 μανθάνομεν,
1308 773 1346 805 ὡς
1358 783 1366 799 ι
1382 774 1418 801 Τὸ
1429 775 1560 810 σπαρτίον
1572 775 1602 802 τὸ
1613 775 1743 811 ἔντριτον,
1758 777 1788 802 οὑ
1800 785 1850 803 τα-

1057 816 1126 850 χέως
1137 817 1360 853 διαρραγήσεται.
1374 827 1383 844 ι
1394 819 1486 846 Ταῦτα
1495 819 1579 847 δὲκαὶ
1591 821 1655 856 τρία
1667 821 1848 856 τυγχάνοντα,

1058 862 1104 888 καὶ
1120 862 1149 888 ἓν
1164 862 1260 897 ἔχοντα
1278 863 1412 899 βούλημα,
1435 866 1482 892 καὶ
1501 866 1565 900 μιᾶς
1580 866 1694 902 γνώμης
1709 867 1850 902 ὑπαρχον-

1056 916 1100 939 τα,
1116 907 1163 934 καὶ
1177 908 1278 946 σκοπὸν
1291 909 1338 936 ἕνα
1354 910 1510 945 στησάμενα
1521 931 1528 943 ,
1544 911 1636 947 Κύρου
1657 913 1704 939 καὶ
1723 913 1850 940 Ἰωάννου

1058 953 1188 989 κηρύξειν
1198 954 1232 981 τὰ
1244 954 1382 990 θαύματα,
1394 957 1441 983 καὶ
1453 957 1531 992 ῥῆξιν
1543 958 1702 993 ὑπέμειναν,
1713 960 1759 986 καὶ
1770 960 1850 995 κόπῳ

1059 1000 1214 1036 βέϐληνται,
1232 1002 1280 1028 καὶ
1304 1003 1420 1039 καμάτῳ
1435 1003 1623 1038 πεπτώκασιν,
1640 1006 1687 1032 καὶ
1701 1006 1750 1042 τὴν
1762 1005 1849 1044 ἧτταν

1058 1046 1221 1079 ὲνδέδυνται,
1236 1048 1300 1083 πρὶν
1316 1049 1332 1084 ἢ
1349 1050 1466 1084 κηρύξαι
1480 1059 1507 1077 τι
1522 1050 1576 1077 τῶν
1591 1051 1678 1085 ἁγίων
1694 1052 1818 1085 ἐπάξιον,
1833 1053 1849 1087 ἢ
1872 1044 1874 1047 Ι

1057 1091 1112 1118 τῶν
1133 1092 1305 1127 ἀξιαγὰστων
1328 1093 1417 1121 αὐτῶν
1430 1095 1553 1129 τεράτων
1570 1095 1656 1130 βραχύ
1673 1095 1732 1127 πώς
1758 1105 1784 1122 τι
1806 1097 1852 1131 μὰ

1059 1146 1131 1173 ριον’
1147 1139 1212 1175 βοᾷν
1226 1140 1254 1166 δὲ
1271 1140 1318 1167 καὶ
1341 1141 1421 1175 μόνον
1438 1141 1571 1176 ίσχύουσι,
1586 1142 1636 1176 τῆς
1653 1141 1756 1174 οίκείας
1768 1142 1851 1168 ἀσθε-

1059 1183 1133 1214 νείας
1150 1184 1180 1210 τὸ
1196 1185 1312 1219 μέγεθος
1325 1194 1332 1202 ·
1351 1185 1413 1213 ὅθεν
1427 1187 1473 1213 καὶ
1495 1186 1526 1213 τὸ
1547 1187 1632 1222 παρὸν
1648 1187 1740 1222 θαῦμα
1757 1187 1851 1222 βιαίως

1059 1229 1228 1265 κηρύξαντα,
1252 1232 1280 1258 ὲν
1302 1231 1342 1267 τῷ
1369 1232 1438 1267 μετὰ
1461 1232 1541 1259 τοῦτο
1568 1233 1661 1268 τέρατι
1689 1233 1851 1265 παύσονται,

1059 1273 1144 1301 πολλὰ
1159 1275 1221 1307 τοὺς
1234 1275 1326 1310 ἁγίους
1343 1277 1501 1312 αἰτήσαντα,
1519 1278 1683 1313 συγγνώμην
1698 1279 1791 1310 αὐτοῖς
1803 1280 1852 1305 σὺν

1059 1321 1213 1358 ἀμνηστείᾳ
1227 1321 1402 1358 δωρήσασθαι
1416 1323 1568 1359 προπετοῦς
1579 1324 1627 1350 καὶ
1645 1324 1776 1359 μεγιστου
1791 1325 1853 1351 τολ-

1061 1367 1099 1402 μή
1104 1370 1186 1402 ματος
1191 1387 1197 1395 .

1097 1460 1154 1487 Νῦν
1167 1460 1197 1487 δὲ
1212 1460 1279 1492 τέως
1294 1460 1397 1487 τούτων
1414 1460 1544 1496 ἀφέμενοι
1557 1481 1563 1493 ,
1582 1461 1615 1488 τὰ
1637 1461 1708 1488 κατὰ
1725 1463 1854 1499 Ἰωάννην

220 1506 352 1535 Joannem
370 1511 446 1542 gesta
476 1511 551 1539 sunt,
572 1511 653 1543 prout
672 1514 828 1542 possumus,
858 1507 1007 1537 etlicatnns.

1067 1506 1130 1542 πρὸς
1153 1505 1268 1542 δύναμιν
1290 1505 1424 1541 λέξωμεν,
1440 1506 1488 1533 καὶ¹
1507 1507 1563 1538 τοῖς
1587 1507 1715 1534 ἀκούουσι
1733 1512 1854 1545 ποιησώ-

218 1557 245 1580 et
263 1553 439 1581 audientibus
463 1553 572 1589 cognita
602 1553 747 1581 faciamus.
775 1553 914 1580 Romanus
934 1553 1007 1580 enim

221 1604 291 1631 erat,
307 1607 360 1626 non
389 1599 509 1627 civitatis
522 1599 655 1627 oriundus
680 1598 812 1627 Romanis
827 1600 878 1627 sub
907 1599 1010 1626 tributo

222 1645 348 1677 redactae,
366 1645 413 1673 sed
432 1646 518 1681 ipsam
535 1645 660 1678 Romam,
679 1653 740 1680 qua:
756 1646 843 1681 prima
861 1646 887 1673 in
904 1646 944 1673 eis
957 1646 1008 1672 im-

222 1696 310 1726 perat,
327 1692 422 1718 urbem
437 1695 465 1719 et
481 1691 594 1727 patriam
614 1691 767 1726 possidens.
790 1691 898 1719 Etenim
913 1697 940 1719 et
953 1690 1010 1718 Ro-

222 1745 263 1764 ma
279 1738 396 1773 propria
414 1738 548 1765 veraciter
578 1737 743 1765 desideravit
770 1738 851 1765 etiam
871 1737 922 1765 hoc
946 1737 1011 1765 addi

221 1783 359 1816 claritati;
395 1783 530 1816 videlicet,
559 1783 622 1819 Cyri
648 1782 819 1818 Joannisque
849 1783 1009 1815 miraculis,

222 1833 353 1864 tanquam
369 1828 535 1863 quibusdam
557 1829 756 1857 sacratioribus
773 1829 925 1862 venustari,
951 1829 1010 1856 cla-

222 1875 295 1902 riora
308 1875 365 1902 haec
384 1874 496 1902 coronis
523 1879 550 1902 et
570 1875 687 1911 sceptris
713 1880 740 1903 et
762 1883 880 1910 purpura
907 1875 1010 1903 sciens.

221 1920 289 1948 Nam
305 1928 367 1948 cum
380 1921 438 1948 haec
450 1929 482 1948 ex
495 1925 567 1948 terra
583 1921 704 1957 genesim
719 1921 848 1954 habeant,
865 1923 892 1949 in
907 1926 1008 1949 terram

222 1968 321 1995 iterum
341 1967 549 2001 dissolvuntur;
579 1968 748 1995 charismata
764 1975 830 1996 vero
857 1972 1010 2004 martyrum

224 2016 370 2042 desursum
400 2019 427 2042 et
453 2022 468 2042 e
494 2014 564 2042 caelo
594 2015 800 2048 descendentia,
828 2023 890 2043 cum
919 2016 1011 2043 divina

222 2061 324 2088 virtute
339 2062 395 2088 sint
423 2060 505 2092 edita,
522 2060 717 2088 resolutionem
734 2062 761 2088 in
779 2067 880 2089 terram
907 2069 1011 2096 nequa-

222 2113 304 2141 quam
337 2106 494 2133 atlmi1tnnt.
521 2105 614 2133 Romae
638 2106 731 2141 itaque
758 2114 812 2134 non
842 2107 1012 2135 invideamus

225 2153 372 2186 desiderio,
389 2153 411 2180 si
435 2157 608 2180 terrenarum
629 2153 781 2180 claritatem
799 2153 914 2187 habens,
931 2154 1011 2182 male-

1055 1551 1136 1587 psea
1157 1551 1294 1586 γνώριμα.
1327 1553 1462 1587 Ῥωμαῖος
1485 1549 1561 1584 οὗτος
1577 1553 1740 1588 ἐτύγχανεν,
1757 1555 1788 1581 οὒ
1804 1557 1854 1582 πό-

1062 1598 1131 1630 λεως
1143 1598 1282 1634 ὺποφόρου
1301 1598 1446 1633 Ῥωμαίοις
1471 1598 1642 1634 ὁρμώμενος,
1656 1600 1725 1626 ἀλλὰ
1741 1601 1855 1636 Ῥώμην

1062 1643 1148 1678 αὐτὴν
1158 1643 1208 1678 τὴν
1220 1642 1331 1678 πρώτην
1344 1642 1434 1670 αὐτῶν
1449 1642 1659 1677 βασιλεύσασαν,
1674 1644 1792 1679 πατρίδι
1806 1646 1856 1673 καὶ

1063 1690 1140 1718 πόλιν
1148 1690 1333 1725 κτησάμενος·
1348 1689 1395 1716 καὶ
1408 1688 1501 1725 Ῥώμη
1512 1689 1565 1725 γὰρ
1577 1689 1684 1725 ἀληθῶς
1694 1690 1854 1726 ἐπεθύμησε

1061 1737 1094 1770 τῇ
1110 1734 1199 1769 οἰκείᾳ
1218 1734 1266 1760 καὶ
1285 1733 1364 1760 τοῦτο
1379 1733 1536 1769 προσθεῖναι
1551 1734 1733 1771 λαμπρότητι,
1748 1735 1779 1761 τὸ
1796 1735 1855 1762 Κύ-

1063 1789 1110 1815 ρου
1126 1780 1173 1806 καὶ
1191 1779 1314 1806 Ἰωάννου
1337 1780 1393 1810 τοῖς
1417 1779 1555 1814 θαύμασιν
1577 1779 1615 1812 ὡς
1638 1780 1784 1816 θειοτέροις
1798 1782 1857 1807 τισὶ

1062 1824 1329 1859 ἐγκαλλωπίζεσθαι,
1342 1825 1409 1851 πολὺ
1423 1825 1509 1852 ταῦτα
1523 1825 1700 1861 λαμπρότερα
1713 1827 1856 1860 στεφάνων

1062 1872 1110 1899 καὶ
1133 1871 1283 1906 σκήπτρων
1299 1870 1346 1897 καὶ
1361 1871 1526 1906 πορφυρίδος
1540 1871 1740 1905 γιγνώσκουσα.
1761 1871 1858 1898 Ταῦτα

1063 1918 1113 1953 μὲν
1136 1918 1190 1952 γὰρ
1205 1918 1237 1943 ὲκ
1254 1917 1305 1951 γῆς
1329 1916 1378 1951 τὴν
1401 1917 1508 1951 γένεσιν
1528 1917 1634 1952 ἔχοντα,
1652 1917 1732 1945 πάλιν
1746 1919 1787 1949 εἰς
1802 1919 1857 1952 γῆν

1062 1964 1222 1991 ἀναλύεται·
1239 1963 1273 1990 τὰ
1288 1963 1316 1989 δὲ
1331 1962 1384 1989 τῶν
1409 1963 1556 1999 μαρτύρων
1577 1964 1734 1999 χαρίσματα
1750 1964 1857 1990 ἄνωθεν

1062 2010 1092 2043 ἐξ
1105 2009 1220 2045 ούρανοῦ
1236 2010 1421 2045 καταγόμενα,
1433 2010 1480 2036 καὶ
1496 2009 1556 2045 θείᾳ
1568 2010 1680 2044 δυνάμει
1694 2010 1856 2044 τικτόμενα,

1063 2055 1193 2083 ἀνάλυσιν
1203 2055 1253 2090 τὴν
1268 2056 1307 2086 εις
1321 2055 1372 2090 γῆν
1388 2055 1438 2081 οὐκ
1451 2055 1601 2089 εἰσδέχεται
1612 2062 1618 2069 ·
1634 2056 1667 2090 τῇ
1683 2055 1777 2091 Ῥώμῃ
1790 2055 1858 2088 γοῦν

1065 2101 1103 2136 μὴ
1118 2100 1296 2137 φθονήσωμεν
1311 2101 1360 2135 τῆς
1383 2100 1514 2136 ἐφέσεως,
1529 2100 1546 2136 ἢ
1560 2100 1613 2127 τῶν
1631 2102 1732 2136 γηΐνων
1746 2101 1796 2136 τὴν
1811 2102 1859 2128 εὖ-

1064 2147 1158 2174 κλειαν
1173 2146 1282 2182 ἔχουσα,
1297 2147 1344 2173 καὶ
1358 2146 1411 2173 τῶν
1421 2147 1554 2181 οὐρανίων
1565 2146 1613 2182 τῆς
1624 2147 1703 2181 δόξης
1718 2147 1856 2182 ὀρέγεται·

223 2199 307 2226 stium
326 2207 436 2234 quoque
458 2198 573 2234 gloriam
587 2199 699 2233 appetit.
718 2198 770 2226 Sed
786 2198 901 2232 Joanne,
917 2201 963 2235 qui
976 2208 1010 2228 ex

1067 2193 1124 2220 ἀλλ’
1143 2193 1269 2228 Ἰωάννην
1290 2192 1336 2219 τὸν
1351 2193 1383 2218 ἐκ
1395 2192 1497 2228 ταύτης
1517 2193 1557 2224 είς
1582 2192 1664 2227 μέσον
1681 2192 1858 2225 καλέσαντες,

223 2244 275 2271 hac
293 2243 392 2276 fuerat,
410 2243 435 2270 in
455 2243 574 2270 medium
595 2242 737 2276 advocato,
757 2250 803 2277 per
819 2243 890 2271 hunc
903 2245 1010 2273 desidc-
1030 2243 1034 2246 ’

224 2290 294 2316 rium
311 2290 371 2323 ejus
387 2288 594 2323 adimpleamus.

260 2333 309 2362 llic
341 2334 484 2360 oculorum
515 2332 642 2367 primitus
673 2334 813 2362 detinetur
842 2334 1010 2367 infirmitate,

224 2383 336 2413 propter
356 2384 437 2412 quam
463 2376 576 2404 medicis
606 2377 745 2404 tribulatio
762 2377 831 2405 facta
846 2383 898 2412 est,
927 2379 1011 2414 depo-

225 2430 290 2451 nu-re
307 2423 494 2450 inﬁrmitatem
506 2421 678 2454 desiderans,
692 2427 720 2450 et
737 2424 859 2459 recipere
871 2432 932 2459 quea
948 2431 1012 2452 ante.

225 2469 296 2495 hanc
314 2467 403 2494 fuerat
419 2468 575 2500 sanitatem,
597 2468 671 2502 quod
688 2468 777 2497 omnis
802 2473 844 2497 est
870 2469 1013 2497 inﬁrman-

224 2515 261 2541 tis
273 2513 417 2541 indicium.
438 2513 491 2541 Sed
507 2513 558 2540 hoc
573 2514 686 2549 adipisci
702 2522 756 2542 non
775 2515 856 2547 valet,
871 2515 933 2543 licet
948 2516 1014 2543 mul-

225 2565 253 2587 ta
277 2560 391 2588 medicis
411 2559 573 2592 tribuisset;
603 2568 713 2596 semper
741 2561 813 2588 enim
846 2569 1014 2596 persequens

226 2606 379 2637 meliorem,
407 2605 528 2641 pejorem
547 2606 663 2635 faciebat
690 2607 870 2642 languorem;
894 2612 921 2634 et
948 2608 1013 2635 dum

225 2660 288 2680 enm
315 2653 361 2688 qui
387 2653 414 2680 in
437 2653 497 2681 istis
515 2657 573 2681 erat
599 2654 766 2688 conspicuus
793 2654 1014 2688 amplecteretur,

227 2699 285 2733 ipse
315 2699 374 2727 sine
400 2699 459 2727 visu
485 2699 614 2735 paulatim
644 2698 758 2727 ell'ectus
783 2703 844 2733 est;
873 2707 1015 2735 usquequo

228 2745 391 2780 spectabiles
409 2751 435 2773 et
451 2746 574 2774 illustres
589 2745 695 2777 adiens,
712 2745 847 2773 obscurus
860 2751 886 2774 ct
901 2746 1012 2774 obtene-

273 2830 295 2845 ³⁸
317 2831 454 2865 ΕεεΙοΑν,
475 2831 516 2858 12»

1066 2239 1109 2266 διὰ
1126 2239 1221 2266 τούτου
1241 2239 1286 2265 τὸν
1307 2239 1388 2266 πόθον
1407 2238 1493 2274 αὐτῆς
1512 2239 1746 2275 ὲκπληρώσωμεν.

1101 2327 1186 2362 Οὗτος
1210 2330 1357 2366 ὀφθαλμῶν
1381 2331 1508 2366 ἀσθενείᾳ
1522 2331 1553 2357 τὸ
1569 2331 1677 2366 πρῶτον
1699 2332 1858 2367 κατέχεται,

1065 2378 1098 2404 δι’
1108 2378 1141 2412 ἣν
1157 2378 1258 2413 ἰατροῖς
1268 2377 1345 2412 δχλος
1355 2376 1468 2410 ἐγίνετο,
1480 2376 1630 2403 ἀποθέσθαι
1648 2377 1697 2412 μὲν
1709 2377 1799 2404 ποθῶν
1809 2378 1860 2413 τὴν

1065 2422 1219 2455 ἀσθένειαν,
1233 2423 1378 2450 ἀναλαϐεῖν
1392 2422 1420 2449 δὲ
1435 2423 1483 2458 τὴν
1499 2423 1551 2458 πρὸ
1563 2423 1665 2458 ταύτης
1681 2423 1829 2456 ἀπάθειαν,
1846 2425 1859 2450 ὃ

1066 2470 1168 2502 παντὸς
1179 2469 1356 2501 ἀσθενοῦντος
1370 2469 1523 2504 καθέστηκε
1538 2469 1691 2505 γνώρισμα.
1708 2469 1789 2496 ’Λλλὰ
1799 2470 1861 2496 τού-

1064 2524 1111 2542 του
1133 2517 1225 2550 τυχεῖν
1248 2515 1279 2542 οὐ
1304 2515 1462 2550 δεδύνηται,
1487 2515 1588 2550 πολλὴν
1616 2514 1716 2549 ἰατρῶν
1740 2515 1860 2550 ἀμοιϐὴν

1065 2561 1267 2596 ποιησάμενοςο
1283 2561 1326 2587 ἀεὶ
1341 2561 1393 2596 γὰρ
1417 2561 1522 2587 διώκων
1536 2561 1580 2586 τὸν
1597 2560 1753 2595 κρείσσονα,
1768 2562 1859 2596 χεῖρον

1067 2607 1153 2633 ἐποίει
1177 2607 1208 2633 τὸ
1231 2607 1337 2642 νόσημα
1349 2615 1356 2622 ·
1382 2607 1429 2633 κοιλ¹
1453 2606 1498 2633 τὸν
1514 2607 1542 2633 ἐν
1558 2606 1663 2638 τούτοις
1678 2605 1859 2640 ’περίϐλεπτον

1069 2653 1269 2688 ἀσπαζόμενος,
1288 2652 1420 2684 ἄὸλεπτος
1444 2652 1525 2684 αὐτὸς
1549 2651 1713 2684 κατ-’,ὀλίγον
1729 2652 1839 2685 ἐγένετο
1852 2660 1858 2666 ·

1071 2699 1166 2734 μέχρις
1188 2695 1218 2725 οὗ
1245 2700 1301 2730 τοῖς
1324 2699 1458 2733 ἐμφανέσι
1483 2699 1530 2726 καὶ
1556 2698 1694 2733 λαμπροῖς
1709 2694 1854 2733 Ἀτροσιὼν,

1070 2745 1174 2780 ἀφανὴς
1203 2745 1250 2772 καὶ
1277 2745 1407 2782 ἁλαμπὴς
1429 2746 1551 2781 διαμπὰξ
1575 2745 1785 2777 ἀποδείκνυται·
1814 2744 1860 2772 καὶ
