1908 3078
80 89 145 121 3061

584 89 635 119 SS.
656 89 745 119 CYRI
761 89 808 119 ET
825 89 986 120 JOANNIS
1004 87 1212 119 MIRACULA.

1653 84 1724 116 3!?62

81 147 151 181 τάχα
165 146 216 172 οὐκ
234 145 267 172 ἂν
282 144 342 171 οὐδὲ
359 144 418 171 τότε
431 144 486 170 τῶν
503 144 602 179 ἰατρῶν
617 145 665 176 τὰς
679 146 772 181 χεῖρας
787 144 878 179 διέφυ·
895 148 914 175 Α
932 145 944 171 lt

942 153 1029 172 trusus
1059 153 1172 180 prorsus
1192 150 1319 171 Ostensus
1350 147 1402 170 est.
1431 142 1462 169 Et
1486 142 1555 169 forte
1583 150 1632 169 nec
1659 147 1721 169 tum:

81 199 139 224 γεν,
155 190 180 215 εἰ
198 190 235 225 μὴ
252 189 370 216 κενωθὲν
384 189 415 215 τὸ
431 189 583 224 βαλάντιον,
599 190 648 225 τὴν
663 190 717 216 τῶν
732 189 878 225 ὀφθαλμῶν

82 237 241 271 ἐφανέρωσε
257 236 413 270 τύφλωσιν
431 236 478 263 σὺν
492 236 532 271 τῷ
554 237 608 272 γὰρ
620 237 794 272 οφθαλμιαίῳ
810 237 880 271 φωτὶ

932 191 1100 217 medicorum
1118 198 1216 217 mamts
1229 190 1380 224 ell'ngisset,
1396 189 1447 215 nisi
1460 191 1609 215 evacuatus
1626 195 1724 214 Sacru-

932 237 984 267 lus.
1002 237 1142 264 oculormn
1166 237 1315 264 ueritatem
1332 235 1544 263 manifestasscl.
1570 234 1638 261 Cum
1656 242 1724 260 oeu-

83 284 129 309 καὶ
142 283 173 309 τὸ
189 282 363 317 βαλαντιαῖον
378 282 480 316 φέγγος
495 282 620 314 ἐξέλιπεν
631 291 638 297 ”
660 280 746 317 οὗπερ
761 283 944 328 ἀνιάτωςψιι

942 292 1019 310 orum
1036 285 1138 319 quippe
1167 283 1270 310 lumine
1295 283 1426 318 splendor
1443 282 1544 309 defecit
1568 282 1721 316 marsupii;

83 330 257 365 νοσήσαντος,
279 329 326 355 καὶ
351 328 434 364 ρῖὒσιν
459 328 552 354 λαϐεῖν
575 329 705 363 οὐδεμίαν
731 328 880 363 ἰσχύοντος,

83 377 172 402 νοσεῖν
189 376 238 402 καὶ
261 375 343 406 αὐτὸς
357 375 475 405 ἀνιάτως
492 374 653 410 ἐμάνθανεν.
674 374 746 406 Ἕως
760 374 809 409 μὲν
828 374 882 409 γὰρ

83 420 116 457 ἦν
131 421 213 453 ἁδρὴν
229 421 259 448 τὺ
273 421 427 456 βαλάντιον,
443 421 557 457 Θάρσει,
573 421 640 457 πρὸς
652 421 705 448 τῶν
719 421 819 457 ἰατρῶν
835 429 882 447 συ-

84 469 211 504 χνότερον
224 468 335 503 ἦκονεν,
351 468 397 494 καὶ
410 467 500 502 λύπην
517 467 654 503 μηδαμῶς,
664 468 732 502 μηδὲ
746 468 883 502 μέριμναν

85 516 205 550 κέκτησο
219 523 226 530 ’
241 514 339 541 θᾶττον
354 515 407 549 γάρ
433 523 462 540 σε
486 514 576 545 καλῶς
593 514 702 549 βλέπειν
725 514 882 549 ἐλπίζομεν.

90 560 202 595 Ἐπειδὴ
220 560 247 587 δὲ
260 560 291 586 τὸ
309 559 451 595 βαλάντιον
468 560 517 595 τὴν
533 560 648 586 κένωσιν
662 559 796 586 πέπονθεν
810 561 884 595 (συν-

84 607 207 642 spei;an
220 606 274 641 γὰρ
289 606 336 633 καὶ
345 606 423 632 τοῦτο
438 607 493 637 τοῖς
508 605 653 641 ὄμμασιν),
664 607 763 641 πάσχει
777 607 824 632 καὶ
837 606 885 632 αὐ-

84 654 130 684 τὸς
153 654 204 680 σὺν
226 653 314 688 τούτῳ
337 652 386 688 τὴν
414 652 553 687 στέρησιν,
569 653 602 688 ἣν
616 647 814 686 προπεπονθὼς
830 653 884 679 τῶν

83 700 220 734 ὀμμάτων
226 699 383 734 ἐτύγχανεν.
393 699 521 732 "Am-.105,
532 699 601 734 πρὸς
609 699 699 725 αὐτῶν
708 699 883 731 ἐπυνθάνετο,

89 746 185 781 μηδείς
201 754 231 772 σε
253 745 358 780 θνητῶν
375 746 557 779 ἀπατήσειεν,
582 745 668 779 λέγων
695 745 733 775 ὡς
756 744 818 779 ὄψει
839 743 885 770 τὸν

84 792 177 827 ἣλιονσ
201 792 230 818 αἱ
254 792 333 826 κόραι
355 791 410 826 γάρ
433 800 481 817 σου
501 790 678 826 διέῤῥευσαν,
695 791 742 817 καὶ
759 791 885 826 ἀλλήλοις

86 836 232 871 ἐπάγη”τὰ
249 835 383 870 βλέφαρα.
402 836 473 870 Ὅρα
494 836 588 871 μηδείς
611 844 657 862 σου
675 835 758 869 φάγοι
773 835 828 862 τῶν
843 837 883 863 ια-

86 883 159 917 τρῶν
175 883 206 909 τὸ
220 884 363 918 ἀργύριον,
380 883 471 918 μόνοις
487 891 516 909 σε
534 883 619 909 ποιῶν
633 884 689 915 τοῖς
703 883 790 917 λόγοις
807 883 882 909 εὐέλ-

88 930 163 962 πιδα,
185 930 342 966 εὐόμματον
362 930 390 956 δὲ
410 931 500 956 ποιεῖν
519 930 549 956 οὐ
569 930 729 965 δυνάμενος.

123 1022 235 1053 Ταύτας
261 1021 388 1056 Ἰωάννης
413 1021 462 1053 τὰς
487 1021 641 1056 ἀποφάσεις
662 1022 820 1058 δεξάμενος,
831 1023 885 1050 ἔτι-

86 1077 142 1104 περ
159 1068 280 1103 ἐνοχλεῖν
296 1069 398 1104 ἰατροῖς
411 1069 461 1095 οὐκ
476 1068 603 1103 ἠδύνατο,
617 1069 668 1095 οὐκ
686 1069 780 1105 ἐπειδὴ
804 1070 885 1105 μόνον

85 1115 125 1146 ὡς
146 1114 239 1141 οὐκέτι
262 1113 354 1149 βλέψοι
372 1114 545 1149 μεμάθηκεν,
569 1114 628 1141 ἀλλ’
649 1115 691 1141 ὅτι
711 1115 759 1141 καὶ
776 1115 885 1151 χρημά-

86 1171 141 1188 των
149 1162 278 1196 ἑχήρευε,
289 1162 323 1187 δι’
334 1158 371 1188 ὧν
388 1162 500 1196 ἰατροὺς
515 1161 722 1197 θεραπεύσειεν.
740 1162 784 1188 Ἐν
796 1161 884 1197 τούτῳ

86 1206 211 1240 γεγονὼς
223 1206 428 1239 καταστάσεως,
441 1206 543 1242 ἰατρῶν
556 1206 648 1233 πλεῖον
660 1206 821 1242 δυνάμενον,
838 1208 886 1234 καὶ

85 1252 202 1288 γνώμην
217 1253 316 1288 ἰατρῶν
326 1253 476 1288 χρημάτων
490 1253 520 1278 οὐ
531 1252 666 1288 χρῄζοντα
682 1253 787 1287 ἔχοντα,
800 1253 846 1280 καὶ
854 1253 885 1279 οὐ

86 1298 169 1325 τοῦτο
184 1299 275 1334 μόνον,
292 1299 361 1325 ἀλλὰ
376 1299 424 1325 καὶ
437 1299 481 1326 τὸν
494 1299 634 1335 ἄρρωστον
650 1299 787 1334 τρέφοντα
798 1308 804 1313 ·
817 1300 886 1334 ὅπερ

85 1344 230 1380 ἐπιζητῶν
248 1345 469 1381 σπουδαιότερον,
484 1345 555 1373 κατὰ
565 1345 614 1380 τὴν
625 1346 761 1381 σωτήριον
774 1345 886 1382 εὕρισκε

86 1391 254 1427 πρόρρησιν,
269 1392 316 1418 καὶ
329 1391 435 1427 κροτῶν
450 1391 659 1427 συντονώτερον,
677 1391 763 1426 θύρας
780 1392 886 1427 ὴνεῳγ-

88 1437 176 1472 μένης
199 1429 360 1472 ἐτύγχανεν.
385 1437 477 1472 Κῦρον
500 1437 554 1473 γὰρ
575 1438 626 1464 οὐκ
642 1437 683 1468 εἰς
711 1439 821 1473 μακρὰν
838 1439 885 1465 καὶ

91 1484 225 1517 Ἰωάννην
250 1484 280 1510 ὲν
302 1483 493 1519 Ἀλεξανδρείᾳ
515 1483 682 1510 πυνθάνεται
702 1484 777 1516 ὀἴους
795 1485 886 1520 εὑρεῖν

932 329 977 364 qui
993 338 1053 357 cum
1069 329 1257 358 insanabiliter
1269 329 1446 363 elanguisset.
1458 332 1485 355 et
1501 329 1647 355 sanitatem
1663 327 1724 354 lltll-

933 377 985 402 lam
1002 376 1126 411 accipere
1140 375 1281 406 valuisset,
1299 375 1429 409 languere
1445 379 1473 400 et
1489 374 1546 408 ipse
1561 372 1725 400 insanabili-

933 426 974 448 ter
989 421 1094 448 didicit.
1123 421 1214 448 Donec
1230 420 1302 449 enim
1335 420 1502 455 marsupium
1524 419 1630 455 dapsile
1659 418 1722 447 fuit.

929 466 1048 498 Conlide,
1068 475 1083 494 a
1113 467 1227 496 tnedicis
1267 468 1368 502 smpius
1400 466 1550 498 audiebat,
1584 466 1723 493 tristitiam

935 522 1106 549 nequaquam
1124 522 1214 549 neque
1226 512 1441 542 sollicitudinem
1453 512 1536 544 habe,
1555 512 1638 539 cilius
1652 513 1724 538 enim

935 566 960 588 te
977 561 1046 588 bene
1065 560 1156 587 videre
1172 567 1327 594 speramus.
1345 559 1415 592 Quia
1433 565 1498 586 vero
1514 558 1588 585 follis
1606 565 1726 584 evacua-

935 609 1037 636 tionem
1055 615 1153 643 passus
1166 612 1220 639 est,
1246 606 1351 634 ellluxit
1366 606 1439 634 enim
1472 606 1554 633 etiam
1583 605 1634 632 iste
1663 612 1724 632 cum

934 653 1034 685 oculis,
1050 652 1153 687 patitur
1167 657 1192 678 ct
1208 651 1266 686 ipse
1280 659 1342 679 cum
1362 652 1413 678 hoc
1427 651 1623 686 privationem.
1642 658 1724 685 quam

934 704 961 726 ct
977 706 1077 734 passus
1091 698 1118 725 in
1132 698 1219 725 oeulis
1234 698 1324 724 fuerat
1337 707 1345 731 ;
1358 697 1440 728 Vade.
1465 697 1498 723 ab
1521 697 1560 724 eis
1586 696 1726 728 audiebat,

936 746 1027 773 nullus
1040 751 1065 773 te
1079 745 1237 772 mortalium
1261 744 1379 778 decipiat
1405 745 1500 770 dicens
1517 743 1591 778 quod
1616 744 1728 770 visurus

936 792 975 820 sis
990 791 1094 824 solem;
1111 790 1221 825 pupilla:
1233 790 1334 825 quippe
1352 789 1400 816 tibi
1428 789 1614 820 deﬂuxerunt,
1630 793 1659 816 et
1671 789 1728 823 paL

935 838 1024 872 pebrie
1036 836 1290 871 mutuocongclata:
1301 839 1374 863 sunt.
1395 834 1472 867 Vide,
1489 835 1582 861 nullus
1595 843 1626 861 ex
1643 834 1729 861 iitedi-

935 885 975 912 cis
994 884 1139 919 pecuniam
1153 888 1227 910 tuam
1246 883 1402 912 mamlueet.
1417 881 1485 909 snlis
1498 886 1524 908 te
1553 880 1658 908 faciens
1681 880 1729 908 bo-

935 939 977 958 na:
991 930 1049 965 spei
1080 930 1267 967 sermonibus,
1284 936 1346 956 cum
1374 928 1454 955 bonis
1475 932 1502 955 te
1529 927 1618 954 oculis
1640 927 1729 954 facere

935 983 1062 1013 nequeat.

975 1024 1022 1052 llis
1040 1023 1161 1051 Joannes
1177 1022 1299 1057 acceptis
1332 1020 1490 1053 sententiis,
1515 1019 1587 1046 ultra
1615 1019 1729 1047 medici;

935 1071 1072 1099 molestus
1086 1077 1150 1098 esse
1160 1076 1215 1096 non
1231 1072 1338 1103 poterat
1351 1061 1358 1100 ζ
1376 1074 1429 1094 non
1447 1071 1554 1094 tantum
1567 1065 1640 1101 quia.
1655 1067 1728 1101 quod

935 1126 990 1146 non
1037 1121 1113 1145 esset
1141 1116 1212 1142 ultra
1254 1115 1365 1141 visurus
1393 1113 1537 1146 didicerat.
1581 1112 1630 1140 sed
1655 1113 1729 1147 quod

936 1166 1018 1193 etiam
1035 1163 1160 1199 pecuniis
1175 1162 1322 1190 destitutus
1339 1164 1421 1192 esset,
1438 1167 1486 1194 per
1502 1167 1572 1194 quas
1585 1159 1657 1186 I‘oret
1671 1166 1729 1185 πιο-

937 1209 1012 1236 dicos
1026 1208 1193 1242 plaeaturus.
1210 1205 1238 1232 ln
1254 1205 1305 1232 ltoc
1331 1204 1493 1234 devcuiens,
1521 1203 1657 1241 medicum
1687 1203 1730 1229 iu-

938 1255 1091 1290 vestigabat
1107 1253 1153 1288 qui
1177 1253 1239 1288 plus
1267 1251 1382 1279 medicis
1400 1255 1502 1285 posscl,
1519 1250 1622 1284 quique
1642 1249 1730 1276 medi-

936 1308 1031 1329 corum
1052 1300 1165 1328 haberet
1184 1298 1317 1329 animum,
1332 1297 1379 1332 qui
1397 1296 1521 1331 pecuniis
1542 1304 1595 1323 non
1620 1300 1729 1331 egeret;

937 1352 965 1375 et
978 1355 1033 1374 non
1046 1347 1134 1374 solum
1151 1345 1214 1376 hoc,
1227 1344 1275 1372 sed
1289 1348 1315 1371 et
1327 1343 1374 1378 qui
1390 1343 1528 1369 inlirmum
1543 1342 1637 1369 aleret.
1652 1340 1729 1374 Quod

938 1393 1090 1422 studiosius
1117 1392 1279 1427 requirens.
1315 1389 1467 1418 secundum
1497 1388 1599 1423 reperit
1627 1388 1731 1415 saluta-

938 1448 968 1467 re
986 1440 1043 1475 [55)
1066 1439 1244 1470 vaticinium;
1260 1441 1284 1464 et
1312 1437 1426 1472 pulsans
1443 1436 1602 1467 instantius,
1629 1436 1730 1461 ostium

939 1491 1065 1522 apertum
1082 1486 1197 1520 adeptus
1212 1488 1264 1511 est.
1282 1484 1383 1518 Cyrum
1418 1489 1537 1516 namque
1565 1489 1618 1508 non
1652 1481 1729 1513 ιυιιμι-

84 1529 176 1555 ἰθέλοι
191 1529 240 1555 καὶ
255 1529 390 1564 γλίχεται,
406 1530 512 1557 πιστῶν
529 1529 612 1556 αὐτοῦ
628 1530 792 1565 νοσημάτων
807 1531 887 1559 δυνά·
901 1515 922 1543 c
940 1542 944 1560 ι

942 1515 1022 1568 atque
1037 1531 1182 1561 Joannem,
1198 1530 1223 1557 id
1237 1534 1280 1557 est
1292 1527 1466 1555 Alexandria:
1481 1527 1635 1555 consistere
1644 1526 1731 1555 audit,

87 1584 164 1610 μεως
182 1573 356 1611 κρείσσονας.
375 1575 431 1602 Καὶ
447 1575 527 1602 τοῦτο
543 1575 650 1611 μαθὼν,
671 1577 772 1611 μᾶλλον
786 1576 814 1603 δὲ
829 1585 887 1603 πει-

86 1618 174 1651 σθεὶς.
191 1618 344 1654 ἐπειδήπερ
357 1620 389 1645 ἐκ
407 1620 503 1654 φήμης
522 1620 587 1647 αὐτὸ
608 1621 807 1656 προεγὶνωσκε,
822 1621 887 1648 θᾶτ-

84 1672 133 1690 τον
148 1664 214 1695 τοὺς
230 1664 324 1698 ἁγίους
339 1665 503 1698 κατέλαὸεν,
517 1666 579 1701 ὅρον
596 1666 745 1693 ἀσάλευτον
761 1667 886 1703 θέμενος,

85 1709 127 1745 μὴ
145 1709 278 1736 εἰσελθεῖν
293 1710 374 1737 αὑτὸν
385 1711 415 1737 τὸ
431 1711 580 1746 σεϐάσμιον
592 1712 717 1747 τέμενος,
730 1714 754 1740 el
772 1714 808 1749 μὴ
830 1714 887 1749 φῶς

85 1754 216 1781 θεάσοιτο
233 1755 379 1791 πρότερον,
396 1757 444 1783 καὶ
458 1757 513 1784 τῶν
535 1758 668 1793 ὀμμάτων
690 1759 823 1786 ἀποϐάλοι
838 1760 888 1796 τὴν

85 1801 216 1836 πήρωσιν
229 1810 236 1816 ·
254 1803 302 1828 καὶ
316 1803 362 1829 τὸν
379 1804 479 1831 οἰκεῖον
493 1805 556 1840 ὅρον
574 1804 644 1840 μετὰ
660 1805 776 1842 δοκιμὴν
793 1807 823 1833 οὺ
838 1815 887 1842 με-

85 1847 167 1882 τρίαν
178 1847 351 1883 ἐπλήρωσεν,
364 1849 394 1876 τὸ
404 1850 511 1884 Ὤμοσα
522 1851 569 1877 καὶ
579 1851 690 1886 ἕστησα,
698 1852 786 1887 λέγων
797 1853 888 1888 συχνό-

86 1902 181 1929 τερον,
198 1895 246 1922 καὶ
261 1895 296 1923 τὰ
310 1897 518 1932 ἐκπορευόμενα
530 1898 563 1925 ὲκ
582 1899 635 1925 τῶν
647 1899 759 1934 χειλέων
775 1908 826 1934 μου
838 1900 888 1927 οὐκ

87 1941 229 1977 ἀθετήσω,
247 1942 317 1978 μετὰ
332 1943 380 1970 τοῦ
395 1944 577 1979 Μελογράφου
593 1945 740 1981 βοώμενος.
760 1947 817 1982 Πρὸ
833 1947 887 1983 γὰρ

85 1987 139 2021 τῆς
153 1988 202 2014 τοῦ
216 1987 269 2015 νεὼ
283 1988 370 2025 θύρας
389 1990 517 2026 ἐκάθητο,
532 1991 668 2024 ἀνέκειτο,
684 1992 788 2027 ιἢσθιεν,
803 1992 886 2019 ἐκάθ-

89 2033 186 2060 ευδεν·
204 2035 235 2061 ὲν
250 2034 311 2070 ὥρᾳ
335 2036 385 2070 μὲν
412 2036 509 2072 θέρους
531 2037 728 2072 καυσούμενος,
746 2039 774 2064 ἐν
798 2038 887 2074 καιρῷ

87 2079 117 2106 δὲ
140 2080 278 2115 χειμῶνος
293 2082 468 2117 πηγνύμενος
481 2090 487 2096 ·
504 2083 552 2109 καὶ
576 2083 641 2110 ποτε
665 2084 714 2118 μὲν
730 2084 818 2116 ὑετοῖς
839 2085 887 2110 λα-

86 2126 233 2162 ϐροτέροις
250 2125 429 2164 βρεχόμενος,
445 2129 511 2156 ποτὲ
535 2129 564 2156 δὲ
585 2130 780 2165 σφοδροτέραις
796 2131 886 2158 ἀκτῖσι

86 2172 268 2208 φλεγόμενος,
285 2175 356 2210 ὑπὲρ
380 2176 504 2210 κεφαλῆς
525 2175 596 2211 ἔχων
614 2176 660 2203 τὸν
682 2177 759 2212 ἥλιον
778 2178 886 2214 ἡμέρας

86 2220 268 2253 συγκαίοντα,
282 2222 328 2248 καὶ
344 2222 441 2254 νυκτὸς
456 2222 505 2257 τὴν
522 2222 637 2257 σελήνην
650 2223 811 2250 ἐκλύουσαν.

86 2264 275 2294 inﬂammatus
290 2274 298 2299 ;
331 2274 415 2302 supra

86 2317 151 2340 tem.

123 2358 203 2385 Οὕτω
219 2358 248 2385 δὲ
266 2359 381 2395 χρόνους
401 2359 474 2386 ὀκτὼ
494 2360 652 2392 διατελέσας
667 2361 823 2397 ὑπαίθριος,
837 2363 885 2389 καὶ

85 2405 136 2441 τὴν
153 2405 261 2432 οἰκείαν
283 2407 332 2432 οὐκ
356 2407 495 2442 ἀτιμάσας
514 2407 663 2442 ἀπέφασιν,
676 2409 731 2435 οὐδ’
750 2410 884 2444 ἀτιμάσαι

86 2452 280 2486 προσδοκήσας
302 2452 342 2483 εἰς
357 2452 495 2488 ἕπειτα,ἦ
518 2453 686 2489 ποιήσασθαι
708 2454 756 2489 τὴν
778 2455 884 2481 ἐκεῖθεν

84 2497 235 2530 ἀπόϐασιν,
249 2498 272 2524 εἰ
292 2498 340 2524 καὶ
365 2498 445 2534 μέχρι
459 2498 576 2525 θανάτου
598 2499 698 2532 τυφλὸς
718 2499 882 2532 ἐξετάζοιτο.

86 2544 169 2569 Ὅθεν
187 2542 308 2569 ἐπαίνων
328 2543 378 2577 μὲν
393 2544 442 2578 τῆς
457 2543 528 2570 οὓτω
542 2545 675 2580 σταθερᾶς
690 2545 736 2571 τοῦ
751 2545 883 2581 λογισμοῦ

86 2589 132 2614 7.2".
151 2587 267 2623 βεϐαίας
292 2588 410 2622 κρίσεως
428 2588 514 2620 ἄξιος,
532 2588 608 2623 παρᾶ
623 2589 691 2615 πᾶσι
712 2590 768 2620 τοῖς
783 2590 884 2617 εὶδὸσ.ν

85 2634 223 2669 ἐκρίνετο,
249 2633 326 2668 παρὰ
349 2635 406 2665 τοῖς
431 2634 550 2669 μάρτυσι
567 2635 614 2661 καὶ
640 2634 746 2667 τελείας
774 2635 882 2667 ἰάσεως.

91 2679 271 2711 Ἐπιστάντες
285 2679 351 2714 γοῦν
366 2680 441 2714 αὐτῷ
466 2681 562 2713 νυκτὸς
573 2701 579 2712 ,
596 2681 634 2713 ὠς
647 2681 805 2716 ἐκάθευδεν,
832 2683 881 2718 τὴν

87 2725 181 2759 ίγείσν
195 2725 358 2760 παρέχουσι,
377 2726 424 2752 καὶ
437 2725 467 2752 τὸ
480 2725 590 2761 βλέπειν
604 2727 775 2762 χαρίζονται,
793 2727 882 2762 λόγοις

140 2818 197 2855 (55)
219 2818 402 2849 Ιιςιινητςηιυε
420 2830 470 2857 pro
486 2822 646 2851 S‘alratoris.

938 1579 1035 1616 quales
1048 1577 1173 1605 invenire
1188 1575 1269 1603 vellet
1285 1579 1312 1602 et
1332 1577 1456 1609 cuperet,
1472 1574 1575 1608 quique
1602 1572 1661 1599 suis
1692 1571 1732 1599 l'o-

938 1631 1000 1654 rent
1015 1626 1115 1653 virtute
1131 1623 1312 1659 languoribus
1328 1621 1466 1649 fortiores.
1490 1621 1522 1647 Et.
1535 1620 1586 1647 hoc
1604 1619 1731 1646 ediscens

938 1673 994 1700 into
1020 1671 1155 1702 credens,
1187 1670 1318 1705 quoniam
1346 1668 1372 1695 id
1389 1667 1446 1702 jam
1463 1675 1495 1693 ex
1515 1666 1586 1693 l'atna
1608 1673 1731 1696 noverat,

938 1717 971 1743 ad
997 1721 1109 1744 sanctos
1141 1715 1269 1742 celeriter
1298 1711 1384 1746 venit,
1412 1711 1572 1738 deﬁnitione
1598 1711 1732 1737 immobili

938 1763 1039 1798 posita,
1055 1769 1109 1789 non
1133 1769 1163 1788 se
1180 1762 1370 1794 ingressurum
1397 1765 1492 1786 eorum
1520 1756 1630 1785 Celebre
1664 1761 1726 1783 lem-

938 1809 1024 1844 plum,
1042 1809 1093 1835 nisi
1110 1808 1185 1839 prius
1206 1807 1294 1833 luccm
1311 1804 1438 1837 vidisset,
1456 1808 1483 1830 et
1499 1804 1649 1831 c:ecitatem
1666 1810 1734 1829 oon.

939 1855 1028 1882 lorqu
1046 1853 1231 1888 deposuisset.
1253 1852 1287 1879 Et
1302 1850 1443 1886 propriam
1470 1849 1656 1877 deliulliouetu
1673 1855 1734 1884 post

938 1908 994 1928 non
1011 1898 1177 1927 mediocrem
1206 1897 1399 1933 probationem
1421 1896 1557 1932 implevit,
1582 1894 1677 1922 Jurari
1707 1900 1734 1921 et

939 1946 1033 1979 statui,
1051 1945 1152 1980 saepius
1177 1944 1284 1976 dicens,
1302 1947 1330 1970 et
1345 1950 1407 1978 quae
1437 1942 1591 1977 procedunt
1610 1950 1668 1978 .pcr
1693 1942 1734 1967 la-

939 1991 983 2019 bia
1003 1997 1063 2017 mea
1084 1997 1135 2016 non
1155 1988 1254 2015 faciam
1272 1988 1361 2019 irrita,
1382 1995 1445 2014 cum
1476 1985 1655 2020 Melograpbo
1677 1986 1733 2012 cla-

940 2044 1031 2064 mans.
1060 2035 1119 2061 l’ta:
1145 2034 1252 2060 foribus
1279 2033 1352 2060 enim
1385 2031 1478 2066 templi
1510 2031 1635 2061 sedebat,
1659 2030 1734 2065 ᾑρε-

940 2082 996 2114 bat,
1015 2080 1212 2110 manducabat,
1233 2083 1259 2106 et
1274 2078 1440 2109 dormiebat,
1471 2083 1595 2112 tempore
1621 2076 1731 2112 quidem

939 2128 1043 2155 aestatis
1063 2126 1190 2156 adustus,
1221 2129 1346 2159 totnpore
1380 2129 1471 2151 autem
1502 2124 1600 2151 hiemis
1630 2131 1730 2157 conge-

942 2176 1033 2207 latus;
1071 2178 1099 2201 et
1142 2172 1223 2199 modo
1260 2171 1372 2207 quidem
1413 2171 1594 2198 validioribus
1635 2170 1730 2196 imbri-

900 2219 922 2247 D
939 2223 990 2250 bus
1006 2221 1174 2255 t'OtllpllllllS,
1196 2219 1277 2246 modo
1295 2223 1387 2245 autem
1417 2218 1625 2245 vel-ementibus
1648 2217 1730 2244 radiis

470 2271 553 2302 caput
591 2267 696 2296 habens
733 2269 819 2296 solem
855 2268 973 2296 interdiu
1009 2270 1231 2293 concrcmantem
1252 2284 1259 2295 .

1290 2269 1318 2292 et.
1347 2264 1550 2294 noctulunam
1585 2264 1730 2292 exsolven-

974 2359 1077 2386 Taliter
1094 2362 1185 2384 autem
1203 2364 1291 2384 annos
1306 2360 1368 2383 octo
1389 2356 1441 2383 sub
1469 2356 1533 2384 divo
1562 2347 1728 2391 lransigens.

939 2411 966 2434 ct
986 2405 1124 2441 propriam
1141 2411 1194 2430 non
1210 2411 1344 2436 spernens
1356 2403 1532 2435 sententiam,
1549 2411 1638 2438 neque
1655 2403 1731 2430 dein-

939 2460 1004 2487 ceps
1030 2459 1060 2478 se
1089 2450 1195 2477 irritam
1225 2449 1362 2476 facturum
1389 2453 1561 2483 exspectans.
1595 2453 1640 2475 aut
1667 2449 1732 2477 inde

940 2497 1077 2524 facturum
1092 2496 1208 2524 exitum.
1227 2494 1309 2521 etiam
1332 2495 1354 2521 si
1372 2502 1460 2528 usque
1489 2495 1523 2521 ad
1542 2499 1658 2521 mortem
1675 2503 1728 2522 ca:-

939 2551 989 2570 cus
1004 2542 1076 2569 l‘oret
1101 2541 1271 2577 probandus.
1298 2539 1378 2567 Unde
1397 2540 1525 2568 laudibus
1539 2541 1650 2576 quidem
1677 2547 1731 2567 tam

939 2589 1094 2617 constantis
1108 2588 1190 2615 animi
1208 2592 1235 2613 et
1249 2587 1356 2614 stabilis
1371 2588 1469 2621 judicii
1486 2588 1558 2623 apud
1575 2595 1672 2616 omnes
1685 2588 1732 2622 qui

939 2639 1071 2663 neverant
1090 2634 1290 2662 decernebatur
1307 2632 1355 2669 [ex
1373 2633 1449 2669 Clu].
1480 2639 1506 2661 et
1530 2634 1602 2669 apud
1630 2639 1732 2661 martr-

940 2690 984 2709 res
1013 2681 1096 2708 etiam
1125 2679 1245 2715 perfecta
1278 2680 1398 2707 sanitate
1418 2681 1517 2716 dignus
1544 2681 1731 2715 judicabatur.

939 2728 1109 2756 Assistentcs
1125 2733 1190 2761 ergo
1204 2727 1227 2753 ei
1239 2730 1320 2753 noctu
1334 2726 1492 2759 dormienti,
1508 2728 1651 2755 sanitatem
1665 2735 1732 2762 pra--

854 2775 970 2804 NOTAE.
