1908 3078
78 133 150 166 36ῦῦ

580 122 632 154 SS.
651 121 740 152 CYRI
759 120 807 151 ET
827 118 990 151 JOANNIS
1006 116 1216 148 MIRACULA.

1645 114 1718 148 3670

112 189 188 218 Μεθ’
201 185 310 223 ἡμέρας
321 184 349 211 δὲ
365 181 447 210 πάλιν
458 179 552 216 ὀλίγας
567 179 596 206 ὲν
612 177 754 214 μοναστῶν
767 176 874 223 στολαῖς
889 200 891 204 Α

963 173 1028 201 Post
1041 179 1143 208 paucos
1163 177 1229 198 vero
1241 169 1301 198 dies
1319 169 1348 197 in
1373 167 1570 197 monachorum
1583 169 1662 197 stolis
1677 178 1721 198 vc-

79 222 254 272 ἀφικόμενοι,
276 232 324 266 τῆς
343 229 449 260 οἰκείας
469 226 560 255 αὐτῶν
579 224 707 272 κηρωτῆς
730 223 813 258 ἐλαίῳ
828 222 876 272 λο-

79 267 175 316 θείσης
187 279 226 314 τῷ
236 279 286 313 τῆς
299 274 464 311 ὲπιτυμὸίον
480 271 618 307 κανδήλας
630 269 719 297 αὐτῶν
734 267 878 304 περιττεύ-

79 337 136 355 avt:
152 313 372 359 toigro'QOatitpoi;
387 320 490 347 ἐνιέναι
501 317 671 345 κελεύουσιν.
688 315 718 342 ’0
725 315 754 341 δὲ
766 313 878 350 πληρώ-

80 383 131 405 σας
147 373 196 407 τὴν
221 371 354 400 ιέλευσιν,
378 367 428 402 τὴν
444 365 549 399 ταύτης
573 362 723 390 ἀκόλουθον
739 361 833 396 ὑγείαν
847 361 879 387 ὲκ

81 421 184 454 μέρους
200 417 320 449 ἐδέξατο.
339 413 409 440 Ἀλλ’
426 413 470 439 ὅτε
487 412 570 448 ρὦιν
585 410 689 437 τελείαν
702 409 776 444 αὐτῷ
789 417 879 443 παρα-

79 465 155 499 σχεῖν
172 459 444 496 ἑσπλαγχνὶσοησαν,
467 457 538 484 οὕτω
558 456 591 483 δι’
607 456 746 491 ὁράματος
763 454 813 490 τὴν
837 453 880 480 δό-

81 520 123 537 σιν
139 509 283 535 ἐτΰπωσαν
294 515 301 522 ·
313 505 372 538 Νὺξ
382 503 426 541 ἧν,
440 504 487 531 καὶ
497 503 650 538 Σωφράνιος
662 501 709 527 ἐπὶ
722 500 775 527 τῶν
791 508 880 535 στρω-

80 556 176 591 μάτων
195 553 321 580 ἐκάθευδε
333 560 339 567 ⁸
359 552 406 578 καὶ
421 549 572 580 καθεύδων,
597 547 726 581 Ἰωάννην
748 545 793 573 τδν
809 544 881 572 διδὰ-

80 590 184 628 enim
196 600 260 630 τοὺς
277 597 411 632 ἀδελφοὺς
424 596 548 627 ἅπαντας
561 594 654 630 ὲστιᾷν
667 593 729 624 τοὺς
742 593 782 623 εἰς
795 591 826 618 τὸ
839 590 881 617 τέ-

81 655 163 681 μενος
179 645 252 677 ἔδοξε
265 653 272 659 ·
290 644 340 679 μία
355 643 383 670 δὲ
396 643 452 674 τοῖς
471 642 555 668 πᾶσιν
570 639 681 673 ἐγένετο
697 637 820 673 τράπεζα
834 645 881 663 κο-

79 692 222 727 χλιτερὴς.
237 691 283 717 καὶ
296 690 329 717 δι’
356 689 419 724 ὅλης
432 688 482 723 τῆς
500 686 547 713 τοῦ
573 684 658 719 σηκοῦ
676 684 758 715 στοᾶς
781 682 881 721 διατείτ

79 747 180 765 νουσα·
197 737 292 764 τούτου
311 736 365 770 γὰρ
391 734 462 769 αὑτὴ
485 733 514 760 τὸ
530 733 623 768 σχῆμα
653 730 837 766 κεκλήρωται,
857 729 882 755 εἰ

82 783 130 809 κιὶ
144 782 258 816 γωνίαις
271 781 344 808 ὀκτὼ
371 781 421 816 τὴν
450 779 515 815 μίαν
546 777 593 804 τοῦ
621 776 723 803 κύκλου
749 774 883 810 γραμμὴν

81 828 287 860 διαστέλλουσα,
308 827 401 862 σχῆμα
421 826 542 853 δείκυσιν
563 824 656 859 ἕτερον
675 823 705 849 οὺ
727 822 817 856 πάντη
833 820 881 847 τοῦ

927 221 1047 251 nicntes,
1064 218 1204 253 propriam
1222 224 1300 243 suam
1315 219 1427 244 ceroten
1439 215 1500 242 oleo
1519 215 1645 248 dissolvi,
1659 225 1720 251 quae

928 274 960 294 ex
977 264 1092 292 candela
1117 271 1178 299 quae
1196 269 1278 298 supra
1299 261 1434 289 tumulum
1455 269 1534 289 suum
1551 267 1609 289 erat
1633 262 1721 290 abun-

929 312 1022 344 dabat,
1038 315 1065 339 et
1080 310 1107 337 in
1125 309 1221 337 oculos
1235 307 1425 342 mittijubent.
1441 306 1492 340 Qui
1506 307 1634 342 jussione
1645 315 1722 335 com-

930 357 1013 392 pleta.
1031 357 1244 390 consequentem
1262 354 1345 381 etiam
1363 353 1462 388 partim
1484 353 1629 382 sanitatem
1644 362 1722 383 rece-

929 405 980 440 pit.
1017 403 1071 431 Sed
1102 402 1232 438 quoniam
1268 400 1486 428 incolumitatem
1519 399 1668 436 perfectam
1697 401 1722 429 ei

931 448 1147 481 misericorditer
1154 447 1220 474 dare
1228 446 1383 477 voluerunt,
1394 446 1486 473 taliter
1494 445 1586 473 datum
1593 445 1722 484 [donumj

931 502 979 530 per
995 494 1132 521 somnium
1147 493 1344 520 formaverunt.
1361 490 1419 518 Nox
1430 496 1498 524 erat,
1517 496 1543 519 et
1561 500 1644 528 supra
1652 497 1722 520 stra~

932 547 989 569 tum
1011 541 1174 572 dormiebat,
1200 542 1228 566 et
1250 539 1389 566 dormiens
1408 538 1541 566 Joannem
1562 540 1722 574 magistrum

932 576 1031 615 fratres
1048 586 1191 613 universos
1209 584 1254 620 qui
1272 584 1298 611 in
1312 584 1413 618 templo
1427 588 1506 611 erant
1519 584 1552 612 ad
1568 585 1723 612 convivium

933 634 1065 661 invitasse
1088 631 1182 659 videre
1201 630 1333 666 putabat;
1358 638 1410 657 una
1432 638 1498 657 vero
1523 630 1631 658 cunctis
1653 631 1723 658 facta

933 684 974 707 est
1001 686 1094 706 mensa
1114 679 1139 704 in
1157 677 1267 704 modum
1285 676 1395 709 circuli,
1412 681 1438 703 et
1457 684 1505 710 per
1525 680 1609 704 totam
1633 677 1723 712 templi

933 725 1070 760 portiCum
1091 728 1216 757 extensa,
1235 723 1308 751 hanc
1319 723 1392 749 enim
1412 723 1468 749 haec
1491 723 1605 758 ﬁgurant
1627 724 1724 751 sortita

934 776 985 803 e5t,
1009 770 1072 797 licet
1095 769 1203 804 angulis
1218 772 1293 799 octo,
1312 774 1393 794 unam
1421 767 1487 802 cycli
1505 767 1605 795 lineam
1627 767 1727 796 distiu-

935 824 1033 852 guens,
1053 816 1167 843 fortnam
1185 815 1342 842 ostenderet
1355 814 1437 841 aliam
1454 821 1509 841 non
1525 815 1638 842 omnino
1651 822 1665 841 a
1681 822 1725 842 ro-

81 873 265 908 κυκλοτεροῦς
284 873 465 907 διιστάμενον.
483 870 528 905 Τῷ
542 867 588 896 οὖν
601 868 721 904 σχήματι
735 866 784 902 τῆς
799 867 880 898 στοᾶς

945 862 1068 889 umlitate
1086 861 1247 889 distantem.
1264 861 1335 895 Ergo
1357 858 1471 895 figu'ram
1487 861 1610 896 porticus
1629 869 1726 896 seque-

81 919 228 955 ἠκολούθει
243 918 337 953 σαφῶς
352 917 400 944 καὶ
415 918 431 952 ή
446 916 582 952 τρᾴπεζα,
595 912 627 952 ἧς
642 916 670 941 ὲν
687 915 758 950 ἀρχῇ
775 913 879 940 Θεόδω-

83 975 131 1001 ρες
145 966 159 991 ὸ
177 965 284 1000 μάρτυς
302 964 443 991 ἀνέκειτο·
462 962 521 989 λίαν
537 962 590 997 γὰρ
611 961 656 988 καὶ
673 960 755 992 αὐτὸς
769 961 881 994 ἐτιμᾶτο

81 1012 123 1047 τῷ
140 1011 287 1045 πάσχοντι·
308 1009 370 1044 μεθ’
385 1009 416 1035 ὃν
429 1008 520 1044 Κῦρος
537 1006 571 1043 ἦν
586 1008 600 1034 6
616 1006 771 1040 θεσπέσιος,
789 1006 881 1033 Ἰωάν-

82 1065 134 1092 νην
149 1056 195 1084 τδν
211 1056 325 1090 ἀδελφὺν
349 1055 436 1088 δεξιὸν
463 1054 647 1090 ἐπαγόμενος.
671 1054 718 1080 καὶ
734 1053 802 1088 προς
828 1053 882 1080 τῶν

82 1105 132 1131 δύο
146 1104 196 1139 τῆς
211 1101 354 1133 εὐσεϐείας
376 1100 505 1136 ἀθλητῶν
527 1100 729 1135 μεσαζόμενος·
750 1100 799 1134 οὐχ
823 1099 882 1126 ἐτέ-

86 1155 144 1182 ροις
158 1146 294 1181 χρώμενοι
308 1144 458 1180 σχήμασιν,
477 1144 528 1170 οὐκ
548 1144 578 1170 ἐν
594 1145 712 1180 μορφαῖς
729 1143 882 1179 ἀλλοτρίαις

85 1192 257 1227 φαινόμενοι,
272 1191 331 1218 ἀλλ’
343 1191 373 1217 ὲν
386 1187 430 1222 αἷς
445 1190 569 1226 ὑπῆρχον
580 1190 628 1216 καὶ
646 1188 799 1225 γράφονται
812 1198 819 1204 ·
837 1188 884 1215 καὶ

87 1238 150 1273 μετ’
163 1238 265 1269 αὐτοὺς
284 1238 298 1263 ὁ
319 1237 413 1268 λοιπὸς
430 1236 524 1271 ὅμιλος
543 1235 598 1262 τῶν
615 1235 736 1262 ἀσθενῶν
762 1235 885 1270 ἀδελφῶν

85 1283 300 1311 κατεκλίνοντο·
324 1283 370 1309 καὶ
390 1283 458 1309 πᾶσι
479 1281 529 1317 μὲν
551 1281 631 1317 μόνος
654 1281 805 1316 διηκονεῖτο
827 1281 884 1308 Σω-

86 1331 213 1366 ιρρὸνιος·
228 1330 356 1366 Ἰωάννης
365 1328 393 1355 δὲ
407 1329 421 1355 ὁ
435 1327 530 1355 τούτου
544 1327 714 1359 διδάσκαλος,
727 1326 765 1358 ὡς
781 1328 810 1353 ὲν
827 1326 885 1361 γεί-

86 1385 144 1402 τονι
158 1377 191 1411 τῇ
205 1375 286 1412 κέλλῃ
297 1375 346 1406 τὰς
361 1374 465 1406 ἐδωδὰς
478 1372 697 1409 παρεσκεύαζεν.

131 1421 176 1453 Ὠς
186 1421 216 1447 δὲ
235 1422 322 1456 πέρας
337 1420 353 1455 ἡ
367 1419 489 1451 ἑστίασις
502 1418 592 1452 ἔλαϐε,
619 1419 666 1445 καὶ
686 1418 735 1453 τῆς
758 1418 887 1444 κατακλί-

87 1477 159 1499 σεως
180 1468 206 1493 οἱ
238 1467 313 1502 τρεῖς
340 1465 491 1500 ἀνέστησαν
513 1464 596 1499 ἅγιοι,
622 1464 690 1500 πρὸς
709 1464 888 1499 Σωφρόνιονὸ

87 1515 229 1549 Θεόδωρος
248 1513 358 1548 εἴρηκεν
370 1520 377 1527 ·
401 1510 540 1538 Ἀπελοὼν
552 1510 629 1537 κάλει
643 1518 688 1536 σου
700 1509 746 1537 τδν
761 1509 888 1536 διδάσκα-

87 1561 146 1592 λον,
164 1560 198 1586 tv‘
217 1558 326 1593 ἀποδῴη
345 1557 435 1593 Κῦρος
455 1558 468 1584 ὁ
484 1557 562 1592 ἆγιος
581 1557 598 1584 ὃ,
609 1565 634 1583 τι
650 1557 672 1583 δ’
687 1556 719 1583 ἂν
742 1556 816 1591 αὺτῷ
838 1557 883 1582 ὲπ-

87 1607 237 1641 ορξίλεται.
262 1605 290 1631 'U
304 1604 333 1630 δὲ
346 1604 480 1645 ,δρομαῖος
491 1603 521 1630 τὸ
544 1602 690 1630 κελευσθὲν
713 1602 887 1637 διεπράξατο.

95 1653 228 1679 ἰᾀλΐὶόντα
243 1651 308 1685 γοῦν
321 1650 368 1676 τὸν
388 1649 514 1685 Ἰωάννην
529 1649 620 1684 (τοῦτο
634 1648 687 1684 γὰρ
706 1646 740 1684 ἦν
752 1648 797 1674 τοῦ
817 1648 890 1674 διδα-

93 1699 197 1726 σκάλου
209 1698 239 1724 τὺ
249 1697 358 1733 ὄνομα),
371 1695 438 1723 Εἰπὲ
455 1696 522 1732 προς
535 1695 627 1730 αὐτὸν,
641 1696 655 1722 ὁ
671 1695 777 1730 μάρτυς
791 1694 891 1720 Θεόδωδ

91 1754 138 1781 ρης
155 1743 244 1776 εἶπεν,
267 1742 294 1769 τί
309 1750 351 1769 σοι
371 1741 503 1777 χρεωστεῖ
527 1739 618 1776 Κῦρος
633 1740 647 1766 ὁ
662 1739 750 1773 ἅγιος,
767 1739 810 1765 ἵνα
837 1747 888 1764 πλι-

93 1790 226 1824 ρςιχρῆμα
238 1788 267 1814 τὸ
281 1787 361 1823 χρέος
377 1786 509 1813 ὲκτίσειεν
520 1794 527 1801 ·
546 1785 574 1812 ’0
591 1785 619 1812 δὲ
634 1784 726 1811 πεσὼν
740 1784 786 1811 ἐπὶ
803 1784 889 1819 πρόσ-

93 1845 181 1866 ωπον,
200 1834 284 1869 μηδὲν
301 1832 375 1868 αὐτῷ
391 1832 539 1868 χρεωστεῖν
556 1831 607 1866 ἔφη
635 1830 679 1857 τὸν
703 1829 841 1865 μάρτυρα.
861 1829 889 1855 '0

93 1883 122 1908 δὲ
141 1882 247 1916 μάρτυς
259 1879 408 1914 Θεόδωρος,
420 1877 532 1909 Πάντως
548 1877 630 1912 ἐρεῖς,
643 1876 819 1911 ἁπεκρίνατο.
836 1875 891 1901 Καὶ

94 1930 177 1955 πάλιν
192 1929 206 1954 ὁ
219 1927 312 1962 Πατὴρ
329 1925 378 1960 τὴν
390 1924 528 1961 προτέραν
542 1921 620 1951 εἶπεν
630 1923 786 1958 ἀπόκρισιν.
807 1922 850 1953 Ὠς
862 1921 890 1948 δὲ

93 1975 176 2001 τοῦτο
204 1973 335 2004 πολλάκις
364 1971 526 2006 πεποίηκεν,
550 1970 599 1997 καὶ
621 1969 658 2004 μὴ
672 1968 891 2004 παραχωροῦντα

95 2023 141 2047 τὴν
156 2021 236 2054 ἅγιον
252 2019 361 2050 ἕϐλεπε,
377 2017 444 2044 ἀλλὰ
464 2017 573 2047 πάντως
587 2016 673 2042 εἰπεῖν
690 2014 890 2048 ἀναγκάζοντα,

103 2068 182 2101 Ἐμοὶ
198 2066 248 2101 μὲν
260 2064 347 2097 οὐδὲν,
368 2063 430 2099 ἔφη,
453 2062 585 2097 χρεωστεῖ
596 2069 604 2077 ⁸
624 2060 704 2087 τοῦτο
717 2060 745 2086 δὲ
759 2058 891 2086 λιτανεὺω

96 2115 145 2140 καὶ
159 2113 268 2147 δέομαι,
284 2111 332 2137 καὶ
349 2110 379 2142 ἐξ
394 2110 457 2145 ὅλης
468 2108 557 2144 ψυχῆς
570 2106 701 2142 αἰτοῦμαι
725 2106 771 2132 τὸν
786 2106 892 2140 μάρτυ-

99 2169 144 2196 ρι,
162 2160 202 2189 εἰς
221 2158 270 2193 τὴν
287 2157 384 2184 κέλλαν
403 2156 483 2192 ὴμῶν
509 2155 560 2191 τὴν
578 2154 711 2189 ταπεινὴν
737 2152 891 2189 παραγενέ-

100 2206 175 2237 σὸαι,
188 2205 300 2231 κάκεῖσε
314 2203 419 2239 συχνῶς
432 2203 505 2238 ἡμᾶς
517 2201 742 2228 ἐπισκέπτεσθαι⁸
756 2200 803 2226 καὶ
815 2198 891 2225 εὐλο-
909 2220 930 2247 D

99 2254 158 2286 γείν
173 2252 223 2287 μὲν
238 2251 422 2285 ὑγιαίνοντας,
443 2248 535 2275 ἰᾶσθαι
549 2247 578 2274 δὲ
594 2246 789 2282 συνεχομένους
811 2244 890 2279 νοσή-

101 2306 186 2332 μασιν
196 2305 202 2311 ·
216 2293 265 2323 Ὧν
283 2295 401 2326 ἀκούσας
416 2294 507 2329 Κῦρος
521 2293 536 2319 ὁ
546 2293 622 2327 ἅγιος
641 2291 728 2322 οὕτως
747 2291 826 2322 εὐθὺς
843 2291 894 2316 ὰπ-

99 2345 238 2379 εκρὶνατο·
251 2343 354 2373 Ὄντως
363 2339 579 2376 ἔρχομαι,δντως
590 2338 716 2373 ἔρχομαι,
726 2337 809 2368 ὄντως
818 2336 895 2371 ἐρχο-

101 2399 164 2426 μαι,
185 2388 227 2424 τῷ
239 2387 344 2424 τρισσῷ
365 2387 413 2414 τοῦ
428 2386 624 2422 προσρήματος
641 2384 691 2419 τὴν
708 2383 783 2418 ἱερὰν
812 2381 894 2408 αὐτοῦ

101 2436 285 2471 πῡτούμενος
309 2434 418 2469 ἄφιξιν·
437 2434 505 2468 ὅπερ
523 2430 633 2466 ἀληθῶς
649 2429 696 2456 καὶ
716 2428 895 2464 πεπλήρωκε,

102 2483 150 2508 καὶ
176 2482 277 2516 πληροῖ
301 2480 419 2514 συνεχῶς
442 2477 654 2512 ἀφικνούμενος.
668 2475 706 2502 Τὸ
724 2475 778 2510 γὰρ
791 2475 896 2509 Ὠμοσα

102 2531 148 2556 καί
162 2528 277 2562 ἕστησα,
299 2526 346 2552 καὶ
362 2525 395 2552 τὰ
407 2523 640 2559 διεκπορευόμενα
657 2521 702 2549 διὰ
717 2520 771 2547 τῶν
787 2519 896 2556 χειλέων

105 2585 156 2611 μου
177 2575 228 2600 οὐκ
254 2572 390 2607 ἀθετήσω,
421 2570 506 2605 ἁγίων
530 2570 595 2597 ἴδιον
623 2567 823 2601 ἐπιστάμενος,
849 2573 897 2591 πε-

105 2622 173 2658 ριὼν
189 2621 240 2657 μὲν
255 2621 284 2646 ἐν
301 2620 384 2654 σαρκὶ
399 2617 562 2653 συχνότερον
581 2615 679 2651 ἔψαλλε
691 2622 698 2629 ·
711 2611 858 2658 χωρισθεὶς
869 2611 898 2658 δε

105 2656 220 2703 σαρκὸς,
237 2666 282 2693 καὶ
301 2666 368 2700 προς
384 2664 497 2700 οὐρανὸν
513 2662 646 2693 ἀναπτὰς,
665 2660 744 2687 πάλιν
768 2657 852 2685 ποιῶν
867 2656 898 2682 οὐ

104 2715 235 2741 διέλιπεν.
250 2709 304 2739 Καὶ
318 2711 445 2746 Ἰωάννης
457 2710 506 2745 μὲν
520 2711 534 2736 ὁ
549 2707 709 2739 διδᾶσκαλος
723 2705 828 2737 τούτοις
841 2705 899 2731 εοε-

106 2758 232 2795 ρατεύοη
248 2759 304 2788 τοῖς
329 2757 460 2792 ῥήμασιν,
480 2755 590 2790 ἔνορκον
611 2752 674 2788 περὶ
699 2751 753 2778 τῶν
775 2749 899 2785 αἰτηθέν-

106 2815 160 2833 nov
177 2803 344 2838 ἐπαγγελίαν
355 2802 512 2837 δεξάμενος,

144 2851 177 2878 '0
194 2849 319 2886 μαθητὴς
337 2849 366 2876 δὲ
381 2848 475 2875 τούτου
501 2845 664 2881 Σιιγερόνιος,
686 2845 766 2876 δότας
790 2843 899 2880 ἱλαροὺς

931 910 1013 936 batur
1036 908 1178 935 evidenter
1203 911 1230 934 et
1257 914 1371 939 mensa;
1403 906 1430 933 in
1453 907 1534 941 cujus
1567 908 1726 934 summitate

932 958 1036 989 martyr
1051 952 1214 980 Theodorus
1240 952 1438 985 recumbebat;
1459 952 1537 980 valde
1565 959 1683 987 namque
1699 959 1727 979 οι

933 1001 992 1035 ipse
1007 999 1228 1035 compatiebatur
1241 991 1353 1033 patienti
1367 1007 1374 1031 ;
1389 1002 1452 1033 post
1465 1006 1547 1032 quem
1563 998 1654 1034 Cyrus
1667 1003 1726 1025 erat

932 1045 1071 1081 egregius,
1095 1044 1228 1072 Joannem
1254 1043 1367 1071 fratrem
1389 1043 1565 1071 dextrorsum
1585 1051 1680 1080 agens,
1699 1048 1725 1070 et

934 1091 1040 1119 medius
1063 1091 1135 1118 inter
1157 1090 1227 1117 duos
1257 1090 1367 1125 pictatis
1389 1094 1558 1124 certatores,
1586 1098 1640 1118 nou
1664 1091 1726 1117 aliis

933 1138 1120 1166 schematibus
1141 1141 1260 1168 utentes,
1282 1137 1380 1164 nonin
1403 1137 1503 1164 alienis
1527 1137 1623 1165 formis
1642 1145 1726 1172 appa‘

935 1187 1037 1216 rentes,
1055 1183 1102 1211 sed
1121 1183 1147 1210 in
1163 1183 1262 1218 quibus
1279 1182 1387 1210 fuerant
1400 1187 1427 1210 et
1441 1183 1611 1219 pinguntur;
1628 1187 1654 1211 et
1666 1188 1727 1218 post

935 1239 982 1258 eos
990 1230 1093 1264 reliqua
1101 1229 1271 1257 infirmorum
1279 1229 1395 1258 fratrum
1409 1229 1587 1257 recumbebat
1597 1235 1706 1258 caterva
1719 1240 1726 1263 ;

935 1282 963 1305 ct
975 1276 1104 1304 omnibus
1123 1276 1240 1310 quidem.
1250 1276 1325 1304 solus
1345 1275 1521 1304 ministrabat
1540 1275 1726 1311 Sophronias.

935 1322 1055 1351 Joannes
1074 1325 1164 1350 autem
1189 1321 1271 1356 hujus
1297 1321 1428 1357 magister
1442 1322 1521 1357 quasi
1541 1323 1567 1350 in
1586 1323 1729 1351 vicinitate

937 1369 1012 1397 cellae
1029 1367 1199 1404 prmparabat
1210 1367 1304 1402 dapes.

974 1414 1096 1448 Cumque
1113 1413 1192 1440 finem
1209 1412 1364 1440 convivium
1388 1413 1570 1448 percepisset,
1587 1417 1614 1441 et
1632 1414 1667 1442 ab
1682 1422 1730 1442 ac-

939 1459 1033 1485 cubitu
1059 1463 1204 1491 surgentes
1224 1461 1281 1484 tres
1297 1457 1336 1484 illi
1355 1459 1443 1485 sancti
1461 1458 1642 1493 resedissent,
1663 1467 1729 1487 san—

940 1507 1001 1530 ctus
1018 1503 1051 1530 ad
1075 1502 1260 1538 Sophronium
1278 1502 1438 1531 Theodorus
1456 1504 1546 1532 dixit:
1566 1505 1647 1538 Vade,
1663 1513 1731 1533 voca

902 1539 924 1567 ο
942 1551 1101 1586 magistrum
1126 1554 1214 1583 tantm,
1236 1554 1265 1576 ut
1289 1549 1385 1577 reddat
1404 1551 1491 1585 Cyrus
1508 1555 1623 1579 sanctus
1643 1552 1731 1587 quod—

941 1604 1049 1632 cunque
1077 1597 1115 1623 illi
1141 1596 1231 1624 debet.
1265 1596 1316 1629 Qui
1338 1596 1440 1624 cursim
1466 1597 1538 1631 quod
1561 1597 1668 1631 jussqu
1690 1601 1732 1625 est

940 1644 1004 1679 egit.
1035 1642 1102 1671 Cum
1123 1650 1187 1678 ergo
1211 1641 1331 1670 Joannes
1352 1642 1471 1670 venisset
1493 1643 1558 1677 (hoc
1579 1643 1651 1670 enim
1673 1647 1733 1670 erat

942 1689 1065 1724 magistri
1083 1691 1205 1725 nomen),
1216 1688 1285 1716 dixit
1299 1688 1332 1715 ad
1349 1696 1411 1716 eunt
1431 1693 1535 1724 tuartyr
1547 1688 1711 1716 Theodorus
1725 1698 1731 1715 :

941 1735 990 1762 Dic
1006 1736 1074 1770 quid
1091 1735 1138 1763 tibi
1154 1735 1232 1763 debet
1249 1738 1362 1762 sanctus
1377 1734 1488 1770 Cyrus?
1504 1738 1533 1762 ut
1547 1735 1668 1762 debitum
1679 1738 1733 1762 sta—

943 1782 990 1808 tim
1016 1783 1150 1809 exsolvat.
1173 1781 1225 1815 Qui
1243 1782 1345 1809 cadens
1363 1781 1390 1808 in
1413 1781 1522 1813 faciem,
1536 1781 1604 1808 nihil
1621 1781 1673 1809 sibi
1686 1780 1734 1809 de-

943 1827 1005 1853 bcre
1028 1830 1174 1862 martyrem
1201 1827 1248 1853 ait.
1275 1827 1324 1853 Ast
1342 1825 1504 1854 Theodorus
1524 1831 1639 1861 martyr,
1657 1826 1734 1854 Dices

943 1871 1076 1907 profecto,
1094 1871 1244 1905 respondit.
1265 1870 1298 1897 Et
1316 1870 1416 1898 iterum
1432 1871 1514 1898 Pater
1527 1871 1645 1905 priorem
1665 1871 1735 1897 dixit

943 1918 1161 1952 responsionem.
1178 1917 1302 1953 Cumque
1313 1916 1364 1944 hoc
1378 1924 1450 1951 saepe
1459 1916 1579 1947 fecisset,
1594 1920 1735 1944 sanctaru—

941 1973 996 1999 que
1014 1964 1120 1992 videret
1142 1972 1196 1991 non
1216 1964 1402 1995 desinentem,
1426 1963 1473 1991 sed
1494 1963 1583 1991 modis
1608 1963 1736 1990 (uultibus

942 2011 1034 2038 dicere
1049 2015 1205 2046 cogentem,
1222 2010 1286 2037 Mihi
1302 2010 1414 2045 quidem
1437 2009 1504 2036 nihil
1520 2009 1610 2042 debet,
1625 2009 1734 2044 inquit;

943 2057 995 2084 hoc
1021 2060 1112 2084 tamen
1138 2063 1237 2090 precor
1256 2059 1285 2083 ct
1308 2055 1437 2087 obsecro.
1461 2058 1488 2082 et
1508 2062 1540 2081 ex
1563 2059 1620 2082 toto
1644 2055 1737 2082 animo

944 2107 1091 2137 martyrem
1111 2101 1231 2136 postulo,
1248 2104 1278 2127 ut
1296 2100 1323 2128 in
1348 2099 1478 2127 humilem
1499 2100 1595 2127 cellam
1614 2105 1735 2128 nostram

943 2147 1047 2178 veniat,
1064 2150 1091 2174 et
1103 2147 1160 2174 illic
1176 2154 1226 2174 nos
1243 2146 1414 2182 frequentius
1435 2146 1537 2179 visitet,
1550 2151 1577 2173 et
1591 2146 1737 2180 saniSqui-

944 2193 1005 2220 dem
1022 2192 1177 2224 benedicat,
1193 2199 1343 2228 oppressos
1357 2200 1421 2220 vero
1431 2200 1446 2219 a
1459 2191 1636 2226 languoribus
1649 2197 1736 2218 sanet.

945 2237 1052 2271 Quibus
1069 2238 1182 2270 auditis,
1199 2242 1314 2265 sanctus
1333 2237 1423 2273 Cyrus
1441 2245 1504 2263 mox
1522 2237 1559 2263 ita
1580 2236 1735 2269 respondit:

946 2282 1016 2315 Vere
1027 2283 1116 2316 venio,
1131 2291 1194 2310 vere
1209 2283 1300 2315 venio,
1311 2290 1374 2310 vere
1388 2283 1478 2315 venio,
1494 2283 1566 2308 trino
1578 2283 1737 2317 jurameuto

945 2334 972 2357 ct
996 2329 1186 2365 hujuscemodi
1205 2329 1288 2356 affatu
1304 2337 1413 2357 sacrum
1438 2337 1519 2357 suum
1537 2329 1677 2357 afﬁrmans
1691 2329 1739 2356 ad—

947 2380 1058 2404 ventum
1069 2384 1077 2409 ;
1088 2375 1159 2411 quod
1175 2380 1202 2403 et
1219 2377 1352 2404 veraciter
1373 2375 1543 2410 adimplevit,
1564 2379 1592 2403 et
1609 2376 1740 2411 adimplet

947 2422 1130 2450 eoutinuatitn
1149 2422 1282 2454 accedens
1301 2430 1307 2448 :
1323 2421 1414 2455 juravi
1442 2421 1518 2448 enim
1535 2425 1564 2449 et
1588 2422 1684 2454 statui,
1712 2425 1740 2449 ct

948 2477 1009 2503 quae
1031 2468 1184 2504 procedunt
1205 2475 1252 2503 per
1277 2467 1346 2494 labia
1368 2474 1427 2494 mea
1453 2475 1507 2494 non
1535 2467 1632 2495 faciam
1650 2468 1738 2500 irrita,

949 2517 1090 2551 proprium
1111 2519 1270 2542 sanctorum
1281 2522 1341 2542 esse
1358 2522 1413 2541 non
1427 2515 1572 2547 nesciens;
1589 2514 1663 2549 quod
1677 2522 1739 2542 cum

950 2567 1022 2590 esset
1036 2562 1147 2597 quidem
1171 2565 1314 2596 superstes
1333 2561 1359 2587 iu
1375 2568 1459 2588 carne
1477 2560 1578 2596 jugiter
1596 2560 1740 2595 psallebat,

950 2617 1011 2636 eum
1029 2614 1119 2636 autem
1138 2612 1308 2642 separatus»
1324 2615 1408 2634 carne
1422 2607 1456 2634 ad
1474 2607 1574 2635 cmlum
1593 2606 1741 2638 avolassct,

951 2657 1048 2683 iterum
1067 2655 1157 2682 facere
1174 2663 1227 2682 nuli
1241 2653 1265 2681 dt
1278 2653 1360 2681 tistit.
1379 2654 1411 2680 Et
1431 2653 1552 2682 Joannes
1565 2654 1677 2688 quidem
1697 2653 1737 2679 ille

951 2704 1080 2738 magister
1108 2701 1152 2730 bis
1171 2702 1293 2737 placatus
1311 2706 1352 2728 cst
1374 2701 1473 2734 verbis,
1495 2701 1630 2735 juraloria
1647 2706 1741 2734 repro-

951 2751 1082 2778 missione
1095 2749 1129 2777 dc
1142 2748 1286 2784 postulatis
1301 2752 1423 2783 accepta.

989 2841 1145 2877 Diseipulus
1172 2845 1262 2870 autem
1279 2840 1362 2876 hujus
1388 2837 1559 2875 Sopbronius
1577 2837 1676 2864 hilares
1693 2835 1737 2863 da-

1525 2960 1534 2973 ἢ
