1908 3078
72 120 142 151 3685

70 178 148 211 πυρὶ,
172 176 204 202 οὑ
226 175 280 205 τ’,ῐς
309 174 521 210 στρεὸλωτικοῖς
541 177 596 203 τῶν
623 177 712 212 μελῶν
728 177 866 212 ὀργάνοις,
885 185 904 209 Α

70 221 225 256 ὀποκαμὼθ
241 221 288 247 καὶ
313 220 422 252 τούτοις
446 222 496 256 τὴν
513 221 604 256 ψῆφον
619 223 760 258 ἐπήγαγεν
778 223 868 258 φήσας

69 267 167 304 οὕτως·
199 266 292 301 Κῦρον
316 266 362 293 τὸν
383 267 438 293 τῶν
463 267 614 294 Γαλιλαίων
638 269 806 304 προστάτην,
821 269 868 294 καὶ

75 303 204 349 Ἰωᾶννην
222 314 268 340 τὸν
280 313 377 340 τούτου
393 313 545 350 ὁμόφρονα,
561 316 618 346 τοῖς
632 315 800 351 θεσπίσμασι
814 315 868 342 τῶν

69 360 283 396 αὐτοκρατόρων
303 360 340 394 μὴ
354 359 492 393 εἴξαντας,
508 361 556 387 καὶ
569 362 627 393 τοῖς
642 362 783 397 μεγίστοις
797 362 868 393 θεοῖς

68 405 213 442 λατρεύειν
229 406 279 441 οὺχ
296 405 453 440 ἑλομένους,
472 408 607 443 κεφαλικῇ
625 407 746 443 τιμωρίᾳ
761 408 867 441 ὑπάγο-

70 461 131 486 μεν·
148 452 196 478 καὶ
211 451 298 488 ταύτῃ
315 453 348 487 τῇ
363 451 447 487 ψήφῳ
467 453 513 479 τὸν
527 454 577 488 τῆς
598 453 754 488 ἀφθαρσίας
769 453 867 488 ἀνεδή-

69 506 152 523 σαντο
169 498 312 531 στέφανον’
327 499 434 534 ἡμέραν
447 496 520 534 εἶχεν
531 500 667 533 τριακάδα
683 500 795 534 πρώτην
813 499 867 535 μὴν

75 542 268 577 ’ίαννουάριος,
290 543 335 568 ὅτε
350 544 398 577 τὴν
412 544 504 569 πίστιν
520 544 700 578 τηρήσαντες.
717 544 761 570 τὸν
769 544 867 579 δρόμον

67 589 92 613 οἱ
109 589 185 622 Ξιγιοι
205 589 251 614 τὸν
274 587 420 623 ἀθλητικὸν
444 590 641 616 ἑκτετέλεκαν·
662 589 792 625 παρθένοι
817 590 867 624 μὲν

67 634 115 659 καὶ
130 633 252 668 Χριστοῦ
274 633 380 668 νύμφαι
401 636 476 670 τρεῖς
493 635 655 668 Θεοκτίστη,
674 634 803 669 Θεοδότη,
819 635 866 661 καὶ

68 679 200 710 Εὑδοξία,
226 679 273 705 καὶ
299 679 315 714 ἠ
341 679 444 711 ταύτας
469 679 647 714 βλαστήσασα
674 679 723 706 καὶ
746 679 867 712 εὐσεϐῶς

67 724 284 759 ἀναθρεψαμένη
308 724 465 756 Ἀθανασία,
484 724 575 760 Κῦρός
587 733 616 751 τε
630 726 643 751 ὁ
658 725 746 755 ἀῆὸἄς
759 725 774 750 ό
791 725 865 759 φιλό-

67 770 130 800 0:0;
141 790 149 801 ,
165 771 212 796 καὶ
234 769 362 805 Ἰωάννης
378 770 548 806 στρατιώτης
565 771 579 797 ὁ
597 770 692 797 τούτου
717 770 866 805 όμόπιστος

67 816 115 842 καὶ
132 816 283 851 ὁμότιμος·
308 817 354 843 καὶ
377 817 426 848 τὰς
444 816 494 850 μὲν
518 818 593 852 τρεῖς
613 816 694 851 ἁγίας
712 816 864 851 παρθένους

69 865 119 890 σὺν
132 865 166 899 τῇ
183 864 301 899 τεκούσῃ
316 863 387 890 κατὰ
396 851 610 895 ἀνατολὰςγναοῦ
625 863 673 890 τοῦ
681 863 773 897 ’Δγίου
789 863 866 898 Μάρ⁶
884 851 905 880 Β

68 918 119 936 κου
134 910 291 942 κατέθεντο,
309 911 338 936 ἐν
352 910 426 945 αὐτῷ
441 910 603 945 δειμάμενοι
617 911 696 945 σορὸν
713 910 864 946 πρέποντα⁸

67 955 163 991 Κῦρον
176 956 205 983 δὲ
219 957 265 983 τὸν
281 956 404 992 ἀοίδιμον
417 956 464 982 καὶ
484 957 612 991 Ἰωάννην
627 956 673 982 τὸν
688 956 780 991 Κύρου
796 965 866 992 συμ-

67 1002 200 1036 μάρτυρα
219 1003 248 1028 ὲν
263 1001 337 1037 αὐτῷ
352 1001 391 1036 τῷ
406 1002 473 1037 οἴκῳ
484 1001 530 1028 τοῦ
542 1001 706 1028 Ἀποστόλου
719 1001 766 1028 καὶ
782 1001 866 1036 Εὐαγ-

65 1047 196 1080 γελιστοῡ
209 1048 323 1083 Μάρκου
339 1047 484 1074 κατέθεντο
500 1048 529 1074 ὲν
543 1047 615 1083 θήκῃ
630 1049 690 1083 μιᾷ.
763 1043 767 1048 ’

105 1093 150 1128 ιβ’.
168 1093 272 1127 Χρόνου
287 1092 315 1119 δὲ
331 1091 511 1128 προελθόντος
524 1091 574 1119 οὐκ
589 1092 694 1126 ὀλίγον,
713 1092 750 1124 ὡς
767 1092 865 1119 καθαί-

66 1148 145 1174 ρεσιν
171 1139 220 1173 μὲν
237 1139 287 1173 τῆς
303 1138 462 1173 Ἑλληνικῆς
486 1137 642 1173 τυραννίδος
665 1137 800 1173 γενέσθαι,
819 1139 865 1165 καὶ

64 1185 249 1222 Χριστιανοὺς
263 1184 297 1211 τὰ
313 1185 440 1219 σκῆπτρα
451 1184 586 1220 κρατῆσαι
601 1184 650 1218 τῆς
664 1183 864 1219 Ῥωμαίωνάρ-

63 1234 130 1267 χῆς,
142 1231 285 1257 Θεοδοσίου
310 1239 338 1257 τε
356 1230 404 1256 τοῦ
429 1230 548 1266 μεγάλου
567 1224 616 1265 τῆν
643 1230 780 1265 βασιλείαν
797 1239 864 1257 κατ-

64 1279 189 1313 έχοντος,
200 1278 248 1304 καὶ
259 1276 362 1312 ταύτην
377 1276 495 1308 πίστεως
509 1275 602 1311 ἔργοις
615 1276 815 1311 κοσμήσαντος,
827 1275 864 1307 ὡς

64 1324 155 1358 βίϐλοι
171 1323 396 1357 hachtmann!
414 1321 600 1357 μαρτυροῦσιν
622 1321 676 1348 τῶν
693 1322 864 1358 ἱστοριογρά-

63 1379 137 1404 φων,
154 1369 203 1396 καὶ
217 1369 289 1395 αὐτὰ
303 1369 330 1395 δὲ
349 1368 398 1404 βοᾷ
415 1369 499 1395 πᾶσιν
518 1368 552 1394 τὰ
571 1367 723 1402 πράγματα
735 1375 741 1382 ’
763 1369 827 1402 μιᾶς
841 1367 863 1394 δ’

62 1416 111 1443 ιῦν
134 1415 217 1443 αὔοτοῦ
244 1416 291 1442 καὶ
305 1416 388 1450 ἡμεῖς
410 1415 512 1450 ἀρετῆς
536 1415 771 1450 μνημονεύσωμεν
796 1415 864 1450 πρὸς

62 1463 116 1496 τὴν
140 1462 196 1488 τῶν
217 1461 370 1497 εἰρημένων
387 1461 535 1494 ἀπόδειξιν·
553 1461 675 1496 Πόλεμον
691 1461 766 1496 αὐτῷ
782 1470 865 1496 φασιν

62 1510 96 1535 ἐκ
113 1507 171 1534 τῶν
189 1507 304 1534 δυτικῶν
326 1506 487 1542 κεκινῆσθαι
506 1507 596 1542 μερῶν
609 1527 616 1539 ,
636 1507 772 1534 πλείστων
793 1508 862 1534 ὅσων
875 1524 897 1554 C

62 1552 151 1579 ὲθνῶν
167 1552 199 1578 ἐκ
212 1560 286 1583 τινος
300 1551 461 1586 συμφωνίας
475 1551 698 1584 ἐπαναστάντων,
714 1552 761 1578 καὶ
774 1551 860 1578 ὲθνῶν

62 1598 155 1625 ἔθνεσι
179 1597 372 1632 μιγνυμένων,
390 1596 437 1623 καὶ
461 1597 490 1623 ὲν
512 1598 568 1628 τοῖς
587 1596 772 1632 προλαὸοῢσιν
791 1598 858 1633 συῤ-

62 1647 184 1681 ῥεόντων
209 1645 368 1680 χειμάρρων
385 1643 481 1678 ὥσπερ
503 1643 631 1678 ἀλλήλοις
656 1643 858 1679 ἐπιρρεόντων,

62 1693 110 1719 καὶ
126 1691 264 1719 θάλατταν
276 1689 509 1725 ἀπεργαζομένων
521 1689 560 1724 τῷ
576 1688 674 1724 πλήθει
685 1689 733 1715 τοῦ
751 1689 858 1721 ὕδατος,

62 1739 78 1773 ἢ
96 1738 177 1773 δίκην
191 1737 303 1773 ἀκρίδος
319 1737 366 1763 καὶ
379 1736 494 1771 ψάμμου
515 1735 634 1770 ἀριθμὸν
649 1735 699 1762 οὐκ
720 1736 837 1771 ἐχόντων
851 1744 857 1750 ·

61 1784 106 1810 τὸν
121 1783 224 1818 εὐσεεῆ
236 1782 264 1809 δὲ
274 1782 369 1809 τοῦτον
382 1781 522 1808 Θεοδόσιον
535 1781 573 1816 μὴ
585 1780 654 1815 πρὸς
667 1780 768 1815 ἑτέρων
778 1780 864 1808 ὲθνῶν

651 119 698 150 DE
716 118 768 148 SS.
785 118 881 148 CYRO
903 120 949 149 ET
967 119 1122 149 JOANNE.

1647 120 1718 153 3686

921 186 1002 213 aqua,
1023 186 1073 205 nec
1096 179 1163 212 igni,
1185 185 1235 205 nec
1247 178 1432 206 membrorum
1460 179 1638 206 distentorttm
1656 187 1714 206 ma-

920 224 1019 255 chinis,
1049 224 1213 259 defatigatus
1238 229 1281 252 est
1304 224 1438 260 Syrianus
1474 230 1502 253 et
1529 227 1599 253 hanc
1619 227 1644 252 in
1668 233 1714 253 eos

921 268 983 296 tulit
1008 269 1171 296 sententiam
1199 278 1205 296 :
1235 279 1244 295 ι
1271 270 1374 305 Cyrus,
1395 271 1568 298 Galilzeorum
1591 271 1659 302 dux.
1689 277 1715 299 et

921 314 1041 342 Joannes
1063 319 1154 342 mente
1176 320 1389 348 consentaneus.
1408 316 1504 344 edictis
1526 316 1642 344 Ca‘saris
1662 325 1714 343 non

920 361 1055 392 cedentes,
1080 361 1261 395 maximisque
1284 363 1335 389 diis
1352 362 1484 389 inservire
1500 370 1638 397 negantes,
1656 369 1715 397 pm-

921 413 983 432 nam
996 406 1094 440 capitis
1111 407 1251 435 subibunt.
1272 416 1280 433 ι
1296 407 1351 435 liae
1373 408 1547 435 damnatione
1572 409 1716 436 immorta-

924 451 1008 477 litatis
1020 459 1148 478 coronam
1162 453 1213 480 sibi
1225 453 1409 486 vindicarunt,
1422 453 1465 480 die
1478 454 1613 481 tricesima
1627 457 1715 488 prima

920 495 1053 529 Januarii,
1072 505 1126 532 quo
1153 503 1333 526 servaverunt
1358 499 1450 532 fidem,
1467 506 1577 526 cursum
1602 505 1629 526 et
1653 507 1713 527 cer-

921 546 1011 568 tamen
1041 543 1248 576 compleverunt
1279 545 1397 578 virgines
1423 549 1451 572 et
1474 544 1575 572 Christi
1605 553 1715 579 sponsze

919 586 1088 621 Thcoctista,
1107 588 1225 616 Dcotlata
1239 595 1267 617 et
1284 590 1418 623 Endoxia,
1432 595 1461 617 et
1478 599 1537 625 qum
1554 591 1615 618 illos
1633 600 1714 626 gene-

920 632 990 659 ravit
1014 638 1041 660 et
1065 635 1090 660 in
1115 635 1217 669 pietate
1229 635 1358 662 entttrivit
1375 641 1480 670 mater,
1497 636 1584 671 Cyrus
1600 637 1654 664 Deo
1668 644 1713 664 ac-

919 679 1094 712 ceptissimus
1118 681 1212 713 abbas,
1229 687 1257 708 ct
1279 681 1407 713 Joannes,
1427 682 1515 715 miles,
1533 682 1587 709 illis
1612 682 1664 709 fhle
1685 687 1714 708 et

920 725 1022 752 honore
1038 726 1211 759 conjunctus.
1231 727 1356 761 Virgines
1379 732 1488 754 sanctas
1509 735 1560 754 una
1582 736 1642 754 cum
1665 736 1708 762 ge.

919 769 1017 796 nitrice
1047 770 1082 796 ad
1111 770 1271 797 orientalem
1303 775 1409 805 partem
1436 772 1462 799 in
1489 768 1589 806 templo
1616 770 1709 799 Sam-ti

918 813 1020 846 Marci,
1045 823 1099 842 uno
1126 815 1227 844 feretro
1260 817 1460 851 deposuerunt;
1489 818 1590 853 Cyrum
1620 824 1710 845 autem

919 859 1135 888 illustrissimum
1152 867 1179 889 et
1194 863 1407 890 connuilitonem
1423 863 1555 891 Joannem
1574 863 1600 890 in
1616 863 1713 891 eadem

918 906 1035 939 apostoli
1054 911 1080 934 et
1103 908 1279 943 evangelista:
1298 907 1382 936 Marci
1407 909 1476 941 :ede,
1493 916 1547 936 uno
1564 908 1652 936 loculo
1666 915 1710 935 se-

918 952 1062 987 pelierunt.
1680 964 1683 966 -

954 1092 998 1120 12.
1019 1091 1113 1127 Longo
1128 1097 1221 1127 postea
1242 1097 1365 1127 tempore
1388 1092 1490 1126 evenit,
1508 1097 1537 1120 ut
1551 1093 1708 1121 Gra‘corum

917 1139 1061 1174 imperium
1086 1140 1273 1166 destrueretur
1296 1144 1324 1166 et
1349 1139 1498 1167 Christiani
1522 1139 1711 1168 Romanorum

918 1192 1001 1220 regno
1027 1184 1106 1219 potiti
1131 1185 1196 1212 sint.
1219 1184 1363 1219 Sceptrum
1390 1185 1476 1212 tenuit
1493 1183 1662 1214 Theodosius
1681 1192 1708 1213 ct

918 1231 978 1258 fidei
1006 1230 1135 1265 operibus
1163 1230 1335 1263 ltoncstavil,
1360 1226 1397 1258 uti
1424 1231 1450 1258 in
1476 1233 1635 1260 auctoribus
1662 1241 1708 1260 cc-

915 1276 1077 1304 clesiasticis
1100 1275 1244 1311 legendum
1267 1281 1309 1303 est
1325 1281 1351 1304 et
1371 1284 1414 1304 res
1433 1278 1553 1312 ipsaamct
1577 1279 1708 1307 clamant.

916 1323 955 1349 Ad
974 1323 1163 1356 probationem
1183 1322 1318 1349 dictorum
1341 1331 1424 1349 unum
1447 1323 1595 1351 referentur.
1613 1332 1708 1351 exem~

917 1370 1002 1405 plum.
1030 1370 1136 1397 Dicitur
1161 1369 1260 1396 hellutn
1285 1369 1443 1404 imperatori
1460 1376 1582 1398 exortum
1598 1379 1658 1398 esse
1673 1373 1708 1398 ab

915 1414 1134 1442 occidentalibus
1152 1414 1276 1448 partibus
1295 1415 1370 1449 regni
1389 1423 1395 1440 :
1412 1421 1444 1441 ex
1461 1422 1595 1442 consensu
1615 1421 1709 1442 mutuo

916 1460 1058 1495 perplures
1077 1464 1260 1486 surrexerunt
1276 1464 1389 1494 gentes;
1410 1461 1536 1487 nationes
1556 1461 1709 1489 misceban-

916 1511 961 1532 tur
980 1505 1146 1537 nationihus,
1164 1505 1304 1532 irruehant
1321 1512 1369 1532 ceu
1383 1505 1416 1532 de
1443 1511 1535 1534 monte
1555 1508 1709 1542 prmcipites

916 1556 1064 1584 torrentes,
1086 1556 1113 1578 et
1137 1552 1319 1578 inltttueScens
1337 1559 1423 1584 mare,
1450 1558 1478 1579 el
1494 1560 1587 1580 eorum
1614 1562 1708 1581 nume-

917 1605 964 1624 rus
984 1603 1044 1624 erat
1072 1598 1148 1632 quasi
1172 1597 1270 1624 ﬂuetus
1290 1597 1391 1625 Oceani
1416 1602 1442 1624 et
1464 1597 1586 1632 ejusdem
1610 1607 1705 1626 arena.

914 1644 984 1671 Cum
1004 1643 1063 1678 pius
1082 1645 1230 1677 imperator
1245 1643 1314 1670 alias
1337 1643 1412 1671 adire
1431 1651 1483 1671 non
1501 1648 1593 1678 posset
1613 1649 1707 1678 gentes

915 1695 944 1716 ut
968 1688 1055 1716 lanius
1079 1689 1172 1722 iniret,
1189 1689 1421 1723 quemadmodum
1450 1691 1475 1716 in
1500 1689 1708 1717 vehementibus

914 1736 1005 1771 agitur
1021 1735 1155 1762 bellorum
1174 1736 1305 1768 motibus,
1322 1743 1398 1763 more
1416 1744 1466 1763 suo
1481 1737 1514 1763 ad
1536 1736 1620 1763 Deum
1642 1745 1708 1763 cun-

919 1781 998 1816 fugil,
1012 1786 1039 1808 el
1055 1781 1129 1808 illum
1147 1781 1172 1807 in
1189 1781 1294 1808 [idclem
1311 1781 1462 1815 adjutoretn
1480 1782 1625 1810 invocavit.

62 1830 233 1866 προτρέπειν
248 1829 335 1856 ἐλθεῖν
350 1829 389 1860 είς
407 1828 558 1863 πρεσϐείαν
574 1827 693 1859 σπονδὰς
708 1827 860 1862 ὲμπράξαι,
881 1825 926 1854 οἷα
944 1827 1018 1863 φιλεῖ
1042 1828 1074 1854 ἐκ
1097 1827 1152 1853 τῶν
1169 1827 1324 1862 ἀνισχύρων
1348 1828 1377 1854 ὲν
1415 1828 1540 1863 κινήσεσι
1579 1829 1706 1864 πολέμων

61 1876 200 1911 γενεσθαι,
218 1875 257 1907 ὡς
272 1875 386 1909 σύνηθες
402 1874 478 1910 αὐτῷ
493 1874 562 1908 πρὸς
577 1874 643 1900 Θεὸν
657 1874 857 1910 ὲπανέδραμεν,
878 1875 926 1901 καὶ
941 1875 1032 1901 πίστιν
1052 1874 1148 1910 βοηθὸν
1163 1874 1349 1902 ἐπεσπάσατο.

98 1923 146 1957 ιγ’.
159 1921 264 1949 Μαθὼν
277 1921 331 1956 γὰρ
348 1921 419 1948 κατὰ
444 1921 494 1955 τὴν
508 1920 608 1955 Σκῆτιν
623 1919 737 1955 (ἕρημος
751 1920 780 1947 δὲ
792 1921 862 1956 αὓτη

61 1969 139 1995 ἐστὶν
155 1967 224 2002 πρὸς
242 1968 380 2002 Αῐγυπτον
395 1966 481 1998 οὕτως
496 1965 710 2002 ὀνομαζομένη),
722 1967 807 2002 ἄνδρα
822 1967 862 2002 τῷ

60 2015 138 2048 γένει
153 2013 315 2048 Αίγύπτιον,
335 2013 420 2048 ἀρετῇ
436 2012 465 2039 δὲ
483 2012 557 2048 πάσῃ
576 2013 636 2048 θείᾳ
649 2013 778 2049 κομῶντα
789 2034 796 2045 ,
813 2013 860 2040 καὶ

60 2060 138 2092 θείας
151 2059 305 2095 ἠξιωμένον
315 2058 365 2093 τῆς
379 2058 500 2094 χάριτος,
519 2058 567 2084 καὶ
588 2060 724 2094 μεγίστων
740 2059 862 2094 θαυματ-

59 2106 247 2142 ουργημάτων
266 2104 386 2140 ἐργάτην
397 2104 566 2139 ὑπάρχοντα,
579 2105 648 2139 πρὸς
669 2105 799 2139 Θεόφιλον
812 2105 857 2131 εὑ-
874 2124 895 2150 D

61 2153 111 2185 θὺς
127 2152 230 2187 γράφει
246 2151 333 2182 οὕ;ως
359 2151 452 2186 (αὐτὸς
473 2151 528 2186 γὰρ
540 2150 595 2178 τῶν
616 2152 645 2177 ἐν
665 2150 856 2186 Ἀλεξανδρεία

60 2198 184 2235 Χριστοῦ
210 2197 344 2232 ποιμνίων
366 2197 406 2232 τῷ
426 2196 486 2224 κατ’
511 2197 599 2223 ἐκεῖνο
618 2197 713 2232 καιροῦ
731 2196 858 2232 κηδεμὼν

59 2243 250 2280 ὲγνωρίζετο),
269 2242 340 2269 ὥστε
352 2242 399 2269 τὸν
410 2242 594 2278 προλεχθέντα
608 2242 757 2277 θαυμάσιον
774 2242 858 2277 ἄνδρα

60 2291 131 2326 πρὸς
147 2289 230 2318 αὐτὸν
243 2289 396 2325 ἐκπέμψαι,
413 2288 645 2324 παρακαλέσαντα
662 2288 768 2323 βοηθεῖν
782 2286 856 2322 αὐτῷ

59 2338 121 2366 ταῖς
140 2336 211 2371 πρὸς
225 2334 291 2362 θεὸν
309 2335 426 2366 ἱκεσίαις
447 2335 487 2366 εἰς
500 2334 547 2360 τὸν
569 2334 696 2369 πόλεμον,
717 2334 855 2360 πιστεύων

60 2382 160 2418 ὀρθῶς,
173 2381 221 2408 καὶ
237 2379 345 2412 εὔελπις
353 2379 451 2412 ὣν,ὂτι
461 2380 570 2411 πάντως
580 2381 732 2415 γενήσεται·
743 2379 811 2414 πρὶς
824 2379 853 2405 ὃν

60 2425 208 2462 ἐκδραμὼν
221 2426 235 2452 ὁ
247 2425 407 2457 ἐπίσκοπος,
420 2425 467 2452 καὶ
477 2425 527 2460 τὴν
544 2425 631 2452 αἰτίαν
647 2424 773 2458 ἐξειπὼν,
789 2425 854 2451 ἀνα-

61 2473 165 2499 ὗαίνειν
179 2471 248 2507 πρὸς
262 2471 309 2497 τὸν
326 2470 480 2505 κρατοῦντα
499 2470 632 2497 νουθετῶν
647 2470 782 2504 ἐλιπάρει·
799 2471 812 2496 ό
824 2470 852 2495 δὲ

59 2518 207 2553 Eundem;
224 2516 314 2553 (τοῦτο
329 2516 384 2552 γὰρ
397 2516 482 2551 ὄνομα
493 2515 532 2550 τῷ
548 2515 677 2551 μακαρίῳ
688 2515 765 2550 ἀνδρὶ
781 2513 822 2550 [Δ]
833 2517 853 2548 ),

61 2564 218 2599 συγχωρεῖν
234 2562 309 2597 αὑτῷ
324 2562 370 2589 τὸν
392 2561 524 2597 ἀρχιερέα
543 2562 679 2593 ἱκέτευεν,
692 2561 854 2596 ἁμαρτωλὸν

60 2611 157 2638 ἑαυτὸν
171 2607 242 2636 εἶναι
254 2609 341 2643 λέγων
358 2609 406 2636 καὶ
420 2609 529 2643 ἀχρεῖον
542 2607 636 2634 δοῦλον
648 2607 793 2634 ἀποκαλῶν
807 2607 853 2633 τοῦ

60 2657 176 2692 Κυρίου’
201 2656 264 2682 ἐπεὶ
280 2656 308 2682 δὲ
329 2655 531 2690 συγχωρήσεως
553 2655 644 2690 τυχεῖν
668 2654 716 2691 οὐχ
739 2651 795 2686 οἷός
824 2663 853 2680 τε

61 2704 183 2741 γέγονεν,
199 2701 272 2729 κατὰ
285 2701 416 2733 ἀνατολὰς
436 2701 513 2736 ἔστη,
530 2700 577 2727 καὶ
592 2701 622 2727 τὸ
635 2700 768 2736 μαφόριον
781 2700 795 2726 ὃ
807 2700 854 2734 φέ-

948 1921 992 1949 13.
1020 1921 1130 1948 Audivit
1154 1921 1225 1948 enim
1251 1922 1285 1948 ad
1318 1922 1436 1952 Scelem,
1461 1922 1487 1948 in
1507 1929 1599 1949 eremo
1620 1923 1705 1959 Epy-

912 1967 1014 2002 ptiaco,
1027 1967 1125 2002 degere
1137 1967 1276 1994 hominem
1291 1968 1401 1994 natione.
1415 1968 1523 2002 quidem
1535 1968 1703 2004 Egyptium,

911 2013 1014 2040 virtute
1042 2017 1133 2040 autem
1161 2012 1251 2039 divina
1278 2013 1442 2039 instructmn
1472 2017 1498 2040 et
1524 2015 1702 2041 nvaxinmrmn

911 2057 1106 2085 miraculorum
1129 2063 1316 2092 operatorem.
1341 2057 1440 2085 Statim
1463 2059 1559 2086 scribit
1580 2059 1703 2087 Theodo-

910 2105 967 2132 sius
992 2105 1025 2132 ad
1050 2104 1245 2139 Theophilum,
1261 2104 1306 2139 qui
1330 2111 1364 2131 eo
1388 2110 1509 2140 tempore
1531 2107 1702 2134 Alexandriw

909 2157 1019 2184 gregem
1057 2149 1159 2177 Christi
1188 2150 1283 2176 sedulo
1311 2151 1456 2184 pascebat,
1486 2155 1515 2178 ut
1543 2153 1700 2186 prmdicttttn

909 2193 1060 2221 mirabilem
1079 2194 1166 2220 virum
1185 2195 1308 2221 mitteret
1329 2197 1362 2222 ad
1384 2196 1588 2230 imperatorem,
1607 2199 1699 2224 horta-

908 2245 1038 2274 returque
1066 2241 1187 2275 pontifex
1221 2241 1308 2267 virum
1336 2247 1461 2268 sanctum
1492 2247 1522 2268 ut
1551 2250 1600 2278 pro
1630 2244 1700 2270 bello

906 2286 1044 2321 supplices
1071 2288 1104 2313 ad
1131 2286 1397 2314 Deum‘elfnnderet
1425 2295 1539 2322 preces;
1570 2289 1697 2316 credebat

906 2333 978 2360 enim
1006 2334 1156 2366 imperator
1181 2333 1346 2360 fiducialiter
1375 2338 1404 2360 et
1434 2334 1542 2362 fortiter
1571 2335 1699 2369 sperabat

907 2380 998 2406 omnia
1022 2380 1125 2414 optime
1146 2379 1247 2406 futura.
1263 2379 1426 2407 Excucurrit
1451 2381 1531 2415 igilttr
1551 2382 1697 2417 episcopus

907 2426 940 2452 ad
960 2425 1046 2452 virum
1073 2428 1198 2452 sanctum
1221 2425 1315 2458 illique
1334 2427 1425 2453 omnia
1447 2427 1605 2460 declaravit,
1624 2437 1697 2463 qna--

906 2470 1024 2504 sivitque
1058 2475 1088 2497 ut
1123 2471 1155 2496 ad
1188 2469 1368 2497 Theodosium
1405 2472 1541 2500 adveniret
1574 2479 1695 2501 Sullt‘llls.

905 2515 1060 2550 Senuphius
1083 2521 1184 2549 autent,
1201 2517 1239 2543 sic
1255 2517 1327 2543 enim
1350 2518 1501 2545 vocabatur
1513 2519 1555 2545 vir
1571 2520 1697 2548 beatissi-

905 2570 975 2593 mus,
995 2563 1103 2590 veniam
1122 2563 1173 2590 sibi
1201 2570 1215 2589 a
1244 2563 1372 2597 pontifice
1396 2565 1509 2592 concedi
1524 2567 1599 2600 petiit
1625 2569 1696 2601 quod

904 2613 977 2636 cssct
995 2609 1052 2644 ipse
1074 2614 1202 2643 peccatur
1221 2614 1247 2636 et
1270 2608 1376 2637 Domini
1401 2610 1443 2637 sui
1466 2618 1561 2639 serius
1580 2612 1694 2640 inutilis.

904 2655 954 2682 Ast
973 2663 1034 2681 cum
1061 2656 1168 2682 veniam
1199 2663 1252 2682 nott
1284 2657 1476 2690 impetrasset,
1505 2658 1537 2685 ad
1562 2659 1695 2686 orientem

904 2700 990 2732 stetit,
1012 2705 1039 2727 et
1057 2701 1128 2735 quod
1143 2701 1169 2728 in
1186 2701 1309 2729 humeris
1328 2702 1434 2730 ferebat
1448 2703 1591 2732 humeralc
1610 2706 1695 2731 mani-

817 2761 933 2789 NOTIE.

152 2811 190 2837 Ex
217 2811 267 2837 hoc
295 2815 399 2842 nostro,
416 2814 446 2838 ut
462 2817 532 2842 rc0r,
559 2809 688 2844 opusculo
711 2813 850 2835 umtuatus
869 2814 912 2835 est
938 2809 1060 2836 cannlctn
1087 2809 1271 2837 narrationem
1296 2808 1393 2841 Glycas
1430 2809 1526 2837 Annal.
1560 2814 1630 2845 part.
1648 2808 1692 2837 ιν.

262 2846 325 2872 257.

97 2812 136 2874 (42
152 2812 190 2851 Es
217 2812 232 2837 h

66 2847 105 2875 ed.
132 2848 207 2874 ὀι-ιδ.
220 2854 236 2880 p
