1908 3078
69 106 140 139 3689

659 106 710 137 DE
727 107 780 137 SS.
801 107 899 138 (ΣΥΒο
914 107 961 138 ΕΤ
980 106 1139 138 JOANNE.

1636 108 1705 139 1369!)

66 163 141 198 αὐτῷ
157 163 208 198 τὴν
223 162 316 198 δέησιν
330 159 574 197 εὐαγγελιζόμενον
586 161 633 187 καὶ
644 162 861 197 προστάσσοντα,
878 163 892 193 ,Α

917 163 1124 191 descendentem
1142 164 1176 190 de
1191 162 1268 190 caelis
1287 166 1496 201 monentemque
1520 169 1548 190 ιιι
1565 165 1653 197 magni
1682 166 1709 191 in

65 211 137 237 ὥστε
158 209 252 244 Κύρου
277 208 395 235 λαϐόντα
414 208 462 234 τοῦ
486 207 604 244 μεγάλου
627 208 656 234 ὲν
675 207 811 243 μάρτυσιν
833 209 865 234 ὲκ

64 258 112 284 τοῦ
129 257 195 284 ναοῦ
210 256 326 292 Μάρκου
341 255 389 282 τοῦ
406 255 497 289 ’Δγίου
514 256 543 281 ἐν
558 256 590 290 τῇ
604 255 742 290 Μενουθῇ,
757 254 775 280 ὃ.
787 254 819 286 δὴ
837 255 865 281 ὲν

64 306 98 339 τῇ
117 304 172 330 τῶν
188 302 398 336 Εὑαγγελιστῶν
413 301 546 337 ἐκκλησίᾳ
560 301 742 336 κατατεθῆναι
759 301 863 328 τούτων

64 350 95 376 τὸ
119 348 259 382 λείψανον·
283 347 355 374 οὕτω
377 347 430 382 γὰρ
453 348 500 373 καὶ
521 346 570 382 τὴν
586 346 683 381 κώμην
705 346 863 382 ὠνόμαζον,

63 395 134 422 αἰδοῖ
149 395 197 422 καὶ
212 394 318 430 φίλτρῳ
334 395 383 428 τῆς
403 393 539 428 δαίμονος,
558 393 602 420 διὰ
623 393 670 419 τοῦ
696 393 756 424 ἑνὸς
772 394 865 427 ἀμφο-

63 442 164 477 τέρους
179 442 313 476 ὀνόματος
328 441 392 472 τοὺς
411 439 457 465 δύο
477 439 623 475 μάρτυρας
647 439 772 474 σημάνας
788 440 802 465 ὁ
817 438 866 474 ἄγ-

63 489 156 522 γελος,
173 487 212 519 ὡς
232 486 334 523 ὲκΙτῶν
354 485 489 521 Κυρίλλου
505 485 551 511 τοῦ
568 485 705 520 μακαρίου
723 484 863 520 δειχθήσε-

62 542 118 560 ται·
138 532 176 568 μὴ
189 532 327 567 μελλήσας
344 531 399 567 γὰρ
412 532 426 557 ὁ
439 531 486 557 τοῦ
502 530 730 566 Θεοῦιάρχιερεὺς
745 538 864 565 προσφι-

60 580 195 609 λέστατος
219 578 250 604 τὸ
274 577 446 612 προσταχθὲν
475 575 551 611 αὐτῷ
574 575 756 611 διεπράξατο·
776 575 863 602 εἰκάδι

59 623 263 659 ὸγδὸῃ’ἰουνίου
282 623 365 658 μηνὸς
384 622 434 657 τὴν
449 621 504 648 τῶν
523 612 702 656 μαρτυρικῶν
723 620 862 656 λειψάνων

61 670 213 705 μετάθεσιν
232 669 418 703 ποιησάμενος
430 676 436 682 “
461 667 509 694 καὶ
526 667 623 701 λόγους
640 668 754 702 μικροὺς
770 667 808 701 (l)
823 667 862 702 τῷ

59 714 232 750 φιλοχρὶστῳ
256 713 314 748 λαῷ
342 709 419 744 οὗτος
438 711 718 748 προσφθεγξάμενος,
746 710 794 742 οὓς
814 711 863 737 καὶ

59 760 266 796 παραθήσομεν
278 778 286 791 ,
303 758 371 792 πρὸς
385 759 435 793 τὴν
448 759 502 784 τῶν
519 757 740 792 ἐντυγχανόντων
761 757 863 782 πίστω-

60 807 104 832 σίν
118 815 149 832 τε
162 805 231 840 ὁμοῦ
248 806 296 832 καὶ
308 805 455 839 ὠφέλειαν·
468 805 496 830 ὲν
509 804 569 837 Θεῷ
585 803 672 838 lla-.91
689 803 737 845 aint
751 802 810 837 Υἱῷ
822 802 862 838 τῷ

919 208 1089 236 confessione
1105 207 1168 243 Cyri
1187 208 1317 242 reliquias
1333 215 1366 235 ex
1383 208 1483 242 templo
1501 208 1592 235 Sancti
1613 208 1708 243 Marci,

919 254 945 280 in
971 254 1144 280 Menoutltam
1171 254 1297 281 videlicet
1322 254 1521 282 in-ccclesiam
1552 260 1707 283 sanctorum

918 299 1153 334 Evangelietarum
1184 304 1337 334 asportaret
1365 300 1559 335 (veneratione
1585 302 1658 328 enim
1684 307 1711 328 et

918 345 991 372 cultu
1011 345 1150 373 simulacri
1161 354 1258 373 nomen
1275 345 1420 374 Menontha
1439 346 1514 374 locus
1530 347 1708 383 obtinuerat).

919 392 977 420 Utta
1007 393 1120 419 duorum
1149 398 1298 428 martyrum
1329 394 1425 420 merita
1451 398 1478 421 et
1503 401 1618 428 corpora
1645 401 1711 421 con-

915 437 1004 471 junxit
1037 439 1168 473 angelus,
1202 439 1241 466 uti
1273 447 1306 466 cx
1344 439 1452 466 actione
1485 439 1579 474 (‘yritli
1618 439 1709 474 conji-

917 485 1042 512 ciendum
1072 490 1132 517 est;
1161 483 1227 512 nihil
1253 491 1380 520 acceptus
1409 485 1464 513 Deo
1491 485 1612 520 pontifex
1636 480 1712 514 omi-'

916 531 952 558 sit
981 536 1010 558 ut
1035 539 1116 565 quam
1143 531 1274 558 citissime
1306 531 1451 558 commissa
1484 536 1707 566 exsequeretur;

917 577 1044 604 vicesima
1061 582 1155 604 octava
1167 577 1239 604 Jnnii
1257 583 1413 605 sanctarum
1431 577 1606 611 reliquiarum
1624 583 1710 605 trans-

915 621 1043 649 lationem
1073 623 1146 655 fecit,
1173 622 1360 649 oratiunculas
1383 622 1451 649 duas
1476 622 1632 661 Christiano
1662 629 1709 657 po-

915 666 978 699 pulo
998 665 1103 701 habuit,
1120 674 1187 700 quas
1204 667 1229 693 in
1249 666 1328 694 fidem
1350 671 1377 694 et
1402 666 1546 694 utilitatem
1563 667 1708 701 legentium

915 711 1069 746 adjicimus,
1094 712 1120 739 in
1148 712 1203 740 Deo
1228 712 1318 745 Patre.
1342 721 1403 741 cum
1426 713 1495 740 Filio
1511 713 1656 750 Unigeuilo
1678 722 1710 741 ac

915 757 994 784 simul
1020 762 1117 785 sancto
1138 763 1166 785 et
1186 758 1341 786 vivificante
1362 759 1476 794 Spiritu,
1493 760 1592 794 quibus
1610 759 1707 794 gloria,

915 802 1045 836 majesl'as
1066 808 1091 831 et
1118 804 1322 839 magnificentia
1349 813 1423 833 nunc
1445 810 1473 832 et
1501 813 1609 840 semper
1633 810 1658 833 et
1682 805 1709 832 in

60 853 208 887 μονογενεί
225 851 284 886 ἅμα
300 850 340 886 τῷ
353 850 479 885 παναγίῳ
497 850 544 876 καὶ
561 849 686 883 ζωοποιῷ
709 848 861 883 Πνεύματι,
878 850 892 879 li

916 850 1013 878 Stccnla
1029 851 1204 877 smeulorum.
1221 851 1317 877 Amen.

59 897 125 930 δόξα
140 897 314 932 μεγαλοσύνη
328 906 358 923 τε
372 897 419 923 καὶ
434 896 673 932 μεγαλοπρέπεια,
691 895 738 921 νῦν
755 895 802 921 καὶ
818 895 861 922 ἀεὶ

60 946 108 971 καὶ
124 945 164 975 είς
178 944 242 976 τοὺς
253 943 356 976 αἰῶνας
369 943 423 969 τῶν
434 941 552 969 αἰώνων.
571 942 668 977 Ἀμήν.

825 984 943 1014 NOTAE.

97 1036 140 1070 (1)
158 1035 268 1063 Videsis
285 1040 305 1063 t.
323 1034 442 1072 LXXVII
458 1035 503 1063 ubi
523 1035 574 1062 has
588 1041 686 1070 parvas
704 1038 732 1061 et
746 1034 862 1068 ineditas
879 1033 908 1060 S.
927 1031 1020 1067 Cyrilli
1042 1030 1227 1058 oratiunculas
1241 1031 1426 1059 exhibuimus.

400 1115 929 1133 _——-————‘-—_——

636 1178 732 1205 AAAI!
755 1177 918 1204 HOAITEIA
949 1177 996 1204 ΑΚ
1002 1176 1132 1204 ΕΦΑΛΟΣ

487 1225 556 1252 ΤΩΝ
573 1225 676 1252 ΑΓΙΩΝ
693 1224 1020 1252 ΜΑΡΤΥΡΩΝΚΥΡΟΥ
1040 1224 1099 1250 ΚΜ
1114 1223 1279 1250 1ΩΛΝΝοΥ.

681 1340 767 1370 ALIA
787 1341 873 1371 VITA
898 1339 1095 1370 ACEPHALA

439 1387 671 1418 SANCTORUM
702 1387 919 1417 MARTYRUM
957 1386 1044 1416 CYRI
1081 1385 1129 1415 ET
1160 1385 1331 1416 JOANNIS.

154 1529 160 1534 _
207 1503 327 1537 ἄσκησιν
341 1499 472 1535 γενναίως
482 1500 553 1527 κατὰ
563 1499 617 1526 τῶν
632 1500 794 1535 πνευμάτων
809 1500 858 1535 τῆς
870 1504 892 1534 ρ

59 1552 196 1585 πονηρίας
225 1547 487 1584 παρατασσόμενος⁹
512 1546 526 1572 ὁ
553 1545 580 1571 δὲ
600 1545 727 1579 Ἰωάννης
745 1545 860 1581 ἐπιγείῳ

61 1599 110 1632 μὲν
129 1595 239 1632 βασιλεί
252 1597 281 1622 ἐν
298 1595 338 1620 ἑνὶ
360 1593 414 1620 τῶν
429 1592 555 1629 ἀριθμῶν
569 1591 750 1627 ἐστρατεύετο
762 1600 769 1607 ·
789 1592 859 1628 πλὴν

57 1643 97 1678 τῷ
113 1641 272 1677 ἐπουρανίῳ
291 1639 396 1675 βασιλεί
410 1639 539 1678 ἀρέσκειν
557 1637 657 1673 μᾶλλον
672 1637 838 1664 ἐσπούδασεν
851 1647 858 1654 ·

59 1677 273 1722 συνελήφθησαν
305 1683 351 1712 οὖν
375 1682 449 1712 οὗτοι
464 1677 588 1718 οῖ’ἆγιοι
617 1684 646 1710 ἐν
670 1685 702 1719 τῇ
724 1683 859 1720 λεγομένῃ

59 1733 190 1768 Κανὼπῳ
201 1740 207 1747 ·
221 1732 280 1758 ἐκεῖ
295 1731 349 1766 γὰρ
363 1728 435 1765 εἶχον
457 1729 504 1765 τὴν
520 1730 641 1764 οἴκησιν·
652 1729 859 1765 συνελήφθησαν

58 1779 86 1805 δὲ
102 1779 135 1804 οὐ
153 1777 242 1812 μόνοι,
258 1776 328 1803 ἀλλὰ
358 1775 428 1811 μετὰ
451 1775 535 1809 τριῶν
557 1775 744 1810 ἁειπαρθένων
761 1774 810 1801 σὺν
824 1776 856 1810 τῇ

58 1823 164 1850 τοὺτων
181 1822 281 1857 μητρί·
300 1818 336 1847 ὧν
352 1820 430 1856 ἡμὲν
451 1819 546 1856 πρώτη
558 1819 672 1854 Θεοδότη
689 1819 856 1854 ὠνομάζετο,

58 1870 143 1896 πέντε
159 1869 207 1895 καί
238 1868 351 1894 δέκατον
376 1866 435 1898 ἔτος
455 1864 523 1902 ἦγεν
538 1866 588 1902 τὴν
611 1867 738 1901 γέννησιν
750 1873 756 1880 ·
773 1865 858 1900 ἡδευ-

57 1917 125 1950 τέρα
139 1916 167 1942 δὲ
184 1914 334 1949 Θεοκτὶστη
351 1913 519 1948 ὠνομάζετο,
536 1913 594 1947 τρὶς
617 1912 645 1938 δὲ
666 1912 712 1939 καὶ
736 1913 856 1949 δεκάτηθ

58 1962 174 1993 Εὑόοξία
189 1961 217 1987 δὲ
230 1961 246 1995 ἡ
259 1960 350 1995 τρίτη,
364 1960 412 1986 καὶ
424 1959 493 1994 αὕτη
510 1958 614 1992 ἄγουσα
625 1958 682 1990 ἔτος
695 1959 836 1986 ἑνδέκατον
848 1967 855 1974 '

56 2010 73 2042 η
88 2008 118 2034 δὲ
132 1997 239 2032 τούτων
272 2006 366 2040 ’μήτηρ
385 2005 535 2031 Ἀθανασία
549 2004 780 2039 προσηγορεύετο,
796 2005 855 2040 ἥτις

57 2055 193 2088 δόγμασιν
207 2052 309 2087 μᾶλλον
325 2050 467 2081 εὐσεόείας
482 2050 498 2085 ἢ
511 2050 628 2084 γάλακτι
645 2049 855 2085 ἀναθρεψαμένη

56 2099 105 2130 τὰς
132 2098 269 2129 νεάνιδας,
296 2097 406 2123 ἔπεισεν
423 2096 510 2127 αὐτὰς
532 2095 581 2131 τὴν
608 2095 718 2128 ἁγνείαν
736 2095 854 2128 ἑλέσθαι,

57 2146 104 2171 καὶ
141 2143 196 2169 τῶν
227 2142 371 2169 ἀθανάτων
395 2141 520 2176 νυμφίων
550 2140 769 2176 νυμφεύσασθαι,
794 2141 854 2167 ὅθεν

1000 1498 1138 1526 Generose
1149 1503 1176 1525 et
1188 1497 1306 1525 viriliter
1327 1505 1356 1526 se
1368 1502 1462 1525 contra
1473 1499 1583 1526 malitia-
1595 1501 1706 1534 spiritus

914 1545 1049 1573 excreuit.
1064 1544 1183 1572 Joannes
1204 1543 1231 1571 in
1257 1544 1372 1571 militum
1401 1553 1514 1572 tnunere
1540 1550 1648 1574 terreno
1669 1548 1706 1574 in-

918 1593 1054 1620 servicrat
1079 1592 1249 1627 imperatori,
1266 1596 1311 1619 ast
1332 1590 1538 1626 chieoelorum
1552 1595 1636 1630 magis
1650 1595 1706 1630 pla-

913 1646 977 1665 cere
1012 1638 1157 1672 sategit....
1183 1635 1269 1671 Igitur
1292 1638 1318 1664 in
1343 1638 1416 1665 dicto
1435 1638 1537 1673 Canopi
1574 1639 1632 1666 lot't)
1659 1641 1708 1667 tle-

913 1683 1042 1718 prehensi
1058 1683 1278 1716 fnernntsancti,
1289 1683 1333 1711 ubi
1348 1691 1441 1711 eorum
1453 1691 1511 1713 erat
1526 1685 1704 1714 babitatio....

914 1729 965 1757 Ast
980 1737 1033 1756 non
1050 1728 1101 1756 soli
1122 1728 1232 1756 fuerunt
1255 1730 1428 1764 deprehensi,
1448 1731 1495 1757 sed
1508 1735 1535 1757 et
1553 1735 1608 1758 tres
1625 1732 1706 1758 simul

913 1775 1034 1810 virgines
1061 1784 1113 1803 una
1140 1784 1200 1803 eum
1228 1781 1343 1809 matre;
1374 1783 1488 1811 quarum
1514 1779 1600 1812 prima
1617 1778 1706 1805 Theo-

911 1821 992 1848 ctista
1019 1820 1179 1853 vocabatur,
1195 1825 1222 1847 ct
1245 1820 1379 1848 decimum
1406 1820 1529 1855 quintum
1554 1822 1706 1849 nativitatis

912 1874 969 1894 sua:
993 1866 1111 1894 ducebat
1129 1874 1250 1899 annum;
1270 1867 1390 1893 secunda
1417 1867 1610 1894 nominabatur
1631 1868 1701 1895 Deo-

911 1912 985 1946 data,
1005 1916 1031 1939 et
1047 1912 1180 1939 decimtun
1199 1912 1308 1938 tertium
1333 1912 1438 1946 agebat,
1464 1913 1541 1940 tertia
1565 1921 1628 1941 vero
1649 1913 1704 1940 Eu-
1727 1921 1732 1925 '

911 1958 990 1985 doxia
1014 1958 1048 1985 ad
1072 1957 1245 1985 undecimum
1265 1958 1454 1993 pertingebat;
1470 1963 1557 1986 mater
1569 1960 1703 1995 virginum

910 2004 1067 2031 Atltanasim
1098 2004 1209 2030 nomine
1246 2004 1432 2038 appellabatur
1463 2010 1489 2032 et
1520 2005 1588 2033 filias
1617 2008 1703 2042 magis

909 2050 1019 2085 pietatis
1046 2050 1171 2077 doctrina
1190 2043 1277 2084 iquam
1307 2050 1377 2076 lacte
1399 2051 1540 2084 enutrivit,
1565 2060 1625 2079 cum
1649 2053 1702 2080 illis

910 2095 1077 2130 persuaserit
1088 2100 1117 2121 ut
1132 2096 1268 2123 castitatis
1283 2096 1411 2123 virtutem
1426 2097 1570 2132 eligerent,
1588 2098 1701 2126 immor-

911 2140 1004 2167 talium
1021 2142 1177 2169 dicerentur
1198 2150 1314 2176 sponsac,
1342 2141 1522 2170 inexstinrlas
1539 2144 1700 2179 virginitatis

56 2191 210 2221 ἀσϐέστους
226 2189 274 2221 τὰς
286 2188 431 2224 λαμπάδας
446 2188 496 2222 τῆς
509 2187 674 2223 παρθενείας
688 2187 854 2222 κατέχουσαι
871 2188 892 2213 D

911 2186 1045 2220 lampades
1095 2189 1228 2215 baberent
1269 2193 1296 2215 ct
1337 2188 1525 2216 advenientem
1569 2197 1698 2224 Sponsum

55 2238 107 2272 τὴν
137 2235 221 2263 αὐτοῦ
253 2234 458 2269 ἀπεκδὲχωνται
490 2233 617 2260 ἕλευσιν·
646 2233 712 2260 ἀλλὰ
735 2233 780 2260 τὸν
807 2233 854 2268 τῆς

55 2281 227 2317 παρθενείας
259 2279 343 2306 πλοῦν
369 2279 462 2310 καλῶς
478 2278 581 2310 ταύτας
611 2278 756 2311 ὰνυούσας,
773 2279 786 2305 ὁ
805 2279 855 2314 τῆς

54 2327 205 2364 ὁμολογίας
221 2326 296 2360 ἀγὼν
312 2325 518 2360 κατελάμϐανεν
528 2333 534 2339 ·
550 2325 580 2351 οὑ
595 2325 687 2360 μέντοι
713 2333 780 2351 κατε
787 2325 854 2351 πλά-

55 2383 147 2409 γησαν
167 2373 218 2408 τὴν
239 2371 294 2398 τῶν
308 2371 397 2398 λύκων
425 2371 519 2404 ἔφοδον
545 2371 573 2397 αἱ
589 2371 636 2397 τοῦ
652 2370 771 2406 Χριστοῦ
789 2371 853 2397 καλ-

54 2420 228 2454 λιμάρτυρες
242 2427 247 2433 ·
260 2417 333 2453 εἷλον
361 2417 417 2452 γὰρ
440 2417 582 2452 ἀναψυχὴν
600 2417 629 2442 οὐ
648 2417 748 2451 μικρὰν
763 2416 854 2451 Κῦρον

56 2465 103 2490 καὶ
118 2463 248 2498 Ἰωάννην
268 2463 331 2494 τοὺς
357 2462 451 2496 ἁγίους
467 2462 619 2497 μάρτυρας,
634 2462 730 2492 οἵτινες
744 2461 789 2488 διὰ
804 2463 854 2497 τῆς

56 2510 151 2537 ἐνθέου
163 2508 340 2540 διδασκαλίας
355 2507 447 2534 αὐτῶν
459 2507 508 2546 τὰς
524 2506 603 2540 ἁγίας
618 2506 769 2540 παρθένους
801 2508 854 2534 ὰπ-

57 2558 171 2591 ήλειςον
188 2556 229 2587 εἰς
242 2555 290 2581 τον
304 2554 375 2590 ὑπὲρ
389 2554 439 2589 τῆς
454 2553 595 2584 εὐσεὸείαζ
614 2553 722 2588 άγῶνασ
738 2552 785 2579 καὶ
799 2553 853 2589 γὰρ

55 2603 162 2639 σφόδρα
189 2601 316 2636 ἠγωνίων
341 2600 391 2635 μὲν
417 2601 441 2626 οἱ
455 2600 538 2633 ἅγιοι,
558 2600 605 2626 καὶ
618 2599 855 2634 παρεσκευάζοντο

55 2647 264 2682 περισσοτέρως
281 2646 320 2677 εἰς
337 2646 386 2681 τὴν
403 2645 476 2671 κατὰ
492 2644 541 2679 τῆς
566 2644 763 2679 εἰδωλομανίας
779 2645 853 2671 ἀντι-

57 2693 225 2730 παράταξιν,
241 2692 390 2723 δεδοικότες
403 2691 458 2718 τῶν
477 2691 563 2724 ἁγίων
589 2690 733 2726 παρθένων
748 2690 777 2718 τὸ
795 2692 855 2718 νέον

55 2742 107 2775 τῆς
122 2740 244 2774 ἡλικίας,
259 2739 296 2774 μή
312 2747 377 2764 ποτε
404 2737 442 2773 μὴ
456 2737 605 2771 ὲνέγκωσιν
615 2745 621 2752 ·
636 2737 729 2771 ἔλεγεν
740 2737 768 2764 δὲ
786 2737 854 2772 πρὸς

54 2788 143 2819 αὑτὰς
152 2787 178 2813 οἱ
193 2787 277 2820 ἆγιοι·
290 2793 299 2809 ι
310 2783 524 2826 Μνημονεύσατε
534 2783 587 2809 τῶν
598 2783 644 2810 τοῦ
653 2783 756 2818 Κυρίου
769 2783 855 2819 ῥημά-

58 2844 124 2862 των.
135 2834 181 2860 καὶ
201 2832 239 2868 μὴ
249 2831 443 2866 καταπλαγῆτε
455 2830 489 2856 τὰ
505 2829 694 2865 ἐπερχόμενα·
713 2830 791 2862 αὐτος
801 2831 853 2866 γὰρ

225 2882 359 2912 ΡΑῒιιοι..
387 2879 445 2910 Gtt.
479 2879 664 2911 LXXXVII.

908 2232 1077 2267 exciperent.
1103 2233 1168 2266 Quae
1194 2233 1360 2269 virginitatis
1391 2235 1538 2267 tramitem,
1567 2236 1699 2264 inolfenso

907 2278 974 2312 pede
1013 2278 1195 2313 perfecerant,
1226 2280 1408 2308 confessionis
1440 2289 1556 2316 pugnam
1582 2283 1697 2310 aditura:

906 2327 986 2349 erant
1010 2331 1017 2350 :
1044 2323 1169 2358 luporum
1200 2325 1378 2360 irruptionem
1415 2334 1468 2353 non
1498 2327 1698 2361 pertimuerunt

906 2369 1008 2397 Christi
1029 2374 1173 2405 martyres,
1192 2376 1302 2397 sanctos
1316 2371 1388 2398 enim
1408 2371 1506 2407 Cyrutn
1523 2377 1549 2399 rt
1563 2373 1695 2401 Joannem

908 2417 934 2443 in
948 2424 1061 2451 magnos
1072 2417 1252 2449 confessionis
1274 2418 1411 2452 adjutores
1430 2418 1622 2453 respiciebant,
1632 2427 1694 2446 cum

905 2463 938 2489 ab
955 2462 1018 2494 illis.
1038 2464 1069 2489 ad
1086 2464 1198 2498 pietatis
1214 2471 1329 2498 agonem
1354 2463 1454 2490 divina:
1479 2464 1611 2491 doctrina:
1635 2467 1696 2493 oleo

906 2515 1046 2543 perunctae
1062 2509 1189 2536 fuissent.
1208 2509 1327 2536 Fortiter
1352 2514 1441 2536 autem
1462 2517 1510 2544 pro
1535 2511 1586 2537 tide
1609 2516 1697 2538 certa-

906 2559 969 2581 runt
994 2555 1080 2582 salicti
1097 2561 1123 2582 ct
1147 2556 1180 2582 ad
1202 2555 1388 2590 depellendam
1413 2555 1593 2583 idololatrian:
1611 2557 1696 2584 abun-

904 2600 1014 2627 dantitts
1029 2601 1166 2635 prtecincti
1181 2607 1276 2635 erant;
1292 2602 1480 2629 tantummodo
1496 2607 1606 2636 propter
1623 2609 1698 2629 tene-

905 2653 962 2672 ram
990 2645 1125 2680 virginum
1158 2651 1265 2673 mtatem
1297 2647 1460 2678 timuerunt,
1490 2654 1522 2672 ne
1543 2646 1696 2681 juvenculis

905 2691 994 2727 palma
1013 2692 1136 2729 martyrii
1153 2693 1302 2720 excideret.
1319 2692 1383 2720 lllas
1403 2693 1443 2720 sic
1465 2692 1696 2727 eompellaverunt

905 2738 993 2765 sancti
1009 2747 1016 2765 :
1035 2748 1043 2764 ι
1061 2739 1227 2767 Mementote
1241 2741 1387 2766 verborum
1410 2739 1514 2766 Domini
1528 2739 1600 2766 etab
1615 2746 1696 2766 even-

906 2784 975 2812 turis
989 2792 1023 2812 ne
1038 2786 1195 2813 terreamini
1214 2793 1221 2812 :
1237 2786 1293 2820 ipse
1306 2786 1377 2812 enim
1390 2785 1458 2812 dixit
1474 2794 1480 2812 :
1498 2783 1587 2811 Nolite
1605 2785 1697 2811 timere

905 2839 947 2858 eos
970 2831 1015 2866 qui
1039 2839 1133 2866 corpus
1162 2832 1294 2865 occidunt,
1321 2833 1437 2859 animum
1455 2837 1542 2858 niuem
1563 2838 1614 2858 non
1631 2837 1694 2864 pas-

1465 2879 1521 2909 116
