1908 3078
74 110 108 140 3i}
114 109 147 140 Ἣ

682 109 729 140 DE
746 110 798 140 SS.
819 109 916 140 CYﬂO
937 108 984 140 ΕΤ
999 108 1157 140 JOANNE.

1644 110 1714 142 3ϋῑῖί

122 167 233 203 Ἐπειδὴ
246 167 276 194 δὲ
289 167 392 203 Κῦρος,
407 167 454 194 καὶ
481 166 606 202 Ἰωάννης
626 168 650 194 οἱ
674 167 810 202 μάρτυρες
824 167 871 194 σὺν

958 153 1105 202 Ροειίίιιαιη
1144 167 1235 194 sancti
1270 171 1406 203 martyres
1430 166 1518 203 Cyrus
1540 172 1566 194 et
1593 167 1713 194 Joannes

76 217 135 247 ταῖς
152 214 288 250 ἁοιδίμοις
307 213 452 247 παρθένοις
463 213 502 247 τῷ
516 213 588 247 ξίφει
601 213 808 248 ἐτελειώθησαν,
824 214 871 240 καὶ

74 259 108 296 ἦν
127 260 218 287 αὐτῶν
235 260 270 286 τὰ
284 259 407 293 πανάγια
432 258 548 294 σώματα
576 259 679 294 ἄταφα,
703 259 809 293 Θηρίοις
823 259 871 284 καὶ

74 307 179 342 ὀρνέοις
194 307 235 338 εἰς
249 305 332 341 βορὰν
347 305 475 340 κείμενα,
497 304 639 340 οἰκονομίᾳ
665 305 732 331 Θεοῦ
750 304 779 331 τὺ
795 305 869 330 εὐαε-

73 353 119 384 6,ς
144 353 227 388 μέρος
253 351 301 378 τοῦ
321 351 376 378 τῶν
412 351 609 385 Ἀλεξανδρέων
626 351 691 377 λαοῦ
718 351 793 386 ζήλῳ
822 351 870 377 καὶ

73 397 148 432 πόθῳ
160 397 225 432 θείῳ
237 395 431 428 καθοπλισθὲν,
453 396 572 431 ἁρπάζει
593 396 628 422 τὰ
645 396 700 422 τῶν
717 396 803 430 ἁγίων
817 395 869 421 λεί-

71 443 146 477 ψανα
160 444 218 469 σῶα
235 443 283 469 καὶ
296 442 414 477 ἁϐλαὸἦ,
426 444 472 469 καὶ
484 442 571 468 ταῦτα
585 443 625 474 εἰς
641 443 685 468 τὸν
696 442 786 477 τίμιον
803 441 868 469 ναὸν

70 489 118 514 τοῦ
127 487 218 521 ’Δγίου
227 486 389 514 ’Δποστάλου
402 488 449 514 καὶ
458 487 660 522 Εὑαγγελιστοῦ
669 488 783 524 Μάρκου
800 488 868 523 μετὰ

71 534 173 568 πολλῆς
183 534 349 569 δορυφορίας
361 534 408 560 καὶ
419 534 502 568 τιμῆς
512 533 686 569 ἀποτίθησιν,
701 535 764 566 τοὺς
774 534 868 569 ἁγίους

72 581 164 614 Κῦρον
194 580 241 606 καὶ
276 580 405 614 Ἰωάννην
431 580 460 605 ὲν
492 581 541 615 μιᾷ
559 580 649 616 σορῷ·
666 580 715 612 τὰς
737 580 765 606 δὲ
787 580 868 614 ἁγίας

72 624 226 658 παρθένους
240 623 381 658 Θεοδότην,
399 623 576 659 Θεοκτίστην,
592 625 639 651 καὶ
653 624 790 657 Εὑδοξίαν,
810 624 867 657 ana

70 673 104 706 τῇ
134 671 238 698 τούτων
271 671 356 706 μητρὶ
388 671 547 706 Ἀθανασίᾳ.
572 672 601 697 ὲν
622 671 671 706 μιᾷ
685 671 785 706 ὁμοίως
800 671 868 698 tam.

71 714 157 750 ζούσῃ
178 714 266 750 σορῷ·
284 714 343 749 ᾔδει
357 715 412 750 γὰρ
448 715 556 750 ἀληθῶς
573 715 636 747 τοὺς
656 716 709 742 τῶν
725 715 867 749 εὐαγγελι-

71 760 128 786 κῶν
167 759 408 795 παραγγελμάτων
441 760 576 794 φύλακας,
607 761 654 787 καὶ
679 761 728 797 τῆς
750 761 865 797 Μάρκου

71 806 215 841 ἀθλήσεως
243 807 377 842 μιμητὰς.
406 807 558 842 συακήνους
587 808 682 834 τούτου
719 808 863 842 γενέσθαι,

923 213 1004 240 simul
1029 220 1090 240 cum
1109 212 1260 247 virginibus
1277 213 1360 240 vitam
1379 220 1454 240 suam
1471 213 1561 247 gladio
1581 212 1713 242 ﬁnierint.

924 258 1057 293 insepulta
1074 265 1169 286 eorum
1183 264 1373 286 remanserunt
1389 266 1514 293 corpom,
1525 259 1551 285 in
1562 266 1638 286 esum
1652 266 1714 292 pro-

922 305 995 340 jecta
1024 305 1090 333 feris
1114 310 1142 332 et
1165 305 1280 339 avibus;
1304 305 1349 332 Dei
1366 311 1456 332 autem
1482 303 1652 339 providentia
1670 304 1713 339 pia

921 355 949 376 et
976 350 1070 377 devota
1104 357 1168 384 pars
1193 349 1440 377 Alexandrinorum
1469 347 1527 375 zelo
1555 353 1582 375 et
1606 348 1713 374 ardenti

922 401 1024 422 armata
1044 395 1094 422 fuit
1108 396 1292 426 desiderio.ut
1307 399 1464 422 sanctorum
1477 394 1607 428 reliquias
1623 401 1713 420 asser-

919 446 1011 472 varct;
1028 441 1118 468 salvos
1132 441 1285 468 ctintactos
1302 448 1400 475 magno
1416 441 1521 467 honore
1538 443 1565 466 et
1584 437 1657 466 cultu
1668 438 1716 465 dc-

921 485 981 513 tulit
1010 486 1037 512 in
1065 485 1192 520 templum
1220 486 1308 513 sancti
1337 484 1452 520 apostoli
1483 488 1510 511 et
1541 482 1715 518 evangelista:

919 530 1020 565 in'arci;
1040 531 1140 568 Cyrum
1158 537 1283 558 sanctum
1300 536 1327 557 ct
1344 531 1476 558 Joannem
1497 530 1523 556 in
1537 537 1620 556 unum
1634 529 1717 563 depo-

919 581 1034 604 suerunt
1075 577 1212 609 loculum,
1251 577 1370 611 virgines
1411 581 1501 603 autem
1531 575 1715 603 castissimus.

919 622 1126 656 Theoctistam,
1170 622 1317 650 Deodatam
1362 627 1390 650 et
1437 622 1603 654 Eudoxiam,
1661 628 1714 646 una

919 677 980 697 cum
1009 674 1096 696 matre
1111 669 1259 696 Athanasio
1285 668 1452 703 coniunctim
1475 668 1501 694 in
1524 667 1605 694 alium
1642 666 1713 693 fere-

919 721 1001 742 trum.
1029 715 1099 743 Vere
1116 715 1244 742 decorum
1257 715 1307 742 fuit
1321 720 1480 742 sanctorum
1501 713 1711 746 Evangeliorum

918 767 1073 789 Servatorcs
1093 765 1121 789 et
1137 761 1220 788 Marci
1243 768 1338 796 pugnae
1363 761 1517 788 imitatores
1546 760 1596 787 sub
1613 759 1710 786 eodem

918 814 980 834 cum
993 807 1117 840 apostolo
1133 807 1252 841 tegmine
1268 806 1399 839 habitari,
1433 807 1524 840 itaque
1543 805 1569 832 in
1589 805 1669 832 terris
1685 809 1713 831 ct

72 853 200 888 καθάπερ
227 853 271 879 ὲπὶ
298 853 347 888 τῆς
368 853 419 887 γῆς
434 853 531 888 ἀμέλει
557 854 605 881 καὶ
626 855 655 881 ὲν
672 855 795 889 οὐρανοῖς
815 855 864 889 τῆς

927 854 949 880 in
977 853 1056 880 ccelis
1083 852 1116 879 ad
1133 853 1256 879 dextram
1278 853 1337 886 ejus
1353 856 1427 880 stare
1452 851 1647 886 diguabuutnr.
1683 849 1716 876 Et

72 903 105 928 ἐκ
131 901 230 933 δεξιῶν
260 901 309 928 σὺν
337 902 413 936 αὺτῷ
433 902 633 937 ἀξιωθήσονται
658 903 801 935 στάσεως·
823 903 871 930 καὶ

71 947 159 974 ταῦτα
178 947 228 981 μὲν
248 947 313 983 περὶ
327 947 376 982 τῆς
390 947 444 974 τῶν
458 949 544 982 ἁγίων
556 940 708 983 ἀθλήσεως.

111 993 275 1027 ’Δναγκαῑον
285 993 313 1020 δὲ
323 993 443 1029 ἡγοῦμαι
453 995 486 1021 δι’
504 994 595 1029 ὀλίγου
608 996 698 1022 εἰπεῖν
707 996 755 1022 καὶ
769 995 818 1032 τὴν
830 996 872 1022 αἰ-

70 1039 132 1066 τίαν
146 1039 386 1074 τῆςᾼεταθέσεως
397 1040 451 1066 τῶν
464 1040 550 1074 ἁγίων
569 1041 703 1076 λειψάνων
717 1041 809 1077 Κύρου
825 1042 872 1069 καὶ

78 1085 202 1112 Ἰωάννου
213 1085 266 1115 ἀπὸ
276 1087 322 1112 τοῦ
336 1087 481 1122 εὐκτηρίου
490 1087 565 1118 οἴκου
580 1088 626 1114 τοῦ
639 1087 728 1122 Ἀγίου
744 1088 873 1114 Ἀποστό-

71 1129 117 1156 λου
145 1131 192 1156 καὶ
219 1131 419 1165 Εὐαγγελιστοῦ
443 1132 558 1167 Μάρκου
588 1132 639 1168 [εἰς
662 1133 719 1169 τὸν]
743 1133 871 1160 ἐπέκεινα

72 1175 204 1202 Κανώϐου
220 1176 347 1208 ναον,τὲν
367 1177 464 1213 πρώην
479 1179 522 1205 ἐπ’
535 1178 648 1213 ὀνόματι
659 1179 712 1205 τῶν
729 1179 872 1213 εὐαγγελι-

71 1221 143 1247 στῶν
157 1221 309 1254 κτισθέντα,
321 1221 367 1248 νῦν
381 1221 409 1249 δὲ
424 1222 477 1250 τῶν
493 1223 590 1257 Ἀγίων
607 1224 760 1260 Μαρτύρων
772 1224 871 1258 ὀνομα-

70 1267 202 1302 ζόμενον.
234 1267 326 1300 καθὼς
356 1269 410 1295 ἀπὸ
427 1270 654 1306 συγγραμμάτων
668 1271 799 1306 Πατέρων
817 1279 871 1306 μα-

71 1312 132 1339 θεῖν
148 1313 340 1349 ⁴1⁵γδυνήθιημεν⁸
368 1316 396 1340 ὲν
425 1312 445 1349 ᾧ
464 1316 518 1351 γὰρ
537 1316 612 1351 τόπῳ
634 1316 757 1352 ὑπῆρχεν
768 1317 798 1343 τὸ
817 1317 871 1343 τῶν

71 1360 160 1393 ἁγίων
176 1360 269 1395 Κύρου
282 1361 329 1387 καὶ
337 1361 462 1388 Ἰωάννου
479 1362 636 1398 εὐκτήριον,
649 1363 717 1397 πρὸς
727 1363 787 1393 ταῖς
797 1362 871 1396 ψαμ-

72 1413 138 1439 μοις
157 1405 264 1439 δαίμων
284 1406 440 1441 ἀκάθαρτος
459 1407 621 1441 ἐπεφαίνετο
634 1408 663 1434 ἐν
677 1408 742 1434 εῖδει
759 1407 871 1442 θηλείας

72 1451 161 1477 ποιῶν
176 1451 327 1485 φαντασίας
341 1452 453 1485 πολλὰς,
463 1453 510 1479 καὶ
522 1453 654 1488 μαντείας
675 1453 760 1480 δοκῶν
780 1453 870 1488 λέγειν

73 1498 159 1534 μηδὲν
171 1498 281 1533 ἔχοντας
296 1498 407 1533 ἀληθὲς,
417 1500 463 1525 καὶ
475 1499 611 1533 ἐπιταγάς
623 1508 704 1527 τινων
715 1500 869 1535 φαρμάκων

926 899 984 926 lucc
997 899 1106 933 quidem
1120 899 1155 925 de
1169 903 1324 926 sanctorum
1339 898 1501 925 certamine.

957 989 1075 1018 Necesse
1089 995 1153 1025 puto
1164 990 1286 1025 qnzcdam
1305 989 1339 1016 de
1355 989 1534 1017 translatione
1556 993 1715 1016 sanctarum

926 1036 1101 1071 reliquiarum
1119 1036 1179 1071 Cyri
1191 1042 1218 1063 et
1231 1035 1345 1063 Joannis
1357 1036 1459 1068 dicere,
1471 1042 1531 1069 qua:
1546 1034 1580 1061 ab
1596 1033 1718 1061 oratorio

925 1083 1012 1110 sancti
1028 1083 1140 1117 apostoli
1156 1087 1182 1109 et
1198 1081 1371 1115 evangelista:
1381 1081 1477 1112 Marci.
1493 1081 1518 1107 in
1529 1080 1633 1108 Canobi
1647 1085 1717 1106 tcm-

926 1130 998 1165 plum
1021 1133 1167 1164 asportata:
1182 1128 1302 1155 fuerunt.
1344 1127 1484 1162 Templum
1503 1127 1552 1154 hoc
1571 1128 1648 1161 prius
1666 1127 1716 1154 sub

925 1175 1097 1203 invocatione
1123 1179 1279 1202 sanctorum
1307 1174 1535 1208 cvangelistarum
1553 1173 1715 1200 aedificatum

925 1221 1024 1254 fuerat,
1053 1229 1126 1248 nunc
1156 1225 1246 1248 autem
1264 1225 1420 1247 S'dﬂClOI'lllll
1439 1224 1589 1254 martyrum
1617 1226 1716 1246 nomen

925 1268 1020 1300 refert,
1036 1268 1073 1294 uti
1096 1275 1112 1295 e
1124 1267 1233 1302 scriptis
1248 1271 1404 1297 sanctorum
1415 1267 1525 1293 Patrum
1542 1266 1716 1294 ediscendum

924 1318 976 1342 est.
994 1313 1022 1340 ln
1036 1321 1068 1341 eo
1080 1313 1151 1346 loco,
1177 1321 1231 1348 quo
1249 1313 1328 1341 hodie
1344 1317 1407 1340 sunt
1423 1312 1545 1346 reliquiae
1559 1312 1644 1339 sancti
1654 1311 1716 1347 Cyri

924 1363 952 1385 et
971 1358 1057 1384 sancti
1072 1357 1197 1390 Joannis,
1225 1358 1258 1384 ad
1283 1365 1383 1384 arenas
1404 1357 1529 1392 apparuit
1545 1357 1649 1384 daemon
1666 1357 1718 1383 i|n~

925 1411 1010 1438 purus
1030 1403 1081 1430 sub
1091 1403 1183 1438 specie
1197 1403 1336 1434 mulieris;
1362 1402 1444 1429 multa
1461 1402 1576 1437 perfecit
1603 1402 1718 1436 phanta-

925 1454 1022 1483 smata,
1041 1450 1150 1477 oracula
1180 1450 1265 1477 edidit
1288 1456 1348 1484 qua:-
1368 1449 1435 1476 nihil
1450 1449 1505 1476 veri
1524 1456 1579 1484 prai
1603 1456 1632 1476 so
1646 1449 1716 1476 fere-

930 1497 1003 1529 bant,
1017 1498 1147 1531 quasdam
1163 1496 1329 1524 medelarum
1343 1489 1565 1531 praescriptiones
1578 1496 1716 1522 indicabat

70 1544 299 1580 τερατευόμενος,
311 1546 394 1580 μηδὲν
412 1546 584 1574 παντάπασιν
595 1545 718 1579 ὠφελῶν,
727 1546 794 1573 ἀλλὰ
810 1546 871 1573 τού-

927 1551 982 1578 qu:c
997 1543 1098 1570 nullam
1115 1543 1139 1569 in
1157 1551 1187 1570 se
1207 1543 1343 1570 habebant
1357 1542 1565 1574 ntilitatem;ad
1584 1541 1716 1576 perditio-

70 1600 135 1623 τους
146 1592 187 1623 εἰς
197 1591 335 1618 ἀπώλειαν
344 1591 536 1627 ἐφελκόμενος·
547 1592 639 1619 πολλοὶ
648 1590 695 1619 οὖν
705 1591 827 1620 ἑάλωσαν
838 1594 870 1629 τῇ

70 1637 122 1664 τοῦ
134 1638 254 1673 πονηροῦ
276 1639 433 1674 πνεύματος
448 1639 630 1675 κεκρυμμένῃ
648 1639 752 1673 παγίδι,
773 1640 872 1668 οἵτινες

73 1683 185 1712 θυσίαις
202 1685 251 1710 καὶ
268 1684 393 1716 κνίσσαις
404 1682 448 1716 αἷς
459 1685 568 1711 ἐδόκουν
583 1685 666 1720 τιμᾷν
679 1685 709 1711 τὸ
721 1685 870 1720 δαιμόνιον,

72 1730 103 1756 ὲν
117 1730 157 1765 τῷ
170 1730 255 1765 βωμῷ
269 1731 297 1756 ὲν
307 1727 329 1764 ᾧ
343 1729 413 1765 ἦσαν
432 1731 480 1757 νῦν
497 1732 544 1757 ἐπὶ
560 1731 598 1766 τῷ
609 1731 722 1766 ὀνόματι
737 1731 872 1758 αὖτοῦάν-

72 1775 244 1811 εγείραντες’
255 1777 432 1812 ὲπωνόμαζον
439 1777 467 1803 δὲ
476 1777 542 1804 αὐτὸ
553 1778 576 1804 of
583 1777 725 1811 Αἰγύπτιοι
734 1772 870 1812 Μενουθῆ.

117 1822 180 1848 Ἐπὶ
198 1822 252 1848 τῶν
268 1822 372 1857 χρόνων
386 1823 476 1849 τοίνυν
486 1822 534 1849 τοῦ
548 1822 721 1858 φιλοχρίστου
737 1822 872 1857 βασιλέως

74 1867 122 1893 τοῦ
138 1867 246 1902 Μικροῦ
263 1868 416 1899 Θεοδοσίου,
432 1868 565 1903 Κύριλλος
577 1869 590 1894 ὸ
599 1870 627 1894 ὲν
635 1867 722 1903 ἁγίοις
736 1868 785 1903 τὴν
794 1868 872 1902 Μάρ-

76 1922 128 1940 κου
145 1913 282 1949 καθέδραν
294 1913 403 1949 ἀληθῶς
415 1914 579 1946 διέπων,καὶ
591 1914 636 1941 τὸν
652 1915 703 1950 τῆς
719 1914 872 1950 ὀρθοδοξίας

74 1959 247 1993 θερμότατον
262 1959 343 1994 ζῆλον
355 1959 557 1995 διαδεξαμενος,
570 1960 677 1988 ἁκούων
693 1960 727 1988 τὰ
741 1961 872 1995 γινόμενα

74 2004 124 2030 τοῦ
139 2005 260 2042 πονηροῦ
275 2005 401 2040 δαίμονος
414 2007 597 2041 φαντάσματα
613 2008 641 2033 ὲν
652 2006 777 2042 Μενουθῇ
790 2006 872 2041 (οὕτω

74 2052 132 2085 γάρ
149 2050 195 2076 τὸν
209 2051 292 2077 τόπον
304 2050 398 2077 λοιπὸν
412 2052 442 2077 ὲκ
455 2051 502 2078 τοῦ
519 2052 730 2085 ἐπιφαινομένου
745 2052 872 2086 δαίμονος

74 2095 278 2130 ὲπωνόμαζον),
292 2095 462 2131 λυπούμενος
477 2097 505 2124 δὲ
522 2098 569 2124 καί
581 2097 723 2133 ἀδημονῶν
744 2098 871 2134 περὶτῶν

75 2141 276 2177 ἀπολλυμένων
302 2142 316 2168 ὁ
340 2143 414 2175 ὅσιος
441 2143 485 2170 διὰ
510 2143 560 2175 τῆς
585 2144 693 2178 ἀπάτης
709 2144 813 2179 ψυχῶν,
833 2145 872 2175 εἰς

925 1597 986 1616 nem
1003 1589 1095 1617 omnia
1111 1589 1266 1624 excogitata
1291 1589 1398 1616 fuerant
1410 1595 1437 1616 et
1455 1589 1531 1615 multi
1551 1589 1716 1616 absconditis

925 1635 1033 1670 maligni
1052 1635 1165 1670 spiritus
1183 1636 1287 1670 laqueis
1299 1635 1371 1670 capti
1387 1638 1460 1667 sunt,
1476 1635 1520 1670 qui
1531 1634 1674 1662 sacrificiis
1688 1639 1716 1661 et

924 1681 1088 1716 pinguedine
1102 1683 1251 1709 dmmouem
1270 1682 1360 1710 colere
1375 1682 1546 1713 videbantur,
1579 1681 1604 1708 in
1627 1688 1714 1714 aram,

924 1731 1032 1757 nomine
1050 1730 1107 1764 ejus
1128 1735 1295 1758 exstructam
1313 1730 1497 1764 deposuerunt
1517 1729 1606 1762 dona;
1632 1736 1714 1763 quam

923 1776 1047 1812 Egyptii
1061 1776 1236 1804 Menontham
1253 1776 1435 1811 appellabant.

957 1822 1090 1856 Tempore
1100 1823 1248 1850 Christiani
1261 1822 1582 1858 impcratoris’l'hcodosii
1593 1823 1715 1856 Minoris,

923 1876 983 1895 cum
999 1868 1122 1895 veritatis
1136 1868 1294 1896 cathedram
1320 1869 1408 1897 sancti
1425 1869 1510 1897 Marci
1538 1870 1651 1897 haberet
1664 1871 1717 1906 Cy-

925 1913 1010 1945 rillns,
1029 1913 1180 1941 indefessus
1192 1915 1350 1942 orthodoxae
1365 1915 1425 1942 ﬁdei
1441 1920 1469 1942 et
1483 1919 1610 1943 strenuus
1624 1915 1718 1943 defen-

923 1966 979 1991 sor,
1007 1963 1034 1986 et
1059 1959 1167 1987 audiret
1191 1967 1252 1995 quae
1281 1961 1315 1988 ab
1341 1962 1473 1989 immundi
1497 1961 1609 1997 spiritus
1634 1962 1718 1996 phan-

924 2003 1085 2031 tasmatibus
1100 2004 1197 2032 fierent
1212 2005 1238 2032 in
1254 2005 1411 2039 Menoutha,
1438 2014 1491 2041 quo
1512 2007 1623 2036 neruine
1636 2015 1716 2035 voca-

925 2049 991 2077 bant
1002 2050 1091 2078 iocum
1107 2053 1228 2080 dmtnone
1243 2053 1414 2087 infcstatum,
1436 2054 1522 2081 doluit
1542 2055 1718 2082 vehementer

922 2102 950 2124 et
965 2097 1095 2132 ingemuit
1116 2103 1227 2126 sanctus
1247 2099 1362 2129 antistes
1386 2099 1419 2127 de
1443 2103 1483 2127 tot
1499 2100 1636 2134 tantisque
1660 2101 1718 2127 ani-

926 2143 1023 2171 niabus
1037 2152 1131 2172 errore
1141 2145 1291 2180 deperditis
1303 2155 1311 2180 ;
1325 2153 1474 2174 conversus
1487 2146 1595 2180 estipse
1606 2147 1638 2173 ad
1656 2153 1719 2174 ora-

76 2187 156 2218 λιτὲς
170 2189 218 2214 καὶ
232 2187 338 2219 ἱκεσίας
359 2189 477 2224 ἐτράπη.
496 2190 664 2225 παρακαλῶν
680 2191 726 2216 τὲν
741 2191 807 2217 Θεὸν
819 2200 868 2225 φα-

927 2189 1013 2217 tiones
1029 2194 1057 2217 et
1071 2191 1286 2226 deprecationcs,
1313 2192 1453 2227 Deumque
1467 2192 1604 2219 invocavit
1622 2197 1651 2219 ut
1665 2192 1717 2219 sibi

79 2233 196 2268 θερῶααι
209 2234 322 2268 τρόπον,
345 2235 379 2261 δι’
397 2233 426 2262 οὗ
449 2236 478 2262 τὸ
495 2236 559 2267 ἴδιον
581 2236 692 2271 πλάσμα
703 2238 734 2263 ἐκ
745 2237 792 2263 τοῦ
810 2237 870 2264 ὀλε-

75 2279 154 2314 θρίου
184 2279 313 2315 δαίμονος
347 2281 596 2318 ἐλευθερωθήσεται
628 2284 675 2310 καὶ
705 2283 759 2309 τῶν
788 2283 870 2310 αὑτοῦ

76 2325 237 2358 φαντασιῶν
253 2334 260 2341 ν
283 2326 330 2352 ἐπὶ
343 2326 410 2353 πολὺ
438 2327 466 2353 δὲ
477 2327 562 2354 αὑτοῦ
596 2329 721 2363 δεομένου
744 2329 791 2356 καὶ
804 2329 872 2364 μετᾶ

74 2370 204 2405 δακρύων
220 2371 450 2406 προσπίπτοντος,
477 2374 648 2407 ἐπιφαίνεται
667 2374 742 2408 αὐτῷ
764 2375 872 2410 νύκτωρ

74 2416 191 2449 ἄγγελος
204 2417 307 2452 Κυρίου
338 2418 442 2452 λέγων·
467 2419 584 2454 Ἐπειδὴ,
602 2422 695 2454 φησὶν,
720 2420 757 2452 ὡς
771 2421 872 2455 ποιμὴν

74 2463 130 2489 τῶν
154 2462 274 2497 λογικῶν
301 2465 446 2499 προὸἀτων
472 2466 577 2492 ἱκεσίαν
594 2466 757 2502 ,προσάγεις
773 2487 780 2498 ,
810 2467 872 2493 τάδε

74 2516 116 2534 σοι
148 2507 256 2535 κελεύει
293 2508 326 2535 δι’
355 2509 422 2543 ἐμοῦ
454 2511 468 2536 ὁ
498 2510 573 2544 ὑμῶν
595 2519 624 2537 τε
644 2512 691 2537 καὶ
715 2511 794 2546 ἡμῶν
821 2514 873 2545 Δη-

77 2555 210 2589 μιουργδς
233 2555 281 2580 καὶ
309 2555 374 2586 Θεός
386 2563 394 2572 ο
420 2556 563 2592 πορευθεὶς
591 2558 631 2589 εἰς
647 2558 677 2583 τὸ
692 2558 808 2592 Μάρκου
825 2557 872 2584 τοῦ

73 2600 280 2635 Εὑαγγελιστοῦ
298 2603 487 2638 κοιμητήριον,
516 2604 643 2639 εὑρήσεις
658 2604 736 2639 σορὸν
751 2605 780 2630 ἐν
839 2604 872 2630 τὰ

74 2646 192 2681 λείψανα
203 2647 259 2673 τῶν
271 2647 346 2682 ἐμῶν
362 2648 508 2684 μαρτύρων
522 2649 613 2685 Κύρου
629 2651 675 2676 καὶ
694 2651 818 2678 Ἰωάννου
827 2659 872 2678 τι·

74 2691 266 2727 θησαύρισται·
277 2693 363 2720 ταῦτα
372 2694 461 2720 τοίνυν
473 2696 643 2730 ἀνελόμενος,
652 2697 693 2728 είς
700 2697 746 2723 τὸν
763 2697 806 2724 ἐπ’
819 2697 874 2723 ὀνό-

77 2745 141 2770 ματι
159 2738 215 2763 τῶν
240 2737 444 2772 εὐαγγελιστίἱω
475 2740 619 2767 κτισθέντα
640 2739 728 2773 οἶκον,
745 2743 874 2769 ἐπέκεινα

75 2781 122 2808 τοῦ
142 2782 277 2810 Κανὼὃου
300 2785 485 2820 μετακόμισον
499 2794 507 2801 '
532 2786 627 2813 τούτου
640 2787 694 2822 γὰρ
714 2788 872 2823 γενομένου,

81 2831 96 2863 ὖ,
109 2831 136 2855 ἐν
152 2830 192 2866 τῷ
207 2830 284 2866 τόπῳ
297 2833 428 2868 γινομένη
461 2834 596 2868 φαντασία
620 2835 871 2870 καταργηθήσεται.

924 2235 1146 2264 manifestaretnr
1175 2238 1270 2265 modus
1300 2245 1355 2272 quo
1382 2240 1543 2266 commissas
1578 2243 1718 2266 creaturas

923 2288 938 2308 ο
977 2281 1129 2316 pernicioso
1178 2283 1306 2311 liberaret
1354 2284 1433 2312 hoste
1475 2285 1589 2320 ejusque
1629 2284 1716 2320 phan-

925 2326 1011 2353 tasiis.
1043 2326 1188 2362 Postquam
1206 2329 1251 2356 diu
1281 2333 1310 2357 et
1335 2338 1396 2356 cum
1414 2330 1544 2366 lacrymis
1562 2335 1715 2366 prostratus

924 2378 1031 2400 orasset
1049 2373 1203 2409 episcopus,
1222 2380 1301 2403 noctu
1327 2375 1364 2404 illi
1388 2377 1513 2411 apparuit
1535 2377 1649 2411 angelus
1665 2378 1717 2404 Do-

924 2417 990 2445 mini
1005 2418 1098 2446 dicens
1115 2429 1121 2446 :
1135 2420 1201 2447 Cum
1229 2426 1258 2447 ut
1278 2421 1364 2449 bonus
1387 2427 1481 2458 pastor
1497 2430 1545 2457 pro
1561 2423 1716 2451 rationabili

924 2471 1006 2499 grege
1030 2464 1120 2492 defers
1147 2466 1381 2500 supplicationem,
1416 2470 1473 2496 haec
1500 2469 1548 2496 tibi
1576 2474 1668 2497 vester
1689 2475 1717 2496 et

924 2515 1018 2537 noster
1032 2511 1159 2539 conditor
1171 2511 1241 2540 Deus
1254 2513 1361 2540 nuntiat
1373 2522 1380 2540 :
1397 2513 1471 2541 Vade
1485 2515 1511 2541 in
1526 2516 1715 2543 cmmeterium

928 2554 1022 2588 Marci,
1052 2555 1151 2583 ibidem
1170 2558 1290 2592 reperies
1317 2557 1435 2585 loculum
1447 2559 1492 2586 ubi
1508 2565 1656 2586 servantur
1671 2567 1716 2588 re-

929 2601 1018 2635 liquiae
1032 2608 1188 2630 sanctorum
1214 2609 1363 2639 martyrum
1383 2612 1505 2632 meorum
1519 2605 1580 2641 Cyri
1593 2611 1620 2633 et
1632 2605 1715 2633 Joan-

925 2647 985 2680 nis;
1012 2649 1060 2675 has
1088 2649 1151 2677 tolle
1165 2654 1192 2676 et
1207 2650 1234 2677 in
1249 2651 1334 2678 :edem
1352 2651 1401 2678 sub
1428 2651 1537 2679 nomine
1558 2655 1714 2679 sanctorum

926 2694 1161 2729 Evangelistarum
1176 2701 1307 2729 erectam,
1320 2696 1352 2724 ad
1361 2697 1500 2724 Canobum
1515 2697 1641 2731 deferas;
1660 2705 1713 2732 quo

927 2741 999 2768 l'aclo
1020 2748 1163 2770 eraucscet
1185 2751 1245 2778 qua:
1268 2744 1294 2771 in
1313 2743 1371 2772 loco
1391 2744 1443 2772 isto
1465 2749 1504 2772 est
1520 2743 1674 2779 phantasia.
