1908 3078
181 119 255 154 πθῆ

613 119 642 149 S.
662 115 872 149 SOPHRONII
893 116 1150 148 PATRIARCILE
1163 115 1368 149 IIIEROSOL.

1756 114 1829 150 3696

223 175 329 204 Gaudio
355 173 481 209 perfusus
508 177 619 201 sanctus
633 172 862 208 Cyrillusgratias
885 171 977 199 retulit
995 175 1016 202 Α

1078 172 1224 208 Ιεριχαρὴς
1255 173 1284 200 δὲ
1309 173 1459 207 γενάμενος
1484 173 1498 199 ὁ
1525 170 1558 199 ἐν
1573 171 1661 207 ἁγίοις
1680 171 1827 208 Κύριλλος,

191 221 246 248 Deo
259 220 304 255 qui
317 227 427 254 semper
441 219 474 246 de
495 219 552 246 suis
571 223 648 246 curat
663 218 798 245 creaturis
821 221 848 245 et
865 217 981 244 salutem

188 266 292 298 tribuit,
306 265 427 300 nihilque
439 264 612 299 praetermisit
626 267 656 290 ut
666 263 756 290 divina
772 263 911 294 mandata,
934 269 983 297 per

187 312 311 347 angelum
342 311 529 342 manifestata,
556 315 762 343 exsequeretur.
800 308 983 343 Congregavit

188 356 262 391 pium
274 356 378 383 clerum
389 355 572 389 populumque
591 355 708 386 ﬁdelem,
721 353 820 388 quibus
830 361 890 388 quae
903 353 953 380 sibi
967 360 983 380 a

187 403 243 430 Deo
251 401 368 429 revelata
379 401 498 432 fuerant,
507 400 701 433 maniiestavit;
711 400 880 434 supplicante
888 403 980 426 autem

188 447 246 473 fere
270 451 326 473 tota
352 445 474 477 civitate,
501 446 635 480 processit
655 446 688 472 ad
712 446 863 472 oratorium
891 445 980 473 sancti

192 491 306 526 apostoli
316 495 343 518 et
351 491 525 526 evangelista:
534 491 668 525 horaeque
674 491 853 526 permultasin
862 491 985 519 oratione

187 542 240 562 una
259 542 320 562 cum
342 535 442 568 populo
469 534 541 561 ﬁdeli
570 535 706 566 traduxit;
740 536 873 563 accedens
890 540 981 563 autem

187 580 294 614 aperuit
315 581 463 614 pretiosam
478 579 581 608 Christi
599 579 762 607 athletarum
779 587 902 614 capsam,
928 579 983 607 sal-

187 632 289 660 vasque
305 625 409 652 invenit
421 630 577 652 sanctorum
595 625 654 661 Cyri
675 630 702 653 et
714 625 827 654 Joannis
840 625 981 661 reliquias,

189 670 363 706 Spiritusque
375 671 463 698 sancti
474 671 560 706 gratia
574 671 750 698 collucentes.
776 671 887 699 Timore
902 671 984 699 simul

188 719 356 754 etspirituali
371 725 466 747 amore
482 719 543 746 illos
559 719 687 753 suscepit.
710 719 866 754 purissimis
893 720 986 747 sindo-

188 765 231 792 nis
245 773 306 792 cum
319 764 437 800 ntyrrhis
451 770 478 792 et
494 765 665 791 aromatiltus
683 764 808 797 involvit,
835 764 861 792 in
874 772 985 792 currum

1033 218 1221 254 ηὐχαρίστησε
1231 219 1270 255 τῷ
1281 219 1340 254 Θεῷ
1351 218 1389 254 τῷ
1400 219 1514 246 πάντοτε
1529 218 1689 255 προνοοῦντι
1697 218 1744 245 τοῦ
1761 219 1829 245 ἰδίου

1034 264 1196 299 πλάσματος
1208 265 1257 300 τὴν
1271 265 1409 300 σωτηρίαν
1421 273 1429 280 ο
1448 266 1496 292 καὶ
1528 265 1612 300 μηδὲν
1632 264 1784 300 ἀμελήσας,
1798 264 1832 290 τὸ

1034 311 1180 338 κελευσθὲν
1196 311 1241 338 διὰ
1257 311 1303 338 τοῦ
1320 312 1393 338 θείου
1409 311 1535 347 χρησμοῦ
1551 311 1651 347 πέρατι
1664 311 1810 346 παρεδίδου
1822 319 1830 326 ·

1035 355 1199 390 συναγαγὼν
1216 356 1271 390 γὰρ
1284 355 1330 381 τὸν
1343 355 1464 391 ,θεοφιλῆ
1492 356 1594 391 κλῆρον
1613 356 1662 382 σὺν
1681 355 1721 390 τῷ
1736 363 1832 381 πιστο-

1035 401 1110 437 τάτῳ
1134 401 1201 436 λαῷ,
1227 402 1432 438 ἐξηγησάμενος
1448 402 1481 429 τὰ
1499 401 1546 428 τοῦ
1568 401 1620 428 ὑπὸ
1635 401 1681 428 τοῦ
1696 400 1765 427 Θεοῦ
1783 409 1833 435 φα-

1036 447 1190 483 νερωθέντα
1205 448 1291 484 αὐτῷ,
1307 449 1376 484 μετά
1398 448 1476 483 λιτῆς
1493 448 1541 474 σὺν
1557 447 1606 484 ὂλῃ
1625 447 1718 482 σχεδὸν
1734 448 1766 482 τῇ
1780 448 1832 474 πό-

1035 493 1087 526 λει,
1095 495 1134 525 εἰς
1147 494 1193 520 τὸν
1205 494 1350 529 εὺκτὴριον
1362 491 1436 521 οἷκον
1448 493 1495 521 τοῦ
1505 494 1596 528 ’Δγίου
1613 493 1775 521 Ἀποστόλου
1784 494 1834 520 καὶ

1037 539 1239 573 Εὑαγγελιστοῦ
1250 540 1365 574 Μάρκου
1376 539 1601 575 παραγενάμενος
1614 540 1659 566 ἐπὶ
1672 539 1769 571 ίκανᾱς
1782 539 1833 570 τὰς

1036 586 1111 623 ὧρας
1127 588 1176 615 σὺν
1198 588 1251 623 ὅλῳ
1275 587 1315 623 τῷ
1332 587 1389 623 λαῷ
1405 588 1444 623 τῷ
1461 587 1520 623 Θεῴ
1537 587 1655 621 δεηθεὶς,
1675 586 1835 622 προσελθὼν

1037 633 1156 668 ἀνέῳξεν
1169 634 1220 668 τὴν
1239 633 1333 669 τιμίαν
1345 633 1469 669 λάρνακα
1485 633 1539 660 τῶν
1551 634 1599 660 τοῦ
1613 633 1731 668 Χριστοῦ
1745 633 1832 668 ἀθλη-

1037 680 1102 712 τῶν,
1115 680 1164 706 καὶ
1177 677 1258 715 εὗρεν
1279 681 1313 707 τὰ
1338 681 1392 707 τῶν
1413 681 1500 714 ἁγίων
1523 680 1616 715 Κύρου
1642 680 1689 706 καὶ
1707 680 1835 706 Ἰωάννου

1037 724 1151 759 λείψανα
1167 725 1235 757 σῶα,
1257 726 1290 760 τῇ
1312 725 1359 752 τοῦ
1379 726 1457 759 ἁγίου
1480 726 1638 760 Πνεύματος
1656 725 1747 760 χάριτι
1760 724 1836 759 λάμ-

1039 779 1126 797 ποντα
1137 779 1143 785 ·
1157 770 1244 798 ταῦτα
1259 771 1349 798 τοίνυν
1377 773 1446 806 μετὰ
1460 771 1543 806 φόὸου
1569 772 1627 806 ἃμα
1640 780 1669 797 τε
1690 772 1735 797 καὶ
1747 771 1835 797 πόθου

189 810 314 838 ascendit
344 816 371 838 et
388 811 439 845 sic,
471 811 544 838 clero
567 811 721 846 populoque
739 811 936 838 comitantibus
960 815 988 838 et
1003 847 1022 852 _
1041 825 1053 841 τ

1078 817 1226 850 ευματικοῦ
1241 817 1412 852 ἀνελόμενος,
1437 817 1486 844 καί¹
1511 813 1693 852 ἐν’καθαραίς
1711 817 1832 843 σινδόσιν

191 857 414 892 deprecantibus,
435 864 450 884 a
471 857 571 891 templo
589 857 764 890 evangelista:
779 855 864 883 Marci
890 856 985 889 exivit,
1003 847 1024 874 Β
1042 871 1053 888 ε

1078 847 1154 897 λήσας
1167 863 1235 897 μετὰ
1248 847 1341 898 μύρων
1355 847 1586 899 καλγάρωμάτων,
1614 847 1777 894 ἐπιΰιϐάσας
1794 863 1839 894 εις

190 908 218 930 et
233 903 312 931 rediit
334 904 367 930 ad
390 904 475 931 aedem
488 902 726 938 Evangelistarum
748 903 818 937 apud
832 902 983 930 Canobum.

190 949 313 985 EXpIetis
334 950 434 977 ibidem
460 949 560 977 divinis
585 949 732 984 mysteriis,
762 949 891 983 reliquias
913 957 986 976 mar-

191 994 406 1031 lyrum‘Christi,
425 1002 493 1021 auro
506 997 534 1021 et
550 994 665 1028 genuinis
683 993 768 1021 multo
784 993 871 1028 magis
884 993 985 1028 pretio-

191 1048 249 1073 sas,
267 1042 293 1069 iu
309 1046 494 1076 comparatam
510 1041 615 1068 thecam
627 1040 762 1075 deposuit.

1041 906 1089 941 δχη
1095 915 1144 941 μα,
1160 907 1208 934 καὶ
1236 907 1324 939 οὕτως
1349 906 1450 942 σὺν’τῷ
1470 907 1563 942 κλήρῳ
1579 908 1625 934 καὶ
1644 907 1682 942 τῷ
1696 907 1753 941 λαῴ
1766 907 1840 941 μετὰ

1040 953 1115 987 Αιτῆς
1131 952 1184 979 άπὸ
1198 953 1244 979 τοῦ
1261 953 1415 989 Εὑκτηρίου
1438 953 1485 979 τοῦ
1502 952 1702 987 Εὑαγγελιστοῦ
1719 953 1839 987 Μάρκου

1038 996 1160 1030 ἐξῆλθον,
1176 999 1306 1025 ἐπέκεινα
1324 998 1371 1025 τοῦ
1386 999 1516 1026 Κανώϐου
1542 999 1587 1025 τὸν
1601 999 1664 1025 ναδν
1676 998 1729 1024 τῶν
1747 998 1841 1031 Εὐαγ-

1039 1042 1170 1077 γελιστῶν
1180 1044 1331 1071 κατέλαϐον
1344 1052 1350 1060 ·
1367 1045 1413 1072 καὶ
1431 1043 1591 1076 ἐπιτελέσας
1613 1045 1671 1071 ἐκεῖ
1686 1043 1734 1079 τὴν
1759 1043 1840 1070 θείαν

192 1087 398 1122 μυσταγωγίαν,
413 1087 484 1114 οὔτω
499 1086 533 1113 τὰ
547 1086 699 1122 τιμιώτερα
713 1087 827 1122 χρυσίου
856 1086 905 1115 καὶ
919 1087 1001 1115 λίθων
1021 1089 1175 1118 πολυτελῶν
1199 1091 1255 1118 τῶν
1271 1091 1419 1127 μαρτύρων
1444 1092 1563 1127 Χριστοῦ
1582 1091 1630 1118 τοῦ
1665 1090 1731 1117 Θεοῦ
1760 1090 1841 1126 ἡμῶν

192 1133 306 1168 λείψανα
317 1135 346 1160 ἐν
359 1135 393 1169 τῇ
407 1134 600 1170 ἡτοιμασμένη
614 1133 686 1169 σορῷ
703 1133 844 1161 κατέθετο.

227 1181 277 1208 Vix
303 1188 335 1207 eo
365 1180 424 1207 loco
453 1181 601 1208 astiterunt
619 1181 745 1213 generosi
767 1180 870 1207 Christi
888 1180 989 1209 milites

192 1227 279 1263 Cyrus
298 1231 324 1254 et
344 1225 483 1260 Joannes;
510 1231 539 1252 nt
559 1226 659 1253 ibidem
688 1225 854 1253 inszevientis
878 1226 990 1260 maligni

194 1274 307 1308 spiritus
324 1278 423 1308 tropma
441 1277 565 1300 evertere
588 1278 740 1307 coeperunt.
761 1272 788 1299 In
812 1272 990 1300 translatione

194 1323 352 1346 sanctarum
386 1318 561 1352 reliquiarum
587 1325 601 1342 a
626 1317 794 1345 demonibus
819 1323 847 1344 et
870 1317 933 1344 aliis
949 1317 990 1344 in-

196 1365 369 1392 ﬁrmitatibus
400 1364 489 1391 aﬂ‘ecti
504 1363 611 1390 liberati
628 1368 693 1391 sunt
711 1363 784 1390 multi
798 1371 806 1397 ;
825 1367 867 1390 ast
883 1363 991 1398 ipsimet

185 1411 311 1442 maleﬁci
329 1411 459 1438 daemonis
475 1410 595 1437 ministri
619 1410 653 1437 ab
673 1417 767 1437 errore
783 1411 883 1437 mentis
900 1409 991 1436 sanati

199 1457 320 1489 (uerunt,
343 1457 379 1483 ita
412 1461 442 1483 ul
462 1461 554 1483 Statim
584 1457 617 1483 ad
634 1461 756 1483 sanctum
773 1455 929 1490 episcopum
944 1454 994 1489 Cy-

199 1503 289 1530 rillutn
305 1503 423 1538 aggressi
451 1508 480 1529 et
502 1503 613 1530 lavacro
635 1503 728 1537 gratia:
755 1502 781 1528 in
798 1507 894 1528 sancto
905 1500 995 1536 bapti-

200 1554 289 1576 smate
300 1550 463 1576 sanctilicati
476 1550 585 1578 fuerint.
606 1548 747 1583 Templum
766 1547 807 1574 vel
823 1546 915 1582 potius
928 1553 992 1573 sen-

1078 1181 1163 1208 Οὖπω
1189 1181 1218 1208 δὲ
1237 1181 1331 1217 σχεδὸν
1349 1181 1388 1217 τῷ
1412 1181 1488 1217 τόπῳ
1503 1181 1658 1216 ἐπέστησαν
1672 1181 1696 1207 οἱ
1720 1181 1842 1215 γενναῖοι

1041 1227 1088 1255 τοῦ
1104 1228 1224 1263 Χριστοῦ
1235 1228 1401 1263 στρατιῶται
1411 1228 1503 1263 Κῦρος
1514 1228 1703 1262 καὶΊωάννης,
1713 1227 1760 1253 καὶ
1771 1228 1844 1254 κατὰ

1041 1273 1088 1300 τοῦ
1113 1275 1202 1300 ἐκεῖσε
1219 1273 1425 1309 ἐμφωλεύοντος
1448 1274 1632 1308 πονηροτάτου
1648 1273 1776 1308 δαίμονος
1792 1273 1843 1299 ἁν-

1042 1319 1160 1354 εγείρειν
1178 1318 1295 1354 ήρξαντο
1310 1320 1448 1354 τρόπαιαθ
1472 1319 1585 1351 πολλοὺς
1607 1319 1662 1353 γὰρ
1680 1318 1846 1354 δαιμονιῶν-

1041 1374 1090 1396 τας
1113 1366 1160 1392 καὶ
1183 1366 1335 1397 ἀσθενείαις
1349 1366 1444 1398 ἄλλαις
1461 1366 1683 1401 κεκρατημένους
1697 1366 1725 1392 ἐν
1738 1366 1778 1400 τῷ
1794 1365 1846 1400 τὴν

1042 1410 1188 1438 κατάθεσιν
1204 1411 1259 1438 τῶν
1281 1411 1366 1446 ἁγίων
1390 1411 1524 1446 λειψάνων
1541 1410 1664 1444 γίνεσθαι
1689 1410 1845 1445 ἐθεράπευ-

1044 1465 1108 1483 σαν·
1126 1457 1173 1484 καί.
1189 1458 1289 1489 αὐτοὺς
1303 1457 1332 1484 δὲ
1347 1457 1409 1489 τοὺς
1431 1458 1515 1492 ἱερεῖς
1535 1456 1582 1482 τοῦ
1598 1456 1720 1491 ὀλεθρίου
1746 1456 1846 1491 δαίμο-

1043 1511 1099 1536 νος,
1115 1503 1166 1534 τῆς
1191 1503 1311 1538 ψυχικῆς
1336 1503 1441 1538 πλάνης
1465 1503 1595 1530 ἰάσαντο·
1618 1502 1689 1528 ὥστε
1713 1502 1848 1537 παραυτά

1045 1548 1204 1583 προσελθεῖν
1220 1549 1319 1580 αὐτοὺς
1333 1548 1372 1584 τῷ
1394 1548 1465 1583 ἁγίῳ
1483 1547 1690 1582 άρχιεπισκόπῳ
1703 1547 1846 1582 Κυρίλλῳ,

199 1597 254 1624 tina
280 1596 378 1632 impuri
400 1597 520 1631 spiritus,
542 1604 602 1623 cum
622 1595 739 1630 imagine
753 1598 781 1621 et
803 1600 849 1620 ara
864 1593 992 1626 dissipata
1008 1590 1053 1621 Ci

1078 1593 1095 1620 :‘t
1113 1593 1152 1629 τῷ
1162 1593 1274 1629 λουτρῷ
1298 1593 1347 1628 τῆς
1371 1592 1540 1628 χάριτοςιτοῦ
1555 1592 1635 1626 ἁγίου
1656 1591 1849 1626 βαπτίσματος

201 1647 276 1670 sunt.
302 1642 367 1676 Qua:
382 1643 486 1677 adjecta
498 1647 559 1669 erat
571 1649 654 1668 arena
672 1640 756 1666 maris
770 1647 824 1666 non
841 1638 895 1665 alio
913 1637 993 1664 modo

199 1698 280 1726 quam
290 1691 374 1718 maris
389 1690 516 1718 fluctibus
533 1698 548 1716 a
564 1690 667 1717 sanctis
680 1687 849 1723 martyribus
863 1685 992 1714 excitatis

199 1742 226 1764 et
251 1737 482 1769 incumbentibus,
500 1741 585 1763 totum
605 1739 764 1763 everterunt
780 1737 808 1761 et
824 1734 857 1761 ad
878 1732 992 1760 nihilum

201 1782 376 1817 redegerunt,
406 1782 442 1808 ila
471 1785 499 1808 ut
523 1778 666 1808 ltodicdum
693 1780 768 1806 locus
788 1778 904 1806 inveniri
941 1785 993 1804 non

200 1827 296 1862 possit.
322 1827 415 1854 Tacita
439 1826 555 1853 eﬂluruit
577 1833 625 1859 per
647 1824 819 1860 praesentiam
840 1827 991 1858 martyrum

199 1874 287 1907 gratia
311 1874 337 1901 in
363 1874 409 1901 illo
423 1873 593 1908 deceptionis
606 1871 676 1904 loco,
688 1876 714 1898 et
729 1878 762 1898 ex
775 1869 900 1897 ontnibus
917 1875 996 1896 terra:

197 1921 300 1948 ﬁnibus
316 1921 348 1948 ad
362 1919 490 1955 templum
500 1919 562 1954 Cyri
583 1923 609 1946 et
622 1917 734 1945 Joannis
747 1915 876 1943 festinant
889 1914 994 1949 wgroti,

198 1973 227 1994 et
241 1967 286 2002 qui
311 1966 363 1994 ﬁde
377 1966 532 1998 convolant,
555 1966 713 1999 languorutn
737 1963 910 1991 sublevamen
928 1961 996 1988 reci-

201 2014 278 2048 piunt
289 2013 405 2046 ;t.licitur
413 2013 484 2039 enim
499 2021 505 2038 :
524 2010 675 2045 (Quidquid
689 2010 715 2037 in
729 2007 996 2044 precibuspetieritis

198 2061 355 2092 credentes,
377 2057 552 2093 recipietis“;
584 2057 641 2084 hac
664 2057 700 2084 ad
720 2055 858 2090 apostolos
888 2053 992 2080 directa

201 2111 263 2133 sunt
283 2110 310 2132 et
323 2113 370 2140 per
393 2105 454 2132 illos
470 2105 502 2131 ad
518 2111 613 2136 omnes
634 2103 680 2138 qui
699 2103 816 2129 sincerae
835 2104 899 2127 sunt
919 2098 996 2132 ﬁdei;

201 2152 324 2180 Christus
339 2151 420 2179 Jesus
435 2151 462 2178 in
474 2149 630 2186 Evangeliis
650 2148 753 2180 decuit,
775 2148 818 2174 cui
837 2153 898 2173 cum
916 2144 998 2172 Patre

201 2205 229 2227 et
239 2199 344 2235 Spiritu
363 2203 458 2226 sancto
468 2198 563 2233 gloria,
583 2197 670 2223 honor
681 2200 709 2222 et
720 2198 853 2229 potestas,
879 2199 951 2219 nunc
972 2194 1000 2217 et

201 2254 310 2279 Semper
321 2252 347 2273 et
357 2246 382 2273 in
395 2244 493 2273 saecula
506 2243 679 2271 saeculorum.
707 2241 805 2267 Amen.

1045 1639 1262 1674 καθαγνισθῆναι
1274 1648 1282 1655 ·
1299 1639 1347 1666 καὶ
1362 1639 1429 1666 αὐτὸ
1443 1638 1471 1664 δὲ
1485 1638 1516 1664 τδ
1529 1637 1601 1674 ἱερὸν
1617 1636 1718 1673 μᾶλλον
1735 1636 1763 1662 δὲ
1781 1645 1850 1671 μια-

1043 1685 1092 1722 ρὸν
1104 1686 1151 1713 τοῦ
1169 1685 1293 1722 ὀλεθρίου
1310 1685 1437 1720 δαίμονος
1453 1685 1501 1711 σὺν
1515 1684 1555 1719 τῷ
1567 1684 1597 1710 ἐν
1613 1682 1689 1718 αὐτῷ
1707 1682 1848 1717 ἀγάλματι

1045 1733 1093 1761 καὶ
1107 1733 1147 1768 τῷ
1168 1733 1252 1769 βωμῷ
1266 1733 1370 1768 ἀφανὲς
1385 1732 1606 1766 κατασταθῆναι·
1635 1731 1652 1766 ή
1677 1730 1731 1765 γὰρ
1756 1737 1851 1764 παρα-

1048 1779 1165 1814 κειμένη
1177 1779 1302 1814 ψάμμος,
1320 1779 1350 1805 οὑ
1367 1779 1421 1814 μὴν
1437 1778 1506 1805 ἀλλὰ
1527 1777 1575 1804 καὶ
1590 1777 1606 1812 ἠ
1621 1775 1744 1803 θάλασσα
1760 1775 1794 1810 τῇ
1810 1775 1854 1801 ἐν-

1046 1825 1143 1860 εργείᾳ.
1166 1825 1221 1851 τῶν
1236 1825 1322 1859 ἁγίων
1339 1824 1486 1860 μαρτύρων
1510 1823 1591 1849 τοῦτο
1614 1822 1773 1856 ἐπόρθησαν
1799 1820 1853 1847 καὶ

1046 1870 1148 1903 ἀφανὲς
1163 1870 1308 1904 ἐποίησαν,
1329 1870 1346 1905 ἡ
1365 1869 1414 1904 μὲν
1429 1868 1624 1900 ἐπικλύζουσα,
1643 1868 1660 1902 ὴ
1675 1867 1703 1892 δέ
1719 1866 1853 1901 καταχώ-

1047 1923 1134 1943 σασα”
1151 1914 1189 1947 ὡς
1204 1915 1303 1949 ἄδηλον
1327 1915 1373 1941 τὸν
1396 1915 1479 1941 τόπον
1501 1913 1679 1940 παντάπασιν
1695 1912 1824 1946 γενέσθαι
1839 1919 1850 1926 ·

1046 1961 1166 1996 τοσαύτη
1181 1961 1209 1987 δὲ
1227 1961 1308 1996 χάρις
1320 1961 1381 1987 ἀντὶ
1394 1960 1445 1995 τῆς
1459 1960 1523 1995 πρὶν
1541 1959 1649 1994 ἀπάτης
1665 1957 1710 1985 διὰ
1726 1957 1776 1992 τῆς
1792 1958 1854 1983 ἐπι-

1048 2007 1162 2038 στασίας
1188 2007 1241 2034 τῶν
1268 2006 1353 2041 ἁγίων
1383 2006 1529 2042 μαρτύρων
1552 2004 1726 2040 ἐπήνθησεν,
1753 2003 1791 2034 ὡς
1818 2004 1854 2029 ἐκ

1049 2052 1176 2087 περάτων
1200 2052 1249 2086 τῆς
1275 2051 1440 2085 οἰκουμένης
1464 2050 1532 2085 πρὸς
1557 2050 1588 2076 τὸ
1613 2049 1660 2075 τοῦ
1687 2048 1780 2083 Κύρου
1802 2048 1854 2074 καὶ

1056 2098 1180 2125 Ἰωάννου
1197 2098 1342 2133 εὺκτήριον
1354 2098 1416 2128 τοὺς
1430 2096 1554 2128 ἀσθενεῖς
1567 2094 1792 2128 κατεπείγεσθαι,
1803 2095 1854 2120 καὶ

1049 2145 1154 2176 πάντας
1179 2144 1243 2176 τοὺς
1271 2144 1362 2171 πίστει
1389 2142 1610 2178 προστρέχοντας
1637 2140 1855 2173 ἀντιλαμϐάνειν

1049 2191 1104 2217 τῶν
1118 2190 1290 2226 παθημάτων
1312 2189 1362 2224 τὴν
1388 2188 1470 2215 ἴασιν.
1500 2187 1570 2213 Ὂσα
1587 2185 1641 2220 γὰρ
1656 2185 1704 2211 ἐὰν
1719 2184 1856 2218 αίῖήσητε

1051 2237 1080 2263 ὲν
1095 2236 1156 2267 ταῖς
1172 2236 1350 2271 προσευχαῖς,
1365 2233 1540 2263 πιστεύοντες
1550 2230 1694 2266 λήψεσθαι,
1709 2229 1778 2264 πρὸς
1790 2228 1857 2260 τοὺς

204 2274 340 2330 μαθητὰς,
354 2293 402 2320 καὶ
422 2291 456 2319 δι’
470 2291 560 2318 αὐτῶν
583 2289 652 2325 πρὸς
674 2287 779 2318 πάντας
796 2286 860 2330 τοῦς
884 2286 914 2312 ἐν
938 2283 1084 2319 εἰλικρινίᾳ.
1099 2282 1328 2330 πιστεύοντα;,ο
1359 2279 1462 2330 Κύριος
1484 2278 1569 2330 ilia-Iw,
1589 2275 1695 2330 Ἰησοῦς
1733 2274 1855 2322 Χριστθς

203 2323 232 2368 ἐν
245 2323 302 2372 τοῖς
318 2323 402 2375 ἰεροῐς
413 2337 590 2372 Εὺαγγελίοις
604 2323 723 2371 ἐφησεν·
739 2333 798 2369 μεθ’
811 2329 842 2360 οὗ
860 2332 899 2368 τῷ
913 2332 1002 2366 [ἰατρί
1020 2329 1094 2363 δόξα,
1108 2330 1187 2365 τιμὴ,
1206 2329 1252 2356 καὶ
1278 2327 1379 2363 κράτος
1403 2327 1453 2353 σὺν
1471 2325 1508 2360 τῷ
1523 2324 1593 2358 ἁγίῳ
1626 2323 1779 2355 Πνεύματι,
1807 2328 1858 2346 νυν

203 2388 251 2414 καὶ
265 2387 309 2414 ἀεὶ
325 2387 371 2414 καὶ
386 2386 428 2417 εἰς
443 2384 507 2416 τοὺς
522 2383 623 2416 αἰῶνας
639 2382 696 2410 τῶν
710 2379 936 2414 αἰώνων.’Δμήν.

245 2478 256 2494 ³
271 2476 369 2504 Matth.
390 2483 446 2508 xxi,
467 2475 514 2503 22.
