1908 3078
184 104 253 137 3721
610 97 617 104 ’
635 101 666 132 S.
684 100 892 131 SOPllﬁONII
912 100 1165 131 PATRIARCIIE
1184 101 1389 132 liIEROSOL.
1756 104 1829 137 3723

180 165 210 188 et
224 156 388 189 benemeriti
408 156 616 193 deperdltorum
632 161 776 183 auctorum
795 162 878 190 opera
891 155 995 190 ingenti
1011 156 1140 190 patientia
1164 162 1192 184 et
1213 157 1306 184 labore
1321 165 1337 184 e
1368 156 1539 193 principibus
1553 157 1639 186 ltalite
1653 158 1830 190 bibliotheu-is

180 209 270 237 eruta,
288 207 415 238 typorum
427 201 560 230 beneflcio
571 204 674 228 :clerna
692 200 747 226 vita
771 199 955 232 donaverunt,
970 200 1041 227 sacri
1060 200 1159 228 melodi
1176 201 1311 228 citharam
1324 202 1451 236 squalido
1465 201 1493 229 in
1511 202 1624 237 pulvere
1635 205 1771 240 sepultam
1800 211 1829 234 et

181 252 285 276 mutam
301 247 392 275 adhuc
409 246 504 278 latere,
523 252 578 272 non
592 244 718 279 equidem
737 247 795 270 erat
810 243 965 272 ferendum.
979 243 1012 271 Et
1028 251 1122 272 revera
1140 245 1163 273 si
1177 245 1225 280 qui
1239 246 1265 273 in
1279 246 1394 274 edendis
1411 246 1592 282 profanorum
1621 253 1765 276 auctorum
1782 258 1828 278 re-

181 293 285 327 liquiis,
302 292 336 319 ad
354 291 488 318 bonarum
506 289 607 316 artium
624 292 650 316 et
666 288 820 315 litterarum
850 289 1062 320 incrementum,
1088 297 1200 324 operam
1233 290 1407 325 impendunt,
1435 292 1578 326 perpetuis
1599 292 1727 321 laudibus
1761 299 1828 321 sunt

181 335 403 367 commendandi,
415 334 530 370 gloriam
550 332 678 368 equidem
695 340 749 359 non
765 340 876 368 parvam
893 333 947 360 sibi
971 338 1148 368 comparant,
1166 334 1214 368 qui
1238 339 1398 362 sanctorum
1418 334 1531 363 Patrum
1557 336 1697 372 incognita
1715 342 1763 365 aut
1778 339 1826 365 de-

181 380 286 415 perdita
300 386 383 414 opera
404 386 477 406 nunc
492 377 621 412 Gilttlgare
638 377 760 409 student,
784 381 814 404 ut
831 376 894 404 inde
914 377 1097 404 sanctissima
1127 383 1222 405 nostra
1251 379 1348 413 religio
1366 379 1538 414 splendidius
1556 381 1665 414 emicet,
1684 386 1710 408 et
1726 382 1827 409 immu-

180 425 273 452 tabilis
288 423 418 451 Ecclesia
442 423 587 450 catholicae
612 421 738 449 doctrina
753 425 849 448 contra
873 420 990 449 fallaces
1004 421 1217 450 reformatorum
1235 431 1321 459 nugas
1337 432 1549 460 quaquaversus
1574 430 1676 460 pateat.
1691 426 1733 454 Me
1757 435 1825 454 vero

180 469 269 496 adltuc
291 468 318 495 in
333 467 436 498 limine.
456 471 484 494 ut
499 467 535 494 ita
551 466 654 498 dicam,
671 465 861 500 hujuscemodi
880 465 1050 497 studiorum,
1066 467 1205 501 pretiosas
1221 468 1309 495 sancti
1323 468 1474 504 Sophronii
1494 469 1564 496 edas
1579 474 1618 497 tot
1633 470 1744 498 saeculis
1760 474 1826 499 ante

180 512 317 543 conditas,
329 511 446 546 printqu
468 510 598 543 edidisse,
619 510 727 546 gaudiis
739 509 879 537 exsultare
892 517 974 538 nemo
986 511 1153 544 prohibebit.

215 555 361 583 Memoriae
375 556 449 582 enim
463 555 497 582 de
508 555 591 582 vat-iis
605 553 762 582 Graecorum
778 554 977 582 controversiis
992 555 1063 582 inter
1077 555 1229 584 Allatiauas
1241 557 1353 584 chartas
1381 558 1557 592 conquirenti
1576 565 1678 593 parvus
1701 558 1788 586 codex
1809 567 1825 586 a

179 608 224 628 me
239 600 286 627 diu
302 599 487 631 desideratus,
507 599 544 625 ita
557 600 682 633 signatus
698 596 730 625 C.
748 598 782 624 Α.
798 597 861 631 579,
882 605 977 625 sacros
991 602 1018 626 et
1030 598 1161 634 profanos
1183 602 1394 628 anacrconticos
1414 609 1511 629 novent
1528 603 1716 636 complectens
1725 610 1825 630 occur-

179 645 225 672 rit.
240 642 337 670 Statim
358 643 545 678 apographum
562 650 642 669 manu
663 642 749 676 ipsius
765 641 855 668 Allatii
868 641 1026 669 confectunt
1043 643 1168 677 cognovi,
1183 648 1212 671 et
1236 644 1312 672 aliud
1326 643 1466 672 Vcrnatiae
1482 647 1622 680 exemplar
1638 646 1711 673 haud
1727 648 1824 682 procul

176 688 269 723 jacere
283 687 353 720 vidi;
372 691 442 719 tum,
459 694 493 714 ne
510 687 536 713 itt
553 686 664 722 pulvere
680 686 737 713 haec
747 686 868 720 pretiosa
889 686 1017 714 collectio
1033 686 1151 721 amplius
1166 687 1352 720 delitesceret,
1375 689 1402 716 in
1419 696 1495 717 meas
1510 689 1628 717 scltedas
1637 690 1762 726 redigere
1775 690 1825 718 de-

179 732 270 765 crevi;
291 731 365 766 quod
378 735 405 758 et
418 731 492 758 brevi
507 730 625 761 absolvi,
641 736 800 764 quanquam
821 735 904 757 aestus
918 729 1140 758 ferventissimus
1156 739 1210 759 non
1232 732 1372 759 minimam
1403 733 1470 760 milii
1491 733 1635 761 exhiberet
1652 734 1822 768 molestiam,

179 776 279 810 quippe
292 775 383 802 sextili
396 782 489 802 mense
513 774 660 802 antii1838
688 774 746 801 haec
757 774 850 801 omnia
866 774 1036 802 acciderunt.
1051 774 1164 802 luterittt
1179 779 1209 802 ut
1223 775 1332 803 dulcem
1351 776 1498 804 invisercm
1517 778 1646 812 patriam,
1662 778 1716 805 iter
1732 778 1760 806 in
1777 778 1824 806 Sic

179 819 269 846 ciliatn
282 825 442 854 aggressus,
458 819 486 846 in
498 818 601 846 scrinio
618 826 708 846 meum
729 818 851 846 laboretn
863 818 986 854 reposui,
1006 826 1039 846 ea
1055 823 1146 847 tuente
1162 823 1193 846 ut
1213 827 1295 855 quam
1311 820 1430 856 primum
1453 828 1580 849 reversus
1607 822 1731 850 melodos
1745 830 1824 850 meos

180 862 352 895 etueudatos,
364 863 435 898 typis
446 862 594 890 tradendos
607 869 745 890 curarem.
760 863 795 889 At
806 870 867 889 cum
882 862 1050 890 Allatianum
1065 863 1188 890 codicem
1203 864 1271 892 satis
1287 864 1450 893 mendosum
1463 871 1524 893 esse
1537 865 1772 899 considerassem,
1782 874 1824 892 ar-

180 906 328 942 chetypum
342 907 422 934 anxie
437 914 486 942 per
502 907 642 934 Romanas
659 907 840 935 bibliothecas
856 911 1019 942 prteteutare
1035 907 1136 942 incepi.
1156 907 1316 934 Vaticanam
1337 908 1476 943 extemplo
1503 909 1569 942 adii,
1588 909 1635 936 ubi
1649 910 1678 937 in
1703 911 1824 945 quibus-

180 949 243 976 dam
258 950 352 977 Allatii
367 950 535 978 adversariis
549 949 701 977 indiculum
717 950 840 984 ejusdem
857 958 938 977 tuanu
954 952 1142 986 couscriptutn
1171 951 1314 986 conspexi,
1339 952 1386 987 qui
1412 952 1561 987 Sophronii
1587 952 1708 981 Odarum
1726 955 1824 982 titulus

180 998 286 1021 tantum
303 994 474 1028 recensebat,
487 1003 502 1021 e
516 993 635 1029 quodam
652 994 747 1022 codice
763 994 922 1029 desumptos
938 1002 1023 1029 quem
1037 996 1121 1024 emiu.
1138 995 1280 1029 Sirletutm
1294 995 1358 1024 inde
1376 997 1461 1024 emin.
1477 997 1641 1025 Columnam
1662 999 1825 1033 possedisse

181 1040 240 1076 ipse
254 1039 374 1068 Allatius
390 1040 543 1068 adnotavit.
562 1040 690 1068 Attamen
706 1041 778 1068 inter
790 1039 900 1067 codices
911 1039 1110 1068 Columnenses
1137 1039 1310 1067 venundatus
1327 1047 1379 1068 nec
1403 1048 1494 1069 meum
1523 1040 1718 1076 Sophronium,
1733 1051 1824 1078 neqtte

179 1084 304 1121 ejusdem
316 1085 490 1113 bibliothecae
505 1085 609 1113 indices
623 1086 742 1120 reperire
763 1086 849 1120 potui.
875 1084 944 1112 Tum
957 1085 1048 1113 denuo
1062 1085 1088 1110 in
1106 1083 1240 1111 Vaticana
1256 1084 1412 1112 Sirletianis
1431 1085 1575 1112 codicibus
1606 1086 1745 1113 incassum
1763 1094 1823 1121 per-

181 1129 314 1162 lustratis,
327 1129 487 1158 earumdem
501 1129 620 1157 indicem
642 1129 749 1164 inspexi
763 1138 770 1162 ;
783 1133 810 1156 et
829 1129 960 1156 utAllatii
980 1129 1098 1156 assertio
1109 1127 1230 1162 undique
1243 1132 1394 1160 constaret,
1413 1128 1441 1155 in
1453 1127 1486 1156 ς.
1502 1127 1534 1155 V.
1551 1129 1640 1162 5970,
1658 1129 1676 1157 f.
1692 1129 1754 1157 H8.
1765 1130 1823 1158 hau:

179 1174 300 1210 gaudens
318 1174 420 1209 perlegi
437 1182 444 1201 :
470 1172 527 1209 σξβ¹
549 1173 653 1209 βιϐλίον
667 1173 838 1209 μεμϐράῖνον
868 1173 983 1200 παλαιὸν
997 1193 1005 1206 ,
1021 1169 1126 1204 οὗτινος
1145 1171 1345 1206 κεφαλαιώδεις
1366 1172 1543 1208 χαρακτῆρες
1568 1174 1672 1208 χρυσοῖ,
1694 1173 1724 1199 ὲν
1741 1170 1824 1208 ᾧπε-

179 1217 265 1254 ριὲχιι
280 1217 359 1246 τάδε·
375 1216 429 1244 Τοῦ
441 1217 520 1251 ἁγίου
536 1217 691 1253 Σωφρονιου
704 1217 855 1244 ἐπισκόπου
873 1217 932 1253 Ἰερι

1091 1216 1309 1250 ’Δνακρεόντεια.
1326 1215 1486 1251 Sequuntur
1497 1215 1616 1244 Odarum
1643 1217 1725 1249 tituli,
1752 1225 1822 1252 quo-

180 1269 241 1290 rum
254 1262 359 1297 aliquot
374 1261 539 1294 reticentur,
558 1266 606 1288 aut
620 1261 674 1288 alio
690 1261 799 1289 auctori
821 1262 1018 1296 appinguutur.

215 1304 365 1341 ﬂuensque
378 1306 416 1333 ita
429 1313 473 1333 res
487 1313 517 1333 se
530 1305 685 1338 habebant;
713 1305 762 1332 sed
778 1304 955 1333 Sirletiauunt
976 1304 1099 1332 codicem
1118 1302 1276 1330 inveniendi
1294 1310 1369 1338 spem
1393 1311 1503 1331 omnem
1533 1312 1586 1332 non
1619 1304 1815 1338 deposuerant.

180 1348 382 1377 Subsenseram
397 1349 470 1377 enint
485 1349 711 1376 Barberinianam
726 1349 923 1377 bibliothecam
956 1347 1111 1382 hujusmodi
1133 1347 1256 1374 codicem
1283 1347 1347 1374 olim
1377 1348 1527 1378 habuisse:
1552 1349 1607 1376 duo
1633 1353 1724 1376 tamen
1754 1357 1823 1376 uicae

181 1393 386 1429 investigationi
408 1393 556 1421 obstabant
570 1402 577 1420 :
596 1393 791 1421 illustrissimte
802 1387 973 1420 bibliotheca:
993 1392 1112 1424 fortuna,
1126 1391 1256 1419 timebam
1269 1391 1342 1418 enim
1357 1399 1390 1419 ne
1407 1400 1484 1419 meus
1500 1392 1673 1428 Sopltronius
1689 1393 1752 1420 inde
1768 1394 1823 1420 tui-

181 1441 309 1471 grasset;
328 1441 356 1465 et
369 1437 444 1465 nulla
458 1444 521 1465 eum
541 1438 665 1472 ejusdem
682 1437 855 1466 bibliothecae
868 1437 995 1473 praefecto
1009 1435 1140 1464 amicitia.
1167 1434 1328 1462 Studiorum
1342 1443 1421 1463 amor
1443 1435 1570 1463 fiduciam
1586 1436 1696 1471 adjecit,
1712 1444 1763 1464 nec
1779 1444 1825 1464 me

183 1487 241 1508 mea
259 1481 353 1517 opinio
367 1480 484 1516 fefellit;
500 1486 604 1510 tantam
614 1482 688 1509 enim
701 1482 806 1510 demitti
824 1481 951 1509 Pierilisii
971 1479 1141 1510 comitatem,
1162 1477 1289 1512 quamvis
1307 1478 1428 1512 ignotus,
1457 1482 1588 1513 expertus
1606 1485 1678 1511 sum,
1694 1482 1723 1504 ut
1739 1478 1825 1505 bene-

183 1524 237 1553 ﬂcii
252 1527 414 1554 memoriam
428 1528 581 1562 lnunquatn
598 1526 724 1553 amittere
738 1527 852 1561 possim.
870 1525 995 1560 Namque
1009 1521 1059 1549 etsi
1075 1528 1144 1548 nova
1166 1521 1339 1548 bibliotheca:
1366 1520 1503 1548 ordinatio
1525 1522 1617 1549 omnia
1641 1525 1742 1549 teneret
1760 1529 1825 1556 per-

182 1567 303 1602 turbata,
314 1569 386 1597 facta
406 1568 645 1597 ab'illustrissimo
658 1569 782 1604 principe
796 1573 941 1608 potestate,
955 1573 1063 1596 mecum
1079 1572 1170 1592 meum
1185 1565 1370 1600 Sophronittm
1389 1565 1530 1600 inquirere
1543 1574 1598 1593 non
1617 1566 1701 1594 semel
1726 1566 1823 1594 elabo-

182 1612 271 1647 ravit;
283 1612 369 1641 codex
387 1613 496 1640 tandem
514 1613 642 1641 inventus
660 1618 714 1646 est,

218 1664 312 1692 Sancti
328 1664 475 1700 Sophronii
490 1665 549 1693 οδω
564 1672 580 1693 c
600 1673 632 1693 ve
645 1665 770 1693 nustiore
784 1671 912 1692 versuum
924 1664 1185 1691 Anacreonticorum
1202 1672 1301 1700 genere
1320 1664 1492 1698 conﬂantur;
1509 1664 1610 1700 quippe
1624 1673 1721 1693 omnes
1736 1666 1824 1693 dime-

184 1709 228 1742 m',
242 1709 376 1743 impares,
404 1708 528 1736 catalecti
552 1713 627 1741 sunt,
651 1712 678 1736 et
709 1709 761 1736 hoc
781 1707 863 1735 modo
880 1708 1062 1749 scanduntur.
1085 1708 1126 1735 Sit
1147 1709 1247 1743 prioris
1270 1709 1330 1736 odai
1354 1709 1460 1744 primus
1475 1716 1571 1737 versus
1593 1711 1749 1745 exemplum
1766 1711 1824 1737 ἀπὸ

183 1752 340 1788 Πνεύματος
355 1753 443 1786 Ocelo,
454 1753 500 1780 ubi
516 1758 682 1787 anaparstum
701 1753 787 1780 habes
804 1757 831 1780 et
843 1751 965 1779 iambum
974 1751 1005 1778 in
1017 1753 1105 1787 prima
1118 1751 1227 1786 dipodia
1241 1760 1249 1785 ;
1266 1753 1391 1787 sequitur
1409 1753 1530 1780 secunda
1542 1753 1664 1788 dipodia,
1678 1760 1739 1788 quae
1751 1754 1823 1781 iam-

184 1799 218 1825 bo
232 1801 260 1825 et
273 1797 377 1833 syllaba
395 1801 515 1824 constat.
532 1796 695 1832 Hujusmodi
716 1796 838 1823 carmina
853 1795 880 1822 in
896 1795 1095 1823 Anacreonteis
1110 1796 1214 1823 odariis
1229 1797 1305 1823 varia
1320 1797 1458 1831 leguntur,
1478 1796 1550 1824 unde
1565 1803 1591 1825 et
1607 1797 1719 1825 nomine
1735 1806 1823 1833 gene-

184 1841 242 1868 rico
255 1841 450 1868 Anacreonlica
467 1841 601 1876 appellata
621 1844 696 1868 sunt.
723 1839 887 1866 Dividuntur
904 1839 930 1866 in
947 1838 1127 1869 Tetrasticha,
1141 1838 1243 1872 quibus
1267 1837 1406 1874 Melurgus
1420 1842 1524 1871 noster,
1544 1846 1576 1866 ex
1594 1847 1645 1866 usu
1659 1837 1717 1874 jam
1739 1845 1822 1867 antea

184 1889 305 1920 recepto,
324 1892 421 1912 versus
437 1885 556 1919 impares
575 1883 725 1912 immiscuit
744 1883 890 1911 duodeeitn
913 1883 1034 1918 syllabas
1049 1882 1221 1909 continentes
1235 1891 1242 1914 ;
1265 1882 1312 1916 qui
1327 1882 1360 1909 ad
1376 1890 1464 1917 [tenus
1476 1901 1484 1913 .
1498 1881 1572 1917 quod
1585 1882 1821 1919 Prosodiographi

185 1930 398 1965 Anapmticum,
417 1928 672 1965 Hypertatalectum
686 1933 899 1963 nuncuparent,
915 1927 1052 1962 pertinere
1071 1925 1221 1958 videntur;
1238 1934 1254 1953 e
1269 1925 1378 1953 duobus
1395 1926 1509 1961 dactyli:
1525 1927 1666 1958 nimirum,
1682 1928 1819 1961 sponda'o,

183 1979 332 2010 anapmta,
346 1978 373 2001 et
388 1974 493 2010 syllaba
505 1973 676 2001 redundante
690 1973 852 2007 plerumque
865 1971 1041 2003 coalescunt;
1057 1977 1128 2005 sepe
1145 1970 1180 1998 ab
1195 1975 1333 2005 anapazsto
1350 1975 1377 1998 et
1390 1971 1508 2006 dactylo,
1525 1971 1610 1999 semel
1622 1979 1638 1998 a
1652 1972 1778 2006 sponda-0
1793 1978 1822 2000 et

184 2023 321 2052 (inaperta
335 2018 482 2053 iucipiuttt,
499 2021 528 2044 ut
548 2016 649 2052 cuiqtte
665 2017 812 2044 observare
825 2015 956 2042 licebitin
974 2015 1102 2043 versibus
1117 2014 1153 2042 35
1170 2018 1198 2041 et
1216 2022 1274 2050 seq.
1293 2015 1353 2042 oda:
1372 2014 1415 2047 l7,
1434 2015 1481 2050 qui
1500 2016 1613 2050 insuper
1628 2016 1662 2043 ab
1677 2016 1820 2043 ordinaria

184 2062 330 2090 scansione
347 2061 490 2089 recedunt.
507 2060 540 2088 lli
558 2068 655 2088 versus
671 2060 839 2094 anapwstici,
867 2059 994 2094 quamvis
1012 2060 1046 2087 ab
1063 2059 1274 2087 Anacreonticis
1294 2060 1407 2087 omnino
1429 2061 1524 2095 alieni,
1542 2061 1681 2097 prolixum
1698 2069 1820 2090 concen-

184 2112 241 2134 tum
267 2109 382 2133 venuste
405 2105 627 2139 inlerruntpunt;
651 2108 678 2131 et
701 2111 773 2130 nunc
785 2102 948 2130 sententiam
961 2103 1081 2137 aliquam
1095 2107 1260 2138 argumento
1274 2111 1437 2138 consonatn,
1464 2113 1538 2132 nttnc
1553 2113 1618 2134 vero
1634 2106 1819 2141 epiphonema

183 2148 432 2185 comprehendunt.
451 2148 520 2175 Dum
533 2155 598 2175 vero
617 2154 714 2174 omnes
725 2147 784 2174 odte
796 2146 873 2173 hisce
886 2145 1013 2174 versibus
1030 2146 1233 2180 admiscentur,
1253 2147 1360 2175 decima
1374 2153 1472 2175 octava
1490 2149 1560 2177 duos
1577 2149 1604 2177 in
1619 2151 1695 2178 calce
1713 2151 1820 2178 solum-

183 2195 276 2228 modo,
287 2194 370 2222 veluti
386 2193 606 2224 conclusionem,
619 2191 713 2219 habet.
727 2190 843 2226 Insuper
854 2190 935 2218 iidem
945 2197 1042 2217 versus
1053 2190 1174 2225 impares
1186 2191 1244 2218 fere
1256 2199 1304 2226 per
1316 2195 1372 2219 tres
1383 2193 1599 2222 Anacreonticos
1616 2194 1820 2230 subsequentes

182 2239 355 2274 explicantur
372 2246 380 2271 ;
398 2237 454 2265 dixi
469 2236 534 2271 fere,
552 2243 670 2270 namque
686 2243 740 2263 non
757 2234 842 2263 semel
858 2233 958 2261 accidit
973 2237 1003 2261 ut
1018 2234 1179 2269 aliquandiu
1198 2239 1254 2262 tres
1271 2236 1399 2263 versiculi
1420 2237 1448 2264 in
1470 2236 1530 2264 odae
1545 2238 1692 2273 principio,
1705 2239 1820 2266 minitne

184 2291 247 2312 vero
263 2283 291 2310 in
306 2282 431 2317 ejusdem
444 2287 593 2316 progressu
611 2281 796 2312 inveniantur,
808 2282 835 2306 et
848 2286 920 2313 saepe
932 2278 984 2305 soli
1001 2278 1158 2312 anapwrtici
1172 2278 1321 2306 maximam
1335 2279 1452 2307 odarum
1469 2285 1574 2316 partem
1589 2282 1758 2310 comitentur
1769 2284 1818 2317 (c).

184 2327 286 2355 Versus
300 2326 403 2361 quibus
417 2325 476 2352 odaa
488 2328 629 2355 constant,
647 2331 792 2350 numerum
808 2322 859 2350 l26
874 2329 930 2349 non
951 2321 1098 2354 excedunt,
1109 2323 1147 2349 ita
1168 2327 1197 2349 ut
1213 2322 1326 2349 minima
1342 2323 1413 2350 iltter
1427 2323 1494 2351 odas
1510 2332 1564 2351 non
1578 2325 1671 2352 minus
1685 2333 1768 2360 quam
1784 2327 1820 2353 90

182 2371 338 2404 contineat;
350 2369 474 2397 omnium
489 2376 555 2397 vero
570 2368 685 2396 odarum
699 2375 796 2395 versus
813 2366 895 2394 simul
909 2365 1030 2399 collecti,
1043 2366 1150 2401 absque
1161 2367 1215 2394 ulla
1229 2368 1418 2394 ntutilatorum
1434 2369 1604 2402 exclusione,
1620 2377 1756 2397 summam
1776 2370 1819 2399 bis

181 2414 298 2443 millium
314 2420 399 2449 supra
411 2416 523 2441 centum
537 2411 668 2440 tredecim
682 2411 843 2440 conficiunt.

218 2457 272 2486 Sed
284 2457 368 2486 missa
384 2456 537 2484 carminum
552 2460 703 2488 structura,
715 2462 804 2482 meam
819 2455 853 2483 de
870 2455 967 2483 iisdem
983 2456 1160 2487 sententiam,
1174 2463 1345 2492 quaecunque
1371 2455 1418 2489 sit,
1430 2456 1526 2490 paucis
1539 2463 1678 2492 exponere
1690 2464 1745 2485 non
1760 2465 1821 2485 am-

181 2503 255 2538 bigo.
271 2500 387 2536 Jamque
404 2504 508 2528 norunt
524 2507 621 2528 omnes
650 2500 708 2527 hac
725 2498 848 2526 carmina
875 2499 1076 2534 elegantissima
1086 2519 1093 2532 ,
1107 2500 1230 2534 piissimo
1242 2505 1267 2527 et
1282 2500 1462 2527 mellitissima
1479 2507 1493 2526 a
1509 2499 1602 2528 Leone
1617 2501 1719 2528 Allatio
1732 2501 1821 2530 fuisse

181 2545 285 2582 jamdiu
309 2545 479 2573 existimata.
499 2543 604 2572 Revera
620 2551 634 2570 a
657 2543 726 2570 tanti
750 2543 865 2570 litterati
885 2543 992 2578 judicio
1006 2544 1127 2579 prudens
1147 2543 1234 2572 lector
1252 2551 1305 2571 non
1323 2544 1404 2572 facile
1419 2543 1548 2577 recedet;
1566 2544 1690 2579 quinimo
1705 2545 1728 2573 si
1760 2553 1820 2573 rem

181 2591 252 2618 bene
266 2588 436 2625 perpendere
450 2588 579 2619 voluerit,
598 2586 747 2622 Sophronii
762 2587 886 2615 carmina
901 2587 1086 2622 amplissimas
1103 2588 1186 2614 etiam
1204 2589 1304 2615 mereri
1319 2587 1415 2616 laudes
1432 2587 1576 2616 fatebitur.
1592 2587 1735 2624 Siquidem
1753 2598 1820 2617 eum

182 2639 336 2669 temporum
348 2632 374 2659 vi
391 2639 435 2660 res
448 2631 588 2659 litterariae
603 2638 619 2658 e
634 2630 751 2658 classica
766 2630 900 2666 dignitate
918 2631 1022 2659 sensim
1034 2631 1210 2664 excidebant,
1226 2640 1288 2660 cum
1305 2632 1506 2660 sententiarum
1521 2631 1650 2668 gravitati
1665 2634 1822 2660 sermonis-

181 2685 236 2714 que
257 2677 368 2712 puritati
393 2683 480 2704 vacua
499 2674 654 2703 verbositas
675 2674 853 2706 succedebat,
875 2675 1014 2702 melodum
1035 2680 1159 2703 nostrum
1183 2682 1223 2703 tot
1243 2677 1382 2712 tantisque
1403 2677 1484 2704 malis
1502 2676 1649 2711 jactatutn,
1665 2677 1822 2705 concinnus

181 2729 280 2750 versus
304 2721 488 2756 compegisse.
505 2722 532 2746 et
547 2718 653 2754 poetica
668 2722 813 2746 venustate
828 2725 991 2751 exornasse,
1008 2718 1060 2746 hoc
1073 2718 1187 2746 omnino
1211 2726 1255 2747 est
1268 2720 1450 2747 admiratione
1472 2719 1599 2755 dignum.
1615 2719 1751 2747 Praeterea
1772 2719 1825 2747 So-

182 2766 316 2802 phronius
328 2773 361 2794 ea
374 2764 455 2793 ulitut
474 2762 607 2791 facilitate
629 2762 657 2790 in
676 2763 760 2791 rebus
784 2763 868 2791 etiam
889 2762 1049 2791 dimcilibus
1065 2762 1263 2797 exprimendis,
1276 2764 1340 2791 dum
1358 2763 1420 2792 fidei
1435 2763 1568 2800 mysteria
1582 2767 1666 2800 atque
1676 2762 1821 2791 catholica:

217 2858 253 2893 (ε)
265 2856 310 2885 Cf.
328 2856 363 2884 ab
372 2855 424 2884 ode
438 2856 454 2883 8
470 2855 504 2882 ad
517 2854 563 2889 5H,
575 2862 630 2883 una
641 2859 747 2883 tantum
764 2854 798 2883 l6
815 2859 938 2890 excepta.
