1908 3078
75 185 149 219 372‘)
615 183 828 214 ANACREONU

987 184 1070 214 PlL-‘E
1075 185 1144 214 FAT
1151 184 1200 214 ΒΟ.
1657 187 1727 219 373i]

77 245 221 281 te.igionis
233 244 364 280 dogmata
381 241 505 276 exponit,
525 247 644 276 quorum
658 249 711 283 non
727 240 833 276 vulgari
850 244 892 268 est
903 240 1024 268 imbutus
1039 240 1198 275 cognitione
1211 241 1261 277 (ιι),
1276 246 1305 269 ιιι
1323 242 1437 277 insuper
1452 247 1587 277 exoptare
1597 246 1725 276 nescias;

77 296 105 318 ct
134 292 242 325 aliquot
275 287 390 316 odarum
420 285 499 313 initia
530 289 635 313 tantam
663 285 813 320 imaginum
839 289 1010 312 venustatem
1037 284 1220 319 praeseferunt
1250 290 1280 313 ιιι
1312 287 1444 314 eximium
1478 287 1598 322 aliquem
1634 296 1725 316 aureae

80 334 236 363 Graecitatis
254 336 395 360 auctorem
410 330 543 358 habuisse
559 329 720 362 videantur;
741 336 833 363 quanti

984 333 1012 355 ut
1029 329 1046 356 l.
1061 338 1085 356 ις.
1103 328 1217 356 Pbutius
1236 330 1451 363 observaverat,
1470 331 1734 367 ἐννεωτερίζειτοῖς,

79 381 196 415 ῥήμασι,
210 386 271 413 quae
286 384 357 405 nova
371 375 505 403 vocabula
522 382 573 402 nos
588 374 616 402 in
630 373 855 405 adnotationibus
871 374 1074 401 recensuimus.
1094 373 1161 406 Quae
1173 373 1252 401 dotes
1267 375 1410 410 splendide
1425 375 1583 404 enitescant
1595 381 1632 408 et,
1651 382 1681 404 ut
1691 377 1727 404 ita

78 424 181 456 dicam,
192 422 364 453 sentiuntur;
378 423 404 446 at
414 419 438 447 si
452 418 516 454 quis
531 418 565 446 de
577 417 662 446 verbo
676 418 709 446 ad
722 418 836 445 verbum
850 417 909 445 haec
919 417 1119 445 Anacreontica
1138 422 1168 445 ut
1179 418 1295 446 rudibus
1315 419 1416 455 linguae
1437 419 1539 447 Graecae
1566 420 1646 447 obvia
1662 421 1738 452 sint..

80 467 178 494 Latina
196 466 286 493 facere
303 467 401 495 tentat,
429 463 534 490 frustra
550 462 583 489 ad
603 462 826 497 Sophronianam
856 461 1021 497 elegantiam
1045 461 1212 489 reddendam
1242 463 1362 498 aspirat,
1387 462 1443 490 imo
1469 468 1575 490 certum
1599 464 1666 491 mihi
1684 470 1736 493 est.

79 511 230 538 maximam
246 508 400 536 venustatis
418 511 524 542 partem
541 507 705 541 perituram.
724 506 898 540 Sophronias
919 506 978 541 ipse
995 513 1082 532 meam
1099 506 1266 533 sententiam
1286 506 1445 539 confirmat,
1462 507 1510 542 qui
1525 508 1553 535 in
1567 512 1632 535 octo
1650 509 1726 543 prio-

79 555 157 582 ribus
185 554 247 581 odis
271 553 360 580 nudas
377 551 511 587 quasdam
536 550 749 586 Evangeliorum
774 551 907 578 historias
927 558 983 578 suat
998 550 1107 578 barltito
1125 551 1344 579 accommodavit
1366 561 1372 579 :
1395 555 1587 580 verumtamen
1614 556 1669 580 tam
1686 558 1728 580 est

80 598 256 626 admirabilis
273 596 433 624 Graecorum
453 595 601 622 verborum
617 594 777 630 dispositio,
800 595 972 622 locutionum
995 595 1130 627 suavitas,
1148 599 1176 623 et
1191 596 1315 630 quaedam
1332 596 1484 632 imaginum
1503 597 1679 631 ingenuitas,
1696 602 1726 624 ut

79 643 177 670 Graece
194 642 273 670 lectm
286 640 450 668 satisfacere
461 646 516 666 non
533 638 673 671 desinant,
685 645 700 666 e
711 643 808 666 contra
826 638 923 666 Latine
939 639 974 666 ad
987 640 1100 666 verbum
1118 639 1233 667 redditae
1244 640 1404 675 frigescant,
1421 645 1448 668 et
1463 640 1601 676 ingenitas
1614 649 1727 668 veneres

79 688 221 714 amittant.
236 685 313 719 Quod
335 691 402 711 sane
433 683 474 710 vir
497 682 678 710 doctissimus
696 682 846 710 cardinalis
863 682 982 710 Sirletus
1002 682 1159 719 ἀρχετύπου
1182 684 1248 711 olim
1263 692 1407 719 possessor
1426 685 1615 719 experimento
1627 685 1728 720 proba-

79 735 133 761 vit.‘
148 733 267 760 Notitias
281 731 353 758 enim
377 730 412 757 de
434 728 589 764 Sophronia
613 729 641 756 in
653 728 784 756 Vaticana
806 728 974 756 bibliotheca
992 737 1008 757 e
1035 729 1176 758 codicibus
1204 729 1358 758 Sirletianis
1391 733 1565 766 perquirens,
1581 731 1726 766 quemdam

79 779 163 804 etiam
188 775 302 803 tttiscelli
328 774 437 810 generis
457 772 581 801 codicem
609 773 660 800 hac
684 778 748 800 nota
771 772 842 801 6&85
869 773 1007 808 signatum
1028 773 1147 809 inspexi,
1163 773 1192 800 in
1214 781 1270 808 quo
1289 773 1404 808 primam
1422 773 1570 808 Sopltronii
1584 774 1654 802 oden
1670 774 1725 801 lua-

80 823 168 848 tinam
182 819 294 851 factam,
311 819 449 846 variantes
471 817 500 845 in
514 817 668 845 interlineis
684 822 711 845 et
724 817 750 844 in
767 817 938 852 marginibus
952 816 1172 852 prtescferentem
1189 818 1302 853 perlegi.
1317 816 1416 845 Statim
1431 825 1541 845 manutn
1562 818 1649 854 ipsius
1668 818 1729 846 Sit-

81 868 127 894 leti
140 866 269 902 cognovi,
284 869 312 893 et
330 868 393 900 pOst
413 863 498 892 lenne
513 864 569 891 duo
590 863 691 891 saecula
711 863 778 891 adeo
797 863 882 891 illaesa
902 863 1051 898 inspicitur
1060 863 1185 898 scriptio,
1203 868 1232 890 ut
1250 871 1334 891 attrea
1350 863 1441 898 pulvis
1464 868 1619 892 atramento
1637 865 1727 893 adhuc

81 911 256 938 inhaerescat.
273 908 337 936 Mihi
355 908 465 935 interim
485 907 741 942 interpretationem
761 906 876 934 odarum
892 915 959 936 mea:
973 907 1089 935 editioni
1114 907 1234 942 adjicere
1247 907 1390 943 cogitanti,
1408 906 1556 934 Sirletiana
1583 909 1734 936 translatio.

81 955 151 982 adeo
177 953 286 981 animos
306 952 428 987 infregit,
445 956 474 978 ιιι
490 951 582 986 potius
606 951 629 978 si
647 951 758 985 quando
772 955 880 986 tempus
895 959 910 978 a
925 952 994 979 meis
1007 951 1104 979 omciis
1126 959 1245 979 vacuum
1272 951 1386 985 siverit,
1409 952 1536 980 versibus
1555 960 1602 980 eas
1629 953 1726 981 adum-

81 1000 163 1026 brare
189 997 370 1029 decreverim,
388 1002 470 1029 quam
490 994 697 1029 Sophronianos
713 995 822 1030 lepores
846 1003 927 1030 prosa
940 996 1066 1023 oratione
1080 995 1334 1024 insulsosctiicere.

117 1042 222 1070 Praeter
233 1041 360 1076 pietatem
375 1047 430 1075 qua
442 1039 533 1066 omnia
545 1039 695 1074 Sophronii
709 1038 813 1074 scripta
831 1039 984 1072 nitescunt,
1001 1043 1030 1066 ut
1047 1039 1163 1067 Photius
1178 1039 1337 1067 observavit
1352 1040 1386 1067 de
1402 1040 1519 1075 epistola
1532 1040 1664 1076 synodica
1679 1041 1726 1076 (e).

82 1087 169 1114 multa
185 1086 257 1114 scitu
283 1085 364 1120 digna
390 1084 433 1112 vel
451 1084 484 1111 ad
503 1091 589 1111 sacrae
607 1083 756 1118 Scriptura;
776 1083 1043 1118 interpretationem,
1057 1083 1097 1110 vel
1114 1083 1147 1110 ad
1166 1091 1273 1111 sacrant
1285 1087 1333 1110 aut
1353 1083 1496 1119 profanant
1513 1092 1612 1111 novatn
1634 1085 1727 1112 erudi-

82 1132 187 1158 tionem
200 1129 362 1164 spectantia,
383 1128 440 1156 hacc
456 1128 655 1156 Anacreontica
676 1128 793 1155 eruditis
807 1127 948 1156 exhibent.
964 1127 1020 1155 Nos
1039 1135 1104 1155 vero
1125 1135 1211 1162 pauca
1230 1128 1379 1163 seligentus
1390 1128 1527 1163 exempla,
1542 1132 1569 1156 et
1585 1128 1650 1155 illud
1671 1129 1727 1164 pri-

81 1182 159 1202 munt
176 1174 290 1209 dignum
302 1173 495 1200 observatione
507 1179 609 1200 censeo
625 1171 698 1206 quod
713 1172 741 1198 itt
755 1173 807 1200 ode
825 1172 842 1199 4
854 1192 862 1205 ,
877 1180 904 1199 v.
915 1172 951 1199 24
967 1176 994 1200 et
1011 1179 1071 1206 seq.
1084 1171 1118 1199 de
1136 1171 1320 1199 Praecursoris
1341 1172 1480 1199 alimentis
1496 1176 1618 1199 enarrat.
1641 1172 1726 1200 Planc

82 1220 157 1246 enim
175 1218 276 1246 asserit
295 1217 368 1252 quod
395 1216 536 1243 radicibus
548 1215 691 1251 cujusdam
702 1215 820 1248 fruticis,
837 1216 882 1243 cui
899 1223 1001 1244 nomen
1013 1216 1186 1251 meleagrum,
1203 1215 1386 1249 vescebatur;
1407 1219 1540 1251 praeterea
1564 1223 1626 1244 cunt
1644 1217 1732 1251 paulo.

81 1267 164 1290 antea
182 1262 299 1289 dixisset
314 1264 471 1296 promptutn
487 1259 596 1291 ἀπόνως
613 1267 722 1294 semper
741 1259 834 1287 Joanni

983 1260 1088 1294 cibum,
1101 1260 1176 1296 quod
1191 1268 1256 1291 mox
1272 1260 1392 1295 explicat
1402 1268 1465 1288 esse
1482 1260 1616 1297 μελεάγρι
1636 1269 1666 1287 τε
1683 1260 1725 1297 ῥι-

82 1307 140 1339 ζτι,
154 1306 218 1333 inde
233 1305 262 1332 tit
275 1305 348 1339 quod
359 1310 386 1332 et
403 1304 444 1337 τὸ,
458 1303 579 1339 ἀκρίδες,
596 1303 631 1331 ad
648 1304 809 1339 vegetalittm
821 1305 939 1339 speciem
956 1305 1070 1337 referre,
1085 1305 1162 1340 juxta
1178 1310 1252 1334 certe
1269 1304 1420 1340 Sophronii
1435 1309 1569 1338 mentem,
1588 1313 1656 1341 opus
1678 1307 1727 1334 sit.‘

80 1350 122 1378 Ne
141 1355 233 1377 tamen
265 1349 354 1377 sancti
384 1348 532 1382 Sophronii
556 1347 651 1382 opinio
668 1352 724 1375 tam
751 1352 844 1383 aperta
859 1348 993 1384 ingenuos
1008 1350 1124 1378 lectores
1140 1350 1274 1382 otl'endat,
1305 1357 1408 1386 paucos
1429 1350 1501 1377 inter
1518 1353 1569 1378 'tot
1585 1355 1725 1380 auctorest

81 1394 130 1429 qui
148 1394 220 1422 idem
237 1396 416 1424 censuerunt,
436 1392 480 1419 hic
492 1391 623 1419 recitabo.
641 1391 808 1418 Praemittam
823 1397 887 1420 ante
909 1389 1003 1420 omnia
1018 1394 1172 1422 doctissimi
1188 1393 1303 1421 Calmeti
1320 1393 1415 1425 verba,
1433 1401 1494 1429 qum
1512 1394 1541 1421 in
1556 1399 1728 1422 commenta-

82 1439 133 1467 riis
149 1439 182 1466 ad
197 1439 272 1465 ltunc
281 1437 420 1472 Evangelii
433 1437 523 1463 locum
534 1436 662 1471 leguntur
675 1435 708 1472 (Γ)
729 1444 735 1463 :
748 1435 851 1463 Eorum
863 1438 993 1464 sententia
1006 1439 1050 1472 qui
1070 1443 1227 1466 censuerunt
1244 1437 1443 1466 Prtecursorem
1458 1438 1585 1466 arborum
1597 1439 1725 1474 germini.

82 1485 130 1510 true
150 1482 225 1519 nesci
238 1481 357 1512 solitum,
372 1488 453 1515 quam
466 1479 598 1514 plurimos
615 1484 696 1507 nacta
708 1484 748 1507 est
762 1485 918 1509 sectatores.
936 1482 1028 1518 Neque
1042 1483 1091 1511 hoc
1107 1491 1122 1510 tt
1137 1483 1190 1518 fide
1209 1483 1344 1511 abhorret.
1360 1483 1392 1510 Et
1410 1491 1439 1510 re
1450 1483 1509 1518 ipsa
1522 1484 1626 1518 primos
1641 1484 1728 1511 homi-

83 1534 133 1554 nes
149 1533 204 1553 non
232 1525 334 1557 solum,
362 1524 409 1551 sed
426 1524 492 1551 olitn
506 1524 656 1558 prophetas
670 1527 697 1550 et
712 1524 801 1551 denuo
817 1530 930 1554 sanctos
954 1527 1139 1555 attachoretas
1159 1527 1375 1556 summitatibus
1388 1527 1537 1555 virentium
1561 1531 1590 1555 et
1605 1528 1734 1556 oleribus

83 1571 240 1603 victitasse,
260 1576 342 1598 nemo
356 1576 425 1597 sane
439 1567 548 1595 inﬁcias
565 1567 626 1595 ibit.
647 1567 686 1595 En
703 1567 794 1598 Ovidii
807 1569 839 1596 de
851 1569 1003 1604 primorum
1023 1571 1164 1599 hominum
1181 1579 1244 1599 esca
1264 1571 1478 1606 descriptionem
1488 1570 1559 1606 (9):-

562 1622 645 1650 Panis
663 1628 739 1650 erant
760 1623 855 1657 primis
867 1624 963 1652 virides
987 1625 1145 1652 mortalibus
1165 1624 1267 1656 herbte.

603 1659 677 1692 Quas
693 1659 771 1687 tellus
785 1659 858 1686 nullo
874 1659 1034 1688 sollicitante
1050 1661 1086 1695 (It)
1098 1660 1191 1688 dabat.

573 1693 701 1731 Etimodo
719 1694 861 1729 carpebant
883 1696 961 1731 vit-tta:
976 1704 989 1722 ε
1001 1693 1097 1729 cespite
1107 1704 1227 1731 gramen.

606 1730 631 1757 Ν
635 1738 685 1756 unc
698 1731 782 1764 epulo:
792 1738 805 1756 e
817 1735 907 1757 tenera
921 1730 1015 1765 fronde
1028 1730 1154 1758 cacumen
1167 1735 1256 1758 erant.

87 1787 124 1814 De
157 1786 241 1814 simili
280 1794 346 1814 vero
388 1787 584 1822 prophetarum
624 1785 862 1818 asceticorumque
903 1788 988 1813 esca.
1022 1785 1050 1809 et
1085 1780 1159 1809 sacri
1194 1780 1326 1814 codices,
1357 1784 1391 1809 et
1422 1780 1537 1808 Pratum
1562 1780 1727 1815 spirituale,

86 1835 114 1857 et
147 1829 348 1863 monachorum
387 1830 451 1857 vitae
487 1829 693 1864 exemplaribus
731 1827 882 1856 abundant.
920 1824 954 1852 Et
984 1825 1101 1861 primum
1130 1825 1164 1853 de
1200 1825 1321 1861 ἀκρίδων
1350 1825 1578 1861 interpretatione
1617 1831 1729 1853 sanctus

86 1874 208 1901 Isidorus
237 1873 375 1901 Pelusiota
397 1873 424 1900 in
453 1875 534 1908 epist.
563 1873 628 1901 5ad
656 1872 769 1906 Nilum,
794 1871 946 1911 perfectum
973 1870 1035 1897 vitae
1065 1869 1225 1898 monasticae
1247 1870 1404 1905 exemplum
1429 1877 1444 1897 a
1469 1869 1575 1897 Joanne
1602 1865 1739 1905 Baptista

85 1919 262 1953 desumptum
291 1925 465 1953 proponens,
486 1918 611 1945 hortatur
636 1925 652 1945 e
682 1916 743 1952 pilis
776 1915 960 1944 asceticorunt
996 1913 1157 1942 indumenta
1193 1914 1364 1942 conﬁcienda
1390 1922 1474 1946 esse.
1505 1917 1534 1941 ct
1565 1914 1598 1942 ab
1629 1914 1727 1941 herba-

85 1970 145 1990 rum
171 1962 248 1990 foliis
271 1967 299 1989 et
323 1961 529 1990 sumntitatibus
552 1968 661 1996 parcam
692 1960 838 1987 alimoniau

974 1958 1022 1986 his
1042 1957 1239 1985 desumettdam
1255 1967 1263 1985 ξ
1285 1958 1318 1984 Εἰ
1330 1957 1421 1985 τοίνυν
1441 1958 1575 1993 βρώματα
1586 1957 1633 1984 καὶ
1646 1957 1727 1992 ἐσϐή-

86 2015 160 2040 ματα
173 2006 224 2042 τῆς
234 2005 378 2033 ητάΘςὺν
392 2005 498 2038 τελείας
526 2005 671 2040 ἀσκήσεως
684 2004 713 2031 ὲν
733 2004 843 2039 Ἰωάννῃ
854 2003 892 2038 τῷ
904 2002 1044 2036 Βακπτιστῇ
1057 2001 1267 2036 ἐπαιδεύθημεν,
1281 2001 1353 2037 θριξὶ
1365 2002 1414 2037 μὲν
1431 2002 1455 2028 εἰ
1465 1999 1520 2028 οἶόν
1534 2010 1564 2028 τε
1580 2001 1649 2037 πρὸς
1665 2002 1729 2028 σκέ-

85 2059 138 2086 πην
151 2049 393 2086 ἀρκεσθησόμεθα,
410 2049 548 2084 ἀκρέμοσι
571 2049 599 2075 δὲ
617 2048 737 2084 βοτανῶν
752 2048 800 2074 καὶ
815 2046 922 2082 φύλλων
940 2046 1009 2081 πρὸς
1021 2045 1116 2080 ὀλίγην
1132 2044 1237 2081 τροφὴν
1251 2046 1300 2072 καὶ
1315 2045 1433 2081 δύναμιν
1447 2046 1494 2072 καὶ
1510 2045 1658 2082 ἀπέριττον
1681 2045 1729 2079 (ἱ).

85 2094 156 2122 Idem
172 2099 255 2130 urget
269 2094 384 2121 inferius
399 2094 478 2129 epist.
497 2093 559 2120 1'52.
579 2093 740 2128 Anonymus
757 2091 908 2119 Vaticanus
928 2089 954 2117 in
974 2089 1076 2117 Catena
1091 2088 1248 2117 Gt'aecorutn
1265 2089 1388 2121 Patrum,
1410 2090 1455 2125 qui
1475 2088 1622 2125 Evangelia
1640 2089 1727 2117 inter-

85 2142 241 2171 pretantur,
254 2145 269 2164 a
283 2136 365 2165 Petro
380 2137 499 2165 Possino
514 2137 586 2164 edita
597 2136 641 2172 (j),
653 2136 754 2164 sitttilia
771 2135 838 2162 refer

971 2133 993 2160 ἑν
1008 2141 1075 2168 φασι
1089 2134 1124 2159 τὰ
1133 2133 1187 2160 τῶν
1202 2133 1363 2169 ἀκροδρύων
1373 2133 1534 2170 ἀκρίσματα
1572 2153 1579 2162 .
1620 2153 1628 2160 .
1668 2153 1676 2162 .
1717 2153 1724 2161 .

83 2181 155 2208 κατὰ
170 2182 212 2215 τὸ,
227 2180 349 2217 ἦνθησαν
366 2181 383 2217 ἡ
397 2180 540 2216 κάππαρις
559 2181 607 2208 καὶ
620 2181 638 2216 ἠ
653 2181 744 2216 ἀκρὶς,
756 2178 770 2205 ὅ
785 2180 813 2205 ὲν
829 2187 836 2203 ι

970 2177 1173 2212 ικλησιαστικοῡ
1191 2177 1316 2218 εὓρηται,
1328 2177 1552 2214 Theophylactus
1566 2178 1594 2206 in
1611 2177 1723 2208 Malth..

83 2225 161 2258 Τινὲς
196 2225 306 2260 λέγουσι
339 2225 454 2261 βοτάνας
486 2223 556 2251 εἶναι
588 2224 638 2257 τὰς
666 2224 781 2260 ἀκρίδας
811 2223 844 2255 ἃς
870 2223 918 2249 καὶ
956 2222 1103 2257 μελιάγρια
1126 2222 1162 2258 (Ις)
1197 2221 1312 2250 καλοῦσι
1328 2231 1335 2239 ·
1367 2223 1439 2255 τινὲς
1470 2223 1500 2250 δὲ
1519 2223 1554 2250 τὰ
1583 2223 1727 2259 ἀκρόδρυα

83 2270 141 2303 ἦτοι
171 2269 286 2306 ὀπώρας
304 2269 406 2305 ἀγρίας
429 2269 471 2304 (Ι).
490 2268 553 2296 Hazc
569 2268 637 2296 satis
652 2268 717 2303 περὶ
740 2267 836 2301 ἀκρίδα

1007 2269 1081 2301 patet
1107 2265 1292 2301 Sophronium
1313 2274 1362 2302 pro
1382 2267 1462 2295 melle
1483 2267 1616 2300 siIVestri,
1636 2267 1727 2303 μέλιτι

82 2313 184 2348 ἀγρίῳ,
199 2313 369 2341 intellexisse
381 2313 509 2341 arborem
523 2312 694 2348 meleagrum.
710 2311 811 2347 Reipsa
821 2311 930 2339 radices
946 2310 1028 2345 hujus
1044 2310 1149 2338 arbusti
1168 2310 1264 2339 edules
1279 2318 1352 2344 esse,
1369 2311 1454 2339 variis
1470 2312 1641 2340 testimoniis
1658 2321 1727 2340 con-

85 2356 222 2384 ﬁrmatur.
245 2357 324 2391 Apud
354 2355 467 2384 Suidam
494 2356 522 2384 in
550 2356 683 2384 vocabulo
707 2355 838 2391 μελεὰγρι

977 2361 1043 2383 :rtur
1060 2356 1211 2383 ἀδέσποτον
1223 2356 1379 2392 exemplum
1390 2376 1397 2389 ,
1415 2357 1489 2391 quod
1505 2365 1520 2385 e
1535 2357 1591 2384 vita
1608 2357 1730 2393 alicujus

84 2404 261 2429 anachoreta:
271 2405 426 2428 extractum
441 2408 553 2433 censeo,
571 2401 619 2427 καὶ
634 2400 723 2436 ρίζάις
743 2400 837 2432 αὐτοὺς

978 2400 1023 2427 ῐων
1035 2401 1083 2427 καὶ
1097 2400 1224 2437 καρδίαις
1240 2400 1374 2436 καλάμων
1387 2401 1533 2434 ἐδεξιοῦτο.
1548 2401 1628 2435 Apud
1649 2402 1731 2430 Cath-

84 2445 157 2478 gium
168 2444 330 2480 μελιαγριον
343 2445 395 2472 hoc
411 2445 554 2472 arbustum
570 2444 735 2479 appellatur.
759 2443 780 2470 Ε
802 2444 955 2479 vita'igitur
972 2444 1160 2478 manuscripta
1184 2444 1271 2471 sancti
1289 2444 1397 2479 Cyriaci
1412 2445 1586 2473 anachoreta
1602 2446 1662 2473 hmo
1671 2446 1730 2474 duo

84 2489 209 2524 exempla
238 2488 354 2523 protulit
372 2488 502 2516 laudatus
521 2488 643 2524 Congius
660 2497 666 2516 ε
692 2487 837 2523 ’Λπορούμι

971 2498 998 2515 ιν
1014 2489 1129 2523 τροφῆς,
1152 2489 1198 2515 καὶ
1214 2489 1265 2515 οὐκ
1280 2489 1388 2524 ἔχοντες
1400 2489 1463 2516 ὅθεν
1479 2489 1531 2519 τὴν
1551 2490 1601 2525 τῆς
1616 2491 1724 2525 φύσεως

84 2533 209 2568 ἀνάγκην
223 2532 471 2568 παραμυθήσονται
487 2541 494 2548 ·
509 2532 570 2559 οὐδὲ
587 2533 651 2568 γὰρ,
666 2531 726 2559 οὐδὲ
753 2532 898 2567 μελιὰγρια
918 2532 989 2559 κατά
1006 2532 1055 2567 τὴν
1072 2531 1175 2567 ἔρημον
1195 2532 1323 2567 πεφύκει,
1348 2537 1375 2560 et
1391 2532 1469 2568 ῥίζας
1494 2533 1666 2570 μελιαγριων
1677 2536 1732 2562 καὶ

84 2577 242 2612 ἁκρέμονας
263 2577 399 2612 καλάμων
414 2575 555 2612 προσίετο.
570 2576 610 2604 Ex
628 2576 705 2604 hisee
722 2577 837 2604 testimm

979 2580 1135 2612 trguuntur,
1149 2577 1256 2605 scilicet
1271 2577 1379 2605 radices
1396 2577 1684 2613 peltayplouedules,
1701 2584 1732 2606 et

121 2640 260 2677 (existunt
276 2640 366 2677 Photii
381 2641 471 2677 verba
487 2641 521 2668 de
537 2640 694 2675 Sophronia
717 2641 745 2668 itt
764 2641 880 2677 Myriob.
971 2642 1002 2676 (ἰ)
1018 2642 1088 2669 Edit.
1105 2642 1194 2669 Paris.
1211 2643 1291 2676 1585,
1305 2650 1366 2677 pag.
1377 2643 1395 2670 2

84 2663 572 2713 ςοίιῖ’θεῖ’ἕξῷἐιξί’ἱὲῥῡῖὲέῧμὲιέιιῖκῖ
616 2663 674 2713 Eii;
679 2663 816 2712 ἵευῆῡὲἶᾴ
825 2663 837 2712 ζ

723 2663 816 2712 εἰέῡὲἶᾴ
825 2663 880 2712 illi
971 2663 1005 2712 if)
1018 2663 1222 2713 militi-153%;
1228 2663 1476 2706 ἷιὶῗῶἔὲἰῗῖἰθδτ.

86 2711 163 2750 θηςιν
177 2711 381 2750 ἀπωεέκνυῖαι.
450 2746 456 2750 ι
490 2747 496 2750 _
590 2747 618 2750 __
649 2711 653 2713 ’
715 2711 729 2712 ⁷⁷
829 2711 833 2712 ⁷

973 2711 1010 2750 (Iri
1021 2712 1130 2750 Optima
1150 2711 1231 2740 lectio
1249 2717 1292 2750 est
1313 2714 1472 2750 (seadﬁci.
1485 2714 1610 2750 itarenim
1634 2719 1726 2750 aperte

122 2746 157 2785 (ε)
215 2753 242 2774 c.
257 2746 407 2785 E_t'aae§alag
424 2746 473 2785 μέν
488 2747 685 2785 ὲαΞι-ἐπλήρῃς.

971 2746 987 2775 ο
998 2746 1056 2785 legi
1071 2749 1098 2775 itt
1110 2753 1218 2785 vetusto
1231 2749 1294 2779 cod,
1312 2746 1428 2785 membr.
1442 2749 1503 2776 Vat.
1520 2749 1601 2782 i221,
1618 2746 1688 2785 p.'9;
1700 2753 1724 2775 al

122 2756 157 2780 (ε)
179 2756 198 2773 1.
215 2756 242 2774 ϐ.
257 2756 407 2779 ιιυσευειας
444 2756 473 2773 εν
488 2756 545 2773 εστι
570 2756 685 2781 πΛηρης.

119 2782 155 2821 (Γ)
216 2789 245 2809 ιιι
259 2781 354 2821 Matth.
369 2785 413 2811 ed.
424 2756 490 2810 iien.
507 2782 593 2815 175⁸2,
607 2791 632 2817 p.
648 2783 692 2810 8t).

936 2756 987 2783 ego
1005 2756 1056 2783 tegt
1071 2756 1098 2775 ιιι
1110 2756 1218 2776 vetnsm
1231 2756 1294 2779 cuu,
1312 2756 1428 2776 memttr.
1444 2756 1492 2776 vat

936 2783 1074 2821 editiones
1088 2784 1223 2821 mendose
1240 2785 1342 2821 habent
1363 2784 1496 2821 μέλγρας.

150 2818 158 2856 )
179 2816 260 2856 East.
276 2817 354 2856 I._tv._
421 2853 426 2856 _
568 2852 574 2856 _
600 2816 612 2856 ,ν
642 2853 647 2856 _
733 2853 739 2856 _
777 2853 782 2856 .

974 2819 1005 2856 (ι)
1031 2818 1073 2856 gr,
1097 2819 1183 2856 Quint.
1210 2824 1236 2847 et
1262 2816 1370 2856 Βιιιοιι.⁷
1389 2816 1547 2856 qui'eadem
1571 2823 1725 2849 senserunt.

150 2854 158 2886 )
181 2852 262 2886 Quod
289 2852 463 2889 Sophrmtius
480 2860 527 2888 per
551 2852 581 2879 τὸ
594 2853 702 2885 ἀπόνως
725 2853 882 2882 declarave-

973 2852 1000 2881 d.
1033 2852 1142 2890 Σὺνοψί
1161 2854 1229 2883 Crit,
1260 2855 1323 2883 hist.
1352 2852 1422 2883 διιεῖ.
1451 2855 1477 2883 ἰιι
1503 2862 1563 2890 cap.
1579 2862 1619 2886 ιιι,
1647 2862 1674 2881 ν.
1696 2862 1723 2886 ,πυ

91 2899 143 2920 xat.
940 2889 1034 2918 Matth.
