  <div class='ocr_page' id='page_1' title='image "/cluster/home/n/w/nwhite01/storage/ocr_20150623/87, pt.3/njp.32101010943817/604.png"; bbox 0 0 1905 3078; ppageno 0'>
   <div class='ocr_carea' id='block_1_1' title="bbox 87 130 155 163">
    <p class='ocr_par' dir='ltr' id='par_1_1' title="bbox 87 130 155 163">
     <span class='ocr_line' id='line_1_1' title="bbox 87 130 155 163; baseline -0.044 0"><span class='ocrx_word' id='word_1_1' title='bbox 87 130 155 163; x_wconf 74' lang='grc'><strong>3845</strong></span> 
     </span>
    </p>
   </div>
   <div class='ocr_carea' id='block_1_2' title="bbox 762 116 1004 159">
    <p class='ocr_par' dir='ltr' id='par_1_2' title="bbox 762 116 1004 159">
     <span class='ocr_line' id='line_1_2' title="bbox 762 116 1004 159; baseline -0.017 1"><span class='ocrx_word' id='word_1_2' title='bbox 762 116 771 123; x_wconf 84' lang='grc'><em>”</em></span> <span class='ocrx_word' id='word_1_3' title='bbox 802 127 1004 159; x_wconf 78' lang='lat' dir='ltr'><strong>TRIODIUM.</strong></span> 
     </span>
    </p>
   </div>
   <div class='ocr_carea' id='block_1_3' title="bbox 1636 123 1705 154">
    <p class='ocr_par' dir='ltr' id='par_1_3' title="bbox 1636 123 1705 154">
     <span class='ocr_line' id='line_1_3' title="bbox 1636 123 1705 154; baseline -0.014 0"><span class='ocrx_word' id='word_1_4' title='bbox 1636 123 1705 154; x_wconf 63' lang='lat' dir='ltr'><strong>33w</strong></span> 
     </span>
    </p>
   </div>
   <div class='ocr_carea' id='block_1_4' title="bbox 86 178 875 220">
    <p class='ocr_par' dir='ltr' id='par_1_4' title="bbox 86 183 874 220">
     <span class='ocr_line' id='line_1_4' title="bbox 86 183 874 220; baseline -0.003 -10"><span class='ocrx_word' id='word_1_5' title='bbox 86 186 199 218; x_wconf 64' lang='grc' dir='ltr'>ᾳώτισον</span> <span class='ocrx_word' id='word_1_6' title='bbox 220 185 292 215; x_wconf 61' lang='grc' dir='ltr'>φωτὶ</span> <span class='ocrx_word' id='word_1_7' title='bbox 310 185 423 220; x_wconf 72' lang='grc' dir='ltr'>ἀρετῶν,</span> <span class='ocrx_word' id='word_1_8' title='bbox 441 185 488 211; x_wconf 81' lang='grc' dir='ltr'>καὶ</span> <span class='ocrx_word' id='word_1_9' title='bbox 510 184 621 220; x_wconf 76' lang='grc' dir='ltr'>νηστείᾳ</span> <span class='ocrx_word' id='word_1_10' title='bbox 645 184 774 220; x_wconf 76' lang='grc' dir='ltr'>κάοαρον,</span> <span class='ocrx_word' id='word_1_11' title='bbox 790 183 874 212; x_wconf 73' lang='grc' dir='ltr'>διδοὺς</span> 
     </span>
    </p>
   </div>
   <div class='ocr_carea' id='block_1_5' title="bbox 944 178 1708 220">
    <p class='ocr_par' dir='ltr' id='par_1_5' title="bbox 946 178 1708 217">
     <span class='ocr_line' id='line_1_5' title="bbox 946 178 1708 217; baseline -0.007 -9"><span class='ocrx_word' id='word_1_12' title='bbox 946 183 999 208; x_wconf 76' lang='lat' dir='ltr'><strong>tina</strong></span> <span class='ocrx_word' id='word_1_13' title='bbox 1024 183 1127 217; x_wconf 75' lang='lat' dir='ltr'><strong>fulgore</strong></span> <span class='ocrx_word' id='word_1_14' title='bbox 1149 183 1289 212; x_wconf 64' lang='lat' dir='ltr'><strong>virtutum,</strong></span> <span class='ocrx_word' id='word_1_15' title='bbox 1311 179 1456 215; x_wconf 70' lang='lat' dir='ltr'><strong>(-tjrjunio</strong></span> <span class='ocrx_word' id='word_1_16' title='bbox 1473 178 1708 214; x_wconf 77' lang='lat' dir='ltr'><strong>purifica.conce-</strong></span> 
     </span>
    </p>
   </div>
   <div class='ocr_carea' id='block_1_6' title="bbox 86 227 875 265">
    <p class='ocr_par' dir='ltr' id='par_1_6' title="bbox 86 227 875 265">
     <span class='ocr_line' id='line_1_6' title="bbox 86 227 875 265; baseline -0.003 -9"><span class='ocrx_word' id='word_1_17' title='bbox 86 235 225 264; x_wconf 68' lang='grc' dir='ltr'>μκανοιαν</span> <span class='ocrx_word' id='word_1_18' title='bbox 241 231 409 265; x_wconf 74' lang='grc' dir='ltr'><strong>ἐπιστροφῆς</strong></span> <span class='ocrx_word' id='word_1_19' title='bbox 425 230 482 260; x_wconf 84' lang='grc' dir='ltr'>τοῖς</span> <span class='ocrx_word' id='word_1_20' title='bbox 496 229 601 261; x_wconf 79' lang='grc' dir='ltr'>δούλοις</span> <span class='ocrx_word' id='word_1_21' title='bbox 616 237 676 260; x_wconf 85' lang='grc' dir='ltr'>σου,</span> <span class='ocrx_word' id='word_1_22' title='bbox 691 229 730 260; x_wconf 80' lang='grc' dir='ltr'>εἰς</span> <span class='ocrx_word' id='word_1_23' title='bbox 746 228 778 254; x_wconf 75' lang='grc' dir='ltr'>τὸ</span> <span class='ocrx_word' id='word_1_24' title='bbox 799 227 875 259; x_wconf 79' lang='grc' dir='ltr'>δοξά-</span> 
     </span>
    </p>
   </div>
   <div class='ocr_carea' id='block_1_7' title="bbox 85 273 690 311">
    <p class='ocr_par' dir='ltr' id='par_1_7' title="bbox 85 273 690 311">
     <span class='ocr_line' id='line_1_7' title="bbox 85 273 690 311; baseline -0.003 -9"><span class='ocrx_word' id='word_1_25' title='bbox 85 276 139 306; x_wconf 70' lang='grc' dir='ltr'>ζειν</span> <span class='ocrx_word' id='word_1_26' title='bbox 157 285 203 308; x_wconf 88' lang='grc' dir='ltr'><strong>σε,</strong></span> <span class='ocrx_word' id='word_1_27' title='bbox 222 277 236 303; x_wconf 82' lang='grc' dir='ltr'><strong>ὁ</strong></span> <span class='ocrx_word' id='word_1_28' title='bbox 257 275 338 311; x_wconf 76' lang='grc' dir='ltr'>μόνος</span> <span class='ocrx_word' id='word_1_29' title='bbox 356 275 499 310; x_wconf 74' lang='grc' dir='ltr'>ὑπάρχων,</span> <span class='ocrx_word' id='word_1_30' title='bbox 522 273 690 309; x_wconf 83' lang='grc' dir='ltr'>ὑπεράγαθε.</span> 
     </span>
    </p>
   </div>
   <div class='ocr_carea' id='block_1_8' title="bbox 277 329 685 365">
    <p class='ocr_par' dir='ltr' id='par_1_8' title="bbox 277 329 685 365">
     <span class='ocr_line' id='line_1_8' title="bbox 277 329 685 365; baseline -0.007 -8"><span class='ocrx_word' id='word_1_31' title='bbox 277 330 449 365; x_wconf 73' lang='grc' dir='ltr'>Ἐλήλιιθας</span> <span class='ocrx_word' id='word_1_32' title='bbox 468 330 501 355; x_wconf 81' lang='grc' dir='ltr'>ἐκ</span> <span class='ocrx_word' id='word_1_33' title='bbox 521 329 685 364; x_wconf 75' lang='grc' dir='ltr'><strong>Παρθένου.</strong></span> 
     </span>
    </p>
   </div>
   <div class='ocr_carea' id='block_1_9' title="bbox 118 375 876 412">
    <p class='ocr_par' dir='ltr' id='par_1_9' title="bbox 118 375 876 412">
     <span class='ocr_line' id='line_1_9' title="bbox 118 375 876 412; baseline -0.003 -9"><span class='ocrx_word' id='word_1_34' title='bbox 118 377 295 412; x_wconf 73' lang='grc' dir='ltr'>Ἐγκρατείας</span> <span class='ocrx_word' id='word_1_35' title='bbox 311 377 360 408; x_wconf 78' lang='grc' dir='ltr'><strong>τὰς</strong></span> <span class='ocrx_word' id='word_1_36' title='bbox 375 376 462 410; x_wconf 79' lang='grc' dir='ltr'>αὐγὰς</span> <span class='ocrx_word' id='word_1_37' title='bbox 478 376 608 410; x_wconf 83' lang='grc' dir='ltr'><strong>δεχομένη</strong></span> <span class='ocrx_word' id='word_1_38' title='bbox 625 375 810 411; x_wconf 78' lang='grc' dir='ltr'>ἀστρὰφθητι,</span> <span class='ocrx_word' id='word_1_39' title='bbox 825 375 876 410; x_wconf 84' lang='grc' dir='ltr'><strong>ψυ-</strong></span> 
     </span>
    </p>
   </div>
   <div class='ocr_carea' id='block_1_10' title="bbox 86 420 876 457">
    <p class='ocr_par' dir='ltr' id='par_1_10' title="bbox 86 420 876 457">
     <span class='ocr_line' id='line_1_10' title="bbox 86 420 876 457; baseline -0.001 -8"><span class='ocrx_word' id='word_1_40' title='bbox 86 424 132 457; x_wconf 65' lang='grc' dir='ltr'>χὴ,</span> <span class='ocrx_word' id='word_1_41' title='bbox 146 424 192 449; x_wconf 80' lang='grc' dir='ltr'><strong>καὶ</strong></span> <span class='ocrx_word' id='word_1_42' title='bbox 206 423 332 457; x_wconf 74' lang='grc' dir='ltr'><strong>ἁπόφυγε</strong></span> <span class='ocrx_word' id='word_1_43' title='bbox 357 422 408 456; x_wconf 83' lang='grc' dir='ltr'>τῆς</span> <span class='ocrx_word' id='word_1_44' title='bbox 432 421 568 456; x_wconf 85' lang='grc' dir='ltr'>ἁμαρτίας</span> <span class='ocrx_word' id='word_1_45' title='bbox 584 421 634 456; x_wconf 86' lang='grc' dir='ltr'><strong>τὴν</strong></span> <span class='ocrx_word' id='word_1_46' title='bbox 656 420 786 455; x_wconf 73' lang='grc' dir='ltr'>ζόφωσιν,</span> <span class='ocrx_word' id='word_1_47' title='bbox 802 421 876 452; x_wconf 77' lang='grc' dir='ltr'>ὅπως</span> 
     </span>
    </p>
   </div>
   <div class='ocr_carea' id='block_1_11' title="bbox 83 467 874 504">
    <p class='ocr_par' dir='ltr' id='par_1_11' title="bbox 83 467 874 504">
     <span class='ocr_line' id='line_1_11' title="bbox 83 467 874 504; baseline -0.001 -10"><span class='ocrx_word' id='word_1_48' title='bbox 83 469 209 504; x_wconf 75' lang='grc' dir='ltr'><strong>ἀνατείλῃ</strong></span> <span class='ocrx_word' id='word_1_49' title='bbox 229 476 272 494; x_wconf 77' lang='grc' dir='ltr'><strong>σοι</strong></span> <span class='ocrx_word' id='word_1_50' title='bbox 291 469 308 503; x_wconf 79' lang='grc' dir='ltr'>ἡ</span> <span class='ocrx_word' id='word_1_51' title='bbox 326 468 378 502; x_wconf 82' lang='grc' dir='ltr'>τῆς</span> <span class='ocrx_word' id='word_1_52' title='bbox 397 467 521 502; x_wconf 67' lang='grc' dir='ltr'>ἀφέσεως</span> <span class='ocrx_word' id='word_1_53' title='bbox 540 467 623 501; x_wconf 63' lang='grc' dir='ltr'>αἴγλη</span> <span class='ocrx_word' id='word_1_54' title='bbox 642 467 706 501; x_wconf 57' lang='lat' dir='ltr'><strong>Oeta)</strong></span> <span class='ocrx_word' id='word_1_55' title='bbox 726 467 874 503; x_wconf 81' lang='grc' dir='ltr'>Πνεύματι.</span> 
     </span>
    </p>
   </div>
   <div class='ocr_carea' id='block_1_12' title="bbox 118 511 876 548">
    <p class='ocr_par' dir='ltr' id='par_1_12' title="bbox 118 511 876 548">
     <span class='ocr_line' id='line_1_12' title="bbox 118 511 876 548; baseline 0 -9"><span class='ocrx_word' id='word_1_56' title='bbox 118 514 273 548; x_wconf 74' lang='grc' dir='ltr'>’Λγκίστρῳ</span> <span class='ocrx_word' id='word_1_57' title='bbox 289 521 322 548; x_wconf 81' lang='grc' dir='ltr'><strong>με</strong></span> <span class='ocrx_word' id='word_1_58' title='bbox 339 511 436 548; x_wconf 69' lang='grc' dir='ltr'>ἡδονῆς</span> <span class='ocrx_word' id='word_1_59' title='bbox 458 512 587 544; x_wconf 76' lang='grc' dir='ltr'>δελεάσας</span> <span class='ocrx_word' id='word_1_60' title='bbox 600 512 613 538; x_wconf 81' lang='grc' dir='ltr'><strong>ό</strong></span> <span class='ocrx_word' id='word_1_61' title='bbox 629 512 714 544; x_wconf 73' lang='grc' dir='ltr'>δόλιος</span> <span class='ocrx_word' id='word_1_62' title='bbox 733 513 876 548; x_wconf 70' lang='grc' dir='ltr'>αἰχμάλω-</span> 
     </span>
    </p>
   </div>
   <div class='ocr_carea' id='block_1_13' title="bbox 84 557 876 593">
    <p class='ocr_par' dir='ltr' id='par_1_13' title="bbox 84 557 876 593">
     <span class='ocr_line' id='line_1_13' title="bbox 84 557 876 593; baseline 0 -10"><span class='ocrx_word' id='word_1_63' title='bbox 84 566 128 583; x_wconf 81' lang='grc' dir='ltr'><strong>τον</strong></span> <span class='ocrx_word' id='word_1_64' title='bbox 145 557 240 583; x_wconf 75' lang='grc' dir='ltr'>ἔλαὸεν</span> <span class='ocrx_word' id='word_1_65' title='bbox 251 565 258 571; x_wconf 94' lang='grc'><strong>·</strong></span> <span class='ocrx_word' id='word_1_66' title='bbox 274 557 333 583; x_wconf 78' lang='grc' dir='ltr'>ἀλλ’</span> <span class='ocrx_word' id='word_1_67' title='bbox 350 557 375 583; x_wconf 87' lang='grc' dir='ltr'>οἱ</span> <span class='ocrx_word' id='word_1_68' title='bbox 392 557 439 583; x_wconf 79' lang='grc' dir='ltr'>τὸν</span> <span class='ocrx_word' id='word_1_69' title='bbox 451 557 554 591; x_wconf 77' lang='grc' dir='ltr'>κόσμον</span> <span class='ocrx_word' id='word_1_70' title='bbox 568 557 711 584; x_wconf 74' lang='grc' dir='ltr'>ἀπόστολοι</span> <span class='ocrx_word' id='word_1_71' title='bbox 734 557 806 593; x_wconf 82' lang='grc' dir='ltr'><strong>λόγῳ</strong></span> <span class='ocrx_word' id='word_1_72' title='bbox 828 566 876 584; x_wconf 84' lang='grc' dir='ltr'>σα-</span> 
     </span>
    </p>
   </div>
   <div class='ocr_carea' id='block_1_14' title="bbox 83 601 850 638">
    <p class='ocr_par' dir='ltr' id='par_1_14' title="bbox 83 601 850 638">
     <span class='ocr_line' id='line_1_14' title="bbox 83 601 850 638; baseline 0.001 -10"><span class='ocrx_word' id='word_1_73' title='bbox 83 603 275 637; x_wconf 74' lang='grc' dir='ltr'>γηνεύσαντες,</span> <span class='ocrx_word' id='word_1_74' title='bbox 285 603 317 629; x_wconf 83' lang='grc' dir='ltr'>ὲκ</span> <span class='ocrx_word' id='word_1_75' title='bbox 325 603 374 637; x_wconf 81' lang='grc' dir='ltr'>τῆς</span> <span class='ocrx_word' id='word_1_76' title='bbox 383 602 466 628; x_wconf 81' lang='grc' dir='ltr'>αὑτοῦ</span> <span class='ocrx_word' id='word_1_77' title='bbox 478 611 511 636; x_wconf 76' lang='grc' dir='ltr'><strong>με</strong></span> <span class='ocrx_word' id='word_1_78' title='bbox 523 601 621 633; x_wconf 80' lang='grc' dir='ltr'>κακίας</span> <span class='ocrx_word' id='word_1_79' title='bbox 632 602 850 638; x_wconf 73' lang='grc' dir='ltr'>ἐκλυτρὼσασθε.</span> 
     </span>
    </p>
   </div>
   <div class='ocr_carea' id='block_1_15' title="bbox 117 647 876 683">
    <p class='ocr_par' dir='ltr' id='par_1_15' title="bbox 117 647 876 683">
     <span class='ocr_line' id='line_1_15' title="bbox 117 647 876 683; baseline 0 -9"><span class='ocrx_word' id='word_1_80' title='bbox 117 648 272 683; x_wconf 73' lang='grc' dir='ltr'>Ἐδείχθητε</span> <span class='ocrx_word' id='word_1_81' title='bbox 286 647 333 674; x_wconf 82' lang='grc' dir='ltr'><strong>τοῦ</strong></span> <span class='ocrx_word' id='word_1_82' title='bbox 349 648 439 674; x_wconf 82' lang='grc' dir='ltr'>Ἡλίου</span> <span class='ocrx_word' id='word_1_83' title='bbox 453 648 502 682; x_wconf 84' lang='grc' dir='ltr'><strong>τῆς</strong></span> <span class='ocrx_word' id='word_1_84' title='bbox 517 647 595 683; x_wconf 71' lang='grc' dir='ltr'>δὸξης</span> <span class='ocrx_word' id='word_1_85' title='bbox 613 648 789 682; x_wconf 79' lang='grc' dir='ltr'>αὑγάσματα,</span> <span class='ocrx_word' id='word_1_86' title='bbox 809 649 876 674; x_wconf 78' lang='grc' dir='ltr'><strong>ἀπό-</strong></span> 
     </span>
    </p>
   </div>
   <div class='ocr_carea' id='block_1_16' title="bbox 85 693 875 728">
    <p class='ocr_par' dir='ltr' id='par_1_16' title="bbox 85 693 875 728">
     <span class='ocr_line' id='line_1_16' title="bbox 85 693 875 728; baseline 0.001 -9"><span class='ocrx_word' id='word_1_87' title='bbox 85 694 170 719; x_wconf 79' lang='grc' dir='ltr'>στολοι</span> <span class='ocrx_word' id='word_1_88' title='bbox 189 693 308 726; x_wconf 73' lang='grc' dir='ltr'>ἔνδοξοι,</span> <span class='ocrx_word' id='word_1_89' title='bbox 331 693 436 728; x_wconf 82' lang='grc' dir='ltr'>πλάνης</span> <span class='ocrx_word' id='word_1_90' title='bbox 450 694 535 728; x_wconf 77' lang='grc' dir='ltr'>ἀχλὺν</span> <span class='ocrx_word' id='word_1_91' title='bbox 550 694 748 726; x_wconf 74' lang='grc' dir='ltr'><strong>ἀπελαύνοντες</strong></span> <span class='ocrx_word' id='word_1_92' title='bbox 758 702 765 709; x_wconf 80' lang='grc'><strong><em>⁸</em></strong></span> <span class='ocrx_word' id='word_1_93' title='bbox 784 694 831 720; x_wconf 82' lang='grc' dir='ltr'><strong>νῦν</strong></span> <span class='ocrx_word' id='word_1_94' title='bbox 846 694 875 720; x_wconf 81' lang='grc' dir='ltr'>δέ</span> 
     </span>
    </p>
   </div>
   <div class='ocr_carea' id='block_1_17' title="bbox 85 739 874 775">
    <p class='ocr_par' dir='ltr' id='par_1_17' title="bbox 85 739 874 775">
     <span class='ocr_line' id='line_1_17' title="bbox 85 739 874 775; baseline 0 -9"><span class='ocrx_word' id='word_1_95' title='bbox 85 748 118 775; x_wconf 90' lang='grc' dir='ltr'><strong>με</strong></span> <span class='ocrx_word' id='word_1_96' title='bbox 137 739 274 773; x_wconf 73' lang='grc' dir='ltr'>φωτίσατε</span> <span class='ocrx_word' id='word_1_97' title='bbox 300 739 347 766; x_wconf 82' lang='grc' dir='ltr'>τὸν</span> <span class='ocrx_word' id='word_1_98' title='bbox 371 739 424 766; x_wconf 77' lang='grc' dir='ltr'><strong>ὑπὸ</strong></span> <span class='ocrx_word' id='word_1_99' title='bbox 443 740 534 775; x_wconf 80' lang='grc' dir='ltr'><strong>πάσης</strong></span> <span class='ocrx_word' id='word_1_100' title='bbox 554 741 654 771; x_wconf 78' lang='grc' dir='ltr'><strong>κακίας</strong></span> <span class='ocrx_word' id='word_1_101' title='bbox 675 740 874 775; x_wconf 83' lang='grc' dir='ltr'>σκοτιζόμενον.</span> 
     </span>
    </p>
   </div>
   <div class='ocr_carea' id='block_1_18' title="bbox 118 785 878 822">
    <p class='ocr_par' dir='ltr' id='par_1_18' title="bbox 118 785 878 822">
     <span class='ocr_line' id='line_1_18' title="bbox 118 785 878 822; baseline 0.001 -11"><span class='ocrx_word' id='word_1_102' title='bbox 118 785 297 820; x_wconf 74' lang='grc' dir='ltr'>Κεκράξομαι</span> <span class='ocrx_word' id='word_1_103' title='bbox 314 785 344 812; x_wconf 72' lang='grc' dir='ltr'>ἔν</span> <span class='ocrx_word' id='word_1_104' title='bbox 358 785 438 812; x_wconf 81' lang='grc' dir='ltr'>νυκτὶ</span> <span class='ocrx_word' id='word_1_105' title='bbox 459 785 506 812; x_wconf 76' lang='grc' dir='ltr'>καὶ</span> <span class='ocrx_word' id='word_1_106' title='bbox 529 786 622 822; x_wconf 81' lang='grc' dir='ltr'>ἡμέρᾳ</span> <span class='ocrx_word' id='word_1_107' title='bbox 637 786 794 821; x_wconf 77' lang='grc' dir='ltr'>θλιϐόμενος</span> <span class='ocrx_word' id='word_1_108' title='bbox 809 786 878 821; x_wconf 82' lang='grc' dir='ltr'>πρὸς</span> 
     </span>
    </p>
   </div>
   <div class='ocr_carea' id='block_1_19' title="bbox 85 829 878 866">
    <p class='ocr_par' dir='ltr' id='par_1_19' title="bbox 85 829 878 866">
     <span class='ocr_line' id='line_1_19' title="bbox 85 829 878 866; baseline 0.001 -11"><span class='ocrx_word' id='word_1_109' title='bbox 85 830 123 861; x_wconf 70' lang='grc' dir='ltr'>οὲ,</span> <span class='ocrx_word' id='word_1_110' title='bbox 138 829 186 856; x_wconf 75' lang='grc' dir='ltr'>καὶ</span> <span class='ocrx_word' id='word_1_111' title='bbox 203 830 391 865; x_wconf 80' lang='grc' dir='ltr'>ῥυσοήσομαι,</span> <span class='ocrx_word' id='word_1_112' title='bbox 407 831 455 857; x_wconf 78' lang='grc' dir='ltr'>καὶ</span> <span class='ocrx_word' id='word_1_113' title='bbox 480 830 582 866; x_wconf 80' lang='grc' dir='ltr'><strong>ἡδονῶν</strong></span> <span class='ocrx_word' id='word_1_114' title='bbox 605 831 798 866; x_wconf 71' lang='grc' dir='ltr'>ὑπερϐήσομαι</span> <span class='ocrx_word' id='word_1_115' title='bbox 823 831 878 856; x_wconf 78' lang='grc' dir='ltr'>τεί-</span> 
     </span>
    </p>
   </div>
   <div class='ocr_carea' id='block_1_20' title="bbox 83 876 877 912">
    <p class='ocr_par' dir='ltr' id='par_1_20' title="bbox 83 876 877 912">
     <span class='ocr_line' id='line_1_20' title="bbox 83 876 877 912; baseline 0.003 -11"><span class='ocrx_word' id='word_1_116' title='bbox 83 883 162 909; x_wconf 65' lang='grc' dir='ltr'>χους,</span> <span class='ocrx_word' id='word_1_117' title='bbox 181 876 230 903; x_wconf 81' lang='grc' dir='ltr'>καὶ</span> <span class='ocrx_word' id='word_1_118' title='bbox 248 876 423 912; x_wconf 76' lang='grc' dir='ltr'>σωθήσομαι,</span> <span class='ocrx_word' id='word_1_119' title='bbox 439 877 474 912; x_wconf 73' lang='grc' dir='ltr'>τῇ</span> <span class='ocrx_word' id='word_1_120' title='bbox 493 877 680 912; x_wconf 79' lang='grc' dir='ltr'>σῇ,ι“Ιάρθενε,</span> <span class='ocrx_word' id='word_1_121' title='bbox 699 877 811 912; x_wconf 79' lang='grc' dir='ltr'>δυνάμει</span> <span class='ocrx_word' id='word_1_122' title='bbox 821 884 877 903; x_wconf 85' lang='grc' dir='ltr'>τει-</span> 
     </span>
    </p>
   </div>
   <div class='ocr_carea' id='block_1_21' title="bbox 86 922 239 957">
    <p class='ocr_par' dir='ltr' id='par_1_21' title="bbox 86 922 239 957">
     <span class='ocr_line' id='line_1_21' title="bbox 86 922 239 957; baseline 0 -10"><span class='ocrx_word' id='word_1_123' title='bbox 86 922 239 957; x_wconf 72' lang='grc' dir='ltr'>χιςόμενος.</span> 
     </span>
    </p>
   </div>
   <div class='ocr_carea' id='block_1_22' title="bbox 262 975 704 1012">
    <p class='ocr_par' dir='ltr' id='par_1_22' title="bbox 262 975 704 1012">
     <span class='ocr_line' id='line_1_22' title="bbox 262 975 704 1012; baseline 0.005 -9"><span class='ocrx_word' id='word_1_124' title='bbox 262 975 308 1010; x_wconf 84' lang='grc' dir='ltr'><strong>Τῷ</strong></span> <span class='ocrx_word' id='word_1_125' title='bbox 327 975 451 1012; x_wconf 78' lang='grc' dir='ltr'><strong>δόγματι</strong></span> <span class='ocrx_word' id='word_1_126' title='bbox 470 977 510 1010; x_wconf 79' lang='grc' dir='ltr'>τῷ</span> <span class='ocrx_word' id='word_1_127' title='bbox 528 975 704 1012; x_wconf 62' lang='grc' dir='ltr'>τιιραννικῷ.</span> 
     </span>
    </p>
   </div>
   <div class='ocr_carea' id='block_1_23' title="bbox 118 1019 877 1058">
    <p class='ocr_par' dir='ltr' id='par_1_23' title="bbox 118 1019 877 1058">
     <span class='ocr_line' id='line_1_23' title="bbox 118 1019 877 1058; baseline 0.004 -12"><span class='ocrx_word' id='word_1_128' title='bbox 118 1019 324 1057; x_wconf 79' lang='grc' dir='ltr'>Νηστεύσωμεν</span> <span class='ocrx_word' id='word_1_129' title='bbox 339 1022 430 1057; x_wconf 83' lang='grc' dir='ltr'>πάσης</span> <span class='ocrx_word' id='word_1_130' title='bbox 445 1022 553 1057; x_wconf 77' lang='grc' dir='ltr'><strong>ἡδονῆς,</strong></span> <span class='ocrx_word' id='word_1_131' title='bbox 567 1023 757 1058; x_wconf 74' lang='grc' dir='ltr'>πικραινοντες</span> <span class='ocrx_word' id='word_1_132' title='bbox 770 1022 819 1057; x_wconf 75' lang='grc' dir='ltr'>τὴν</span> <span class='ocrx_word' id='word_1_133' title='bbox 833 1022 877 1049; x_wconf 76' lang='grc' dir='ltr'><strong>αἵ-</strong></span> 
     </span>
    </p>
   </div>
   <div class='ocr_carea' id='block_1_24' title="bbox 85 1065 878 1103">
    <p class='ocr_par' dir='ltr' id='par_1_24' title="bbox 85 1065 878 1103">
     <span class='ocr_line' id='line_1_24' title="bbox 85 1065 878 1103; baseline 0.004 -12"><span class='ocrx_word' id='word_1_134' title='bbox 85 1065 180 1101; x_wconf 77' lang='grc' dir='ltr'>σθησιν</span> <span class='ocrx_word' id='word_1_135' title='bbox 193 1067 324 1103; x_wconf 72' lang='grc' dir='ltr'>νηστεία,</span> <span class='ocrx_word' id='word_1_136' title='bbox 345 1067 392 1094; x_wconf 78' lang='grc' dir='ltr'>καὶ</span> <span class='ocrx_word' id='word_1_137' title='bbox 407 1067 581 1101; x_wconf 77' lang='grc' dir='ltr'><strong>κατανύξεως</strong></span> <span class='ocrx_word' id='word_1_138' title='bbox 599 1068 675 1102; x_wconf 77' lang='grc' dir='ltr'>πόμα</span> <span class='ocrx_word' id='word_1_139' title='bbox 688 1067 797 1103; x_wconf 84' lang='grc' dir='ltr'>θερμῶς</span> <span class='ocrx_word' id='word_1_140' title='bbox 810 1068 878 1095; x_wconf 85' lang='grc' dir='ltr'><strong>πιώ-</strong></span> 
     </span>
    </p>
   </div>
   <div class='ocr_carea' id='block_1_25' title="bbox 86 1112 664 1148">
    <p class='ocr_par' dir='ltr' id='par_1_25' title="bbox 86 1112 664 1148">
     <span class='ocr_line' id='line_1_25' title="bbox 86 1112 664 1148; baseline 0.003 -10"><span class='ocrx_word' id='word_1_141' title='bbox 86 1112 155 1147; x_wconf 81' lang='grc' dir='ltr'>μεθα</span> <span class='ocrx_word' id='word_1_142' title='bbox 174 1112 332 1147; x_wconf 56' lang='grc' dir='ltr'>ψάλλοντες·</span> <span class='ocrx_word' id='word_1_143' title='bbox 354 1113 509 1148; x_wconf 82' lang='grc' dir='ltr'>Εὑλογεττε,</span> <span class='ocrx_word' id='word_1_144' title='bbox 529 1113 563 1140; x_wconf 82' lang='grc' dir='ltr'>τὰ</span> <span class='ocrx_word' id='word_1_145' title='bbox 584 1113 664 1148; x_wconf 76' lang='grc' dir='ltr'>ἔργα.</span> 
     </span>
    </p>
   </div>
   <div class='ocr_carea' id='block_1_26' title="bbox 119 1158 878 1194">
    <p class='ocr_par' dir='ltr' id='par_1_26' title="bbox 119 1158 878 1194">
     <span class='ocr_line' id='line_1_26' title="bbox 119 1158 878 1194; baseline -0.001 -9"><span class='ocrx_word' id='word_1_146' title='bbox 119 1158 178 1193; x_wconf 85' lang='grc' dir='ltr'><strong>Τῆς</strong></span> <span class='ocrx_word' id='word_1_147' title='bbox 195 1158 318 1190; x_wconf 71' lang='grc' dir='ltr'>στάσεως</span> <span class='ocrx_word' id='word_1_148' title='bbox 331 1159 380 1194; x_wconf 82' lang='grc' dir='ltr'>τῆς</span> <span class='ocrx_word' id='word_1_149' title='bbox 400 1159 433 1186; x_wconf 69' lang='grc' dir='ltr'>ἐκ</span> <span class='ocrx_word' id='word_1_150' title='bbox 447 1158 544 1191; x_wconf 81' lang='grc' dir='ltr'><strong>δεξιῶν</strong></span> <span class='ocrx_word' id='word_1_151' title='bbox 558 1159 684 1193; x_wconf 84' lang='grc' dir='ltr'>γενέσθαι</span> <span class='ocrx_word' id='word_1_152' title='bbox 702 1158 830 1185; x_wconf 84' lang='grc' dir='ltr'>κοινωνόν</span> <span class='ocrx_word' id='word_1_153' title='bbox 844 1167 878 1193; x_wconf 74' lang='grc' dir='ltr'><strong>με</strong></span> 
     </span>
    </p>
   </div>
   <div class='ocr_carea' id='block_1_27' title="bbox 89 1203 880 1240">
    <p class='ocr_par' dir='ltr' id='par_1_27' title="bbox 89 1203 880 1240">
     <span class='ocr_line' id='line_1_27' title="bbox 89 1203 880 1240; baseline 0.001 -10"><span class='ocrx_word' id='word_1_154' title='bbox 89 1203 255 1237; x_wconf 78' lang='grc' dir='ltr'>δυσωπεῖτε,</span> <span class='ocrx_word' id='word_1_155' title='bbox 273 1204 312 1230; x_wconf 77' lang='grc' dir='ltr'><strong>ὅτ’</strong></span> <span class='ocrx_word' id='word_1_156' title='bbox 323 1204 356 1231; x_wconf 80' lang='grc' dir='ltr'><strong>ἂν</strong></span> <span class='ocrx_word' id='word_1_157' title='bbox 370 1204 503 1239; x_wconf 78' lang='grc' dir='ltr'>καοίσητε</span> <span class='ocrx_word' id='word_1_158' title='bbox 515 1205 606 1240; x_wconf 80' lang='grc' dir='ltr'>κρίναι</span> <span class='ocrx_word' id='word_1_159' title='bbox 622 1204 735 1240; x_wconf 80' lang='grc' dir='ltr'>βροτοὺς</span> <span class='ocrx_word' id='word_1_160' title='bbox 750 1205 798 1231; x_wconf 80' lang='grc' dir='ltr'><strong>σὺν</strong></span> <span class='ocrx_word' id='word_1_161' title='bbox 812 1205 880 1240; x_wconf 86' lang='grc' dir='ltr'>Χρι-</span> 
     </span>
    </p>
   </div>
   <div class='ocr_carea' id='block_1_28' title="bbox 85 1250 877 1286">
    <p class='ocr_par' dir='ltr' id='par_1_28' title="bbox 85 1250 877 1286">
     <span class='ocr_line' id='line_1_28' title="bbox 85 1250 877 1286; baseline 0.001 -11"><span class='ocrx_word' id='word_1_162' title='bbox 85 1250 151 1284; x_wconf 79' lang='grc' dir='ltr'>στῷ,</span> <span class='ocrx_word' id='word_1_163' title='bbox 164 1250 319 1282; x_wconf 79' lang='grc' dir='ltr'><strong>ἀπόστολοι,</strong></span> <span class='ocrx_word' id='word_1_164' title='bbox 332 1250 378 1277; x_wconf 80' lang='grc' dir='ltr'><strong>τὸν</strong></span> <span class='ocrx_word' id='word_1_165' title='bbox 395 1250 508 1282; x_wconf 80' lang='grc' dir='ltr'>πολλαῖς</span> <span class='ocrx_word' id='word_1_166' title='bbox 527 1251 677 1286; x_wconf 76' lang='grc' dir='ltr'>ἁμαρτίαις</span> <span class='ocrx_word' id='word_1_167' title='bbox 694 1251 810 1286; x_wconf 82' lang='grc' dir='ltr'>κρίσεως</span> <span class='ocrx_word' id='word_1_168' title='bbox 825 1251 877 1277; x_wconf 77' lang='grc' dir='ltr'><strong>ὑπ-</strong></span> 
     </span>
    </p>
   </div>
   <div class='ocr_carea' id='block_1_29' title="bbox 83 1295 205 1323">
    <p class='ocr_par' dir='ltr' id='par_1_29' title="bbox 83 1295 205 1323">
     <span class='ocr_line' id='line_1_29' title="bbox 83 1295 205 1323; baseline 0.008 -2"><span class='ocrx_word' id='word_1_169' title='bbox 83 1295 205 1323; x_wconf 74' lang='grc' dir='ltr'>εὐθυνον.</span> 
     </span>
    </p>
   </div>
   <div class='ocr_carea' id='block_1_30' title="bbox 118 1340 878 1377">
    <p class='ocr_par' dir='ltr' id='par_1_30' title="bbox 118 1340 878 1377">
     <span class='ocr_line' id='line_1_30' title="bbox 118 1340 878 1377; baseline 0.001 -10"><span class='ocrx_word' id='word_1_170' title='bbox 118 1341 164 1367; x_wconf 82' lang='lat' dir='ltr'><strong>‘Ev</strong></span> <span class='ocrx_word' id='word_1_171' title='bbox 187 1341 291 1377; x_wconf 78' lang='grc' dir='ltr'>άρματι</span> <span class='ocrx_word' id='word_1_172' title='bbox 316 1340 398 1368; x_wconf 75' lang='grc' dir='ltr'>θείων</span> <span class='ocrx_word' id='word_1_173' title='bbox 420 1341 535 1377; x_wconf 79' lang='grc' dir='ltr'><strong>ἀρετῶν,</strong></span> <span class='ocrx_word' id='word_1_174' title='bbox 548 1341 661 1377; x_wconf 75' lang='grc' dir='ltr'><strong>νηστείᾳ</strong></span> <span class='ocrx_word' id='word_1_175' title='bbox 683 1341 878 1377; x_wconf 77' lang='grc' dir='ltr'>καθαρθέντες,</span> 
     </span>
    </p>
   </div>
   <div class='ocr_carea' id='block_1_31' title="bbox 84 1385 879 1422">
    <p class='ocr_par' dir='ltr' id='par_1_31' title="bbox 84 1385 879 1422">
     <span class='ocr_line' id='line_1_31' title="bbox 84 1385 879 1422; baseline 0.003 -10"><span class='ocrx_word' id='word_1_176' title='bbox 84 1385 238 1420; x_wconf 73' lang='grc' dir='ltr'>ιπιδῶμεν,</span> <span class='ocrx_word' id='word_1_177' title='bbox 250 1387 299 1412; x_wconf 83' lang='grc' dir='ltr'>καὶ</span> <span class='ocrx_word' id='word_1_178' title='bbox 311 1386 380 1422; x_wconf 82' lang='grc' dir='ltr'>πρὸς</span> <span class='ocrx_word' id='word_1_179' title='bbox 396 1387 518 1422; x_wconf 69' lang='grc' dir='ltr'>αἰθέριον</span> <span class='ocrx_word' id='word_1_180' title='bbox 532 1386 600 1422; x_wconf 73' lang='grc' dir='ltr'>ὕψος</span> <span class='ocrx_word' id='word_1_181' title='bbox 612 1387 658 1414; x_wconf 79' lang='grc' dir='ltr'><strong>τὸν</strong></span> <span class='ocrx_word' id='word_1_182' title='bbox 673 1386 736 1414; x_wconf 91' lang='grc' dir='ltr'>νοῦν</span> <span class='ocrx_word' id='word_1_183' title='bbox 753 1386 879 1415; x_wconf 69' lang='grc' dir='ltr'>πετάσο-</span> 
     </span>
    </p>
   </div>
   <div class='ocr_carea' id='block_1_32' title="bbox 87 1431 619 1467">
    <p class='ocr_par' dir='ltr' id='par_1_32' title="bbox 87 1431 619 1467">
     <span class='ocr_line' id='line_1_32' title="bbox 87 1431 619 1467; baseline 0.002 -10"><span class='ocrx_word' id='word_1_184' title='bbox 87 1439 146 1466; x_wconf 73' lang='grc' dir='ltr'>μεν,</span> <span class='ocrx_word' id='word_1_185' title='bbox 165 1431 314 1466; x_wconf 78' lang='grc' dir='ltr'>ψάλλοντες</span> <span class='ocrx_word' id='word_1_186' title='bbox 322 1431 363 1465; x_wconf 74' lang='grc' dir='ltr'>τὸ,</span> <span class='ocrx_word' id='word_1_187' title='bbox 377 1431 619 1467; x_wconf 75' lang='grc' dir='ltr'>Εὐλογεῑτε,εργα.</span> 
     </span>
    </p>
   </div>
   <div class='ocr_carea' id='block_1_33' title="bbox 117 1521 913 1559">
    <p class='ocr_par' dir='ltr' id='par_1_33' title="bbox 117 1521 913 1559">
     <span class='ocr_line' id='line_1_33' title="bbox 117 1521 913 1559; baseline 0.001 -10"><span class='ocrx_word' id='word_1_188' title='bbox 117 1523 264 1558; x_wconf 76' lang='grc' dir='ltr'>Διέμεινας</span> <span class='ocrx_word' id='word_1_189' title='bbox 277 1523 424 1557; x_wconf 77' lang='grc' dir='ltr'>ᾶφλεκτος,</span> <span class='ocrx_word' id='word_1_190' title='bbox 436 1522 468 1550; x_wconf 82' lang='grc' dir='ltr'>τὺ</span> <span class='ocrx_word' id='word_1_191' title='bbox 476 1521 533 1559; x_wconf 74' lang='grc' dir='ltr'>πῦρ</span> <span class='ocrx_word' id='word_1_192' title='bbox 544 1522 663 1550; x_wconf 69' lang='grc' dir='ltr'>τεκοῦσα</span> <span class='ocrx_word' id='word_1_193' title='bbox 674 1523 725 1559; x_wconf 81' lang='grc' dir='ltr'><strong>τῆς</strong></span> <span class='ocrx_word' id='word_1_194' title='bbox 739 1523 877 1558; x_wconf 76' lang='grc' dir='ltr'>θεότητος,</span> <span class='ocrx_word' id='word_1_195' title='bbox 891 1529 913 1559; x_wconf 82' lang='lat' dir='ltr'><strong>c</strong></span> 
     </span>
    </p>
   </div>
   <div class='ocr_carea' id='block_1_34' title="bbox 86 1568 879 1605">
    <p class='ocr_par' dir='ltr' id='par_1_34' title="bbox 86 1568 879 1605">
     <span class='ocr_line' id='line_1_34' title="bbox 86 1568 879 1605; baseline 0.001 -10"><span class='ocrx_word' id='word_1_196' title='bbox 86 1568 208 1605; x_wconf 79' lang='grc' dir='ltr'>Παροένε</span> <span class='ocrx_word' id='word_1_197' title='bbox 217 1576 225 1583; x_wconf 87' lang='grc'>·</span> <span class='ocrx_word' id='word_1_198' title='bbox 240 1569 310 1596; x_wconf 79' lang='grc' dir='ltr'>ἀλλὰ</span> <span class='ocrx_word' id='word_1_199' title='bbox 329 1569 500 1603; x_wconf 70' lang='grc' dir='ltr'>κατάφλεξον</span> <span class='ocrx_word' id='word_1_200' title='bbox 520 1569 595 1604; x_wconf 83' lang='grc' dir='ltr'>πάθη</span> <span class='ocrx_word' id='word_1_201' title='bbox 609 1569 714 1605; x_wconf 78' lang='grc' dir='ltr'>ψυχῶν,</span> <span class='ocrx_word' id='word_1_202' title='bbox 726 1569 781 1596; x_wconf 84' lang='grc' dir='ltr'><strong>τῶν</strong></span> <span class='ocrx_word' id='word_1_203' title='bbox 796 1569 879 1605; x_wconf 87' lang='grc' dir='ltr'>βοών-</span> 
     </span>
    </p>
   </div>
   <div class='ocr_carea' id='block_1_35' title="bbox 84 1614 614 1650">
    <p class='ocr_par' dir='ltr' id='par_1_35' title="bbox 84 1614 614 1650">
     <span class='ocr_line' id='line_1_35' title="bbox 84 1614 614 1650; baseline 0.002 -10"><span class='ocrx_word' id='word_1_204' title='bbox 84 1622 138 1641; x_wconf 79' lang='grc' dir='ltr'><strong>των</strong></span> <span class='ocrx_word' id='word_1_205' title='bbox 156 1614 285 1641; x_wconf 80' lang='grc' dir='ltr'>πάντοτε¹</span> <span class='ocrx_word' id='word_1_206' title='bbox 305 1615 463 1649; x_wconf 77' lang='grc' dir='ltr'>Εὐλογεῖτε,</span> <span class='ocrx_word' id='word_1_207' title='bbox 481 1614 517 1641; x_wconf 86' lang='grc' dir='ltr'>τὰ</span> <span class='ocrx_word' id='word_1_208' title='bbox 533 1615 614 1650; x_wconf 73' lang='grc' dir='ltr'>ἔργα.</span> 
     </span>
    </p>
   </div>
   <div class='ocr_carea' id='block_1_36' title="bbox 107 1660 854 1696">
    <p class='ocr_par' dir='ltr' id='par_1_36' title="bbox 107 1660 854 1696">
     <span class='ocr_line' id='line_1_36' title="bbox 107 1660 854 1696; baseline 0 -8"><span class='ocrx_word' id='word_1_209' title='bbox 107 1660 144 1688; x_wconf 83' lang='grc' dir='ltr'><em>Ἦ</em></span> <span class='ocrx_word' id='word_1_210' title='bbox 160 1662 214 1687; x_wconf 81' lang='grc' dir='ltr'><strong>τὸν</strong></span> <span class='ocrx_word' id='word_1_211' title='bbox 233 1660 389 1695; x_wconf 74' lang='grc' dir='ltr'>ἁχώρητον</span> <span class='ocrx_word' id='word_1_212' title='bbox 408 1660 483 1688; x_wconf 75' lang='grc' dir='ltr'><strong>Θεὸν</strong></span> <span class='ocrx_word' id='word_1_213' title='bbox 501 1661 536 1688; x_wconf 80' lang='grc' dir='ltr'><strong>ὲν</strong></span> <span class='ocrx_word' id='word_1_214' title='bbox 553 1661 660 1696; x_wconf 75' lang='grc' dir='ltr'>γαστρὶ</span> <span class='ocrx_word' id='word_1_215' title='bbox 679 1661 854 1696; x_wconf 72' lang='grc' dir='ltr'>χοῳήσασα.</span> 
     </span>
    </p>
   </div>
   <div class='ocr_carea' id='block_1_37' title="bbox 118 1707 879 1744">
    <p class='ocr_par' dir='ltr' id='par_1_37' title="bbox 118 1707 879 1744">
     <span class='ocr_line' id='line_1_37' title="bbox 118 1707 879 1744; baseline 0.003 -11"><span class='ocrx_word' id='word_1_216' title='bbox 118 1707 343 1742; x_wconf 78' lang='grc' dir='ltr'>’Λπερῤιμμένος</span> <span class='ocrx_word' id='word_1_217' title='bbox 353 1707 458 1742; x_wconf 72' lang='grc' dir='ltr'>ἡδονῶν</span> <span class='ocrx_word' id='word_1_218' title='bbox 468 1708 568 1743; x_wconf 85' lang='grc' dir='ltr'>ἀχανὲς</span> <span class='ocrx_word' id='word_1_219' title='bbox 581 1709 620 1739; x_wconf 80' lang='grc' dir='ltr'><strong>εἰς</strong></span> <span class='ocrx_word' id='word_1_220' title='bbox 633 1708 762 1742; x_wconf 79' lang='grc' dir='ltr'>πέλαγος,</span> <span class='ocrx_word' id='word_1_221' title='bbox 771 1708 820 1744; x_wconf 77' lang='grc' dir='ltr'>τὴν</span> <span class='ocrx_word' id='word_1_222' title='bbox 830 1709 879 1744; x_wconf 81' lang='grc' dir='ltr'><strong>τῆς</strong></span> 
     </span>
    </p>
   </div>
   <div class='ocr_carea' id='block_1_38' title="bbox 87 1752 878 1790">
    <p class='ocr_par' dir='ltr' id='par_1_38' title="bbox 87 1752 878 1790">
     <span class='ocr_line' id='line_1_38' title="bbox 87 1752 878 1790; baseline 0.004 -13"><span class='ocrx_word' id='word_1_223' title='bbox 87 1753 134 1787; x_wconf 78' lang='grc' dir='ltr'>σῆς</span> <span class='ocrx_word' id='word_1_224' title='bbox 141 1752 345 1787; x_wconf 80' lang='grc' dir='ltr'>εὐσπλαγχνίας</span> <span class='ocrx_word' id='word_1_225' title='bbox 360 1752 478 1780; x_wconf 78' lang='grc' dir='ltr'>ἆὸυσσον</span> <span class='ocrx_word' id='word_1_226' title='bbox 489 1753 694 1789; x_wconf 63' lang='grc' dir='ltr'>προσκαλοῦμαι</span> <span class='ocrx_word' id='word_1_227' title='bbox 704 1763 710 1770; x_wconf 94' lang='grc'><strong>·</strong></span> <span class='ocrx_word' id='word_1_228' title='bbox 724 1754 814 1780; x_wconf 81' lang='grc' dir='ltr'>Σῶσόν</span> <span class='ocrx_word' id='word_1_229' title='bbox 834 1762 878 1790; x_wconf 83' lang='grc' dir='ltr'><strong>με,</strong></span> 
     </span>
    </p>
   </div>
   <div class='ocr_carea' id='block_1_39' title="bbox 86 1798 261 1834">
    <p class='ocr_par' dir='ltr' id='par_1_39' title="bbox 86 1798 261 1834">
     <span class='ocr_line' id='line_1_39' title="bbox 86 1798 261 1834; baseline 0.006 -10"><span class='ocrx_word' id='word_1_230' title='bbox 86 1798 261 1834; x_wconf 72' lang='grc' dir='ltr'>Κυϐερνήτα.</span> 
     </span>
    </p>
   </div>
   <div class='ocr_carea' id='block_1_40' title="bbox 118 1844 879 1881">
    <p class='ocr_par' dir='ltr' id='par_1_40' title="bbox 118 1844 879 1881">
     <span class='ocr_line' id='line_1_40' title="bbox 118 1844 879 1881; baseline 0.005 -11"><span class='ocrx_word' id='word_1_231' title='bbox 118 1844 177 1880; x_wconf 76' lang='grc' dir='ltr'><strong>Τῆς</strong></span> <span class='ocrx_word' id='word_1_232' title='bbox 185 1844 412 1880; x_wconf 73' lang='grc' dir='ltr'>εὐσπλαγχνίαςή</span> <span class='ocrx_word' id='word_1_233' title='bbox 421 1846 508 1880; x_wconf 81' lang='grc' dir='ltr'>πηγὴ,</span> <span class='ocrx_word' id='word_1_234' title='bbox 518 1846 563 1877; x_wconf 80' lang='grc' dir='ltr'>δός</span> <span class='ocrx_word' id='word_1_235' title='bbox 576 1855 621 1881; x_wconf 82' lang='grc' dir='ltr'><strong>μοι</strong></span> <span class='ocrx_word' id='word_1_236' title='bbox 635 1846 806 1880; x_wconf 75' lang='grc' dir='ltr'>κατανύξεως</span> <span class='ocrx_word' id='word_1_237' title='bbox 817 1856 879 1874; x_wconf 87' lang='grc' dir='ltr'>στα-</span> 
     </span>
    </p>
   </div>
   <div class='ocr_carea' id='block_1_41' title="bbox 86 1889 880 1928">
    <p class='ocr_par' dir='ltr' id='par_1_41' title="bbox 86 1889 880 1928">
     <span class='ocr_line' id='line_1_41' title="bbox 86 1889 880 1928; baseline 0.004 -12"><span class='ocrx_word' id='word_1_238' title='bbox 86 1889 202 1925; x_wconf 78' lang='grc' dir='ltr'>λαγμὸν,</span> <span class='ocrx_word' id='word_1_239' title='bbox 216 1890 292 1921; x_wconf 77' lang='grc' dir='ltr'>ὅπως</span> <span class='ocrx_word' id='word_1_240' title='bbox 315 1890 535 1926; x_wconf 75' lang='grc' dir='ltr'>άποκλαύσωμαι</span> <span class='ocrx_word' id='word_1_241' title='bbox 563 1891 617 1922; x_wconf 79' lang='grc' dir='ltr'><strong>τῶν</strong></span> <span class='ocrx_word' id='word_1_242' title='bbox 640 1892 732 1919; x_wconf 85' lang='grc' dir='ltr'>κακῶν</span> <span class='ocrx_word' id='word_1_243' title='bbox 756 1901 808 1928; x_wconf 90' lang='grc' dir='ltr'><strong>μου</strong></span> <span class='ocrx_word' id='word_1_244' title='bbox 831 1893 880 1924; x_wconf 76' lang='grc' dir='ltr'><strong>τάς</strong></span> 
     </span>
    </p>
   </div>
   <div class='ocr_carea' id='block_1_42' title="bbox 86 1935 382 1971">
    <p class='ocr_par' dir='ltr' id='par_1_42' title="bbox 86 1935 382 1971">
     <span class='ocr_line' id='line_1_42' title="bbox 86 1935 382 1971; baseline 0.003 -9"><span class='ocrx_word' id='word_1_245' title='bbox 86 1935 216 1971; x_wconf 74' lang='grc' dir='ltr'>ἀπείρους</span> <span class='ocrx_word' id='word_1_246' title='bbox 234 1935 382 1967; x_wconf 83' lang='grc' dir='ltr'>θαλάσσας.</span> 
     </span>
    </p>
   </div>
   <div class='ocr_carea' id='block_1_43' title="bbox 120 1981 880 2019">
    <p class='ocr_par' dir='ltr' id='par_1_43' title="bbox 120 1981 880 2019">
     <span class='ocr_line' id='line_1_43' title="bbox 120 1981 880 2019; baseline 0.001 -11"><span class='ocrx_word' id='word_1_247' title='bbox 120 1982 182 2008; x_wconf 84' lang='grc' dir='ltr'><strong>Τῶν</strong></span> <span class='ocrx_word' id='word_1_248' title='bbox 190 1981 320 2016; x_wconf 79' lang='grc' dir='ltr'>μαθητῶν</span> <span class='ocrx_word' id='word_1_249' title='bbox 333 1989 392 2014; x_wconf 88' lang='grc' dir='ltr'>σου,</span> <span class='ocrx_word' id='word_1_250' title='bbox 405 1982 505 2018; x_wconf 81' lang='grc' dir='ltr'>Ἰησοῦ,</span> <span class='ocrx_word' id='word_1_251' title='bbox 513 1984 574 2015; x_wconf 84' lang='grc' dir='ltr'>ταῖς</span> <span class='ocrx_word' id='word_1_252' title='bbox 586 1985 699 2015; x_wconf 81' lang='grc' dir='ltr'>σεπταϊς</span> <span class='ocrx_word' id='word_1_253' title='bbox 713 1983 820 2019; x_wconf 83' lang='grc' dir='ltr'>δεήσεσι</span> <span class='ocrx_word' id='word_1_254' title='bbox 830 1983 880 2018; x_wconf 81' lang='grc' dir='ltr'><strong>τὴν</strong></span> 
     </span>
    </p>
   </div>
   <div class='ocr_carea' id='block_1_44' title="bbox 88 2026 880 2064">
    <p class='ocr_par' dir='ltr' id='par_1_44' title="bbox 88 2026 880 2064">
     <span class='ocr_line' id='line_1_44' title="bbox 88 2026 880 2064; baseline 0.003 -10"><span class='ocrx_word' id='word_1_255' title='bbox 88 2027 190 2063; x_wconf 63' lang='lat' dir='ltr'><strong>csa-tripl</strong></span> <span class='ocrx_word' id='word_1_256' title='bbox 205 2026 278 2053; x_wconf 82' lang='grc' dir='ltr'>δίδου</span> <span class='ocrx_word' id='word_1_257' title='bbox 294 2036 341 2062; x_wconf 88' lang='grc' dir='ltr'><strong>μοι</strong></span> <span class='ocrx_word' id='word_1_258' title='bbox 353 2028 511 2062; x_wconf 83' lang='grc' dir='ltr'>ἀνάστασιν,</span> <span class='ocrx_word' id='word_1_259' title='bbox 520 2030 708 2064; x_wconf 83' lang='grc' dir='ltr'>προσυκνῆσαι</span> <span class='ocrx_word' id='word_1_260' title='bbox 720 2030 767 2056; x_wconf 81' lang='grc' dir='ltr'><strong>καὶ</strong></span> <span class='ocrx_word' id='word_1_261' title='bbox 777 2030 809 2056; x_wconf 72' lang='grc' dir='ltr'>τὰ</span> <span class='ocrx_word' id='word_1_262' title='bbox 821 2029 880 2056; x_wconf 79' lang='grc' dir='ltr'>Θεῖα</span> 
     </span>
    </p>
   </div>
   <div class='ocr_carea' id='block_1_45' title="bbox 88 2074 243 2109">
    <p class='ocr_par' dir='ltr' id='par_1_45' title="bbox 88 2074 243 2109">
     <span class='ocr_line' id='line_1_45' title="bbox 88 2074 243 2109; baseline -0.006 -8"><span class='ocrx_word' id='word_1_263' title='bbox 88 2082 136 2101; x_wconf 76' lang='grc' dir='ltr'><strong>σου</strong></span> <span class='ocrx_word' id='word_1_264' title='bbox 156 2074 243 2109; x_wconf 79' lang='grc' dir='ltr'>πάθη.</span> 
     </span>
    </p>
   </div>
   <div class='ocr_carea' id='block_1_46' title="bbox 127 2119 880 2156">
    <p class='ocr_par' dir='ltr' id='par_1_46' title="bbox 127 2119 880 2156">
     <span class='ocr_line' id='line_1_46' title="bbox 127 2119 880 2156; baseline -0.001 -10"><span class='ocrx_word' id='word_1_265' title='bbox 127 2120 161 2146; x_wconf 83' lang='grc' dir='ltr'><strong>Ἦ</strong></span> <span class='ocrx_word' id='word_1_266' title='bbox 177 2119 357 2156; x_wconf 77' lang='grc' dir='ltr'>οὐρανώσασα</span> <span class='ocrx_word' id='word_1_267' title='bbox 369 2120 448 2155; x_wconf 81' lang='grc' dir='ltr'>ἡμῶν</span> <span class='ocrx_word' id='word_1_268' title='bbox 462 2119 493 2147; x_wconf 84' lang='grc' dir='ltr'><strong>τδ</strong></span> <span class='ocrx_word' id='word_1_269' title='bbox 503 2120 605 2154; x_wconf 83' lang='grc' dir='ltr'><strong>γεῶδες</strong></span> <span class='ocrx_word' id='word_1_270' title='bbox 619 2119 744 2155; x_wconf 82' lang='grc' dir='ltr'>φύραμα,</span> <span class='ocrx_word' id='word_1_271' title='bbox 753 2121 785 2155; x_wconf 83' lang='grc' dir='ltr'>τῇ</span> <span class='ocrx_word' id='word_1_272' title='bbox 797 2120 826 2145; x_wconf 76' lang='grc' dir='ltr'>ὲν</span> <span class='ocrx_word' id='word_1_273' title='bbox 839 2119 880 2145; x_wconf 75' lang='grc' dir='ltr'><strong>σοὶ</strong></span> 
     </span>
    </p>
   </div>
   <div class='ocr_carea' id='block_1_47' title="bbox 87 2165 879 2202">
    <p class='ocr_par' dir='ltr' id='par_1_47' title="bbox 87 2165 879 2202">
     <span class='ocr_line' id='line_1_47' title="bbox 87 2165 879 2202; baseline 0 -10"><span class='ocrx_word' id='word_1_274' title='bbox 87 2165 132 2192; x_wconf 83' lang='grc' dir='ltr'><strong>τοῦ</strong></span> <span class='ocrx_word' id='word_1_275' title='bbox 147 2165 227 2198; x_wconf 77' lang='grc' dir='ltr'>Θεοῦ,</span> <span class='ocrx_word' id='word_1_276' title='bbox 237 2166 401 2202; x_wconf 82' lang='grc' dir='ltr'>πανάμωμε,</span> <span class='ocrx_word' id='word_1_277' title='bbox 416 2167 563 2200; x_wconf 80' lang='grc' dir='ltr'>ἐνοικήσει,</span> <span class='ocrx_word' id='word_1_278' title='bbox 578 2166 658 2201; x_wconf 80' lang='grc' dir='ltr'>ῥῦσαι</span> <span class='ocrx_word' id='word_1_279' title='bbox 673 2166 776 2197; x_wconf 84' lang='grc' dir='ltr'>πάντας</span> <span class='ocrx_word' id='word_1_280' title='bbox 789 2165 879 2192; x_wconf 84' lang='grc' dir='ltr'>κινδύ-</span> 
     </span>
    </p>
   </div>
   <div class='ocr_carea' id='block_1_48' title="bbox 88 2220 150 2238">
    <p class='ocr_par' dir='ltr' id='par_1_48' title="bbox 88 2220 150 2238">
     <span class='ocr_line' id='line_1_48' title="bbox 88 2220 150 2238; baseline 0.016 -1"><span class='ocrx_word' id='word_1_281' title='bbox 88 2220 140 2238; x_wconf 85' lang='grc' dir='ltr'><strong>νων</strong></span> <span class='ocrx_word' id='word_1_282' title='bbox 143 2230 150 2237; x_wconf 75' lang='lat'><strong>-</strong></span> 
     </span>
    </p>
   </div>
   <div class='ocr_carea' id='block_1_49' title="bbox 254 2267 722 2302">
    <p class='ocr_par' dir='ltr' id='par_1_49' title="bbox 254 2267 722 2302">
     <span class='ocr_line' id='line_1_49' title="bbox 254 2267 722 2302; baseline 0 -8"><span class='ocrx_word' id='word_1_283' title='bbox 254 2267 287 2294; x_wconf 89' lang='lat'><strong>&#39;0</strong></span> <span class='ocrx_word' id='word_1_284' title='bbox 308 2268 464 2302; x_wconf 67' lang='grc' dir='ltr'>φωτισμὸς</span> <span class='ocrx_word' id='word_1_285' title='bbox 482 2267 541 2294; x_wconf 74' lang='grc' dir='ltr'><strong>τῶν</strong></span> <span class='ocrx_word' id='word_1_286' title='bbox 558 2267 593 2294; x_wconf 80' lang='grc' dir='ltr'><strong>ἐν</strong></span> <span class='ocrx_word' id='word_1_287' title='bbox 611 2268 722 2295; x_wconf 82' lang='grc' dir='ltr'>σκότει.</span> 
     </span>
    </p>
   </div>
   <div class='ocr_carea' id='block_1_50' title="bbox 124 2324 881 2361">
    <p class='ocr_par' dir='ltr' id='par_1_50' title="bbox 124 2324 881 2361">
     <span class='ocr_line' id='line_1_50' title="bbox 124 2324 881 2361; baseline 0.001 -10"><span class='ocrx_word' id='word_1_288' title='bbox 124 2325 180 2360; x_wconf 84' lang='grc' dir='ltr'><strong>Τὴν</strong></span> <span class='ocrx_word' id='word_1_289' title='bbox 198 2325 226 2351; x_wconf 78' lang='grc' dir='ltr'>ὲν</span> <span class='ocrx_word' id='word_1_290' title='bbox 242 2325 305 2359; x_wconf 77' lang='grc' dir='ltr'>ἐμοὶ</span> <span class='ocrx_word' id='word_1_291' title='bbox 320 2324 445 2360; x_wconf 83' lang='grc' dir='ltr'>καθορῶν</span> <span class='ocrx_word' id='word_1_292' title='bbox 460 2324 598 2360; x_wconf 83' lang='grc' dir='ltr'>ρᾳθυμίαν</span> <span class='ocrx_word' id='word_1_293' title='bbox 612 2326 626 2351; x_wconf 82' lang='grc' dir='ltr'>ὁ</span> <span class='ocrx_word' id='word_1_294' title='bbox 640 2325 787 2361; x_wconf 84' lang='grc' dir='ltr'>δολιόφρων</span> <span class='ocrx_word' id='word_1_295' title='bbox 799 2325 881 2352; x_wconf 82' lang='grc' dir='ltr'>σπεύ-</span> 
     </span>
    </p>
   </div>
   <div class='ocr_carea' id='block_1_51' title="bbox 87 2370 879 2408">
    <p class='ocr_par' dir='ltr' id='par_1_51' title="bbox 87 2370 879 2408">
     <span class='ocr_line' id='line_1_51' title="bbox 87 2370 879 2408; baseline 0.001 -11"><span class='ocrx_word' id='word_1_296' title='bbox 87 2371 127 2398; x_wconf 83' lang='grc' dir='ltr'><strong>δει</strong></span> <span class='ocrx_word' id='word_1_297' title='bbox 139 2372 187 2398; x_wconf 75' lang='grc' dir='ltr'>καὶ</span> <span class='ocrx_word' id='word_1_298' title='bbox 198 2372 372 2406; x_wconf 83' lang='grc' dir='ltr'>συμπράττει</span> <span class='ocrx_word' id='word_1_299' title='bbox 386 2373 420 2407; x_wconf 83' lang='grc' dir='ltr'>τῇ</span> <span class='ocrx_word' id='word_1_300' title='bbox 435 2372 558 2407; x_wconf 81' lang='grc' dir='ltr'>ἁμαρτίᾳ</span> <span class='ocrx_word' id='word_1_301' title='bbox 568 2380 574 2387; x_wconf 96' lang='grc'><strong>·</strong></span> <span class='ocrx_word' id='word_1_302' title='bbox 590 2372 680 2407; x_wconf 84' lang='grc' dir='ltr'>χαίρει</span> <span class='ocrx_word' id='word_1_303' title='bbox 692 2373 746 2408; x_wconf 73' lang='grc' dir='ltr'>γὰρ</span> <span class='ocrx_word' id='word_1_304' title='bbox 761 2370 835 2405; x_wconf 77' lang='grc' dir='ltr'>οὗτος</span> <span class='ocrx_word' id='word_1_305' title='bbox 847 2374 879 2408; x_wconf 82' lang='grc' dir='ltr'>τῇ</span> 
     </span>
    </p>
   </div>
   <div class='ocr_carea' id='block_1_52' title="bbox 87 2415 881 2454">
    <p class='ocr_par' dir='ltr' id='par_1_52' title="bbox 87 2415 881 2454">
     <span class='ocr_line' id='line_1_52' title="bbox 87 2415 881 2454; baseline 0.001 -11"><span class='ocrx_word' id='word_1_306' title='bbox 87 2417 140 2452; x_wconf 77' lang='grc' dir='ltr'><strong>ἐμῇ</strong></span> <span class='ocrx_word' id='word_1_307' title='bbox 152 2415 283 2452; x_wconf 72' lang='grc' dir='ltr'>τιμωρίᾳ·</span> <span class='ocrx_word' id='word_1_308' title='bbox 299 2416 367 2443; x_wconf 79' lang='grc' dir='ltr'>ἀλλὰ</span> <span class='ocrx_word' id='word_1_309' title='bbox 377 2417 409 2443; x_wconf 78' lang='grc' dir='ltr'>σύ</span> <span class='ocrx_word' id='word_1_310' title='bbox 423 2425 468 2452; x_wconf 89' lang='grc' dir='ltr'><strong>μοι</strong></span> <span class='ocrx_word' id='word_1_311' title='bbox 479 2417 550 2444; x_wconf 81' lang='grc' dir='ltr'>δίδου</span> <span class='ocrx_word' id='word_1_312' title='bbox 561 2417 715 2453; x_wconf 79' lang='grc' dir='ltr'>διόρθωσιν,</span> <span class='ocrx_word' id='word_1_313' title='bbox 727 2418 830 2454; x_wconf 85' lang='grc' dir='ltr'>Σῶτερ,</span> <span class='ocrx_word' id='word_1_314' title='bbox 842 2419 881 2450; x_wconf 84' lang='grc' dir='ltr'>εἰς</span> 
     </span>
    </p>
   </div>
   <div class='ocr_carea' id='block_1_53' title="bbox 88 2462 484 2499">
    <p class='ocr_par' dir='ltr' id='par_1_53' title="bbox 88 2462 484 2499">
     <span class='ocr_line' id='line_1_53' title="bbox 88 2462 484 2499; baseline 0.008 -12"><span class='ocrx_word' id='word_1_315' title='bbox 88 2462 195 2488; x_wconf 76' lang='grc' dir='ltr'>ἐκείνου</span> <span class='ocrx_word' id='word_1_316' title='bbox 204 2462 299 2498; x_wconf 85' lang='grc' dir='ltr'>ἁναίρε</span> <span class='ocrx_word' id='word_1_317' title='bbox 305 2471 357 2496; x_wconf 91' lang='grc' dir='ltr'>σιν,</span> <span class='ocrx_word' id='word_1_318' title='bbox 377 2463 484 2499; x_wconf 80' lang='grc' dir='ltr'>δέομαι.</span> 
     </span>
    </p>
   </div>
   <div class='ocr_carea' id='block_1_54' title="bbox 128 2508 881 2545">
    <p class='ocr_par' dir='ltr' id='par_1_54' title="bbox 128 2508 881 2545">
     <span class='ocr_line' id='line_1_54' title="bbox 128 2508 881 2545; baseline 0.003 -11"><span class='ocrx_word' id='word_1_319' title='bbox 128 2508 159 2534; x_wconf 88' lang='lat'><strong>&#39;0</strong></span> <span class='ocrx_word' id='word_1_320' title='bbox 186 2508 236 2540; x_wconf 80' lang='grc' dir='ltr'>τὰς</span> <span class='ocrx_word' id='word_1_321' title='bbox 263 2508 350 2545; x_wconf 75' lang='grc' dir='ltr'>ἀρχὰς</span> <span class='ocrx_word' id='word_1_322' title='bbox 379 2509 570 2545; x_wconf 78' lang='grc' dir='ltr'>Θριαμὸεὑσας</span> <span class='ocrx_word' id='word_1_323' title='bbox 596 2509 644 2536; x_wconf 80' lang='grc' dir='ltr'><strong>τοῦ</strong></span> <span class='ocrx_word' id='word_1_324' title='bbox 672 2510 784 2542; x_wconf 81' lang='grc' dir='ltr'>σκότους</span> <span class='ocrx_word' id='word_1_325' title='bbox 800 2511 828 2536; x_wconf 81' lang='grc' dir='ltr'>ὲν</span> <span class='ocrx_word' id='word_1_326' title='bbox 842 2510 881 2545; x_wconf 83' lang='grc' dir='ltr'>τῷ</span> 
     </span>
    </p>
   </div>
   <div class='ocr_carea' id='block_1_55' title="bbox 89 2553 881 2591">
    <p class='ocr_par' dir='ltr' id='par_1_55' title="bbox 89 2553 881 2591">
     <span class='ocr_line' id='line_1_55' title="bbox 89 2553 881 2591; baseline 0.004 -12"><span class='ocrx_word' id='word_1_327' title='bbox 89 2553 199 2588; x_wconf 78' lang='grc' dir='ltr'>σταυρῷ</span> <span class='ocrx_word' id='word_1_328' title='bbox 213 2562 270 2586; x_wconf 85' lang='grc' dir='ltr'>σου,</span> <span class='ocrx_word' id='word_1_329' title='bbox 287 2555 391 2582; x_wconf 85' lang='grc' dir='ltr'>τούτων</span> <span class='ocrx_word' id='word_1_330' title='bbox 407 2554 498 2587; x_wconf 80' lang='grc' dir='ltr'>ἐξελοῦ</span> <span class='ocrx_word' id='word_1_331' title='bbox 519 2565 552 2591; x_wconf 89' lang='grc' dir='ltr'><strong>με</strong></span> <span class='ocrx_word' id='word_1_332' title='bbox 571 2556 622 2590; x_wconf 83' lang='grc' dir='ltr'><strong>τῆς</strong></span> <span class='ocrx_word' id='word_1_333' title='bbox 642 2556 820 2590; x_wconf 80' lang='grc' dir='ltr'>κακουργίας,</span> <span class='ocrx_word' id='word_1_334' title='bbox 835 2555 881 2582; x_wconf 73' lang='grc' dir='ltr'><strong>τὸν</strong></span> 
     </span>
    </p>
   </div>
   <div class='ocr_carea' id='block_1_56' title="bbox 88 2598 881 2637">
    <p class='ocr_par' dir='ltr' id='par_1_56' title="bbox 88 2598 881 2637">
     <span class='ocr_line' id='line_1_56' title="bbox 88 2598 881 2637; baseline 0.005 -12"><span class='ocrx_word' id='word_1_335' title='bbox 88 2598 244 2634; x_wconf 68' lang='grc' dir='ltr'>ἐμπεσόντα</span> <span class='ocrx_word' id='word_1_336' title='bbox 258 2601 298 2632; x_wconf 79' lang='grc' dir='ltr'><strong>είς</strong></span> <span class='ocrx_word' id='word_1_337' title='bbox 314 2600 395 2636; x_wconf 79' lang='grc' dir='ltr'>βυθὸν</span> <span class='ocrx_word' id='word_1_338' title='bbox 412 2602 568 2637; x_wconf 78' lang='grc' dir='ltr'>ἁμαρτίας,</span> <span class='ocrx_word' id='word_1_339' title='bbox 585 2603 633 2629; x_wconf 75' lang='grc' dir='ltr'>καὶ</span> <span class='ocrx_word' id='word_1_340' title='bbox 650 2604 690 2634; x_wconf 82' lang='grc' dir='ltr'>εἰς</span> <span class='ocrx_word' id='word_1_341' title='bbox 712 2603 807 2637; x_wconf 74' lang='grc' dir='ltr'>βόθρον</span> <span class='ocrx_word' id='word_1_342' title='bbox 820 2603 881 2629; x_wconf 78' lang='grc' dir='ltr'><strong>ἀτό-</strong></span> 
     </span>
    </p>
   </div>
   <div class='ocr_carea' id='block_1_57' title="bbox 88 2646 879 2683">
    <p class='ocr_par' dir='ltr' id='par_1_57' title="bbox 88 2646 879 2683">
     <span class='ocr_line' id='line_1_57' title="bbox 88 2646 879 2683; baseline 0.004 -11"><span class='ocrx_word' id='word_1_343' title='bbox 88 2653 147 2672; x_wconf 79' lang='grc' dir='ltr'><strong>⁴ιιων</strong></span> <span class='ocrx_word' id='word_1_344' title='bbox 167 2646 305 2681; x_wconf 80' lang='grc' dir='ltr'>πράξεων,</span> <span class='ocrx_word' id='word_1_345' title='bbox 326 2647 373 2673; x_wconf 76' lang='grc' dir='ltr'><strong>σοῦ</strong></span> <span class='ocrx_word' id='word_1_346' title='bbox 392 2647 420 2674; x_wconf 74' lang='grc' dir='ltr'>δὲ</span> <span class='ocrx_word' id='word_1_347' title='bbox 438 2647 477 2682; x_wconf 82' lang='grc' dir='ltr'>τῷ</span> <span class='ocrx_word' id='word_1_348' title='bbox 495 2647 566 2674; x_wconf 72' lang='grc' dir='ltr'>ἐλέει</span> <span class='ocrx_word' id='word_1_349' title='bbox 586 2648 706 2683; x_wconf 81' lang='grc' dir='ltr'>σωθῆναι</span> <span class='ocrx_word' id='word_1_350' title='bbox 725 2648 879 2681; x_wconf 76' lang='grc' dir='ltr'>ἐλπίζοντα.</span> 
     </span>
    </p>
   </div>
   <div class='ocr_carea' id='block_1_58' title="bbox 131 2692 882 2729">
    <p class='ocr_par' dir='ltr' id='par_1_58' title="bbox 131 2692 882 2729">
     <span class='ocr_line' id='line_1_58' title="bbox 131 2692 882 2729; baseline 0.003 -11"><span class='ocrx_word' id='word_1_351' title='bbox 131 2692 160 2718; x_wconf 89' lang='lat'><strong>&#39;0</strong></span> <span class='ocrx_word' id='word_1_352' title='bbox 178 2692 327 2728; x_wconf 76' lang='grc' dir='ltr'>νεκρωθεὶς</span> <span class='ocrx_word' id='word_1_353' title='bbox 345 2693 374 2719; x_wconf 87' lang='grc' dir='ltr'>ὲν</span> <span class='ocrx_word' id='word_1_354' title='bbox 397 2693 507 2729; x_wconf 75' lang='grc' dir='ltr'>σταυρῷ</span> <span class='ocrx_word' id='word_1_355' title='bbox 522 2693 695 2729; x_wconf 80' lang='grc' dir='ltr'>ήπλωμένος,</span> <span class='ocrx_word' id='word_1_356' title='bbox 713 2694 762 2729; x_wconf 79' lang='grc' dir='ltr'>τὴν</span> <span class='ocrx_word' id='word_1_357' title='bbox 779 2702 882 2729; x_wconf 78' lang='grc' dir='ltr'>νεκρω-</span> 
     </span>
    </p>
   </div>
   <div class='ocr_carea' id='block_1_59' title="bbox 89 2737 880 2774">
    <p class='ocr_par' dir='ltr' id='par_1_59' title="bbox 89 2737 880 2774">
     <span class='ocr_line' id='line_1_59' title="bbox 89 2737 880 2774; baseline 0 -10"><span class='ocrx_word' id='word_1_358' title='bbox 89 2737 182 2764; x_wconf 79' lang='grc' dir='ltr'>θεῖσαν</span> <span class='ocrx_word' id='word_1_359' title='bbox 202 2738 311 2769; x_wconf 79' lang='grc' dir='ltr'>ζώωσον</span> <span class='ocrx_word' id='word_1_360' title='bbox 324 2738 414 2774; x_wconf 74' lang='grc' dir='ltr'>ψυχήν</span> <span class='ocrx_word' id='word_1_361' title='bbox 431 2748 481 2772; x_wconf 84' lang='grc' dir='ltr'><strong>μου</strong></span> <span class='ocrx_word' id='word_1_362' title='bbox 504 2740 537 2774; x_wconf 80' lang='grc' dir='ltr'>τῇ</span> <span class='ocrx_word' id='word_1_363' title='bbox 556 2739 690 2774; x_wconf 78' lang='grc' dir='ltr'>ἁμαρτίᾳ,</span> <span class='ocrx_word' id='word_1_364' title='bbox 706 2739 753 2765; x_wconf 79' lang='grc' dir='ltr'><strong>καὶ</strong></span> <span class='ocrx_word' id='word_1_365' title='bbox 770 2738 818 2773; x_wconf 84' lang='grc' dir='ltr'>τὴν</span> <span class='ocrx_word' id='word_1_366' title='bbox 835 2747 880 2764; x_wconf 76' lang='grc' dir='ltr'>σε-</span> 
     </span>
    </p>
   </div>
   <div class='ocr_carea' id='block_1_60' title="bbox 90 2782 880 2820">
    <p class='ocr_par' dir='ltr' id='par_1_60' title="bbox 90 2782 880 2820">
     <span class='ocr_line' id='line_1_60' title="bbox 90 2782 880 2820; baseline 0.001 -11"><span class='ocrx_word' id='word_1_367' title='bbox 90 2784 161 2818; x_wconf 78' lang='grc' dir='ltr'>πτήν</span> <span class='ocrx_word' id='word_1_368' title='bbox 170 2791 217 2810; x_wconf 77' lang='grc' dir='ltr'><strong>σου</strong></span> <span class='ocrx_word' id='word_1_369' title='bbox 227 2782 404 2815; x_wconf 75' lang='grc' dir='ltr'>ἐξανάστασιν</span> <span class='ocrx_word' id='word_1_370' title='bbox 415 2784 514 2818; x_wconf 75' lang='grc' dir='ltr'>φθάσαι</span> <span class='ocrx_word' id='word_1_371' title='bbox 523 2785 551 2811; x_wconf 81' lang='grc' dir='ltr'><strong>ἑν</strong></span> <span class='ocrx_word' id='word_1_372' title='bbox 560 2785 665 2820; x_wconf 78' lang='grc' dir='ltr'>εἰρήνῃ,</span> <span class='ocrx_word' id='word_1_373' title='bbox 677 2785 786 2818; x_wconf 72' lang='grc' dir='ltr'>Χριστὲ,</span> <span class='ocrx_word' id='word_1_374' title='bbox 800 2785 880 2817; x_wconf 78' lang='grc' dir='ltr'>ἀξίω-</span> 
     </span>
    </p>
   </div>
   <div class='ocr_carea' id='block_1_61' title="bbox 89 2830 762 2867">
    <p class='ocr_par' dir='ltr' id='par_1_61' title="bbox 89 2830 762 2867">
     <span class='ocr_line' id='line_1_61' title="bbox 89 2830 762 2867; baseline 0.003 -10"><span class='ocrx_word' id='word_1_375' title='bbox 89 2838 134 2857; x_wconf 76' lang='grc' dir='ltr'><strong>σον</strong></span> <span class='ocrx_word' id='word_1_376' title='bbox 157 2830 309 2866; x_wconf 73' lang='grc' dir='ltr'>πράττοντα</span> <span class='ocrx_word' id='word_1_377' title='bbox 328 2830 361 2857; x_wconf 77' lang='grc' dir='ltr'>τὰ</span> <span class='ocrx_word' id='word_1_378' title='bbox 382 2830 414 2856; x_wconf 71' lang='grc' dir='ltr'>σὰ</span> <span class='ocrx_word' id='word_1_379' title='bbox 436 2830 560 2866; x_wconf 73' lang='grc' dir='ltr'>ἐμμελῶς</span> <span class='ocrx_word' id='word_1_380' title='bbox 580 2830 762 2867; x_wconf 75' lang='grc' dir='ltr'>δικαιώματα.</span> 
     </span>
    </p>
   </div>
   <div class='ocr_carea' id='block_1_62' title="bbox 925 224 1710 263">
    <p class='ocr_par' dir='ltr' id='par_1_62' title="bbox 925 224 1710 263">
     <span class='ocr_line' id='line_1_62' title="bbox 925 224 1710 263; baseline -0.006 -8"><span class='ocrx_word' id='word_1_381' title='bbox 925 229 993 255; x_wconf 82' lang='lat' dir='ltr'><strong>dens</strong></span> <span class='ocrx_word' id='word_1_382' title='bbox 1015 229 1200 263; x_wconf 71' lang='lat' dir='ltr'><strong>pmnitentiaui</strong></span> <span class='ocrx_word' id='word_1_383' title='bbox 1222 233 1247 254; x_wconf 78' lang='lat' dir='ltr'><strong>et</strong></span> <span class='ocrx_word' id='word_1_384' title='bbox 1269 229 1476 254; x_wconf 82' lang='lat' dir='ltr'><strong>conversionem</strong></span> <span class='ocrx_word' id='word_1_385' title='bbox 1497 225 1585 253; x_wconf 72' lang='lat' dir='ltr'><strong>servis</strong></span> <span class='ocrx_word' id='word_1_386' title='bbox 1605 224 1659 251; x_wconf 86' lang='lat' dir='ltr'><strong>tuis</strong></span> <span class='ocrx_word' id='word_1_387' title='bbox 1675 225 1710 251; x_wconf 87' lang='lat' dir='ltr'><strong>ad</strong></span> 
     </span>
    </p>
   </div>
   <div class='ocr_carea' id='block_1_63' title="bbox 925 273 1589 309">
    <p class='ocr_par' dir='ltr' id='par_1_63' title="bbox 925 273 1589 309">
     <span class='ocr_line' id='line_1_63' title="bbox 925 273 1589 309; baseline -0.002 -9"><span class='ocrx_word' id='word_1_388' title='bbox 925 279 951 301; x_wconf 88' lang='lat' dir='ltr'><strong>te</strong></span> <span class='ocrx_word' id='word_1_389' title='bbox 967 274 1184 309; x_wconf 73' lang='lat' dir='ltr'><strong>gloriﬁcaudum,</strong></span> <span class='ocrx_word' id='word_1_390' title='bbox 1201 274 1276 302; x_wconf 83' lang='lat' dir='ltr'><strong>solos</strong></span> <span class='ocrx_word' id='word_1_391' title='bbox 1293 281 1420 308; x_wconf 64' lang='lat' dir='ltr'><strong>allpl&#39;t‘llle</strong></span> <span class='ocrx_word' id='word_1_392' title='bbox 1437 278 1462 299; x_wconf 89' lang='lat' dir='ltr'><strong>et</strong></span> <span class='ocrx_word' id='word_1_393' title='bbox 1477 273 1589 308; x_wconf 85' lang='lat' dir='ltr'><strong>optimc.</strong></span> 
     </span>
    </p>
   </div>
   <div class='ocr_carea' id='block_1_64' title="bbox 1165 329 1472 364">
    <p class='ocr_par' dir='ltr' id='par_1_64' title="bbox 1165 329 1472 364">
     <span class='ocr_line' id='line_1_64' title="bbox 1165 329 1472 364; baseline -0.003 -7"><span class='ocrx_word' id='word_1_394' title='bbox 1165 330 1252 357; x_wconf 78' lang='grc' dir='ltr'>Νιιιιιδ</span> <span class='ocrx_word' id='word_1_395' title='bbox 1266 339 1292 358; x_wconf 76' lang='lat' dir='ltr'><strong>es</strong></span> <span class='ocrx_word' id='word_1_396' title='bbox 1307 337 1339 357; x_wconf 82' lang='lat' dir='ltr'><strong>ea:</strong></span> <span class='ocrx_word' id='word_1_397' title='bbox 1355 329 1472 364; x_wconf 81' lang='lat' dir='ltr'><strong>Virgine.</strong></span> 
     </span>
    </p>
   </div>
   <div class='ocr_carea' id='block_1_65' title="bbox 960 376 1710 412">
    <p class='ocr_par' dir='ltr' id='par_1_65' title="bbox 960 376 1710 412">
     <span class='ocr_line' id='line_1_65' title="bbox 960 376 1710 412; baseline -0.003 -8"><span class='ocrx_word' id='word_1_398' title='bbox 960 378 1139 405; x_wconf 72' lang='lat' dir='ltr'><strong>Abstinentim</strong></span> <span class='ocrx_word' id='word_1_399' title='bbox 1162 381 1275 412; x_wconf 82' lang='lat' dir='ltr'><strong>accepto</strong></span> <span class='ocrx_word' id='word_1_400' title='bbox 1294 377 1408 411; x_wconf 79' lang='lat' dir='ltr'><strong>fulgore,</strong></span> <span class='ocrx_word' id='word_1_401' title='bbox 1423 376 1588 409; x_wconf 80' lang='lat' dir='ltr'><strong>illuminare,</strong></span> <span class='ocrx_word' id='word_1_402' title='bbox 1609 377 1710 407; x_wconf 82' lang='lat' dir='ltr'><strong>anima,</strong></span> 
     </span>
    </p>
   </div>
   <div class='ocr_carea' id='block_1_66' title="bbox 927 421 1710 456">
    <p class='ocr_par' dir='ltr' id='par_1_66' title="bbox 927 421 1710 456">
     <span class='ocr_line' id='line_1_66' title="bbox 927 421 1710 456; baseline -0.003 -8"><span class='ocrx_word' id='word_1_403' title='bbox 927 425 953 448; x_wconf 86' lang='lat' dir='ltr'><strong>et</strong></span> <span class='ocrx_word' id='word_1_404' title='bbox 969 421 1031 456; x_wconf 80' lang='lat' dir='ltr'><strong>fuge</strong></span> <span class='ocrx_word' id='word_1_405' title='bbox 1054 423 1157 456; x_wconf 87' lang='lat' dir='ltr'><strong>peccati</strong></span> <span class='ocrx_word' id='word_1_406' title='bbox 1183 421 1389 453; x_wconf 78' lang='lat' dir='ltr'><strong>obscuritatem,</strong></span> <span class='ocrx_word' id='word_1_407' title='bbox 1407 425 1436 446; x_wconf 91' lang='lat' dir='ltr'><strong>ut</strong></span> <span class='ocrx_word' id='word_1_408' title='bbox 1456 421 1581 447; x_wconf 87' lang='lat' dir='ltr'><strong>mittatur</strong></span> <span class='ocrx_word' id='word_1_409' title='bbox 1598 421 1646 447; x_wconf 90' lang='lat' dir='ltr'><strong>tibi</strong></span> <span class='ocrx_word' id='word_1_410' title='bbox 1667 421 1710 447; x_wconf 89' lang='lat' dir='ltr'><strong>iu-</strong></span> 
     </span>
    </p>
   </div>
   <div class='ocr_carea' id='block_1_67' title="bbox 931 464 1457 501">
    <p class='ocr_par' dir='ltr' id='par_1_67' title="bbox 931 464 1457 501">
     <span class='ocr_line' id='line_1_67' title="bbox 931 464 1457 501; baseline 0 -9"><span class='ocrx_word' id='word_1_411' title='bbox 931 465 1077 501; x_wconf 68' lang='lat' dir='ltr'><strong>dulgcntia:</strong></span> <span class='ocrx_word' id='word_1_412' title='bbox 1093 465 1222 501; x_wconf 76' lang='lat' dir='ltr'><strong>splendor</strong></span> <span class='ocrx_word' id='word_1_413' title='bbox 1235 465 1327 492; x_wconf 87' lang='lat' dir='ltr'><strong>divino</strong></span> <span class='ocrx_word' id='word_1_414' title='bbox 1342 464 1457 499; x_wconf 91' lang='lat' dir='ltr'><strong>Spiritu.</strong></span> 
     </span>
    </p>
   </div>
   <div class='ocr_carea' id='block_1_68' title="bbox 967 509 1712 546">
    <p class='ocr_par' dir='ltr' id='par_1_68' title="bbox 967 509 1712 546">
     <span class='ocr_line' id='line_1_68' title="bbox 967 509 1712 546; baseline -0.001 -9"><span class='ocrx_word' id='word_1_415' title='bbox 967 510 1052 538; x_wconf 79' lang='lat' dir='ltr'><strong>&quot;amo</strong></span> <span class='ocrx_word' id='word_1_416' title='bbox 1078 518 1121 538; x_wconf 90' lang='lat' dir='ltr'><strong>me</strong></span> <span class='ocrx_word' id='word_1_417' title='bbox 1145 510 1266 537; x_wconf 76' lang='lat' dir='ltr'><strong>libidinis</strong></span> <span class='ocrx_word' id='word_1_418' title='bbox 1285 509 1391 543; x_wconf 86' lang='lat' dir='ltr'><strong>decepit</strong></span> <span class='ocrx_word' id='word_1_419' title='bbox 1408 509 1520 537; x_wconf 85' lang='lat' dir='ltr'><strong>doiosus</strong></span> <span class='ocrx_word' id='word_1_420' title='bbox 1537 509 1712 546; x_wconf 82' lang='lat' dir='ltr'><strong>vinctumque</strong></span> 
     </span>
    </p>
   </div>
   <div class='ocr_carea' id='block_1_69' title="bbox 927 554 1713 589">
    <p class='ocr_par' dir='ltr' id='par_1_69' title="bbox 927 554 1713 589">
     <span class='ocr_line' id='line_1_69' title="bbox 927 554 1713 589; baseline 0 -8"><span class='ocrx_word' id='word_1_421' title='bbox 927 554 999 589; x_wconf 76' lang='lat' dir='ltr'><strong>cepit</strong></span> <span class='ocrx_word' id='word_1_422' title='bbox 1009 563 1016 581; x_wconf 91' lang='lat'>:</span> <span class='ocrx_word' id='word_1_423' title='bbox 1027 563 1075 582; x_wconf 87' lang='lat' dir='ltr'><strong>vos</strong></span> <span class='ocrx_word' id='word_1_424' title='bbox 1085 562 1159 587; x_wconf 75' lang='lat' dir='ltr'><strong>vero,</strong></span> <span class='ocrx_word' id='word_1_425' title='bbox 1169 555 1301 589; x_wconf 82' lang='lat' dir='ltr'><strong>Apostoli,</strong></span> <span class='ocrx_word' id='word_1_426' title='bbox 1314 557 1359 588; x_wconf 93' lang='lat' dir='ltr'><strong>qui</strong></span> <span class='ocrx_word' id='word_1_427' title='bbox 1367 554 1519 581; x_wconf 88' lang='lat' dir='ltr'><strong>medicante</strong></span> <span class='ocrx_word' id='word_1_428' title='bbox 1530 556 1622 587; x_wconf 79' lang='lat' dir='ltr'><strong>verbo,</strong></span> <span class='ocrx_word' id='word_1_429' title='bbox 1633 563 1713 581; x_wconf 80' lang='lat' dir='ltr'><strong>umn—</strong></span> 
     </span>
    </p>
   </div>
   <div class='ocr_carea' id='block_1_70' title="bbox 927 601 1684 632">
    <p class='ocr_par' dir='ltr' id='par_1_70' title="bbox 927 601 1684 632">
     <span class='ocr_line' id='line_1_70' title="bbox 927 601 1684 632; baseline 0.001 -5"><span class='ocrx_word' id='word_1_430' title='bbox 927 601 990 627; x_wconf 89' lang='lat' dir='ltr'><strong>dutn</strong></span> <span class='ocrx_word' id='word_1_431' title='bbox 1003 601 1107 628; x_wconf 86' lang='lat' dir='ltr'><strong>retibus</strong></span> <span class='ocrx_word' id='word_1_432' title='bbox 1116 601 1277 632; x_wconf 85' lang='lat' dir='ltr'><strong>inelusistis,</strong></span> <span class='ocrx_word' id='word_1_433' title='bbox 1286 601 1360 628; x_wconf 88' lang='lat' dir='ltr'><strong>illius</strong></span> <span class='ocrx_word' id='word_1_434' title='bbox 1370 601 1471 627; x_wconf 76' lang='lat' dir='ltr'><strong>malitia</strong></span> <span class='ocrx_word' id='word_1_435' title='bbox 1483 609 1525 628; x_wconf 83' lang='lat' dir='ltr'><strong>me</strong></span> <span class='ocrx_word' id='word_1_436' title='bbox 1537 601 1684 628; x_wconf 77' lang='lat' dir='ltr'><strong>liberastis.</strong></span> 
     </span>
    </p>
   </div>
   <div class='ocr_carea' id='block_1_71' title="bbox 961 646 1711 681">
    <p class='ocr_par' dir='ltr' id='par_1_71' title="bbox 961 646 1711 681">
     <span class='ocr_line' id='line_1_71' title="bbox 961 646 1711 681; baseline 0 -8"><span class='ocrx_word' id='word_1_437' title='bbox 961 647 1098 681; x_wconf 79' lang='lat' dir='ltr'><strong>Apparete</strong></span> <span class='ocrx_word' id='word_1_438' title='bbox 1125 646 1191 673; x_wconf 88' lang='lat' dir='ltr'><strong>solis</strong></span> <span class='ocrx_word' id='word_1_439' title='bbox 1217 647 1309 681; x_wconf 65' lang='lat' dir='ltr'><strong>gloriae</strong></span> <span class='ocrx_word' id='word_1_440' title='bbox 1333 646 1422 677; x_wconf 85' lang='lat' dir='ltr'><strong>faces.</strong></span> <span class='ocrx_word' id='word_1_441' title='bbox 1443 646 1564 681; x_wconf 84' lang='lat' dir='ltr'><strong>Apostoli</strong></span> <span class='ocrx_word' id='word_1_442' title='bbox 1595 647 1711 678; x_wconf 81' lang='lat' dir='ltr'><strong>nobiles,</strong></span> 
     </span>
    </p>
   </div>
   <div class='ocr_carea' id='block_1_72' title="bbox 928 691 1712 725">
    <p class='ocr_par' dir='ltr' id='par_1_72' title="bbox 928 691 1712 725">
     <span class='ocr_line' id='line_1_72' title="bbox 928 691 1712 725; baseline 0.003 -9"><span class='ocrx_word' id='word_1_443' title='bbox 928 691 1101 717; x_wconf 73' lang='lat' dir='ltr'><strong>tenebrarum</strong></span> <span class='ocrx_word' id='word_1_444' title='bbox 1122 691 1315 718; x_wconf 84' lang='lat' dir='ltr'><strong>obscuritatem</strong></span> <span class='ocrx_word' id='word_1_445' title='bbox 1332 691 1498 725; x_wconf 76' lang='lat' dir='ltr'><strong>expellentes</strong></span> <span class='ocrx_word' id='word_1_446' title='bbox 1514 700 1520 718; x_wconf 90' lang='lat'><strong><em>:</em></strong></span> <span class='ocrx_word' id='word_1_447' title='bbox 1535 699 1607 718; x_wconf 89' lang='lat' dir='ltr'><strong>nunc</strong></span> <span class='ocrx_word' id='word_1_448' title='bbox 1623 696 1712 718; x_wconf 78' lang='lat' dir='ltr'><strong>autem</strong></span> 
     </span>
    </p>
   </div>
   <div class='ocr_carea' id='block_1_73' title="bbox 928 737 1654 771">
    <p class='ocr_par' dir='ltr' id='par_1_73' title="bbox 928 737 1654 771">
     <span class='ocr_line' id='line_1_73' title="bbox 928 737 1654 771; baseline 0.001 -8"><span class='ocrx_word' id='word_1_449' title='bbox 928 737 1062 764; x_wconf 78' lang='lat' dir='ltr'><strong>illustrare</strong></span> <span class='ocrx_word' id='word_1_450' title='bbox 1077 745 1119 763; x_wconf 90' lang='lat' dir='ltr'><strong>me</strong></span> <span class='ocrx_word' id='word_1_451' title='bbox 1134 745 1180 771; x_wconf 87' lang='lat' dir='ltr'><strong>per</strong></span> <span class='ocrx_word' id='word_1_452' title='bbox 1194 744 1303 764; x_wconf 85' lang='lat' dir='ltr'><strong>onmem</strong></span> <span class='ocrx_word' id='word_1_453' title='bbox 1322 738 1451 764; x_wconf 89' lang='lat' dir='ltr'><strong>malitiam</strong></span> <span class='ocrx_word' id='word_1_454' title='bbox 1467 737 1654 765; x_wconf 79' lang='lat' dir='ltr'><strong>obscuratum.</strong></span> 
     </span>
    </p>
   </div>
   <div class='ocr_carea' id='block_1_74' title="bbox 963 782 1712 817">
    <p class='ocr_par' dir='ltr' id='par_1_74' title="bbox 963 782 1712 817">
     <span class='ocr_line' id='line_1_74' title="bbox 963 782 1712 817; baseline 0.001 -8"><span class='ocrx_word' id='word_1_455' title='bbox 963 782 1095 809; x_wconf 73' lang='lat' dir='ltr'><strong>(llaiuaho</strong></span> <span class='ocrx_word' id='word_1_456' title='bbox 1122 791 1169 817; x_wconf 87' lang='lat' dir='ltr'><strong>per</strong></span> <span class='ocrx_word' id='word_1_457' title='bbox 1194 787 1300 809; x_wconf 83' lang='lat' dir='ltr'><strong>noctem</strong></span> <span class='ocrx_word' id='word_1_458' title='bbox 1327 787 1353 809; x_wconf 88' lang='lat' dir='ltr'><strong>et</strong></span> <span class='ocrx_word' id='word_1_459' title='bbox 1379 782 1450 809; x_wconf 84' lang='lat' dir='ltr'><strong>diem</strong></span> <span class='ocrx_word' id='word_1_460' title='bbox 1476 783 1593 810; x_wconf 89' lang='lat' dir='ltr'><strong>obtritus</strong></span> <span class='ocrx_word' id='word_1_461' title='bbox 1619 783 1653 810; x_wconf 82' lang='lat' dir='ltr'><strong>ad</strong></span> <span class='ocrx_word' id='word_1_462' title='bbox 1677 789 1712 815; x_wconf 84' lang='lat' dir='ltr'><strong>te,</strong></span> 
     </span>
    </p>
   </div>
   <div class='ocr_carea' id='block_1_75' title="bbox 928 827 1712 862">
    <p class='ocr_par' dir='ltr' id='par_1_75' title="bbox 928 827 1712 862">
     <span class='ocr_line' id='line_1_75' title="bbox 928 827 1712 862; baseline 0.001 -7"><span class='ocrx_word' id='word_1_463' title='bbox 928 831 955 856; x_wconf 90' lang='lat' dir='ltr'><strong>et</strong></span> <span class='ocrx_word' id='word_1_464' title='bbox 985 827 1130 860; x_wconf 86' lang='lat' dir='ltr'><strong>liberabor,</strong></span> <span class='ocrx_word' id='word_1_465' title='bbox 1151 832 1178 855; x_wconf 85' lang='lat' dir='ltr'><strong>et</strong></span> <span class='ocrx_word' id='word_1_466' title='bbox 1203 828 1367 862; x_wconf 79' lang='lat' dir='ltr'><strong>voluptatqu</strong></span> <span class='ocrx_word' id='word_1_467' title='bbox 1395 828 1568 862; x_wconf 79' lang='lat' dir='ltr'><strong>pertransibo</strong></span> <span class='ocrx_word' id='word_1_468' title='bbox 1594 836 1712 860; x_wconf 83' lang='lat' dir='ltr'><strong>murum.</strong></span> 
     </span>
    </p>
   </div>
   <div class='ocr_carea' id='block_1_76' title="bbox 929 872 1592 910">
    <p class='ocr_par' dir='ltr' id='par_1_76' title="bbox 929 872 1592 910">
     <span class='ocr_line' id='line_1_76' title="bbox 929 872 1592 910; baseline 0.002 -10"><span class='ocrx_word' id='word_1_469' title='bbox 929 878 957 900; x_wconf 91' lang='lat' dir='ltr'><strong>et</strong></span> <span class='ocrx_word' id='word_1_470' title='bbox 973 873 1111 905; x_wconf 83' lang='lat' dir='ltr'><strong>salvabor,</strong></span> <span class='ocrx_word' id='word_1_471' title='bbox 1129 879 1174 900; x_wconf 86' lang='lat' dir='ltr'><strong>tua</strong></span> <span class='ocrx_word' id='word_1_472' title='bbox 1193 874 1324 908; x_wconf 80' lang='lat' dir='ltr'><strong>potentia,</strong></span> <span class='ocrx_word' id='word_1_473' title='bbox 1342 872 1434 910; x_wconf 77' lang='lat' dir='ltr'><strong>Virgo,</strong></span> <span class='ocrx_word' id='word_1_474' title='bbox 1453 873 1592 901; x_wconf 81' lang='lat' dir='ltr'><strong>defensus.</strong></span> 
     </span>
    </p>
   </div>
   <div class='ocr_carea' id='block_1_77' title="bbox 1196 977 1444 1005">
    <p class='ocr_par' dir='ltr' id='par_1_77' title="bbox 1196 977 1444 1005">
     <span class='ocr_line' id='line_1_77' title="bbox 1196 977 1444 1005; baseline 0.008 -2"><span class='ocrx_word' id='word_1_475' title='bbox 1196 977 1303 1004; x_wconf 60' lang='lat' dir='ltr'><strong>Decreto</strong></span> <span class='ocrx_word' id='word_1_476' title='bbox 1329 977 1444 1005; x_wconf 85' lang='lat' dir='ltr'><strong>Domini.</strong></span> 
     </span>
    </p>
   </div>
   <div class='ocr_carea' id='block_1_78' title="bbox 964 1022 1715 1064">
    <p class='ocr_par' dir='ltr' id='par_1_78' title="bbox 964 1022 1715 1064">
     <span class='ocr_line' id='line_1_78' title="bbox 964 1022 1715 1064; baseline 0.004 -16"><span class='ocrx_word' id='word_1_477' title='bbox 964 1022 1170 1064; x_wconf 73' lang='lat' dir='ltr'><strong>Abstinehimus</strong></span> <span class='ocrx_word' id='word_1_478' title='bbox 1197 1023 1230 1049; x_wconf 80' lang='lat' dir='ltr'><strong>ab</strong></span> <span class='ocrx_word' id='word_1_479' title='bbox 1258 1024 1330 1049; x_wconf 84' lang='lat' dir='ltr'><strong>omni</strong></span> <span class='ocrx_word' id='word_1_480' title='bbox 1360 1024 1515 1058; x_wconf 83' lang='lat' dir='ltr'><strong>voluptate,</strong></span> <span class='ocrx_word' id='word_1_481' title='bbox 1545 1030 1715 1052; x_wconf 82' lang='lat' dir='ltr'><strong>macerantes</strong></span> 
     </span>
    </p>
   </div>
   <div class='ocr_carea' id='block_1_79' title="bbox 931 1068 1715 1104">
    <p class='ocr_par' dir='ltr' id='par_1_79' title="bbox 931 1068 1715 1104">
     <span class='ocr_line' id='line_1_79' title="bbox 931 1068 1715 1104; baseline 0.003 -10"><span class='ocrx_word' id='word_1_482' title='bbox 931 1073 1047 1094; x_wconf 81' lang='lat' dir='ltr'><strong>mentem</strong></span> <span class='ocrx_word' id='word_1_483' title='bbox 1061 1068 1178 1102; x_wconf 78' lang='lat' dir='ltr'><strong>jejunio.</strong></span> <span class='ocrx_word' id='word_1_484' title='bbox 1194 1073 1221 1095; x_wconf 83' lang='lat' dir='ltr'><strong>et</strong></span> <span class='ocrx_word' id='word_1_485' title='bbox 1237 1070 1453 1103; x_wconf 78' lang='lat' dir='ltr'><strong>tompunctionis</strong></span> <span class='ocrx_word' id='word_1_486' title='bbox 1467 1075 1560 1104; x_wconf 84' lang='lat' dir='ltr'><strong>potum</strong></span> <span class='ocrx_word' id='word_1_487' title='bbox 1580 1071 1715 1098; x_wconf 81' lang='lat' dir='ltr'><strong>ferventer</strong></span> 
     </span>
    </p>
   </div>
   <div class='ocr_carea' id='block_1_80' title="bbox 930 1114 1570 1150">
    <p class='ocr_par' dir='ltr' id='par_1_80' title="bbox 930 1114 1570 1150">
     <span class='ocr_line' id='line_1_80' title="bbox 930 1114 1570 1150; baseline 0.003 -9"><span class='ocrx_word' id='word_1_488' title='bbox 930 1114 1055 1142; x_wconf 82' lang='lat' dir='ltr'><strong>bibamus</strong></span> <span class='ocrx_word' id='word_1_489' title='bbox 1074 1114 1267 1142; x_wconf 83' lang='lat' dir='ltr'><strong>citltarizantes</strong></span> <span class='ocrx_word' id='word_1_490' title='bbox 1277 1123 1284 1141; x_wconf 90' lang='lat'>:</span> <span class='ocrx_word' id='word_1_491' title='bbox 1296 1114 1462 1147; x_wconf 79' lang='lat' dir='ltr'><strong>Bcnedteile,</strong></span> <span class='ocrx_word' id='word_1_492' title='bbox 1478 1123 1570 1150; x_wconf 88' lang='lat' dir='ltr'><strong>opera.</strong></span> 
     </span>
    </p>
   </div>
   <div class='ocr_carea' id='block_1_81' title="bbox 966 1159 1715 1195">
    <p class='ocr_par' dir='ltr' id='par_1_81' title="bbox 966 1159 1715 1195">
     <span class='ocr_line' id='line_1_81' title="bbox 966 1159 1715 1195; baseline 0.004 -10"><span class='ocrx_word' id='word_1_493' title='bbox 966 1159 1067 1186; x_wconf 78' lang='lat' dir='ltr'><strong>Eurum</strong></span> <span class='ocrx_word' id='word_1_494' title='bbox 1086 1159 1132 1195; x_wconf 89' lang='lat' dir='ltr'><strong>qui</strong></span> <span class='ocrx_word' id='word_1_495' title='bbox 1156 1164 1229 1187; x_wconf 86' lang='lat' dir='ltr'><strong>stant</strong></span> <span class='ocrx_word' id='word_1_496' title='bbox 1252 1167 1267 1186; x_wconf 91' lang='lat' dir='ltr'><strong>a</strong></span> <span class='ocrx_word' id='word_1_497' title='bbox 1286 1160 1389 1187; x_wconf 78' lang='lat' dir='ltr'><strong>dextris</strong></span> <span class='ocrx_word' id='word_1_498' title='bbox 1414 1161 1472 1187; x_wconf 79' lang='lat' dir='ltr'><strong>fieri</strong></span> <span class='ocrx_word' id='word_1_499' title='bbox 1496 1166 1651 1188; x_wconf 81' lang='lat' dir='ltr'><strong>consortem</strong></span> <span class='ocrx_word' id='word_1_500' title='bbox 1667 1161 1715 1188; x_wconf 87' lang='lat' dir='ltr'><strong>de-</strong></span> 
     </span>
    </p>
   </div>
   <div class='ocr_carea' id='block_1_82' title="bbox 930 1205 1716 1241">
    <p class='ocr_par' dir='ltr' id='par_1_82' title="bbox 930 1205 1716 1241">
     <span class='ocr_line' id='line_1_82' title="bbox 930 1205 1716 1241; baseline 0.003 -9"><span class='ocrx_word' id='word_1_501' title='bbox 930 1205 1089 1238; x_wconf 81' lang='lat' dir='ltr'><strong>precaruini,</strong></span> <span class='ocrx_word' id='word_1_502' title='bbox 1106 1206 1232 1240; x_wconf 83' lang='lat' dir='ltr'><strong>apostoli.</strong></span> <span class='ocrx_word' id='word_1_503' title='bbox 1251 1211 1278 1232; x_wconf 92' lang='lat' dir='ltr'><strong>ut</strong></span> <span class='ocrx_word' id='word_1_504' title='bbox 1294 1205 1448 1240; x_wconf 80' lang='lat' dir='ltr'><strong>obtineant,</strong></span> <span class='ocrx_word' id='word_1_505' title='bbox 1464 1206 1572 1241; x_wconf 81' lang='lat' dir='ltr'><strong>quando</strong></span> <span class='ocrx_word' id='word_1_506' title='bbox 1589 1208 1716 1234; x_wconf 72' lang='lat' dir='ltr'><strong>sedet-itis</strong></span> 
     </span>
    </p>
   </div>
   <div class='ocr_carea' id='block_1_83' title="bbox 930 1251 1717 1289">
    <p class='ocr_par' dir='ltr' id='par_1_83' title="bbox 930 1251 1717 1289">
     <span class='ocr_line' id='line_1_83' title="bbox 930 1251 1717 1289; baseline 0.004 -11"><span class='ocrx_word' id='word_1_507' title='bbox 930 1259 991 1278; x_wconf 89' lang='lat' dir='ltr'><strong>eum</strong></span> <span class='ocrx_word' id='word_1_508' title='bbox 1011 1252 1121 1279; x_wconf 86' lang='lat' dir='ltr'><strong>Christo</strong></span> <span class='ocrx_word' id='word_1_509' title='bbox 1134 1251 1257 1286; x_wconf 88' lang='lat' dir='ltr'><strong>judicare</strong></span> <span class='ocrx_word' id='word_1_510' title='bbox 1274 1253 1408 1286; x_wconf 84' lang='lat' dir='ltr'><strong>homines,</strong></span> <span class='ocrx_word' id='word_1_511' title='bbox 1426 1253 1471 1288; x_wconf 85' lang='lat' dir='ltr'><strong>qui</strong></span> <span class='ocrx_word' id='word_1_512' title='bbox 1489 1254 1522 1280; x_wconf 88' lang='lat' dir='ltr'><strong>de</strong></span> <span class='ocrx_word' id='word_1_513' title='bbox 1538 1254 1630 1282; x_wconf 89' lang='lat' dir='ltr'><strong>multis</strong></span> <span class='ocrx_word' id='word_1_514' title='bbox 1649 1261 1717 1289; x_wconf 77' lang='lat' dir='ltr'><strong>pec-</strong></span> 
     </span>
    </p>
   </div>
   <div class='ocr_carea' id='block_1_84' title="bbox 929 1297 1217 1324">
    <p class='ocr_par' dir='ltr' id='par_1_84' title="bbox 929 1297 1217 1324">
     <span class='ocr_line' id='line_1_84' title="bbox 929 1297 1217 1324; baseline 0 -1"><span class='ocrx_word' id='word_1_515' title='bbox 929 1297 999 1323; x_wconf 82' lang='lat' dir='ltr'><strong>catis</strong></span> <span class='ocrx_word' id='word_1_516' title='bbox 1015 1304 1078 1324; x_wconf 78' lang='lat' dir='ltr'><strong>reus</strong></span> <span class='ocrx_word' id='word_1_517' title='bbox 1092 1305 1217 1324; x_wconf 84' lang='lat' dir='ltr'><strong>accusor.</strong></span> 
     </span>
    </p>
   </div>
   <div class='ocr_carea' id='block_1_85' title="bbox 964 1340 1715 1379">
    <p class='ocr_par' dir='ltr' id='par_1_85' title="bbox 964 1340 1715 1379">
     <span class='ocr_line' id='line_1_85' title="bbox 964 1340 1715 1379; baseline 0.004 -11"><span class='ocrx_word' id='word_1_518' title='bbox 964 1340 993 1368; x_wconf 84' lang='lat' dir='ltr'><strong>In</strong></span> <span class='ocrx_word' id='word_1_519' title='bbox 1016 1349 1128 1368; x_wconf 83' lang='lat' dir='ltr'><strong>eurrum</strong></span> <span class='ocrx_word' id='word_1_520' title='bbox 1152 1342 1306 1369; x_wconf 87' lang='lat' dir='ltr'><strong>divinartun</strong></span> <span class='ocrx_word' id='word_1_521' title='bbox 1333 1343 1477 1377; x_wconf 84' lang='lat' dir='ltr'><strong>virtutum,</strong></span> <span class='ocrx_word' id='word_1_522' title='bbox 1494 1343 1598 1378; x_wconf 81' lang='lat' dir='ltr'><strong>jejunio</strong></span> <span class='ocrx_word' id='word_1_523' title='bbox 1623 1345 1715 1379; x_wconf 72' lang='lat' dir='ltr'><strong>purifi-</strong></span> 
     </span>
    </p>
   </div>
   <div class='ocr_carea' id='block_1_86' title="bbox 929 1388 1717 1422">
    <p class='ocr_par' dir='ltr' id='par_1_86' title="bbox 929 1388 1717 1422">
     <span class='ocr_line' id='line_1_86' title="bbox 929 1388 1717 1422; baseline 0.004 -8"><span class='ocrx_word' id='word_1_524' title='bbox 929 1388 982 1414; x_wconf 81' lang='lat' dir='ltr'><strong>cati</strong></span> <span class='ocrx_word' id='word_1_525' title='bbox 1009 1388 1241 1422; x_wconf 74' lang='lat' dir='ltr'><strong>conscendamus,</strong></span> <span class='ocrx_word' id='word_1_526' title='bbox 1263 1389 1297 1416; x_wconf 86' lang='lat' dir='ltr'><strong>ad</strong></span> <span class='ocrx_word' id='word_1_527' title='bbox 1323 1390 1461 1416; x_wconf 73' lang='lat' dir='ltr'><strong>cmlcstem</strong></span> <span class='ocrx_word' id='word_1_528' title='bbox 1489 1393 1616 1417; x_wconf 78' lang='lat' dir='ltr'><strong>verticem</strong></span> <span class='ocrx_word' id='word_1_529' title='bbox 1641 1399 1717 1418; x_wconf 76' lang='lat' dir='ltr'><strong>lllt‘ll-</strong></span> 
     </span>
    </p>
   </div>
   <div class='ocr_carea' id='block_1_87' title="bbox 929 1434 1716 1466">
    <p class='ocr_par' dir='ltr' id='par_1_87' title="bbox 929 1434 1716 1466">
     <span class='ocr_line' id='line_1_87' title="bbox 929 1434 1716 1466; baseline 0.004 -5"><span class='ocrx_word' id='word_1_530' title='bbox 929 1437 983 1461; x_wconf 84' lang='lat' dir='ltr'><strong>tem</strong></span> <span class='ocrx_word' id='word_1_531' title='bbox 1009 1434 1202 1466; x_wconf 76' lang='lat' dir='ltr'><strong>extendamus,</strong></span> <span class='ocrx_word' id='word_1_532' title='bbox 1221 1435 1416 1463; x_wconf 84' lang='lat' dir='ltr'><strong>citharizantes</strong></span> <span class='ocrx_word' id='word_1_533' title='bbox 1436 1436 1508 1463; x_wconf 87' lang='lat' dir='ltr'><strong>hanc</strong></span> <span class='ocrx_word' id='word_1_534' title='bbox 1521 1437 1690 1464; x_wconf 88' lang='lat' dir='ltr'><strong>altitudinem</strong></span> <span class='ocrx_word' id='word_1_535' title='bbox 1708 1445 1716 1464; x_wconf 89' lang='lat'><strong>:</strong></span> 
     </span>
    </p>
   </div>
   <div class='ocr_carea' id='block_1_88' title="bbox 930 1479 1206 1516">
    <p class='ocr_par' dir='ltr' id='par_1_88' title="bbox 930 1479 1206 1516">
     <span class='ocr_line' id='line_1_88' title="bbox 930 1479 1206 1516; baseline 0 -9"><span class='ocrx_word' id='word_1_536' title='bbox 930 1479 1094 1513; x_wconf 79' lang='lat' dir='ltr'><strong>Bcnedieite,</strong></span> <span class='ocrx_word' id='word_1_537' title='bbox 1112 1489 1206 1516; x_wconf 81' lang='lat' dir='ltr'><strong>opera.</strong></span> 
     </span>
    </p>
   </div>
   <div class='ocr_carea' id='block_1_89' title="bbox 967 1524 1718 1562">
    <p class='ocr_par' dir='ltr' id='par_1_89' title="bbox 967 1524 1718 1562">
     <span class='ocr_line' id='line_1_89' title="bbox 967 1524 1718 1562; baseline 0.004 -10"><span class='ocrx_word' id='word_1_538' title='bbox 967 1524 1145 1553; x_wconf 78' lang='lat' dir='ltr'><strong>Permansisti</strong></span> <span class='ocrx_word' id='word_1_539' title='bbox 1168 1526 1350 1559; x_wconf 86' lang='lat' dir='ltr'><strong>incombusta,</strong></span> <span class='ocrx_word' id='word_1_540' title='bbox 1375 1535 1435 1561; x_wconf 84' lang='lat' dir='ltr'><strong>qua:</strong></span> <span class='ocrx_word' id='word_1_541' title='bbox 1456 1528 1544 1562; x_wconf 81' lang='lat' dir='ltr'><strong>ignem</strong></span> <span class='ocrx_word' id='word_1_542' title='bbox 1567 1528 1718 1556; x_wconf 83' lang='lat' dir='ltr'><strong>divinitatis</strong></span> 
     </span>
    </p>
   </div>
   <div class='ocr_carea' id='block_1_90' title="bbox 933 1571 1717 1607">
    <p class='ocr_par' dir='ltr' id='par_1_90' title="bbox 933 1571 1717 1607">
     <span class='ocr_line' id='line_1_90' title="bbox 933 1571 1717 1607; baseline 0.004 -9"><span class='ocrx_word' id='word_1_543' title='bbox 933 1572 1062 1606; x_wconf 79' lang='lat' dir='ltr'><strong>genuisti,</strong></span> <span class='ocrx_word' id='word_1_544' title='bbox 1081 1571 1160 1607; x_wconf 74' lang='lat' dir='ltr'><strong>Virgo</strong></span> <span class='ocrx_word' id='word_1_545' title='bbox 1177 1581 1183 1599; x_wconf 95' lang='lat'><strong>:</strong></span> <span class='ocrx_word' id='word_1_546' title='bbox 1199 1573 1246 1600; x_wconf 87' lang='lat' dir='ltr'><strong>sed</strong></span> <span class='ocrx_word' id='word_1_547' title='bbox 1262 1573 1393 1600; x_wconf 85' lang='lat' dir='ltr'><strong>cotubure</strong></span> <span class='ocrx_word' id='word_1_548' title='bbox 1409 1573 1536 1601; x_wconf 81' lang='lat' dir='ltr'><strong>libidines</strong></span> <span class='ocrx_word' id='word_1_549' title='bbox 1551 1575 1717 1606; x_wconf 80' lang='lat' dir='ltr'><strong>animarum,</strong></span> 
     </span>
    </p>
   </div>
   <div class='ocr_carea' id='block_1_91' title="bbox 932 1617 1540 1653">
    <p class='ocr_par' dir='ltr' id='par_1_91' title="bbox 932 1617 1540 1653">
     <span class='ocr_line' id='line_1_91' title="bbox 932 1617 1540 1653; baseline 0.003 -10"><span class='ocrx_word' id='word_1_550' title='bbox 932 1617 1108 1644; x_wconf 84' lang='lat' dir='ltr'><strong>clamantium</strong></span> <span class='ocrx_word' id='word_1_551' title='bbox 1123 1625 1231 1652; x_wconf 83' lang='lat' dir='ltr'><strong>semper</strong></span> <span class='ocrx_word' id='word_1_552' title='bbox 1246 1627 1252 1644; x_wconf 90' lang='lat'>:</span> <span class='ocrx_word' id='word_1_553' title='bbox 1269 1618 1432 1650; x_wconf 78' lang='lat' dir='ltr'><strong>Benedicite,</strong></span> <span class='ocrx_word' id='word_1_554' title='bbox 1447 1625 1540 1653; x_wconf 83' lang='lat' dir='ltr'><strong>opera.</strong></span> 
     </span>
    </p>
   </div>
   <div class='ocr_carea' id='block_1_92' title="bbox 965 1661 1659 1694">
    <p class='ocr_par' dir='ltr' id='par_1_92' title="bbox 965 1661 1659 1694">
     <span class='ocr_line' id='line_1_92' title="bbox 965 1661 1659 1694; baseline 0.003 -6"><span class='ocrx_word' id='word_1_555' title='bbox 965 1661 1030 1694; x_wconf 78' lang='lat' dir='ltr'><strong>Qua:</strong></span> <span class='ocrx_word' id='word_1_556' title='bbox 1047 1662 1203 1689; x_wconf 75' lang='lat' dir='ltr'><strong>immensum</strong></span> <span class='ocrx_word' id='word_1_557' title='bbox 1219 1662 1301 1690; x_wconf 76' lang='lat' dir='ltr'><strong>Deum</strong></span> <span class='ocrx_word' id='word_1_558' title='bbox 1317 1663 1344 1690; x_wconf 81' lang='lat' dir='ltr'><strong>in</strong></span> <span class='ocrx_word' id='word_1_559' title='bbox 1363 1669 1435 1690; x_wconf 81' lang='lat' dir='ltr'><strong>utero</strong></span> <span class='ocrx_word' id='word_1_560' title='bbox 1452 1663 1659 1691; x_wconf 75' lang='lat' dir='ltr'><strong>circumdedisti.</strong></span> 
     </span>
    </p>
   </div>
   <div class='ocr_carea' id='block_1_93' title="bbox 969 1707 1717 1745">
    <p class='ocr_par' dir='ltr' id='par_1_93' title="bbox 969 1707 1717 1745">
     <span class='ocr_line' id='line_1_93' title="bbox 969 1707 1717 1745; baseline 0.004 -11"><span class='ocrx_word' id='word_1_561' title='bbox 969 1707 1097 1743; x_wconf 71' lang='lat' dir='ltr'><strong>Dt-jectus</strong></span> <span class='ocrx_word' id='word_1_562' title='bbox 1116 1709 1285 1744; x_wconf 86' lang='lat' dir='ltr'><strong>voluptatum</strong></span> <span class='ocrx_word' id='word_1_563' title='bbox 1307 1709 1333 1736; x_wconf 91' lang='lat' dir='ltr'><strong>in</strong></span> <span class='ocrx_word' id='word_1_564' title='bbox 1357 1717 1432 1737; x_wconf 80' lang='lat' dir='ltr'><strong>mare</strong></span> <span class='ocrx_word' id='word_1_565' title='bbox 1453 1715 1571 1742; x_wconf 85' lang='lat' dir='ltr'><strong>vastum,</strong></span> <span class='ocrx_word' id='word_1_566' title='bbox 1589 1711 1717 1745; x_wconf 82' lang='lat' dir='ltr'><strong>abyssum</strong></span> 
     </span>
    </p>
   </div>
   <div class='ocr_carea' id='block_1_94' title="bbox 934 1753 1698 1788">
    <p class='ocr_par' dir='ltr' id='par_1_94' title="bbox 934 1753 1698 1788">
     <span class='ocr_line' id='line_1_94' title="bbox 934 1753 1698 1788; baseline 0.001 -7"><span class='ocrx_word' id='word_1_567' title='bbox 934 1759 986 1781; x_wconf 72' lang='lat' dir='ltr'><strong>tute</strong></span> <span class='ocrx_word' id='word_1_568' title='bbox 1002 1753 1198 1781; x_wconf 72' lang='lat' dir='ltr'><strong>misericordia:</strong></span> <span class='ocrx_word' id='word_1_569' title='bbox 1212 1754 1315 1781; x_wconf 82' lang='lat' dir='ltr'><strong>advoco</strong></span> <span class='ocrx_word' id='word_1_570' title='bbox 1330 1764 1336 1782; x_wconf 89' lang='lat'><strong>:</strong></span> <span class='ocrx_word' id='word_1_571' title='bbox 1351 1754 1430 1782; x_wconf 80' lang='lat' dir='ltr'><strong>Salva</strong></span> <span class='ocrx_word' id='word_1_572' title='bbox 1447 1762 1499 1788; x_wconf 86' lang='lat' dir='ltr'><strong>me,</strong></span> <span class='ocrx_word' id='word_1_573' title='bbox 1515 1753 1698 1782; x_wconf 82' lang='lat' dir='ltr'><strong>Gubernator.</strong></span> 
     </span>
    </p>
   </div>
   <div class='ocr_carea' id='block_1_95' title="bbox 969 1848 1719 1886">
    <p class='ocr_par' dir='ltr' id='par_1_95' title="bbox 969 1848 1719 1886">
     <span class='ocr_line' id='line_1_95' title="bbox 969 1848 1719 1886; baseline 0.001 -10"><span class='ocrx_word' id='word_1_574' title='bbox 969 1848 1163 1877; x_wconf 58' lang='lat' dir='ltr'><strong>Misericordia</strong></span> <span class='ocrx_word' id='word_1_575' title='bbox 1188 1848 1309 1881; x_wconf 82' lang='lat' dir='ltr'><strong>fons.da</strong></span> <span class='ocrx_word' id='word_1_576' title='bbox 1333 1849 1399 1876; x_wconf 90' lang='lat' dir='ltr'><strong>mihi</strong></span> <span class='ocrx_word' id='word_1_577' title='bbox 1420 1850 1640 1886; x_wconf 86' lang='lat' dir='ltr'><strong>compunctiouis</strong></span> <span class='ocrx_word' id='word_1_578' title='bbox 1658 1855 1719 1885; x_wconf 78' lang='lat' dir='ltr'><strong>gut-</strong></span> 
     </span>
    </p>
   </div>
   <div class='ocr_carea' id='block_1_96' title="bbox 934 1896 1683 1931">
    <p class='ocr_par' dir='ltr' id='par_1_96' title="bbox 934 1896 1683 1931">
     <span class='ocr_line' id='line_1_96' title="bbox 934 1896 1683 1931; baseline 0.001 -8"><span class='ocrx_word' id='word_1_579' title='bbox 934 1901 1000 1929; x_wconf 85' lang='lat' dir='ltr'><strong>tam,</strong></span> <span class='ocrx_word' id='word_1_580' title='bbox 1016 1901 1045 1923; x_wconf 91' lang='lat' dir='ltr'><strong>ut</strong></span> <span class='ocrx_word' id='word_1_581' title='bbox 1057 1896 1163 1931; x_wconf 78' lang='lat' dir='ltr'><strong>lugeam</strong></span> <span class='ocrx_word' id='word_1_582' title='bbox 1180 1896 1313 1923; x_wconf 83' lang='lat' dir='ltr'><strong>malorum</strong></span> <span class='ocrx_word' id='word_1_583' title='bbox 1328 1904 1451 1924; x_wconf 88' lang='lat' dir='ltr'><strong>meorum</strong></span> <span class='ocrx_word' id='word_1_584' title='bbox 1467 1897 1571 1924; x_wconf 81' lang='lat' dir='ltr'><strong>infinita</strong></span> <span class='ocrx_word' id='word_1_585' title='bbox 1587 1897 1683 1925; x_wconf 82' lang='lat' dir='ltr'><strong>maria.</strong></span> 
     </span>
    </p>
   </div>
   <div class='ocr_carea' id='block_1_97' title="bbox 971 1977 1719 2014">
    <p class='ocr_par' dir='ltr' id='par_1_97' title="bbox 971 1977 1719 2014">
     <span class='ocr_line' id='line_1_97' title="bbox 971 1977 1719 2014; baseline 0.003 -10"><span class='ocrx_word' id='word_1_586' title='bbox 971 1977 1170 2012; x_wconf 83' lang='lat' dir='ltr'><strong>lliseipulorum</strong></span> <span class='ocrx_word' id='word_1_587' title='bbox 1188 1982 1309 2010; x_wconf 84' lang='lat' dir='ltr'><strong>tuorum,</strong></span> <span class='ocrx_word' id='word_1_588' title='bbox 1324 1977 1400 2009; x_wconf 58' lang='lat' dir='ltr'><strong>Iesu,</strong></span> <span class='ocrx_word' id='word_1_589' title='bbox 1415 1978 1466 2013; x_wconf 91' lang='lat' dir='ltr'><strong>piis</strong></span> <span class='ocrx_word' id='word_1_590' title='bbox 1484 1978 1610 2014; x_wconf 78' lang='lat' dir='ltr'><strong>precibus</strong></span> <span class='ocrx_word' id='word_1_591' title='bbox 1633 1985 1719 2014; x_wconf 74' lang='lat' dir='ltr'><strong>augu-</strong></span> 
     </span>
    </p>
   </div>
   <div class='ocr_carea' id='block_1_98' title="bbox 934 2024 1719 2060">
    <p class='ocr_par' dir='ltr' id='par_1_98' title="bbox 934 2024 1719 2060">
     <span class='ocr_line' id='line_1_98' title="bbox 934 2024 1719 2060; baseline 0.001 -9"><span class='ocrx_word' id='word_1_592' title='bbox 934 2029 1002 2051; x_wconf 87' lang='lat' dir='ltr'><strong>stam</strong></span> <span class='ocrx_word' id='word_1_593' title='bbox 1020 2024 1140 2052; x_wconf 84' lang='lat' dir='ltr'><strong>concede</strong></span> <span class='ocrx_word' id='word_1_594' title='bbox 1160 2024 1226 2051; x_wconf 89' lang='lat' dir='ltr'><strong>mihi</strong></span> <span class='ocrx_word' id='word_1_595' title='bbox 1245 2025 1484 2057; x_wconf 82' lang='lat' dir='ltr'><strong>resurrectionem,</strong></span> <span class='ocrx_word' id='word_1_596' title='bbox 1499 2029 1581 2060; x_wconf 81' lang='lat' dir='ltr'><strong>atque</strong></span> <span class='ocrx_word' id='word_1_597' title='bbox 1596 2026 1719 2052; x_wconf 83' lang='lat' dir='ltr'><strong>venerari</strong></span> 
     </span>
    </p>
   </div>
   <div class='ocr_carea' id='block_1_99' title="bbox 934 2071 1289 2104">
    <p class='ocr_par' dir='ltr' id='par_1_99' title="bbox 934 2071 1289 2104">
     <span class='ocr_line' id='line_1_99' title="bbox 934 2071 1289 2104; baseline 0.003 -6"><span class='ocrx_word' id='word_1_598' title='bbox 934 2071 1041 2098; x_wconf 85' lang='lat' dir='ltr'><strong>divinas</strong></span> <span class='ocrx_word' id='word_1_599' title='bbox 1059 2075 1120 2098; x_wconf 88' lang='lat' dir='ltr'><strong>tuas</strong></span> <span class='ocrx_word' id='word_1_600' title='bbox 1137 2072 1289 2104; x_wconf 83' lang='lat' dir='ltr'><strong>passiones.</strong></span> 
     </span>
    </p>
   </div>
   <div class='ocr_carea' id='block_1_100' title="bbox 973 2116 1719 2149">
    <p class='ocr_par' dir='ltr' id='par_1_100' title="bbox 973 2116 1719 2149">
     <span class='ocr_line' id='line_1_100' title="bbox 973 2116 1719 2149; baseline 0.003 -7"><span class='ocrx_word' id='word_1_601' title='bbox 973 2116 1040 2149; x_wconf 64' lang='lat' dir='ltr'><strong>Quae</strong></span> <span class='ocrx_word' id='word_1_602' title='bbox 1068 2117 1094 2143; x_wconf 88' lang='lat' dir='ltr'><strong>in</strong></span> <span class='ocrx_word' id='word_1_603' title='bbox 1117 2117 1218 2144; x_wconf 75' lang='lat' dir='ltr'><strong>ctelum</strong></span> <span class='ocrx_word' id='word_1_604' title='bbox 1244 2117 1421 2145; x_wconf 74' lang='lat' dir='ltr'><strong>introduxisti</strong></span> <span class='ocrx_word' id='word_1_605' title='bbox 1444 2122 1568 2145; x_wconf 76' lang='lat' dir='ltr'><strong>nostrum</strong></span> <span class='ocrx_word' id='word_1_606' title='bbox 1587 2123 1666 2145; x_wconf 79' lang='lat' dir='ltr'><strong>teme</strong></span> <span class='ocrx_word' id='word_1_607' title='bbox 1686 2117 1719 2144; x_wconf 94' lang='lat' dir='ltr'><strong>li-</strong></span> 
     </span>
    </p>
   </div>
   <div class='ocr_carea' id='block_1_101' title="bbox 934 2163 1720 2200">
    <p class='ocr_par' dir='ltr' id='par_1_101' title="bbox 934 2163 1720 2200">
     <span class='ocr_line' id='line_1_101' title="bbox 934 2163 1720 2200; baseline 0.001 -11"><span class='ocrx_word' id='word_1_608' title='bbox 934 2171 1024 2194; x_wconf 89' lang='lat' dir='ltr'><strong>mum,</strong></span> <span class='ocrx_word' id='word_1_609' title='bbox 1050 2171 1098 2198; x_wconf 90' lang='lat' dir='ltr'><strong>per</strong></span> <span class='ocrx_word' id='word_1_610' title='bbox 1112 2163 1354 2190; x_wconf 85' lang='lat' dir='ltr'><strong>commorationem</strong></span> <span class='ocrx_word' id='word_1_611' title='bbox 1379 2163 1424 2191; x_wconf 83' lang='lat' dir='ltr'><strong>Dei</strong></span> <span class='ocrx_word' id='word_1_612' title='bbox 1443 2164 1469 2191; x_wconf 91' lang='lat' dir='ltr'><strong>in</strong></span> <span class='ocrx_word' id='word_1_613' title='bbox 1490 2170 1525 2196; x_wconf 89' lang='lat' dir='ltr'><strong>te,</strong></span> <span class='ocrx_word' id='word_1_614' title='bbox 1547 2165 1654 2200; x_wconf 78' lang='lat' dir='ltr'><strong>penitus</strong></span> <span class='ocrx_word' id='word_1_615' title='bbox 1679 2164 1720 2191; x_wconf 86' lang='lat' dir='ltr'><strong>iu-</strong></span> 
     </span>
    </p>
   </div>
   <div class='ocr_carea' id='block_1_102' title="bbox 891 2200 1493 2244">
    <p class='ocr_par' dir='ltr' id='par_1_102' title="bbox 891 2200 1493 2244">
     <span class='ocr_line' id='line_1_102' title="bbox 891 2200 1493 2244; baseline 0.005 -10"><span class='ocrx_word' id='word_1_616' title='bbox 891 2200 919 2229; x_wconf 77' lang='grc' dir='ltr'><strong>Β</strong></span> <span class='ocrx_word' id='word_1_617' title='bbox 935 2209 1045 2239; x_wconf 75' lang='lat' dir='ltr'><strong>violata.</strong></span> <span class='ocrx_word' id='word_1_618' title='bbox 1061 2216 1195 2244; x_wconf 57' lang='lat' dir='ltr'><strong>praeserva</strong></span> <span class='ocrx_word' id='word_1_619' title='bbox 1212 2216 1307 2236; x_wconf 88' lang='lat' dir='ltr'><strong>omnes</strong></span> <span class='ocrx_word' id='word_1_620' title='bbox 1321 2218 1336 2236; x_wconf 72' lang='grc' dir='ltr'><strong>ιι</strong></span> <span class='ocrx_word' id='word_1_621' title='bbox 1354 2210 1493 2244; x_wconf 86' lang='lat' dir='ltr'><strong>periculis.</strong></span> 
     </span>
    </p>
   </div>
   <div class='ocr_carea' id='block_1_103' title="bbox 1016 2265 1635 2301">
    <p class='ocr_par' dir='ltr' id='par_1_103' title="bbox 1016 2265 1635 2301">
     <span class='ocr_line' id='line_1_103' title="bbox 1016 2265 1635 2301; baseline 0 -8"><span class='ocrx_word' id='word_1_622' title='bbox 1016 2265 1179 2293; x_wconf 81' lang='lat' dir='ltr'><strong>Illuminntio</strong></span> <span class='ocrx_word' id='word_1_623' title='bbox 1195 2266 1299 2293; x_wconf 81' lang='lat' dir='ltr'><strong>illorum</strong></span> <span class='ocrx_word' id='word_1_624' title='bbox 1313 2266 1358 2301; x_wconf 81' lang='lat' dir='ltr'><strong>qui</strong></span> <span class='ocrx_word' id='word_1_625' title='bbox 1371 2266 1396 2292; x_wconf 75' lang='lat' dir='ltr'><strong>in</strong></span> <span class='ocrx_word' id='word_1_626' title='bbox 1414 2266 1524 2293; x_wconf 75' lang='lat' dir='ltr'><strong>tenebris</strong></span> <span class='ocrx_word' id='word_1_627' title='bbox 1537 2267 1635 2293; x_wconf 75' lang='lat' dir='ltr'><strong>sedent.</strong></span> 
     </span>
    </p>
   </div>
   <div class='ocr_carea' id='block_1_104' title="bbox 967 2323 1720 2359">
    <p class='ocr_par' dir='ltr' id='par_1_104' title="bbox 967 2323 1720 2359">
     <span class='ocr_line' id='line_1_104' title="bbox 967 2323 1720 2359; baseline -0.001 -9"><span class='ocrx_word' id='word_1_628' title='bbox 967 2324 1115 2359; x_wconf 76' lang='lat' dir='ltr'><strong>Segnitiern</strong></span> <span class='ocrx_word' id='word_1_629' title='bbox 1139 2331 1199 2359; x_wconf 69' lang='lat' dir='ltr'><strong>qua:</strong></span> <span class='ocrx_word' id='word_1_630' title='bbox 1226 2324 1313 2351; x_wconf 81' lang='lat' dir='ltr'><strong>estin</strong></span> <span class='ocrx_word' id='word_1_631' title='bbox 1341 2331 1384 2350; x_wconf 91' lang='lat' dir='ltr'><strong>me</strong></span> <span class='ocrx_word' id='word_1_632' title='bbox 1409 2324 1586 2350; x_wconf 83' lang='lat' dir='ltr'><strong>considerans</strong></span> <span class='ocrx_word' id='word_1_633' title='bbox 1608 2323 1720 2350; x_wconf 78' lang='lat' dir='ltr'><strong>dolosas</strong></span> 
     </span>
    </p>
   </div>
   <div class='ocr_carea' id='block_1_105' title="bbox 933 2367 1720 2403">
    <p class='ocr_par' dir='ltr' id='par_1_105' title="bbox 933 2367 1720 2403">
     <span class='ocr_line' id='line_1_105' title="bbox 933 2367 1720 2403; baseline -0.004 -6"><span class='ocrx_word' id='word_1_634' title='bbox 933 2369 1043 2397; x_wconf 78' lang='lat' dir='ltr'><strong>festinat</strong></span> <span class='ocrx_word' id='word_1_635' title='bbox 1060 2373 1140 2403; x_wconf 90' lang='lat' dir='ltr'><strong>atque</strong></span> <span class='ocrx_word' id='word_1_636' title='bbox 1151 2368 1262 2403; x_wconf 78' lang='lat' dir='ltr'><strong>adjuvat</strong></span> <span class='ocrx_word' id='word_1_637' title='bbox 1277 2373 1388 2402; x_wconf 88' lang='lat' dir='ltr'><strong>peccato</strong></span> <span class='ocrx_word' id='word_1_638' title='bbox 1403 2377 1410 2394; x_wconf 92' lang='lat'><strong>:</strong></span> <span class='ocrx_word' id='word_1_639' title='bbox 1427 2367 1470 2394; x_wconf 86' lang='lat' dir='ltr'><strong>hic</strong></span> <span class='ocrx_word' id='word_1_640' title='bbox 1488 2367 1559 2395; x_wconf 88' lang='lat' dir='ltr'><strong>enim</strong></span> <span class='ocrx_word' id='word_1_641' title='bbox 1581 2367 1720 2402; x_wconf 86' lang='lat' dir='ltr'><strong>applaudit</strong></span> 
     </span>
    </p>
   </div>
   <div class='ocr_carea' id='block_1_106' title="bbox 932 2412 1720 2451">
    <p class='ocr_par' dir='ltr' id='par_1_106' title="bbox 932 2412 1720 2451">
     <span class='ocr_line' id='line_1_106' title="bbox 932 2412 1720 2451; baseline -0.004 -8"><span class='ocrx_word' id='word_1_642' title='bbox 932 2423 1018 2451; x_wconf 60' lang='lat' dir='ltr'><strong>parum</strong></span> <span class='ocrx_word' id='word_1_643' title='bbox 1035 2424 1102 2442; x_wconf 64' lang='lat' dir='ltr'><strong>meae</strong></span> <span class='ocrx_word' id='word_1_644' title='bbox 1119 2425 1125 2442; x_wconf 91' lang='lat'>:</span> <span class='ocrx_word' id='word_1_645' title='bbox 1139 2420 1166 2442; x_wconf 90' lang='lat' dir='ltr'><strong>tu</strong></span> <span class='ocrx_word' id='word_1_646' title='bbox 1183 2419 1273 2441; x_wconf 89' lang='lat' dir='ltr'><strong>autem</strong></span> <span class='ocrx_word' id='word_1_647' title='bbox 1288 2415 1322 2442; x_wconf 84' lang='lat' dir='ltr'><strong>da</strong></span> <span class='ocrx_word' id='word_1_648' title='bbox 1343 2414 1410 2441; x_wconf 86' lang='lat' dir='ltr'><strong>mihi</strong></span> <span class='ocrx_word' id='word_1_649' title='bbox 1424 2414 1639 2447; x_wconf 81' lang='lat' dir='ltr'><strong>conversionem,</strong></span> <span class='ocrx_word' id='word_1_650' title='bbox 1659 2412 1720 2440; x_wconf 88' lang='lat' dir='ltr'><strong>Sal-</strong></span> 
     </span>
    </p>
   </div>
   <div class='ocr_carea' id='block_1_107' title="bbox 932 2460 1401 2496">
    <p class='ocr_par' dir='ltr' id='par_1_107' title="bbox 932 2460 1401 2496">
     <span class='ocr_line' id='line_1_107' title="bbox 932 2460 1401 2496; baseline -0.004 -8"><span class='ocrx_word' id='word_1_651' title='bbox 932 2466 1021 2492; x_wconf 87' lang='lat' dir='ltr'><strong>vator,</strong></span> <span class='ocrx_word' id='word_1_652' title='bbox 1037 2468 1086 2496; x_wconf 89' lang='lat' dir='ltr'><strong>pro</strong></span> <span class='ocrx_word' id='word_1_653' title='bbox 1102 2461 1174 2487; x_wconf 87' lang='lat' dir='ltr'><strong>illius</strong></span> <span class='ocrx_word' id='word_1_654' title='bbox 1193 2460 1282 2492; x_wconf 83' lang='lat' dir='ltr'><strong>ruina,</strong></span> <span class='ocrx_word' id='word_1_655' title='bbox 1296 2467 1401 2494; x_wconf 86' lang='lat' dir='ltr'><strong>precor.</strong></span> 
     </span>
    </p>
   </div>
   <div class='ocr_carea' id='block_1_108' title="bbox 967 2503 1718 2542">
    <p class='ocr_par' dir='ltr' id='par_1_108' title="bbox 967 2503 1718 2542">
     <span class='ocr_line' id='line_1_108' title="bbox 967 2503 1718 2542; baseline -0.005 -8"><span class='ocrx_word' id='word_1_656' title='bbox 967 2507 1018 2541; x_wconf 86' lang='lat' dir='ltr'><strong>Qui</strong></span> <span class='ocrx_word' id='word_1_657' title='bbox 1035 2508 1068 2535; x_wconf 88' lang='lat' dir='ltr'><strong>de</strong></span> <span class='ocrx_word' id='word_1_658' title='bbox 1087 2507 1268 2542; x_wconf 84' lang='lat' dir='ltr'><strong>potestatibus</strong></span> <span class='ocrx_word' id='word_1_659' title='bbox 1295 2506 1468 2532; x_wconf 85' lang='lat' dir='ltr'><strong>tenebrarum</strong></span> <span class='ocrx_word' id='word_1_660' title='bbox 1494 2504 1669 2539; x_wconf 87' lang='lat' dir='ltr'><strong>triumphasti</strong></span> <span class='ocrx_word' id='word_1_661' title='bbox 1692 2503 1718 2530; x_wconf 91' lang='lat' dir='ltr'><strong>in</strong></span> 
     </span>
    </p>
   </div>
   <div class='ocr_carea' id='block_1_109' title="bbox 931 2548 1719 2586">
    <p class='ocr_par' dir='ltr' id='par_1_109' title="bbox 931 2548 1719 2586">
     <span class='ocr_line' id='line_1_109' title="bbox 931 2548 1719 2586; baseline -0.006 -6"><span class='ocrx_word' id='word_1_662' title='bbox 931 2561 1013 2581; x_wconf 83' lang='lat' dir='ltr'><strong>cruce</strong></span> <span class='ocrx_word' id='word_1_663' title='bbox 1040 2556 1096 2583; x_wconf 83' lang='lat' dir='ltr'><strong>tua,</strong></span> <span class='ocrx_word' id='word_1_664' title='bbox 1113 2552 1206 2579; x_wconf 89' lang='lat' dir='ltr'><strong>harum</strong></span> <span class='ocrx_word' id='word_1_665' title='bbox 1225 2551 1300 2586; x_wconf 82' lang='lat' dir='ltr'><strong>eripe</strong></span> <span class='ocrx_word' id='word_1_666' title='bbox 1324 2558 1366 2578; x_wconf 88' lang='lat' dir='ltr'><strong>me</strong></span> <span class='ocrx_word' id='word_1_667' title='bbox 1386 2549 1487 2576; x_wconf 84' lang='lat' dir='ltr'><strong>malitia</strong></span> <span class='ocrx_word' id='word_1_668' title='bbox 1510 2550 1557 2584; x_wconf 91' lang='lat' dir='ltr'><strong>qui</strong></span> <span class='ocrx_word' id='word_1_669' title='bbox 1582 2549 1668 2576; x_wconf 77' lang='lat' dir='ltr'><strong>cecidi</strong></span> <span class='ocrx_word' id='word_1_670' title='bbox 1693 2548 1719 2575; x_wconf 85' lang='lat' dir='ltr'><strong>in</strong></span> 
     </span>
    </p>
   </div>
   <div class='ocr_carea' id='block_1_110' title="bbox 933 2597 1719 2634">
    <p class='ocr_par' dir='ltr' id='par_1_110' title="bbox 933 2597 1719 2634">
     <span class='ocr_line' id='line_1_110' title="bbox 933 2597 1719 2634; baseline -0.008 -8"><span class='ocrx_word' id='word_1_671' title='bbox 933 2599 1096 2634; x_wconf 85' lang='lat' dir='ltr'><strong>profundum</strong></span> <span class='ocrx_word' id='word_1_672' title='bbox 1115 2598 1229 2632; x_wconf 83' lang='lat' dir='ltr'><strong>peccati.</strong></span> <span class='ocrx_word' id='word_1_673' title='bbox 1245 2602 1271 2624; x_wconf 85' lang='lat' dir='ltr'><strong>et</strong></span> <span class='ocrx_word' id='word_1_674' title='bbox 1288 2597 1314 2624; x_wconf 92' lang='lat' dir='ltr'><strong>in</strong></span> <span class='ocrx_word' id='word_1_675' title='bbox 1329 2597 1434 2624; x_wconf 81' lang='lat' dir='ltr'><strong>foveam</strong></span> <span class='ocrx_word' id='word_1_676' title='bbox 1452 2603 1596 2630; x_wconf 69' lang='lat' dir='ltr'><strong>pravorum</strong></span> <span class='ocrx_word' id='word_1_677' title='bbox 1610 2600 1719 2622; x_wconf 87' lang='lat' dir='ltr'><strong>actuum</strong></span> 
     </span>
    </p>
   </div>
   <div class='ocr_carea' id='block_1_111' title="bbox 932 2640 1667 2679">
    <p class='ocr_par' dir='ltr' id='par_1_111' title="bbox 932 2640 1667 2679">
     <span class='ocr_line' id='line_1_111' title="bbox 932 2640 1667 2679; baseline -0.008 -7"><span class='ocrx_word' id='word_1_678' title='bbox 932 2645 979 2673; x_wconf 81' lang='lat' dir='ltr'><strong>sed</strong></span> <span class='ocrx_word' id='word_1_679' title='bbox 997 2648 1152 2679; x_wconf 79' lang='lat' dir='ltr'><strong>sperantem</strong></span> <span class='ocrx_word' id='word_1_680' title='bbox 1171 2651 1218 2678; x_wconf 88' lang='lat' dir='ltr'><strong>per</strong></span> <span class='ocrx_word' id='word_1_681' title='bbox 1232 2642 1450 2677; x_wconf 83' lang='lat' dir='ltr'><strong>compassionem</strong></span> <span class='ocrx_word' id='word_1_682' title='bbox 1470 2646 1544 2668; x_wconf 84' lang='lat' dir='ltr'><strong>tuam</strong></span> <span class='ocrx_word' id='word_1_683' title='bbox 1558 2640 1667 2668; x_wconf 65' lang='lat' dir='ltr'><strong>salvari.</strong></span> 
     </span>
    </p>
   </div>
   <div class='ocr_carea' id='block_1_112' title="bbox 967 2687 1719 2724">
    <p class='ocr_par' dir='ltr' id='par_1_112' title="bbox 967 2687 1719 2724">
     <span class='ocr_line' id='line_1_112' title="bbox 967 2687 1719 2724; baseline -0.008 -7"><span class='ocrx_word' id='word_1_684' title='bbox 967 2691 1018 2724; x_wconf 85' lang='lat' dir='ltr'><strong>Qui</strong></span> <span class='ocrx_word' id='word_1_685' title='bbox 1037 2695 1162 2717; x_wconf 75' lang='lat' dir='ltr'><strong>mortuus</strong></span> <span class='ocrx_word' id='word_1_686' title='bbox 1175 2696 1205 2716; x_wconf 87' lang='lat' dir='ltr'><strong>es</strong></span> <span class='ocrx_word' id='word_1_687' title='bbox 1220 2687 1292 2714; x_wconf 80' lang='lat' dir='ltr'><strong>cruci</strong></span> <span class='ocrx_word' id='word_1_688' title='bbox 1312 2687 1419 2720; x_wconf 80' lang='lat' dir='ltr'><strong>ailixus,</strong></span> <span class='ocrx_word' id='word_1_689' title='bbox 1435 2691 1546 2722; x_wconf 78' lang='lat' dir='ltr'><strong>peccato</strong></span> <span class='ocrx_word' id='word_1_690' title='bbox 1560 2687 1719 2713; x_wconf 83' lang='lat' dir='ltr'><strong>morientem</strong></span> 
     </span>
    </p>
   </div>
   <div class='ocr_carea' id='block_1_113' title="bbox 933 2734 1705 2767">
    <p class='ocr_par' dir='ltr' id='par_1_113' title="bbox 933 2734 1705 2767">
     <span class='ocr_line' id='line_1_113' title="bbox 933 2734 1705 2767; baseline -0.01 -3"><span class='ocrx_word' id='word_1_691' title='bbox 933 2737 1038 2764; x_wconf 69' lang='lat' dir='ltr'><strong>\‘l\lﬁ(‘0</strong></span> <span class='ocrx_word' id='word_1_692' title='bbox 1053 2737 1170 2763; x_wconf 87' lang='lat' dir='ltr'><strong>animam</strong></span> <span class='ocrx_word' id='word_1_693' title='bbox 1185 2742 1283 2767; x_wconf 86' lang='lat' dir='ltr'><strong>meam,</strong></span> <span class='ocrx_word' id='word_1_694' title='bbox 1299 2740 1324 2762; x_wconf 87' lang='lat' dir='ltr'><strong>et</strong></span> <span class='ocrx_word' id='word_1_695' title='bbox 1337 2734 1518 2761; x_wconf 76' lang='lat' dir='ltr'><strong>venerabilem</strong></span> <span class='ocrx_word' id='word_1_696' title='bbox 1534 2738 1607 2760; x_wconf 89' lang='lat' dir='ltr'><strong>tuam</strong></span> <span class='ocrx_word' id='word_1_697' title='bbox 1629 2738 1705 2758; x_wconf 87' lang='lat' dir='ltr'><strong>resttr</strong></span> 
     </span>
    </p>
   </div>
   <div class='ocr_carea' id='block_1_114' title="bbox 932 2775 1701 2816">
    <p class='ocr_par' dir='ltr' id='par_1_114' title="bbox 932 2775 1701 2816">
     <span class='ocr_line' id='line_1_114' title="bbox 932 2775 1701 2816; baseline -0.012 -5"><span class='ocrx_word' id='word_1_698' title='bbox 932 2783 1080 2811; x_wconf 86' lang='lat' dir='ltr'><strong>rectionem</strong></span> <span class='ocrx_word' id='word_1_699' title='bbox 1095 2785 1254 2816; x_wconf 71' lang='lat' dir='ltr'><strong>exspectare</strong></span> <span class='ocrx_word' id='word_1_700' title='bbox 1269 2781 1295 2808; x_wconf 87' lang='lat' dir='ltr'><strong>in</strong></span> <span class='ocrx_word' id='word_1_701' title='bbox 1311 2789 1387 2816; x_wconf 84' lang='lat' dir='ltr'><strong>pace,</strong></span> <span class='ocrx_word' id='word_1_702' title='bbox 1409 2780 1526 2813; x_wconf 81' lang='lat' dir='ltr'><strong>Christe,</strong></span> <span class='ocrx_word' id='word_1_703' title='bbox 1550 2779 1662 2814; x_wconf 57' lang='lat' dir='ltr'><strong>dignare.</strong></span> <span class='ocrx_word' id='word_1_704' title='bbox 1677 2775 1701 2802; x_wconf 82' lang='lat' dir='ltr'><strong>fa</strong></span> 
     </span>
    </p>
   </div>
   <div class='ocr_carea' id='block_1_115' title="bbox 931 2827 1427 2862">
    <p class='ocr_par' dir='ltr' id='par_1_115' title="bbox 931 2827 1427 2862">
     <span class='ocr_line' id='line_1_115' title="bbox 931 2827 1427 2862; baseline -0.012 -3"><span class='ocrx_word' id='word_1_705' title='bbox 931 2831 1047 2859; x_wconf 82' lang='lat' dir='ltr'><strong>cientem</strong></span> <span class='ocrx_word' id='word_1_706' title='bbox 1063 2832 1125 2855; x_wconf 82' lang='lat' dir='ltr'><strong>tuas</strong></span> <span class='ocrx_word' id='word_1_707' title='bbox 1138 2827 1286 2862; x_wconf 84' lang='lat' dir='ltr'><strong>composite</strong></span> <span class='ocrx_word' id='word_1_708' title='bbox 1299 2827 1427 2862; x_wconf 76' lang='lat' dir='ltr'><strong>justitias.</strong></span> 
     </span>
    </p>
   </div>
  </div>
