1905 3078
173 95 244 128 3847

211 148 379 179 lllnminatio
408 154 475 175 mea:
501 145 682 182 impotentiae.
701 145 777 172 satus
801 149 877 171 casta
904 145 1008 174 inemA

176 197 276 224 anitnae
292 193 435 224 obsoletm.
453 192 527 219 salva
543 199 586 218 me
603 190 749 225 perditum,
766 190 852 222 salva,
870 189 970 224 puella.

177 247 206 271 et
221 242 417 270 vestimentum
440 237 657 265 immortalitatis
675 235 758 263 indue
778 243 821 263 me
837 239 899 271 post
917 234 973 262 for-

178 289 330 316 midolosus
346 286 438 320 lapsus
456 287 626 319 pereuntem.

417 331 486 358 Eum
503 330 530 358 in
544 330 647 357 camino
662 330 742 364 ignis.

214 379 267 413 Qui
296 377 448 405 humiliasti
471 377 600 411 teipsum,
620 380 729 404 erectus
754 375 781 402 in
809 382 902 406 cruce,
925 381 974 409 per

179 424 401 453 misericordiam
429 423 541 450 elevans
564 421 707 449 cadentem
726 421 791 458 olim
813 421 903 448 fructu
928 427 974 446 ar-

180 471 256 498 boris
285 479 292 497 :
316 469 379 496 ideo
404 474 441 500 tc.
467 468 543 495 solus
569 466 811 502 supcrlaudabilis,
835 464 972 500 gloriﬁca—

180 522 238 544 tum
254 521 399 543 cantamus
417 522 464 548 per
480 514 592 541 saecula.

216 563 277 590 Prin
306 561 420 590 incuria:
451 568 550 595 sopore
583 559 687 594 peccati
716 557 853 593 profundo
878 563 975 584 somno

183 608 316 637 succubui
335 617 342 635 :
363 611 391 634 tu
409 611 502 634 autem
518 606 564 641 qui
585 605 709 633 dormisti
726 605 753 631 in
769 611 851 631 cruee
867 607 976 638 propter

182 661 238 684 me.
259 653 370 680 Christe
392 653 441 684 mi,
455 652 546 679 excita
571 659 614 678 me
638 650 833 684 stupefactum,
857 656 910 675 non
933 654 977 675 me

182 698 371 732 deprehendat
384 704 437 724 nox
450 696 595 724 libidinum
611 702 745 723 meorum.

219 741 381 770 Obcazcatus
391 741 577 776 voluptatibus
589 741 747 775 circuntago
756 739 874 766 animam
888 745 976 766 meam

185 788 361 815 obscuratam
380 796 386 814 :
402 790 431 814 et
452 786 523 814 ridet
538 786 716 813 considerans
734 792 776 812 me
795 784 908 811 dolosus
923 782 977 809 ini-

186 832 276 859 micus
292 841 299 859 :
317 831 378 859 ideo
400 839 444 858 me
467 830 604 863 illumiua,
624 834 652 857 ct
672 830 758 857 libera
775 828 808 855 de
823 826 906 862 hujus
922 833 980 854 ma-
995 825 1017 853 Β

186 878 256 910 lilia,
273 877 394 908 Christe,
414 884 462 911 per
477 876 588 904 saecula.

223 923 254 949 In
277 922 394 957 segnitia
418 923 502 948 vitam
521 921 681 956 consumpsi
699 925 780 954 atque
797 924 895 954 soporo
917 925 980 953 pec-

187 968 260 1001 cati;
277 972 424 1003 aggravata
441 971 482 994 cst
502 968 593 993 anhna
606 974 678 999 mea,
694 966 726 993 ad
751 965 890 992 assiduam
907 968 981 990 tuam

188 1013 415 1041 intercessionem
435 1020 549 1040 recurro
571 1022 578 1040 :
596 1020 629 1039 ne
646 1011 789 1047 permittas
805 1018 847 1037 me
862 1008 983 1037 dormire

187 1066 285 1087 somno
301 1058 407 1092 mortis,
422 1058 599 1085 immaculata
619 1056 709 1092 Virgo.

413 1105 480 1138 Qua:
498 1104 568 1130 lium:
588 1109 649 1131 ante
666 1104 759 1131 solem.

221 1152 349 1180 Animam
365 1158 453 1178 meam
476 1150 552 1186 lepra
573 1142 732 1186 conpertam
753 1156 801 1185 per
817 1156 916 1185 pravas
935 1155 983 1177 co-

186 1197 346 1232 gitationes,
366 1196 526 1232 aspersiene
550 1196 694 1231 sanguinis
723 1197 760 1222 tui
787 1195 911 1230 puriﬁca,
936 1193 984 1222 Dei

188 1242 321 1276 Verbum,
339 1246 366 1270 ct
391 1246 548 1269 ronsortem
574 1247 628 1269 tua:
652 1242 745 1277 gloria:
767 1241 841 1269 eiliee
864 1248 918 1275 mc,
938 1241 985 1276 qui

189 1294 283 1325 proter
295 1295 338 1314 mc
350 1287 496 1321 ignobilem
510 1287 646 1314 sustulisti
659 1278 753 1314 volens
767 1287 983 1314 cruciiixionein.

225 1331 311 1358 Totus
339 1330 377 1357 fui
402 1331 550 1358 inclinatus
579 1338 662 1358 ouere
688 1338 833 1366 pravorum
862 1334 984 1363 actuum,

191 1375 319 1405 Salvator
336 1385 343 1403 :
361 1380 397 1407 et,
417 1377 487 1403 inter
511 1377 637 1403 homines
663 1377 769 1408 virens,
785 1376 873 1403 clamo
893 1375 926 1403 ad
948 1379 984 1408 te,

192 1423 334 1450 hominum
362 1427 478 1454 amator,
496 1423 594 1450 animat:
609 1431 675 1450 meae
700 1422 865 1450 incnrabilcs
886 1427 986 1450 contu-

193 1471 286 1498 siones
304 1477 371 1496 rura
395 1478 442 1504 per
463 1476 536 1496 tuam
559 1469 747 1497 honorabiicm
765 1469 984 1504 ﬂagellationem,

194 1521 224 1544 ut
237 1516 346 1543 laudem
363 1523 438 1543 tuam
455 1517 638 1543 divinitatem.

228 1561 379 1596 Iniquitate
404 1569 520 1589 vcscens
545 1566 572 1588 et
597 1567 694 1597 potans
721 1561 866 1594 incuriam,
886 1568 937 1597 ego
958 1560 987 1588 in

194 1607 325 1635 omnibus
350 1615 466 1634 manens
486 1607 707 1641 incineinlabilis,
730 1608 922 1635 alimentorum
938 1607 987 1634 ab-

194 1653 328 1681 stinentia
357 1653 547 1681 indesinenter
571 1655 675 1689 gaudeo
703 1663 709 1681 :
736 1661 790 1680 non
815 1653 888 1680 enim
917 1653 988 1680 hanc

196 1700 267 1727 dixit
283 1700 477 1727 abstinentiam
494 1700 613 1728 Iuturani
629 1708 690 1727 csse
704 1699 845 1727 Dominus.

232 1747 299 1780 Qum
313 1747 408 1781 rigidae
420 1748 521 1775 veteris
546 1747 732 1774 damnationis
745 1747 886 1782 abrogatio
901 1745 987 1779 fuisti,

196 1798 279 1828 atque
308 1794 375 1820 aria}
402 1792 589 1822 refortuatrix.
609 1801 714 1820 necnon
742 1793 850 1828 generis
876 1791 989 1819 humani

196 1846 259 1865 cum
285 1837 341 1865 Deo
365 1845 449 1865 causa
474 1838 715 1870 reconciliationis,
731 1845 855 1873 pousqne
880 1838 990 1865 unionis

196 1887 258 1912 enm
274 1883 406 1912 Creatore
420 1888 457 1917 te,
477 1883 523 1912 Dei
540 1884 674 1918 Genitrix,
691 1884 909 1920 magniticanius.

445 1930 596 1966 Optimates
612 1935 741 1967 potentes.

233 1978 284 2012 Qui
304 1978 381 2006 solus
405 1978 495 2005 bonus
520 1986 560 2011 es,
587 1978 648 2005 l'ons
674 1977 879 2008 misericordiaz,
898 1976 990 2011 Agnus

197 2024 246 2052 Dei
263 2025 310 2060 qui
331 2025 408 2051 tollis
427 2028 556 2059 tanquam
573 2023 645 2051 Deus
662 2029 772 2059 peccata
794 2023 899 2056 mundi,
915 2024 990 2051 salva

198 2077 243 2098 ine
260 2070 423 2098 delictorum
446 2070 575 2098 ﬂuctibus
599 2070 784 2104 submersum,
802 2069 835 2096 ad
856 2069 991 2105 poeniten-

197 2116 244 2143 tia:
259 2120 368 2151 portum
384 2115 506 2150 dirigens
524 2124 576 2144 me.

626 89 877 121 ..SOPHRONII
909 81 1162 119 PATRIARCIl/E
1192 90 1393 121 HIEROSOL.

1750 85 1830 120 3348

1066 144 1094 171 '0
1111 146 1250 179 φωτισμδς
1267 147 1315 179 τῆς
1333 146 1403 181 ἐμῆς
1418 145 1575 179 ἀσθενείας,
1593 147 1610 182 ἡ
1625 146 1748 182 σωτηρία
1772 146 1834 179 τῆς

1026 191 1253 226 ἀμαυρωθείσης,
1270 193 1351 227 ἁγνὴ,
1368 193 1458 227 ψυχῆς
1479 201 1541 227 μου,
1555 192 1643 219 σῶσόν
1669 201 1715 228 με,
1733 192 1832 218 σῶσον

1026 237 1223 272 ἀπολλύμενον,
1238 238 1329 274 Κόρη,
1346 240 1394 265 καὶ
1419 238 1521 273 χιτῶνα
1534 240 1584 274 τῆς
1605 239 1765 275 ἀφθαρσίας
1792 247 1834 270 με

1027 283 1135 310 ἔνδυσον
1156 283 1294 318 φθαρέντα
1313 283 1409 316 δεινοῖς
1427 284 1644 320 παραπτώμασι.

1208 329 1262 356 Τὸν
1281 330 1316 356 ὲν·
1332 330 1445 364 καμίνῳ
1464 330 1518 363 τοῦ
1537 331 1642 364 πυρός.

1067 375 1098 402 '0
1122 375 1295 407 ταπεινώσας
1320 376 1427 408 ἑαυτὸν,
1443 375 1589 410 ἀνυψώθης
1602 377 1631 403 ὲν
1647 375 1770 411 σταυρῷ,
1788 375 1837 403 δι’

1027 420 1210 455 εὐσπλαχνίαν
1225 420 1335 455 ἁνυψῶν
1355 420 1400 446 τὸν
1424 420 1542 447 πεσόντα
1565 420 1665 456 βρώσει
1678 422 1724 447 τοῦ
1743 420 1834 453 ξύλου

1028 465 1112 492 ﬂore“
1138 466 1180 492 διό
1207 475 1248 499 σε,
1274 467 1338 500 μόνε
1356 466 1542 502 ὑπερύμνητε,
1558 466 1605 494 τὸν
1630 466 1836 502 δεδοξασμένον

1029 511 1168 547 ὑμνοῦμεν
1185 513 1224 544 εις
1244 512 1355 544 αἰῶνας.

1065 557 1245 593 ’Δπροσεξίας
1270 558 1430 593 νυσταγμῷ,
1449 558 1588 594 ἁμαρτίας
1601 558 1647 586 τὸν
1670 558 1759 594 βαρὺν
1773 558 1835 585 ὐπ-

1030 604 1112 640 έστην
1127 603 1212 632 ὕπνον
1223 612 1230 620 ·
1247 604 1316 632 ἀλλὰ
1333 605 1365 632 σὺ
1382 605 1397 631 ό
1419 604 1547 636 ὑπνώσας
1572 605 1619 631 ἐπὶ
1642 604 1764 640 σταυροῦ
1789 604 1835 630 δι’

1030 651 1091 686 ἐμὲ,
1105 651 1208 686 Χριστέ
1226 660 1287 686 μου,
1301 651 1407 686 ἑγειρον
1421 652 1565 679 πτωοέντα
1581 660 1626 686 με,
1640 652 1679 687 μή
1695 660 1729 686 με
1740 660 1835 679 κατα-

1030 697 1100 732 λάϐῃ
1119 698 1136 732 ἠ
1156 696 1204 730 νὺξ
1223 699 1239 732 ἡ
1259 698 1314 724 τῶν
1334 698 1430 724 παθῶν
1451 707 1513 733 μου.

1066 745 1268 779 Ἐκτυςρλωθεὶς
1286 747 1347 777 ταῖς
1366 744 1474 780 ἡδοναῖς
1498 744 1638 780 περιφέρω
1664 744 1714 779 τὴν
1735 744 1834 780 ψυχὴν

1031 791 1244 826 ὲσκοτισμένην·
1272 791 1320 818 καὶ
1345 791 1414 826 γε)ιᾴ¹
1437 790 1563 826 καθορῶν
1580 799 1614 825 με
1639 791 1653 816 ὁ
1674 790 1834 826 δολιόφρων

1032 835 1146 870 ὲχθρός”
1164 835 1204 862 διό
1222 844 1256 869 με
1272 835 1390 870 φώτισον
1416 835 1463 862 καὶ
1491 835 1630 871 λύτρωσαι
1654 834 1750 862 τούτου
1777 835 1834 870 τῆς

1032 881 1141 913 κακίας,
1157 881 1271 916 Χριστὲ,
1287 882 1326 914 εἰς
1341 881 1404 913 τοὺς
1420 881 1531 913 αἰῶνας.

1067 927 1113 952 Ἐν
1129 926 1244 962 ἀμελείᾳ
1269 927 1318 962 τὴν
1343 926 1416 962 ζωὴν
1440 928 1599 963 δαπανήσας
1614 927 1763 962 νυσταγμῷ
1778 926 1832 962 τῆς

1032 972 1182 1007 ἁμαρτίας,
1195 973 1245 1007 τὴν
1269 972 1358 1009 ψυχὴν
1381 973 1537 1010 ἑϐαρήθηψ
1558 975 1591 1009 τῇ
1609 974 1755 1009 ἀκοιμήτῳ
1781 981 1832 1000 σου

1032 1018 1061 1045 δὲ
1085 1019 1221 1054 πρεσϐείᾳ
1245 1020 1426 1055 προστρέχω·
1453 1021 1491 1056 μὴ
1510 1020 1582 1056 δῲης
1598 1029 1631 1055 με
1647 1021 1687 1052 εἰς
1712 1019 1832 1047 θάνατον

1035 1060 1170 1100 ὑπνῶσαι,
1181 1068 1354 1103 πανάχραντε
1364 1069 1498 1104 Παρθένε.

1283 1113 1314 1141 Ἡ
1332 1114 1385 1141 τὸν
1404 1115 1461 1149 πρὸ
1482 1115 1584 1149 ἡλίου.

1071 1158 1128 1194 Τὴν
1143 1157 1356 1196 λελεπρωμένην
1372 1161 1462 1196 ψυχήν
1476 1169 1529 1196 μου
1550 1162 1607 1193 τοῖς
1627 1161 1738 1192 ἀτόποις
1753 1160 1832 1187 ἔνθυ-

1037 1205 1165 1241 μήμασι,
1182 1205 1220 1241 τῷ
1243 1207 1385 1242 ραντισμῷ
1406 1207 1453 1234 τοῦ
1479 1207 1596 1241 αἵματός
1619 1215 1666 1234 σου
1688 1206 1830 1243 κάθαρον,

1036 1251 1104 1277 Θεοῦ
1114 1252 1196 1286 Λόγε,
1217 1252 1264 1278 καὶ
1276 1252 1404 1279 κοινωνδν
1419 1253 1469 1288 τῆς
1485 1251 1563 1288 δόξης
1573 1252 1620 1280 σού
1633 1262 1666 1288 με
1679 1253 1804 1288 ποίησον,
1817 1255 1833 1279 ό

1037 1296 1070 1323 δι’
1083 1297 1134 1332 ἐμὲ
1148 1297 1197 1333 τὴν
1211 1298 1304 1330 ἄδοξον
1318 1299 1523 1334 καθυπομείνας
1537 1299 1623 1326 θέλων
1637 1299 1807 1334 σταύρωσιν.

1075 1343 1155 1375 ’ολος
1171 1344 1370 1380 κατεκάμφθην
1383 1345 1422 1380 τῷ
1438 1345 1579 1381 βάρειτιῖη
1591 1345 1711 1377 ἀτόπων,
1725 1345 1832 1381 Σῶτερ.

1038 1389 1175 1423 πράξεων·
1189 1389 1237 1415 καὶ
1252 1390 1459 1426 σκυθρωπάζων
1467 1391 1563 1426 κράζω
1574 1399 1627 1424 σοι,
1640 1391 1833 1426 φιλάνθρωπε,

1037 1433 1088 1468 τῆς
1105 1434 1194 1470 ψυχῆς
1211 1444 1261 1470 μου
1277 1436 1341 1467 τοὺς
1364 1436 1491 1468 ἀνιάτους
1508 1435 1645 1471 μώλωπας
1661 1436 1834 1472 θεράπευσον

1038 1479 1077 1515 τῷ
1090 1480 1130 1516 σῷ
1141 1481 1225 1516 τιμίῳ
1240 1481 1367 1516 μώλωπι,
1386 1482 1430 1509 ira.
1444 1482 1522 1516 ὑμνῶ
1538 1491 1585 1509 σου
1598 1483 1649 1518 τὴν
1662 1482 1789 1518 θεότητα.

1074 1572 1177 1608 Βρῶμα
1188 1573 1237 1608 τὴν
1252 1573 1352 1600 κακίαν
1367 1573 1530 1610 ποιούμενος
1547 1574 1595 1601 καὶ
1607 1574 1684 1609 πόμα
1698 1573 1749 1610 τὴν
1762 1573 1833 1609 ἁμέ-

1038 1617 1125 1651 λειαν,
1140 1618 1154 1643 ὁ
1171 1619 1243 1645 κατᾶ
1259 1619 1349 1645 πάντα
1364 1618 1452 1654 μένων
1463 1618 1639 1654 ἅδιόρθωτος,
1651 1617 1707 1645 τῶν
1723 1618 1834 1653 βρωμά-

1039 1673 1093 1691 των
1106 1666 1141 1701 τῇ
1154 1666 1243 1701 ἀποχῇ
1260 1666 1383 1701 ἀκαίρως
1398 1665 1605 1701 ὲπαγάλλομαι·
1623 1665 1654 1692 οὺ
1668 1665 1724 1701 γὰρ
1741 1664 1834 1692 τοιαύ-

1038 1719 1089 1747 την
1105 1711 1190 1747 ἔφησε
1206 1713 1334 1747 νηστείαν
1349 1712 1459 1740 ἔσεσθαι
1473 1714 1487 1739 ό
1502 1713 1614 1749 Κύριος.

1075 1756 1131 1793 Τὴν
1144 1757 1193 1793 τῆς
1208 1758 1347 1793 ἀποτόμου
1365 1759 1485 1793 ἀρχαίας
1498 1758 1640 1793 ἀναίρεσιν
1654 1759 1832 1793 ἀποφάσεως,

1040 1804 1150 1839 καὶτῆς
1168 1804 1343 1840 προμήτορος
1363 1804 1413 1840 τὴν
1430 1805 1629 1839 ἐπανόρθωσιν,
1643 1806 1693 1840 τὴν
1717 1804 1766 1832 τοῦ
1788 1805 1834 1839 γέ-

1040 1857 1101 1880 νους
1116 1848 1167 1883 τῆς
1185 1850 1253 1884 πρὸς
1267 1849 1335 1876 Θεὸν
1351 1850 1440 1877 αἰτίαν
1455 1850 1631 1882 οξκειώσεως,
1646 1850 1695 1886 τὴν
1709 1850 1779 1886 πρὸς
1787 1850 1833 1877 τδν

1041 1895 1162 1930 κτίστην
1179 1895 1300 1930 γέφυράν
1313 1904 1353 1928 σε,
1370 1896 1496 1929 Θεοτόκε,
1513 1896 1713 1931 μεγαλύνομεν.

1261 1941 1424 1975 Τριστάτας
1444 1942 1613 1976 κραταιούς.

1084 1985 1113 2012 '0
1140 1985 1220 2020 μόνος
1244 1986 1356 2021 ἀγαθὸς,
1375 1988 1391 2022 ή
1409 1988 1486 2023 πηγὴ
1501 1987 1548 2014 τοῦ
1563 1988 1673 2020 ἐλέους,
1687 1988 1702 2015 ό
1721 1987 1805 2023 ἀμνὸς
1817 1988 1833 2015 ό

1041 2030 1089 2057 τοῦ
1104 2030 1171 2058 Θεοῦ
1183 2032 1197 2058 ό
1212 2032 1297 2066 αἴρων
1311 2032 1348 2064 ὼς
1362 2032 1428 2064 Θεὸς
1439 2033 1473 2059 τὰ
1483 2033 1530 2060 τοῦ
1542 2034 1646 2068 κόσμου
1660 2034 1832 2069 ἐγκλήματα,

1043 2075 1130 2103 σῶσόν
1158 2085 1193 2112 με
1222 2078 1432 2113 ἁμαρτημάτων
1455 2079 1615 2114 τρικυμίαις
1640 2079 1831 2114 τωντούμενον,

1043 2121 1188 2155 μετανοίας
1205 2122 1273 2157 πρὸς
1288 2123 1372 2158 ὅρμον
1389 2123 1486 2151 ἰθύνων
1502 2133 1548 2159 με.

233 2161 408 2188 Abstinentia
421 2168 502 2196 pura,
514 2161 606 2188 odium
618 2161 734 2196 peccati,
750 2161 879 2188 alienatio
893 2168 908 2188 a
928 2159 990 2187 libi-
1005 2177 1008 2204 1

1077 2167 1200 2202 Νηστεία
1214 2169 1323 2205 καθαρὰ
1338 2171 1501 2206 μακρυσμὸς
1523 2171 1671 2206 ἁμαρτίας,
1687 2171 1832 2208 ἀλλοτρίω-

199 2207 325 2239 dinibus,
354 2213 431 2234 amor
457 2207 483 2233 in
508 2205 609 2239 Deum,
632 2206 780 2234 assiduitas
802 2206 829 2233 in
854 2207 989 2238 oratione,

199 2252 328 2287 laerYnta:
353 2259 413 2279 cum
439 2253 662 2287 compunctione,
684 2259 890 2287 pauperutnque
911 2260 990 2285 cura,

199 2305 230 2327 ut
243 2301 371 2328 Christus
387 2300 414 2327 in
431 2300 596 2334 Scripluris,
612 2299 729 2327 demissa
748 2300 868 2327 fuerunt.

233 2346 412 2374 Vllinerllﬂlll
431 2346 552 2372 animam
570 2347 675 2381 pet-cati
699 2346 803 2378 lancea,
816 2351 843 2373 et
857 2345 990 2379 incipien-

198 2397 254 2419 tem
267 2392 369 2419 ictibus
382 2391 477 2418 multis
487 2391 582 2426 pungi,
597 2391 702 2419 medice
715 2393 868 2419 animarum
882 2396 991 2419 nostra-

199 2446 272 2471 rum,
284 2446 350 2466 cura
366 2442 396 2464 ut
409 2438 577 2471 benefactor,
589 2439 767 2474 suppeditans
785 2439 851 2466 mihi
870 2438 991 2466 remedia

199 2489 380 2520 angustorum
390 2488 588 2519 prmceptorum
599 2489 718 2517 tuorum,
727 2485 988 2513 amatorhoniinum.

236 2529 432 2556 lntemeratum
455 2530 675 2562 tabernaculum,
697 2531 870 2558 sanctissima
895 2530 988 2566 Virgo,

198 2577 374 2612 inquinatum
397 2584 441 2604 me
465 2577 631 2605 horrendum
659 2578 686 2604 in
713 2577 822 2605 modum
846 2577 988 2605 libidinum

199 2622 331 2656 motibus,
355 2622 432 2650 fonte
458 2623 655 2652 miscricordim
678 2624 803 2659 purilica,
818 2628 845 2652 et
867 2625 900 2652 da
923 2624 989 2651 mihi

197 2667 306 2703 pluvias
330 2669 561 2704 compunctionis,
584 2670 710 2702 Domina,
732 2670 836 2705 peccati
859 2670 989 2706 abyssum

197 2713 373 2742 inundantes.

452 2762 594 2791 Liberalor
613 2763 742 2791 omnium.

234 2808 388 2845 Trajiciens
409 2810 473 2838 vita:
494 2810 632 2844 instabile,
649 2811 676 2838 iu
700 2811 791 2839 iurum
809 2810 988 2840 cavillationi-

1043 2221 1085 2245 σις
1101 2214 1206 2248 παθῶν,
1223 2215 1317 2250 ἀγάπη
1333 2216 1402 2251 πρὸς
1418 2217 1496 2248 Θεὸν,
1510 2217 1664 2253 προσευχῆς
1678 2218 1830 2253 ἐπιμέλεια,

1041 2259 1148 2295 δάκρυα
1163 2261 1211 2288 σὺν
1234 2261 1390 2295 κατανύξει,
1414 2263 1555 2300 προμηθία
1579 2265 1704 2300 πενήτων
1729 2273 1769 2298 τε,
1795 2265 1831 2297 ὡς

1041 2305 1160 2340 Χριστὸς
1177 2306 1205 2332 ἐν
1221 2306 1342 2341 Γραφαῖς
1354 2307 1517 2335 ἐνετείλατο.

1078 2351 1221 2387 Πληγέντα
1233 2353 1283 2388 τὴν
1299 2353 1388 2389 ψυχὴν
1403 2354 1543 2390 ἁμαρτίας
1562 2355 1685 2391 ῥομφαίᾳ
1695 2375 1702 2387 ,
1717 2354 1765 2382 καὶ
1785 2365 1833 2382 κα-

1041 2397 1186 2425 τάστικτον
1201 2398 1308 2432 πολλοῖς
1327 2400 1486 2435 ὑπάρχοντα
1501 2402 1608 2434 κακοῖς,
1628 2401 1703 2436 ίατρὲ
1715 2402 1769 2428 τῶν
1782 2403 1832 2437 ψυ-

1041 2444 1097 2479 χῶν
1112 2445 1202 2480 ἡμῶν,
1218 2446 1293 2472 ίασαι
1309 2446 1347 2478 ὼς
1363 2447 1524 2483 εὐεργέτης,
1537 2448 1642 2480 ἐπιθείς
1659 2457 1703 2483 μοι
1716 2449 1750 2475 τὰ
1765 2450 1832 2485 (pip.

1043 2499 1118 2526 μακα
1131 2491 1185 2518 τῶν
1200 2492 1307 2520 σεπτῶν
1322 2493 1438 2520 ἐντολῶν
1456 2502 1514 2526 σου,
1530 2494 1715 2531 φιλάνθρωπε.

1077 2536 1224 2572 Ἀμόλυντε
1236 2538 1334 2574 σκηνὴ,
1343 2538 1465 2573 παναγία
1477 2539 1608 2574 ῐίαρθένε,
1623 2539 1787 2575 μολυνθέντα
1798 2551 1830 2575 με

1040 2582 1133 2615 δεινῶς
1150 2583 1245 2611 παθῶν
1263 2585 1420 2619 ἐπαγωγαῖς
1431 2605 1439 2618 ,
1451 2586 1483 2620 τῇ
1502 2587 1577 2621 πηγῇ
1606 2585 1653 2612 τοῦ
1676 2586 1765 2618 ἐλέους
1785 2595 1830 2614 σου

1041 2630 1173 2666 κάθαρον,
1187 2631 1234 2658 καὶ
1246 2631 1290 2664 δός
1304 2631 1479 2667 μοιόμὸρους
1494 2632 1678 2667 κατανύξεως,
1692 2633 1828 2667 Δέσποινα,

1041 2677 1181 2712 ἁμαρτίας
1197 2677 1278 2712 βυθὸν
1293 2678 1524 2711 κατακλύζοντας.

1261 2772 1401 2806 Λυτρωτὰ
1420 2773 1473 2799 τοῦ
1493 2774 1617 2806 παντός.

1077 2815 1238 2851 Παροδεύων
1263 2817 1310 2844 τοῦ
1333 2818 1390 2852 βίον
1407 2818 1436 2845 τὸ
1451 2819 1576 2853 ἄστατον,
1591 2820 1746 2856 λῃστρικοῖς
1760 2820 1824 2855 λογι-
