1905 3078
165 99 232 132 3851

617 101 646 129 S-
667 101 873 130 SOPHRONII
893 101 1143 131 PATRIARCHE
1164 100 1365 131 IIIEROSOL.

1720 101 1793 132 3852

163 166 212 193 pro
229 158 341 184 Domino
355 165 361 183 :
382 161 407 184 ct
420 157 606 185 abstineamus
619 165 633 184 a
655 158 758 186 nocivis
774 159 945 192 cogitationi-
962 180 966 190 λ

1025 159 1106 194 υρίῳ·
1133 159 1179 185 καὶ
1203 158 1343 193 βλαϐερῶν
1371 158 1554 193 ἀποσχὼμεῦα
1579 158 1727 193 λογισμῶν,
1747 159 1792 185 ινα

164 204 226 234 bus,
244 209 272 230 ut
285 203 385 230 divinis
402 203 507 230 deliciis
518 203 693 238 gaudeamus.

198 249 363 283 Aug-dorum
377 248 453 275 chori
484 252 509 276 te
526 249 686 283 suppliciter
697 254 821 282 exorant,
844 256 952 284 aposto-

164 295 253 321 lorum
270 295 355 325 acies.
369 299 393 321 ct
410 298 560 330 martyrum
576 295 726 328 exercitus,
751 295 829 328 Jesu,
852 296 951 331 populo

164 344 211 366 tuo
226 339 420 373 indulgentiam
437 339 568 366 tribuere.

199 384 314 410 Montem
326 385 430 418 alisque
444 384 544 418 lapide,
563 384 714 419 Virginem,
725 385 867 412 luciferam
881 386 950 412 lam-
981 413 991 419 ἢ

164 430 271 464 partem,
292 429 394 456 scalam
408 437 561 456 conscensu
593 429 700 457 facilem
733 430 780 458 Dei
811 438 949 466 campum,

165 474 258 501 ﬁdeles
273 474 378 501 beatam
392 473 528 501 dicamus.

247 540 448 576 Manifestalum
466 541 529 568 alim
549 541 576 567 in
594 546 680 568 marite
695 540 863 576 Legislatori.

197 607 343 635 Pulchrum
364 607 498 642 jejunium
524 607 596 642 quod
619 614 667 634 cor
692 607 808 641 saginat,
818 606 950 634 divinitus

164 653 300 688 germinat
316 653 418 688 spicam
436 653 567 679 virtutum
586 656 731 684 maturam,
743 659 825 686 quam
844 651 951 686 optabi-

165 708 226 728 mus
237 701 264 727 in
276 700 379 727 sanctis
391 699 498 732 diebus,
512 698 760 726 sanctilicationem
780 706 814 726 ex
831 705 863 725 eo
878 698 951 725 acci-

165 747 282 781 pientes.

200 791 242 818 Me
255 791 442 825 contemplans
456 791 482 818 in
496 791 614 825 peccatis
628 789 721 817 multis
730 789 948 824 coinquinatum,

1003 203 1077 235 θείας
1094 205 1200 238 τρυφῆς
1215 203 1398 238 ἐπιτύχωμεν.

1037 249 1069 274 Οἱ
1086 248 1139 274 τῶν
1154 248 1279 282 ἀγγέλων
1293 248 1368 282 χοροί
1382 256 1412 274 σε
1427 247 1594 280 δυσωποῠσι,
1605 249 1793 275 τῶνμὰποστό-

1001 293 1054 320 λων
1068 293 1082 319 ὀ
1092 293 1188 328 δῆμος,
1204 294 1251 319 καὶ
1266 293 1320 319 τῶν
1335 293 1478 329 μαρτύρων
1493 293 1527 319 τὰ
1541 293 1791 328 τάγματα·¹1ησηῦ,

1000 339 1040 374 τῷ
1054 339 1110 374 λαῷ
1126 348 1172 366 σου
1194 340 1367 374 συγχώρησιν
1381 339 1513 374 δώρησαι.

1037 384 1073 410 Τὸ
1085 385 1255 419 ἁλατόμητον
1263 385 1335 419 ὅρος,
1353 385 1401 420 τὴν
1415 384 1565 419 Παρθένον,
1574 384 1622 419 τὴν
1633 385 1792 419 φωτοφόριν

1001 430 1122 466 λυχνίαν,
1141 431 1189 466 τὴν
1204 431 1517 466 εὐδιάῦατονικλίματα,
1531 431 1578 457 τοῦ
1596 432 1663 458 Θεοῦ
1686 432 1715 458 τὸ
1738 440 1793 466 χω-

949 500 952 506 ,
1003 477 1071 511 ρίον,
1086 477 1190 509 πιστοὶ,
1209 476 1419 511 μακαρίσωμεν.

1060 544 1117 572 Τὸν
1135 544 1368 577 προδηλωθέντα
1386 544 1421 570 ἐν
1441 543 1558 578 ὄρειιτῷ
1577 543 1731 578 νομοθέτῃ.

1043 611 1075 637 Ἦ
1092 610 1161 646 καλὴ
1186 610 1297 646 νηστεία
1323 610 1468 637 πιαίνουσα
1484 610 1533 646 τὴν
1548 611 1674 646 καρδίαν,
1692 611 1793 647 στάχυν

1001 657 1106 692 ἀρετῶν
1127 657 1231 692 ὥριμον
1257 657 1356 688 ὲνοέως
1372 657 1561 689 ἐκϐλαστάνει,
1580 658 1613 692 ἣν
1629 658 1794 693 ποθήσωμεν

1001 703 1029 729 ἐν
1044 703 1134 736 ἁγίαις
1146 702 1274 740 ἡμέραις,
1288 702 1333 728 τὸν
1349 702 1484 736 ἁγιασμὲιν
1500 702 1704 737 ὑποδεχόμενοι.

1036 790 1088 816 Τὸν
1100 789 1128 816 ἐν
1140 789 1288 824 ἁμαρτίαις
1300 788 1410 820 πολλαῖς
1426 789 1664 824 κατετπιλωμένον
1675 799 1793 826 τετραυ-

166 838 338 864 vulneratum
364 842 390 864 et
417 837 638 868 condemnatum,
660 836 781 863 clemens
806 843 854 870 per
875 840 966 865 tuam,

1024 835 1165 869 ατισμένον
1180 833 1260 869 ὀρῶν,
1277 834 1324 860 καὶ
1341 835 1588 869 κατακεκριμένον,
1613 836 1737 871 ἐλεήμων
1754 837 1792 872 τῷ

167 884 384 919 compassionem
413 883 553 915 miserere,
568 883 643 909 salva
658 890 701 910 me
714 886 825 918 propter
843 881 949 917 suppli-

167 929 290 956 cationes
301 932 456 956 sanctorum
474 932 597 954 tuorum.

201 974 258 1001 Ileu
279 974 357 1000 niihil
374 973 527 1000 miserrima
545 973 645 1005 anima,
666 973 804 1007 quomodo
814 971 950 1006 iustifica-

166 1019 260 1047 hitur?
274 1020 336 1054 quis
354 1019 451 1045 horror
463 1023 487 1045 te
503 1018 624 1050 invadet,
639 1019 753 1046 sedente
774 1018 877 1052 judice,
894 1018 950 1045 cir-

166 1064 358 1092 cumdantihus
374 1063 532 1098 angelorum
546 1063 736 1099 myriadibns?
752 1063 850 1091 festina
868 1063 951 1099 igitur

167 1111 298 1146 poenitere
316 1114 378 1136 ante
407 1109 498 1136 tinem.

202 1154 302 1188 Regale
323 1152 490 1184 vehiculum,
511 1151 681 1186 splendidam
703 1152 813 1183 nubem,
830 1156 950 1180 montem

166 1199 345 1229 uberrimum,
378 1198 420 1224 Iac
442 1202 612 1229 concretum,
636 1201 663 1225 te
685 1197 845 1232 suppliciter
857 1204 951 1230 exoro,

166 1241 295 1268 inviolata
311 1240 403 1275 Virgo,
418 1245 448 1267 ut
469 1248 548 1268 cures
568 1241 683 1268 vulnera
698 1242 790 1269 cordis
809 1242 871 1269 mci.

389 1286 562 1319 Caufortetur
577 1295 623 1313 cor
639 1295 736 1315 meum.

201 1332 285 1359 Cruci
300 1339 398 1358 manus
413 1330 572 1362 extendisti,
586 1332 686 1358 tollens
700 1336 843 1366 peccatum
859 1338 952 1360 cxten-

168 1387 206 1407 διε
223 1380 288 1406 olim
315 1378 410 1406 Adami
428 1386 525 1405 manus
542 1378 574 1404 ad
598 1379 719 1406 seientiae
745 1379 879 1412 arborem,
905 1373 953 1415 per

169 1424 273 1452 viscera
293 1423 460 1454 misericors,
477 1422 593 1450 Verbum
611 1423 656 1449 Dei
675 1424 819 1458 optimum.

1004 881 1042 915 σῷ
1058 875 1127 907 ἐλέει
1141 880 1286 914 οἰκτείρας,
1296 880 1382 907 σῶσόν
1392 889 1424 915 με
1435 881 1552 912 ἱκεσίαις
1566 881 1619 907 τῶν
1634 882 1718 916 ἁγίων
1733 892 1791 911 σου.

1038 926 1119 960 Οἵμοι
1130 926 1136 952 l
1158 925 1293 952 παναθλία
1305 926 1388 960 ψυχὴ.
1401 925 1459 957 πῶς
1470 926 1641 962 ἁπολογήσῃ;
1655 928 1717 954 ποία
1729 928 1794 962 φρί-

1004 979 1039 1006 κη
1055 980 1085 997 σε
1097 971 1224 1006 λήψεται,
1239 971 1333 1004 κριτοῦ
1349 971 1545 1005 καθεζομένου,
1566 972 1704 1007 μυριάδων
1718 981 1793 1008 παρ·-

1005 1017 1158 1052 ισταμένων
1172 1017 1311 1050 ἀγγέλωνς
1333 1016 1450 1043 σπεῦσον
1464 1015 1521 1049 οὖν,
1538 1017 1591 1052 πρὸ
1602 1017 1695 1050 τέλους
1709 1027 1794 1053 μετα-

1004 1063 1110 1097 νόησον.

1040 1153 1076 1179 Τὸ
1090 1152 1228 1188 βασιλικὸν
1240 1153 1341 1187 ὄχημα,
1357 1152 1405 1187 τὴν
1421 1153 1536 1188 φαιδρὰν
1549 1153 1674 1187 νεφέλην,
1690 1153 1752 1188 ὀρὸν
1765 1153 1795 1179 τὸ

1006 1198 1142 1228 πιότατον,
1158 1197 1220 1233 ὀρὸν
1228 1206 1289 1223 τετυ
1293 1197 1425 1232 ρωμὲνον,
1439 1198 1502 1224 ἀπει
1506 1198 1572 1232 ρὸγα
1576 1206 1620 1232 με,
1629 1197 1745 1225 δυσωπῶ
1752 1207 1794 1231 σε,

1006 1243 1137 1278 Παρθένε,
1152 1243 1226 1270 ἴασαι
1241 1243 1275 1269 τὰ
1292 1243 1365 1277 πάθη
1383 1243 1431 1277 τῆς
1447 1243 1562 1277 καρδίας
1578 1252 1639 1278 μου.

1181 1289 1371 1323 Στερεωθήτω
1389 1290 1408 1322 ἡ
1427 1289 1535 1323 καρδία
1546 1298 1616 1324 μου.

1042 1334 1154 1369 Στανρῷ
1170 1334 1299 1369 παλάμας
1316 1335 1491 1367 ὲξεπέτασας,
1507 1334 1556 1369 τῆς
1570 1334 1698 1371 ταθείσης
1710 1335 1796 1363 πάλαι

1007 1380 1097 1415 χειρὸς
1107 1380 1154 1406 τοῦ
1163 1380 1248 1414 Ἀδὰμ
1259 1380 1325 1414 πρὸς
1338 1381 1368 1406 τὸ
1382 1382 1430 1414 τῆς
1442 1380 1568 1414 γνώσεως
1580 1380 1663 1415 φυτὸν
1676 1382 1796 1417 ἀναιρῶν

1007 1426 1036 1452 τὸ
1059 1426 1221 1461 ἁμάρτημα,
1239 1426 1283 1452 διὰ
1307 1426 1449 1461 σπλάγχνα
1465 1427 1626 1461 οἰκτιρμῶν,
1644 1427 1714 1461 Λόγε
1726 1427 1795 1455 Θεοῦ

1008 1471 1177 1506 ὑπεράγαοε.
1289 1482 1291 1484 ·

205 1517 336 1544 Conforta
352 1521 470 1543 tuentem
487 1523 573 1542 meam
591 1515 693 1543 invidia
718 1518 854 1551 serpentis
877 1523 902 1545 et
918 1518 953 1544 li-

1041 1517 1196 1552 Στερέωσόν
1224 1526 1273 1551 μου
1299 1517 1348 1552 τὴν
1371 1517 1489 1545 διάνοιαν
1507 1519 1691 1555 κλονουμένην
1705 1519 1797 1555 φθόνῳ

170 1561 292 1588 bidinum
333 1561 452 1588 motibus
482 1560 612 1593 jactatam
631 1579 639 1590 ,
673 1568 721 1594 per
752 1566 825 1588 tuam
849 1562 955 1596 passio-

170 1614 244 1636 nem,
256 1607 528 1638 amatorllominum,
551 1606 596 1640 qui
616 1613 714 1641 passus
728 1615 769 1639 es,
794 1611 821 1634 et
835 1607 954 1642 quietem

171 1651 296 1679 ﬁdelibus
307 1653 469 1679 concedens.

204 1697 304 1731 Jejunii
323 1698 410 1733 gratia
432 1699 614 1734 resplcndnit,
642 1698 859 1733 intemperantiae
879 1703 956 1726 tene-

171 1745 236 1771 bras
252 1745 390 1778 expellens
407 1753 413 1771 :
432 1753 496 1772 ecce
515 1745 655 1779 iucundus
685 1750 712 1772 et
727 1745 855 1773 salutaris
873 1746 932 1773 dies
947 1754 954 1778 ;

171 1789 338 1824 pmnitemize
358 1790 534 1818 ostendamus
551 1791 666 1822 l'ructus,
680 1796 707 1818 et
717 1792 848 1818 vivemus.

206 1835 272 1868 Quae
283 1835 413 1863 cadentes
441 1836 536 1870 erigis,
562 1844 605 1864 me
627 1837 795 1870 voluptatum
815 1837 842 1863 in
860 1837 957 1871 praeci-

170 1881 237 1915 pitia
265 1881 418 1912 labentem,
448 1885 475 1908 et
504 1881 531 1908 in
564 1881 715 1916 profundos
741 1882 843 1916 peccati
876 1883 957 1917 aliys-

171 1934 218 1954 sos
247 1926 404 1953 immersnm
439 1927 595 1961 resnscita,
625 1934 719 1960 casta,
742 1930 769 1954 et
805 1927 838 1953 ad
872 1928 956 1954 vitam

173 1973 266 2000 induc.

314 2027 380 2055 Eum
395 2033 516 2055 canentes
532 2029 642 2064 hymnos
658 2029 685 2056 in
701 2029 815 2056 camino.

205 2085 335 2118 Quicum
358 2085 448 2120 impiis
477 2085 598 2120 reputari
620 2084 730 2119 propter
753 2084 956 2111 multitudinem

172 2130 365 2159 misericordiae
376 2130 503 2166 dignatus
518 2139 558 2162 cs,
581 2138 639 2157 mea
657 2135 766 2164 peccata
785 2130 845 2156 dele
858 2130 884 2156 in
905 2129 958 2156 Iide

173 2181 202 2204 nt
229 2181 255 2204 te
280 2176 439 2211 gloriﬁcem,
456 2177 574 2208 Christe,
593 2184 640 2211 per
658 2176 769 2204 saecula.

206 2233 384 2261 Peccatornm
404 2241 526 2260 meorum
557 2233 767 2267 chirographum
795 2233 888 2261 lancea
908 2238 953 2261 tua

173 2279 273 2310 lacera,
292 2282 319 2304 et
332 2278 423 2304 cordis
441 2277 493 2304 mei
512 2277 621 2304 dolores
644 2284 720 2308 sana,
746 2277 868 2309 Domine,
894 2286 954 2312 per-

173 2329 254 2350 cussa
270 2321 323 2348 telo
339 2321 440 2348 malitia
458 2328 604 2354 pravorum
625 2320 789 2347 dmmonum.

208 2420 385 2455 Denigratum
414 2426 461 2446 cor
493 2423 596 2454 peccati
622 2427 732 2449 cruore,
764 2420 822 2446 lava
844 2421 871 2446 in
896 2428 959 2447 san-

173 2467 256 2501 guine
271 2466 317 2502 qui
334 2466 392 2492 ilnit
408 2473 439 2493 ex
457 2466 551 2498 latere,
571 2466 680 2493 tihrisle
697 2466 744 2497 mi,
760 2471 787 2492 ιιι
801 2470 827 2493 te
853 2467 958 2502 gloriﬁ-

174 2520 232 2540 cem
253 2520 300 2547 per
313 2512 402 2539 omnia
420 2512 529 2539 srccula.

211 2597 276 2630 Qua:
292 2598 351 2625 sine
375 2597 481 2623 cultura
507 2599 662 2631 genuinasti
688 2599 826 2626 ccelestem
844 2600 958 2633 spicam,

179 2641 272 2677 Virgo,
287 2642 368 2676 imple
383 2643 548 2670 esurientem
573 2644 702 2670 humilem
723 2644 841 2671 animam
860 2652 957 2671 meam.

345 2738 525 2774 l’iviﬁcanlem
539 2740 637 2773 fontem
654 2748 802 2773 perennem.

210 2783 358 2820 Postquam
377 2785 539 2819 iejunassut.
567 2785 852 2814 Etismus~suscitavit
879 2793 954 2814 mor-

1005 1563 1052 1589 τοῦ
1062 1564 1149 1597 ὄφεως
1159 1571 1166 1578 ·
1179 1564 1238 1594 ταῖς
1251 1563 1305 1589 τῶν
1320 1563 1413 1590 παίιῶν
1429 1565 1597 1601 ὲπαγωγαζς,
1606 1565 1644 1599 τῷ
1655 1565 1693 1600 σῷ
1703 1564 1796 1599 πάθει,

1007 1609 1192 1643 φιλάνθρωπε.
1210 1610 1223 1635 ὁ
1240 1609 1333 1636 παθὼν
1346 1610 1392 1636 καὶ
1407 1610 1457 1645 τὴν
1475 1610 1609 1637 ἀπάθειαν
1624 1611 1732 1642 πιστοῖς
1745 1619 1796 1646 χα-

1008 1655 1161 1689 ρισάμενος.

1047 1700 1079 1726 Ἦ
1093 1700 1142 1735 τῆς
1159 1700 1284 1736 νηστείας
1297 1701 1376 1736 χάρις
1390 1700 1510 1736 ἔλαμψεν
1522 1722 1529 1734 ,
1545 1702 1680 1737 ἀκρασίας
1701 1703 1798 1735 σκότος

1005 1745 1156 1772 διώκουσα·
1177 1746 1230 1772 ἰδοὺ
1246 1746 1443 1781 εὐπρόσδεκτος
1465 1747 1512 1773 καὶ
1535 1747 1625 1783 ἡμέρα
1641 1749 1775 1784 σωτήριος
1787 1757 1795 1764 ·

1008 1784 1151 1827 μετανοίας
1168 1791 1348 1826 ἐνδειξώμεθα
1361 1793 1486 1827 καρποὺς
1499 1793 1547 1819 καὶ
1562 1794 1712 1829 ζησόμεθα.

1043 1837 1275 1863 Καταπιπτὸντων
1282 1838 1294 1863 ὲ
1301 1837 1476 1872 πανόρθωσις,
1484 1838 1722 1874 ήδονῶνκρημνοΐς
1728 1848 1799 1874 συμ-

1009 1880 1150 1907 πτωθὲντα
1171 1889 1214 1915 με,
1231 1882 1279 1908 καὶ
1296 1881 1434 1917 ἁμαρτίας
1456 1883 1562 1916 χαλεπὰ
1583 1884 1738 1918 ἐμπεσόντα
1756 1886 1797 1916 είς

1009 1925 1145 1961 βάραθρα,
1158 1925 1351 1962 ἑξανάστησον,
1363 1927 1442 1962 ἁγνὴ,
1455 1928 1503 1954 καὶ
1518 1929 1584 1963 πρὸς
1598 1929 1669 1965 ζωὴν
1681 1930 1799 1966 ποδηγη-

1009 1980 1066 1999 σον.

1130 2028 1184 2054 Τὸν
1204 2028 1275 2059 τοὺς
1293 2029 1481 2063 ὑμνολόγους
1501 2030 1536 2057 ἐν
1553 2031 1678 2066 καμίνῳ.

1049 2083 1078 2110 '0
1094 2083 1162 2118 μετὰ
1178 2085 1286 2120 ἀνόμων
1300 2085 1459 2120 λογισθῆναι
1474 2087 1518 2113 διὰ
1533 2087 1633 2122 πλῆθος
1645 2087 1735 2120 ἐλέους
1748 2097 1800 2115 xu.-

1009 2129 1198 2164 ταδεξάμενος,
1207 2131 1255 2161 τὰς
1269 2132 1338 2165 ἐμὰς
1351 2132 1488 2166 ἁμαρτίας
1500 2131 1640 2168 ὲξάλειψον
1654 2134 1683 2160 ὲν
1695 2135 1798 2166 πίστει,

975 2181 996 2207 ι)
1010 2176 1084 2207 ὅπως
1099 2185 1129 2202 σε
1147 2175 1260 2209 δοξάζω,
1277 2177 1390 2212 Χριστὲ,
1410 2178 1450 2208 εἰς
1463 2178 1526 2209 τοὺς
1544 2178 1656 2210 αἰῶνας.

1042 2231 1102 2257 Τῶν
1119 2231 1262 2266 ἁμαρτιῶν
1276 2241 1326 2267 μου
1342 2233 1372 2259 τὸ
1388 2233 1581 2270 χειρόγραφον,
1593 2235 1625 2270 τῇ
1643 2236 1676 2270 σῇ
1687 2236 1787 2272 διάῤῥη

1008 2276 1052 2309 ξον
1066 2277 1148 2313 λόγχῃ
1159 2286 1165 2292 ·
1182 2278 1288 2312 καὶτῆς
1301 2279 1416 2313 καρδίας
1428 2288 1478 2314 μου
1491 2281 1539 2312 τὰς
1554 2281 1650 2313 ὀδύνας
1663 2282 1799 2317 θεράπευ-

1008 2331 1064 2353 σον,
1074 2323 1169 2358 Κύριε,
1181 2324 1332 2360 πληγείσης
1344 2324 1416 2358 βέλει
1429 2325 1477 2360 τῆς
1491 2326 1589 2358 κακίας
1604 2327 1658 2353 τῶν
1672 2330 1800 2364 πονηρῶν

1008 2368 1153 2403 δαιμόνων.

1048 2425 1286 2460 Μεμελανωμένην
1301 2427 1351 2461 τὴν
1368 2427 1480 2462 καρδξαν
1496 2429 1545 2463 τῆς
1559 2429 1695 2464 ἁμαρτίας
1705 2431 1744 2465 τῷ
1754 2431 1803 2457 7.6-

1012 2469 1079 2504 θρῳ,
1097 2469 1135 2504 τῷ
1151 2469 1188 2503 σῖ)
1203 2470 1359 2498 ἁπόπλυνον
1374 2472 1406 2498 ὲκ
1421 2472 1541 2507 πλευρᾶς
1557 2474 1740 2507 ἁποστάξαντι
1754 2476 1800 2502 αῖ-

1012 2523 1088 2549 ματι,
1113 2515 1214 2550 Χριστέ
1231 2524 1292 2550 μου,
1310 2516 1353 2543 ἵνα
1370 2525 1400 2543 σε
1415 2517 1520 2550 δοξάζω
1545 2519 1586 2550 είς
1609 2520 1713 2552 πάντας
1734 2529 1800 2554 τους

1011 2560 1121 2591 αἰῶνας.

1054 2605 1085 2632 Ἦ
1098 2607 1281 2642 ἁγεωργήτως
1316 2607 1526 2643 ὲκΰλαστήσασα
1561 2610 1607 2636 τὸν
1637 2610 1800 2647 ἐπουράνιον

1012 2651 1122 2686 στάχυν,
1141 2651 1273 2687 Παρθένε,
1292 2653 1433 2688 ἔμπλησον
1452 2655 1586 2683 πεινῶσαν
1602 2657 1651 2692 τὴν
1667 2657 1801 2693 ταπεινὴν

1008 2695 1096 2731 ψυχήν
1113 2706 1175 2731 μου.

1125 2742 1184 2775 τὴν
1203 2742 1351 2778 ζωοδόχον
1369 2745 1472 2779 πηγὴν
1491 2746 1548 2780 τὴν
1564 2747 1685 2776 ἀέναον.

1042 2787 1236 2823 Νενηστευκὼς
1255 2789 1405 2822 Ἐλισσαῖος
1427 2791 1575 2828 ἀνέστησε’
1593 2796 1798 2830 νενειιμωρένυν
