1905 3078
157 121 227 155 δαδι

155 181 293 204 ειεῐειιιιι
315 185 322 204 ἶ

157 318 236 340 tium.

194 357 349 392 Virginitas
365 362 392 385 et
414 363 510 393 partus
546 363 731 386 occurrerunt
751 363 949 395 supernatura-

157 405 217 431 liter
240 405 266 431 in
286 409 321 437 te,
347 412 410 431 arca
427 405 592 432 venerabilis
609 405 646 432 rei
662 412 759 438 sacrae,
776 410 864 433 mater
885 405 949 433 Vir-

156 459 243 486 goquc
269 455 368 478 casta:
403 451 463 478 ideo
492 455 606 486 propter
637 451 717 478 Iidem
739 451 828 478 clamo
850 452 883 478 ad
912 457 947 485 te,

155 502 241 524 totum
258 504 301 524 me
318 497 469 530 sanctiﬁca,
488 502 573 524 totum
599 499 683 525 libera
707 499 742 525 ab
757 499 831 525 omni
856 498 948 527 disso-

155 541 259 567 lutione
281 540 429 567 libidinum
451 543 639 576 torquentium
658 550 711 570 tne.

395 584 476 620 lmpt’i
497 595 548 613 non
564 587 698 614 uidebunt.

190 630 314 664 Domine,
339 631 386 666 qui
401 632 556 658 voluntarie
572 633 694 660 elevatus
717 640 747 660 es
764 633 791 660 in
808 641 904 667 cruce,
919 638 948 662 et

155 676 302 711 prostrasti
330 677 475 703 inimicum
497 678 651 704 voluntarie
671 687 678 704 :
700 685 774 705 nunc
792 680 947 714 pracipita-

155 727 211 748 tum
233 730 277 749 me
299 722 326 748 in
350 723 520 758 voluptatum
539 723 666 759 abyssos,
691 724 881 752 misericordia
900 730 946 753 tua

156 767 275 801 corrige.

191 811 345 839 Obscuram
388 812 547 840 libidinibus
579 815 671 849 pravis
693 815 813 842 animam
842 815 944 843 illumi-

592 124 622 153 S.
637 123 847 154 SOPHRONH
868 123 1121 154 PATRIARCHrE
1133 124 1337 155 HIEROSOL.

357 183 407 212 per
440 176 645 204 multitudinem
687 178 966 210 misericordiarum,

1031 178 1058 204 ὒν
1072 178 1112 213 τῷ
1126 179 1182 214 λαῷ
1199 187 1245 206 σου
1258 180 1400 215 παράσχου
1414 180 1509 206 κακῶν
1522 179 1724 215 ἀπολύτρωσιν,
1736 180 1797 215 βίον

159 228 268 250 tuarum
286 222 386 258 populo
405 225 453 249 tuo
476 222 620 257 suppedita
645 223 835 251 liberationem
859 231 873 250 a
892 230 951 250 ma-

156 269 201 301 lis,
238 268 301 295 vitae
330 268 579 301 emendationem,
605 273 632 296 et
659 269 737 304 regni
767 269 806 296 tui
837 276 952 297 consor-

1726 125 1798 157 3855

1003 222 1162 258 διόρθωσιν,
1179 224 1227 251 καὶ
1239 223 1288 259 τῆς
1302 223 1444 259 βασιλείας
1458 224 1507 259 τῆς
1522 224 1571 260 σῆς
1586 223 1635 260 τὴν
1647 225 1796 252 οἰκείωσιν.

1036 367 1175 403 Παρθενία
1189 367 1236 394 καὶ
1248 367 1326 399 τόκος
1338 367 1503 402 συνέδραμεν
1512 366 1581 403 ὑπὲρ
1593 366 1675 401 φύσιν
1684 367 1730 394 ἐπὶ
1742 367 1796 400 σοὶ,

1000 414 1100 441 κιϐωτὲ
1115 414 1162 440 τοῦ
1175 413 1273 440 σεπτοῦ
1288 414 1468 448 ἁγιάσματος,
1480 412 1697 448 Μητροπάρθενε
1707 413 1792 450 ἁγνή·

999 461 1039 487 διὸ
1049 461 1138 488 πίστει
1155 460 1208 495 βοῶ
1220 469 1271 493 σοι,
1288 459 1349 486 ὅλον
1364 468 1397 495 με
1410 459 1524 494 ἁγίασον
1534 467 1540 473 ·
1552 460 1612 486 ὅλον
1626 459 1799 494 ὲκλύτρωσαι

1000 505 1090 541 πάσης
1108 504 1252 540 ἀσελγείας
1267 504 1363 531 παθῶν
1378 503 1433 530 τῶν
1449 503 1598 530 θλιὸόντων
1614 511 1658 539 με.

1219 592 1347 626 Ἀσεϐεῖς
1366 593 1422 620 οὐκ
1443 593 1582 627 ὄψονται.

1043 638 1203 671 Ἑκουσίως,
1210 639 1343 672 Δέσποτα,
1353 638 1464 674 ὑψώοης
1475 639 1504 665 ὲν
1512 637 1632 673 σταυρῷ,
1641 637 1688 664 καὶ
1696 637 1798 673 $11157:—

999 683 1084 719 ραξας
1094 684 1139 710 τὸν
1163 684 1259 719 ἐχθρὸν
1276 684 1408 716 ἑκουσίως
1419 692 1426 699 ·
1445 684 1506 710 ὅθεν
1520 683 1746 719 κατεῤῥαγμένον
1761 691 1796 717 με

997 730 1101 766 ἡδονῶν
1112 731 1151 762 είς
1165 729 1303 765 βάραθρα,
1317 730 1505 766 εὐσπλαγχνίᾳ
1521 738 1567 756 σου
1583 729 1741 765 διόρθωτον.

1033 818 1215 845 Σκοτισθέντα
1229 818 1343 845 πάθεσιν
1359 818 1472 849 ἀτόποις
1488 817 1538 852 τὴν
1549 816 1649 852 ψυχὴν,
1662 816 1797 851 φωταγώ-

157 865 190 884 na
202 877 209 891 ,
225 857 301 890 Jesu,
318 859 363 893 qui
380 859 536 887 obscurasti
555 861 652 894 solem,
669 861 696 888 in
709 869 793 889 cruce
805 868 946 897 extensus,
964 854 966 882 Ῑ

1031 873 1094 899 ισον,
1112 864 1211 899 Ἰησοῦ,
1225 865 1239 891 ὁ
1257 864 1388 896 σκοτίσας
1405 863 1494 899 ἥλιον,
1511 863 1620 898 σταυρῷ
1642 863 1796 897 τεινόμενος

156 908 182 930 et
197 904 367 936 illuminasti,
389 905 447 936 Sol,
468 910 546 932 terra:
562 906 769 940 plenitudinem.

192 950 357 978 Sobrietatis
384 959 517 980 oceanum
550 954 680 988 navigare
699 955 807 989 'qniete
835 954 949 990 dignare

157 1005 209 1031 me,
227 999 346 1030 Christe,
362 1007 541 1034 compescens
553 1000 651 1028 ﬂuctus
668 1001 947 1038 intelligentiazmetn:

155 1047 181 1070 et
202 1045 229 1071 in
249 1045 464 1073 resurrectionis
479 1050 588 1080 portum
613 1047 751 1074 introduc.

190 1133 300 1160 Castam
327 1133 467 1161 innocenti
489 1139 579 1161 mente
605 1142 791 1164 veneramur:
824 1137 949 1172 pulchri-

156 1179 276 1206 tudinem
295 1187 356 1214 quae
373 1187 405 1206 ex
420 1178 504 1206 Iacob
521 1182 695 1215 procrssisti,
714 1190 763 1217 per
779 1187 857 1210 actus
877 1183 947 1210 divi-

157 1227 231 1252 nitus
248 1226 397 1260 inspiratos
411 1225 545 1260 drcorati,
570 1228 614 1262 pie
626 1229 799 1256 cantabimus
818 1233 948 1264 tanquam

156 1270 322 1298 Gettilricem
340 1270 386 1298 Dei
403 1273 504 1299 nostri.

329 1316 426 1344 Pueros
447 1317 597 1345 innocentes
615 1319 643 1346 in
659 1321 776 1347 camino.

194 1362 280 1389 Cruxi
304 1363 402 1389 allixus
428 1370 475 1398 per
493 1364 721 1399 misericordiam,
746 1367 844 1394 latroni
868 1375 949 1402 para-

159 1407 250 1434 disum
285 1409 416 1442 aperuisti
442 1418 449 1435 :
475 1418 547 1436 nttnc
575 1417 617 1437 me
645 1411 789 1446 spoliatum
818 1412 950 1440 d.cmonis

159 1455 272 1487 astutia,
287 1459 313 1481 et
329 1455 354 1481 in
375 1456 465 1482 anima
480 1457 652 1484 vulneratum
670 1459 782 1484 vulnere
804 1459 949 1492 immenso,

160 1508 228 1527 sana
243 1509 294 1534 me,
314 1503 442 1536 aperiens
469 1503 534 1529 mihi
567 1503 668 1538 januas
696 1505 866 1539 ptnnitentize
895 1514 950 1541 pra:

162 1551 210 1572 tuo
224 1554 286 1581 erga
310 1546 435 1575 homines
451 1556 557 1576 amore.

194 1591 305 1626 Jejunio
325 1596 507 1621 extenuemus
534 1601 658 1627 carnem,
681 1595 800 1622 animam
821 1597 949 1631 precibus

161 1637 337 1671 Fagineuzus,
356 1646 491 1672 pauperes
517 1639 683 1671 nutriamus,
711 1641 870 1668 thesaurum
895 1650 950 1669 non

158 1683 331 1710 delimeutem
343 1684 369 1710 in
381 1684 458 1711 caelis
477 1690 612 1717 ementes,
628 1689 655 1712 et
670 1686 876 1714 exclamantes:
895 1687 949 1714 Do-

160 1729 264 1755 minum
283 1728 403 1762 laudate,
421 1737 516 1765 opt-ra,
532 1737 558 1757 ct
577 1731 791 1766 superexaltate.

195 1773 326 1801 Passieno
341 1779 386 1802 tua
409 1776 518 1802 turbata
547 1781 589 1803 cst
616 1783 755 1816 creatura,
771 1778 848 1805 cruci
869 1783 893 1806 te
907 1779 950 1806 vi-

159 1818 227 1846 dens
252 1819 374 1851 aliixum,
401 1820 528 1848 Salvator
555 1822 678 1856 optime:
700 1823 765 1850 hinc
790 1825 951 1859 suppliciter

159 1873 208 1892 oro
226 1869 251 1892 te
268 1867 416 1901 impetibus
432 1869 570 1902 serpentis
594 1876 704 1903 semper
716 1869 864 1904 jactatum.
883 1879 950 1898 cott-

160 1910 229 1938 forta
257 1918 374 1940 mentem
396 1921 496 1946 mcam,
527 1915 698 1949 tnisericors,
725 1916 752 1943 in
777 1918 953 1945 voluntatum

161 1961 268 1984 tuarum
287 1959 409 1986 inereata
429 1964 518 1994 petra.

194 2002 282 2030 Jauua
300 2003 345 2031 Dei
366 2005 471 2037 clausa,
487 2014 569 2041 quam
590 2007 667 2034 solus
681 2008 790 2042 trajecit
808 2009 951 2042 Dominus,

160 2049 248 2084 dirige
269 2058 312 2077 me
330 2051 357 2078 in
377 2051 490 2080 semitas
514 2052 634 2086 divinas,
656 2057 683 2081 et
698 2055 773 2089 aperi
797 2056 894 2083 salutis
907 2056 953 2090 ja-

161 2103 231 2123 uuas
249 2097 326 2128 mihi,
355 2097 442 2132 gratia
461 2097 508 2125 Dei
529 2099 609 2132 plcna
627 2108 633 2126 :
659 2101 761 2126 etenim
783 2100 817 2127 ad
836 2105 861 2128 te
884 2108 952 2128 con—

163 2143 248 2178 iugio,
270 2141 366 2177 Virgo,
387 2143 476 2171 solum
495 2144 628 2171 auxilium
648 2146 756 2180 generis
774 2145 898 2173 humani.

161 2243 242 2278 Lapis
271 2251 323 2270 non
352 2252 433 2270 manu
458 2245 577 2278 sculptus
607 2244 703 2271 montis
731 2253 782 2271 non
810 2245 950 2280 compositi

409 2287 441 2306 ex
453 2280 587 2314 lapidibus
600 2279 703 2314 politis.

197 2326 307 2353 Petram
335 2326 471 2361 sculptam
490 2326 591 2353 montis
615 2331 642 2353 te
665 2326 792 2361 praevidit
818 2327 952 2354 orientem

164 2380 196 2399 ex
214 2371 332 2406 Virgine,
344 2373 479 2403 Saltator,
493 2368 661 2406 frangentem
675 2376 765 2406 petras
783 2371 809 2398 in
827 2376 873 2398 tua
889 2379 954 2398 cru-

163 2418 321 2445 riﬁtiotte:
353 2417 413 2444 ideo
438 2421 582 2452 gravatum
614 2416 702 2451 lapide
732 2416 839 2443 duritia:
868 2417 952 2443 libera

164 2471 216 2496 tne,
235 2464 404 2491 misericors.

199 2510 316 2537 Abstine
343 2516 357 2535 a
382 2508 496 2541 malitia,
526 2507 617 2535 anima
643 2516 714 2540 mea,
742 2507 835 2535 divino
862 2515 955 2536 amore

163 2556 302 2584 luxuziata
319 2564 325 2580 :
346 2555 445 2588 januas
459 2555 570 2589 adaperi
587 2555 715 2581 omnibus
730 2554 864 2580 bonorum
878 2554 954 2588 cogi—

163 2602 334 2632 Lilinttibtts,
373 2601 505 2637 claudens
536 2601 679 2636 pravitatis
710 2600 875 2633 introitum,
908 2607 956 2634 per

164 2649 372 2683 trtupt-iauliatn
387 2653 414 2675 ct
431 2649 595 2675 orationem.

198 2697 418 2724 condemnatum
443 2697 518 2724 salva
548 2704 602 2728 me,
635 2696 682 2730 qui
705 2694 842 2724 damnasti
873 2702 956 2723 crnce

164 2749 221 2776 tua,
251 2744 363 2770 llomiue
392 2743 530 2774 Salvator,
564 2743 704 2769 inimicam
724 2750 834 2770 meatu:
863 2747 890 2768 et
921 2750 956 2769 tte

164 2791 294 2821 uehenna:
310 2791 440 2818 ostendas
465 2789 620 2824 subjectum
640 2789 758 2822 aliquem
783 2788 955 2815 vulneratum

165 2836 336 2869 libidinibus.
364 2842 391 2863 ct
415 2836 533 2872 precatis
556 2835 740 2863 debilitatum.

1000 911 1047 938 καὶ
1064 911 1198 946 φωτίσας,
1214 911 1308 944 Ἥλιε,
1326 911 1490 946 οἰκουμένης
1507 910 1542 937 τὰ
1555 910 1741 945 πληρώματα.

1035 956 1072 982 Τὺ
1083 957 1212 992 νηστείας
1223 956 1341 990 πέλαγος
1356 955 1506 982 ἐκπλεῦσαι
1519 955 1645 990 γαληνῶς
1661 954 1796 988 καταξίω-

1000 1001 1045 1028 σόν
1065 1009 1109 1036 με,
1129 1002 1247 1036 Χριστὲ,
1272 1000 1449 1032 κατευνάζων
1472 1000 1584 1036 κύματα
1599 1000 1649 1036 τῆς
1675 1000 1796 1031 διανοίας

1001 1055 1071 1083 μου·
1089 1047 1136 1074 καὶ
1152 1048 1200 1083 τῆς
1217 1047 1392 1080 ἀναστάσεως
1420 1048 1461 1079 είς
1485 1047 1583 1082 λιμένα
1602 1055 1636 1082 με
1661 1046 1797 1082 καθορμι-

1001 1102 1058 1120 σον.

1037 1140 1092 1175 Τὴν
1104 1140 1189 1177 ἁγνὴν
1203 1141 1344 1175 ἁγνεύοντι
1356 1141 1517 1176 τιμήσωμεν
1529 1140 1569 1167 νοτ
1581 1149 1589 1156 ι
1607 1139 1739 1175 καλλονὴν
1747 1139 1797 1174 τὴν

1000 1187 1047 1213 τοῦ
1070 1185 1167 1213 Ἰακὼό
1186 1187 1246 1218 ταῖς
1267 1187 1371 1218 ἐνθέοις
1391 1187 1508 1222 πράξεσι
1527 1187 1733 1222 καλλυνόμενοι,
1751 1187 1797 1215 εὑ-

1001 1230 1086 1262 σεὸὦς
1105 1231 1284 1266 ὑμνήσωμεν,
1299 1232 1337 1264 ὡς
1350 1232 1464 1268 Μητέρα
1481 1232 1528 1259 τοῦ
1541 1233 1608 1259 Θεοῦ
1623 1232 1713 1267 ἡμῶν.

1157 1317 1270 1351 Παῖδας
1287 1318 1406 1354 εὐαγεῖς
1419 1319 1453 1346 ἐν
1465 1319 1502 1354 τῇ
1514 1319 1640 1354 καμίνῳ.

1036 1362 1150 1397 Σταυρῷ
1171 1366 1342 1399 προσπαγεὶς
1356 1364 1390 1390 δι’
1407 1365 1620 1400 εὑσπλαγχνίαν,
1644 1364 1729 1401 λῃστῇ
1749 1365 1798 1390 τὸν

1001 1409 1167 1443 πῖρὰδεισον
1198 1409 1337 1444 ἀνέῳξας·
1364 1409 1411 1436 νῦν
1428 1410 1456 1437 δὲ
1473 1410 1657 1446 λῃστευοέντα
1679 1420 1724 1445 με,
1738 1411 1798 1437 δαί-

1003 1464 1082 1489 μονος
1095 1455 1230 1490 δεινότητι
1242 1458 1289 1482 καὶ
1304 1459 1337 1491 τῇ
1355 1459 1428 1492 ψυχῇ
1445 1457 1584 1493 όλόσωμον
1596 1458 1704 1493 πληγὴν
1718 1458 1798 1491 aelii-

1004 1508 1095 1536 μενον,
1113 1501 1253 1535 ἰάτρευσον
1269 1502 1380 1535 ἀνοίξας
1408 1511 1453 1537 μοι
1478 1503 1565 1535 πύλας
1580 1503 1629 1535 τὰς
1645 1505 1696 1539 τῆς
1711 1512 1798 1539 μετα-

1003 1545 1077 1578 νοίας
1093 1546 1125 1581 τῇ
1145 1548 1178 1582 σῇ
1193 1546 1395 1583 φιλανθρωπία.

1037 1590 1157 1627 Νηστείᾳ
1169 1591 1346 1626 λεπτύνωμεν
1358 1592 1407 1628 τὴν
1419 1592 1519 1628 σάρκα,
1531 1593 1621 1629 ψυχὴν
1633 1594 1800 1630 προσευχαῖς

1002 1636 1225 1670 καταπιάνωμεν,
1236 1637 1356 1672 πένητας
1372 1638 1562 1673 ἐκθρέψωμεν,
1574 1639 1688 1666 πλοῦτον
1705 1639 1742 1674 μὴ
1752 1648 1800 1665 κε-

1002 1680 1132 1717 νούμενον
1147 1684 1175 1708 ὲν
1189 1682 1315 1718 οὐρανοῖς
1335 1683 1496 1718 ὠνούμενοι,
1522 1685 1569 1711 καὶ
1583 1685 1800 1717 ἀνακρὰζοντες’

1003 1727 1056 1754 Τὸν
1069 1728 1171 1763 Κύριον
1189 1729 1311 1764 ὑμνεῖτε,
1331 1730 1366 1756 τὰ.
1385 1729 1465 1765 ἔργα,
1482 1730 1529 1756 καὶ
1544 1731 1726 1765 ύπερυψοῦῖε.

1038 1774 1084 1809 Τῷ
1100 1774 1181 1801 πάθει
1198 1783 1245 1801 σου
1266 1776 1354 1807 κτίσις
1368 1776 1512 1811 ὲκλονήοη,
1530 1777 1638 1812 σταυρῷ
1653 1785 1681 1802 σε
1700 1776 1803 1803 θεασα-

1004 1821 1073 1856 μένη
1089 1821 1295 1857 καθηλωμένον,
1313 1822 1405 1857 Σῶτερ
1419 1822 1587 1858 ὑπεράγαθε·
1604 1823 1665 1848 ὅθεν
1680 1823 1798 1848 ἱκετεύω

1004 1877 1045 1901 σε,
1060 1871 1120 1900 ταῖς
1130 1868 1295 1904 προσϐολαῖς
1307 1868 1487 1903 κλονούμενον
1502 1869 1545 1894 ἀεὶ
1560 1868 1607 1894 τοῦ
1625 1868 1722 1902 ὄφεως,
1739 1877 1801 1894 στε-

1005 1914 1107 1948 ρέωσον
1117 1913 1162 1939 τὸν
1174 1913 1234 1940 νοῦν
1250 1922 1313 1948 μου,
1329 1913 1490 1948 οἰκτίρμων,
1507 1913 1554 1939 σοῦ
1571 1913 1625 1940 τῶν
1638 1913 1803 1949 θεληματων

1004 1960 1032 1985 ὲν
1046 1959 1163 1995 ἀρραγεϊ
1179 1960 1211 1994 τῇ
1230 1960 1331 1994 πέτρᾳ.

1047 2005 1080 2031 Ἢ
1097 2005 1169 2040 πύλη
1185 2005 1252 2031 Θεοῦ
1272 2006 1288 2040 ἡ
1303 2005 1496 2043 κεκλασμένη,
1510 2006 1542 2040 ἢν
1562 2005 1641 2040 μόνος
1657 2005 1805 2032 διώδευσεν

1004 2052 1018 2077 ὸ
1034 2051 1147 2087 Κύριος,
1162 2051 1251 2078 ἴθυνον
1266 2051 1333 2086 πρὸς
1344 2051 1454 2085 τρίϐους
1474 2060 1507 2086 με
1525 2051 1611 2084 Θείας,
1632 2052 1679 2078 καὶ
1697 2051 1804 2078 διάνοι-

1006 2098 1049 2131 ξον
1065 2099 1114 2134 τῆς
1130 2099 1267 2133 σωτηρίας
1288 2098 1374 2130 πύλας
1394 2106 1450 2133 μοι,
1473 2098 1673 2133 θεοχαρίτωτεο
1688 2097 1756 2133 πρὸς
1771 2099 1804 2125 σὲ

1006 2144 1060 2179 γὰρ
1077 2144 1255 2177 καταφεύγω,
1271 2143 1406 2179 Παρθένε,
1431 2144 1499 2178 μόνη
1520 2144 1674 2179 προστασία
1690 2143 1736 2170 τοῦ
1756 2145 1804 2177 γέ-

969 2197 990 2224 ι)
1005 2200 1066 2222 νους
1078 2191 1133 2218 τῶν
1147 2190 1311 2226 ἀνθρώπων.

1070 2246 1158 2278 Λίθος
1171 2246 1384 2280 ἀχειρότμητος
1400 2246 1489 2280 ὄρους
1503 2247 1538 2279 ἐξ
1557 2247 1737 2282 ἁλαξεύτου.

1045 2326 1126 2353 Λίθον
1151 2335 1181 2353 σε
1203 2326 1343 2361 τμηθέντα
1368 2326 1493 2362 προεῖδεν
1518 2326 1598 2362 ὅρους
1613 2329 1758 2362 προφήτης
1772 2330 1807 2355 ὲκ

1011 2371 1168 2406 Παρθένου,
1183 2371 1288 2407 Σῶτερ,
1305 2371 1492 2408 διαρῤήξαντα
1510 2373 1611 2408 πέτρας
1626 2374 1658 2408 τῇ
1677 2374 1709 2408 σῇ
1726 2382 1802 2400 mau-

1013 2419 1094 2453 ρώσει
1105 2427 1111 2435 ⁸
1125 2418 1164 2445 διὸ
1176 2419 1343 2453 βαρούμενον
1356 2419 1535 2454 ἀναισθησίας
1547 2419 1614 2455 λίοῳ
1629 2428 1672 2454 με,
1686 2420 1724 2452 ὡς
1734 2429 1798 2447 παν-

1011 2467 1169 2500 οικτίρμων,
1187 2465 1380 2500 ἑλευῢέρωσον.

1047 2511 1205 2547 Νήστευσον
1221 2512 1329 2543 κακίας,
1346 2512 1419 2546 ψυχή
1445 2520 1507 2547 μου,
1524 2512 1584 2548 θείᾳ
1597 2512 1693 2549 ἀγάπῃ
1708 2512 1809 2546 ὲντρυ--

1012 2557 1211 2593 φῶσατθύρας
1242 2558 1413 2585 ἀναπέτασον
1440 2559 1541 2589 πάσαις
1574 2558 1665 2585 καλῶν
1695 2558 1810 2590 είδέαις,

1013 2604 1253 2638 ὲναποφράττουσα
1266 2605 1314 2639 τῆς
1329 2605 1462 2641 πονηρίας
1476 2605 1588 2637 εἴσοδον,
1598 2605 1632 2632 δι’
1642 2606 1810 2640 ἐγκρατείας

1014 2650 1060 2676 καὶ
1077 2650 1206 2684 δεήσεως.

1060 2695 1125 2730 Ἐμὲ
1142 2696 1187 2721 τὸν
1207 2695 1372 2729 κατάκριτον
1402 2695 1499 2728 σῶσον,
1529 2697 1542 2722 ὁ
1575 2696 1744 2731 κατακρίνας
1770 2705 1812 2730 τῳ

1014 2741 1123 2776 σταυρῷ
1138 2749 1197 2774 σου,
1213 2741 1336 2768 Δέσποτα
1365 2742 1468 2776 Σῶτερ,
1488 2742 1540 2777 μοῦ
1556 2746 1605 2776 τὴν
1627 2742 1745 2778 ἔχθραν·
1762 2743 1812 2770 καὶ

1014 2787 1052 2821 μὴ
1065 2786 1162 2822 γεέννῃ
1177 2786 1266 2822 Bai-,1};
1279 2787 1431 2814 ὑπεύθυνον
1442 2787 1487 2814 τὸν
1503 2787 1683 2823 πληγωῡέντα
1696 2788 1811 2822 πάθεσι,

1013 2833 1061 2859 καὶ
1078 2832 1226 2867 ἁμαρτίαις
1241 2832 1460 2868 ἁμαυριύμενον.
