1905 3078
202 159 275 190 38L?

622 159 651 190 S.
670 159 879 190 SOPHRONII
895 157 1149 188 PATRIARCHiE
1167 157 1371 188 HIEROSOL.

1775 157 1845 190 3863

204 214 250 245 I‘ei,
275 213 396 245 Christe,
421 214 557 248 gustasti;
579 218 687 240 acetum
712 214 784 240 enim
816 214 923 245 bibens,
951 213 1010 241 la-i

1092 211 1125 246 ῆς
1140 212 1255 245 ὲγεύσω,
1274 211 1393 247 Χριστέ’
1425 211 1485 245 ὅξος
1509 211 1563 248 γὰρ
1583 212 1663 245 πιὼν,
1681 213 1844 248 ὑπάρξασαν

205 268 282 294 psunt
298 261 344 294 qui
360 260 457 287 Adami
483 260 601 294 posteris
617 261 769 287 exsistebat
792 261 893 294 erigis;
923 260 995 288 unde

203 307 313 340 hymnis
328 312 354 334 te
368 307 549 338 celebramus,
567 306 623 334 tuis
651 307 750 334 salvati
769 307 957 341 p.15sinnibus.

240 351 419 379 Sauctissima
454 351 579 384 Domina,
615 359 679 387 spes
715 360 775 380 mea
804 357 830 379 ct
858 352 993 388 refugium

205 404 306 429 meum,
328 398 427 424 anima:
453 406 519 425 mea:
541 406 607 425 sana
629 399 762 431 vulnera,
788 399 930 433 pacilicam
951 398 992 426 ef-

203 443 254 469 th:e
270 450 357 469 meam
381 448 510 475 mentem.
537 450 566 472 ιιι
591 452 618 472 et
635 453 686 481 ego
709 444 833 480 gaudens
859 449 905 471 tua
923 444 995 472 cele-

203 487 278 514 brem
299 488 454 523 magniﬁca,
473 489 517 517 Dei
535 490 660 517 Genitrix
678 489 893 525 scmper’Virgo.

394 536 458 563 Veni
479 537 505 563 in
523 537 685 571 profundum
702 536 798 564 maris.

237 582 330 610 Guttis
343 583 428 610 vestri
452 583 595 616 sanguinis
611 582 718 616 piorum
739 581 878 616 irrigastis
896 580 992 613 corda,

202 629 348 663 impiorum
378 636 445 655 vero
473 629 622 656 instructas
657 628 731 656 acies
753 628 781 654 in
809 628 849 655 eis
873 628 993 663 gloriose

202 676 369 708 sutTocastis,
390 675 509 702 victores
525 674 710 702 admiratione
722 674 826 710 digni.,

238 721 362 756 Propriis
386 722 516 749 membris
540 721 663 749 universi
688 721 833 748 Dominum
856 720 994 756 glorillca-

202 769 267 801 stis;
285 776 358 795 nunc
377 776 442 795 vero
470 768 658 795 indesinenter
685 768 889 803 gloriﬁcamini,
907 767 994 794 athle-

204 821 239 843 ta:
267 816 314 850 qui
339 815 459 842 ﬁdelium
487 816 554 842 estis
577 815 664 850 gloria
691 815 837 850 magnique
858 818 995 849 protecto-

205 869 259 888 l't‘S.

241 906 268 932 lu
297 905 357 932 lacu
386 905 493 940 positus
518 913 548 933 es
585 905 828 940 profundissimo:
864 905 992 933 omnibus

205 951 289 985 igitur
312 951 339 977 iu
359 950 410 977 ﬁde
436 951 565 984 mortuis,
583 958 599 977 0
625 951 672 978 Dei
703 950 832 982 Verbum,
858 958 906 985 per
928 958 995 977 san-

205 1002 312 1023 r-lorum
343 996 507 1024 athletarum
540 1004 647 1031 preces,
679 995 862 1023 offensionum
887 996 994 1023 veniant

205 1041 335 1068 Concede.

243 1087 276 1114 llt
302 1087 406 1122 argutis
429 1091 455 1115 te
479 1087 653 1115 celebremus
679 1087 803 1120 vocibus,
828 1086 923 1122 Virgo,
946 1086 996 1113 has

207 1138 315 1161 nostras
338 1134 464 1169 accipere
487 1141 569 1161 voces
592 1137 621 1161 et
645 1133 869 1170 propitiatiouem
887 1140 936 1167 pro
949 1132 995 1159 de-

191 1180 271 1207 .l.itis
295 1181 434 1215 postulare
462 1185 611 1214 memento,
644 1185 723 1208 tuum
752 1179 858 1208 scilicet
891 1178 996 1214 suppli-

206 1226 294 1252 cando
311 1224 421 1253 Filium.

439 1271 502 1299 Tres
526 1273 600 1306 pueri
623 1272 767 1308 Babylone.

243 1317 305 1349 Cui,
325 1318 512 1352 complectens
528 1318 734 1345 irrationalium
750 1317 876 1350 allectus,
894 1318 997 1350 anima,

209 1363 363 1390 assimilata
380 1363 435 1389 es?
458 1363 594 1396 Quidnam
622 1364 754 1392 invenisti
774 1371 828 1399 quo
852 1371 999 1398 superare-

210 1409 268 1436 ris!
287 1410 314 1436 in
330 1411 452 1444 peccatis
476 1411 564 1438 clama
576 1411 610 1438 ad
633 1411 773 1438 Christum
791 1420 797 1438 :
815 1411 895 1438 Salva
913 1418 966 1443 me,
983 1417 999 1438 0

210 1459 292 1486 bone.

246 1507 474 1542 Acquiescentem
493 1507 519 1534 in
531 1506 638 1534 sanctis
653 1506 752 1534 obnixe
764 1506 920 1537 obsecrato,
932 1513 998 1533 san-

1046 258 1184 284 ἔκπτωσιν
1198 259 1254 290 τοῖς
1269 258 1298 291 ἐξ
1316 258 1402 293 Ἀδὰμ
1425 259 1457 285 σὺ
1473 259 1651 295 ἑπανορθοῖς·
1665 260 1727 287 ὅθεν
1743 260 1846 295 ὑμνοῦ-

1048 304 1098 338 μέν
1114 312 1143 330 σε
1159 305 1183 331 ot
1197 304 1329 336 σωθέντες
1344 306 1401 336 σοῖς
1418 305 1573 341 παθήμασι.

1083 351 1207 384 [Ιαναγία
1224 351 1396 386 Δέσποινα,ὴ
1414 352 1492 383 ὲλπίς
1507 361 1558 386 μου
1573 353 1620 378 καὶ
1635 353 1794 388 καταφυγὴ,
1811 353 1847 379 τὰ

1046 396 1191 432 τραύματα
1205 398 1254 432 τῆς
1268 397 1339 432 ἐμῆς
1353 397 1427 424 ἴασαι
1442 397 1547 433 ψυχῆς·
1563 398 1607 425 τὸν
1622 398 1684 425 νοῦν
1698 408 1749 433 μου
1765 399 1846 434 εἰρή-

1045 451 1150 475 νευσον,
1169 444 1212 470 ἵνα
1236 443 1315 478 κάγὼ
1338 445 1443 480 χαίρων
1463 445 1575 480 ἀνυμνῶ
1587 445 1621 472 τὰ
1637 445 1770 480 μεγαλεῖά
1783 453 1846 477 σου,

1044 488 1159 515 Θεοτόκε
1176 489 1352 525 ἀειπάροενε.

1145 533 1259 563 Ἦλθον
1276 537 1320 568 εις
1339 536 1374 563 τὰ
1390 536 1471 570 βάθη
1491 536 1546 571 τῆς
1566 537 1738 572 θαλάσσης.

1079 581 1211 616 Δίμάτων
1223 582 1374 618 ἡρδεύσατε
1390 583 1502 617 σταγόσι
1517 583 1571 610 τῶν
1581 584 1701 610 εὐσεϐῶν
1715 583 1846 619 καρδίας·

1044 627 1249 654 δυσσεσούντων
1265 628 1355 660 δὲτὰς
1369 629 1547 664 παρατάξεις,
1567 629 1725 664 περιφανῶς
1745 631 1774 656 ὲν
1793 630 1845 656 αὺ-

1044 674 1100 704 τοῖς
1117 673 1255 707 ἐπνίξατε,
1272 675 1416 710 ἀθλοφόροι
1430 674 1604 709 ἀξιάγαστοι.

1081 717 1247 750 Δοξάσαντες
1264 718 1372 753 μέλεσιν
1384 719 1495 750 οἰκείοις
1509 719 1555 746 τὸν
1565 719 1612 746 τοῦ
1626 720 1726 750 παντὸς
1738 720 1847 746 Δεσπό-

1044 770 1104 796 την,
1115 762 1162 788 νῦν
1176 762 1320 795 δοξάζεσθε
1335 764 1526 798 ἀδιαλείπτως,
1541 766 1605 799 δόξα
1623 765 1738 798 πιστῶν,
1755 765 1845 801 ἁθληυ

1043 808 1100 840 ταὶ,
1115 807 1294 844 ὑπάρχοντες,
1305 810 1351 836 καὶ
1365 810 1478 844 μεγάλοι
1491 811 1697 846 ἀντιλήπτορες.

1083 905 1129 932 ‘Ev
1141 906 1237 942 λάκκῳ
1253 907 1347 943 ὲτέθης
1360 909 1525 944 κατωτάτῳ”
1540 910 1596 942 τοῖς
1612 907 1658 937 οὖν
1673 910 1777 942 πιστῶς
1795 910 1847 936 ϐα-

1048 951 1148 984 νοῦσιν,
1171 949 1192 978 ὦ
1217 952 1284 979 Θεοῦ
1307 954 1472 987 Λόγε,”πᾶσι
1496 955 1657 990 παράσχου,
1685 954 1739 982 τῶν
1761 953 1847 990 ἱερῶν

1048 996 1173 1032 ἀθλητῶν
1185 998 1308 1032 δεήσεσι,
1322 1001 1377 1026 τῶν
1392 1001 1572 1036 πταισμάτων
1587 1001 1635 1036 τὴν
1656 1001 1846 1036 συγχώρησιν.

1086 1084 1145 1111 Ἵνα
1161 1093 1190 1111 σε
1207 1087 1309 1119 φωναῖς
1322 1086 1494 1122 διαπρυσίοις
1513 1088 1728 1124 ἀνευφημῶμεν,
1745 1088 1825 1123 Κόρη
1837 1095 1846 1102 '

1050 1130 1099 1161 τὰς
1113 1131 1204 1165 φωνὰς
1212 1131 1292 1166 ἡμῶν
1304 1132 1408 1164 ταύτας
1418 1133 1557 1168 δεχθῆναι,
1572 1134 1621 1160 καὶ
1633 1134 1746 1168 ἱλασμὸν
1757 1133 1847 1169 ὀφλη-

1052 1176 1145 1211 μάτων
1160 1177 1281 1213 αῖτησαι,
1300 1178 1337 1211 ὡς
1355 1179 1420 1206 Υίόν
1436 1188 1481 1206 σου
1497 1180 1668 1207 ἱκετεύουσα.

1242 1279 1312 1306 Νέοι
1330 1279 1410 1314 τρεῖς
1427 1280 1462 1308 ἐν
1480 1281 1648 1309 Βαϐυλῶνι.

1087 1324 1146 1352 Τίνι
1162 1325 1313 1360 στέργουσα
1326 1326 1361 1352 τὰ
1374 1325 1443 1362 βάθη
1457 1327 1512 1354 τῶν
1525 1327 1630 1362 ἀλόγων
1645 1327 1753 1362 ἀληθῶς
1771 1328 1852 1364 ψυχὴ

1052 1371 1241 1406 ὲξωμοίωσαι;
1264 1372 1332 1399 Τίνα
1353 1373 1557 1409 ὑπερϐάλλοντα
1579 1374 1672 1408 ﬁexa;
1693 1374 1737 1400 Ἐν
1753 1374 1851 1410 ἁμαρ-

1052 1417 1122 1449 τίαις
1139 1417 1236 1453 βόησον
1250 1417 1289 1454 τῷ
1303 1419 1423 1454 Χριστῷ,
1441 1419 1532 1447 Σῶσόν
1549 1428 1594 1455 με,
1610 1420 1708 1455 ἀγαθέ.

1090 1509 1192 1543 Ἅγιοι,
1214 1509 1260 1536 τὸν
1285 1510 1314 1536 ὲν
1339 1510 1427 1544 ἁγίοις
1438 1509 1588 1545 αἰτήσασθε
1611 1509 1729 1541 ἐκτενῶς
1745 1510 1856 1536 ἐπανα-

211 1553 249 1580 cti
266 1556 295 1579 ut
315 1553 341 1580 in
357 1554 461 1581 sanctis
484 1553 528 1581 bis
550 1553 649 1581 diebus
673 1553 796 1580 omnium
818 1553 924 1588 piorum
942 1552 1000 1579 ani-

1090 1555 1208 1590 ,υὸμενον
1236 1556 1349 1588 ταύταις
1374 1557 1433 1588 ταῖς
1459 1556 1550 1591 ἁγίαις
1575 1556 1694 1592 ἡμέραις
1715 1556 1855 1591 καθαγιά-

213 1607 271 1626 Inus
286 1600 450 1628 sanctiﬂcet.

248 1645 400 1679 Altissime,
435 1646 461 1672 iu
483 1646 672 1674 misericordia
700 1645 778 1674 dives
803 1649 832 1673 et
855 1645 1002 1679 benignus,

213 1689 301 1717 servis
327 1690 382 1717 tuis
407 1689 464 1723 jam
491 1690 730 1719 obdormienlibus
754 1691 862 1718 veniam
899 1690 1003 1725 pra-be,

213 1736 306 1763 choris
337 1737 500 1772 angelorum
532 1737 595 1765 illos
622 1745 840 1770 connumerans,
873 1741 1004 1771 tauquam

214 1782 359 1817 benignus.

250 1827 352 1855 Praeter
367 1827 414 1863 jus
431 1834 605 1862 consuetum,
621 1834 725 1858 natura:
742 1836 884 1858 auctorem
904 1831 1001 1867 genui-

216 1874 251 1901 sti
279 1875 416 1903 hominem
451 1875 565 1910 l'actum,
589 1877 784 1909 immaculata;
817 1878 892 1905 illum
921 1878 1004 1914 igitur

216 1921 332 1948 obsecra
350 1925 380 1948 ut
399 1921 560 1956 iniquitates
578 1928 688 1950 nostras
713 1923 830 1958 benigne
846 1923 972 1959 aspiciat.

464 1967 620 2002 Redemptor
631 1969 757 1997 universi.

253 2010 407 2047 lntrepidos
432 2014 573 2048 capientes
590 2023 701 2047 sensus,
721 2015 748 2042 in
770 2015 906 2043 laboriosa
925 2024 1008 2044 arena
1041 2031 1044 2033 -

219 2064 355 2094 martyres
377 2060 485 2088 labores
506 2061 598 2089 carnis
615 2062 788 2095 sustulustis,
806 2068 833 2090 et
849 2063 883 2090 ad
907 2068 1010 2091 sortem

218 2105 322 2132 laboris
336 2111 475 2141 expertem
488 2107 627 2140 translati,
654 2115 762 2135 omnem
777 2109 871 2137 cordis
884 2110 1006 2138 laborem

218 2151 364 2180 alleviatis.

254 2198 305 2231 Qui
325 2199 513 2234 corruptibilia
526 2200 684 2228 catlestilrus
694 2201 833 2234 mutastis,
849 2201 1010 2230 carnalibus

1055 1610 1101 1627 σαι
1119 1601 1227 1628 πάντων
1241 1601 1294 1629 τῶν
1309 1602 1429 1629 εὐσεϐῶν
1441 1603 1475 1629 τὰ
1491 1604 1664 1638 φρονήματα.

1091 1646 1218 1681 ”Υψιστε,
1228 1647 1243 1673 ὁ
1258 1648 1287 1674 ὲν
1303 1647 1373 1674 ἐλέει
1388 1648 1515 1679 πλούσιος
1527 1648 1574 1675 καὶ
1590 1648 1703 1682 ἀγαθὸς,
1717 1649 1773 1680 τοῖς
1789 1648 1856 1676 δού-

1055 1692 1112 1724 λοις
1122 1701 1168 1719 σου
1181 1694 1279 1728 ἄφεσιν
1292 1695 1347 1726 τοῖς
1363 1695 1573 1730 προκοιμηθεῖσι
1590 1695 1743 1730 παράσχου,
1760 1696 1858 1731 χοροῖς

1057 1739 1142 1773 ἁγίων
1161 1739 1272 1772 τούτους
1289 1740 1464 1776 συναριθμιῖιν
1480 1741 1517 1773 ὼς
1531 1740 1733 1777 φιλάνθρωπος.

1096 1825 1215 1858 Τέτοκας
1240 1827 1365 1862 νομίμων
1381 1828 1453 1863 δίχα,
1469 1827 1577 1863 φύσεως
1590 1828 1636 1856 τὸν
1652 1828 1859 1865 πλαστουργὸν,

1058 1872 1205 1906 γενόμενον
1221 1873 1374 1907 ἄνθρωπον,
1388 1875 1506 1910 ἄχραντε
1517 1883 1523 1889 “
1547 1875 1628 1901 αὐτὸν
1649 1873 1696 1902 οὖν
1720 1874 1860 1907 δυσὼπει,

1060 1917 1109 1950 τὰς
1125 1919 1241 1954 ἀνομίας
1260 1920 1435 1955 παραδλέψαι
1449 1921 1539 1955 ἡμῶν,
1552 1921 1590 1952 ὡς
1607 1920 1813 1957 φιλάνθρωπον.

1281 1966 1421 2001 Λυτρωτὰ
1439 1967 1493 1994 τοῦ
1512 1968 1635 2001 παντός.

1097 2012 1240 2048 Ἀπτοήτῳ
1269 2012 1420 2048 χωροῦντες
1447 2014 1601 2050 φρονήματι
1634 2014 1704 2049 πρὸς
1738 2015 1863 2042 ἐπίπονα.

1064 2060 1228 2094 σκάμματα,
1246 2059 1395 2093 μάρτυρες,
1411 2059 1509 2091 πόνους
1523 2061 1624 2095 σαρκὸς
1647 2061 1796 2096 ὑπέστητε,
1810 2063 1863 2088 καὶ

1064 2105 1133 2139 πρὸς
1146 2104 1246 2132 ἄπονον
1259 2105 1336 2140 λῆξιν
1350 2105 1580 2142 μετοικισθέντες,
1596 2106 1685 2133 πάντα
1698 2107 1780 2133 πόνον
1791 2116 1865 2143 καρ-

1064 2150 1123 2181 δίας
1139 2150 1293 2185 κουφίζετε.

1101 2197 1132 2224 Ol
1155 2197 1190 2223 τὰ
1214 2197 1270 2224 ᾱνω
1293 2197 1423 2232 φθαρτοῖς
1446 2197 1629 2232 ἀλλαξάμενοι
1655 2199 1800 2232 σαρκικοῖς
1826 2208 1864 2232 με

220 2251 262 2270 me
283 2244 421 2279 perditum
447 2245 644 2280 cupiditatibus
672 2255 719 2281 per
733 2247 870 2282 jejunian
898 2248 1004 2276 salvate

1090 2243 1241 2278 )ειρόμενον
1260 2243 1369 2274 πάθεσι,
1390 2243 1434 2270 διὰ
1450 2243 1577 2278 νηστείας
1591 2242 1695 2270 σώσαιτε
1710 2244 1756 2270 καὶ
1772 2244 1866 2278 εὺχῶν

220 2295 246 2318 rt
262 2299 373 2325 precum
391 2298 551 2327 concentus,
568 2294 654 2322 divini
666 2299 802 2331 martyres
818 2295 939 2323 omnium
955 2296 1006 2323 Do-

222 2337 325 2364 minum
339 2338 530 2372 supplicando.

257 2380 509 2416 Supplicationibus
540 2387 693 2419 martyrum
728 2389 850 2416 tuorum,
889 2384 1010 2416 Christe.

222 2429 429 2458 misericordias
447 2434 510 2458 tuas
533 2430 662 2458 omnibus
683 2431 810 2462 demitte,
834 2435 861 2458 et
873 2432 906 2458 ad
923 2435 949 2458 te
969 2439 1013 2459 re.-

222 2475 309 2502 vcrsis
336 2480 398 2510 post
413 2483 492 2503 suam
517 2483 550 2503 ex
567 2476 618 2504 hac
634 2476 690 2504 vita
713 2476 917 2511 migrationem,
935 2476 1014 2504 beni-

223 2528 303 2554 gnam
327 2522 418 2557 praebe
451 2522 608 2551 debitorum
635 2523 742 2551 veniam
766 2526 794 2551 et
810 2523 933 2551 divinam
968 2530 1014 2551 re-

223 2567 326 2602 quiem.

260 2612 300 2640 Tu
325 2621 387 2648 quae
411 2613 496 2641 Deum
524 2614 731 2650 impeccabilem
760 2615 891 2650 genuisti,
922 2618 1016 2643 nostra

227 2660 321 2687 deleas
337 2665 450 2695 peccata
477 2667 522 2688 tua
545 2667 668 2689 materna
690 2662 868 2694 mediationc,
888 2661 1016 2697 Deipara,

226 2706 358 2742 salvaque
369 2707 520 2736 clamantes
537 2716 543 2733 :
558 2708 726 2741 Beuedicite,
742 2717 836 2744 opera,
853 2707 979 2736 Domino.

373 2797 427 2824 Eva
441 2806 487 2831 per
509 2798 694 2825 iuobedientim
713 2800 876 2834 contagium.

265 2843 317 2876 Qui
335 2843 362 2871 in
390 2849 466 2879 petra
487 2845 604 2880 spiritali
623 2845 745 2872 animum
766 2844 957 2876 stabilivistis,
978 2846 1019 2872 vi-

231 2896 332 2924 ctores,
345 2888 471 2917 indeﬂcxi
489 2890 521 2916 ad
538 2897 634 2918 omnes
648 2890 750 2918 inimici
767 2892 883 2919 astutias
913 2899 1020 2919 tentan-

1062 2287 1230 2323 ἐμμελείας,
1250 2288 1388 2324 μάρτυρες
1404 2287 1488 2320 θεῖοι,
1504 2288 1548 2315 τὸν
1566 2288 1619 2314 τῶν
1636 2288 1704 2315 ὅλων
1721 2288 1789 2315 Θεὸν
1806 2288 1867 2315 [xs-

1064 2335 1202 2368 τεύοντες.

1106 2382 1246 2414 Ἰκεσίαις,
1260 2382 1374 2416 Χριστὲ,
1384 2382 1439 2409 τῶν
1450 2383 1597 2418 μαρτύρων
1614 2388 1672 2414 σου,
1686 2381 1718 2408 τὰ
1733 2382 1797 2417 ἑλέη
1815 2390 1867 2409 σου

1064 2430 1132 2455 πᾶσι
1146 2427 1337 2463 κατάπεμψον,
1350 2428 1395 2454 καὶ
1408 2429 1465 2460 τοῖς
1479 2428 1547 2464 πρὸς
1561 2427 1591 2454 σὲ
1602 2428 1651 2463 τὴν
1662 2427 1867 2462 εῦσπλαγχνον,

1067 2474 1233 2510 μεταστάσει
1247 2473 1294 2500 τοῦ
1308 2473 1377 2509 βίου,
1389 2473 1467 2500 λύσιν
1483 2474 1624 2509 παράσχου
1638 2473 1808 2509 ὀφλημάτων
1820 2475 1869 2501 καὶ

1066 2520 1143 2547 θείαν
1158 2521 1323 2548 ἀνάπαυσιν.

1109 2613 1154 2644 Ὠς
1165 2612 1281 2639 τεκοῦσα
1296 2612 1362 2639 Θεδν
1377 2612 1588 2647 ἀναμάρτητον,
1605 2610 1654 2642 τὰς
1678 2609 1758 2645 ἡμῶν
1777 2609 1873 2644 ἁμαρ-

1068 2660 1130 2691 τίας
1143 2658 1285 2693 ὲξάλειψον
1301 2659 1362 2690 ταῖς
1377 2659 1525 2693 μητρυιαῖς
1541 2656 1703 2692 πρεσϐείαις
1721 2664 1770 2683 σου
1781 2676 1789 2689 ,
1808 2654 1874 2682 Θεο-

1069 2705 1144 2735 τόκε,
1161 2705 1207 2732 καὶ
1224 2704 1294 2737 σῶζε
1310 2704 1494 2736 ἀναϐοῶντας·
1513 2703 1668 2737 Εὑλογείτε,
1683 2702 1718 2729 τὰ
1731 2701 1812 2738 ἔργα,
1825 2702 1874 2728 τὸν

1071 2749 1184 2784 Κύριον.

1159 2797 1222 2823 Εὔα
1238 2795 1297 2831 μὲν
1317 2795 1355 2828 τῷ
1374 2796 1429 2829 τῆς
1448 2794 1604 2829 παρακοῆς
1623 2793 1784 2828 νοσήματι.

1108 2842 1289 2877 Στηρίξαντες
1304 2842 1392 2876 πέτρᾳ
1409 2843 1490 2876 νοητῇ
1507 2840 1536 2867 τὸ
1552 2841 1691 2875 φρόνημα,
1713 2837 1873 2873 ἀθλοφόροι.

1075 2889 1284 2924 ἀπαρᾶτρεπτοι
1295 2889 1393 2919 πάσαις
1405 2887 1516 2923 Ἐχθροῦ
1530 2888 1588 2919 ταῖς
1600 2885 1781 2921 πανουργίαις
1794 2884 1871 2920 ἐμμεί-
