1905 3078
62 109 136 141 3877

63 212 222 247 συμπαθὴς,
241 212 332 246 φεῖσαί
350 221 402 247 μου
418 213 491 240 τότε.

100 304 216 331 Κόλπων
232 304 282 330 οὐκ
298 305 400 336 ἐκστὰς
413 305 467 332 τῶν
482 306 628 342 πατρῴων,
644 309 673 334 ὲν
691 308 802 341 κόλποις
817 310 864 336 ἀν-

60 351 174 386 εκλίθης
192 351 344 386 Παρθένου,
362 351 406 377 ἐπ’
419 352 568 388 ἀνακλήσει
582 353 630 380 τοῦ
643 355 738 390 γένους
753 353 783 382 οὗ
797 357 861 391 ἐφό-

61 406 146 432 ρεσας
169 397 215 424 διὰ
240 397 400 433 σπλάγχνα,
417 399 530 434 Χριστὲ,
547 399 579 426 τὺ
592 400 720 436 ὁμοίωμα
732 409 738 416 ·
753 402 814 429 ὅθεν
832 411 861 429 σε

60 444 149 479 ὑμνοῦ
153 453 204 479 μεν
209 463 215 471 .

314 491 454 524 Φωτίζου,
473 492 610 527 φωτίζυυ.

95 535 260 571 Φαιδρύνου,
271 537 403 572 φωτίζου,
415 539 431 572 ἡ
446 538 597 573 Ἐκκλησία
609 538 656 565 τοῦ
669 539 798 576 Χριστοῦ,
813 541 860 567 τσῦ

60 583 180 618 σταυροῦ
199 583 260 614 ταῖς
284 583 402 616 ἀκτῖσιν,
420 583 451 610 ὃν
473 584 570 620 φέρεις
595 586 777 620 προκείμενον
791 587 846 613 min-

60 637 116 655 των
137 630 178 659 εἰς
197 629 386 664 προσκύνησιν
397 638 404 645 ·
429 630 461 656 σὺ
478 630 505 656 δὲ
524 630 629 665 πληθὺς
645 631 720 658 πᾶσα
734 632 790 659 τῶν
803 633 860 659 δαιι

62 675 164 709 μόνων,
181 674 295 706 σκότους
308 674 460 709 πλησοεῖσα
474 676 621 711 ἁπόδραθι.

95 720 208 755 Κράτος
222 721 387 756 ἐγκρατείας
409 721 423 748 ὁ
442 721 513 754 θεῖος
531 723 638 757 πέφυκε
655 725 783 759 σταυρὸς,
798 733 860 752 συν-

59 767 142 800 εργὸς
160 766 547 802 ἀγρυπνοῦντων,νηστευτῶν
559 769 706 804 ὲνίσχυσις,
723 771 860 806 πολεμου-

60 812 151 846 μένων
169 812 458 848 ὑπέρμαχος·τοῦτον,
473 814 575 848 πιστοὶ,
585 815 660 851 πόθῳ
676 816 859 850 συνελθόντες,

59 858 222 893 περιχαρῶς
239 860 486 896 προσκυνήσωμεν.

94 903 225 939 Θεμὲ).ιοι
239 904 306 932 θεῖοι
318 905 367 940 τῆς
385 905 551 941 Ἐκκλησίας
564 906 611 934 τοῦ
626 908 746 944 Χριστοῦ
757 929 764 940 ,
780 909 860 944 ἑδρα-

58 952 124 987 ομῴ
136 952 290 984 εὐσεὸείας,
304 953 408 985 πάντας
419 955 618 989 συντηρήσατε,
629 956 676 981 καὶ
690 953 736 981 ἐπὶ
755 955 860 991 πέτραν

59 997 207 1032 στηρίξατε
227 998 278 1032 τὴν
295 999 404 1034 ἀρραγῆ
420 998 468 1025 τοῦ
483 998 667 1034 ὲκλεξαμένου
683 999 773 1034 ὑμᾶς,
790 1001 859 1026 ἁπό-

59 1046 150 1071 στολοι
163 1045 277 1078 ἔνδοξοι.

94 1092 195 1127 Χαρᾶιν
212 1092 384 1119 συλλαϐοῦσα
398 1092 444 1118 τοῦ
466 1093 639 1127 ἀρχαγγέλου
654 1094 688 1128 τῇ
707 1095 794 1129 φωνῇ,
810 1095 860 1129 τῆς

59 1139 131 1173 ἐμῆς
148 1138 196 1165 νῦν
213 1139 328 1173 καρδίας
341 1138 390 1174 τὴν
405 1139 496 1173 λύπην
513 1139 645 1173 ἀφάνισον
660 1139 709 1175 τὴν
724 1139 860 1175 ψυχοφοό-

60 1191 117 1217 ρον,
126 1183 176 1208 καὶ
182 1182 265 1216 δίδου,
274 1183 342 1217 ἁγνὴ
348 1203 355 1215 ,
362 1183 508 1218 χαροποιὸν
519 1183 626 1216 πένθος,
634 1183 709 1216 ὅπως
717 1184 792 1220 εὕρω
802 1185 860 1211 ἐκεῖ

58 1229 107 1264 τὴν
123 1229 201 1256 θείαν
215 1229 402 1264 παράκλησιν.

212 1275 320 1308 Παῖδες
338 1275 457 1310 εὐαγεῖς
475 1276 510 1303 ἐν
529 1276 567 1311 τῇ
585 1278 710 1311 καμίνῳ.

95 1319 190 1351 Πάθος
201 1328 249 1346 σου
263 1319 311 1346 τοῦ
325 1320 449 1352 ἀπαθοῦς
460 1320 553 1356 ὁρῶσα
565 1322 581 1356 ὴ
595 1321 684 1354 κτίσις
695 1322 859 1357 συνέπασχε,

60 1365 242 1400 μακρόθυμε·
261 1365 338 1400 ἥλιος
359 1365 504 1393 ὲσξέννυτο
515 1386 523 1397 ,
540 1366 639 1402 πέτραι
654 1367 858 1404 διερρήγνυντο,

59 1411 139 1436 πᾶσα
165 1411 202 1445 γῆ
228 1411 333 1437 ἐσείετο
358 1411 433 1447 φόϐῳ
453 1412 660 1447 κραυγάζουσα·
681 1413 734 1439 Τὸν
757 1413 860 1449 Κύριον

60 1456 186 1491 ὑμνεῖτε,
202 1456 237 1483 τὰ
254 1456 334 1492 ἔργα.

94 1546 210 1582 Θηρίοις
225 1546 322 1578 δεινοῖς
337 1548 395 1579 τοῖς
409 1547 457 1573 τοῦ
473 1546 609 1582 καλάμου,
624 1547 739 1574 Θεοτὸκε
755 1557 806 1582 μου
820 1549 859 1574 ol-

61 1593 199 1628 κτίρμων,
216 1592 392 1627 ἐπιτίμησον,
403 1592 478 1619 ἔνδον
493 1601 527 1626 με
539 1592 721 1625 συνϐλίϐουσι,
734 1594 836 1628 Σῶτερ,
846 1595 860 1619 ό

60 1638 110 1672 τὴν
140 1638 238 1672 ἄτιμον
261 1637 421 1672 ὑπενεγκὼν
442 1638 610 1673 τυπτόμενος
630 1638 709 1674 ὓϐριν
731 1639 858 1674 καλάμῳ,

60 1685 175 1720 Χριστὲ,
191 1685 308 1720 τιμῆσαι
335 1684 518 1720 προελόμενος
540 1685 646 1717 πάντας
673 1685 736 1717 τοὺς
757 1687 859 1720 ἀτιμα-

62 1732 179 1763 σθέντας
194 1733 227 1766 τῇ
249 1731 333 1758 πάλαι
350 1731 517 1766 παραϐάσει.

95 1778 145 1809 Εἰς
159 1778 224 1804 νοῦν
231 1777 262 1804 τὸ
279 1778 393 1814 φρικτόν
406 1787 452 1805 σου
469 1779 507 1804 ὅτ’
519 1778 552 1804 ἂν
564 1778 651 1811 λάϐω,
663 1778 746 1814 κριτὰ
757 1779 859 1805 δικαιό-

62 1832 138 1855 τατε,
156 1824 309 1858 κριτήριον,
324 1825 418 1858 τρέμω
440 1824 488 1850 καὶ
507 1824 662 1858 ἐξίσταμαι,
689 1825 793 1860 φρίττω
810 1824 857 1850 καὶ

62 1869 194 1904 ὀδύρομαι
205 1889 213 1901 ,
230 1869 371 1896 κατανοῶν
388 1870 422 1896 τὰ
436 1865 506 1905 ἔργα
523 1879 573 1905 μου
589 1871 667 1905 δίκης
682 1871 781 1904 ἐπάξια
793 1879 800 1886 ο
818 1871 858 1897 διό

62 1925 109 1943 σου
123 1918 173 1952 τὴν
187 1917 290 1953 πολλὴν
303 1917 517 1954 εὐσπλαγχνίαν,
535 1918 638 1954 Σῶτερ,
658 1918 696 1954 μὴ
711 1919 812 1955 νικήσῃ
828 1918 858 1945 τὸ

62 1962 165 1998 πλῆθος
179 1962 236 1989 τῶν
249 1962 343 1989 κακῶν
363 1972 424 1998 μου.

95 2007 223 2035 Τεκοῦσά
238 2016 268 2034 σε
281 2008 395 2036 ἄνευθεν
406 2008 520 2041 ὠδίνων,
530 2008 626 2041 ὀδύνας
640 2011 673 2045 τῇ
690 2010 722 2045 σῇ
734 2011 857 2045 σταυρώ-

62 2062 102 2080 σει
111 2053 332 2089 καθυφίσταμαι,
341 2054 491 2089 φλέγοντας
499 2054 533 2081 τὰ
542 2055 685 2090 σπλάγχνα
703 2065 754 2090 μου
762 2063 769 2071 ·
781 2045 857 2090 ἥλοις

61 2100 117 2135 γὰρ
131 2100 307 2134 προσήλωσαι
329 2099 378 2135 τὴν
402 2100 452 2135 σὴν
475 2101 605 2136 πλευρὰν,
624 2101 796 2137 μακρόθυμε,
813 2101 857 2135 ἑξ-

60 2146 254 2181 ορυττόμενος,
279 2146 296 2180 ἡ
323 2146 461 2180 πάναγνος
482 2146 548 2172 ἐϐόα
575 2147 790 2183 Παρθένοςπῆν
818 2148 856 2180 ὡς

59 2190 203 2223 Θῖῡτόκον,
220 2190 374 2226 συμφώνως
388 2191 571 2227 ἀνυμνοῠμεν.

134 2279 228 2312 Ἀπαε
245 2280 376 2315 γηγενὴς
397 2280 545 2314 σκιρτάτω
564 2281 605 2313 τῷ
624 2281 784 2316 Πνεύματι.

93 2326 173 2362 Ξύλῳ
185 2327 233 2354 τοῦ
248 2327 366 2362 σταυροῦ
380 2328 430 2362 τὴν
446 2327 534 2362 φλόγα
549 2328 689 2363 ὲμάρανας
703 2328 751 2363 τῆς
765 2329 856 2363 ἁμαρ-

58 2373 132 2405 τίας,
148 2373 269 2408 Χριστέο
286 2375 381 2409 χεῖρας
403 2374 579 2409 πεπαρμένος
595 2374 624 2400 δὲ
641 2374 730 2409 χειρὸς
747 2375 856 2410 ὲρῤύσω

59 2418 106 2445 τοῦ
121 2419 309 2454 πολεμήτορος
319 2419 364 2445 τὸν
372 2419 500 2454 ἀκρατῶς
512 2419 672 2446 ἐκτείναντα
680 2419 776 2455 χεῖρας
786 2421 855 2455 πρὸς

60 2465 164 2500 βρῶσιν
178 2464 299 2500 καρποῦ·
319 2461 405 2501 οὗπερ
421 2465 503 2500 μόνου
517 2465 629 2500 φεύγειν
642 2465 691 2500 τὴν
704 2466 855 2502 μετάληψιν

57 2511 204 2548 ἀπεφήνω,
218 2510 321 2546 Χριστὲ
334 2511 472 2539 πολυέλεε.

93 2601 186 2634 Πάθος
200 2610 258 2634 σου,
272 2602 385 2638 Χριστὲ,
401 2602 431 2628 τὸ
443 2602 527 2630 πᾶσιν
537 2602 672 2630 ἀπάθειαν
685 2601 790 2638 βροτοῖς
802 2612 854 2638 πη-

58 2649 148 2683 γὰσαν
163 2648 285 2684 φαιδρῶς
301 2649 397 2685 βλέψαι
412 2649 581 2682 καταξίωσον
600 2651 630 2676 ὲν
649 2649 767 2685 ἀπαθείᾳ
789 2651 854 2682 τοὺς

59 2695 285 2731 προσκυνοῦντας
308 2696 412 2728 πιστῶς
431 2697 478 2722 τὸν
499 2697 545 2724 σὸν
561 2698 677 2732 σταυρὸν
692 2698 738 2725 τὸν
750 2698 851 2733 τίμιον,

59 2743 109 2774 τὰς
129 2742 268 2778 ἁμαρτίας
282 2742 360 2777 ἡμῶν
377 2743 572 2777 παραῦλέπων,
589 2738 637 2770 καὶ
660 2744 709 2780 τῆς
733 2745 851 2772 ἀναστά-

60 2796 129 2820 σεως
141 2789 254 2824 ἀληθεῖς
268 2797 313 2816 σου
328 2789 401 2821 υἱοὺς
415 2790 609 2824 ἐργαζόμενος.

395 142 400 146 .
793 114 999 146 TRIODIUM.

65 165 236 201 στηλιτεύων
254 166 303 201 τὴν
327 165 508 201 ἀναισθησίαν
536 169 603 203 pou!
622 168 690 195 ἀλλὰ
713 171 805 204 φεῖσαι
830 170 857 196 ὦ·

939 171 1073 202 il‘estabis.
1083 171 1204 206 Christe,
1217 172 1330 200 infamia
1348 180 1435 200 meam
1453 173 1580 202 duritiem
1595 182 1704 208 notans.

1640 120 1710 152 3878

914 218 960 244 sed
985 219 1096 254 ignosce
1129 224 1260 254 tanquam
1286 220 1470 254 compatieus.
1498 221 1609 255 ignosee
1642 217 1716 248 mihi

915 267 989 289 tunc.

949 307 1067 336 Paterno
1086 317 1140 337 non
1156 310 1251 338 exiens
1273 310 1348 341 sinu,
1368 309 1489 344 Virginis
1506 311 1532 337 in
1548 311 1609 339 sinu
1627 320 1709 340 recu-

912 352 1008 385 buisti,
1024 357 1053 381 ut
1071 362 1216 382 revocares
1232 362 1318 390 genus
1334 354 1416 389 cuius
1435 355 1645 383 similitudinem
1674 358 1710 385 ob

913 399 1143 434 misericordiam,
1160 400 1280 432 Christe,
1299 401 1455 435 sumpsisti,
1475 401 1548 429 unde
1565 406 1591 429 te
1625 403 1706 438 itytlt-

913 445 957 472 nis
973 446 1155 473 celebramus.
1531 479 1534 482 ,

1139 491 1308 525 “luminare,
1329 493 1494 520 illuminare.

948 533 1112 569 Resploude,
1134 536 1302 569 illuminare,
1332 537 1454 564 Ecclesia
1479 535 1594 567 Christi,
1614 538 1707 566 crucis

912 580 998 607 radiis
1014 577 1094 616 quam
1109 582 1265 616 expositam
1292 581 1347 609 fers
1378 582 1499 609 omnium
1527 582 1704 617 adorationi;

913 631 940 653 tu
956 634 1032 658 vero,
1051 627 1142 655 omnis
1167 628 1315 656 multitudo
1342 628 1498 656 dzemonum
1529 629 1649 658 tenebris
1664 637 1706 657 re-

911 673 993 706 pleta.
1013 673 1139 708 continge.

947 719 1132 746 Continentia:
1150 720 1243 751 robttr,
1272 720 1444 754 vigilantium
1472 720 1602 755 adiutrix,
1634 721 1707 755 jeju-

910 762 1035 789 nantium
1050 762 1227 795 eoufurtatio,
1243 763 1438 791 debellantinm
1455 765 1652 799 propugnatrix
1665 770 1707 792 cst

910 808 1003 835 divina
1021 817 1087 836 crux
1108 819 1114 836 :
1135 817 1206 843 caro,
1221 809 1326 842 ﬁdeles,
1341 811 1487 837 desideriis
1512 811 1707 839 convenientvs

874 851 895 879 Β
910 863 972 883 cum
985 856 1166 884 exsultatione
1180 857 1334 884 adoremus.

950 901 1047 928 Divina
1080 901 1210 929 Ecclesiae
1240 902 1341 930 Christi
1374 902 1565 935 fundamenta.
1596 905 1707 938 pietatis

910 946 1098 972 stabilimento
1113 954 1164 974 nos
1178 955 1273 974 omnes
1289 952 1462 980 conservate,
1477 952 1504 975 et
1526 956 1610 983 super
1624 950 1708 976 inlra-

909 995 980 1019 ctam
997 993 1167 1020 censolidatc
1189 996 1293 1028 petram
1310 994 1385 1020 illius
1403 993 1448 1028 qui
1475 1001 1523 1021 vos
1543 995 1632 1030 elegit.
1650 997 1707 1031 glo-

908 1037 977 1064 riosi
992 1037 1120 1072 apostoli.

945 1080 986 1107 Tu
1007 1088 1069 1116 qua:
1085 1081 1226 1116 gaudium,
1247 1081 1404 1116 archangeli
1436 1090 1512 1115 voce,
1539 1076 1705 1119 concepisti,

910 1126 989 1154 aufer
1004 1135 1078 1154 nunc
1093 1135 1238 1155 mwrorem
1250 1127 1342 1154 cordis
1358 1127 1410 1155 mei
1431 1129 1528 1155 animas
1541 1137 1608 1156 mea:
1626 1130 1697 1157 letba

913 1171 978 1204 lem,
995 1176 1023 1199 et
1039 1172 1085 1203 da,
1103 1171 1262 1206 purissima,
1281 1171 1383 1198 luctum
1401 1172 1595 1206 lailiﬁcantem,
1611 1178 1642 1201 ut
1670 1174 1705 1201 ibi

910 1217 1047 1246 inveniann
1065 1218 1183 1244 divinant
1203 1218 1433 1245 consolationem.

1123 1263 1215 1290 Sancti
1245 1264 1319 1297 pueri
1339 1264 1365 1290 in
1379 1264 1496 1298 fornace.

931 1308 1043 1342 .Tuam,
1070 1310 1116 1344 qui
1146 1310 1325 1344 itupassihilis
1356 1319 1396 1344 es,
1423 1312 1578 1345 passionem
1610 1312 1705 1340 videns

910 1356 999 1383 omnis
1013 1360 1139 1383 creatura
1155 1364 1301 1390 compassa
1318 1361 1370 1389 est,
1398 1356 1563 1392 longanimis
1577 1366 1587 1390 ',
1602 1358 1706 1385 exstin-

910 1408 972 1428 ctus
987 1405 1029 1428 est
1043 1401 1094 1432 sol,
1110 1406 1193 1435 pCU'LL’
1209 1401 1303 1428 scissa:
1320 1405 1394 1433 sunt,
1420 1402 1510 1429 omnis
1541 1407 1614 1429 terra
1644 1408 1703 1430 tre-

912 1454 986 1473 more
1002 1447 1169 1473 conturbata
1187 1447 1237 1474 est'
1249 1447 1372 1474 clamans
1391 1456 1397 1474 :
1417 1447 1560 1474 Dmninum
1589 1447 1703 1476 benedi-

912 1493 976 1525 citc,
993 1500 1086 1528 opera.

947 1539 1025 1566 Diras
1046 1539 1156 1574 increpa
1183 1538 1256 1567 feras
1279 1540 1433 1572 arundinis,
1451 1539 1497 1567 Dei
1518 1540 1569 1568 mei
1596 1541 1706 1568 miseri-

911 1593 974 1613 cors
988 1585 1091 1618 Mater;
1113 1587 1187 1614 intus
1203 1593 1246 1612 me
1267 1590 1420 1616 coarctant,
1443 1586 1568 1613 Salvator
1583 1587 1705 1621 Christe,

911 1632 956 1666 qui
991 1632 1202 1667 ignominiosam
1237 1632 1308 1660 ictus
1333 1633 1477 1659 arundinei
1511 1633 1704 1660 contumeliam

911 1678 1060 1709 sustulisti,
1076 1678 1140 1712 quia
1162 1679 1345 1705 constitueras
1367 1686 1462 1706 omnes
1487 1678 1632 1705 honestare
1657 1679 1706 1705 de—

912 1725 1071 1752 liunestatos
1089 1724 1201 1758 antiqua
1223 1723 1454 1757 transgressione.

945 1770 1062 1803 Quando
1085 1770 1111 1795 in
1139 1773 1228 1796 mente
1254 1769 1422 1796 horrendum
1449 1768 1706 1802 luunt,justissitue

908 1815 1003 1851 judcx,
1022 1816 1144 1850 concipis
1160 1815 1306 1849 judicium,
1323 1819 1411 1842 tremo
1431 1819 1457 1842 et
1475 1815 1621 1849 obstupeo,
1640 1815 1703 1842 hor-

910 1851 989 1889 resco
1018 1866 1045 1889 ct
1073 1862 1219 1893 lamentor,
1244 1868 1326 1896 opera
1356 1869 1415 1888 mea
1442 1861 1596 1896 recogitans
1621 1861 1703 1896 digna

909 1909 1044 1939 vindicta;
1055 1915 1140 1942 quare
1154 1907 1266 1934 multam
1280 1911 1353 1933 tuam
1368 1907 1599 1939 miscricordiam,
1609 1906 1704 1934 Salva-

910 1959 963 1985 tor,
985 1962 1018 1980 ne
1038 1954 1128 1980 vincat
1148 1953 1294 1979 multitudo
1312 1952 1477 1980 delictorum
1496 1961 1631 1980 meorum.

945 2001 1000 2036 Ego
1014 2009 1075 2036 qum
1095 2005 1122 2027 te
1139 2001 1245 2035 alisque
1262 2001 1406 2028 doloribus
1424 2002 1516 2034 genui,
1533 2000 1642 2028 dolores
1659 2005 1704 2028 tua

909 2048 1090 2075 crucilixione
1110 2047 1236 2075 sustineo
1260 2047 1366 2074 viscera
1390 2053 1448 2072 mea
1471 2050 1597 2078 urentes;
1618 2046 1704 2073 clavis

908 2094 980 2121 enim
1005 2094 1090 2121 latere
1117 2097 1163 2120 tuo
1186 2093 1337 2120 transﬁxus
1364 2095 1391 2119 et
1419 2091 1578 2126 perfossus,
1607 2093 1702 2126 longa-

910 2142 1003 2173 minis,
1020 2140 1192 2168 exclamabat
1219 2140 1375 2167 castissima
1402 2137 1496 2174 Virgo,
1518 2146 1599 2174 quam
1628 2138 1704 2165 voci-

870 2187 962 2218 Dbus
989 2187 1119 2214 consonis
1152 2191 1282 2222 tanquam
1312 2185 1359 2213 Dei
1388 2185 1501 2212 Matrem
1532 2184 1703 2212 celebramus

908 2232 1029 2268 hymnis.

1052 2277 1145 2305 Omnis
1163 2278 1296 2313 terrigena
1316 2278 1431 2306 exsultet
1448 2279 1555 2313 spiritu.

945 2322 1033 2359 Ligno
1049 2323 1141 2351 crucis
1164 2324 1268 2358 peccati
1292 2324 1430 2351 ﬂammam
1454 2324 1584 2359 languere
1601 2324 1700 2356 fecisti,
1724 2314 1726 2320 ⁴

906 2370 1034 2403 Christe;
1061 2370 1190 2397 manibus
1210 2378 1275 2398 vero
1292 2370 1473 2402 transfossus,
1491 2371 1526 2398 de
1547 2379 1628 2398 manu
1647 2372 1700 2398 itii-

907 2417 970 2444 mici
993 2424 1056 2444 eum
1083 2416 1206 2444 liberasti
1222 2417 1269 2451 qui
1288 2417 1491 2444 incontinenter
1509 2425 1619 2443 manum
1651 2425 1699 2445 ex-

908 2464 1034 2490 tenderat
1052 2463 1083 2490 ad
1106 2462 1226 2490 fructum
1245 2463 1485 2496 manducandum;
1509 2463 1591 2499 cujus
1614 2464 1700 2492 solius

906 2509 1146 2544 participationth
1172 2508 1260 2536 vitare
1284 2510 1360 2537 visus
1384 2517 1426 2541 es,
1445 2508 1556 2536 Christe
1584 2510 1699 2536 multum

905 2556 1074 2584 misericors.

941 2603 1102 2631 Passionem
1122 2606 1209 2635 tuam,
1226 2602 1345 2634 Christe,
1363 2610 1394 2629 ex
1419 2610 1472 2638 qua
1489 2602 1618 2630 omnibus
1638 2610 1698 2630 sca-

904 2649 971 2676 turit
995 2648 1201 2683 itnpassibilitas
1225 2658 1240 2674 ιι
1253 2648 1398 2680 ortalibus.
1425 2649 1539 2683 dignare
1564 2656 1613 2676 nos
1639 2649 1697 2675 ala-

904 2697 989 2723 criter
1017 2701 1043 2724 et
1074 2696 1211 2731 passionis
1237 2701 1363 2731 expertes
1389 2697 1492 2729 videre,
1513 2697 1559 2731 qui
1584 2695 1699 2723 ﬁdeliter

904 2746 978 2768 tuam
997 2742 1143 2777 pretiosam
1163 2741 1310 2769 a'doramus
1328 2749 1438 2770 crucem
1456 2751 1462 2768 τ
1477 2747 1586 2777 peccata
1603 2745 1696 2767 nostra

903 2788 1010 2816 scilicet
1028 2789 1083 2815 noli
1102 2788 1278 2815 considerate
1298 2793 1325 2816 ct
1347 2794 1426 2816 VI‘I‘OS
1447 2793 1498 2815 tua:
1519 2786 1697 2815 resurrectio-

903 2834 946 2862 nis
964 2834 1036 2862 iilios
1054 2843 1103 2862 nos
1119 2834 1203 2862 eiiicc.
