1905 3078
175 136 244 171 3911

617 137 648 168 S.
664 135 872 166 SOPHRONII
887 135 1141 167 PATRIARCILE
1157 136 1364 168 HIEROSOL.

1738 138 1808 170 3912

177 198 288 226 intuitu.
309 194 440 227 Verbum,
456 193 556 229 gaudio
581 193 684 228 repleta
702 198 746 221 est
761 197 789 221 et
810 192 916 229 plaudit
938 192 988 223 ini

1047 194 1173 229 ὶμψαντα,
1189 193 1270 230 Δόγε,
1289 194 1378 230 χαρᾶς
1391 193 1571 229 πεπλήρωται
1592 193 1639 220 καὶΙ
1665 195 1758 229 κροτεῖ
1780 195 1810 221 ὲν

177 243 275 279 spiritu
293 241 417 269 Paschati
433 239 527 267 divino
538 243 565 266 et
581 237 706 266 salutari.

212 288 298 321 Quem
313 294 345 314 ex
358 290 406 312 tuo
419 285 597 312 sanctissimo
613 283 749 320 sanguine
768 287 966 319 supernatura-

175 332 238 360 liter
267 337 383 366 corpore
402 329 511 357 donasti
540 327 673 360 Verbum,
698 328 906 356 reviviscentem
931 336 966 356 ex

176 377 290 404 mortuis
302 381 362 411 post
371 375 491 402 triduum
500 374 714 410 contetnplntata
723 381 764 408 es,
773 374 856 410 Virgo
867 377 963 402 mater.

348 433 466 468 Abyssus
479 437 596 460 extrema
612 437 790 468 peccatorum.

209 490 324 518 Cantate
344 497 376 517 ac
390 490 498 526 psallite
515 489 571 517 Deo
586 490 633 524 qui
648 489 770 517 omnium
784 488 889 517 hostem
903 496 966 524 pas-

176 537 254 564 sione
269 543 319 562 sua
337 535 448 563 sustulit
470 545 476 563 :
505 535 577 571 agile
600 535 715 571 gratias,
745 534 849 571 populi;
875 534 965 563 tribus

173 590 206 609 ac
219 582 319 617 ltuguae
333 586 422 614 terrae,
435 584 462 609 et
473 580 595 616 plaudite
603 580 732 608 manibus
748 589 756 607 :
773 579 906 608 Dominus
919 587 965 608 re-

173 629 308 658 surrexit.

209 674 376 701 Vulneratus
400 677 442 700 est
466 673 562 702 lancea
581 677 625 700 tua
647 671 787 706 inimicus,
817 674 844 699 et
868 671 965 707 igneus

173 721 282 756 gladius
297 719 388 755 fugam
404 720 526 754 capessit
539 719 574 747 ab
596 719 630 746 iis
653 719 702 754 qui
730 718 961 746 resurrectionem

172 772 247 795 tuam
264 767 308 802 pie
327 767 502 799 annuntiant,
520 770 601 802 teque
617 765 728 801 hymnis
752 765 899 797 extollunt,
915 772 965 800 op-

172 815 239 842 tinte
257 813 332 841 Jcstt.

1017 240 1156 276 Πνεύματι
1171 241 1267 276 Πάσχα
1280 241 1352 268 θεῖον
1369 241 1416 268 γαὶ
1432 240 1576 276 σωτήριον.

1054 287 1103 313 Ὃν
1111 288 1144 314 ὲκ
1152 287 1208 314 τῶν
1219 287 1273 314 σῶν
1281 286 1423 321 παναγίων
1436 287 1559 322 αἱμάτων
1575 285 1723 322 ὑπερφυῶς
1739 286 1809 313 ἰσω-

1018 332 1147 368 μάτωσας
1167 333 1264 368 Λόγον,
1277 332 1468 360 ἀνασιώσαντα
1482 332 1515 358 ἑκ
1529 331 1635 367 νεκρῶν
1658 332 1811 367 τριήμερον

1016 377 1132 411 ἐθεάσω,
1149 377 1376 414 Μητροπέιρθινε.

1177 432 1326 466 Ἄϐυσσος
1345 431 1461 467 ἐσχάτη
1481 430 1641 466 ἁμαρτιῶν.

1053 488 1156 525 ’ᾼσατε
1171 488 1219 516 καὶ
1229 487 1336 524 ψάλατε
1348 488 1387 524 τῷ
1400 487 1460 523 Θεῷ
1472 488 1559 515 ἑλόντι
1570 486 1652 514 πάθει
1666 487 1712 515 τὸν
1723 487 1812 515 ἁπάν-

1015 543 1070 563 των
1094 535 1237 572 πολέμιον,
1262 535 1310 563 καὶ
1335 535 1542 571 πανηγυρίσατε
1567 533 1638 567 λαοὶ,
1654 533 1737 568 φυλαὶ
1763 534 1812 561 καὶ

1015 581 1137 616 γλῶσσαι
1157 581 1208 617 τῆς
1229 581 1293 617 γῆς,
1311 581 1358 610 καὶ
1372 581 1536 617 κροτήσατεο
1552 579 1700 615 Ἐξανέατη
1720 580 1736 606 6
1750 579 1811 607 Κύ-

1015 635 1085 662 ριος.

1055 673 1077 700 Τ
1079 673 1198 708 ἐτρωται
1221 673 1257 709 τῇ
1272 672 1359 710 λόγχῃ
1372 681 1419 700 σου
1434 673 1449 699 ὁ
1470 672 1577 709 ἐχθρὸς,
1602 671 1650 700 καὶ
1663 672 1681 708 ἡ
1694 671 1810 708 φλογίνη

1015 719 1140 756 ῥομφαία
1162 719 1236 746 νῶτα
1264 719 1356 747 δίδωσι
1377 714 1434 753 τοῖς
1457 719 1508 756 τὴν
1527 719 1578 755 σὴν
1595 719 1745 747 ἀνάστασιν
1766 718 1811 746 σὺ·

1016 764 1103 797 σεόὦς
1115 765 1341 800 καταγγέλλουσι,
1353 765 1402 792 καὶ
1415 765 1531 801 ὑμνοῦσι
1550 774 1593 799 σε,
1617 765 1706 802 Ἰησοῦ
1721 765 1810 801 ὑπαρ-

1020 812 1118 846 άγαθε.

208 858 296 886 Hodie
311 858 385 886 enim
414 865 509 886 revera
533 857 704 885 celebramus
729 857 988 898 resurrectionem]

1051 858 1175 894 Σήμερον
1193 858 1242 894 τὴν
1267 858 1377 895 ἔγερσιν
1404 857 1512 894 ἀληθῶς
1527 857 1614 893 αὐτὴν
1641 857 1808 893 ἑορτάζομεν

172 906 280 934 Domini
301 906 450 933 creationis
465 913 513 941 per
530 905 603 932 illam
621 913 628 931 :
655 911 749 932 secum
777 904 850 932 enim
883 912 964 932 mun-

173 954 237 981 dum
270 952 467 984 resuscitavit,
494 955 523 979 et
551 949 715 978 interfectus
743 948 882 977 interfecit
913 949 965 977 ho-

172 1004 253 1028 stem.

208 1043 249 1071 Tu
268 1052 330 1080 quae
345 1043 403 1071 sola
417 1041 575 1071 castissima
600 1049 631 1070 es
659 1048 754 1069 coram
782 1039 837 1068 Deo
863 1044 892 1068 et
914 1039 964 1068 ho-

171 1090 304 1122 minibus,
323 1097 406 1124 supra
418 1096 502 1124 quam
518 1087 671 1122 intelligere
685 1094 820 1122 queamus
843 1086 964 1114 interce-

172 1136 240 1164 dens
258 1135 329 1171 apud
343 1134 441 1161 Filium
463 1137 553 1167 tuum,
588 1139 638 1160 ora
663 1139 713 1167 pro
729 1131 820 1165 nobis,
850 1135 880 1158 ut
905 1138 964 1159 ser-

171 1182 214 1209 vis
227 1182 282 1209 tuis
296 1181 366 1208 tnale
381 1179 467 1215 lapsis
485 1177 624 1214 propitius
647 1177 686 1205 sit
716 1181 801 1213 atque
828 1175 964 1205 auxilium

171 1227 252 1257 ferat.

402 1282 466 1310 Tres
484 1282 559 1316 prmi
578 1281 605 1308 in
623 1280 743 1316 fornace.

207 1338 304 1371 Hodie,
316 1342 422 1373 gentes,
432 1336 552 1372 plaudite
562 1335 688 1363 manibus
701 1339 728 1361 et
735 1333 858 1370 psalmis,
870 1340 965 1362 surre-

173 1385 212 1412 xit
228 1384 358 1411 Christus
373 1381 514 1409 suscitans
530 1386 653 1408 mortuos
670 1386 738 1406 voce
762 1386 859 1414 magna
875 1379 967 1407 dicen-

174 1435 216 1459 tes
231 1439 239 1458 :
254 1429 418 1457 Benedictus
430 1435 471 1460 es,
488 1425 560 1454 Deus
575 1431 682 1462 patrum
699 1428 869 1452 nostrorum.

209 1522 332 1557 Agamus
342 1519 443 1548 choros
458 1518 547 1546 sacris
560 1516 730 1546 exsultantes
743 1515 863 1552 hymnis.
872 1515 900 1544 in
912 1515 965 1543 hoc

173 1567 295 1604 paschali
319 1566 388 1593 festo
414 1563 637 1592 conclamemusl
657 1561 798 1595 Laustibi,
813 1569 830 1588 o
844 1560 963 1594 Christe,

174 1613 220 1648 qui
237 1613 272 1640 ad
289 1610 479 1640 redimendum
499 1615 550 1636 nos
566 1614 666 1643 magna
679 1610 810 1643 operatus
826 1614 867 1634 es.

209 1699 353 1727 Abstinete
365 1705 415 1726 vos
429 1697 511 1725 hodie
521 1704 536 1724 ι
550 1694 785 1730 contemplatione
796 1698 899 1726 vestra,
907 1702 967 1721 mu-

173 1745 266 1777 lieres,
297 1748 325 1772 et
341 1745 502 1771 annuntiate
527 1740 593 1768 Sion
619 1739 847 1768 resurrectionem
883 1738 966 1774 hujus

171 1799 254 1828 quem
273 1789 358 1825 Virgo
367 1789 480 1825 peperit,
495 1787 598 1824 quique
610 1789 761 1821 conceptos
774 1785 803 1813 in
823 1785 918 1813 dolore
933 1784 966 1812 fl-

171 1839 225 1866 lios
239 1837 299 1864 Eva:
313 1836 449 1863 liberavit.

207 1883 300 1911 Nubes
313 1882 400 1909 lucem
416 1879 519 1912 ferens,
534 1886 551 1906 o
566 1877 661 1914 Virgo,
675 1877 722 1913 qui
735 1876 913 1905 absconditus
923 1880 967 1904 est

171 1929 200 1957 ln
218 1929 279 1956 sinu
297 1932 344 1954 tuo
361 1926 423 1953 :sol
437 1931 521 1960 super
540 1923 612 1959 quod
630 1923 684 1950 dici
700 1926 791 1959 potest
805 1921 965 1957 splendidus

170 1974 300 2002 Christus
317 1971 397 2008 Virgo
425 1977 568 2005 surgense
585 1969 691 1997 tumulo
723 1963 833 1997 omnem
860 1972 962 1996 terram

171 2017 274 2048 diviiiis
286 2017 450 2047 illuminavit
463 2015 667 2052 splendoribus.

337 2063 369 2091 In
383 2063 468 2098 ignem
484 2061 680 2089 intolerabilem
699 2061 810 2088 detrusi.

207 2110 302 2146 Spinis
343 2108 501 2136 voluntarie
547 2113 708 2140 coronatus,
733 2105 837 2134 erroris
858 2105 965 2141 spinam

171 2157 267 2185 evellis
277 2155 432 2188 radicitus;
447 2153 571 2181 inclusus
588 2159 678 2181 autem
693 2153 721 2181 in
730 2151 845 2184 tumulo,
862 2155 965 2178 aeterne

1014 904 1062 932 τοῦ
1091 904 1228 932 Δεσπάτου
1257 904 1307 940 τῆς
1325 904 1443 936 κτίσεως
1469 905 1499 943 ἐν
1518 904 1607 940 αὐτῇ·
1635 903 1683 931 τὸν
1705 903 1809 939 κόσμον

1014 950 1069 986 γὰρ
1078 949 1168 986 ἑαυτῷ
1183 950 1381 985 συνανέστησε,
1394 950 1440 977 καὶ
1449 949 1586 985 ὲνέκρωσι
1597 948 1745 985 νεκρωθεὶς
1760 948 1808 976 τὸν

1014 995 1155 1032 πολέμιον.

1049 1041 1187 1075 Πάναγνε,
1199 1041 1217 1076 ή
1234 1040 1301 1076 μόνη
1312 1039 1351 1076 τῷ
1366 1039 1550 1075 πλαστουργῷ
1570 1039 1618 1067 καὶ
1633 1040 1691 1072 τοῖς
1701 1039 1808 1076 ἀνθρώ.

1014 1095 1077 1119 ποις
1100 1086 1172 1122 ὑπὲρ
1193 1086 1256 1114 νοῦν
1283 1086 1479 1122 μισιτεύσασα,
1495 1085 1543 1113 τὸν
1565 1084 1630 1112 Υιόν
1661 1092 1709 1112 σου
1727 1085 1807 1112 ῐλεων

1013 1134 1071 1165 τοῖς
1087 1132 1229 1160 ἐπταικόσι
1243 1131 1348 1164 δούλοις
1367 1140 1414 1158 σου
1430 1132 1478 1159 καὶ
1497 1131 1657 1167 ὐπέρμαχον
1669 1131 1808 1168 χρηματί-

1015 1187 1062 1207 σαι
1075 1178 1249 1215 δυσώπησον.

1216 1275 1297 1311 huic
1314 1275 1418 1309 παῖδες
1433 1275 1471 1303 ἐν
1484 1276 1608 1310 καμίνῳ.

1051 1333 1225 1369 Κροτήσατε,
1237 1332 1313 1368 ἔθνη.
1327 1331 1472 1368 ψαλμικῶς
1481 1333 1577 1368 χεῖρας
1587 1332 1719 1368 σήμερον,
1727 1332 1808 1366 ἐξαν-

1017 1377 1083 1414 έστη
1102 1379 1116 1405 ὁ
1131 1377 1248 1413 Χριστὸς
1276 1378 1467 1413 ωνεξεγείρας
1490 1375 1618 1414 νεκροὺς,
1646 1379 1808 1414 μεγαλοφώ-

1017 1432 1071 1456 νως
1093 1424 1228 1460 βοῶντας·
1240 1423 1393 1459 Εὐλογητδς
1409 1421 1444 1458 εἴ,
1463 1425 1478 1451 ὁ
1499 1424 1566 1456 Θεδς
1582 1425 1597 1451 ὁ
1612 1424 1668 1452 τῶν
1681 1424 1809 1461 πατέρων

1060 1478 1082 1495 ω
1101 1489 1108 1497 .

1017 1469 1222 1548 ἡμ.ὶ>τνησ‹ιίιι.ιεθα
1251 1512 1362 1547 χορείαν
1389 1512 1528 1548 μυστικῶς
1569 1512 1748 1546 ἀλαλάζοντες
1774 1515 1809 1550 τῇ

1016 1557 1064 1585 τοῦ
1088 1558 1184 1593 Πάσχα
1199 1558 1279 1594 ἑορτῇ
1302 1557 1349 1584 καὶ
1365 1556 1580 1594 ἀνακράξωμεν·
1601 1559 1632 1585 '0
1647 1559 1682 1586 τὰ
1703 1559 1811 1595 μεγάλα

1017 1603 1135 1639 ποιήσας
1178 1603 1219 1634 εις
1249 1602 1440 1639 ἀπολύτρωσιν
1481 1603 1573 1639 ἡμῶν,
1599 1603 1746 1640 εὐλογητὸς
1772 1602 1810 1638 ei,

1016 1649 1129 1676 Χοιστέ.

1063 1657 1129 1676 terre.

1044 1657 1185 1727 Pl‘uvatxe:
1204 1693 1258 1723 ἀπὸ
1279 1694 1345 1727 θέας
1363 1695 1509 1731 γραφικῶς
1531 1696 1610 1724 δεῦτε
1625 1697 1756 1734 σήμερον,
1775 1700 1810 1735 τῇ

1017 1740 1089 1768 Σιὼν
1114 1741 1328 1776 εὐαγγελίσασθι
1348 1741 1399 1777 τὴν
1423 1741 1532 1778 ἔγερσιν
1555 1743 1603 1770 τοῦ
1619 1743 1652 1770 ἐκ
1668 1744 1810 1779 Παρθενου

1017 1787 1172 1822 τεχθέντος,
1184 1787 1232 1814 καὶ
1243 1787 1299 1823 τῷν
1309 1787 1412 1815 ὠδίνων
1427 1788 1483 1816 τῶν
1496 1789 1605 1826 πικρῶν
1617 1789 1667 1825 τὴν
1683 1790 1757 1817 Εὕαν
1766 1790 1812 1818 λύ-

1019 1841 1126 1861 σαντος.

1054 1841 1100 1861 ντο
1118 1853 1126 1861 .

1053 1841 1173 1915 Νειίξέλη,
1196 1879 1349 1915 φωτοφόρε,
1365 1879 1380 1906 6
1401 1879 1518 1915 οἰκήσας
1535 1879 1586 1915 τὴν
1603 1880 1712 1916 μήτραν
1736 1889 1786 1908 σου
1801 1889 1810 1898 ·

1018 1924 1089 1961 ὑπὲρ
1112 1924 1192 1959 λόγον
1215 1925 1303 1960 μέγας
1319 1925 1406 1961 ἥλιος,
1427 1925 1551 1961 Παρθένε
1573 1926 1687 1960 Χριστὲ,
1711 1926 1811 1959 ἐξανα-

1016 1978 1046 1997 τε
1051 1969 1108 2001 ίλας
1119 1970 1166 1997 τοῦ
1177 1970 1275 2006 τάφου,
1284 1972 1376 2000 πᾶσαν
1387 1970 1505 2006 ἐφώτισε
1512 1970 1563 2007 τὴν
1574 1971 1628 2005 γῆν
1642 1971 1727 2004 θείαις
1738 1971 1811 2008 λαμο

1017 2017 1161 2053 πρότησιν.

1210 2063 1353 2098 Ἀστὲκτφ
1368 2063 1439 2099 πυρὶ
1449 2063 1620 2098 ἐνωθέντες.

1061 2109 1207 2142 Ἀκάνθαις
1220 2110 1346 2145 στεφθεὶς
1356 2109 1488 2142 ἑκουσίως
1501 2111 1650 2146 πρόρριζον
1659 2111 1709 2147 τὴν
1721 2111 1811 2140 ἄκαν-

1020 2155 1069 2183 θαν
1084 2156 1134 2191 τῆς
1152 2155 1256 2191 πλάνης
1273 2156 1449 2192 ἀποτέμνεις,
1466 2157 1495 2184 ὲν
1515 2157 1642 2193 μνημείῳ
1667 2158 1811 2185 κατακλει-

171 2202 262 2231 Filiet
277 2201 396 2229 Verbum
416 2199 511 2228 aeterni
524 2199 633 2232 Patris;
659 2197 846 2233 expergefacis
868 2203 965 2225 omnes
979 2212 988 2242 l

1047 2202 1092 2233 let;
1109 2201 1138 2228 δὲ
1153 2203 1258 2234 πάντας
1274 2202 1338 2234 τοὺς
1353 2203 1383 2229 ιν
1398 2203 1523 2238 μνήματι
1536 2202 1697 2238 ἐξεγείρας,
1711 2203 1812 2239 Πάσχα

171 2249 200 2278 in
222 2248 329 2276 tumqu
345 2247 517 2275 celebrantes
533 2251 666 2273 aeternum
681 2244 798 2272 Pascha.

210 2337 264 2366 Vos
276 2337 420 2369 abeuntes,
439 2334 579 2363 clamabat
600 2333 731 2369 Magister
746 2333 888 2369 apostolis,
904 2341 965 2363 om-

173 2385 257 2416 nibus
270 2384 395 2412 nuntiate
420 2381 529 2417 populis
557 2387 645 2408 mcam
669 2387 685 2407 e
701 2380 830 2415 sepulcro
854 2384 967 2416 stupen-

171 2432 234 2459 dam
261 2428 506 2460 resurrectionem,
532 2430 560 2454 et
589 2433 681 2454 veram
712 2426 902 2462 integramque
918 2427 967 2455 de-

171 2477 356 2505 structionem
377 2472 543 2504 inferorum,
558 2477 587 2499 ut
618 2479 701 2507 super
710 2472 786 2499 vivos
799 2476 826 2500 et
841 2477 966 2500 mortuos

171 2522 308 2550 dominer.

206 2575 341 2607 Gaudete,
351 2574 455 2601 clamas
461 2573 620 2601 mulieribus
635 2576 772 2608 unguenta
781 2570 965 2606 portantibus.

173 2628 270 2650 sacros
286 2625 349 2648 tuos
364 2620 445 2655 pedes
458 2621 625 2653 tenentibus,
643 2628 757 2656 quorum
770 2620 878 2647 incessu
890 2619 967 2655 prius

171 2665 224 2693 fuit
234 2665 366 2692 exterrita
381 2665 468 2701 prima
476 2673 586 2701 parens,
601 2673 704 2701 easque
717 2664 828 2692 nuntios
843 2664 968 2692 ostendis

172 2711 305 2748 apostolis
324 2712 445 2746 dicentes
464 2721 471 2740 :
497 2711 623 2740 Surrexit
645 2710 777 2740 Dominus
808 2715 836 2739 et
859 2710 926 2738 vivit
939 2710 968 2739 in

171 2761 316 2785 aeternum.

206 2802 313 2832 Gaudio
331 2803 455 2831 exsultas
483 2801 692 2837 incomparabili
723 2802 830 2835 videns.
851 2810 867 2829 o
884 2800 967 2837 Virgo

171 2847 269 2885 Mater,
293 2848 395 2878 Filium
419 2853 496 2878 tuum
517 2848 730 2885 primogenitum
760 2849 864 2877 ventris
886 2848 926 2876 tui
952 2855 967 2878 a

1017 2247 1183 2283 κροτοῦντας
1196 2247 1317 2282 αίώνιον,
1327 2248 1428 2284 ᾶναρχε
1444 2248 1564 2284 ἀνάρχου
1580 2249 1688 2286 Πατρδς
1703 2250 1750 2277 Υίὲ
1762 2250 1812 2278 καὶ

1016 2294 1099 2321 Δόγε.

1054 2307 1055 2314 ι
1075 2302 1099 2321 ε.

1054 2302 1153 2366 3Arma
1171 2339 1249 2376 ὑμεῖς
1261 2340 1301 2372 εἰς
1317 2339 1352 2367 τὰ
1377 2339 1443 2376 ἔθνη
1457 2340 1556 2374 πάντα,
1580 2340 1742 2373 ἀποστόλοις
1760 2342 1807 2369 ἂν.

1017 2384 1083 2412 εσόα
1093 2385 1107 2412 6
1117 2385 1265 2421 Δεσπότης·
1280 2385 1484 2420 διαγγέλλοντες
1495 2386 1544 2422 τὴν
1559 2387 1592 2413 ἐκ
1605 2387 1692 2421 τάφου
1704 2387 1809 2422 φρικὼν

1016 2431 1049 2467 δη
1067 2440 1118 2466 μου
1134 2431 1254 2467 ἔγερσιν,
1274 2432 1321 2459 καὶ
1334 2432 1381 2459 τοῦ
1397 2432 1460 2468 ᾅδου
1475 2433 1559 2465 ὅντως
1571 2433 1692 2468 παντελῆ
1712 2433 1812 2461 καθαί-

1018 2484 1105 2512 ρεσιν,
1120 2477 1193 2509 ὅπως
1208 2485 1237 2504 τε
1253 2476 1388 2506 θανόντων
1404 2478 1451 2504 καὶ
1466 2477 1576 2512 ζώντων
1585 2478 1738 2514 βασιλεύω.

1052 2575 1182 2612 Χαίρετε,
1195 2576 1259 2612 βοᾷς
1273 2576 1436 2612 μυροφόροις
1451 2577 1509 2610 σοῦ,
1524 2578 1587 2610 τοὺς
1596 2578 1685 2613 ἱεροὺς
1693 2578 1812 2613 apta-.06-

1019 2629 1078 2653 σοις
1094 2621 1187 2655 πόδας,
1201 2619 1237 2649 ὧν
1248 2623 1293 2649 τὸν
1303 2623 1399 2658 κρότον
1409 2625 1423 2650 ὁ
1437 2624 1588 2660 προμήτωρ
1602 2624 1666 2659 πρὶν
1677 2625 1813 2661 ἐφοϐήθη,

1019 2669 1066 2695 καὶ
1079 2669 1302 2704 εὑαγγελιστρίας
1318 2669 1477 2702 ἀποστόλοις
1492 2669 1595 2702 ταύτας
1609 2670 1745 2703 δεικνύεις
1756 2691 1765 2703 ,
1783 2671 1814 2698 '0

1019 2712 1122 2749 Κύριος
1137 2713 1248 2750 ἀνέστη,
1264 2713 1407 2749 λεγούσας,
1422 2716 1468 2742 καὶ
1484 2716 1518 2751 ζῇ
1528 2716 1642 2753 εἰςτοὺς
1658 2716 1774 2751 αιῶνας.

1055 2803 1167 2839 Χαίρεις
1192 2804 1317 2841 χαρμονῇ
1334 2805 1487 2842 ἁνεικάστῳ
1511 2804 1657 2840 βλέπουσα,
1688 2804 1815 2841 Παρθένε

1020 2848 1147 2882 Θεοτόκε,
1163 2848 1209 2875 τὸν
1233 2848 1298 2877 Υίόν
1319 2858 1365 2877 σου
1380 2850 1417 2883 ὡς
1441 2850 1616 2887 πρωτότοκον
1639 2851 1672 2877 ὲκ
1692 2850 1812 2886 γαστρός
