1905 3078
201 157 270 188 3919

611 160 640 189 S.
660 159 867 190 SOPHRONII
884 162 1136 194 PATRIARCILE
1154 167 1358 200 IIIEROSOL.

1761 177 1830 208 392-]

203 215 373 246 reassumpla
411 210 526 243 lzetitia,
560 212 619 246 ejus
651 215 808 249 congamles
835 215 995 251 discipulis,

1068 218 1105 250 ὦς
1119 239 1125 251 ,
1140 221 1228 255 χαρὰν
1251 223 1423 249 ἀναλαϐοῦσα
1456 225 1510 256 τοῖς
1526 224 1660 261 μαθηταῖς
1678 229 1834 265 συνέχαερες

203 259 296 285 dit-ens
310 267 316 284 :
331 258 456 285 Surrexit
473 258 617 287 Dominus.

293 305 375 331 Tuam
391 303 559 330 adumbrasti
574 305 690 331 divinam
705 307 920 335 exinanitionem.

238 350 290 377 Per
303 350 404 385 lignum
417 350 509 377 crucis
524 351 603 385 quasi
620 352 766 380 interfecto
780 359 916 390 serpente,
929 363 991 383 eum

203 396 318 423 mortuis
335 399 474 426 reputatus
492 403 532 428 es,
550 405 611 424 cum
626 397 664 425 sis
674 398 745 425 inter
761 404 884 428 mortuos
901 401 982 435 liber,

202 444 228 466 ιιι
246 439 346 466 liberos
361 438 476 466 effecisti
491 440 621 476 degentes
637 442 681 470 hic
695 450 791 472 omnes
805 444 955 474 devinctos.

237 486 381 514 Manifeste
395 487 517 520 regnavit
530 487 674 521 Dominus,
689 489 795 518 laetetur
805 493 895 520 omnis
908 499 989 526 terra,

199 531 254 564 jam
277 539 366 567 neque
388 539 462 559 mors
478 540 568 567 neque
584 534 682 562 inferni
699 535 886 570 dominantur,
903 539 990 574 siqui-

201 577 261 603 dem
279 583 460 606 evomuerunt
476 586 546 612 quos
562 581 689 608 tenebant
706 582 841 616 captivos.

236 621 291 649 Piat
305 630 368 658 erga
384 623 469 649 Deum
485 624 623 657 mulieres,
636 625 700 659 quid
713 626 836 660 quaeritis
850 625 988 654 Christum

202 673 232 695 ut
262 674 400 697 mortuum
429 670 456 697 in
487 671 632 705 sepulcro?
659 671 783 700 Sutrexit
809 673 916 708 sepulto
945 674 990 700 hie

201 723 283 750 quam
305 716 421 744 habebat
441 725 516 746 mors
537 717 633 751 fetore,
653 719 792 754 bertasque
810 720 917 754 paravit
947 727 990 746 se-

204 762 285 789 mitas
298 762 473 790 credentibus
491 763 516 790 in
534 771 574 791 se.

237 806 457 842 Oimmaculata,
474 817 537 844 roga
562 810 700 836 Christum
722 818 860 845 egressum
886 819 900 838 e
927 810 989 838 sinu

204 856 263 884 tuo,
285 857 311 880 et
329 854 430 882 intacta
449 860 554 882 servata
579 856 732 890 virginitate
749 856 775 883 in
795 856 879 891 gloria
898 865 990 885 resur-

204 902 324 932 gentem,
344 903 372 925 ut
389 900 480 926 omnia
497 898 630 935 paciﬁcet‘.

314 990 366 1022 Qui
380 991 488 1018 indutus
503 992 601 1019 lumine
611 993 687 1027 quasi
703 993 863 1020 vestimento.

240 1035 290 1068 Qui
314 1040 340 1063 te
366 1037 469 1064 invidia
485 1038 732 1070 cruciaﬂiterunt,
754 1038 880 1066 foderunt
897 1039 956 1071 tibi,
976 1047 993 1066 ο

203 1081 282 1108 valde
303 1082 408 1116 patiens
425 1082 564 1116 Salvator,
587 1091 685 1111 manus
705 1089 731 1111 et
752 1084 834 1119 pedes
849 1086 993 1113 earnillces

204 1126 392 1162 dederumque
408 1128 502 1156 bibere
519 1129 553 1157 fel
571 1135 598 1157 et
613 1134 731 1157 acetum.

239 1172 383 1205 Quomodo
399 1175 446 1209 qui
462 1175 516 1201 vita
528 1180 569 1203 est
580 1176 683 1210 positus
699 1181 741 1204 est
756 1177 783 1204 in
800 1177 993 1204 monumento?

206 1218 344 1252 quomodo
362 1219 465 1254 absque
479 1219 565 1247 halitu
580 1221 603 1248 is
620 1228 668 1255 per
682 1229 761 1256 quem
778 1222 883 1256 spirant
898 1229 992 1250 omnes

208 1264 340 1296 homines,
356 1265 406 1299 qui.
418 1265 537 1293 insufﬂat
553 1267 633 1294 vitam
650 1267 765 1295 mortuis
780 1271 806 1295 et
826 1268 991 1303 redemptio-

206 1309 286 1336 mm?

240 1354 316 1381 Felix
345 1354 449 1382 PaSeha
478 1363 532 1390 quo
559 1357 645 1391 erepti
671 1356 703 1383 de
732 1358 789 1384 orci
818 1356 940 1384 latibulis
967 1361 994 1384 et

206 1400 321 1434 rxentpti
350 1407 364 1425 ιι
390 1400 448 1426 dira
477 1401 607 1429 servitute
632 1403 658 1428 in
685 1410 775 1430 veram
802 1402 992 1437 promissionis

207 1451 306 1473 terram
326 1446 450 1473 translati
470 1455 566 1474 sumus
577 1448 583 1474 i

243 1492 334 1524 Salve,
353 1493 453 1519 intacta
472 1492 565 1528 Virgo,
586 1494 620 1521 ab
640 1494 767 1521 omnibus
789 1494 931 1521 benedicta
948 1497 991 1520 ut~

208 1542 273 1572 pote
291 1538 410 1566 liberans
427 1546 477 1566 nos
499 1546 515 1565 α
534 1539 734 1572 maledictione,
748 1548 797 1575 per
813 1548 894 1575 quam
911 1548 991 1567 mun-

208 1584 279 1611 dusa
289 1585 364 1620 lapsu
378 1585 505 1616 surrexit,
517 1590 543 1612 et
555 1586 683 1614 laudibus
694 1587 800 1615 extollit
812 1586 993 1615 resurrectio-
1005 1577 1027 1606 C

208 1638 269 1659 nem
285 1632 376 1659 omnia
393 1633 568 1661 vivilicaulis.

366 1678 478 1706 Furiosa
495 1680 593 1706 elatam
611 1679 733 1714 ﬂuctibus
749 1680 842 1706 maris.

241 1721 407 1756 Crucilixus,
422 1732 502 1758 quem
517 1725 654 1752 clauserat
666 1723 850 1751 inobedientia
862 1722 992 1758 aperuisti

188 1769 284 1800 ‘mihi,
305 1768 368 1797 Jesu
384 1769 503 1803 Christe,
519 1770 687 1805 paradisum,
713 1775 740 1797 ct
764 1776 878 1803 surgens
904 1773 992 1795 tecum

209 1821 319 1848 surgere
332 1814 419 1842 fecisti
435 1819 550 1842 cunctos
565 1815 668 1842 ﬁdeles.

242 1859 394 1887 Posuerunt
419 1865 445 1888 te
466 1861 492 1887 in
510 1861 570 1888 lacu
588 1860 711 1888 inferiori
733 1863 869 1887 mortuum
890 1859 993 1893 absque

208 1912 291 1938 voce,
318 1907 380 1933 vita:
405 1906 537 1939 datorem,
565 1907 612 1941 qui
644 1906 758 1933 mortuis
789 1904 932 1932 insumasti
950 1911 994 1930 re-

209 1951 418 1984 surrectionem,
434 1952 535 1987 quique
566 1952 592 1979 in
619 1952 727 1980 iul'e‘rno
756 1952 884 1987 degentes
907 1951 993 1978 viviti-

207 1998 287 2024 casti.

244 2043 417 2078 Ejulantibus
439 2046 503 2073 olim
525 2046 652 2074 clamavit
672 2047 784 2081 angelus
808 2046 968 2073 mulieribus
986 2054 992 2072 :

207 2088 333 2117 Christus
355 2091 518 2124 resurrexit,
535 2091 582 2123 ite,
601 2092 761 2118 annuntiate
784 2091 844 2126 ejus
870 2098 994 2119 resurre-

207 2136 323 2161 ctionem
345 2136 487 2169 apostolis.

243 2177 348 2206 Salutat
369 2182 405 2210 te,
428 2178 521 2214 Virgo,
540 2179 669 2215 Magister
695 2187 844 2216 assurgens
859 2188 874 2208 e
890 2181 995 2207 tumulo

1048 263 1164 298 λέγουσα
1174 268 1180 275 '
1190 266 1301 303 Ἀνέστη
1320 270 1334 294 ὁ
1349 269 1460 304 Κύριος.

1170 313 1229 346 Τὴν
1240 315 1325 341 θείαν
1338 315 1491 349 ἐννοήσας
1503 324 1561 344 σου
1575 318 1713 347 κένωσιν.

1082 358 1134 384 Τὸν
1153 358 1215 392 ὅφιν
1236 359 1283 385 ἐπὶ
1299 359 1380 393 ξύλου
1405 361 1559 396 ὲνέκρωσας
1574 383 1580 395 ,
1591 364 1638 390 καὶ
1652 364 1788 398 λογισθεὶς
1806 369 1833 394 ἑν

1045 403 1100 434 τοῖς
1116 405 1235 437 νεκροῖς,
1254 405 1268 430 ὀ
1283 405 1311 431 ὲν
1326 406 1433 440 νεκροῖς
1451 405 1488 432 ὢν
1503 406 1655 443 ἐλεύθερος,
1677 409 1833 447 ἐλευθερίαν

1046 449 1181 484 παρέσχες
1192 450 1347 485 δεσμώταις
1364 452 1419 483 τοῖς
1437 452 1526 478 ἐκεῖσε
1541 453 1720 489 ὑπάρχουσιν.

1086 496 1115 522 '0
1132 496 1232 532 Κύριος
1249 497 1341 531 σαφῶς
1363 497 1546 532 ἐϐασίλευσεν,
1568 500 1741 533 ἀγαλλιάσθω
1759 503 1834 529 πᾶσα

1044 541 1093 575 γῆ,
1107 542 1136 568 οὗ
1148 542 1270 577 κυριεύει
1281 544 1295 570 ὸ
1308 543 1433 574 θάνατος.
1449 544 1479 570 οὑ
1496 544 1632 580 βασιλεύει
1649 547 1663 573 ὀ
1677 546 1744 582 ᾅδης
1761 556 1768 562 ”
1785 548 1834 580 οὓς

1045 584 1101 622 εἶχε
1116 587 1170 622 γὰρ
1187 588 1316 623 δεσμίους
1334 589 1479 624 ἐξήμεσεν.

1079 633 1208 664 Γυναῖκες
1220 634 1288 668 μετὰ
1303 634 1397 670 μύρων
1407 635 1551 670 θεόφρονες
1562 636 1588 663 τί
1600 638 1628 664 ὲν
1644 638 1683 674 τῷ
1691 638 1779 674 τάφῳ,
1794 640 1833 672 ὡς

1045 677 1149 713 θνητὸν.
1161 679 1277 714 Χριστὺν
1289 679 1395 716 ζητεῖτε
1407 690 1414 714 ;
1433 681 1591 722 ὲκωγερται,
1604 683 1633 709 τὸ
1648 684 1696 711 τοῦ
1713 685 1831 712 θανάτου

1045 724 1162 756 δυσῶδες
1177 725 1306 761 ὲνθάψας,
1323 726 1370 752 καὶ
1384 727 1646 763 πιστοὺςιεὺωδίασε.

1079 817 1196 853 Χριστὸν
1209 819 1253 845 τὸν
1270 819 1435 854 προελθόντα
1454 823 1484 848 ἐκ
1500 822 1606 857 μήτρας
1620 831 1677 854 σου,
1695 824 1741 849 καὶ
1759 833 1831 860 παρ-

1045 861 1135 894 θενίας
1158 864 1290 900 μηδαμῶς
1311 867 1459 901 σφραγῖδας
1482 867 1611 900 λύσαντα,
1631 868 1758 903 ἄχραντε,
1781 871 1830 896 καὶ

1008 902 1029 929 Β
1045 909 1200 935 ἀναστάντα
1234 910 1262 936 ἐν
1284 910 1346 946 δόξῃ
1376 912 1492 939 δυσώπει
1517 902 1672 949 εἰρηνεῦσαι
1698 915 1731 940 τὰ
1758 914 1830 950 σύμ-

1045 963 1145 982 παντα.

1157 1001 1188 1027 '0
1202 1000 1448 1036 ἀναϐαλλόμενος
1465 1004 1527 1038 φῶς
1541 1005 1581 1038 ὠς
1597 1006 1724 1041 ἱμάτιον.

1081 1046 1200 1081 Ὠρυξαν
1214 1047 1262 1077 τας
1275 1047 1368 1082 χεῖράς
1385 1056 1430 1074 σου
1443 1070 1450 1081 ,
1465 1049 1567 1085 Σῶτερ,
1584 1051 1631 1077 καὶ
1649 1052 1731 1083 πόδας
1747 1060 1793 1079 σου
1805 1053 1833 1078 οι

1044 1090 1193 1124 Θεοκτόνοι,
1211 1092 1257 1118 ἐπὶ
1272 1092 1389 1126 σταυροῦ
1408 1101 1436 1120 σε
1451 1094 1539 1130 φθόνῳ
1554 1097 1765 1132 ἁναρτήσαντες,
1783 1099 1833 1124 καὶ

1043 1136 1123 1171 χολὴν
1136 1137 1182 1164 καὶ
1192 1137 1252 1169 ὅξος
1266 1138 1435 1171 ποτίσαντες,
1456 1141 1625 1176 μακρόθυμε.

1085 1181 1116 1207 Ἡ
1140 1181 1196 1217 ζωὴ
1219 1183 1248 1209 ὲν
1277 1184 1398 1218 μνήματι
1425 1184 1483 1216 πῶς
1509 1186 1699 1220 mentitis-cat;
1721 1187 1834 1223 πνοὴνὸ

1043 1227 1110 1253 πᾶσι
1127 1227 1232 1263 βροτοῖς
1245 1229 1372 1263 παρέχων
1387 1229 1488 1261 ἄπνους
1499 1231 1558 1262 πῶς
1574 1232 1756 1267 γνωρίζεται;
1775 1235 1834 1264 τοῖς

1044 1272 1148 1306 νεκροῖς
1162 1272 1286 1307 ἐμπνέων
1304 1272 1376 1308 ζωὴν
1396 1274 1657 1311 κα¹ιὰπολύτρωσιν;

1081 1362 1176 1398 Πάσχα
1191 1363 1220 1389 τὸ
1248 1364 1382 1399 μακάριον
1398 1364 1430 1391 δι¹
1441 1361 1471 1391 οὗ
1495 1366 1645 1402 ἀνήλθομεν
1659 1368 1690 1394 ὲκ
1703 1369 1754 1404 γῆς
1768 1366 1835 1396 κευ-

1044 1409 1160 1445 θμόνων,
1186 1410 1282 1445 Πάσχα
1308 1411 1429 1442 δουλείας
1455 1411 1487 1438 δι’
1505 1409 1535 1438 οὗ
1558 1413 1759 1450 ὲλυτρώθημεν,
1783 1415 1835 1442 καὶ

1043 1455 1208 1489 ἐπαγγελίας
1221 1455 1288 1491 πρὸς
1304 1457 1355 1491 γῆν
1370 1456 1593 1493 διεσιΰάσθημεν.

1078 1500 1201 1534 Χαίροις,
1217 1501 1386 1537 ἁπειρόγαμε
1408 1503 1455 1529 καὶ
1476 1504 1688 1539 παντευλόγητε,
1709 1506 1834 1540 κατάρας

1043 1545 1128 1578 λύσις,
1145 1545 1178 1572 δι’
1191 1543 1225 1581 ἦς
1241 1547 1255 1572 ὁ
1270 1546 1370 1581 κόσμος
1384 1548 1482 1583 ἀνέστη
1495 1548 1540 1575 τοῦ
1553 1549 1706 1585 πτώματος,
1722 1552 1768 1578 καὶ
1783 1552 1833 1578 τοῦ

1045 1591 1174 1624 ζωοδότου
1190 1592 1296 1626 δοξάζει
1306 1596 1355 1631 τὴν
1367 1596 1528 1623 ἀνάστασιν.

1260 1686 1451 1721 Μαινομένην
1471 1689 1507 1714 κλ
1513 1686 1610 1714 ὐδωνι.

1079 1730 1250 1766 Σταυρωθεὶς
1276 1730 1396 1767 ἀνέῳξας
1419 1733 1610 1768 κεκλεισμένον
1632 1735 1664 1769 τῇ
1686 1735 1829 1770 παρακοῇ,

1050 1776 1137 1811 Ἰησοῦ
1157 1777 1257 1810 Χριστέ
1284 1785 1347 1812 μου,
1361 1777 1407 1803 τὸν
1433 1779 1617 1813 παράδεισον,
1646 1779 1692 1805 καὶ
1712 1780 1830 1811 ἀναστὰς

1044 1821 1149 1852 πάντας
1163 1822 1276 1853 πιστοὺς
1294 1822 1506 1858 συνανέστησας.

1081 1866 1191 1893 Ἔθεντο
1208 1867 1238 1892 ὲν
1257 1867 1351 1903 λάκκῳ
1368 1876 1397 1894 σε
1422 1869 1571 1903 κατωτάτω
1592 1870 1698 1904 ἄφωνον
1713 1870 1830 1905 νεκρον,

1043 1911 1090 1938 τὸν
1106 1912 1213 1946 νεκροῖς
1229 1912 1382 1946 ἐμπνέοντα
1395 1914 1550 1947 ἀνάστασιν,
1561 1914 1692 1947 Ζωοδότα,
1706 1916 1754 1942 καὶ
1769 1917 1831 1948 τοὺς

1044 1958 1072 1984 ὲν
1084 1957 1134 1994 ᾅδῃ
1149 1957 1246 1990 ζωώαα
1252 1967 1309 1985 ντα.

1080 2045 1205 2078 Γυναιξὶν
1232 2046 1326 2082 ἐϐόησε
1353 2046 1552 2082 θρηνῳδούσαις
1569 2047 1684 2081 ἄγγελός
1701 2057 1778 2076 ποτεο
1804 2050 1833 2077 '0

1045 2091 1161 2127 Χριστὸς
1173 2092 1338 2128 ἐγήγερταιο
1364 2091 1535 2128 πορεύθητε,
1555 2094 1714 2126 ἀποστόλοις
1736 2095 1833 2122 τούτου

1045 2138 1094 2173 τὴν
1109 2138 1217 2174 ἔγερσιν
1231 2139 1337 2166 εἴπατε.

1082 2184 1179 2218 Χαῖρε,
1201 2185 1242 2210 σοὶ
1271 2185 1495 2220 προσφθέγγεται
1519 2182 1556 2214 ὡς
1584 2183 1659 2219 αἰτίᾳ
1687 2184 1755 2220 οὔσῃ
1785 2184 1835 2220 τῆς

209 2227 238 2248 ιιι
253 2230 362 2250 causam
380 2229 480 2251 nostra»,
496 2225 616 2252 laetitiae:
635 2225 705 2260 apud
718 2233 779 2252 eum
798 2225 881 2253 funde
901 2233 994 2260 preces

1066 2230 1143 2263 αρᾶς,
1154 2230 1284 2263 ἀναστὰς,
1301 2230 1434 2265 Ποιρθένε⁷
1445 2231 1478 2255 ὲκ
1491 2228 1538 2255 τοῦ
1551 2229 1691 2265 μνήματος
1704 2232 1718 2257 ό
1731 2232 1836 2257 Δεσπό-

209 2274 257 2302 pro
273 2268 401 2295 omnibus
415 2269 505 2296 nobis.

277 2312 314 2339 Tu
333 2314 543 2347 superexaltalus
561 2315 631 2342 Deus
647 2321 753 2349 patrum
770 2322 931 2343 nostrarum.

244 2358 546 2393 lncomprehcnsibilis,
563 2368 647 2388 carne
665 2365 807 2396 assumpta
823 2361 998 2389 mortalitatis

208 2407 319 2434 nostrae.
336 2404 461 2439 cruciﬁgi
478 2404 578 2439 voluit;
595 2407 714 2434 moriens
731 2412 845 2433 mortem
863 2406 999 2434 destruxit

208 2450 302 2477 volens
317 2456 368 2476 nos
385 2450 465 2477 morti
482 2451 617 2478 obnoxios
632 2451 723 2487 faeere
737 2452 917 2480 immortales.

242 2494 344 2522 Omnes
360 2494 465 2523 iestivis
481 2496 608 2524 cantibus
625 2497 796 2525 celebremus
809 2497 924 2531 Pascha,
940 2501 999 2533 post

210 2547 265 2569 tres
282 2541 340 2568 dies
362 2543 482 2568 surrexit
503 2542 630 2571 Christus
652 2552 667 2572 e
680 2550 867 2577 monumento,
884 2549 1000 2573 cunctos

210 2589 369 2617 illuminans
387 2590 591 2618 cmtelamautes
610 2601 617 2618 :
635 2591 799 2618 Benedictus
819 2599 859 2623 es,
875 2591 998 2619 Domine.

246 2637 301 2663 Cur
317 2644 388 2664 nune
406 2637 522 2665 edundis
544 2637 623 2665 ﬂetus
649 2634 768 2669 amaros,
785 2644 801 2664 ο
817 2637 923 2670 mulier,
942 2639 1000 2665 aie-

212 2683 257 2710 bat
286 2683 413 2714 Christus
448 2685 550 2720 Virgini
583 2685 661 2720 juxta
703 2690 910 2713 monumentum
943 2686 999 2713 haec

212 2731 363 2759 modulanti
382 2742 389 2759 :
409 2731 573 2760 Benedictus
589 2738 629 2762 es,
650 2730 773 2759 Domine.

249 2775 312 2802 Sola
339 2781 403 2804 ante
431 2777 500 2804 alias
530 2775 658 2802 mulieres
687 2777 868 2811 contemplata
896 2781 938 2804 est
962 2781 998 2809 te,

212 2822 329 2853 Christe,
359 2823 500 2857 splendide
526 2826 713 2857 assurgentem
742 2822 776 2851 de
802 2823 917 2854 tumulo,
937 2832 1000 2850 sau-

213 2867 334 2895 elissima
350 2867 442 2902 Virgo,
458 2867 634 2903 suscepitque
647 2868 680 2896 ab
693 2876 740 2896 ore
754 2873 804 2904 tuo
819 2870 945 2896 salutem.

1049 2283 1108 2309 της,
1123 2276 1152 2301 ὃν
1167 2276 1238 2310 ὑπὲρ
1253 2277 1363 2302 πάντων
1379 2277 1495 2303 ἱκέτευε.
1536 2312 1542 2315 Α

1125 2320 1151 2347 '0
1163 2322 1412 2356 ὐπερυψούμενος
1428 2324 1488 2351 τῶν
1501 2325 1635 2358 πατέρων
1646 2325 1764 2357 Κύριος.

1090 2365 1119 2392 Ὀ
1136 2367 1315 2402 ἀπερινόητος
1331 2368 1420 2404 σάρκα
1431 2370 1610 2405 ἐνδυσάμενος
1625 2370 1743 2405 σταυρὸν
1768 2378 1835 2395 κατ-

1049 2411 1157 2443 εδέξατο
1168 2432 1175 2444 ,
1193 2411 1240 2437 καὶ
1263 2411 1377 2439 θάνατον
1396 2413 1480 2441 ὤλεσε
1502 2415 1609 2450 θανάτῳ
1627 2415 1691 2446 τοὺς
1709 2414 1837 2446 θανόντας

1051 2456 1191 2491 βουληθεὶς
1205 2451 1377 2485 ἀθανατῖσαι.
1540 2450 1542 2453 γ

1085 2501 1183 2537 Πάσχα
1197 2504 1213 2537 ὴ
1229 2503 1384 2540 πανήγυρις
1397 2507 1497 2534 πάντες
1512 2503 1697 2539 ὲορτάσωμεν,
1718 2502 1836 2536 Χριστὸς

1051 2547 1083 2574 ὲκ
1099 2547 1146 2573 τοῦ
1165 2548 1305 2583 μνήματος
1318 2551 1423 2586 ἠγέρθη
1440 2552 1588 2587 τριήμερος
1599 2569 1606 2581 ,
1628 2548 1754 2583 φωτίζων
1775 2549 1837 2579 τοὺς

1052 2593 1181 2627 βοῶντας⁹
1201 2594 1230 2620 '0
1241 2594 1316 2628 Θεὸς,
1333 2597 1477 2631 εὐλογητὸς
1494 2594 1529 2623 εἴ.

1086 2638 1178 2671 Γύναι,
1192 2640 1219 2666 τί
1233 2641 1288 2671 τοῖς
1308 2641 1424 2674 δάκρυσι
1444 2640 1551 2675 πικρῶς
1575 2639 1623 2666 νῦν
1647 2639 1836 2673 συγκέχυσαι;

1050 2685 1167 2720 Χριστὸς
1178 2685 1368 2721 ἀπεφθέγγετο
1378 2686 1492 2722 πλησίον
1504 2686 1551 2712 τοῦ
1562 2685 1705 2720 μνήματος
1713 2687 1746 2720 τῇ
1762 2685 1835 2720 Κόρῃ

1053 2730 1219 2767 μελῳδοῦσῃν
1239 2732 1267 2758 '0
1282 2732 1357 2764 Θεὸς,
1371 2732 1517 2766 εὐλογητὸς
1530 2729 1566 2758 εἴ.

1086 2777 1161 2812 Μόνη
1170 2777 1222 2812 πρὸ
1232 2778 1285 2805 τῶν
1294 2779 1381 2805 ἄλλων
1390 2787 1418 2804 σε
1432 2780 1569 2812 γυναικῶν
1580 2778 1716 2812 τεθέαται,
1726 2781 1835 2816 Χριστὲ.

1042 2823 1083 2852 νὲκ
1097 2821 1143 2848 τοῦ
1163 2823 1301 2858 μνήματος
1316 2824 1425 2859 ὡραίως
1443 2827 1636 2863 ἀστράψαντα,
1652 2828 1668 2863 ἡ
1684 2829 1753 2863 μόνη
1768 2836 1832 2854 παν-

1052 2867 1116 2902 αγία
1128 2868 1302 2897 ὲπακούααςα
1318 2871 1356 2903 τὸ,
1373 2872 1468 2908 Χαῖρε.
