1905 3078
100 108 172 140 3933

800 106 1009 138 TRIODlUM.

1657 108 1727 140 3931

98 160 267 196 ’Δνάστηεον
281 161 437 188 κατωτάτω
466 169 498 196 με
520 161 631 194 λάκκου,
657 160 807 195 κραυγάζω
835 168 886 193 σοι,

953 169 982 188 ne
998 162 1117 189 solutum
1144 168 1255 197 surgere
1270 169 1285 188 a
1301 161 1438 196 profundo
1462 161 1523 189 lacu
1552 168 1726 197 peccatorum

100 208 194 234 παθῶν
210 206 406 242 θανατηφόρων
426 207 472 233 καὶ
489 207 625 241 ἁμαρτίας
641 205 869 240 ὲκλυτρούμενος.

134 252 237 279 Ἦλθον
253 253 400 287 μυροφόροι
417 252 558 279 κλαίουσαι
569 252 616 278 ἐπὶ
627 252 657 278 τὸ
671 253 765 286 μνῆμα
776 251 887 286 ὄρθρου,

98 300 147 326 καὶ
160 299 197 335 μὴ
212 297 340 334 εὑροῦσαί
352 307 392 330 σε,
407 298 460 324 ἴδον
478 299 507 324 ὲν
517 298 624 329 λευκοῖς
634 295 888 332 προσκαθεζόμενον

97 345 224 379 ἄγγελον,
249 345 295 370 καὶ
312 342 426 378 βοῶντα·
451 343 570 378 Ἠγέρθη
591 347 605 369 ο
621 343 732 377 Κύριος,
752 341 888 368 σπεύσατε

98 388 268 423 ἀπαγγεῖλαι
278 389 334 419 τοῖς
352 388 487 423 μαθηταῖς
498 387 581 415 αὑτοῦ
594 388 644 423 τὴν
658 387 779 422 ἔγερσιν.

133 474 241 510 Φρίττει
265 475 340 501 πᾶσα
370 475 470 508 κτίσις,
494 475 627 502 Δέσποινα
646 496 653 508 ,
669 475 700 502 τὸ
729 476 800 510 ὑπὲρ
827 475 889 502 νοῦν

100 520 252 555 μυστήριον
263 520 313 554 τῆς
326 520 433 556 λοχείας
449 529 505 548 σου’
523 521 624 553 τίκτεις
636 522 690 556 γὰρ
707 521 773 548 Θεὸν
784 521 888 556 Ἐμμα-

97 567 190 601 νουὴλ,
209 567 417 601 χρηματίσαντα
439 567 564 601 δι’ήμᾶς,
576 567 774 602 παναμώμητε,
784 567 888 603 ἄνθρω-

98 620 159 641 πον,
172 612 217 637 τὸν
232 611 349 638 λύσαντα
363 611 477 638 θανάτου
490 611 539 647 τὴν
553 613 712 640 δυναστείαν
726 612 764 648 τῷ
778 613 888 648 σταυρῷ

99 657 192 685 αὑτοῦ.

295 703 350 729 ’ον
363 703 541 736 φρίττουσιν
559 703 692 738 ἄγγελοι.

133 749 234 783 Θρηνεῖ
245 749 319 775 πᾶσα
336 749 424 780 κτίσις
447 758 493 775 σου
505 749 535 775 τὺ
551 749 647 782 πάθος,
662 750 759 784 ἀγαθέ·
777 750 790 776 ὁ
813 750 887 785 ἥλιος

98 795 241 820 σῦἑννυται
257 794 304 820 σοῦ
319 793 445 825 δύναντος
462 793 581 829 σταυρῷ,
594 796 641 821 καὶ
655 796 678 821 oi
698 797 728 822 ἐν
740 795 779 830 τῷ
793 795 888 822 σκότει

943 215 1076 234 meorum.

977 252 1044 279 Cum
1071 251 1133 278 ιιι-ιιι
1154 257 1288 279 venerunt
1308 260 1389 280 mane
1411 256 1535 280 aromata
1553 252 1674 281 ferentes
1694 254 1728 281 ad

943 302 1149 324 monumentum
1169 303 1195 325 et
1212 306 1264 325 non
1288 298 1459 325 invenientes
1479 302 1515 329 te,
1541 298 1671 325 viderunt
1689 298 1727 325 illi

942 343 1080 370 sedentem
1103 343 1228 378 angelum
1254 343 1325 370 albis
1348 343 1473 370 indutum
1490 348 1517 370 et
1537 343 1700 370 clamantem
1718 351 1729 370 .-

943 388 1068 415 Surrexit
1092 388 1243 421 Dominus;
1268 388 1431 416 festinantes
1454 388 1615 415 annuntiate
1641 388 1727 416 disci-

942 434 1014 469 pulis
1024 434 1084 469 ejus
1098 435 1337 462 resurrectionem.

978 480 1084 514 Stupet,
1098 487 1115 507 ο
1132 480 1256 513 Domina,
1282 480 1372 507 omnis
1387 483 1514 508 creatura
1532 487 1614 514 super
1627 483 1729 515 mystc-

942 525 1012 552 rium
1029 525 1068 553 tui
1089 530 1183 560 partus
1202 526 1340 553 mentibus
1360 525 1463 553 nostris
1486 525 1662 559 impervium,
1680 532 1728 559 pa‘

942 570 980 597 ris
995 570 1068 596 enim
1082 569 1164 596 Deum
1181 568 1342 596 Emmanuel
1357 569 1537 603 negotiantem
1556 572 1666 603 propter
1678 576 1728 595 nos

941 615 974 653 de
994 615 1080 642 salute
1095 615 1236 642 hominum
1252 619 1278 642 et
1293 618 1458 642 evertentem
1474 621 1557 641 cruce
1580 621 1628 641 sua
1653 621 1727 640 mor-

942 661 977 688 tis
989 661 1142 695 imperium.

1153 707 1192 732 Ad
1207 715 1282 741 quem
1298 711 1401 740 stupent
1417 706 1513 741 angeli.

975 751 1059 780 Deﬂet
1073 753 1163 779 omnis
1178 756 1305 779 creatura
1321 752 1476 786 passiOnem
1490 755 1575 784 tuam,
1587 758 1604 778 ο
1619 758 1678 778 sum
1685 757 1726 776 me.

941 796 1029 829 bone;
1042 797 1082 824 sol
1093 797 1257 824 obscuratur
1268 797 1410 824 occidente
1425 801 1452 823 te
1469 803 1552 831 super
1567 803 1688 827 crucem,
1699 798 1726 820 et

97 841 292 875 κιθειργμένοι
314 840 380 867 ποτὲ
398 841 468 876 μέγα
490 841 548 876 φῶς
559 841 659 876 ὁρῶσιν
680 842 829 877 ὑμνοῦντές
845 850 886 874 σε,

953 842 986 877 iui
1005 842 1198 870 detinebantur
1214 843 1242 869 in
1256 842 1376 870 tenebris
1390 849 1516 875 magnam
1537 841 1666 868 viderunt
1681 841 1724 866 tu-

96 885 253 920 οἰκτίρμον.

138 931 304 966 Ἑτρόμαξεν
315 931 382 967 ᾅδης
395 940 424 958 σε
438 930 500 958 ἰδὼν
517 931 586 966 μετὰ
598 931 686 967 ψυχῆς
700 932 770 967 πρὸς
783 931 889 965 τοῦτον,

96 977 244 1012 γενόμενον
262 978 362 1013 Χριστὲ
380 977 564 1012 παμϐασιλεῦ,
582 977 629 1004 καὶ
643 977 707 1009 τοὺς
727 976 776 1004 ἀπ’
793 977 891 1008 αἰῶνος

95 1024 225 1057 ἀτιεδιεου
248 1024 363 1059 νεκροὺς
392 1022 640 1059 ὰνυμνολογοῦντας
660 1023 711 1058 τὴν
729 1022 778 1058 σὴν
793 1023 889 1058 φιλανθ

97 1069 235 1105 θρωπίειν.

118 1114 236 1150 Ὧράθης
242 1114 288 1141 τοῦ
301 1115 453 1149 μνήματος,
461 1113 574 1149 Χριστὲ,
587 1113 734 1146 ἐξαναστὰς
744 1113 892 1149 φερούσαις

99 1160 235 1196 ἀρώματα
249 1162 308 1192 ταῖς
321 1160 406 1191 θείαις
421 1158 539 1194 γυναιξί*
549 1159 597 1186 καὶ
611 1158 714 1185 τούτων
731 1157 777 1185 τὸν
793 1158 892 1193 θρῆνον

101 1205 468 1242 μετεποίησας,παράκλησις
480 1204 723 1240 πάπωνῦπάρχων
732 1205 771 1234 εἰς
777 1203 890 1235 αῑῶνας.

131 1297 234 1324 ’ἰδοῦσα
247 1297 276 1324 ὃν
287 1296 380 1328 ἔτεκες
390 1296 455 1323 Θεδν
472 1296 504 1323 ὲκ
516 1295 570 1322 τῶν
580 1295 686 1331 νεκρῶν
695 1295 784 1331 χαρᾶς
795 1294 893 1331 ὤφθης

102 1342 231 1377 ἔμπλεος,
242 1342 364 1377 Παρθένε
373 1342 499 1377 Μαριάμ·
512 1341 593 1368 αὑτὸν
600 1338 647 1368 οὖν
659 1340 788 1372 δυσώπει,
800 1341 893 1368 πᾶσαν

102 1388 203 1423 λύπην,
217 1387 306 1424 ἁγνὴ,
314 1388 363 1423 τῆς
379 1387 457 1423 ἡμῶν
478 1386 590 1422 καρδίας
600 1386 713 1418 τελείως
726 1385 887 1421 ἀπαλεῖψαι.

370 1476 430 1511 Τὴν
443 1477 628 1511 φωτοφόρον.

143 1533 187 1565 Ὦς
215 1532 337 1560 κατεῖδεν
366 1533 395 1559 ὲν
428 1532 500 1567 ξύλῳ
524 1531 686 1563 ἐθελουσίως
713 1530 850 1563 τεθέντα,
877 1530 892 1557 ὁ

103 1579 308 1614 εὐγνωμότατος
330 1578 440 1615 λῃστὴς,
459 1577 600 1613 Μνήσθητί
618 1585 683 1612 μου,
710 1577 785 1608 ὲσόα,
808 1576 893 1612 ἡνίκα

103 1625 195 1662 ἕλθῃτ,
218 1624 319 1660 Ἰησοῦ,
334 1625 362 1651 ἐν
382 1625 416 1660 τῇ
433 1624 557 1659 βασιλείᾳ
568 1631 626 1656 σου,
638 1623 685 1649 καὶ
693 1623 789 1656 γέγονε
805 1630 894 1657 παρα-

103 1670 192 1699 δείσου
203 1671 323 1706 οἰκήτωρ
338 1670 429 1697 πίστει
445 1669 513 1705 μόνῃ
528 1668 623 1704 ἀληθεῖ
633 1667 797 1699 δικαιωθείς.

138 1717 172 1749 Σὲ
186 1717 302 1743 κατιδὼν
319 1715 458 1751 ἐνεκρώθη
470 1717 498 1741 ὲν
507 1715 563 1746 τοῖς
577 1713 801 1750 νεκροῖς,Σῶτερ,
814 1713 889 1748 ᾁδηςι

105 1765 151 1792 καὶ
178 1763 302 1790 ἀπεδίδου
333 1762 396 1793 τοὺς
424 1761 538 1796 νεκροὺς
565 1760 611 1791 οὒς
643 1759 757 1787 κατέπιε
785 1759 868 1785 πάλαι
883 1778 891 1789 ,

104 1808 310 1842 δοξο).ογοῦντάς
328 1817 387 1840 σου,
406 1808 516 1843 Χριστὲ,
536 1806 583 1841 τὴν
597 1806 714 1842 ἄρρητον
727 1804 851 1839 δύναμιν,
863 1803 893 1830 τὸ

104 1855 188 1887 ἔλεος,
201 1854 251 1889 τὴν
272 1854 371 1889 πολλὴν
395 1852 595 1888 εὐσπλαγχνίαν
613 1859 620 1866 “
636 1852 669 1878 δι’
683 1848 717 1886 ἧς
744 1850 831 1877 σῶσον
847 1850 893 1876 καὶ

105 1901 190 1936 ἡμᾶς,
206 1899 395 1934 παμϐασιλεῦ.

138 1943 240 1971 *Ηλθον
255 1945 416 1979 κομίζουσαι
432 1943 507 1979 μύρα
528 1943 575 1970 ἐπὶ
595 1942 626 1969 τὺ
643 1941 736 1977 μνῆμα
752 1941 891 1975 γυναῖκες,

103 1990 152 2018 καὶ
170 1990 326 2017 κατιδοῦσαι
355 1998 395 2023 σε,
410 1989 523 2025 Χριστὲ,
539 1989 571 2015 ὲκ
598 1987 705 2023 νεκρῶν
735 1986 892 2021 ἐγερθέντα,

103 2037 192 2071 χαρᾶς
226 2035 402 2072 ἐπλήσθησαν
434 2034 539 2069 πολλῆς
555 2053 564 2066 ,
591 2034 639 2060 καὶ
663 2032 823 2064 ἀποστόλοις
846 2040 892 2058 σου

104 2081 274 2116 ἀπήγγειλαν
289 2081 326 2113 ὡς
337 2080 458 2117 ὴγέρθης
469 2081 501 2107 ὲκ
509 2080 606 2114 τάφου,
619 2078 777 2114 συνεγεῐρας
791 2078 893 2113 κόσμον

104 2129 164 2156 ὅλον
180 2128 280 2163 ἐαυτῷ.

213 2175 367 2209 Θηύματος
380 2172 540 2207 ὑπερφυῶς
554 2173 573 2206 ἡ
589 2172 783 2207 δροσοϐόλος.

141 2229 262 2255 Θάνατον
275 2227 436 2259 ἐθελουσίως
453 2226 588 2259 κατεδέξω
609 2225 798 2260 ἀνυψούμενος
811 2223 895 2258 σαρκὶ

105 2275 134 2301 ἐν
148 2274 230 2309 ξύλῳ,
253 2274 302 2301 καὶ
327 2273 399 2309 ὀρῶν
427 2281 457 2299 σε
484 2272 560 2307 ἥλιος
586 2271 755 2306 ἀπεσϐέσθη1
773 2270 821 2296 καὶ
846 2268 893 2295 τοῦ

105 2319 172 2346 ναοῦ
195 2319 211 2353 ἡ
245 2318 390 2358 φαιδρότης
412 2317 560 2353 διεῤῥᾶγη,
589 2316 788 2350 παντοδύναμε·
804 2314 844 2341 διὸ
865 2322 895 2341 σε

107 2364 256 2400 ῥμνοῦμεν,
273 2364 474 2399 ἁναμέλποντες
487 2372 493 2379 ·
507 2362 660 2397 Εὐλογειτω
671 2363 696 2404 ἡ.
705 2362 803 2394 κτίσις.

144 2452 280 2487 Ἐὄλεψαν
295 2453 319 2479 οἱ
337 2453 366 2480 ὲν
382 2452 447 2487 σκιᾷ
471 2452 555 2479 πάλαι
575 2450 692 2477 θανάτου
716 2449 895 2485 καθεζόμενοι

107 2498 203 2526 ἄδυτον
216 2499 327 2533 φέγγος,
338 2499 366 2524 ἐν
374 2499 465 2529 αὐτοῖς
473 2506 531 2531 σου,
543 2496 814 2532 Κύριε,κατα6άντος
827 2495 897 2530 μετὰ

106 2544 207 2579 ψυχῆς·
224 2546 271 2570 καὶ
286 2543 393 2578 δεσμῶν
408 2543 462 2569 τῶν
478 2543 594 2570 αἰωνίων
611 2542 796 2577 ἀπελύθησαν,
808 2541 896 2576 μεγά-

107 2591 160 2622 λως
177 2589 326 2626 ὑμνοῦντές
340 2598 380 2623 σε,
391 2591 437 2616 καί
449 2589 585 2624 λέγοντες’
602 2588 780 2623 Εὐλογείτωὴ
795 2589 894 2621 κτίσις.

144 2678 272 2713 Ὀρθριαι
286 2677 354 2713 πρὸς
365 2677 395 2704 τὸ
413 2678 544 2713 μνημεῖον
569 2676 736 2704 ἀπελθοῦσαι
761 2676 896 2711 ἐξαστρά-

108 2729 210 2748 πτοντα
224 2722 337 2756 ἄγγελον
348 2720 417 2748 εἶδον
431 2721 459 2747 αἱ
471 2722 608 2755 γυναῖκες,
617 2721 742 2755 λέγοντα·
751 2721 895 2755 Ἐξανέστη
904 2739 910 2744 .

108 2769 122 2794 ὀ
133 2767 290 2803 Λυτρωτὴς,
307 2768 334 2794 τί
353 2768 398 2794 τὸν
416 2767 505 2799 ζῶντα
520 2768 548 2793 ὲν
563 2769 670 2802 νεκροῖς
684 2767 724 2794 ἔτι
737 2767 894 2801 λογίζεσθε;

107 2812 307 2848 ἐμπλησθεῖσαι
318 2813 404 2848 χαρᾶς
415 2812 594 2847 ἅναῦοὴσατε·
606 2812 757 2847 Εὑλογείτω
770 2814 785 2848 ἡ
798 2813 894 2845 κτίσις.

906 910 908 913 .
941 896 1012 921 cem,
1028 892 1102 915 tuam
1118 888 1290 916 celebrantes
1307 887 1534 915 misericordiam.

976 934 1164 962 Tremel‘actus
1178 940 1220 962 est
1240 933 1364 961 infernus
1379 941 1441 960 cum
1459 933 1526 960 vidit
1545 936 1571 959 te
1585 932 1611 958 in
1633 930 1725 957 anima

942 981 1109 1013 venientem,
1132 980 1241 1008 Christe
1264 988 1309 1007 rex
1339 979 1523 1013 omnipotens,
1552 976 1726 1008 restituitque

941 1035 1035 1056 omnes
1052 1034 1067 1054 a
1078 1027 1180 1055 saeculo
1198 1025 1344 1053 defunctos
1363 1029 1437 1052 tuam
1453 1024 1596 1051 laudantes
1613 1022 1724 1056 philan-
1760 1051 1762 1053 ν

944 1073 1095 1108 tbropiam.

980 1118 1138 1146 Suscitatus
1155 1126 1170 1145 e
1196 1117 1301 1145 tumulo
1322 1117 1398 1144 visus
1421 1123 1450 1143 es
1467 1122 1481 1141 a
1497 1113 1659 1141 mulieribus
1673 1112 1726 1148 piis

941 1169 1064 1193 aromata
1087 1163 1248 1195 ferentibus,
1268 1163 1337 1190 etin
1357 1162 1487 1197 gaudium
1510 1159 1616 1187 vertisti
1635 1159 1725 1185 luctus

941 1217 1047 1243 earum,
1062 1217 1123 1238 cum
1142 1210 1181 1238 sis
1197 1210 1317 1237 omnium
1335 1208 1486 1236 consolatio
1504 1213 1550 1241 per
1570 1205 1660 1232 omnia
1676 1212 1726 1231 5a:-

942 1257 1015 1285 cula.

976 1300 1079 1328 Videris
1103 1309 1183 1336 quem
1207 1300 1324 1335 genuisti
1350 1307 1364 1326 a
1391 1298 1507 1325 mortuis
1536 1300 1724 1332 resurgontmn

941 1347 1043 1382 repleta
1060 1354 1090 1374 es
1106 1346 1215 1381 gaudio,
1229 1345 1313 1381 Virgo
1328 1344 1422 1371 Maria.
1439 1343 1513 1377 Roga
1537 1342 1620 1376 igitur
1637 1341 1725 1373 illum,

943 1392 1130 1425 immaculata,
1147 1396 1178 1419 ut
1190 1399 1299 1418 omnem
1317 1390 1426 1418 auferat
1439 1389 1559 1416 dolorem
1571 1395 1584 1413 a
1596 1387 1726 1413 cordibus

944 1438 1057 1466 nostris.

1147 1483 1212 1516 Qum
1230 1482 1303 1509 nobis
1321 1481 1411 1508 attulit
1428 1481 1521 1507 Iuram.

978 1541 1046 1568 Cum
1070 1539 1136 1567 vidit
1156 1539 1248 1566 Jesum
1265 1537 1417 1565 voluntarie
1441 1535 1550 1561 allium)
1576 1534 1662 1564 cruci,
1678 1533 1728 1561 bo-

944 1595 996 1614 nus
1011 1587 1079 1613 latro
1094 1584 1256 1613 exclamavit
1270 1583 1362 1613 :Jcsu.
1380 1584 1515 1608 memento
1532 1579 1594 1611 mei,
1606 1586 1668 1606 cum
1685 1586 1728 1605 vc-

942 1632 1018 1660 neris
1033 1631 1059 1658 in
1073 1638 1185 1666 regnum
1199 1634 1288 1662 tuum,
1301 1632 1329 1655 et
1341 1628 1429 1654 factus
1441 1630 1483 1653 est
1493 1625 1580 1652 incola
1596 1623 1727 1658 paradisi,

943 1677 1001 1705 sola
1017 1676 1069 1703 [ide
1087 1683 1137 1702 sua
1155 1683 1217 1702 vere
1230 1674 1410 1709 justiticalus.

978 1723 1016 1749 Te
1036 1721 1130 1749 videns
1150 1721 1221 1747 inter
1247 1723 1382 1751 mortuos,
1399 1718 1432 1745 ad
1457 1716 1572 1743 nihilum
1601 1715 1728 1741 redactus

943 1771 984 1795 est
1001 1767 1134 1795 infernus.
1160 1764 1335 1799 restituitque
1361 1770 1430 1798 quos
1455 1761 1633 1788 absorlnu‘rat
1656 1766 1728 1785 mor-

944 1816 1018 1845 tuos,
1029 1815 1104 1838 tuam
1114 1809 1285 1837 celebrantes
1298 1811 1457 1842 potestatem
1473 1810 1499 1832 et
1512 1802 1727 1831 miscricordiam

944 1863 1069 1892 magnam
1086 1863 1135 1890 per
1149 1862 1229 1889 quam
1250 1853 1357 1881 salvare
1370 1859 1420 1879 nos
1434 1851 1556 1886 digneris
1571 1849 1727 1876 dominator

944 1901 1076 1930 Otuuium.

979 1947 1106 1974 Mulieres
1132 1949 1267 1973 venerunt
1301 1943 1333 1970 ad
1373 1946 1580 1969 monumentum
1613 1939 1728 1966 ferentes

944 1996 1084 2024 aromata;
1100 1990 1222 2018 videntes
1231 1994 1267 2022 te,
1280 1989 1399 2020 Christe,
1415 1995 1429 2013 a
1444 1987 1560 2014 mortuis
1575 1993 1616 2013 Stll
1626 1985 1730 2012 rexisse

945 2046 1042 2073 magno
1073 2037 1216 2071 completa!
1244 2040 1307 2062 sunt
1337 2035 1449 2069 gaudio,
1479 2033 1730 2064 numinrernulqne

944 2084 1075 2118 apostolis
1091 2084 1152 2118 quia
1175 2091 1223 2117 per
1242 2081 1471 2109 resurrectionem
1490 2084 1564 2106 tuam
1580 2082 1666 2105 totum
1681 2084 1731 2104 c.\'-

946 2131 1085 2159 suscitasti
1104 2130 1249 2157 mundum.

1119 2174 1172 2202 Ro:
1189 2179 1287 2200 natura
1304 2180 1353 2199 sua
1373 2170 1552 2198 admirabilis.

980 2222 1010 2248 ln
1033 2227 1115 2248 carne
1138 2223 1247 2247 erectus
1262 2226 1345 2253 super
1367 2224 1476 2245 crucem
1497 2220 1612 2243 mortem
1637 2214 1732 2241 subire

945 2265 1055 2293 voluisti
1073 2264 1146 2298 quod
1162 2263 1257 2290 videns
1273 2262 1315 2290 sol
1329 2262 1495 2289 obscuratus
1511 2264 1552 2287 est
1567 2263 1594 2286 et
1609 2259 1729 2285 scissum

945 2316 987 2340 est
1004 2311 1092 2339 velum
1105 2309 1211 2344 templi;
1231 2308 1408 2343 quamobrem
1421 2307 1563 2333 laudanms
1581 2308 1618 2336 te,
1636 2302 1729 2330 omni-

945 2361 1054 2392 potens,
1070 2355 1188 2382 canticis
1203 2353 1317 2385 nostris,
1338 2351 1429 2380 omnis
1440 2355 1568 2378 creatura
1582 2347 1730 2376 benedicat

946 2402 1006 2429 tibi.

981 2447 1034 2481 Qui
1060 2446 1126 2474 olim
1151 2445 1283 2473 sedebant
1311 2444 1336 2471 in
1356 2443 1451 2470 umbra
1467 2441 1564 2469 mortis
1580 2439 1732 2467 inaccessi-

946 2493 1001 2520 bile
1024 2492 1152 2519 viderunt
1179 2491 1281 2517 lumen.
1307 2489 1373 2517 Cum
1404 2487 1583 2520 descendisti,
1611 2486 1732 2518 Christo,

947 2547 1009 2566 cum
1027 2537 1118 2565 anima
1136 2538 1205 2563 inter
1220 2536 1292 2567 illos,
1304 2543 1337 2562 ex
1351 2535 1467 2561 vinculis
1483 2533 1569 2568 erepti
1582 2537 1731 2561 suntattcr~

947 2584 1000 2616 nis,
1016 2584 1069 2610 alte
1085 2582 1263 2609 decantantcs
1283 2580 1332 2607 tibi
1348 2579 1483 2615 llymnum
1503 2579 1627 2606 dicentes
1641 2588 1648 2605 ι
1663 2579 1731 2606 0m-

947 2631 989 2656 nis
1007 2628 1150 2656 benedicat
1168 2632 1307 2655 creatura.

981 2674 1059 2701 Mane
1071 2681 1134 2700 cum
1153 2678 1288 2700 venerunt
1307 2672 1341 2698 ad
1362 2676 1580 2702 monumentum,
1605 2669 1737 2696 viderunt?

947 2720 1072 2755 angelum
1089 2719 1134 2754 qui
1148 2718 1284 2746 dixiteis:
1299 2717 1612 2745 RcsurrcxitLiberator
1628 2719 1729 2746 uoster;

947 2766 1010 2800 quid
1027 2770 1069 2792 est
1086 2765 1159 2799 quod
1175 2765 1265 2792 adhuc
1280 2765 1355 2792 Ηιιιιιι
1368 2765 1490 2799 qttazritis
1502 2763 1574 2790 inter
1591 2759 1733 2789 montuosi

948 2811 1052 2839 Gaudio
1066 2811 1172 2846 repleta:
1187 2812 1319 2839 clamate:
1335 2810 1479 2839 Benedicat
1493 2811 1582 2838 omnis
1597 2811 1726 2834 creatura.
