1905 3078
108 179 175 213 3937

800 177 1003 206 TRIODIUM.

1666 177 1735 207 309.8

142 233 202 264 Φῶς
219 232 249 259 τὸ
264 229 422 266 ὲπιλάμῷαν
448 230 503 262 τοῖς
528 230 692 265 καθημένοις
711 231 740 256 ὲν
766 231 828 264 σκιᾷ
854 229 895 255 eoi.

985 231 1053 256 Cum
1079 229 1180 262 ridisti,
1206 228 1298 264 Virgo,
1325 227 1428 260 lumen,
1447 228 1573 257 sedentes
1588 228 1616 257 in
1642 232 1734 258 Ulllitl':l

108 279 239 310 θανάτου,
256 276 390 313 Παρθένε,
408 277 439 301 ὲκ
454 275 558 310 νεκρῶν
572 275 609 306 ὡς
630 275 746 309 ἕϐλεψας
761 275 898 306 ἐξανατεῖ-

107 325 156 352 λαν
168 325 206 355 ὡς
220 323 297 359 ἥλιον
313 323 362 349 σὺν
375 320 484 355 γυναιξὶ
509 320 609 352 πάσαις
627 321 791 356 μυροφόροις
812 320 898 352 ἐδοξο-

107 371 198 404 λόγεις
211 368 371 405 χορεύουσα.

250 411 285 438 Τὸ
306 411 431 445 φαεινὸν
448 410 522 444 ἡμῖν
539 410 741 442 ὲξανάτειλον.

143 459 233 492 Δῆμος
254 456 387 491 Ἐϐραίων
397 464 427 482 σε
441 456 487 482 τὸν
500 455 685 491 μακρόθυμον,
702 456 783 490 Λόγε,
799 455 898 482 ἐσταύ-

109 512 191 538 ρωσε,
207 503 292 538 δῆμον
307 501 420 536 ἄπειρον
440 501 488 528 καὶ
509 501 573 535 ἔθνη
591 501 698 528 ἅπαντα
713 503 747 536 τῇ
769 503 801 536 σῇ
819 509 899 527 σταυ-

111 550 191 581 ρώσει
210 548 328 581 σώζοντα
340 568 348 581 ,
367 547 540 583 φιλάνθρωπε
554 548 663 582 Χριστὲ,
680 549 693 574 ὁ
707 547 773 579 Θεὸς
790 547 877 582 ἡμῶν.

144 639 181 664 Οὐ
210 636 420 672 παρεσάλευσας
444 635 520 662 λίθου
546 635 690 670 σήμαντρα
704 636 736 670 τῇ
752 634 898 662 ἀναστάσει

110 694 167 717 σου,
183 684 220 715 ὡς
235 684 283 709 οὐκ
303 681 409 717 ἦνοιξας
425 683 453 707 ὲν
475 683 508 717 τῇ
527 682 651 715 γεννήσει
668 689 713 707 σου
729 681 777 716 τῆς
795 680 898 716 παρθε-

109 730 168 761 νίας
182 728 294 763 κλεῖθρα
310 729 359 762 τῆς
376 726 509 762 τεκούσης
523 735 562 759 σε,
578 727 689 761 Χριστὲ,
703 727 717 753 ὁ
731 725 796 758 Θεὸς
807 726 896 761 ἡμῶν.

143 819 216 853 Ξένῳ
231 817 269 853 τῷ
285 818 404 852 σχήματι
419 816 583 850 θεασάμεναι
606 815 686 846 θεὶως
709 814 898 849 ἀστράπτοντα

111 864 155 890 τὸν
164 864 310 897 ἀσώματον
321 863 447 896 γυναῖκες
456 860 589 895 ἔκθαμϐοι
597 859 780 895 γεγενημέναι
788 859 896 895 ἢκουον·

110 909 157 943 Μὴ
170 907 289 940 κλαίετε,
307 907 406 942 ἀνέστη
417 907 431 933 ό
448 907 561 941 Κύριος.

146 999 241 1031 Ἀγιον
248 997 348 1033 Κύριον
355 997 409 1024 τῶν
421 997 572 1032 δυνάμεων,
584 996 842 1033 ἄχραντε,τέτοκας,
855 997 900 1023 τὸν

107 1044 265 1070 κενώςαντα
292 1043 357 1078 ᾅδου
383 1043 505 1078 βασίλεια
521 1042 715 1078 Θεογεννῆτορ,
732 1043 779 1069 καὶ
801 1051 898 1069 συναν-

108 1090 267 1125 αστήσαντα
284 1089 429 1124 ἀνθρώπου
445 1088 476 1114 τὸ
493 1088 616 1123 φύραμα.

230 1136 284 1163 Τξν
304 1135 374 1168 τοὺς
394 1135 583 1169 ὐμνολόγους
601 1134 636 1160 ὲν
654 1134 776 1168 καμίνῳ.
824 1143 831 1149 ·

145 1183 197 1209 Τὸν
209 1182 368 1212 ἐθελουσίως
380 1180 571 1216 σταυρωθέντα
586 1179 632 1206 καὶ
645 1179 755 1206 τεθέντα
770 1180 798 1205 ὲν
810 1178 897 1212 τὰφιχ),

110 1230 157 1256 καὶ
184 1228 396 1263 καταργήσαντα
419 1226 465 1253 τοῦ
490 1226 606 1253 Θανάτου
621 1226 652 1252 τὸ
666 1225 766 1260 κράτος
782 1225 899 1260 Χριστὸν

110 1276 155 1302 τὸν
170 1275 247 1301 (De/tv.
792 1303 796 1306 ,

148 1319 252 1353 Ὠφθης
274 1317 395 1351 γυναιξὶν
417 1317 601 1353 ἐγηγερμένος
625 1317 656 1344 ἐκ
679 1316 725 1342 τοῦ
749 1316 898 1351 μνήματος,

112 1365 215 1399 Σῶτερ,
234 1363 455 1398 εὐαγγελιστρία;
468 1363 629 1394 ἀποστείλας
642 1362 726 1393 αὑτὰς
741 1361 899 1392 ἀποστόλοις

114 1418 175 1436 σοιν
198 1410 239 1435 διό
257 1417 286 1435 σε
303 1408 541 1444 δινυμνολογοῦμεν
565 1409 605 1440 εἰς
629 1408 733 1438 πάντας
754 1407 816 1437 τοὺς
833 1406 899 1432 αΞῶ‹

112 1466 170 1488 νας.

147 1503 280 1533 Θάνατον,
294 1502 404 1537 Χριστὲ,
428 1501 465 1536 τῷ
487 1501 525 1536 σῷ
549 1501 656 1535 Θανάτῳ
679 1499 836 1530 θανατώσας
850 1500 897 1526 ἀν-

112 1549 203 1583 έστης,
221 1548 268 1574 καὶ
283 1548 417 1575 ἀθανάτου
440 1556 487 1574 σου
505 1547 568 1578 τοὺς
591 1547 719 1577 θανόντας
743 1545 815 1581 ζωῆς
831 1554 897 1572 κατ-

112 1594 250 1629 τιξὶωσας·
274 1594 314 1620 διό
338 1602 367 1620 σε
388 1593 624 1628 ἀνυμνολογοῦμεν
647 1593 686 1624 εὶς
708 1592 812 1624 πάντας
836 1593 899 1623 τοὺς

113 1640 222 1671 αἰῶνας.

147 1686 235 1720 Ἕφης
255 1685 386 1720 μαθηταῖς
401 1684 596 1720 ἐγηγερμένος
619 1685 664 1716 Εἰς
685 1684 732 1711 τὸν
755 1684 898 1719 σύμπαντα

113 1732 213 1766 κόσμον
228 1731 346 1766 κηρῦξαι
360 1731 496 1757 σπεύσατε
516 1731 566 1766 τὴν
584 1733 653 1766 ἐμὴν
666 1732 836 1764 δυναστείαν,
853 1730 898 1763 ἐξ·

112 1777 234 1812 αίροντες
259 1777 288 1802 τὸ
314 1776 409 1807 σκότος
429 1776 479 1810 τῆς
504 1776 648 1808 πολυθεῖας
661 1777 731 1811 φωτὶ
757 1776 808 1811 τῆς
833 1777 900 1811 άλη-

111 1823 196 1854 θείας.

153 1871 196 1900 Ὧς
210 1868 265 1895 τῶν
277 1868 398 1903 οὐρανῶν
415 1868 567 1904 ὑψηλοτέρα
577 1888 584 1900 ,
598 1869 644 1895 καὶ
659 1867 799 1903 Χερουϐὶμ
814 1867 900 1902 ὑπερ-

110 1914 177 1948 τέρα
189 1914 340 1949 τιμιωτέρα
355 1922 385 1940 τε
397 1934 403 1946 ,
422 1914 544 1947 παναγία
561 1914 694 1948 Παρθένε,
708 1913 758 1948 τῆς
773 1913 897 1944 κτίσεως,

110 1960 230 1987 δυσώπει
247 1959 316 1995 ὑπὲρ
331 1959 384 1986 τῶν
397 1961 426 1986 ἐν
444 1959 535 1986 πίστει
548 1960 591 1986 ἀεί
605 1968 633 1985 σε
648 1959 825 1992 δοξαζὸντων.

226 2045 285 2079 Τὴν
303 2045 449 2080 ζωοδόχον
467 2046 570 2080 πηγὴν
589 2046 645 2079 τὴν
664 2045 784 2073 ἀέναον.

145 2090 334 2124 Ἀγαλλιάσθω
349 2091 365 2125 ἡ
381 2091 417 2126 γῆ
434 2091 508 2118 πᾶσα
525 2092 655 2126 σήμερον,
669 2092 716 2118 καὶ
729 2092 898 2127 εὐφροσύνην

110 2138 220 2172 νεφέλαι
239 2138 398 2172 ρανάτωσαν
409 2146 416 2152 ·
432 2139 445 2164 ὁ
461 2139 510 2173 τῆς
521 2138 600 2172 δόξης
616 2139 717 2175 Κύριος
733 2139 899 2174 σταυρωθεὶς

110 2184 271 2219 ἐγήγερται,
289 2183 391 2219 φθορᾶς
414 2183 528 2210 θανᾶτου
551 2185 625 2218 ἡμᾶς
640 2185 835 2221 ἐλευθερώσας,
852 2186 898 2212 καὶ

109 2230 250 2265 ἀφθαρσίᾳ
262 2229 423 2265 λαμπρύνας
437 2230 474 2261 ὡς
491 2229 686 2267 εὔσπλαγχνος.

145 2276 226 2310 Μύρα
251 2276 317 2302 ποτὲ
342 2276 518 2310 κομιζούσαις
537 2277 585 2305 σὺν
605 2278 720 2312 δάκρυσι
735 2277 794 2308 ταῖς
813 2277 899 2312 ἱεραῖς

110 2321 233 2355 γυναιξὶν
256 2321 446 2355 ἁπεφθέγγετο
472 2323 486 2349 ό
512 2323 678 2358 ἀστράπτων
701 2322 815 2357 ἄγγελος
841 2331 900 2356 φαιο

109 2368 191 2402 δρῶς’
204 2366 249 2393 Ἐν
262 2367 301 2402 τῷ
319 2368 442 2403 μνήματι
459 2368 527 2403 μετὰ
542 2368 647 2404 νεκρῶν
663 2369 711 2403 τὴν
726 2368 799 2403 ζωὴν
812 2362 899 2394 τίὲκ-

111 2412 235 2448 ζητεῖτες
258 2413 324 2439 Ἰδοὺ
341 2414 443 2449 ἀνέστη
461 2415 581 2448 φωτίσας
593 2415 627 2441 τὰ
643 2416 797 2449 σύμπαντα.

153 2459 186 2484 Ἡ
207 2460 353 2494 φωταυγὴς
371 2459 419 2486 τοῦ
436 2460 503 2486 Θεοῦ
519 2459 596 2495 ἡμῶν
611 2459 719 2495 ἕγερσις
736 2460 806 2496 ὑπὲρ
823 2460 898 2495 ἡλίου

112 2503 199 2537 αὐγὰς
214 2503 440 2538 καταλάμπουσα,
459 2505 520 2536 τοὺς
534 2505 646 2536 πιστοὺς
661 2505 690 2532 ὲν
705 2505 845 2540 Πνεῦματι
860 2506 898 2537 εἰς

113 2549 214 2580 αἰῶνας
227 2549 351 2581 ἅπαντας
367 2551 545 2584 φωταγωγεί,
561 2550 654 2584 ὁδηγεῖ
668 2550 736 2585 πρὸς
750 2551 897 2586 σωτηρίαν,

111 2595 144 2630 ἣν
158 2594 273 2631 καθαρῷ
287 2594 409 2631 λογισμῷ
425 2596 608 2631 ἑορτάσωμεν.

144 2641 374 2676 Νενεκρωμένους
387 2642 460 2676 ἡμᾶς
476 2641 694 2676 παραπτώμασιν
716 2642 732 2676 ὴ
756 2641 803 2676 τὴν
826 2641 898 2675 ζωὴν

109 2685 158 2720 τὴν
173 2684 283 2712 αἰώνιον
298 2685 409 2718 τέξασα,
423 2685 547 2717 Θεοτόκε,
561 2685 680 2718 ζώωσον,
694 2687 740 2712 καὶ
754 2688 841 2713 ποιεῖν
856 2687 899 2712 εὑ-

109 2731 209 2758 όδωσον
233 2731 268 2756 τὰ
291 2731 359 2765 πρὸς
381 2731 453 2766 ζωὴν
467 2731 575 2766 ἀληθῶς
597 2731 810 2767 καθοδηγοῦντα,
826 2733 899 2762 ὅπως

111 2776 215 2808 πιστῶς
233 2785 262 2802 σε
278 2777 321 2804 ἀεὶ
338 2777 544 2812 μεγαλύνωμεν.

289 2823 344 2848 Τὸν
362 2821 396 2848 ἐν
415 2823 528 2856 καμίνῳ
545 2824 598 2851 τοῦ
618 2824 722 2858 πυρός.

146 2866 198 2893 Tw
224 2867 363 2901 ὑψωθέντα
389 2868 416 2894 ὲν
445 2868 552 2903 σταυρῷ
567 2870 613 2895 καὶ
629 2871 748 2904 ταφέντα
769 2870 796 2895 ἐν
818 2869 898 2904 σαρκὶ

950 276 1046 302 mortis
1075 275 1248 311 illuminans.
1268 281 1384 308 surgens
1407 282 1441 302 ex
1473 275 1588 303 tnortuis
1617 281 1645 302 ut
1675 278 1735 309 sol,

950 320 1068 347 miscens
1082 324 1108 346 te
1126 319 1287 346 mulieribus
1309 327 1370 354 qum
1388 319 1511 346 ferebam
1526 325 1659 354 aromata,
1675 330 1736 349 cum

949 366 1002 393 illis
1020 365 1247 401 conglorificabas
1264 366 1420 393 Dominum.

1167 409 1265 436 Lumen
1279 410 1417 444 producito
1435 411 1518 438 nobis.

984 455 1106 490 Populus
1124 454 1277 483 chraicus
1300 456 1384 484 allixit
1401 460 1428 484 te
1445 457 1520 483 cruci
1536 457 1728 492 longanimiter

949 503 1104 538 patientem,
1117 505 1145 529 et
1165 506 1212 530 tuo
1229 502 1280 529 hoc
1296 503 1431 537 supplicio
1449 502 1579 530 mundum
1597 503 1734 530 inlinitum

949 555 1099 582 omnesque
1129 552 1224 583 gentes
1259 548 1431 582 salvantem,
1461 548 1540 576 valde
1578 548 1736 576 misericors

949 594 1022 621 Deus
1038 598 1141 621 noster.

984 638 1044 665 Non
1078 638 1238 672 confregisti
1271 637 1393 673 sigillum
1420 638 1519 674 lapidis
1555 638 1582 665 in
1610 645 1735 665 resurre-

948 685 1037 712 ctione
1047 689 1103 715 tua,
1113 684 1184 711 sicut
1199 684 1226 710 in
1237 685 1375 711 nascendo
1388 685 1484 711 matris
1500 683 1679 719 parturientis
1695 687 1735 715 te,

949 731 1020 757 Deus
1036 737 1140 762 noster,
1157 729 1263 756 vulvam
1287 737 1341 757 non
1369 737 1530 766 aperueras,
1555 729 1654 756 intacta
1675 730 1736 765 ejus

949 775 1115 809 virginitate.

985 820 1111 847 Mulieres
1128 828 1190 846 cum
1203 820 1338 846 vidissent
1359 822 1485 854 angelum
1510 823 1608 854 praeter
1631 827 1735 847 morem

951 866 1080 893 vestitum
1105 865 1221 899 luceque
1245 864 1424 900 rcfulgeutem
1450 865 1566 895 caelesti,
1585 864 1735 898 obstupue-

950 916 1014 938 runt
1043 911 1100 938 luce
1124 910 1267 938 audientes
1288 911 1370 937 verba
1389 919 1395 937 :
1413 909 1502 938 Nolite
1522 910 1596 944 flere,
1613 917 1738 937 resurre-

951 958 991 984 xit
1007 956 1150 984 Dominus.

985 1002 1130 1037 Peperisti,
1149 1003 1334 1036 immaculata,
1350 1001 1396 1029 Dei
1417 1009 1515 1037 parens
1538 1006 1662 1030 sanctum
1683 1002 1736 1029 Do-

949 1048 1054 1075 minum
1082 1047 1312 1081 Dominatiouum,
1337 1048 1488 1075 inferorum
1517 1055 1672 1075 eversorem
1701 1052 1728 1076 et

949 1101 1043 1122 Secum
1061 1101 1156 1121 omnes
1168 1094 1293 1121 homines
1308 1101 1454 1128 assurgere
1470 1092 1625 1120 facientem.

1106 1138 1242 1174 llymnum
1263 1139 1289 1164 ἰιι
1308 1137 1416 1172 fornace
1429 1142 1577 1164 cantantes.

985 1183 1145 1211 Voluntarie
1164 1184 1324 1212 crucifixum
1354 1188 1380 1211 et
1407 1184 1524 1218 positum
1554 1183 1581 1209 in
1611 1182 1737 1217 sepulcro

949 1230 1090 1257 Christum
1121 1231 1227 1262 Deum,
1261 1231 1367 1258 irritam
1400 1229 1543 1256 facientem
1574 1231 1736 1263 potestatem

950 1275 1048 1302 mortis
1058 1275 1239 1304 celebremus.

961 1315 964 1319 ’
989 1319 1070 1348 Vi3us
1098 1328 1136 1353 es,
1164 1320 1300 1353 Salvator,
1329 1319 1491 1348 mulieribus
1518 1325 1533 1345 a
1558 1322 1734 1345 monumento

950 1365 1105 1400 evigilatus,
1121 1374 1189 1400 quas
1205 1367 1290 1394 mittis
1305 1366 1338 1393 ad
1358 1365 1497 1400 apostolos
1521 1366 1572 1394 hoc
1592 1367 1734 1394 nuntiatu-

951 1416 996 1436 ras
1011 1415 1179 1445 quapropter
1194 1410 1338 1438 laudamus
1359 1414 1385 1436 te
1402 1417 1449 1444 per
1465 1418 1545 1438 omne
1561 1414 1674 1438 factum.

986 1494 1105 1527 Christe,
1118 1498 1205 1522 morte
1218 1499 1266 1522 tua
1282 1500 1396 1522 tnortem
1413 1503 1560 1530 resurgens
1577 1494 1737 1522 destruxisti

950 1545 977 1568 et
1003 1540 1101 1576 dignos
1126 1540 1242 1568 effecisti
1270 1546 1392 1568 mortuos
1411 1541 1457 1575 qui
1489 1541 1571 1567 vitam
1601 1541 1734 1568 haberent

951 1590 1080 1613 mternant
1095 1594 1103 1619 ;
1120 1586 1298 1620 quamobrem
1322 1586 1509 1613 bcnedicimus
1532 1585 1581 1612 tibi
1607 1586 1737 1613 saeculum

950 1639 1000 1667 per
1012 1639 1104 1659 omne.

986 1678 1178 1705 Exsuscitatus
1203 1677 1296 1705 dixisti
1320 1677 1483 1712 discipulis:
1508 1679 1682 1707 chtinautes
1702 1681 1737 1708 ite

951 1731 998 1758 per
1009 1728 1095 1750 totum
1125 1723 1257 1750 mundum
1291 1723 1450 1751 nuntiantes
1474 1732 1561 1751 meam
1587 1726 1737 1759 potentiam

950 1769 1076 1804 fugantes
1093 1768 1254 1804 gentilitatis
1271 1768 1398 1796 tenebras
1424 1773 1454 1796 ut
1474 1769 1551 1796 locus
1580 1770 1660 1797 detur
1681 1770 1737 1798 luci

950 1815 1083 1842 veritatis.

986 1860 1055 1888 Cum
1075 1867 1158 1894 super
1178 1859 1264 1886 ccelos
1280 1859 1318 1886 sis
1331 1859 1449 1888 exaltata
1465 1864 1492 1887 et
1507 1861 1652 1894 praemincs
1665 1861 1737 1888 Che-

949 1908 1049 1939 rubim,
1068 1907 1130 1942 plus
1143 1907 1304 1934 honoranda
1320 1908 1426 1935 caeteris
1441 1907 1569 1935 omnibus
1590 1908 1736 1940 creaturis,

949 1954 1030 1989 Virgo
1042 1954 1154 1980 omnino
1171 1957 1278 1987 sancta,
1297 1953 1380 1982 funde
1397 1961 1494 1989 preces
1509 1961 1557 1988 pro
1579 1953 1737 1988 glorifican—

949 2001 1021 2028 tibus
1035 2004 1061 2027 te
1076 1998 1254 2028 contidenter.

1039 2045 1149 2073 Famem
1166 2046 1226 2073 vita:
1242 2046 1270 2072 in
1295 2049 1422 2072 aternum
1447 2049 1644 2075 scaturientem.

986 2091 1088 2119 Laetare
1103 2090 1195 2122 hodie,
1210 2090 1300 2118 omnis
1327 2094 1409 2124 terra,
1427 2091 1574 2128 plnantque
1594 2094 1679 2121 nubes
1692 2094 1737 2129 ju-

949 2137 1090 2164 ltilationis
1111 2143 1200 2163 rorem
1217 2145 1223 2163 :
1248 2135 1319 2163 Deus
1335 2136 1429 2171 gloriae
1445 2139 1593 2167 crucifixus
1608 2147 1732 2167 resurre-

950 2183 988 2209 xit
1003 2182 1122 2210 liberans
1138 2188 1188 2208 nos
1199 2187 1214 2206 a
1229 2182 1405 2216 corruptione
1422 2184 1530 2216 mortis,
1544 2184 1736 2220 deeoransque

915 2242 936 2269 ι)
953 2232 1046 2262 utpote
1061 2228 1139 2255 valde
1156 2226 1315 2254 misericors
1328 2227 1542 2256 immortalitate.

985 2273 1105 2309 Angélus
1120 2274 1266 2308 splendore
1280 2272 1419 2307 refulgens
1441 2273 1493 2308 piis
1512 2274 1621 2303 dicebat
1636 2276 1734 2304 mulie-

951 2319 1026 2347 ribus
1054 2319 1119 2346 olim
1146 2323 1270 2346 aromata
1302 2317 1453 2346 ferentibus
1489 2327 1551 2346 cum
1587 2321 1734 2356 lacrymis:

951 2364 1020 2398 Quid
1036 2369 1078 2393 est
1093 2365 1165 2400 quod
1183 2364 1307 2400 quaeritis
1332 2371 1472 2393 auctorem
1489 2367 1552 2393 vita:
1578 2367 1649 2393 inter
1662 2374 1735 2393 mor-

951 2410 1035 2437 tuas?
1051 2418 1114 2438 ecce
1134 2410 1288 2438 resurrexit
1305 2415 1405 2438 Cuncta
1424 2411 1596 2439 illuminans.

987 2456 1062 2483 llanc
1087 2457 1140 2491 piis
1165 2457 1335 2485 celebremus
1361 2456 1489 2484 cautibus
1505 2457 1735 2485 resurrectionem

950 2503 1037 2530 uestri
1060 2501 1117 2534 Dei,
1143 2510 1204 2537 qua
1228 2502 1374 2536 splendore
1401 2507 1510 2536 Superat
1533 2503 1624 2530 radios
1648 2505 1734 2535 solis.

951 2549 1104 2576 illuminare
1119 2556 1167 2582 per
1181 2556 1260 2576 omne
1276 2548 1403 2576 saculum
1418 2555 1514 2576 omnes
1529 2548 1556 2576 in
1572 2549 1675 2584 Spiritu
1705 2553 1737 2577 li-

950 2594 1036 2625 dcles.
1055 2593 1184 2628 ducitque
1199 2600 1247 2628 per
1264 2592 1333 2620 viam
1348 2593 1454 2620 salutis.

987 2639 1070 2666 Mater
1086 2638 1132 2665 Dei
1146 2646 1207 2672 qua:
1228 2638 1298 2665 hunc
1313 2639 1433 2673 genuisti
1455 2639 1501 2674 qui
1517 2639 1570 2666 vita
1593 2644 1646 2672 est,
1663 2640 1736 2666 salta

951 2692 1002 2712 nos
1016 2685 1137 2720 peccatis
1153 2684 1256 2711 nostris
1273 2688 1405 2715 mortuos.
1431 2689 1458 2712 et
1478 2685 1512 2712 da
1528 2686 1607 2712 nobis
1629 2685 1733 2720 operari

950 2739 1009 2766 qua:
1024 2730 1057 2756 ad
1073 2730 1155 2757 vitam
1172 2730 1274 2757 ducant
1288 2734 1418 2757 aeternam
1434 2734 1463 2757 ut
1484 2735 1509 2757 te
1525 2738 1632 2765 seraper
1647 2731 1725 2757 extol-

951 2777 1050 2803 iulllllS.

1216 2819 1249 2846 In
1267 2819 1374 2854 fornace
1391 2820 1470 2856 ignis.

988 2867 1127 2895 Christum
1145 2867 1297 2894 volnumric
1315 2871 1435 2894 erectum
1450 2867 1475 2893 in
1497 2874 1587 2898 cruce,
1604 2869 1630 2894 ct
1643 2871 1733 2894 tumu-
