1905 3078
126 173 196 206 395.1

831 172 1037 202 TRIODIUM.

1696 168 1766 201 3H2

127 231 190 261 ut);
203 227 409 264 πεπεδημένους
426 227 533 262 ἐξάγεις
547 227 576 253 ἐν
591 227 739 263 ἀνδρείᾳ,ὴ
752 226 861 257 πάντων
875 235 924 254 σω-

988 231 1090 259 nortts,
1103 231 1131 254 et
1147 227 1181 254 de
1194 227 1254 261 ejus
1275 227 1391 261 imperio
1403 227 1545 256 devinctos
1559 227 1596 255 ihi
1611 228 1639 255 in
1653 230 1759 255 fortitu—

127 274 222 300 τηοία.

145 282 273 352 “figam
287 318 342 349 τοῖς
359 318 415 349 σοῖς
437 316 571 352 μαθηταῖς
586 317 614 343 ἐν
631 316 737 348 πολλοῖς
751 316 921 352 τεκμηρίοις,

127 365 171 401 ἐφ’
185 365 301 400 ἡμέρας,
316 364 470 399 οἰκτιρμον,
485 364 799 400 τεσσαράκοντα,αὺτοϊς
811 363 920 391 πιστού-

129 420 222 447 μενος,
235 410 353 446 κηρύξαι
370 411 410 442 είς
428 411 537 438 ἅπαντα
551 410 597 436 τὸν
609 410 711 445 κόσμον
725 409 790 436 Θεον
805 410 923 444 ἐγηγερ-

131 459 221 494 μένον.

164 506 201 531 Σὺ
219 503 244 532 εἴ
260 506 276 540 ή
294 503 403 531 πάντων
421 501 478 538 ζωὴ
488 523 495 535 ,
513 492 550 530 ei;
561 501 666 538 νεκρῶν
680 501 729 529 καὶ
742 501 796 530 τῶν
813 501 921 534 ζώντων

128 552 145 586 ἡ
164 550 348 586 παράκλησις,
363 549 445 583 Λὸγε,
460 548 506 575 και
521 547 593 584 χαρὰ
612 548 658 575 καὶ
673 547 813 583 φωτισμδς
828 549 842 574 6
856 548 922 583 λάμ-

127 597 181 632 ψας
196 598 227 624 ἐκ
243 595 393 631 Παρθένου,
407 595 454 622 καὶ
472 594 592 626 ἀναστὰς
607 594 639 620 ἐκ
655 593 741 628 τάφου
757 594 798 626 είς
813 593 922 620 πάντων

129 652 203 679 σωτη
208 643 267 679 ρίαν
272 663 278 669 ,

238 688 300 716 Τῶν
318 687 454 722 γηγενῶν
473 687 518 719 τίς
530 686 645 720 ἤκουσε
658 686 808 719 toto-Utor;

162 735 191 762 '0
201 734 367 770 σταυρωθεὶς
378 735 525 768 τριήμερος
537 733 665 767 ἀνέστης,
674 732 765 763 καθὼς
778 733 918 767 προεῖπες,

128 783 161 809 ἐκ
176 781 294 817 νεκρῶν,
310 780 515 814 συναναστήσας
537 778 582 805 τὸν
607 779 708 814 κόσμον
726 779 758 812 τῇ
773 779 920 805 ἀναστάσει

129 835 192 854 σου·
213 827 260 853 καὶ
275 825 382 859 γυναιξὶ
400 824 564 859 μυροφὸροις
581 823 701 857 πρώταις
719 823 821 857 ἐφάνης
837 823 921 857 φῠεγ-

129 873 245 908 ξάμενος
260 872 301 903 τὸ,
311 871 406 906 Χαῖρε,
419 869 526 896 πάντων
539 869 611 904 χαρὰ
622 868 675 895 τῶν
686 869 718 894 ὲκ
729 868 816 903 ψυχῆς
829 877 858 895 σε
872 877 919 894 πο-

129 918 258 951 θούντων,
274 917 410 944 πολυέλεε.
670 916 673 917 ⁷

164 963 222 990 Νῦν
235 965 251 998 ὴ
271 963 358 998 φῠορᾶι
373 962 534 997 ἠφάνισταιθ
551 959 667 994 Χριστὸς
680 958 733 994 γὰρ
748 959 765 993 ἡ
781 957 920 993 ἁφθαρσία

130 1009 177 1036 καὶ
192 1007 248 1043 ζωὴ
266 1009 297 1034 ἐκ
313 1007 366 1033 τῶν
381 1006 486 1042 νεκρῶν
511 1005 658 1040 ἐξηγέρθη,
680 1005 726 1030 καὶ
751 1002 919 1034 συναλίζεται

128 1056 186 1085 τοῖς
202 1053 300 1081 ἑαυτοῦ
314 1053 484 1084 ἀποστόλοις,
501 1052 634 1078 διδάσκων
650 1049 762 1080 τούτους
779 1049 813 1076 τὰ
829 1048 920 1083 κρείτ-

129 1108 194 1127 τονα
209 1100 256 1126 καὶ
271 1099 341 1132 θεῖα,
352 1099 399 1125 καὶ
410 1096 586 1134 προσφωνῶν·
597 1095 665 1122 Ἀπὸ
676 1094 808 1131 Ἰεροσολύ
813 1103 870 1129 μων
883 1093 920 1128 μὴ

130 1143 293 1180 χωρίζεσοε.

165 1190 250 1224 Μύρα
273 1188 409 1215 ποτὲ-σὺν
434 1187 549 1223 δάκρυσι
572 1186 717 1222 φερούσαις
738 1184 852 1218 ἄγγελος
869 1183 919 1219 ἐφη

130 1235 247 1270 γυναιξὶ,
268 1234 345 1261 Μετὰ
362 1233 466 1268 νεκρῶν
488 1233 514 1258 τί
531 1232 638 1267 ζητεῖτε
654 1231 700 1257 τὸν
714 1230 818 1262 ζῶντας
834 1230 922 1264 Σήμεο

133 1291 179 1318 ρον
195 1281 287 1312 καθὼς
303 1281 434 1317 προεῖπεν
445 1278 561 1314 ἠγέρθη,
572 1278 621 1305 οὐκ
635 1277 709 1304 ἔστιν
723 1274 783 1308 ὧδε,
800 1275 922 1306 κενώσας

131 1328 166 1355 τὰ
182 1328 320 1363 μνημεῖα,
339 1327 386 1354 καὶ
400 1327 454 1358 τοῖς
471 1326 577 1360 νεκροῖς
593 1322 743 1351 ἀθανασίαν
765 1321 923 1356 ἐμπνεύσας

131 1374 170 1406 ὡς
185 1373 387 1408 φιλάνθρωπος.

168 1420 217 1447 Ἐκ
227 1419 282 1447 τῶν
289 1417 394 1453 νεκρῶν
406 1416 508 1449 ἰδοῦσα,
517 1415 643 1448 Θεοτόκε,
650 1414 696 1440 τὸν
705 1414 750 1440 σὸν
758 1413 821 1440 Υίὸν
833 1421 862 1439 τε
875 1411 924 1439 καὶ

132 1466 218 1497 Θεὸν,
242 1463 446 1500 ἐγηγερμένον,
467 1461 606 1497 ὲπλήσθης
631 1460 718 1495 χαρᾶς
732 1479 740 1492 ,
763 1459 924 1494 ὑπάρχουσα

134 1514 243 1539 πάντων
262 1510 336 1537 αίτία
350 1509 437 1545 χαρᾶς
453 1517 483 1534 τε
498 1508 544 1534 καὶ
558 1507 727 1541 εὐφροσὺνης
738 1514 745 1521 ·
761 1505 801 1532 διό
814 1513 842 1531 σε
858 1513 924 1540 χαρ-

136 1556 260 1591 pou-svo);
278 1555 353 1581 πᾶσα
363 1554 438 1589 ψυχὴ
455 1552 599 1588 ὑμνολογεῖ
614 1551 662 1577 καὶ
674 1549 791 1582 δοξάζει,
801 1550 925 1584 ’Δειπάρ-

135 1603 205 1629 θενε.

195 1647 381 1680 Ἐίξὴνθησεν
394 1646 413 1679 ἠ
427 1645 536 1679 ἔρημος
555 1642 625 1670 ὡσεί
645 1642 758 1677 κρῖνον,
773 1642 873 1675 Κύριε.

175 1693 208 1720 'H
231 1693 319 1723 κτίσις
342 1690 481 1726 θεωροῦσα
503 1698 532 1715 σε
550 1689 596 1715 ἐπὶ
614 1688 692 1720 ξύλου
709 1688 846 1722 πάσχοντα
867 1686 926 1713 ἐθε-

135 1739 260 1771 λουσίως,
277 1738 409 1768 Δέσποτα,
423 1734 557 1771 ἠλλοιώθη
569 1736 616 1761 καὶ
630 1733 802 1769 ἐκυμαίνετο,
819 1733 865 1759 καὶ
880 1741 926 1758 νε-

136 1786 197 1822 κροὶ
212 1786 244 1811 ἐκ
258 1784 311 1811 τῶν
328 1783 422 1817 τάφων
436 1780 620 1813 ἐξανίσταντο.

171 1831 318 1865 Γενόμενον
336 1830 364 1855 ἐν
380 1828 429 1864 ᾄδῃ
447 1835 488 1860 σε,
511 1825 628 1858 ζωοδότα
639 1824 736 1860 Κύριε,
754 1824 823 1860 μετὰ
838 1822 926 1860 ψυχῆς

136 1875 173 1906 ὡς
191 1874 304 1908 ἔϐλεψεν
327 1874 340 1899 6
358 1871 507 1907 παμφάγος
532 1869 646 1900 θάνατος
661 1868 785 1904 ἔπτηξεν,
801 1868 926 1894 ἀπολύων

135 1919 279 1956 δεσμώτας
293 1919 339 1950 οὓς
354 1918 493 1945 κατέπιεν.

172 1966 311 2001 Ἐπλήσθη
329 1965 405 1991 πᾶσα
418 1964 506 1995 κτίσις
522 1963 620 1998 χαρᾶς,
634 1961 775 1996 οίκτίρμον
787 1960 884 1995 Κύριε,
897 1960 926 1986 ἐν

137 2012 242 2048 νεκρῶν
258 2013 366 2045 ἐγέρπει
385 2019 430 2036 σου
444 2016 450 2024 ·
467 2010 495 2035 ἐν
509 2010 561 2045 γὰρ
576 2009 662 2044 ταύτῃ
683 2008 784 2042 κόσμον
800 2007 926 2041 συνήγει-

141 2068 198 2090 aug,
213 2058 335 2085 καθελὼν
351 2057 397 2083 τοῦ
412 2056 527 2083 Θανάτου
541 2056 574 2082 τὰ
591 2055 724 2090 βασίλεια.

177 2103 312 2137 Ῥομῳαία
323 2101 371 2136 τὴν
382 2100 471 2135 ψυχήν
488 2108 545 2130 σου,
559 2099 651 2135 Ἁγνὴ,
667 2097 784 2133 διῆλθεν,
796 2097 924 2132 ἄχραντε,

136 2149 180 2176 ὅτε
195 2148 313 2182 Χριστὸν
328 2146 529 2182 σταυρούμενον
544 2145 660 2172 ἐθεάσων
679 2145 765 2179 χαρᾶς
788 2142 926 2178 ἐπλήσῡης

136 2195 164 2221 δέ
180 2193 325 2229 ἐγερθέντα
340 2193 371 2219 ἐκ
386 2192 472 2226 τάφου
489 2190 583 2218 τοῦτον
598 2190 731 2225 βλέψασα.

246 2237 377 2273 Κάμιινός
395 2245 467 2264 ποτε
485 2236 581 2270 πυρὸς
600 2237 634 2262 ὲν
654 2235 818 2263 Βαϐυλῶνι.

172 2284 305 2319 θνήσκεις
325 2284 353 2309 ἐν
370 2283 479 2317 σταυρῷ
502 2282 559 2318 ζωὴ
587 2282 716 2317 ὑπάρχων
732 2282 858 2313 πάντων,
877 2280 925 2307 καὶ

136 2330 174 2360 ὥς
191 2328 287 2364 νεκρὸς
303 2328 404 2359 ἄπνους
417 2328 447 2353 ἐν
469 2327 591 2361 μνήματι
614 2327 721 2361 ἐτέοης,
746 2325 904 2361 μακρόθυμε
916 2333 924 2341 ο

137 2375 186 2402 καὶ
207 2375 358 2410 τριήμερος
383 2373 532 2408 ὲγήγερσαι
552 2373 592 2403 εἰς
608 2372 711 2407 κόσμου
728 2371 903 2403 ἐξανάστασιν
916 2379 924 2387 ·

137 2421 199 2448 ὅθεν
210 2420 239 2446 ἐν
257 2418 413 2454 εὐφροσύνῃ
425 2418 617 2452 δοξολογοῦμεν
628 2418 659 2444 τὸ
674 2417 773 2453 κράτος
788 2425 846 2443 σου.

175 2464 295 2490 Ἤκουσε
313 2461 382 2488 Σιὼν
404 2462 454 2497 τὴν
472 2461 581 2498 ἔγερσιν
598 2461 713 2497 Κυρίου,
727 2461 775 2487 καὶ
791 2460 926 2496 εὐφροσύ-

137 2516 187 2544 νης
201 2507 248 2534 νῦν
266 2506 461 2542 πεπλήρωται·
481 2506 628 2541 θυγατέρες
644 2505 745 2540 ταύτης
767 2505 795 2532 δὲ
818 2513 927 2541 προφα-

138 2554 192 2585 νῶς
203 2553 412 2588 ἡγαλλιάσαντο,
424 2552 471 2579 καὶ
484 2552 618 2587 μαθηταῖς
630 2551 776 2586 ἐκήρυττον
788 2551 925 2585 λέγουσαν

138 2599 185 2635 Μὴ
200 2599 337 2631 λυπεῖσθε,
351 2599 365 2624 ό
378 2597 510 2632 ξωοδότης
525 2598 683 2633 ἐγήγερται.

175 2645 304 2680 ὀρθριαι
316 2644 417 2680 σπουδῇ
429 2644 573 2678 γενόμεναι
586 2644 714 2677 γυναῖκες
727 2643 773 2669 ἐπὶ
787 2642 833 2668 τὸν
843 2642 928 2676 τάφον

140 2691 334 2727 παρεγένοντο,
349 2691 397 2717 καὶ
409 2690 482 2717 ἔνδον
497 2689 682 2726 προκύψασαι,
695 2690 724 2715 ἐν
735 2689 840 2720 λευκοῖς
853 2688 929 2715 ἔϐλε-

139 2738 194 2774 ψαν
210 2737 326 2772 ἄγγελον
336 2744 343 2752 ·
360 2737 408 2763 καὶ
424 2736 498 2771 φέϐῳ
510 2735 803 2770 συνεχόμεναιῆκουον·
817 2735 863 2770 Μὴ
880 2742 928 2768 φο-

140 2782 243 2817 ϐεῖσθε,
258 2782 342 2814 ὅντως
356 2782 456 2817 ἀνέστη
471 2782 485 2808 6
505 2782 616 2816 Κύριος.

177 2870 210 2898 Σὶ
238 2870 287 2907 τὴν
312 2871 447 2906 φωτεινὴν
460 2870 574 2905 νεφέλην
586 2870 632 2897 τοῦ
650 2870 726 2905 ἤλιου
750 2869 796 2897 τοῦ
821 2868 927 2904 νοητοῦ,

973 272 1037 299 dine
1049 276 1095 299 tua
1112 272 1244 304 eduxisti,
1257 280 1273 300 ο
1291 274 1368 301 salus
1381 274 1516 301 omnium.

1008 317 1090 346 Visus
1105 326 1134 346 es
1149 319 1293 353 discipulis
1317 319 1371 346 luis
1388 320 1604 347 misericorditer
1626 329 1763 356 apparens

972 364 1013 392 eis
1042 365 1069 392 iu
1097 364 1192 392 multis
1218 365 1372 399 augmentis
1397 372 1446 399 per
1469 365 1528 392 dies
1556 366 1762 401 quadraginta,

973 409 1117 436 hortantes
1136 417 1184 437 eos
1203 409 1237 436 ad
1260 410 1479 438 annuntiaudum
1497 418 1544 446 per
1559 418 1667 438 onmem
1683 419 1762 439 mun-

973 455 1037 482 dtttu
1051 455 1281 492 resurrectionem
1298 459 1384 481 tuam.
1435 475 1442 480 .

1008 499 1048 526 'l‘u
1071 507 1112 531 es,
1133 499 1264 532 Verbum,
1282 500 1404 527 omnium
1418 500 1485 533 vita,
1510 502 1663 529 consolatio
1684 501 1761 530 vivo-

973 552 1031 572 rum
1047 548 1074 572 et
1094 549 1266 573 mortuorum
1285 551 1311 573 et
1324 546 1455 580 jubilatio
1469 550 1497 574 et.
1510 546 1556 573 lux
1570 547 1650 574 nol-is
1668 553 1763 575 exorta

972 598 1002 617 es
1016 590 1049 617 de
1065 591 1175 626 Virgine
1199 595 1225 618 ct
1250 597 1300 626 pro
1317 592 1440 619 onmium
1468 593 1556 620 salute
1579 594 1723 621 surrexiin
1748 602 1764 621 ε

972 637 1089 662 tumulo.

1077 681 1142 713 Quis
1161 681 1312 708 mortalium
1329 691 1445 717 unt/unm
1458 683 1559 710 audivit
1583 685 1645 710 tale.

1006 724 1160 753 Crucitivus
1173 733 1187 752 ει
1209 727 1325 753 mortuis
1337 728 1515 755 resurrexisli
1529 728 1608 755 tertia
1624 729 1678 761 die,
1692 729 1762 756 sicut

973 771 1205 805 pra.lixeras,sic
1236 772 1368 798 mundum
1401 773 1569 800 resttscitans
1595 781 1626 799 ac
1644 774 1761 808 primum

972 817 1120 851 apparuisti
1136 818 1298 844 mulieribus
1324 824 1447 845 aromata
1465 819 1627 850 ferentibus,
1646 820 1761 846 salutem

971 862 1040 889 dans
1059 862 1124 894 illis,
1141 867 1168 889 tu
1185 863 1231 898 qui
1252 871 1282 890 es
1293 863 1370 891 valde
1387 864 1558 896 misericors,
1572 865 1701 900 gaudium
1716 873 1763 893 eo-

937 910 958 937 B
973 915 1032 934 rum
1045 907 1090 942 qui
1116 911 1142 934 te
1161 912 1218 935 toto
1233 908 1350 943 diligunt
1368 909 1462 937 corde.

1007 953 1084 980 Nunc
1096 953 1202 979 sublata
1218 955 1420 989 rstcorruptio;
1433 954 1637 982 Christuscnim
1652 954 1763 981 immor-

971 997 1062 1024 talitas
1072 1002 1099 1024 et
1111 999 1164 1024 vita
1178 999 1298 1025 surrexit
1311 1006 1325 1024 a
1342 999 1469 1029 mortuis,
1486 1003 1513 1025 et
1526 1007 1595 1033 quos
1612 1005 1762 1033 congrega-

969 1044 1007 1069 vit
1023 1043 1173 1078 discipulos
1184 1045 1296 1070 meliora
1314 1047 1342 1070 et
1356 1045 1480 1071 cmlestia
1495 1045 1574 1072 docet
1590 1044 1761 1080 injuugilque

969 1089 1009 1116 eis
1026 1097 1060 1116 ne
1076 1089 1109 1115 ah
1127 1088 1327 1125 Hierosolymis
1341 1090 1529 1118 discederem.

1004 1186 1074 1214 Olim
1085 1188 1203 1222 Angelus
1211 1188 1279 1215 dixit
1289 1188 1439 1216 ferentibus
1451 1193 1571 1216 aromata
1585 1189 1760 1217 mulieribus:

971 1233 1011 1260 Ad
1026 1234 1090 1268 quid
1109 1235 1178 1261 inter
1195 1240 1316 1262 mortuos
1327 1235 1449 1270 quaeritis
1467 1236 1620 1263 viventem?
1634 1235 1762 1263 Christus

973 1288 1024 1307 non
1035 1285 1076 1307 est
1090 1281 1154 1313 hic;
1174 1281 1266 1314 hodie,
1280 1282 1349 1308 sicut
1362 1281 1535 1316 praedixerat,
1552 1282 1682 1313 surrexit,
1697 1289 1762 1308 eva-

972 1332 1057 1353 cuaus
1072 1326 1242 1360 sepulcrum,
1265 1326 1381 1353 mortuis
1407 1326 1549 1354 iusulllans
1563 1331 1655 1361 utpote
1669 1330 1762 1354 noster

973 1378 1079 1404 amans,
1098 1371 1345 1398 immurtalitatem.

1009 1415 1110 1444 Vidcns
1119 1416 1164 1444 Dei
1175 1417 1270 1450 Mater,
1284 1416 1380 1444 Filium
1394 1421 1469 1454 luunt
1480 1421 1507 1445 et
1519 1417 1600 1445 Deum
1610 1417 1764 1445 surrexisse

974 1468 988 1487 a
1004 1463 1129 1493 mortuis.
1147 1462 1249 1496 repleta
1272 1470 1302 1490 es
1317 1463 1430 1497 gaudio,
1444 1470 1505 1489 cum
1519 1463 1558 1490 sis
1575 1463 1674 1490 iil'lillll.‘
1687 1463 1764 1490 volu-

976 1507 1109 1542 ptatisque
1124 1512 1224 1535 nostrae
1239 1515 1332 1541 causa,
1345 1508 1482 1540 idcirco,o
1496 1516 1604 1543 semper
1620 1508 1713 1544 Virgo,
1730 1509 1764 1536 ab

976 1554 1050 1580 omni
1075 1554 1183 1581 vivente
1201 1555 1317 1590 hymnos
1346 1555 1373 1581 in
1391 1555 1430 1581 tui
1449 1556 1582 1582 honorem
1606 1554 1764 1582 decantanti

978 1600 1151 1635 glorilicaris.
1201 1604 1204 1607 '

1150 1647 1269 1682 Eﬂlornil
1281 1648 1347 1680 sicut
1366 1646 1451 1673 lilium
1466 1647 1492 1673 in
1507 1646 1622 1673 deserto.

1012 1691 1144 1719 Creatura
1154 1700 1269 1719 cernens
1288 1698 1323 1724 te,
1340 1693 1464 1725 Domine,
1490 1692 1644 1720 voluntarie
1660 1693 1766 1726 patien-

978 1741 1030 1763 tem
1048 1738 1073 1764 in
1090 1745 1171 1764 cruce
1188 1757 1194 1769 ,
1209 1738 1352 1764 immutata
1373 1737 1423 1764 fuit
1442 1743 1468 1765 et
1493 1738 1606 1772 agitata,
1623 1742 1650 1764 et
1663 1738 1765 1765 tuortui

976 1783 1079 1817 egressi
1107 1787 1170 1810 sunt
1185 1790 1200 1809 e
1213 1783 1360 1817 sepulcris.

1013 1826 1111 1855 Omnia
1136 1828 1288 1856 absorbens
1313 1835 1388 1855 mors
1406 1829 1553 1856 conterrita
1568 1834 1610 1856 est
1629 1828 1720 1858 statim
1735 1832 1765 1855 ιιι

976 1874 1084 1909 aspexit
1106 1878 1132 1901 te
1147 1873 1209 1900 vitae
1236 1873 1357 1901 datorem
1371 1881 1432 1901 cutn
1456 1874 1547 1901 anima
1567 1875 1719 1901 venientem
1736 1873 1765 1900 in

977 1916 1126 1950 infernum,
1139 1917 1285 1952 emisitque
1300 1925 1370 1952 quos
1386 1922 1529 1945 voraverat
1546 1920 1681 1953 captivos.

1012 1961 1190 1990 Rt-surrectio
1204 1967 1248 1990 tua
1257 1971 1290 1990 ex
1298 1964 1425 1997 mortuis,
1442 1960 1600 1992 misericors
1609 1965 1690 1998 Deus,
1705 1971 1766 1991 om-

977 2016 1038 2036 nem
1063 2008 1185 2043 implevit
1207 2013 1362 2036 creaturam
1389 2010 1493 2042 laetitia,
1513 2010 1541 2038 in
1559 2011 1609 2038 hac
1629 2011 1702 2038 enim
1721 2010 1766 2038 die

977 2054 1146 2082 resuscitain
1163 2055 1294 2082 mundum
1309 2055 1406 2083 mortis
1426 2057 1573 2084 destruens
1590 2057 1744 2092 imperium.

1009 2099 1123 2127 Gladius
1135 2099 1334 2127 oimmaculata
1349 2103 1425 2127 tuum
1440 2101 1617 2136 pertransivit
1629 2101 1765 2134 animam,

976 2151 1038 2171 cum
1069 2143 1161 2171 vidisti
1185 2143 1324 2172 Christum
1349 2145 1424 2172 cruci
1450 2145 1575 2178 aliixum;
1593 2145 1640 2173 sed
1663 2144 1766 2181 gaudio

976 2189 1087 2225 impleta
1103 2197 1143 2221 es,
1160 2190 1219 2217 viso
1232 2190 1280 2218 illo
1294 2197 1309 2218 e
1327 2191 1432 2218 tumulo
1445 2195 1586 2226 surgente.

1084 2233 1210 2262 Cominus
1225 2235 1293 2270 ignis
1310 2235 1372 2261 olim
1390 2235 1416 2262 in
1430 2235 1574 2270 Babylone.

1010 2279 1073 2308 Vita
1086 2280 1209 2307 omnium
1239 2281 1356 2307 moreris
1374 2280 1401 2307 in
1430 2288 1524 2313 cruce,
1550 2285 1577 2308 et
1600 2280 1706 2316 positus
1733 2288 1765 2307 es

976 2329 1005 2352 ut
1019 2328 1142 2352 ntortuus
1158 2325 1263 2359 absque
1291 2325 1378 2352 halitu
1403 2325 1432 2352 in
1461 2325 1599 2359 sepulcro,
1617 2324 1687 2352 Deus
1703 2323 1763 2350 lon—

976 2370 1104 2405 ganimis,
1125 2374 1152 2397 et
1171 2370 1250 2397 tertia
1272 2369 1330 2402 die,
1346 2373 1376 2396 ut
1392 2372 1550 2404 resurgeret
1570 2369 1698 2397 mundus.
1715 2377 1759 2395 rc-

976 2417 1124 2445 surrcxisti
1145 2426 1152 2444 :
1174 2417 1234 2444 ideo
1251 2421 1325 2444 tuam
1342 2417 1396 2444 lzeti
1413 2417 1583 2444 celebramus
1604 2415 1765 2450 potentiam.

1011 2462 1123 2490 Audivit
1134 2461 1200 2490 Sion
1217 2462 1280 2497 quia
1291 2462 1440 2490 resurrexit
1452 2461 1595 2494 Dmninus,
1610 2465 1636 2488 et
1650 2465 1763 2496 snpera-

977 2508 1080 2535 bundat
1095 2515 1168 2535 nunc
1183 2507 1282 2542 gaudio
1297 2516 1305 2540 ;
1324 2507 1385 2534 tiliae
1401 2507 1460 2541 ejus
1477 2511 1570 2542 aperte
1592 2507 1687 2534 laetata:
1701 2509 1767 2533 sunt

979 2553 1228 2588 nuntiaveruntque
1247 2553 1403 2588 disdpulis,
1419 2553 1546 2580 dicentes
1566 2561 1572 2580 :
1588 2552 1678 2580 Nolite
1694 2559 1764 2580 con-

978 2598 1095 2630 tristari,
1112 2597 1245 2625 Dominus
1259 2598 1320 2625 vita:
1335 2598 1502 2625 resurrexit.

1014 2642 1187 2670 Festinantes
1213 2647 1347 2670 venerunt
1372 2651 1453 2671 mane
1471 2642 1599 2671 mulieres
1616 2644 1649 2670 ad
1665 2643 1769 2670 monti;

978 2691 1100 2714 mentum
1111 2691 1139 2714 et
1155 2687 1322 2714 inclinantes
1338 2695 1368 2715 se
1388 2693 1416 2714 ut
1437 2687 1562 2715 viderent
1578 2688 1661 2718 intus,
1672 2687 1757 2723 Ange-

979 2734 1034 2760 lum
1050 2738 1255 2768 conspexerunt
1277 2734 1347 2760 albis
1366 2734 1494 2761 vestitum
1510 2741 1589 2768 quem
1606 2732 1752 2767 stupefacta

979 2778 1124 2806 audierunt
1138 2779 1276 2807 dicentem
1295 2778 1402 2807 :Nolite
1435 2779 1540 2810 timere,
1562 2786 1624 2805 vere
1646 2777 1760 2805 surrexit

981 2823 1125 2851 Dominus.

1011 2867 1119 2896 Nostris
1136 2869 1324 2904 glorificamus
1344 2873 1369 2897 te
1386 2867 1504 2904 hymnis,
1523 2866 1606 2902 Virgo
1628 2866 1682 2894 Deo
1699 2865 1764 2897 clla-
