1905 3078
164 125 235 157 3ῢ43

573 122 603 152 S.
621 118 830 152 SOPHRONII
851 121 1105 150 PATRIARCILE
1125 120 1326 150 lliEROSOL;

1718 122 1788 154 39M

162 178 494 214 rissima,splendidaqnc
512 177 598 204 nubes
623 177 688 204 solis
718 179 823 202 mentcs
851 174 953 201 illumi-

1017 174 1191 208 isoxapitwts
1203 194 1210 206 ,
1247 173 1394 208 ὑμνοῦντες
1422 173 1588 209 δοξάζομεν⁸
1614 174 1663 204 τὰς
1676 169 1789 210 καρδίας

161 227 265 258 nantis,
280 225 404 252 illumina
421 224 504 251 corda
523 226 628 255 nostra,
641 229 742 256 sponsa
757 220 814 254 Dei,
832 219 946 256 ignaviae

161 277 264 300 nostra:
277 271 478 304 libidinumque
496 269 623 296 tenebras
639 269 788 302 dissipans.

424 315 527 343 {Eterni
547 315 650 341 Putris.

194 362 291 390 Statim
311 367 342 389 ut
356 362 397 389 sol
409 362 474 389 vidit
487 366 514 388 te
541 361 632 388 Solem
654 360 768 394 justitia:
795 365 946 393 expansum
968 379 971 382 .

160 409 188 435 in
202 416 299 441 cruce,
316 409 437 436 contexit
453 408 552 440 lucem,
570 412 654 441 petrae
671 407 763 445 scissae
774 410 837 433 sunt
853 408 947 438 stupe-

160 453 249 485 factae.
277 453 403 481 infernus
434 454 540 488 absque
571 460 648 480 mora
670 460 738 487 quos
767 451 948 479 absorbuerat

159 499 287 531 reddidit,
305 504 379 525 tuam
395 498 565 526 celebrantes
585 497 788 528 fortitudinem,
804 503 851 531 per
865 502 946 531 quam

156 543 251 570 rivunt
265 551 371 576 omnes,
386 544 572 577 omnipotens.

191 588 338 616 Evacuatis
368 588 568 623 omnipotentia
597 594 647 614 sua
663 585 825 613 insatiabilis
846 583 945 611 inferni

158 634 326 669 gurgitibus,
341 633 495 660 resurrexit
507 633 534 660 in
556 632 642 667 gloria
659 632 705 667 qui
733 636 775 658 est
790 638 873 665 super
887 637 946 656 om-

156 688 204 706 nes
217 679 294 714 deos,
315 683 342 707 et
357 679 434 706 visus
458 683 500 706 est
515 678 658 714 discipulis
672 686 679 711 ;
698 677 769 704 hunc
786 684 848 704 cum
867 675 947 702 Patre

156 714 304 759 divinoqde
323 723 424 758 Spiritu
438 724 594 750 adoremus.

190 769 316 796 Surrexit
342 769 474 796 Dominus
505 775 693 803 npparcnsque
716 767 742 794 in
759 767 864 794 tumulo
881 773 946 793 san-

155 821 216 841 CHIS
231 814 352 848 Angelus
368 818 490 840 aromata
507 813 655 840 ferentibus
673 813 757 839 dixit:
774 811 854 839 Abite
862 815 889 838 et
903 811 945 838 di-

1000 219 1079 253 ήμῶν
1101 218 1217 253 φώτισον
1228 239 1234 250 ,
1249 218 1293 245 τὸν
1311 219 1463 254 σκοτασμὺν
1480 219 1615 246 διώκουσα
1631 219 1718 247 πάντα
1740 221 1789 255 τῆς

1002 263 1135 300 ῥᾳθυμίας
1150 263 1195 289 καὶ
1207 263 1260 289 τῶν
1274 263 1378 295 παθῶν,
1389 263 1591 299 Θεονύμφευτε.

1217 308 1361 343 Ἀνιὶρχυυ
1380 310 1578 344 Feri-11701209.

1027 354 1069 385 Ὡς
1077 352 1129 380 εἶδέ
1138 363 1167 381 σε
1177 354 1237 389 ἥλιο
1246 354 1440 388 ’,δικαιοσύνης
1450 355 1540 387 Ἴιλιε,
1550 356 1578 381 ὲν
1588 355 1790 390 σταυρῷἠπλωέ

1002 400 1092 434 μένον,
1106 399 1136 425 τὸ
1151 399 1207 434 φῶς
1226 399 1377 425 συνέστειλε
1388 419 1395 432 ,
1412 401 1509 435 πέτραι
1521 401 1549 426 δὲ
1565 401 1733 436 ἐρρήγνυντο
1747 401 1790 434 φό-

1001 445 1050 480 δῳ,
1066 445 1132 480 ᾷδης
1151 446 1264 480 νεκροὺς
1273 445 1356 481 τάχος
1372 446 1498 473 ἀπεδίδου
1515 446 1668 482 ὑμνοῦντας
1680 447 1711 474 τὸ
1721 447 1790 482 κρά-

999 499 1044 522 τος
1062 499 1119 523 σου,
1133 491 1256 518 Ζωοδὸτα
1269 490 1469 527 παντοδύναμε.

1036 580 1087 608 Τοῦ
1103 581 1166 617 ᾅδου
1181 581 1229 616 τὴν
1243 575 1379 617 ἄπληστον
1394 582 1516 617 γαστέρα
1536 582 1550 608 ὀ
1568 582 1715 618 ’Υπέρθεος
1734 592 1788 610 πα-

1001 627 1118 662 ραδόξως
1133 626 1254 659 κενώσας
1269 627 1306 659 ὡς
1321 627 1535 662 παντοδύναμος,
1549 628 1598 663 ἤδη
1614 628 1744 663 ἐξανέστη
1760 629 1789 655 ὲν

999 673 1072 708 δόξῃ,
1089 673 1136 699 καὶ
1150 673 1284 708 μαθηταῖς
1298 673 1380 705 θείοις
1399 673 1561 708 καθωράοη’
1574 672 1654 700 αὑτὸν
1670 682 1789 709 προσκυ-

1000 709 1126 754 νήσωμεν
1142 719 1190 746 σὺν
1208 719 1295 754 Πατρὶ
1310 719 1357 745 καὶ
1372 719 1436 754 θείῳ
1451 718 1600 754 Πνεύματι,

1035 765 1155 800 Ἦγέρθη
1169 765 1184 791 ὁ
1200 763 1311 799 Κύριος,
1324 765 1383 796 ταῖς
1403 765 1566 800 μυροφόροις
1582 765 1682 800 ἔφησεν
1701 766 1715 791 ὁ
1738 774 1789 799 φα-

1000 811 1054 842 νεὶς
1073 812 1101 837 ὲν
1114 811 1151 845 τῷ
1165 810 1243 844 τάιρῳ
1259 811 1335 844 ἅγιος
1353 810 1478 844 ἄγγελος·
1499 812 1607 842 Ἀπιτε,
1633 811 1681 837 καὶ
1697 812 1787 838 είπετε

157 859 272 894 stipulis
293 859 419 887 tristibus
433 858 614 892 ﬂentibusun
636 866 710 886 nunc
723 859 749 886 in
774 851 884 886 Galliam
901 857 943 884 di-

1017 857 1075 883 ;ὖτο
1098 857 1154 888 τοῖς
1179 855 1313 891 μαθηταῖς
1337 857 1366 882 ὲν
1381 857 1414 892 τῇ
1437 855 1565 892 Γαλιλαίᾳ
1589 856 1717 884 πενθοῦσι
1740 857 1787 884 καὶ

156 905 284 939 citequia
299 905 335 932 ibi
355 909 418 932 sunt
439 905 516 931 illum
534 904 721 939 conspecturi.

189 950 212 977 0
237 949 425 983 Immaculata,
443 950 527 977 libera
547 957 599 976 nos
612 957 626 975 a
644 950 838 982 tentationum,
856 948 944 975 tribu-

157 996 290 1022 lationum
305 996 504 1030 libidinumque
519 995 647 1030 procellis
662 1003 669 1026 ς
690 995 774 1022 libera
790 1001 805 1020 a
819 994 941 1021 tenebris

155 1049 170 1067 a
203 1041 401 1076 multiplicibus
433 1041 534 1068 diaboli
565 1040 725 1074 tendiculis,
750 1046 777 1067 et
802 1039 942 1066 Christum

154 1087 239 1114 Deum
255 1091 378 1114 nostrum
398 1087 584 1114 indesinenter
614 1087 762 1122 deprecare
793 1093 842 1121 pro
865 1086 943 1113 nobis

154 1134 200 1168 qui
219 1138 244 1160 tc
257 1141 365 1168 semper
380 1139 405 1160 ut
422 1133 529 1160 beatam
553 1133 735 1160 celebramus.

230 1177 353 1208 Cleri/ica
370 1182 402 1209 te,
418 1176 538 1209 Domine,
555 1177 618 1211 quia
638 1175 796 1203 cxaudivisti
813 1183 862 1202 me.

188 1219 256 1247 Cum
269 1221 295 1247 in
316 1228 374 1248 crut
383 1228 424 1248 cm
437 1220 599 1251 ascendisti,
610 1219 734 1251 Domine,
746 1227 798 1245 non
811 1218 944 1245 amiseras

153 1269 327 1300 potestatem,
344 1269 372 1292 et
389 1265 562 1293 descendens
592 1273 653 1292 cum
675 1265 765 1292 anima
784 1265 811 1291 in
840 1264 943 1291 inferos

153 1311 279 1338 exemisti
296 1311 404 1338 animas
419 1319 433 1336 ει
448 1311 567 1338 vinculis
583 1311 695 1338 aeternis
709 1318 777 1346 quas
789 1315 878 1338 tecum
894 1311 944 1338 mi-

154 1356 273 1383 sericors
287 1356 475 1384 casuscitasti.

185 1401 282 1428 Vcctes
290 1407 317 1428 ct
330 1406 423 1436 portas
434 1401 532 1430 inferni
544 1402 706 1430 mirabiliter
717 1402 741 1429 ri
753 1402 862 1437 propria
876 1410 943 1429 ροη-

154 1447 275 1481 fregisti,
293 1446 418 1481 Domine,
438 1448 464 1474 in
481 1447 620 1476 desertum
641 1448 801 1475 convertisti
828 1447 942 1479 inferos,

154 1493 247 1527 itaque
260 1493 476 1521 misericordiam
491 1497 567 1521 tuam
578 1493 867 1528 resurrectionemque
880 1493 939 1529 glo—

154 1540 255 1566 riosam
271 1539 522 1574 conglorilicamus.
732 1546 739 1549 ‘

185 1583 312 1611 Mulieres
342 1589 477 1612 venerunt
504 1585 536 1612 ad
562 1585 717 1620 ungendum
734 1592 836 1619 corpus
865 1588 941 1612 tuum

152 1630 301 1664 gloriosum
317 1630 344 1657 in
365 1633 553 1663 monumento,
569 1630 615 1658 ubi
640 1630 752 1657 inreuto
769 1631 866 1666 angelo
892 1639 942 1658 sc-

152 1675 234 1702 dente
260 1675 357 1702 timore
374 1676 599 1710 obstupuerunt;
618 1683 671 1703 una
683 1683 745 1702 cum
767 1676 800 1704 iis
818 1677 943 1704 celehra-

153 1728 214 1746 mus
230 1724 255 1747 te
271 1729 285 1747 a
301 1721 427 1755 sepulcro
439 1722 615 1748 snscitatum.

191 1766 321 1794 Sanctum
339 1767 385 1802 qui
407 1772 521 1795 sanctos
543 1772 654 1803 superat
684 1768 755 1795 ultra
772 1769 845 1804 quod
861 1776 943 1795 exco-

154 1813 235 1848 gitari
260 1817 347 1847 potest
372 1814 516 1849 peperisti,
538 1814 665 1848 Dcipara,
686 1814 790 1848 quique
807 1813 944 1841 mediante

156 1864 192 1890 te,
211 1862 385 1892 peccatorum
399 1859 469 1886 dans
494 1859 683 1885 remissionem
702 1858 828 1885 liberavit
841 1859 942 1885 sant-ti-

153 1903 244 1930 licavit
260 1904 353 1931 ﬁdeles
370 1907 444 1931 tuam
463 1905 637 1932 celebrantes
654 1905 894 1932 resurrectionem.

434 1960 526 1996 Reguli
540 1960 659 1988 decreto.

189 2019 381 2047 Exsultatione
394 2024 439 2046 tua
452 2027 535 2054 super
549 2027 659 2047 crucem
677 2023 803 2047 naturam
817 2020 943 2048 exaltasti

152 2066 310 2099 humanam,
325 2066 445 2098 Christe,
458 2070 484 2093 et
497 2066 524 2093 in
537 2066 714 2094 tenebrosum
740 2073 834 2094 orcum
849 2067 944 2094 detru-

131 2108 132 2111 “
153 2111 217 2138 disti
233 2111 317 2137 Salan
331 2110 472 2144 delapsum
490 2110 525 2138 ab
541 2111 687 2139 altitudine
708 2111 782 2144 cteli,
795 2115 822 2139 et.
846 2119 943 2139 exsur-

153 2163 220 2191 gens
239 2164 254 2184 e
268 2157 373 2184 tumulo
390 2161 506 2184 mortem
525 2157 663 2192 spoliasti.

994 902 1129 934 κλαίουσι,
1147 901 1194 928 τοῦ
1214 901 1297 928 αὑτὸν
1314 902 1372 928 ἐκεῖ
1386 901 1546 929 θεάσασθαι.

1035 947 1190 981 Ῥυσθῆνσιι,
1197 946 1367 982 Πανάμωμε,
1382 947 1413 973 ἐκ
1425 947 1595 982 πειρασμῶν,
1604 947 1648 974 καλ
1659 947 1786 982 θλίψεων,

994 992 1041 1018 καὶ
1057 991 1152 1018 παθῶν
1173 992 1329 1025 καταιγὶδος
1341 1013 1348 1024 ,
1373 992 1420 1018 καὶ
1442 993 1647 1028 ἀμαυρώσεως,
1665 993 1713 1019 καὶ
1731 993 1787 1018 τῶν

994 1037 1171 1064 τῃλυπλόκων
1197 1036 1319 1071 παγίδων
1343 1037 1388 1063 τοῦ
1409 1038 1544 1073 Πονηροῦ,
1563 1037 1682 1064 δυσώπει
1696 1038 1787 1064 ἀπαύ-

994 1090 1064 1112 στως
1078 1081 1197 1117 Χριστὸν
1209 1081 1253 1108 τον
1266 1081 1331 1108 Θεὸν
1344 1082 1434 1117 ἡμῶν,
1448 1083 1501 1109 τῶν
1515 1082 1558 1109 ἀεῖ
1573 1091 1602 1109 σε
1618 1083 1787 1118 μακαριζόν-

993 1135 1059 1154 των.

1157 1172 1256 1208 ’Υμνῶ
1274 1181 1324 1200 σε·
1343 1173 1440 1207 ἀκοὴν
1454 1173 1624 1209 γὰρ,Κύριε.

1029 1218 1158 1254 Ἀνῆλθες
1172 1219 1200 1246 ὲν
1216 1218 1334 1254 σταυρῷ,
1350 1220 1447 1255 Κύριε,
1461 1220 1619 1247 δυναστείαν
1635 1220 1783 1256 διεζωσμέ-

994 1272 1047 1295 νος,
1063 1263 1110 1303 καὶ
1125 1260 1262 1290 κατελθὼν
1275 1263 1447 1299 εὖσπλαγχνε
1462 1265 1531 1300 μετὰ
1540 1264 1630 1299 ψυχῆς
1644 1265 1724 1300 μέχρι
1737 1265 1785 1291 τοῦ

994 1309 1069 1344 ᾅδου,
1084 1309 1174 1345 ψυχὰς
1200 1310 1317 1337 αἰωνίων
1342 1310 1450 1345 δεσμῶν
1473 1310 1582 1344 ἔλυσας,
1597 1311 1644 1337 καὶ
1668 1310 1784 1346 σεαυτῷ,

993 1355 1145 1391 οἰκτίρμον,
1161 1358 1372 1392 συνανέστησας.

1029 1402 1182 1437 Συντρίψας
1205 1402 1267 1435 τοὺς
1294 1403 1424 1438 μοχλτὺς,
1442 1402 1545 1438 Κύριε,
1562 1403 1608 1429 καὶ
1631 1402 1680 1434 τὰς
1699 1402 1794 1434 πύλας¹

994 1448 1115 1484 φρικτῶς
1134 1447 1180 1474 τοῦ
1198 1447 1262 1484 ᾅδου
1282 1448 1354 1484 ίσχύῑ
1370 1458 1427 1479 σου.
1439 1449 1572 1482 Δέσποτα,
1583 1449 1719 1479 ὲκένωσας
1737 1443 1788 1475 αὖ-

994 1493 1042 1520 τοῦ
1061 1493 1106 1520 τὸν
1121 1493 1250 1520 πλοῦτον·
1272 1494 1311 1520 διὸ
1326 1493 1374 1528 τὴν
1394 1493 1495 1531 πολλήν
1513 1502 1559 1520 σου
1574 1493 1783 1528 συγωτάϐαοιν

955 1525 977 1555 c
994 1539 1041 1566 καὶ
1055 1539 1105 1575 τὴν
1120 1539 1221 1575 σεπτὴν
1236 1539 1383 1566 ἀνάστασιν
1402 1539 1559 1574 δοξάζομεν.

1028 1587 1150 1622 Μυρίσαι
1174 1586 1204 1613 τὺ
1229 1586 1326 1613 σεπτὸν
1349 1586 1429 1621 σῶμά
1446 1594 1493 1612 σου
1510 1587 1538 1612 ἐν
1553 1585 1592 1621 τῷ
1605 1586 1683 1620 τάφῳ
1704 1583 1787 1620 ἦλθον

994 1634 1138 1667 γυναῖκες·
1165 1632 1295 1667 εὑροῦσαι
1317 1632 1344 1658 δὲ
1370 1632 1486 1665 ἄγγελον
1504 1631 1658 1666 καθήμενον
1673 1631 1720 1657 ἐπὶ
1739 1631 1787 1657 τοῦ

993 1679 1090 1713 τάφου,
1116 1678 1228 1714 Χριστὲ,
1254 1677 1389 1705 δειλιῶσαι
1416 1676 1643 1713 κατεπλάγησαν·
1669 1676 1730 1712 μεθ’
1749 1673 1787 1703 ὧν

994 1724 1197 1759 ὐμνολογοῦμέν
1211 1732 1257 1750 σου
1272 1723 1320 1759 τὴν
1334 1723 1454 1758 ἔγερσιν.

1035 1769 1135 1803 ’Δγίων
1153 1769 1224 1804 ὑπὲρ
1239 1768 1301 1796 νοῦν
1317 1769 1362 1795 τὸν
1370 1770 1463 1802 Ἃγιον
1476 1768 1647 1804 ἀπεκύησας,
1659 1768 1786 1801 Θεοτόκέ,

995 1816 1130 1851 ἁγιασμὺν
1143 1815 1277 1851 λύτρωσιν
1292 1815 1339 1841 καὶ
1350 1816 1446 1849 ἄφεσιν
1456 1815 1666 1851 ἁμαρτημάτων
1679 1815 1787 1846 πιστοῖς

996 1862 1121 1897 μεσιτείᾳ
1145 1869 1191 1887 σου
1217 1860 1371 1896 παρέχοντα
1386 1861 1443 1892 τοῖς
1466 1860 1514 1895 τὴν
1528 1860 1610 1887 αὑτοῦ
1627 1859 1787 1893 δοξάζουσιν

996 1907 1156 1934 ἀνάστασιν.

1174 1963 1216 1996 Τῷ
1232 1963 1354 1998 δόγματι
1371 1963 1412 1996 τῷ
1429 1962 1606 1997 τυραννικῷ.

1029 2020 1189 2055 Ἀνύψωσας
1203 2020 1282 2054 φύσιν
1294 2020 1349 2046 τῶν
1363 2019 1477 2055 βροτῶν,
1491 2020 1604 2055 Χριστὲ,
1616 2020 1650 2054 τῇ
1666 2019 1696 2045 ὲν
1706 2027 1788 2046 σταυ-

995 2067 1034 2102 ρῷ
1052 2075 1098 2093 σου
1115 2065 1262 2100 ἁνυῷὡσει,
1277 2066 1324 2092 καὶ
1339 2066 1384 2092 τδν
1398 2066 1427 2098 ἐξ
1445 2065 1529 2100 ὕψους
1544 2065 1661 2092 πεσόντα
1672 2065 1787 2100 Ἐχθρὺν

994 2114 1034 2144 εἰς
1045 2113 1109 2147 χάος
1123 2112 1288 2148 ἀπέρριψας,
1303 2112 1350 2139 καὶ
1362 2112 1457 2146 ταφεὶς
1473 2110 1621 2146 ὲξηγέρθης
1635 2109 1787 2141 σκυλεύσας

994 2159 1040 2186 τὸν
1055 2159 1180 2186 θάνατον.

189 2203 454 2231 Contrivistivcctcs
477 2203 575 2231 inferni
596 2207 624 2230 et
652 2204 680 2231 in
709 2204 869 2232 fortitudine
895 2210 941 2233 tua

1029 2204 1195 2240 Συνέτριψας
1212 2205 1275 2241 ᾲδου
1293 2206 1355 2238 τοὺς
1373 2205 1498 2240 μοχλοὺς,
1517 2204 1564 2231 καὶ
1583 2204 1645 2236 τοὺς
1663 2204 1786 2239 πεπεδη-

151 2250 258 2277 vinctos
271 2250 390 2277 suscitas
416 2250 498 2277 simul
527 2250 724 2285 gloriﬁcantes,
739 2258 813 2279 tuam
842 2257 939 2288 poten-

152 2296 216 2322 tiam
229 2301 254 2323 ct
265 2301 338 2323 tuam
353 2304 367 2323 a
377 2300 553 2324 monumento
568 2298 799 2326 resurrectionem
812 2303 873 2333 pOst
885 2303 941 2327 tres

150 2341 220 2369 dics.

187 2387 281 2414 Sancti
301 2395 362 2414 cum
380 2387 509 2415 viderunt
534 2392 561 2415 te
595 2387 671 2421 olim,
687 2387 807 2420 Christe.
823 2389 940 2423 apostoli

150 2439 306 2467 Surgentem
318 2441 332 2460 e
345 2433 471 2468 sepulcro
485 2441 546 2461 cum
556 2433 654 2469 gloria,
661 2434 757 2469 repleti
767 2439 831 2462 sunt
840 2435 940 2470 gaudio

151 2480 392 2514 clamaveruntque
408 2490 413 2507 :
430 2481 588 2509 Benedicite
607 2480 735 2508 Domino.

185 2525 286 2553 Luctus
313 2529 387 2558 tuus,
405 2526 579 2554 immaculata
603 2526 698 2562 Virgo,
728 2534 825 2554 versus
843 2530 885 2554 est
912 2527 939 2554 in

148 2572 291 2607 gaudium,
308 2580 369 2599 cum
384 2573 476 2600 vidisti
488 2573 627 2602 Christum
641 2574 739 2601 Filium
753 2579 829 2601 tuum
843 2581 874 2600 ac
887 2573 939 2601 Do-

149 2617 254 2643 minum
268 2618 345 2644 tertia
367 2618 410 2646 die
426 2625 612 2654 resurgentem
641 2620 668 2647 in
686 2620 772 2655 gloria
791 2620 939 2646 nmndum-

119 2695 122 2698 γ
147 2670 200 2698 que
218 2663 432 2692 illuminantcm.

416 2722 468 2755 Qui
484 2727 544 2750 ante
554 2722 654 2750 Solent.

176 2775 333 2805 Misericors
350 2777 433 2812 Deus,
453 2779 528 2806 visus
541 2787 572 2806 es
590 2777 687 2806 afﬁxus
701 2779 777 2806 cruci
806 2778 876 2806 duos
894 2779 937 2806 in-

123 2834 128 2837 -
147 2825 188 2848 lcr
205 2822 342 2850 latrones:
359 2825 464 2857 positus
479 2831 545 2851 vero
562 2824 587 2850 in
605 2824 664 2851 lacu
682 2823 804 2851 inl‘eriori
819 2831 937 2851 consur-

994 2251 1091 2286 μένους
1116 2252 1145 2277 ὲν
1170 2251 1291 2287 ἀνδρείᾳ,
1309 2250 1420 2286 Χριστὲ,
1435 2249 1577 2285 δεσμώτας
1591 2250 1718 2284 ὲγείρεις,
1737 2250 1787 2283 τὴν

992 2297 1041 2333 σὴν
1057 2297 1217 2331 δοξάζοντας
1228 2298 1360 2332 δύναμιν,
1379 2296 1426 2323 καὶ
1448 2296 1497 2332 τὴν
1521 2297 1554 2323 ἐκ
1576 2295 1623 2322 τοῦ
1649 2296 1785 2331 μνημείου

991 2343 1140 2378 τριήμερον
1152 2343 1271 2378 ἔγερσιν.

1031 2388 1075 2419 Ὡς
1098 2388 1195 2423 ἑὸλεψε
1222 2389 1304 2415 πάλαι
1330 2398 1360 2416 σε
1385 2388 1463 2424 χορὸς
1478 2388 1563 2422 ἁγίων
1576 2386 1737 2414 ἀποστόλων
1753 2386 1785 2411 ἐκ

990 2434 1037 2461 τοῦ
1062 2435 1148 2469 τάφου
1166 2435 1358 2470 ’ἐγηγερμένον
1384 2436 1412 2463 ὲν
1426 2435 1501 2471 δόξῃ,
1517 2434 1629 2469 Χριστὲ,
1648 2432 1785 2467 θυμηδίας

991 2479 1108 2515 ἕμπλεος
1125 2479 1255 2515 γεγονὼς,
1269 2480 1426 2513 Εὑλογεῖτε,
1441 2479 1518 2512 ὲδόα,
1532 2479 1578 2506 τὸν
1593 2478 1704 2511 Κύριον.

1026 2526 1063 2552 To
1078 2526 1174 2557 πένθος
1192 2535 1243 2557 σοι,
1258 2527 1393 2561 Ἀχραντε
1411 2525 1489 2561 ἁγνὴ,
1505 2525 1610 2560 ἐτράπη
1627 2525 1666 2555 είς
1682 2523 1783 2558 χαρὰν,

991 2573 1071 2606 ἡνίκα
1089 2571 1158 2604 εἶδες
1181 2573 1226 2599 τὸν
1251 2573 1296 2598 σὺν
1311 2573 1374 2599 Υίδν
1398 2572 1444 2598 καὶ
1465 2571 1602 2605 Δεσπότην
1620 2569 1738 2604 Χριστὸν
1753 2570 1785 2595 ἐκ

989 2618 1094 2653 νεκρῶν
1120 2619 1267 2654 τριήμερον
1291 2618 1446 2645 ἀναστάντα
1469 2618 1498 2643 ὲν
1520 2616 1594 2652 δόξῃ,
1611 2615 1657 2642 καὶ
1679 2616 1785 2649 κόσμον

990 2665 1158 2698 φωτίσαντα.

1240 2721 1272 2748 Ἡ
1289 2720 1343 2748 τὸν
1361 2720 1418 2754 πρὸ
1437 2720 1538 2754 ἡλίου.

1026 2777 1129 2812 Ὠφθης
1142 2777 1223 2812 μέσον
1234 2777 1280 2804 δύο
1290 2776 1397 2814 λῃστῶν
1408 2778 1628 2812 ἐσταυρωμένος,
1641 2773 1781 2802 πολυᾶλει·

989 2823 1149 2854 κατατεθεὶς
1164 2823 1193 2849 ὲν
1209 2823 1303 2859 λάκκῳ
1315 2823 1464 2858 κατωτὰτῳ
1475 2822 1502 2848 δὲ
1515 2823 1578 2853 τοὺς
1590 2823 1617 2848 ὲν
1633 2820 1725 2848 σκότιι
1736 2821 1784 2848 καὶ
