  <div class='ocr_page' id='page_1' title='image "/cluster/home/n/w/nwhite01/storage/ocr_20150623/87, pt.3/njp.32101010943817/662.png"; bbox 0 0 1905 3078; ppageno 0'>
   <div class='ocr_carea' id='block_1_1' title="bbox 115 113 183 146">
    <p class='ocr_par' dir='ltr' id='par_1_1' title="bbox 115 113 183 146">
     <span class='ocr_line' id='line_1_1' title="bbox 115 113 183 146; baseline -0.015 0"><span class='ocrx_word' id='word_1_1' title='bbox 115 113 183 146; x_wconf 72' lang='lat'><strong>306!</strong></span> 
     </span>
    </p>
   </div>
   <div class='ocr_carea' id='block_1_2' title="bbox 334 170 703 208">
    <p class='ocr_par' dir='ltr' id='par_1_2' title="bbox 334 170 703 208">
     <span class='ocr_line' id='line_1_2' title="bbox 334 170 703 208; baseline 0.016 -12"><span class='ocrx_word' id='word_1_2' title='bbox 334 170 460 206; x_wconf 72' lang='grc' dir='ltr'>Ἐξέστη</span> <span class='ocrx_word' id='word_1_3' title='bbox 476 171 512 200; x_wconf 75' lang='grc' dir='ltr'><strong>τὰ</strong></span> <span class='ocrx_word' id='word_1_4' title='bbox 531 174 703 208; x_wconf 71' lang='grc' dir='ltr'>σύμ-ταντα.</span> 
     </span>
    </p>
   </div>
   <div class='ocr_carea' id='block_1_3' title="bbox 150 219 913 260">
    <p class='ocr_par' dir='ltr' id='par_1_3' title="bbox 150 219 913 260">
     <span class='ocr_line' id='line_1_3' title="bbox 150 219 913 260; baseline 0.008 -15"><span class='ocrx_word' id='word_1_5' title='bbox 150 219 352 254; x_wconf 65' lang='grc' dir='ltr'>Δεσμούμενος,</span> <span class='ocrx_word' id='word_1_6' title='bbox 368 220 503 254; x_wconf 85' lang='grc' dir='ltr'>Δέσποτα,</span> <span class='ocrx_word' id='word_1_7' title='bbox 530 223 578 249; x_wconf 78' lang='grc' dir='ltr'><strong>καὶ</strong></span> <span class='ocrx_word' id='word_1_8' title='bbox 594 223 665 258; x_wconf 78' lang='grc' dir='ltr'>ξύλῳ</span> <span class='ocrx_word' id='word_1_9' title='bbox 679 224 913 260; x_wconf 85' lang='grc' dir='ltr'>προσηλούμενος,</span> 
     </span>
    </p>
   </div>
   <div class='ocr_carea' id='block_1_4' title="bbox 115 267 913 308">
    <p class='ocr_par' dir='ltr' id='par_1_4' title="bbox 115 267 913 308">
     <span class='ocr_line' id='line_1_4' title="bbox 115 267 913 308; baseline 0.006 -15"><span class='ocrx_word' id='word_1_10' title='bbox 115 267 216 300; x_wconf 70' lang='grc' dir='ltr'>ἔλυσας</span> <span class='ocrx_word' id='word_1_11' title='bbox 239 268 349 303; x_wconf 82' lang='grc' dir='ltr'><strong>δεσμῶν</strong></span> <span class='ocrx_word' id='word_1_12' title='bbox 377 277 411 304; x_wconf 83' lang='grc' dir='ltr'>με</span> <span class='ocrx_word' id='word_1_13' title='bbox 437 269 587 305; x_wconf 80' lang='grc' dir='ltr'>ἁμαρτίας,</span> <span class='ocrx_word' id='word_1_14' title='bbox 604 271 652 298; x_wconf 72' lang='grc' dir='ltr'><strong>καὶ</strong></span> <span class='ocrx_word' id='word_1_15' title='bbox 665 273 698 307; x_wconf 84' lang='grc' dir='ltr'><strong>τῇ</strong></span> <span class='ocrx_word' id='word_1_16' title='bbox 723 272 819 308; x_wconf 75' lang='grc' dir='ltr'>ἀγάπῃ</span> <span class='ocrx_word' id='word_1_17' title='bbox 829 274 863 308; x_wconf 79' lang='grc' dir='ltr'>τῇ</span> <span class='ocrx_word' id='word_1_18' title='bbox 879 272 913 308; x_wconf 82' lang='grc' dir='ltr'><strong>σῇ</strong></span> 
     </span>
    </p>
   </div>
   <div class='ocr_carea' id='block_1_5' title="bbox 116 314 911 354">
    <p class='ocr_par' dir='ltr' id='par_1_5' title="bbox 116 314 911 354">
     <span class='ocr_line' id='line_1_5' title="bbox 116 314 911 354; baseline 0.006 -14"><span class='ocrx_word' id='word_1_19' title='bbox 116 314 300 349; x_wconf 78' lang='grc' dir='ltr'>προσήλωσας</span> <span class='ocrx_word' id='word_1_20' title='bbox 323 322 329 329; x_wconf 92' lang='grc'>·</span> <span class='ocrx_word' id='word_1_21' title='bbox 344 314 406 342; x_wconf 78' lang='grc' dir='ltr'>ὅθεν</span> <span class='ocrx_word' id='word_1_22' title='bbox 416 315 588 352; x_wconf 75' lang='grc' dir='ltr'><strong>εὐχαρίστως</strong></span> <span class='ocrx_word' id='word_1_23' title='bbox 602 325 650 344; x_wconf 89' lang='grc' dir='ltr'><strong>σου</strong></span> <span class='ocrx_word' id='word_1_24' title='bbox 665 317 745 353; x_wconf 73' lang='grc' dir='ltr'><strong>ὑμνῶ</strong></span> <span class='ocrx_word' id='word_1_25' title='bbox 755 318 807 353; x_wconf 83' lang='grc' dir='ltr'><strong>τὴν</strong></span> <span class='ocrx_word' id='word_1_26' title='bbox 823 326 911 354; x_wconf 84' lang='grc' dir='ltr'>μεγα-</span> 
     </span>
    </p>
   </div>
   <div class='ocr_carea' id='block_1_6' title="bbox 115 360 666 398">
    <p class='ocr_par' dir='ltr' id='par_1_6' title="bbox 115 360 666 398">
     <span class='ocr_line' id='line_1_6' title="bbox 115 360 666 398; baseline 0.007 -12"><span class='ocrx_word' id='word_1_27' title='bbox 115 360 242 396; x_wconf 75' lang='grc' dir='ltr'>λειότητα</span> <span class='ocrx_word' id='word_1_28' title='bbox 258 360 306 387; x_wconf 77' lang='grc' dir='ltr'><strong>καὶ</strong></span> <span class='ocrx_word' id='word_1_29' title='bbox 320 361 371 396; x_wconf 84' lang='grc' dir='ltr'>τὴν</span> <span class='ocrx_word' id='word_1_30' title='bbox 381 361 521 397; x_wconf 72' lang='grc' dir='ltr'>ἄφραστον</span> <span class='ocrx_word' id='word_1_31' title='bbox 540 362 666 398; x_wconf 86' lang='grc' dir='ltr'>δύναμιν.</span> 
     </span>
    </p>
   </div>
   <div class='ocr_carea' id='block_1_7' title="bbox 157 405 915 444">
    <p class='ocr_par' dir='ltr' id='par_1_7' title="bbox 157 405 915 444">
     <span class='ocr_line' id='line_1_7' title="bbox 157 405 915 444; baseline 0.008 -12"><span class='ocrx_word' id='word_1_32' title='bbox 157 405 187 432; x_wconf 86' lang='grc'><strong>’0</strong></span> <span class='ocrx_word' id='word_1_33' title='bbox 205 406 289 433; x_wconf 85' lang='grc' dir='ltr'>πάλαι</span> <span class='ocrx_word' id='word_1_34' title='bbox 303 407 468 442; x_wconf 83' lang='grc' dir='ltr'><strong>κατάκριτος</strong></span> <span class='ocrx_word' id='word_1_35' title='bbox 485 407 572 443; x_wconf 74' lang='grc' dir='ltr'>’Δδὰμ</span> <span class='ocrx_word' id='word_1_36' title='bbox 587 409 767 444; x_wconf 72' lang='grc' dir='ltr'><strong>ἐπιφανέντος</strong></span> <span class='ocrx_word' id='word_1_37' title='bbox 783 419 841 444; x_wconf 81' lang='grc' dir='ltr'>σου,</span> <span class='ocrx_word' id='word_1_38' title='bbox 857 411 915 438; x_wconf 88' lang='grc' dir='ltr'><strong>Σῶ-</strong></span> 
     </span>
    </p>
   </div>
   <div class='ocr_carea' id='block_1_8' title="bbox 115 453 912 491">
    <p class='ocr_par' dir='ltr' id='par_1_8' title="bbox 115 453 912 491">
     <span class='ocr_line' id='line_1_8' title="bbox 115 453 912 491; baseline 0.006 -12"><span class='ocrx_word' id='word_1_39' title='bbox 115 460 175 488; x_wconf 78' lang='grc' dir='ltr'>τερ.</span> <span class='ocrx_word' id='word_1_40' title='bbox 192 453 222 480; x_wconf 77' lang='grc' dir='ltr'>ὲν</span> <span class='ocrx_word' id='word_1_41' title='bbox 239 453 279 486; x_wconf 82' lang='grc' dir='ltr'>τῷ</span> <span class='ocrx_word' id='word_1_42' title='bbox 296 453 358 489; x_wconf 72' lang='grc' dir='ltr'>ᾄδῃ,</span> <span class='ocrx_word' id='word_1_43' title='bbox 382 453 508 489; x_wconf 79' lang='grc' dir='ltr'><strong>ἀπελύθη</strong></span> <span class='ocrx_word' id='word_1_44' title='bbox 535 455 587 490; x_wconf 82' lang='grc' dir='ltr'><strong>τῆς</strong></span> <span class='ocrx_word' id='word_1_45' title='bbox 609 456 760 491; x_wconf 79' lang='grc' dir='ltr'>καταδίκης</span> <span class='ocrx_word' id='word_1_46' title='bbox 782 457 838 483; x_wconf 81' lang='grc' dir='ltr'><strong>τῶν</strong></span> <span class='ocrx_word' id='word_1_47' title='bbox 862 458 912 485; x_wconf 86' lang='grc' dir='ltr'>τοῦ</span> 
     </span>
    </p>
   </div>
   <div class='ocr_carea' id='block_1_9' title="bbox 118 497 908 537">
    <p class='ocr_par' dir='ltr' id='par_1_9' title="bbox 118 497 908 537">
     <span class='ocr_line' id='line_1_9' title="bbox 118 497 908 537; baseline 0.005 -13"><span class='ocrx_word' id='word_1_48' title='bbox 118 497 234 525; x_wconf 68' lang='grc' dir='ltr'>θανάτου</span> <span class='ocrx_word' id='word_1_49' title='bbox 251 498 359 532; x_wconf 80' lang='grc' dir='ltr'><strong>δεσμῶν</strong></span> <span class='ocrx_word' id='word_1_50' title='bbox 369 507 376 514; x_wconf 82' lang='grc'>⁶</span> <span class='ocrx_word' id='word_1_51' title='bbox 390 498 459 531; x_wconf 75' lang='grc' dir='ltr'>Δόξα</span> <span class='ocrx_word' id='word_1_52' title='bbox 468 501 501 535; x_wconf 81' lang='grc' dir='ltr'><strong>τῇ</strong></span> <span class='ocrx_word' id='word_1_53' title='bbox 519 500 604 535; x_wconf 82' lang='grc' dir='ltr'>πολλῇ</span> <span class='ocrx_word' id='word_1_54' title='bbox 617 508 676 533; x_wconf 77' lang='grc' dir='ltr'>σου,</span> <span class='ocrx_word' id='word_1_55' title='bbox 694 500 809 534; x_wconf 77' lang='grc' dir='ltr'>ὲκὸοῶν,</span> <span class='ocrx_word' id='word_1_56' title='bbox 825 501 908 537; x_wconf 78' lang='grc' dir='ltr'>Λόγε,</span> 
     </span>
    </p>
   </div>
   <div class='ocr_carea' id='block_1_10' title="bbox 118 538 658 579">
    <p class='ocr_par' dir='ltr' id='par_1_10' title="bbox 118 538 658 579">
     <span class='ocr_line' id='line_1_10' title="bbox 118 538 658 579; baseline 0.004 -9"><span class='ocrx_word' id='word_1_57' title='bbox 118 543 279 579; x_wconf 81' lang='grc' dir='ltr'>ἀγαθότητι,</span> <span class='ocrx_word' id='word_1_58' title='bbox 297 544 386 578; x_wconf 83' lang='grc' dir='ltr'>Ἰησοῦ</span> <span class='ocrx_word' id='word_1_59' title='bbox 399 545 539 572; x_wconf 80' lang='grc' dir='ltr'>πολυέλεε.</span> <span class='ocrx_word' id='word_1_60' title='bbox 551 538 558 545; x_wconf 78' lang='grc'><em>’</em></span> <span class='ocrx_word' id='word_1_61' title='bbox 648 575 658 579; x_wconf 82' lang='lat'><em>_</em></span> 
     </span>
    </p>
   </div>
   <div class='ocr_carea' id='block_1_11' title="bbox 149 590 914 627">
    <p class='ocr_par' dir='ltr' id='par_1_11' title="bbox 149 590 914 627">
     <span class='ocr_line' id='line_1_11' title="bbox 149 590 914 627; baseline 0.007 -10"><span class='ocrx_word' id='word_1_62' title='bbox 149 590 268 622; x_wconf 77' lang='grc' dir='ltr'>Ξενίζων</span> <span class='ocrx_word' id='word_1_63' title='bbox 278 591 424 618; x_wconf 78' lang='grc' dir='ltr'>ὀπτάνεται</span> <span class='ocrx_word' id='word_1_64' title='bbox 445 592 506 623; x_wconf 82' lang='grc' dir='ltr'>ταῖς</span> <span class='ocrx_word' id='word_1_65' title='bbox 529 591 652 626; x_wconf 77' lang='grc' dir='ltr'>γυναιξὶν</span> <span class='ocrx_word' id='word_1_66' title='bbox 666 593 680 619; x_wconf 87' lang='grc' dir='ltr'><strong>ό</strong></span> <span class='ocrx_word' id='word_1_67' title='bbox 700 592 815 627; x_wconf 77' lang='grc' dir='ltr'>ἄγγελος</span> <span class='ocrx_word' id='word_1_68' title='bbox 840 594 914 622; x_wconf 76' lang='grc' dir='ltr'>ἔνδον</span> 
     </span>
    </p>
   </div>
   <div class='ocr_carea' id='block_1_12' title="bbox 116 635 913 675">
    <p class='ocr_par' dir='ltr' id='par_1_12' title="bbox 116 635 913 675">
     <span class='ocr_line' id='line_1_12' title="bbox 116 635 913 675; baseline 0.005 -13"><span class='ocrx_word' id='word_1_69' title='bbox 116 635 300 670; x_wconf 75' lang='grc' dir='ltr'>καθεζόμενος</span> <span class='ocrx_word' id='word_1_70' title='bbox 314 636 361 663; x_wconf 85' lang='grc' dir='ltr'><strong>τοῦ</strong></span> <span class='ocrx_word' id='word_1_71' title='bbox 387 637 483 671; x_wconf 82' lang='grc' dir='ltr'><strong>τάφου,</strong></span> <span class='ocrx_word' id='word_1_72' title='bbox 499 638 547 664; x_wconf 83' lang='grc' dir='ltr'><strong>καὶ</strong></span> <span class='ocrx_word' id='word_1_73' title='bbox 565 638 747 673; x_wconf 83' lang='grc' dir='ltr'><strong>προσεφώνει,</strong></span> <span class='ocrx_word' id='word_1_74' title='bbox 772 639 838 666; x_wconf 85' lang='grc' dir='ltr'>Τίνα</span> <span class='ocrx_word' id='word_1_75' title='bbox 860 641 913 675; x_wconf 54' lang='grc' dir='ltr'><strong>ἀφ.</strong></span> 
     </span>
    </p>
   </div>
   <div class='ocr_carea' id='block_1_13' title="bbox 119 680 950 721">
    <p class='ocr_par' dir='ltr' id='par_1_13' title="bbox 119 680 950 721">
     <span class='ocr_line' id='line_1_13' title="bbox 119 680 950 721; baseline 0.007 -14"><span class='ocrx_word' id='word_1_76' title='bbox 119 680 211 707; x_wconf 69' lang='grc' dir='ltr'><strong>ἔχεσθε</strong></span> <span class='ocrx_word' id='word_1_77' title='bbox 227 680 337 716; x_wconf 71' lang='grc' dir='ltr'>ὄρθριαι</span> <span class='ocrx_word' id='word_1_78' title='bbox 353 681 483 717; x_wconf 76' lang='grc' dir='ltr'>ξητοῠσαι</span> <span class='ocrx_word' id='word_1_79' title='bbox 500 691 507 715; x_wconf 85' lang='grc'>;</span> <span class='ocrx_word' id='word_1_80' title='bbox 523 683 536 709; x_wconf 84' lang='grc' dir='ltr'><strong><em>ὁ</em></strong></span> <span class='ocrx_word' id='word_1_81' title='bbox 560 683 678 719; x_wconf 72' lang='grc' dir='ltr'>Χριστὸς</span> <span class='ocrx_word' id='word_1_82' title='bbox 693 684 744 720; x_wconf 72' lang='grc' dir='ltr'>ἤδη</span> <span class='ocrx_word' id='word_1_83' title='bbox 765 685 913 721; x_wconf 79' lang='grc' dir='ltr'><strong>ἑξεγὴγερ-</strong></span> <span class='ocrx_word' id='word_1_84' title='bbox 947 682 950 686; x_wconf 33' lang='grc' dir='ltr'>λ</span> 
     </span>
    </p>
   </div>
   <div class='ocr_carea' id='block_1_14' title="bbox 116 724 538 754">
    <p class='ocr_par' dir='ltr' id='par_1_14' title="bbox 116 724 538 754">
     <span class='ocr_line' id='line_1_14' title="bbox 116 724 538 754; baseline 0.009 -4"><span class='ocrx_word' id='word_1_85' title='bbox 116 732 161 751; x_wconf 81' lang='grc' dir='ltr'><strong>ται</strong></span> <span class='ocrx_word' id='word_1_86' title='bbox 182 724 339 752; x_wconf 71' lang='grc' dir='ltr'>θανατώσας</span> <span class='ocrx_word' id='word_1_87' title='bbox 356 726 403 752; x_wconf 64' lang='grc' dir='ltr'>τὴν</span> <span class='ocrx_word' id='word_1_88' title='bbox 417 726 538 754; x_wconf 76' lang='grc' dir='ltr'>θάνατον.</span> 
     </span>
    </p>
   </div>
   <div class='ocr_carea' id='block_1_15' title="bbox 158 770 913 809">
    <p class='ocr_par' dir='ltr' id='par_1_15' title="bbox 158 770 913 809">
     <span class='ocr_line' id='line_1_15' title="bbox 158 770 913 809; baseline 0.008 -12"><span class='ocrx_word' id='word_1_89' title='bbox 158 770 237 804; x_wconf 81' lang='grc' dir='ltr'>Ἀγία</span> <span class='ocrx_word' id='word_1_90' title='bbox 252 771 418 807; x_wconf 76' lang='grc' dir='ltr'>πανάμωμε,</span> <span class='ocrx_word' id='word_1_91' title='bbox 433 771 479 799; x_wconf 79' lang='grc' dir='ltr'>τὸν</span> <span class='ocrx_word' id='word_1_92' title='bbox 494 773 524 799; x_wconf 83' lang='grc' dir='ltr'><strong>ἐν</strong></span> <span class='ocrx_word' id='word_1_93' title='bbox 538 773 726 809; x_wconf 76' lang='grc' dir='ltr'>άγίοιςἋγιον</span> <span class='ocrx_word' id='word_1_94' title='bbox 739 775 913 803; x_wconf 66' lang='grc' dir='ltr'>ἐπαναπαυόο</span> 
     </span>
    </p>
   </div>
   <div class='ocr_carea' id='block_1_16' title="bbox 118 816 913 856">
    <p class='ocr_par' dir='ltr' id='par_1_16' title="bbox 118 816 913 856">
     <span class='ocr_line' id='line_1_16' title="bbox 118 816 913 856; baseline 0.009 -14"><span class='ocrx_word' id='word_1_95' title='bbox 118 825 199 852; x_wconf 83' lang='grc' dir='ltr'>μενον</span> <span class='ocrx_word' id='word_1_96' title='bbox 220 817 347 850; x_wconf 80' lang='grc' dir='ltr'>τεκοῦσα,</span> <span class='ocrx_word' id='word_1_97' title='bbox 363 817 456 844; x_wconf 83' lang='grc' dir='ltr'>τοῦτον</span> <span class='ocrx_word' id='word_1_98' title='bbox 469 817 508 850; x_wconf 88' lang='grc' dir='ltr'><strong>ὡς</strong></span> <span class='ocrx_word' id='word_1_99' title='bbox 525 816 596 851; x_wconf 80' lang='grc' dir='ltr'>εἶδες</span> <span class='ocrx_word' id='word_1_100' title='bbox 609 820 641 846; x_wconf 69' lang='grc' dir='ltr'><strong>ὲκ</strong></span> <span class='ocrx_word' id='word_1_101' title='bbox 664 821 750 856; x_wconf 81' lang='grc' dir='ltr'>τάφου</span> <span class='ocrx_word' id='word_1_102' title='bbox 767 821 913 856; x_wconf 75' lang='grc' dir='ltr'>λάμψειν-τα</span> 
     </span>
    </p>
   </div>
   <div class='ocr_carea' id='block_1_17' title="bbox 841 122 1051 156">
    <p class='ocr_par' dir='ltr' id='par_1_17' title="bbox 841 122 1051 156">
     <span class='ocr_line' id='line_1_17' title="bbox 841 122 1051 156; baseline 0.014 -3"><span class='ocrx_word' id='word_1_103' title='bbox 841 122 1035 155; x_wconf 77' lang='grc' dir='ltr'><strong>ΤΒΙΟΠΙΠΜ</strong></span> <span class='ocrx_word' id='word_1_104' title='bbox 1043 148 1051 156; x_wconf 96' lang='grc'>.</span> 
     </span>
    </p>
   </div>
   <div class='ocr_carea' id='block_1_18' title="bbox 1691 130 1761 162">
    <p class='ocr_par' dir='ltr' id='par_1_18' title="bbox 1691 130 1761 162">
     <span class='ocr_line' id='line_1_18' title="bbox 1691 130 1761 162; baseline 0 0"><span class='ocrx_word' id='word_1_105' title='bbox 1691 130 1761 162; x_wconf 73' lang='grc'><strong>3902</strong></span> 
     </span>
    </p>
   </div>
   <div class='ocr_carea' id='block_1_19' title="bbox 1241 182 1484 212">
    <p class='ocr_par' dir='ltr' id='par_1_19' title="bbox 1241 182 1484 212">
     <span class='ocr_line' id='line_1_19' title="bbox 1241 182 1484 212; baseline 0.008 -2"><span class='ocrx_word' id='word_1_106' title='bbox 1241 182 1338 211; x_wconf 81' lang='lat' dir='ltr'><strong><em>Omnia</em></strong></span> <span class='ocrx_word' id='word_1_107' title='bbox 1354 184 1484 212; x_wconf 79' lang='lat' dir='ltr'><strong>abierunt.</strong></span> 
     </span>
    </p>
   </div>
   <div class='ocr_carea' id='block_1_20' title="bbox 1007 227 1760 261">
    <p class='ocr_par' dir='ltr' id='par_1_20' title="bbox 1007 227 1760 261">
     <span class='ocr_line' id='line_1_20' title="bbox 1007 227 1760 261; baseline 0.007 -8"><span class='ocrx_word' id='word_1_108' title='bbox 1007 227 1121 256; x_wconf 82' lang='lat' dir='ltr'><strong>Vinctus</strong></span> <span class='ocrx_word' id='word_1_109' title='bbox 1143 231 1170 256; x_wconf 92' lang='lat' dir='ltr'><strong>et</strong></span> <span class='ocrx_word' id='word_1_110' title='bbox 1186 228 1283 256; x_wconf 76' lang='lat' dir='ltr'><strong>allixus</strong></span> <span class='ocrx_word' id='word_1_111' title='bbox 1296 229 1384 261; x_wconf 86' lang='lat' dir='ltr'><strong>cruci,</strong></span> <span class='ocrx_word' id='word_1_112' title='bbox 1404 230 1528 261; x_wconf 85' lang='lat' dir='ltr'><strong>Domine,</strong></span> <span class='ocrx_word' id='word_1_113' title='bbox 1548 229 1669 258; x_wconf 81' lang='lat' dir='ltr'><strong>liherasti</strong></span> <span class='ocrx_word' id='word_1_114' title='bbox 1684 239 1726 258; x_wconf 91' lang='lat' dir='ltr'><strong>me</strong></span> <span class='ocrx_word' id='word_1_115' title='bbox 1744 239 1760 258; x_wconf 88' lang='lat' dir='ltr'><strong>a</strong></span> 
     </span>
    </p>
   </div>
   <div class='ocr_carea' id='block_1_21' title="bbox 969 274 1759 309">
    <p class='ocr_par' dir='ltr' id='par_1_21' title="bbox 969 274 1759 309">
     <span class='ocr_line' id='line_1_21' title="bbox 969 274 1759 309; baseline 0.003 -8"><span class='ocrx_word' id='word_1_116' title='bbox 969 274 1088 302; x_wconf 80' lang='lat' dir='ltr'><strong>vinculis</strong></span> <span class='ocrx_word' id='word_1_117' title='bbox 1115 279 1302 309; x_wconf 77' lang='lat' dir='ltr'><strong>peccatorum,</strong></span> <span class='ocrx_word' id='word_1_118' title='bbox 1332 275 1538 309; x_wconf 85' lang='lat' dir='ltr'><strong>dcvinxistique</strong></span> <span class='ocrx_word' id='word_1_119' title='bbox 1567 276 1614 302; x_wconf 87' lang='lat' dir='ltr'><strong>tibi</strong></span> <span class='ocrx_word' id='word_1_120' title='bbox 1648 276 1759 304; x_wconf 79' lang='lat' dir='ltr'><strong>vinculo</strong></span> 
     </span>
    </p>
   </div>
   <div class='ocr_carea' id='block_1_22' title="bbox 968 320 1760 356">
    <p class='ocr_par' dir='ltr' id='par_1_22' title="bbox 968 320 1760 356">
     <span class='ocr_line' id='line_1_22' title="bbox 968 320 1760 356; baseline 0.003 -9"><span class='ocrx_word' id='word_1_121' title='bbox 968 320 1112 350; x_wconf 82' lang='lat' dir='ltr'><strong>charitatis</strong></span> <span class='ocrx_word' id='word_1_122' title='bbox 1121 325 1194 348; x_wconf 68' lang='lat' dir='ltr'><strong>tum:</strong></span> <span class='ocrx_word' id='word_1_123' title='bbox 1211 328 1316 348; x_wconf 90' lang='lat' dir='ltr'><strong>memor</strong></span> <span class='ocrx_word' id='word_1_124' title='bbox 1326 321 1430 349; x_wconf 84' lang='lat' dir='ltr'><strong>idcirco</strong></span> <span class='ocrx_word' id='word_1_125' title='bbox 1441 320 1671 356; x_wconf 74' lang='lat' dir='ltr'><strong>magnificentiam</strong></span> <span class='ocrx_word' id='word_1_126' title='bbox 1686 327 1760 349; x_wconf 83' lang='lat' dir='ltr'><strong>luant</strong></span> 
     </span>
    </p>
   </div>
   <div class='ocr_carea' id='block_1_23' title="bbox 968 364 1470 399">
    <p class='ocr_par' dir='ltr' id='par_1_23' title="bbox 968 364 1470 399">
     <span class='ocr_line' id='line_1_23' title="bbox 968 364 1470 399; baseline -0.008 -5"><span class='ocrx_word' id='word_1_127' title='bbox 968 366 1052 394; x_wconf 75' lang='lat' dir='ltr'><strong>laudo</strong></span> <span class='ocrx_word' id='word_1_128' title='bbox 1071 369 1098 393; x_wconf 80' lang='lat' dir='ltr'><strong>et</strong></span> <span class='ocrx_word' id='word_1_129' title='bbox 1129 364 1293 392; x_wconf 67' lang='lat' dir='ltr'><strong>ineffabilem</strong></span> <span class='ocrx_word' id='word_1_130' title='bbox 1312 365 1470 399; x_wconf 84' lang='lat' dir='ltr'><strong>potentiam.</strong></span> 
     </span>
    </p>
   </div>
   <div class='ocr_carea' id='block_1_24' title="bbox 1006 409 1759 443">
    <p class='ocr_par' dir='ltr' id='par_1_24' title="bbox 1006 409 1759 443">
     <span class='ocr_line' id='line_1_24' title="bbox 1006 409 1759 443; baseline -0.004 -3"><span class='ocrx_word' id='word_1_131' title='bbox 1006 413 1091 441; x_wconf 84' lang='lat' dir='ltr'><strong>Vetus</strong></span> <span class='ocrx_word' id='word_1_132' title='bbox 1106 413 1191 439; x_wconf 76' lang='lat' dir='ltr'><strong>Adam</strong></span> <span class='ocrx_word' id='word_1_133' title='bbox 1208 412 1270 438; x_wconf 93' lang='lat' dir='ltr'><strong>olim</strong></span> <span class='ocrx_word' id='word_1_134' title='bbox 1290 411 1434 438; x_wconf 87' lang='lat' dir='ltr'><strong>damnatus</strong></span> <span class='ocrx_word' id='word_1_135' title='bbox 1463 415 1500 442; x_wconf 88' lang='lat' dir='ltr'><strong>te,</strong></span> <span class='ocrx_word' id='word_1_136' title='bbox 1517 409 1660 443; x_wconf 74' lang='lat' dir='ltr'><strong>Salvator,</strong></span> <span class='ocrx_word' id='word_1_137' title='bbox 1677 411 1759 437; x_wconf 80' lang='lat' dir='ltr'><strong>adve-</strong></span> 
     </span>
    </p>
   </div>
   <div class='ocr_carea' id='block_1_25' title="bbox 968 455 1759 486">
    <p class='ocr_par' dir='ltr' id='par_1_25' title="bbox 968 455 1759 486">
     <span class='ocr_line' id='line_1_25' title="bbox 968 455 1759 486; baseline -0.005 -1"><span class='ocrx_word' id='word_1_138' title='bbox 968 457 1061 486; x_wconf 88' lang='lat' dir='ltr'><strong>niente</strong></span> <span class='ocrx_word' id='word_1_139' title='bbox 1076 457 1103 484; x_wconf 94' lang='lat' dir='ltr'><strong>in</strong></span> <span class='ocrx_word' id='word_1_140' title='bbox 1119 457 1222 484; x_wconf 76' lang='lat' dir='ltr'><strong>inferos</strong></span> <span class='ocrx_word' id='word_1_141' title='bbox 1243 456 1351 483; x_wconf 89' lang='lat' dir='ltr'><strong>solutus</strong></span> <span class='ocrx_word' id='word_1_142' title='bbox 1369 459 1411 482; x_wconf 87' lang='lat' dir='ltr'><strong>est</strong></span> <span class='ocrx_word' id='word_1_143' title='bbox 1426 463 1440 482; x_wconf 76' lang='grc' dir='ltr'><strong>ιι</strong></span> <span class='ocrx_word' id='word_1_144' title='bbox 1456 455 1576 482; x_wconf 84' lang='lat' dir='ltr'><strong>vinculis</strong></span> <span class='ocrx_word' id='word_1_145' title='bbox 1602 455 1759 482; x_wconf 77' lang='lat' dir='ltr'><strong>damnatio—</strong></span> 
     </span>
    </p>
   </div>
   <div class='ocr_carea' id='block_1_26' title="bbox 968 500 1759 537">
    <p class='ocr_par' dir='ltr' id='par_1_26' title="bbox 968 500 1759 537">
     <span class='ocr_line' id='line_1_26' title="bbox 968 500 1759 537; baseline -0.003 -6"><span class='ocrx_word' id='word_1_146' title='bbox 968 504 1011 531; x_wconf 85' lang='lat' dir='ltr'><strong>nis</strong></span> <span class='ocrx_word' id='word_1_147' title='bbox 1034 507 1061 531; x_wconf 86' lang='lat' dir='ltr'><strong>et</strong></span> <span class='ocrx_word' id='word_1_148' title='bbox 1079 502 1189 535; x_wconf 82' lang='lat' dir='ltr'><strong>mortis,</strong></span> <span class='ocrx_word' id='word_1_149' title='bbox 1210 509 1309 537; x_wconf 77' lang='lat' dir='ltr'><strong>magna</strong></span> <span class='ocrx_word' id='word_1_150' title='bbox 1328 509 1394 529; x_wconf 86' lang='lat' dir='ltr'><strong>voce</strong></span> <span class='ocrx_word' id='word_1_151' title='bbox 1420 500 1589 536; x_wconf 78' lang='lat' dir='ltr'><strong>gloriﬁcans,</strong></span> <span class='ocrx_word' id='word_1_152' title='bbox 1610 508 1626 528; x_wconf 94' lang='grc' dir='ltr'>ο</span> <span class='ocrx_word' id='word_1_153' title='bbox 1649 500 1759 529; x_wconf 82' lang='lat' dir='ltr'><strong>Christe</strong></span> 
     </span>
    </p>
   </div>
   <div class='ocr_carea' id='block_1_27' title="bbox 967 547 1635 583">
    <p class='ocr_par' dir='ltr' id='par_1_27' title="bbox 967 547 1635 583">
     <span class='ocr_line' id='line_1_27' title="bbox 967 547 1635 583; baseline -0.004 -6"><span class='ocrx_word' id='word_1_154' title='bbox 967 549 1046 577; x_wconf 82' lang='lat' dir='ltr'><strong>valde</strong></span> <span class='ocrx_word' id='word_1_155' title='bbox 1061 549 1229 579; x_wconf 71' lang='lat' dir='ltr'><strong>misericors,</strong></span> <span class='ocrx_word' id='word_1_156' title='bbox 1244 547 1391 575; x_wconf 81' lang='lat' dir='ltr'><strong>bonitatem</strong></span> <span class='ocrx_word' id='word_1_157' title='bbox 1404 550 1479 574; x_wconf 90' lang='lat' dir='ltr'><strong>tuam</strong></span> <span class='ocrx_word' id='word_1_158' title='bbox 1497 555 1635 583; x_wconf 77' lang='lat' dir='ltr'><strong>magnam.</strong></span> 
     </span>
    </p>
   </div>
   <div class='ocr_carea' id='block_1_28' title="bbox 1003 594 1759 630">
    <p class='ocr_par' dir='ltr' id='par_1_28' title="bbox 1003 594 1759 630">
     <span class='ocr_line' id='line_1_28' title="bbox 1003 594 1759 630; baseline -0.001 -7"><span class='ocrx_word' id='word_1_159' title='bbox 1003 595 1157 630; x_wconf 85' lang='lat' dir='ltr'><strong>Stupcndus</strong></span> <span class='ocrx_word' id='word_1_160' title='bbox 1175 594 1300 629; x_wconf 85' lang='lat' dir='ltr'><strong>apparuit</strong></span> <span class='ocrx_word' id='word_1_161' title='bbox 1320 594 1433 628; x_wconf 82' lang='lat' dir='ltr'><strong>angelus</strong></span> <span class='ocrx_word' id='word_1_162' title='bbox 1449 594 1610 622; x_wconf 91' lang='lat' dir='ltr'><strong>mulieribus</strong></span> <span class='ocrx_word' id='word_1_163' title='bbox 1639 595 1665 621; x_wconf 91' lang='lat' dir='ltr'><strong>in</strong></span> <span class='ocrx_word' id='word_1_164' title='bbox 1687 595 1759 623; x_wconf 84' lang='lat' dir='ltr'><strong>inte-</strong></span> 
     </span>
    </p>
   </div>
   <div class='ocr_carea' id='block_1_29' title="bbox 967 639 1758 674">
    <p class='ocr_par' dir='ltr' id='par_1_29' title="bbox 967 639 1758 674">
     <span class='ocr_line' id='line_1_29' title="bbox 967 639 1758 674; baseline -0.003 -5"><span class='ocrx_word' id='word_1_165' title='bbox 967 641 1143 669; x_wconf 84' lang='lat' dir='ltr'><strong>rioriscdens</strong></span> <span class='ocrx_word' id='word_1_166' title='bbox 1159 643 1347 670; x_wconf 88' lang='lat' dir='ltr'><strong>monumento,</strong></span> <span class='ocrx_word' id='word_1_167' title='bbox 1365 640 1412 674; x_wconf 87' lang='lat' dir='ltr'><strong>qui</strong></span> <span class='ocrx_word' id='word_1_168' title='bbox 1428 639 1497 665; x_wconf 61' lang='lat' dir='ltr'><strong>(ﬁxit</strong></span> <span class='ocrx_word' id='word_1_169' title='bbox 1509 639 1549 666; x_wconf 81' lang='lat' dir='ltr'><strong>eis</strong></span> <span class='ocrx_word' id='word_1_170' title='bbox 1571 648 1578 667; x_wconf 88' lang='lat'><strong>:</strong></span> <span class='ocrx_word' id='word_1_171' title='bbox 1601 639 1686 672; x_wconf 83' lang='lat' dir='ltr'><strong>Quem</strong></span> <span class='ocrx_word' id='word_1_172' title='bbox 1711 648 1758 667; x_wconf 85' lang='lat' dir='ltr'><strong>vc-</strong></span> 
     </span>
    </p>
   </div>
   <div class='ocr_carea' id='block_1_30' title="bbox 967 685 1757 722">
    <p class='ocr_par' dir='ltr' id='par_1_30' title="bbox 967 685 1757 722">
     <span class='ocr_line' id='line_1_30' title="bbox 967 685 1757 722; baseline -0.003 -7"><span class='ocrx_word' id='word_1_173' title='bbox 967 688 1048 716; x_wconf 86' lang='lat' dir='ltr'><strong>nistis</strong></span> <span class='ocrx_word' id='word_1_174' title='bbox 1069 695 1150 715; x_wconf 80' lang='lat' dir='ltr'><strong>mane</strong></span> <span class='ocrx_word' id='word_1_175' title='bbox 1173 685 1351 722; x_wconf 73' lang='lat' dir='ltr'><strong>quaerentes?</strong></span> <span class='ocrx_word' id='word_1_176' title='bbox 1367 685 1512 718; x_wconf 79' lang='lat' dir='ltr'><strong>Christus,</strong></span> <span class='ocrx_word' id='word_1_177' title='bbox 1532 685 1621 714; x_wconf 84' lang='lat' dir='ltr'><strong>occisa</strong></span> <span class='ocrx_word' id='word_1_178' title='bbox 1648 690 1757 719; x_wconf 88' lang='lat' dir='ltr'><strong>morte,</strong></span> 
     </span>
    </p>
   </div>
   <div class='ocr_carea' id='block_1_31' title="bbox 967 733 1177 761">
    <p class='ocr_par' dir='ltr' id='par_1_31' title="bbox 967 733 1177 761">
     <span class='ocr_line' id='line_1_31' title="bbox 967 733 1177 761; baseline -0.005 0"><span class='ocrx_word' id='word_1_179' title='bbox 967 733 1127 761; x_wconf 80' lang='lat' dir='ltr'><strong>resurrexit.</strong></span> <span class='ocrx_word' id='word_1_180' title='bbox 1175 741 1177 743; x_wconf 79' lang='lat'>‘</span> 
     </span>
    </p>
   </div>
   <div class='ocr_carea' id='block_1_32' title="bbox 1004 778 1758 814">
    <p class='ocr_par' dir='ltr' id='par_1_32' title="bbox 1004 778 1758 814">
     <span class='ocr_line' id='line_1_32' title="bbox 1004 778 1758 814; baseline 0 -7"><span class='ocrx_word' id='word_1_181' title='bbox 1004 779 1104 807; x_wconf 85' lang='lat' dir='ltr'><strong>Sancta</strong></span> <span class='ocrx_word' id='word_1_182' title='bbox 1139 778 1307 813; x_wconf 90' lang='lat' dir='ltr'><strong>omninoque</strong></span> <span class='ocrx_word' id='word_1_183' title='bbox 1327 786 1407 814; x_wconf 88' lang='lat' dir='ltr'><strong>pura,</strong></span> <span class='ocrx_word' id='word_1_184' title='bbox 1430 778 1562 806; x_wconf 89' lang='lat' dir='ltr'><strong>Sanctum</strong></span> <span class='ocrx_word' id='word_1_185' title='bbox 1596 784 1758 808; x_wconf 80' lang='lat' dir='ltr'><strong>sanctorum</strong></span> 
     </span>
    </p>
   </div>
   <div class='ocr_carea' id='block_1_33' title="bbox 967 823 1760 861">
    <p class='ocr_par' dir='ltr' id='par_1_33' title="bbox 967 823 1760 861">
     <span class='ocr_line' id='line_1_33' title="bbox 967 823 1760 861; baseline 0 -9"><span class='ocrx_word' id='word_1_186' title='bbox 967 825 1096 861; x_wconf 76' lang='lat' dir='ltr'><strong>peperisti</strong></span> <span class='ocrx_word' id='word_1_187' title='bbox 1106 824 1286 852; x_wconf 88' lang='lat' dir='ltr'><strong>dormientem</strong></span> <span class='ocrx_word' id='word_1_188' title='bbox 1302 824 1329 851; x_wconf 93' lang='lat' dir='ltr'><strong>in</strong></span> <span class='ocrx_word' id='word_1_189' title='bbox 1344 823 1487 859; x_wconf 73' lang='lat' dir='ltr'><strong>sepulcro;</strong></span> <span class='ocrx_word' id='word_1_190' title='bbox 1505 832 1566 852; x_wconf 87' lang='lat' dir='ltr'><strong>cum</strong></span> <span class='ocrx_word' id='word_1_191' title='bbox 1581 825 1652 852; x_wconf 91' lang='lat' dir='ltr'><strong>hunc</strong></span> <span class='ocrx_word' id='word_1_192' title='bbox 1665 825 1760 853; x_wconf 83' lang='lat' dir='ltr'><strong>vidisti</strong></span> 
     </span>
    </p>
   </div>
   <div class='ocr_carea' id='block_1_34' title="bbox 116 862 914 908">
    <p class='ocr_par' dir='ltr' id='par_1_34' title="bbox 116 862 914 908">
     <span class='ocr_line' id='line_1_34' title="bbox 116 862 914 908; baseline 0.009 -19"><span class='ocrx_word' id='word_1_193' title='bbox 116 862 246 899; x_wconf 70' lang='grc' dir='ltr'>καθάπερ</span> <span class='ocrx_word' id='word_1_194' title='bbox 259 864 377 899; x_wconf 73' lang='grc' dir='ltr'>νυμφίον</span> <span class='ocrx_word' id='word_1_195' title='bbox 389 865 422 891; x_wconf 81' lang='grc' dir='ltr'><strong>ὲκ</strong></span> <span class='ocrx_word' id='word_1_196' title='bbox 435 863 553 898; x_wconf 79' lang='grc' dir='ltr'><strong>παστοῦ,</strong></span> <span class='ocrx_word' id='word_1_197' title='bbox 568 864 664 901; x_wconf 72' lang='grc' dir='ltr'>ὕμνοις</span> <span class='ocrx_word' id='word_1_198' title='bbox 678 867 849 908; x_wconf 67' lang='grc' dir='ltr'>ὲμεγάλυνες</span> <span class='ocrx_word' id='word_1_199' title='bbox 864 869 914 904; x_wconf 84' lang='grc' dir='ltr'>τὴν</span> 
     </span>
    </p>
   </div>
   <div class='ocr_carea' id='block_1_35' title="bbox 989 862 1756 908">
    <p class='ocr_par' dir='ltr' id='par_1_35' title="bbox 989 871 1756 907">
     <span class='ocr_line' id='line_1_35' title="bbox 989 871 1756 907; baseline 0.001 -9"><span class='ocrx_word' id='word_1_200' title='bbox 989 876 1124 907; x_wconf 78' lang='lat' dir='ltr'><strong>irgentem</strong></span> <span class='ocrx_word' id='word_1_201' title='bbox 1147 878 1162 898; x_wconf 90' lang='lat' dir='ltr'><strong>e</strong></span> <span class='ocrx_word' id='word_1_202' title='bbox 1192 871 1297 898; x_wconf 90' lang='lat' dir='ltr'><strong>tumulo</strong></span> <span class='ocrx_word' id='word_1_203' title='bbox 1322 871 1400 905; x_wconf 88' lang='lat' dir='ltr'><strong>quasi</strong></span> <span class='ocrx_word' id='word_1_204' title='bbox 1437 879 1557 906; x_wconf 88' lang='lat' dir='ltr'><strong>sponsus</strong></span> <span class='ocrx_word' id='word_1_205' title='bbox 1587 879 1602 899; x_wconf 93' lang='lat' dir='ltr'><strong>e</strong></span> <span class='ocrx_word' id='word_1_206' title='bbox 1623 872 1756 905; x_wconf 83' lang='lat' dir='ltr'><strong>thalamo,</strong></span> 
     </span>
    </p>
   </div>
   <div class='ocr_carea' id='block_1_36' title="bbox 115 908 429 944">
    <p class='ocr_par' dir='ltr' id='par_1_36' title="bbox 115 908 429 944">
     <span class='ocr_line' id='line_1_36' title="bbox 115 908 429 944; baseline 0.006 -9"><span class='ocrx_word' id='word_1_207' title='bbox 115 908 201 936; x_wconf 80' lang='grc' dir='ltr'>αὑτοῦ</span> <span class='ocrx_word' id='word_1_208' title='bbox 214 909 429 944; x_wconf 74' lang='grc' dir='ltr'>συγκατάὃασιν.</span> 
     </span>
    </p>
   </div>
   <div class='ocr_carea' id='block_1_37' title="bbox 268 957 771 995">
    <p class='ocr_par' dir='ltr' id='par_1_37' title="bbox 268 957 771 995">
     <span class='ocr_line' id='line_1_37' title="bbox 268 957 771 995; baseline 0.01 -12"><span class='ocrx_word' id='word_1_209' title='bbox 268 957 382 991; x_wconf 83' lang='grc' dir='ltr'><strong>Παῖδας</strong></span> <span class='ocrx_word' id='word_1_210' title='bbox 395 959 514 994; x_wconf 82' lang='grc' dir='ltr'>εὐαγεῖς</span> <span class='ocrx_word' id='word_1_211' title='bbox 530 960 566 987; x_wconf 82' lang='grc' dir='ltr'>ἐν</span> <span class='ocrx_word' id='word_1_212' title='bbox 578 960 616 995; x_wconf 78' lang='grc' dir='ltr'>τῇ</span> <span class='ocrx_word' id='word_1_213' title='bbox 632 960 771 995; x_wconf 57' lang='grc' dir='ltr'><strong>καμίνῳ..</strong></span> 
     </span>
    </p>
   </div>
   <div class='ocr_carea' id='block_1_38' title="bbox 152 1004 914 1045">
    <p class='ocr_par' dir='ltr' id='par_1_38' title="bbox 152 1004 914 1045">
     <span class='ocr_line' id='line_1_38' title="bbox 152 1004 914 1045; baseline 0.008 -15"><span class='ocrx_word' id='word_1_214' title='bbox 152 1004 209 1040; x_wconf 84' lang='grc' dir='ltr'><strong>Τὴν</strong></span> <span class='ocrx_word' id='word_1_215' title='bbox 216 1005 245 1031; x_wconf 75' lang='grc' dir='ltr'><strong>ἐν</strong></span> <span class='ocrx_word' id='word_1_216' title='bbox 261 1005 300 1041; x_wconf 84' lang='grc' dir='ltr'>τῷ</span> <span class='ocrx_word' id='word_1_217' title='bbox 320 1006 407 1042; x_wconf 79' lang='grc' dir='ltr'>Ἀδὰμ</span> <span class='ocrx_word' id='word_1_218' title='bbox 419 1008 640 1044; x_wconf 78' lang='grc' dir='ltr'>ἀμαυρωθεῖσαν,</span> <span class='ocrx_word' id='word_1_219' title='bbox 660 1009 849 1045; x_wconf 81' lang='grc' dir='ltr'>φιλάνθρωπε,</span> <span class='ocrx_word' id='word_1_220' title='bbox 863 1009 914 1044; x_wconf 84' lang='grc' dir='ltr'>φύ-</span> 
     </span>
    </p>
   </div>
   <div class='ocr_carea' id='block_1_39' title="bbox 115 1053 910 1093">
    <p class='ocr_par' dir='ltr' id='par_1_39' title="bbox 115 1053 910 1093">
     <span class='ocr_line' id='line_1_39' title="bbox 115 1053 910 1093; baseline 0.008 -15"><span class='ocrx_word' id='word_1_221' title='bbox 115 1060 159 1078; x_wconf 88' lang='grc' dir='ltr'><strong>σιν</strong></span> <span class='ocrx_word' id='word_1_222' title='bbox 174 1053 375 1089; x_wconf 70' lang='grc' dir='ltr'><strong>ἀνακτώμενος,</strong></span> <span class='ocrx_word' id='word_1_223' title='bbox 391 1055 496 1088; x_wconf 78' lang='grc' dir='ltr'>ἔτεινας</span> <span class='ocrx_word' id='word_1_224' title='bbox 512 1057 643 1093; x_wconf 79' lang='grc' dir='ltr'><strong>παλάμας</strong></span> <span class='ocrx_word' id='word_1_225' title='bbox 657 1066 704 1084; x_wconf 81' lang='grc' dir='ltr'><strong>σου</strong></span> <span class='ocrx_word' id='word_1_226' title='bbox 722 1057 793 1093; x_wconf 80' lang='grc' dir='ltr'>ξύλῳ</span> <span class='ocrx_word' id='word_1_227' title='bbox 821 1066 910 1093; x_wconf 84' lang='grc' dir='ltr'>προσ-</span> 
     </span>
    </p>
   </div>
   <div class='ocr_carea' id='block_1_40' title="bbox 116 1098 913 1139">
    <p class='ocr_par' dir='ltr' id='par_1_40' title="bbox 116 1098 913 1139">
     <span class='ocr_line' id='line_1_40' title="bbox 116 1098 913 1139; baseline 0.009 -15"><span class='ocrx_word' id='word_1_228' title='bbox 116 1098 280 1133; x_wconf 79' lang='grc' dir='ltr'>ηλούμενος,</span> <span class='ocrx_word' id='word_1_229' title='bbox 293 1100 341 1128; x_wconf 80' lang='grc' dir='ltr'>καὶ</span> <span class='ocrx_word' id='word_1_230' title='bbox 356 1101 406 1137; x_wconf 84' lang='grc' dir='ltr'>τὴν</span> <span class='ocrx_word' id='word_1_231' title='bbox 423 1102 544 1137; x_wconf 81' lang='grc' dir='ltr'>πλευράν</span> <span class='ocrx_word' id='word_1_232' title='bbox 558 1103 607 1137; x_wconf 75' lang='grc' dir='ltr'>τὴν</span> <span class='ocrx_word' id='word_1_233' title='bbox 620 1103 755 1139; x_wconf 79' lang='grc' dir='ltr'>ἄχραντον</span> <span class='ocrx_word' id='word_1_234' title='bbox 771 1103 913 1139; x_wconf 69' lang='grc' dir='ltr'><strong>ὲξορυττόι</strong></span> 
     </span>
    </p>
   </div>
   <div class='ocr_carea' id='block_1_41' title="bbox 117 1146 912 1186">
    <p class='ocr_par' dir='ltr' id='par_1_41' title="bbox 117 1146 912 1186">
     <span class='ocr_line' id='line_1_41' title="bbox 117 1146 912 1186; baseline 0.008 -16"><span class='ocrx_word' id='word_1_235' title='bbox 117 1153 199 1179; x_wconf 81' lang='grc' dir='ltr'>μενος</span> <span class='ocrx_word' id='word_1_236' title='bbox 217 1154 224 1162; x_wconf 73' lang='grc'><strong><em>⁸</em></strong></span> <span class='ocrx_word' id='word_1_237' title='bbox 236 1146 275 1173; x_wconf 84' lang='grc' dir='ltr'><strong>διό</strong></span> <span class='ocrx_word' id='word_1_238' title='bbox 292 1156 339 1174; x_wconf 88' lang='grc' dir='ltr'><strong>σου</strong></span> <span class='ocrx_word' id='word_1_239' title='bbox 353 1147 403 1184; x_wconf 80' lang='grc' dir='ltr'><strong>τὴν</strong></span> <span class='ocrx_word' id='word_1_240' title='bbox 420 1148 521 1184; x_wconf 69' lang='grc' dir='ltr'>πολλὴν</span> <span class='ocrx_word' id='word_1_241' title='bbox 543 1149 745 1186; x_wconf 77' lang='grc' dir='ltr'>εὐσπλαγχνίαν</span> <span class='ocrx_word' id='word_1_242' title='bbox 765 1150 912 1186; x_wconf 72' lang='grc' dir='ltr'>ἀνυμνολοσ</span> 
     </span>
    </p>
   </div>
   <div class='ocr_carea' id='block_1_42' title="bbox 115 1190 597 1228">
    <p class='ocr_par' dir='ltr' id='par_1_42' title="bbox 115 1190 597 1228">
     <span class='ocr_line' id='line_1_42' title="bbox 115 1190 597 1228; baseline 0.012 -12"><span class='ocrx_word' id='word_1_243' title='bbox 115 1190 220 1226; x_wconf 83' lang='grc' dir='ltr'>γοῦμεν</span> <span class='ocrx_word' id='word_1_244' title='bbox 237 1193 277 1224; x_wconf 77' lang='grc' dir='ltr'>εἰς</span> <span class='ocrx_word' id='word_1_245' title='bbox 290 1193 391 1226; x_wconf 78' lang='grc' dir='ltr'><strong>πάντας</strong></span> <span class='ocrx_word' id='word_1_246' title='bbox 402 1195 466 1227; x_wconf 86' lang='grc' dir='ltr'>τοὺς</span> <span class='ocrx_word' id='word_1_247' title='bbox 482 1195 597 1228; x_wconf 82' lang='grc' dir='ltr'><strong>αἰῶνας.</strong></span> 
     </span>
    </p>
   </div>
   <div class='ocr_carea' id='block_1_43' title="bbox 157 1235 913 1277">
    <p class='ocr_par' dir='ltr' id='par_1_43' title="bbox 157 1235 913 1277">
     <span class='ocr_line' id='line_1_43' title="bbox 157 1235 913 1277; baseline 0.009 -14"><span class='ocrx_word' id='word_1_248' title='bbox 157 1235 202 1268; x_wconf 86' lang='grc' dir='ltr'>Ὦς</span> <span class='ocrx_word' id='word_1_249' title='bbox 215 1237 312 1273; x_wconf 72' lang='grc' dir='ltr'>ἔϐλεψε</span> <span class='ocrx_word' id='word_1_250' title='bbox 323 1239 398 1267; x_wconf 79' lang='grc' dir='ltr'>κάτω</span> <span class='ocrx_word' id='word_1_251' title='bbox 414 1249 443 1267; x_wconf 84' lang='grc' dir='ltr'>σε</span> <span class='ocrx_word' id='word_1_252' title='bbox 458 1240 472 1267; x_wconf 83' lang='grc' dir='ltr'><strong>ὁ</strong></span> <span class='ocrx_word' id='word_1_253' title='bbox 486 1241 555 1277; x_wconf 67' lang='grc' dir='ltr'>ᾅδης</span> <span class='ocrx_word' id='word_1_254' title='bbox 569 1242 734 1270; x_wconf 81' lang='grc' dir='ltr'>σκυλεύοντα</span> <span class='ocrx_word' id='word_1_255' title='bbox 754 1242 853 1269; x_wconf 79' lang='grc' dir='ltr'>τούτου</span> <span class='ocrx_word' id='word_1_256' title='bbox 879 1243 913 1270; x_wconf 77' lang='grc' dir='ltr'>τὰ</span> 
     </span>
    </p>
   </div>
   <div class='ocr_carea' id='block_1_44' title="bbox 116 1282 912 1324">
    <p class='ocr_par' dir='ltr' id='par_1_44' title="bbox 116 1282 912 1324">
     <span class='ocr_line' id='line_1_44' title="bbox 116 1282 912 1324; baseline 0.006 -14"><span class='ocrx_word' id='word_1_257' title='bbox 116 1282 253 1318; x_wconf 79' lang='grc' dir='ltr'>βασῖλεια,</span> <span class='ocrx_word' id='word_1_258' title='bbox 270 1284 316 1317; x_wconf 80' lang='grc' dir='ltr'>οὒς</span> <span class='ocrx_word' id='word_1_259' title='bbox 327 1286 410 1313; x_wconf 85' lang='grc' dir='ltr'>πάλαι</span> <span class='ocrx_word' id='word_1_260' title='bbox 425 1287 549 1319; x_wconf 81' lang='grc' dir='ltr'><strong>κατέπιε,</strong></span> <span class='ocrx_word' id='word_1_261' title='bbox 565 1288 701 1323; x_wconf 76' lang='grc' dir='ltr'>φόᾰῳσου</span> <span class='ocrx_word' id='word_1_262' title='bbox 721 1288 912 1324; x_wconf 76' lang='grc' dir='ltr'>νεκροὺμενος,</span> 
     </span>
    </p>
   </div>
   <div class='ocr_carea' id='block_1_45' title="bbox 115 1331 910 1370">
    <p class='ocr_par' dir='ltr' id='par_1_45' title="bbox 115 1331 910 1370">
     <span class='ocr_line' id='line_1_45' title="bbox 115 1331 910 1370; baseline -0.001 -6"><span class='ocrx_word' id='word_1_263' title='bbox 115 1331 232 1366; x_wconf 72' lang='grc' dir='ltr'>νεκροὺς</span> <span class='ocrx_word' id='word_1_264' title='bbox 252 1332 338 1359; x_wconf 75' lang='grc' dir='ltr'>ἐδίδου</span> <span class='ocrx_word' id='word_1_265' title='bbox 361 1333 502 1368; x_wconf 76' lang='grc' dir='ltr'>ἅπαντας,</span> <span class='ocrx_word' id='word_1_266' title='bbox 527 1335 609 1370; x_wconf 84' lang='grc' dir='ltr'>Λόγε,</span> <span class='ocrx_word' id='word_1_267' title='bbox 621 1335 840 1370; x_wconf 76' lang='grc' dir='ltr'>χραυγάζοντας,</span> <span class='ocrx_word' id='word_1_268' title='bbox 857 1336 910 1363; x_wconf 70' lang='grc' dir='ltr'><strong>Τὸν</strong></span> 
     </span>
    </p>
   </div>
   <div class='ocr_carea' id='block_1_46' title="bbox 116 1377 486 1415">
    <p class='ocr_par' dir='ltr' id='par_1_46' title="bbox 116 1377 486 1415">
     <span class='ocr_line' id='line_1_46' title="bbox 116 1377 486 1415; baseline 0.011 -12"><span class='ocrx_word' id='word_1_269' title='bbox 116 1377 221 1412; x_wconf 75' lang='grc' dir='ltr'>Κὺριον</span> <span class='ocrx_word' id='word_1_270' title='bbox 232 1378 352 1412; x_wconf 80' lang='grc' dir='ltr'><strong>ὑμνεῖτε,</strong></span> <span class='ocrx_word' id='word_1_271' title='bbox 365 1380 399 1406; x_wconf 82' lang='grc' dir='ltr'><strong>τὰ</strong></span> <span class='ocrx_word' id='word_1_272' title='bbox 407 1379 486 1415; x_wconf 75' lang='grc' dir='ltr'>ἔργα.</span> 
     </span>
    </p>
   </div>
   <div class='ocr_carea' id='block_1_47' title="bbox 154 1423 915 1464">
    <p class='ocr_par' dir='ltr' id='par_1_47' title="bbox 154 1423 915 1464">
     <span class='ocr_line' id='line_1_47' title="bbox 154 1423 915 1464; baseline 0.008 -14"><span class='ocrx_word' id='word_1_273' title='bbox 154 1423 324 1458; x_wconf 74' lang='grc' dir='ltr'>Θρηνοΰσαις</span> <span class='ocrx_word' id='word_1_274' title='bbox 341 1425 406 1452; x_wconf 77' lang='grc' dir='ltr'>ἐϐόα</span> <span class='ocrx_word' id='word_1_275' title='bbox 424 1426 591 1462; x_wconf 77' lang='grc' dir='ltr'>μυροφόροις</span> <span class='ocrx_word' id='word_1_276' title='bbox 610 1427 650 1462; x_wconf 85' lang='grc' dir='ltr'><strong>τῷ</strong></span> <span class='ocrx_word' id='word_1_277' title='bbox 671 1427 739 1462; x_wconf 84' lang='grc' dir='ltr'>λίθῳ</span> <span class='ocrx_word' id='word_1_278' title='bbox 760 1427 915 1464; x_wconf 75' lang='grc' dir='ltr'>καθήμενος</span> 
     </span>
    </p>
   </div>
   <div class='ocr_carea' id='block_1_48' title="bbox 115 1468 914 1509">
    <p class='ocr_par' dir='ltr' id='par_1_48' title="bbox 115 1468 914 1509">
     <span class='ocr_line' id='line_1_48' title="bbox 115 1468 914 1509; baseline 0.005 -14"><span class='ocrx_word' id='word_1_279' title='bbox 115 1469 130 1495; x_wconf 84' lang='grc' dir='ltr'><strong>ό</strong></span> <span class='ocrx_word' id='word_1_280' title='bbox 144 1468 274 1505; x_wconf 77' lang='grc' dir='ltr'>ἄγγελος·</span> <span class='ocrx_word' id='word_1_281' title='bbox 283 1470 381 1506; x_wconf 81' lang='grc' dir='ltr'><strong>Δρόμῳ</strong></span> <span class='ocrx_word' id='word_1_282' title='bbox 392 1471 579 1506; x_wconf 78' lang='grc' dir='ltr'>ἀπαγγείλατε</span> <span class='ocrx_word' id='word_1_283' title='bbox 596 1472 733 1508; x_wconf 84' lang='grc' dir='ltr'><strong>μαθηταῖς</strong></span> <span class='ocrx_word' id='word_1_284' title='bbox 746 1473 795 1509; x_wconf 84' lang='grc' dir='ltr'><strong>τὴν</strong></span> <span class='ocrx_word' id='word_1_285' title='bbox 804 1473 914 1508; x_wconf 75' lang='grc' dir='ltr'><strong>ἔγερσιν</strong></span> 
     </span>
    </p>
   </div>
   <div class='ocr_carea' id='block_1_49' title="bbox 115 1514 914 1555">
    <p class='ocr_par' dir='ltr' id='par_1_49' title="bbox 115 1514 914 1555">
     <span class='ocr_line' id='line_1_49' title="bbox 115 1514 914 1555; baseline 0.008 -15"><span class='ocrx_word' id='word_1_286' title='bbox 115 1514 164 1541; x_wconf 81' lang='grc' dir='ltr'>τοῦ</span> <span class='ocrx_word' id='word_1_287' title='bbox 181 1514 311 1545; x_wconf 79' lang='grc' dir='ltr'>ζωοδότου</span> <span class='ocrx_word' id='word_1_288' title='bbox 329 1523 335 1530; x_wconf 89' lang='grc'>·</span> <span class='ocrx_word' id='word_1_289' title='bbox 349 1516 398 1552; x_wconf 71' lang='grc' dir='ltr'>ἤδη</span> <span class='ocrx_word' id='word_1_290' title='bbox 412 1517 466 1552; x_wconf 87' lang='grc' dir='ltr'><strong>γὰρ</strong></span> <span class='ocrx_word' id='word_1_291' title='bbox 487 1517 573 1549; x_wconf 72' lang='grc' dir='ltr'>ὅντως</span> <span class='ocrx_word' id='word_1_292' title='bbox 595 1519 755 1554; x_wconf 71' lang='grc' dir='ltr'>ἐγήγερται,</span> <span class='ocrx_word' id='word_1_293' title='bbox 783 1519 830 1546; x_wconf 78' lang='grc' dir='ltr'><strong>τοῦ</strong></span> <span class='ocrx_word' id='word_1_294' title='bbox 850 1519 914 1555; x_wconf 73' lang='grc' dir='ltr'>ᾅδου</span> 
     </span>
    </p>
   </div>
   <div class='ocr_carea' id='block_1_50' title="bbox 117 1559 914 1601">
    <p class='ocr_par' dir='ltr' id='par_1_50' title="bbox 117 1559 914 1601">
     <span class='ocr_line' id='line_1_50' title="bbox 117 1559 914 1601; baseline 0.006 -14"><span class='ocrx_word' id='word_1_295' title='bbox 117 1559 242 1587; x_wconf 74' lang='grc' dir='ltr'>καθελὼν</span> <span class='ocrx_word' id='word_1_296' title='bbox 254 1561 408 1597; x_wconf 75' lang='grc' dir='ltr'>τυραννίδα,</span> <span class='ocrx_word' id='word_1_297' title='bbox 428 1563 533 1592; x_wconf 79' lang='grc' dir='ltr'>καὶτοῦ</span> <span class='ocrx_word' id='word_1_298' title='bbox 550 1563 675 1592; x_wconf 74' lang='grc' dir='ltr'>διαϐόλου</span> <span class='ocrx_word' id='word_1_299' title='bbox 693 1565 842 1601; x_wconf 74' lang='grc' dir='ltr'>συντρίψας</span> <span class='ocrx_word' id='word_1_300' title='bbox 865 1565 914 1601; x_wconf 82' lang='grc' dir='ltr'>τὴν</span> 
     </span>
    </p>
   </div>
   <div class='ocr_carea' id='block_1_51' title="bbox 117 1614 230 1633">
    <p class='ocr_par' dir='ltr' id='par_1_51' title="bbox 117 1614 230 1633">
     <span class='ocr_line' id='line_1_51' title="bbox 117 1614 230 1633; baseline 0.009 -1"><span class='ocrx_word' id='word_1_301' title='bbox 117 1614 230 1633; x_wconf 82' lang='grc' dir='ltr'>κακιαν.</span> 
     </span>
    </p>
   </div>
   <div class='ocr_carea' id='block_1_52' title="bbox 154 1652 915 1694">
    <p class='ocr_par' dir='ltr' id='par_1_52' title="bbox 154 1652 915 1694">
     <span class='ocr_line' id='line_1_52' title="bbox 154 1652 915 1694; baseline 0.005 -14"><span class='ocrx_word' id='word_1_302' title='bbox 154 1652 224 1680; x_wconf 83' lang='grc' dir='ltr'>Ἕνα</span> <span class='ocrx_word' id='word_1_303' title='bbox 234 1654 284 1689; x_wconf 79' lang='grc' dir='ltr'>μὲν</span> <span class='ocrx_word' id='word_1_304' title='bbox 298 1654 403 1688; x_wconf 79' lang='grc' dir='ltr'><strong>δοξάζω</strong></span> <span class='ocrx_word' id='word_1_305' title='bbox 419 1656 451 1690; x_wconf 80' lang='grc' dir='ltr'>τῇ</span> <span class='ocrx_word' id='word_1_306' title='bbox 469 1655 550 1692; x_wconf 73' lang='grc' dir='ltr'>οὐσίᾳ</span> <span class='ocrx_word' id='word_1_307' title='bbox 567 1656 682 1693; x_wconf 87' lang='grc' dir='ltr'>Τριάδα,</span> <span class='ocrx_word' id='word_1_308' title='bbox 698 1658 827 1694; x_wconf 76' lang='grc' dir='ltr'><strong>κηρύττω</strong></span> <span class='ocrx_word' id='word_1_309' title='bbox 838 1657 915 1694; x_wconf 78' lang='grc' dir='ltr'>τρισὶ</span> 
     </span>
    </p>
   </div>
   <div class='ocr_carea' id='block_1_53' title="bbox 117 1699 915 1741">
    <p class='ocr_par' dir='ltr' id='par_1_53' title="bbox 117 1699 915 1741">
     <span class='ocr_line' id='line_1_53' title="bbox 117 1699 915 1741; baseline 0.009 -16"><span class='ocrx_word' id='word_1_310' title='bbox 117 1699 278 1733; x_wconf 75' lang='grc' dir='ltr'>προσώποις</span> <span class='ocrx_word' id='word_1_311' title='bbox 292 1701 319 1728; x_wconf 73' lang='grc' dir='ltr'>δὲ</span> <span class='ocrx_word' id='word_1_312' title='bbox 331 1702 380 1737; x_wconf 85' lang='grc' dir='ltr'>τὴν</span> <span class='ocrx_word' id='word_1_313' title='bbox 393 1702 458 1737; x_wconf 87' lang='grc' dir='ltr'>μίαν</span> <span class='ocrx_word' id='word_1_314' title='bbox 467 1702 592 1738; x_wconf 82' lang='grc' dir='ltr'>Θεότητα,</span> <span class='ocrx_word' id='word_1_315' title='bbox 605 1704 715 1740; x_wconf 81' lang='grc' dir='ltr'>Πατέρα</span> <span class='ocrx_word' id='word_1_316' title='bbox 729 1705 776 1732; x_wconf 79' lang='grc' dir='ltr'>τὸν</span> <span class='ocrx_word' id='word_1_317' title='bbox 785 1706 915 1741; x_wconf 79' lang='grc' dir='ltr'>ἄναρχον,</span> 
     </span>
    </p>
   </div>
   <div class='ocr_carea' id='block_1_54' title="bbox 118 1745 916 1787">
    <p class='ocr_par' dir='ltr' id='par_1_54' title="bbox 118 1745 916 1787">
     <span class='ocr_line' id='line_1_54' title="bbox 118 1745 916 1787; baseline 0.01 -16"><span class='ocrx_word' id='word_1_318' title='bbox 118 1745 196 1778; x_wconf 75' lang='grc' dir='ltr'>Υῑὸν,</span> <span class='ocrx_word' id='word_1_319' title='bbox 211 1746 258 1773; x_wconf 77' lang='grc' dir='ltr'>καὶ</span> <span class='ocrx_word' id='word_1_320' title='bbox 273 1746 386 1782; x_wconf 80' lang='grc' dir='ltr'>Πνεῦμα</span> <span class='ocrx_word' id='word_1_321' title='bbox 396 1746 475 1782; x_wconf 74' lang='grc' dir='ltr'>ἆγιον</span> <span class='ocrx_word' id='word_1_322' title='bbox 488 1755 495 1763; x_wconf 95' lang='grc'><strong>·</strong></span> <span class='ocrx_word' id='word_1_323' title='bbox 512 1748 581 1784; x_wconf 81' lang='grc' dir='ltr'><strong>βοῶν</strong></span> <span class='ocrx_word' id='word_1_324' title='bbox 594 1749 736 1783; x_wconf 77' lang='grc' dir='ltr'>ἑκάστοτε,</span> <span class='ocrx_word' id='word_1_325' title='bbox 747 1750 800 1778; x_wconf 83' lang='grc' dir='ltr'><strong>Τὸν</strong></span> <span class='ocrx_word' id='word_1_326' title='bbox 811 1751 916 1787; x_wconf 81' lang='grc' dir='ltr'>Κύριον</span> 
     </span>
    </p>
   </div>
   <div class='ocr_carea' id='block_1_55' title="bbox 120 1790 383 1828">
    <p class='ocr_par' dir='ltr' id='par_1_55' title="bbox 120 1790 383 1828">
     <span class='ocr_line' id='line_1_55' title="bbox 120 1790 383 1828; baseline 0.011 -12"><span class='ocrx_word' id='word_1_327' title='bbox 120 1790 244 1825; x_wconf 79' lang='grc' dir='ltr'><strong>ὑμνεῖτε,</strong></span> <span class='ocrx_word' id='word_1_328' title='bbox 257 1792 291 1818; x_wconf 88' lang='grc' dir='ltr'><strong>τὰ</strong></span> <span class='ocrx_word' id='word_1_329' title='bbox 303 1792 383 1828; x_wconf 74' lang='grc' dir='ltr'>ἔργα.</span> 
     </span>
    </p>
   </div>
   <div class='ocr_carea' id='block_1_56' title="bbox 161 1836 917 1876">
    <p class='ocr_par' dir='ltr' id='par_1_56' title="bbox 161 1836 917 1876">
     <span class='ocr_line' id='line_1_56' title="bbox 161 1836 917 1876; baseline 0.007 -13"><span class='ocrx_word' id='word_1_330' title='bbox 161 1837 205 1868; x_wconf 77' lang='grc' dir='ltr'>Ὧς</span> <span class='ocrx_word' id='word_1_331' title='bbox 223 1836 301 1872; x_wconf 69' lang='grc' dir='ltr'>ὤφθη</span> <span class='ocrx_word' id='word_1_332' title='bbox 331 1838 399 1871; x_wconf 83' lang='grc' dir='ltr'><strong>Θεὸς</strong></span> <span class='ocrx_word' id='word_1_333' title='bbox 429 1839 461 1866; x_wconf 69' lang='grc' dir='ltr'><strong>ἐκ</strong></span> <span class='ocrx_word' id='word_1_334' title='bbox 479 1839 539 1873; x_wconf 83' lang='grc' dir='ltr'>σοῦ,</span> <span class='ocrx_word' id='word_1_335' title='bbox 569 1840 702 1876; x_wconf 82' lang='grc' dir='ltr'>Παρθένε,</span> <span class='ocrx_word' id='word_1_336' title='bbox 719 1839 757 1876; x_wconf 83' lang='grc' dir='ltr'>μὴ</span> <span class='ocrx_word' id='word_1_337' title='bbox 770 1840 854 1872; x_wconf 86' lang='grc' dir='ltr'>λύσας</span> <span class='ocrx_word' id='word_1_338' title='bbox 868 1841 917 1875; x_wconf 68' lang='grc' dir='ltr'>τῆς</span> 
     </span>
    </p>
   </div>
   <div class='ocr_carea' id='block_1_57' title="bbox 118 1882 916 1921">
    <p class='ocr_par' dir='ltr' id='par_1_57' title="bbox 118 1882 916 1921">
     <span class='ocr_line' id='line_1_57' title="bbox 118 1882 916 1921; baseline 0.006 -13"><span class='ocrx_word' id='word_1_339' title='bbox 118 1882 270 1918; x_wconf 80' lang='grc' dir='ltr'>παρθενίας</span> <span class='ocrx_word' id='word_1_340' title='bbox 284 1883 352 1915; x_wconf 76' lang='grc' dir='ltr'>ὅλως</span> <span class='ocrx_word' id='word_1_341' title='bbox 365 1884 522 1921; x_wconf 82' lang='grc' dir='ltr'>σήμαντρα,</span> <span class='ocrx_word' id='word_1_342' title='bbox 542 1884 629 1917; x_wconf 79' lang='grc' dir='ltr'>οὕτως</span> <span class='ocrx_word' id='word_1_343' title='bbox 644 1886 828 1921; x_wconf 79' lang='grc' dir='ltr'>ὲξεγήγερται</span> <span class='ocrx_word' id='word_1_344' title='bbox 841 1886 916 1913; x_wconf 76' lang='grc' dir='ltr'>λίθου</span> 
     </span>
    </p>
   </div>
   <div class='ocr_carea' id='block_1_58' title="bbox 117 1929 917 1965">
    <p class='ocr_par' dir='ltr' id='par_1_58' title="bbox 117 1929 917 1965">
     <span class='ocr_line' id='line_1_58' title="bbox 117 1929 917 1965; baseline 0.006 -11"><span class='ocrx_word' id='word_1_345' title='bbox 117 1929 153 1955; x_wconf 77' lang='grc' dir='ltr'><strong>τὰ</strong></span> <span class='ocrx_word' id='word_1_346' title='bbox 165 1929 363 1964; x_wconf 77' lang='grc' dir='ltr'>σφραγίσματα</span> <span class='ocrx_word' id='word_1_347' title='bbox 376 1931 538 1958; x_wconf 79' lang='grc' dir='ltr'>καταλιπὼν</span> <span class='ocrx_word' id='word_1_348' title='bbox 551 1931 699 1965; x_wconf 85' lang='grc' dir='ltr'>άσάλευτα,</span> <span class='ocrx_word' id='word_1_349' title='bbox 714 1931 744 1959; x_wconf 79' lang='grc' dir='ltr'><strong>ὃν</strong></span> <span class='ocrx_word' id='word_1_350' title='bbox 768 1932 917 1959; x_wconf 77' lang='grc' dir='ltr'>κατιδοῦσα</span> 
     </span>
    </p>
   </div>
   <div class='ocr_carea' id='block_1_59' title="bbox 119 1975 917 2014">
    <p class='ocr_par' dir='ltr' id='par_1_59' title="bbox 119 1975 917 2014">
     <span class='ocr_line' id='line_1_59' title="bbox 119 1975 917 2014; baseline 0.008 -14"><span class='ocrx_word' id='word_1_351' title='bbox 119 1975 207 2009; x_wconf 76' lang='grc' dir='ltr'>χαρᾶς</span> <span class='ocrx_word' id='word_1_352' title='bbox 224 1975 364 2011; x_wconf 83' lang='grc' dir='ltr'>ἐπλήσθης</span> <span class='ocrx_word' id='word_1_353' title='bbox 377 1977 526 2011; x_wconf 75' lang='grc' dir='ltr'>εὐλογοῦσα</span> <span class='ocrx_word' id='word_1_354' title='bbox 550 1979 600 2014; x_wconf 77' lang='grc' dir='ltr'>τὴν</span> <span class='ocrx_word' id='word_1_355' title='bbox 621 1977 717 2006; x_wconf 79' lang='grc' dir='ltr'>τούτου</span> <span class='ocrx_word' id='word_1_356' title='bbox 742 1978 818 2006; x_wconf 80' lang='grc' dir='ltr'>θείαν</span> <span class='ocrx_word' id='word_1_357' title='bbox 838 1979 917 2006; x_wconf 83' lang='grc' dir='ltr'>δυνα-</span> 
     </span>
    </p>
   </div>
   <div class='ocr_carea' id='block_1_60' title="bbox 120 2021 595 2056">
    <p class='ocr_par' dir='ltr' id='par_1_60' title="bbox 120 2021 595 2056">
     <span class='ocr_line' id='line_1_60' title="bbox 120 2021 595 2056; baseline 0.008 -9"><span class='ocrx_word' id='word_1_358' title='bbox 120 2021 213 2047; x_wconf 81' lang='grc' dir='ltr'>στείαν</span> <span class='ocrx_word' id='word_1_359' title='bbox 228 2022 267 2054; x_wconf 83' lang='grc' dir='ltr'>είς</span> <span class='ocrx_word' id='word_1_360' title='bbox 283 2022 388 2056; x_wconf 84' lang='grc' dir='ltr'>πάντας</span> <span class='ocrx_word' id='word_1_361' title='bbox 401 2024 465 2055; x_wconf 81' lang='grc' dir='ltr'>τοὺς</span> <span class='ocrx_word' id='word_1_362' title='bbox 482 2023 595 2056; x_wconf 81' lang='grc' dir='ltr'><strong>αἰῶνας.</strong></span> 
     </span>
    </p>
   </div>
   <div class='ocr_carea' id='block_1_61' title="bbox 401 2069 651 2106">
    <p class='ocr_par' dir='ltr' id='par_1_61' title="bbox 401 2069 651 2106">
     <span class='ocr_line' id='line_1_61' title="bbox 401 2069 651 2106; baseline 0 -2"><span class='ocrx_word' id='word_1_363' title='bbox 401 2069 495 2104; x_wconf 75' lang='grc' dir='ltr'>Ἅπας</span> <span class='ocrx_word' id='word_1_364' title='bbox 509 2070 651 2106; x_wconf 73' lang='grc' dir='ltr'><strong>γηγενής.</strong></span> 
     </span>
    </p>
   </div>
   <div class='ocr_carea' id='block_1_62' title="bbox 157 2113 919 2152">
    <p class='ocr_par' dir='ltr' id='par_1_62' title="bbox 157 2113 919 2152">
     <span class='ocr_line' id='line_1_62' title="bbox 157 2113 919 2152; baseline 0.007 -12"><span class='ocrx_word' id='word_1_365' title='bbox 157 2114 230 2141; x_wconf 85' lang='grc' dir='ltr'><strong>’Δνω</strong></span> <span class='ocrx_word' id='word_1_366' title='bbox 248 2113 366 2141; x_wconf 76' lang='grc' dir='ltr'>ἀνελθὼν</span> <span class='ocrx_word' id='word_1_367' title='bbox 385 2115 425 2147; x_wconf 76' lang='grc' dir='ltr'><strong>εἰς</strong></span> <span class='ocrx_word' id='word_1_368' title='bbox 448 2115 526 2151; x_wconf 76' lang='grc' dir='ltr'>ὕψος,</span> <span class='ocrx_word' id='word_1_369' title='bbox 549 2116 725 2152; x_wconf 82' lang='grc' dir='ltr'>μακρόθυμε,</span> <span class='ocrx_word' id='word_1_370' title='bbox 758 2116 919 2149; x_wconf 74' lang='grc' dir='ltr'>ἐθελουσίως</span> 
     </span>
    </p>
   </div>
   <div class='ocr_carea' id='block_1_63' title="bbox 119 2160 943 2202">
    <p class='ocr_par' dir='ltr' id='par_1_63' title="bbox 119 2160 943 2202">
     <span class='ocr_line' id='line_1_63' title="bbox 119 2160 943 2202; baseline 0.008 -17"><span class='ocrx_word' id='word_1_371' title='bbox 119 2164 250 2195; x_wconf 81' lang='grc' dir='ltr'>σταυροῦ,</span> <span class='ocrx_word' id='word_1_372' title='bbox 265 2160 396 2192; x_wconf 84' lang='grc' dir='ltr'>εἴλκυσας</span> <span class='ocrx_word' id='word_1_373' title='bbox 407 2160 453 2188; x_wconf 75' lang='grc' dir='ltr'>τὸν</span> <span class='ocrx_word' id='word_1_374' title='bbox 466 2161 610 2197; x_wconf 79' lang='grc' dir='ltr'>ἄνθρωπον</span> <span class='ocrx_word' id='word_1_375' title='bbox 629 2163 662 2190; x_wconf 74' lang='grc' dir='ltr'><strong>ἐκ</strong></span> <span class='ocrx_word' id='word_1_376' title='bbox 689 2163 744 2190; x_wconf 82' lang='grc' dir='ltr'><strong>τῶν</strong></span> <span class='ocrx_word' id='word_1_377' title='bbox 769 2163 917 2200; x_wconf 80' lang='grc' dir='ltr'>βαράθρων</span> <span class='ocrx_word' id='word_1_378' title='bbox 935 2176 943 2202; x_wconf 57' lang='grc' dir='ltr'><em>χ</em></span> 
     </span>
    </p>
   </div>
   <div class='ocr_carea' id='block_1_64' title="bbox 546 2206 914 2246">
    <p class='ocr_par' dir='ltr' id='par_1_64' title="bbox 546 2208 914 2246">
     <span class='ocr_line' id='line_1_64' title="bbox 546 2208 914 2246; baseline 0.005 -12"><span class='ocrx_word' id='word_1_379' title='bbox 546 2208 708 2240; x_wconf 75' lang='grc' dir='ltr'>κατατεθεὶς</span> <span class='ocrx_word' id='word_1_380' title='bbox 733 2209 763 2237; x_wconf 76' lang='grc' dir='ltr'>δὲ</span> <span class='ocrx_word' id='word_1_381' title='bbox 791 2210 914 2246; x_wconf 82' lang='grc' dir='ltr'>μνήματι</span> 
     </span>
    </p>
   </div>
   <div class='ocr_carea' id='block_1_65' title="bbox 989 2206 1764 2246">
    <p class='ocr_par' dir='ltr' id='par_1_65' title="bbox 989 2206 1764 2244">
     <span class='ocr_line' id='line_1_65' title="bbox 989 2206 1764 2244; baseline -0.004 -8"><span class='ocrx_word' id='word_1_382' title='bbox 989 2217 1083 2237; x_wconf 73' lang='lat' dir='ltr'><strong>arcere</strong></span> <span class='ocrx_word' id='word_1_383' title='bbox 1093 2208 1127 2236; x_wconf 81' lang='lat' dir='ltr'><strong>ad</strong></span> <span class='ocrx_word' id='word_1_384' title='bbox 1138 2209 1239 2242; x_wconf 86' lang='lat' dir='ltr'><strong>lucem,</strong></span> <span class='ocrx_word' id='word_1_385' title='bbox 1250 2212 1279 2236; x_wconf 88' lang='lat' dir='ltr'><strong>et</strong></span> <span class='ocrx_word' id='word_1_386' title='bbox 1292 2209 1433 2244; x_wconf 87' lang='lat' dir='ltr'><strong>depositus</strong></span> <span class='ocrx_word' id='word_1_387' title='bbox 1454 2208 1482 2235; x_wconf 94' lang='lat' dir='ltr'><strong>in</strong></span> <span class='ocrx_word' id='word_1_388' title='bbox 1497 2207 1602 2235; x_wconf 90' lang='lat' dir='ltr'><strong>tumulo</strong></span> <span class='ocrx_word' id='word_1_389' title='bbox 1618 2212 1658 2240; x_wconf 88' lang='lat' dir='ltr'><strong>tu,</strong></span> <span class='ocrx_word' id='word_1_390' title='bbox 1683 2206 1764 2234; x_wconf 78' lang='lat' dir='ltr'><strong>Chri-</strong></span> 
     </span>
    </p>
   </div>
   <div class='ocr_carea' id='block_1_66' title="bbox 118 2205 518 2241">
    <p class='ocr_par' dir='ltr' id='par_1_66' title="bbox 118 2205 518 2241">
     <span class='ocr_line' id='line_1_66' title="bbox 118 2205 518 2241; baseline 0.008 -11"><span class='ocrx_word' id='word_1_391' title='bbox 118 2205 168 2238; x_wconf 77' lang='grc' dir='ltr'>τῆς</span> <span class='ocrx_word' id='word_1_392' title='bbox 184 2205 324 2237; x_wconf 81' lang='grc' dir='ltr'>ἀπωλείας</span> <span class='ocrx_word' id='word_1_393' title='bbox 349 2206 416 2241; x_wconf 77' lang='grc' dir='ltr'>πρὸς</span> <span class='ocrx_word' id='word_1_394' title='bbox 437 2206 495 2241; x_wconf 82' lang='grc' dir='ltr'>φῶς</span> <span class='ocrx_word' id='word_1_395' title='bbox 511 2215 518 2223; x_wconf 89' lang='grc'><strong>·</strong></span> 
     </span>
    </p>
   </div>
   <div class='ocr_carea' id='block_1_67' title="bbox 119 2250 913 2292">
    <p class='ocr_par' dir='ltr' id='par_1_67' title="bbox 119 2250 913 2292">
     <span class='ocr_line' id='line_1_67' title="bbox 119 2250 913 2292; baseline 0.009 -16"><span class='ocrx_word' id='word_1_396' title='bbox 119 2250 176 2286; x_wconf 80' lang='grc' dir='ltr'><strong>ζωὴ</strong></span> <span class='ocrx_word' id='word_1_397' title='bbox 192 2251 333 2287; x_wconf 75' lang='grc' dir='ltr'>ὑπάρχων,</span> <span class='ocrx_word' id='word_1_398' title='bbox 352 2253 465 2288; x_wconf 77' lang='grc' dir='ltr'>Χριστὲ,</span> <span class='ocrx_word' id='word_1_399' title='bbox 481 2254 545 2286; x_wconf 82' lang='grc' dir='ltr'>τοὺς</span> <span class='ocrx_word' id='word_1_400' title='bbox 558 2254 588 2281; x_wconf 75' lang='grc' dir='ltr'>ὲν</span> <span class='ocrx_word' id='word_1_401' title='bbox 603 2254 700 2288; x_wconf 75' lang='grc' dir='ltr'>τάφοις</span> <span class='ocrx_word' id='word_1_402' title='bbox 713 2255 830 2292; x_wconf 77' lang='grc' dir='ltr'>ἤγειρας</span> <span class='ocrx_word' id='word_1_403' title='bbox 845 2256 913 2283; x_wconf 85' lang='grc' dir='ltr'>καθ-</span> 
     </span>
    </p>
   </div>
   <div class='ocr_carea' id='block_1_68' title="bbox 118 2297 782 2335">
    <p class='ocr_par' dir='ltr' id='par_1_68' title="bbox 118 2297 782 2335">
     <span class='ocr_line' id='line_1_68' title="bbox 118 2297 782 2335; baseline 0.018 -14"><span class='ocrx_word' id='word_1_404' title='bbox 118 2297 256 2329; x_wconf 68' lang='grc' dir='ltr'>εύδοντας,</span> <span class='ocrx_word' id='word_1_405' title='bbox 274 2299 306 2334; x_wconf 80' lang='grc' dir='ltr'>τῇ</span> <span class='ocrx_word' id='word_1_406' title='bbox 318 2300 405 2334; x_wconf 77' lang='grc' dir='ltr'>σεπτῇ</span> <span class='ocrx_word' id='word_1_407' title='bbox 421 2300 468 2326; x_wconf 77' lang='grc' dir='ltr'><strong>καὶ</strong></span> <span class='ocrx_word' id='word_1_408' title='bbox 483 2299 583 2335; x_wconf 76' lang='grc' dir='ltr'>ὲνδόεῳ</span> <span class='ocrx_word' id='word_1_409' title='bbox 599 2300 709 2335; x_wconf 80' lang='grc' dir='ltr'>ὲγὲρσει</span> <span class='ocrx_word' id='word_1_410' title='bbox 723 2310 782 2329; x_wconf 76' lang='grc' dir='ltr'><strong>σου·</strong></span> 
     </span>
    </p>
   </div>
   <div class='ocr_carea' id='block_1_69' title="bbox 97 2344 917 2383">
    <p class='ocr_par' dir='ltr' id='par_1_69' title="bbox 97 2344 917 2383">
     <span class='ocr_line' id='line_1_69' title="bbox 97 2344 917 2383; baseline 0.006 -14"><span class='ocrx_word' id='word_1_411' title='bbox 97 2372 100 2374; x_wconf 36' lang='grc' dir='ltr'><strong>η</strong></span> <span class='ocrx_word' id='word_1_412' title='bbox 155 2344 237 2379; x_wconf 83' lang='grc' dir='ltr'>Μύρα</span> <span class='ocrx_word' id='word_1_413' title='bbox 259 2353 299 2371; x_wconf 88' lang='grc' dir='ltr'><strong>σοι</strong></span> <span class='ocrx_word' id='word_1_414' title='bbox 325 2345 405 2380; x_wconf 76' lang='grc' dir='ltr'>χορὸς</span> <span class='ocrx_word' id='word_1_415' title='bbox 426 2346 546 2380; x_wconf 78' lang='grc' dir='ltr'>γυναίων</span> <span class='ocrx_word' id='word_1_416' title='bbox 572 2346 685 2383; x_wconf 75' lang='grc' dir='ltr'><strong>ἐκόμιζε</strong></span> <span class='ocrx_word' id='word_1_417' title='bbox 707 2347 747 2382; x_wconf 83' lang='grc' dir='ltr'>τῷ</span> <span class='ocrx_word' id='word_1_418' title='bbox 775 2347 826 2382; x_wconf 83' lang='grc' dir='ltr'>τῆς</span> <span class='ocrx_word' id='word_1_419' title='bbox 843 2347 917 2383; x_wconf 79' lang='grc' dir='ltr'>ζωῆς</span> 
     </span>
    </p>
   </div>
   <div class='ocr_carea' id='block_1_70' title="bbox 119 2391 916 2430">
    <p class='ocr_par' dir='ltr' id='par_1_70' title="bbox 119 2391 916 2430">
     <span class='ocr_line' id='line_1_70' title="bbox 119 2391 916 2430; baseline 0.005 -14"><span class='ocrx_word' id='word_1_420' title='bbox 119 2391 243 2426; x_wconf 79' lang='grc' dir='ltr'>χορηγῷ·</span> <span class='ocrx_word' id='word_1_421' title='bbox 256 2391 303 2418; x_wconf 74' lang='grc' dir='ltr'><strong>καὶ</strong></span> <span class='ocrx_word' id='word_1_422' title='bbox 323 2393 495 2428; x_wconf 78' lang='grc' dir='ltr'>κατανοήσας</span> <span class='ocrx_word' id='word_1_423' title='bbox 520 2401 551 2419; x_wconf 90' lang='grc' dir='ltr'>σε</span> <span class='ocrx_word' id='word_1_424' title='bbox 582 2393 780 2428; x_wconf 69' lang='grc' dir='ltr'>ἐγηγερμένον,</span> <span class='ocrx_word' id='word_1_425' title='bbox 796 2394 916 2430; x_wconf 82' lang='grc' dir='ltr'>εὐηγγε-</span> 
     </span>
    </p>
   </div>
   <div class='ocr_carea' id='block_1_71' title="bbox 118 2436 917 2475">
    <p class='ocr_par' dir='ltr' id='par_1_71' title="bbox 118 2436 917 2475">
     <span class='ocr_line' id='line_1_71' title="bbox 118 2436 917 2475; baseline 0.008 -14"><span class='ocrx_word' id='word_1_426' title='bbox 118 2436 213 2462; x_wconf 73' lang='grc' dir='ltr'>λίσατο</span> <span class='ocrx_word' id='word_1_427' title='bbox 230 2438 287 2468; x_wconf 83' lang='grc' dir='ltr'>τοῖς</span> <span class='ocrx_word' id='word_1_428' title='bbox 310 2437 447 2472; x_wconf 82' lang='grc' dir='ltr'>μαθηταῖς</span> <span class='ocrx_word' id='word_1_429' title='bbox 463 2438 513 2474; x_wconf 78' lang='grc' dir='ltr'>τὴν</span> <span class='ocrx_word' id='word_1_430' title='bbox 535 2438 645 2473; x_wconf 74' lang='grc' dir='ltr'>ἔγερσίν</span> <span class='ocrx_word' id='word_1_431' title='bbox 671 2447 718 2466; x_wconf 86' lang='grc' dir='ltr'><strong>σου</strong></span> <span class='ocrx_word' id='word_1_432' title='bbox 737 2440 917 2475; x_wconf 82' lang='grc' dir='ltr'>συνηγμένοις</span> 
     </span>
    </p>
   </div>
   <div class='ocr_carea' id='block_1_72' title="bbox 117 2481 917 2521">
    <p class='ocr_par' dir='ltr' id='par_1_72' title="bbox 117 2481 917 2521">
     <span class='ocr_line' id='line_1_72' title="bbox 117 2481 917 2521; baseline 0.005 -13"><span class='ocrx_word' id='word_1_433' title='bbox 117 2481 187 2516; x_wconf 78' lang='grc' dir='ltr'>ὁμοῦ</span> <span class='ocrx_word' id='word_1_434' title='bbox 207 2482 256 2509; x_wconf 79' lang='grc' dir='ltr'>καὶ</span> <span class='ocrx_word' id='word_1_435' title='bbox 282 2482 436 2516; x_wconf 78' lang='grc' dir='ltr'>πενθοῦσιν,</span> <span class='ocrx_word' id='word_1_436' title='bbox 467 2484 566 2516; x_wconf 79' lang='grc' dir='ltr'>οἵτινες</span> <span class='ocrx_word' id='word_1_437' title='bbox 592 2484 692 2516; x_wconf 76' lang='grc' dir='ltr'>ίδόντες</span> <span class='ocrx_word' id='word_1_438' title='bbox 715 2493 757 2518; x_wconf 79' lang='grc' dir='ltr'>σε,</span> <span class='ocrx_word' id='word_1_439' title='bbox 775 2486 917 2521; x_wconf 81' lang='grc' dir='ltr'>φωτισμοῦ</span> 
     </span>
    </p>
   </div>
   <div class='ocr_carea' id='block_1_73' title="bbox 121 2528 499 2564">
    <p class='ocr_par' dir='ltr' id='par_1_73' title="bbox 121 2528 499 2564">
     <span class='ocr_line' id='line_1_73' title="bbox 121 2528 499 2564; baseline 0.011 -11"><span class='ocrx_word' id='word_1_440' title='bbox 121 2528 167 2553; x_wconf 72' lang='grc' dir='ltr'><strong>καὶ</strong></span> <span class='ocrx_word' id='word_1_441' title='bbox 182 2528 271 2563; x_wconf 76' lang='grc' dir='ltr'>χαρᾶς</span> <span class='ocrx_word' id='word_1_442' title='bbox 282 2528 499 2564; x_wconf 66' lang='grc' dir='ltr'>ἐπληρώθησαν.</span> 
     </span>
    </p>
   </div>
   <div class='ocr_carea' id='block_1_74' title="bbox 155 2570 914 2611">
    <p class='ocr_par' dir='ltr' id='par_1_74' title="bbox 155 2570 914 2611">
     <span class='ocr_line' id='line_1_74' title="bbox 155 2570 914 2611; baseline 0.007 -14"><span class='ocrx_word' id='word_1_443' title='bbox 155 2570 233 2598; x_wconf 84' lang='grc' dir='ltr'>Ἥλιε</span> <span class='ocrx_word' id='word_1_444' title='bbox 246 2572 357 2608; x_wconf 82' lang='grc' dir='ltr'>Χριστὲ,</span> <span class='ocrx_word' id='word_1_445' title='bbox 371 2574 399 2599; x_wconf 79' lang='grc' dir='ltr'><strong>ὲν</strong></span> <span class='ocrx_word' id='word_1_446' title='bbox 423 2574 473 2609; x_wconf 78' lang='grc' dir='ltr'><strong>ᾄδῃ</strong></span> <span class='ocrx_word' id='word_1_447' title='bbox 495 2575 642 2610; x_wconf 84' lang='grc' dir='ltr'>γενόμενος</span> <span class='ocrx_word' id='word_1_448' title='bbox 670 2576 740 2610; x_wconf 73' lang='grc' dir='ltr'>μετὰ</span> <span class='ocrx_word' id='word_1_449' title='bbox 762 2575 854 2611; x_wconf 80' lang='grc' dir='ltr'>ψυχῆς</span> <span class='ocrx_word' id='word_1_450' title='bbox 876 2576 914 2607; x_wconf 83' lang='grc' dir='ltr'>ὡς</span> 
     </span>
    </p>
   </div>
   <div class='ocr_carea' id='block_1_75' title="bbox 119 2617 918 2657">
    <p class='ocr_par' dir='ltr' id='par_1_75' title="bbox 119 2617 918 2657">
     <span class='ocr_line' id='line_1_75' title="bbox 119 2617 918 2657; baseline 0.008 -14"><span class='ocrx_word' id='word_1_451' title='bbox 119 2617 197 2650; x_wconf 53' lang='grc' dir='ltr'>Θεὸς,</span> <span class='ocrx_word' id='word_1_452' title='bbox 230 2619 287 2651; x_wconf 79' lang='grc' dir='ltr'>τοῖς</span> <span class='ocrx_word' id='word_1_453' title='bbox 311 2620 371 2646; x_wconf 69' lang='grc' dir='ltr'>ἐκεῖ</span> <span class='ocrx_word' id='word_1_454' title='bbox 390 2620 551 2647; x_wconf 77' lang='grc' dir='ltr'>καθεύδουσι</span> <span class='ocrx_word' id='word_1_455' title='bbox 587 2622 789 2657; x_wconf 82' lang='grc' dir='ltr'>πεπεδημένοις</span> <span class='ocrx_word' id='word_1_456' title='bbox 813 2622 846 2649; x_wconf 76' lang='grc' dir='ltr'><strong>ἐκ</strong></span> <span class='ocrx_word' id='word_1_457' title='bbox 871 2623 918 2650; x_wconf 83' lang='grc' dir='ltr'><strong>τοῦ</strong></span> 
     </span>
    </p>
   </div>
   <div class='ocr_carea' id='block_1_76' title="bbox 118 2663 919 2703">
    <p class='ocr_par' dir='ltr' id='par_1_76' title="bbox 118 2663 919 2703">
     <span class='ocr_line' id='line_1_76' title="bbox 118 2663 919 2703; baseline 0.006 -13"><span class='ocrx_word' id='word_1_458' title='bbox 118 2663 217 2695; x_wconf 80' lang='grc' dir='ltr'>αἰῶνος</span> <span class='ocrx_word' id='word_1_459' title='bbox 235 2665 266 2691; x_wconf 81' lang='grc' dir='ltr'><strong>τὸ</strong></span> <span class='ocrx_word' id='word_1_460' title='bbox 280 2665 339 2700; x_wconf 86' lang='grc' dir='ltr'><strong>φῶς</strong></span> <span class='ocrx_word' id='word_1_461' title='bbox 354 2665 385 2692; x_wconf 75' lang='grc' dir='ltr'>τὸ</span> <span class='ocrx_word' id='word_1_462' title='bbox 396 2666 443 2693; x_wconf 68' lang='grc' dir='ltr'><strong>σὺν</strong></span> <span class='ocrx_word' id='word_1_463' title='bbox 455 2667 576 2701; x_wconf 82' lang='grc' dir='ltr'>φαιδρῶς</span> <span class='ocrx_word' id='word_1_464' title='bbox 591 2668 755 2703; x_wconf 73' lang='grc' dir='ltr'>ὲπέλαμψας</span> <span class='ocrx_word' id='word_1_465' title='bbox 771 2676 778 2683; x_wconf 66' lang='grc' dir='ltr'><strong>ι</strong></span> <span class='ocrx_word' id='word_1_466' title='bbox 802 2667 850 2695; x_wconf 74' lang='grc' dir='ltr'>καὶ</span> <span class='ocrx_word' id='word_1_467' title='bbox 873 2667 919 2701; x_wconf 77' lang='grc' dir='ltr'><strong>ἐξ·</strong></span> 
     </span>
    </p>
   </div>
   <div class='ocr_carea' id='block_1_77' title="bbox 118 2710 920 2748">
    <p class='ocr_par' dir='ltr' id='par_1_77' title="bbox 118 2710 920 2748">
     <span class='ocr_line' id='line_1_77' title="bbox 118 2710 920 2748; baseline 0.006 -12"><span class='ocrx_word' id='word_1_468' title='bbox 118 2710 272 2746; x_wconf 76' lang='grc' dir='ltr'>ανέστησας</span> <span class='ocrx_word' id='word_1_469' title='bbox 298 2713 332 2748; x_wconf 80' lang='grc' dir='ltr'>τῇ</span> <span class='ocrx_word' id='word_1_470' title='bbox 361 2713 428 2748; x_wconf 82' lang='grc' dir='ltr'>ἁγίᾳ</span> <span class='ocrx_word' id='word_1_471' title='bbox 463 2713 578 2745; x_wconf 87' lang='grc' dir='ltr'>τούτους</span> <span class='ocrx_word' id='word_1_472' title='bbox 613 2715 761 2741; x_wconf 85' lang='grc' dir='ltr'>ἀναστάσει</span> <span class='ocrx_word' id='word_1_473' title='bbox 786 2723 844 2746; x_wconf 85' lang='grc' dir='ltr'>σου,</span> <span class='ocrx_word' id='word_1_474' title='bbox 874 2715 920 2741; x_wconf 82' lang='grc' dir='ltr'><strong>ἀν-</strong></span> 
     </span>
    </p>
   </div>
   <div class='ocr_carea' id='block_1_78' title="bbox 119 2756 636 2794">
    <p class='ocr_par' dir='ltr' id='par_1_78' title="bbox 119 2756 636 2794">
     <span class='ocr_line' id='line_1_78' title="bbox 119 2756 636 2794; baseline 0.012 -12"><span class='ocrx_word' id='word_1_475' title='bbox 119 2756 271 2790; x_wconf 74' lang='grc' dir='ltr'>υμνοῢντας</span> <span class='ocrx_word' id='word_1_476' title='bbox 287 2758 336 2794; x_wconf 81' lang='grc' dir='ltr'><strong>τὴν</strong></span> <span class='ocrx_word' id='word_1_477' title='bbox 356 2759 405 2793; x_wconf 87' lang='grc' dir='ltr'>σὴν</span> <span class='ocrx_word' id='word_1_478' title='bbox 421 2760 636 2794; x_wconf 80' lang='grc' dir='ltr'>συγκατάὸασιν.</span> 
     </span>
    </p>
   </div>
   <div class='ocr_carea' id='block_1_79' title="bbox 156 2802 919 2842">
    <p class='ocr_par' dir='ltr' id='par_1_79' title="bbox 156 2802 919 2842">
     <span class='ocr_line' id='line_1_79' title="bbox 156 2802 919 2842; baseline 0.007 -14"><span class='ocrx_word' id='word_1_479' title='bbox 156 2802 280 2838; x_wconf 79' lang='grc' dir='ltr'>Νεύματι</span> <span class='ocrx_word' id='word_1_480' title='bbox 294 2804 324 2830; x_wconf 66' lang='grc' dir='ltr'><strong>τὸ</strong></span> <span class='ocrx_word' id='word_1_481' title='bbox 335 2806 399 2836; x_wconf 79' lang='grc' dir='ltr'>πᾶν,</span> <span class='ocrx_word' id='word_1_482' title='bbox 415 2805 547 2840; x_wconf 77' lang='grc' dir='ltr'>ῐῐαροένε,</span> <span class='ocrx_word' id='word_1_483' title='bbox 559 2806 604 2832; x_wconf 78' lang='grc' dir='ltr'><strong>τὸν</strong></span> <span class='ocrx_word' id='word_1_484' title='bbox 620 2807 737 2841; x_wconf 74' lang='grc' dir='ltr'>φέροντα</span> <span class='ocrx_word' id='word_1_485' title='bbox 754 2807 820 2833; x_wconf 63' lang='grc' dir='ltr'><strong>Θεὸν</strong></span> <span class='ocrx_word' id='word_1_486' title='bbox 840 2807 919 2842; x_wconf 71' lang='grc' dir='ltr'>ἐκύη-</span> 
     </span>
    </p>
   </div>
   <div class='ocr_carea' id='block_1_80' title="bbox 120 2849 919 2888">
    <p class='ocr_par' dir='ltr' id='par_1_80' title="bbox 120 2849 919 2888">
     <span class='ocr_line' id='line_1_80' title="bbox 120 2849 919 2888; baseline 0.006 -13"><span class='ocrx_word' id='word_1_487' title='bbox 120 2856 182 2882; x_wconf 69' lang='grc' dir='ltr'>ιας,</span> <span class='ocrx_word' id='word_1_488' title='bbox 195 2849 337 2886; x_wconf 66' lang='grc' dir='ltr'>ἄνθρωπον</span> <span class='ocrx_word' id='word_1_489' title='bbox 355 2850 502 2887; x_wconf 82' lang='grc' dir='ltr'>γενόμενον</span> <span class='ocrx_word' id='word_1_490' title='bbox 523 2851 558 2878; x_wconf 80' lang='grc' dir='ltr'>δι’</span> <span class='ocrx_word' id='word_1_491' title='bbox 586 2851 798 2888; x_wconf 77' lang='grc' dir='ltr'>εὐσπλαγχνίαν,</span> <span class='ocrx_word' id='word_1_492' title='bbox 818 2853 919 2887; x_wconf 62' lang='grc' dir='ltr'><strong>Θεοχά-</strong></span> 
     </span>
    </p>
   </div>
   <div class='ocr_carea' id='block_1_81' title="bbox 967 916 1732 954">
    <p class='ocr_par' dir='ltr' id='par_1_81' title="bbox 967 916 1732 954">
     <span class='ocr_line' id='line_1_81' title="bbox 967 916 1732 954; baseline 0 -9"><span class='ocrx_word' id='word_1_493' title='bbox 967 917 1133 954; x_wconf 88' lang='lat' dir='ltr'><strong>speciosum,</strong></span> <span class='ocrx_word' id='word_1_494' title='bbox 1153 917 1270 952; x_wconf 83' lang='lat' dir='ltr'><strong>hymnos</strong></span> <span class='ocrx_word' id='word_1_495' title='bbox 1283 916 1436 943; x_wconf 83' lang='lat' dir='ltr'><strong>decantasti</strong></span> <span class='ocrx_word' id='word_1_496' title='bbox 1450 917 1646 945; x_wconf 70' lang='lat' dir='ltr'><strong>misericordia:</strong></span> <span class='ocrx_word' id='word_1_497' title='bbox 1660 918 1732 952; x_wconf 86' lang='lat' dir='ltr'><strong>ejus.</strong></span> 
     </span>
    </p>
   </div>
   <div class='ocr_carea' id='block_1_82' title="bbox 1178 963 1531 998">
    <p class='ocr_par' dir='ltr' id='par_1_82' title="bbox 1178 963 1531 998">
     <span class='ocr_line' id='line_1_82' title="bbox 1178 963 1531 998; baseline 0 -8"><span class='ocrx_word' id='word_1_498' title='bbox 1178 963 1271 990; x_wconf 83' lang='lat' dir='ltr'><strong>Sancti</strong></span> <span class='ocrx_word' id='word_1_499' title='bbox 1287 964 1362 998; x_wconf 76' lang='lat' dir='ltr'><strong>pueri</strong></span> <span class='ocrx_word' id='word_1_500' title='bbox 1376 964 1402 991; x_wconf 80' lang='lat' dir='ltr'><strong>in</strong></span> <span class='ocrx_word' id='word_1_501' title='bbox 1416 965 1531 991; x_wconf 77' lang='lat' dir='ltr'><strong>camino.</strong></span> 
     </span>
    </p>
   </div>
   <div class='ocr_carea' id='block_1_83' title="bbox 997 1009 1761 1038">
    <p class='ocr_par' dir='ltr' id='par_1_83' title="bbox 997 1009 1761 1038">
     <span class='ocr_line' id='line_1_83' title="bbox 997 1009 1761 1038; baseline 0 -1"><span class='ocrx_word' id='word_1_502' title='bbox 997 1009 1143 1037; x_wconf 82' lang='lat' dir='ltr'><strong>Hominum</strong></span> <span class='ocrx_word' id='word_1_503' title='bbox 1156 1009 1232 1037; x_wconf 85' lang='lat' dir='ltr'><strong>valde</strong></span> <span class='ocrx_word' id='word_1_504' title='bbox 1245 1017 1341 1037; x_wconf 86' lang='lat' dir='ltr'><strong>amans</strong></span> <span class='ocrx_word' id='word_1_505' title='bbox 1350 1010 1497 1038; x_wconf 78' lang='lat' dir='ltr'><strong>extendisti</strong></span> <span class='ocrx_word' id='word_1_506' title='bbox 1513 1010 1624 1037; x_wconf 86' lang='lat' dir='ltr'><strong>brachia</strong></span> <span class='ocrx_word' id='word_1_507' title='bbox 1634 1010 1659 1038; x_wconf 88' lang='lat' dir='ltr'><strong>in</strong></span> <span class='ocrx_word' id='word_1_508' title='bbox 1677 1015 1761 1037; x_wconf 87' lang='lat' dir='ltr'><strong>cruce</strong></span> 
     </span>
    </p>
   </div>
   <div class='ocr_carea' id='block_1_84' title="bbox 967 1055 1758 1090">
    <p class='ocr_par' dir='ltr' id='par_1_84' title="bbox 967 1055 1758 1090">
     <span class='ocr_line' id='line_1_84' title="bbox 967 1055 1758 1090; baseline -0.001 -7"><span class='ocrx_word' id='word_1_509' title='bbox 967 1057 1011 1083; x_wconf 89' lang='lat' dir='ltr'><strong>cui</strong></span> <span class='ocrx_word' id='word_1_510' title='bbox 1030 1056 1118 1083; x_wconf 85' lang='lat' dir='ltr'><strong>clavis</strong></span> <span class='ocrx_word' id='word_1_511' title='bbox 1134 1055 1228 1083; x_wconf 81' lang='lat' dir='ltr'><strong>atiixus</strong></span> <span class='ocrx_word' id='word_1_512' title='bbox 1238 1059 1264 1082; x_wconf 92' lang='lat' dir='ltr'><strong>et</strong></span> <span class='ocrx_word' id='word_1_513' title='bbox 1280 1055 1352 1082; x_wconf 85' lang='lat' dir='ltr'><strong>latus</strong></span> <span class='ocrx_word' id='word_1_514' title='bbox 1367 1055 1500 1090; x_wconf 78' lang='lat' dir='ltr'><strong>perforari</strong></span> <span class='ocrx_word' id='word_1_515' title='bbox 1512 1056 1616 1089; x_wconf 84' lang='lat' dir='ltr'><strong>sineris,</strong></span> <span class='ocrx_word' id='word_1_516' title='bbox 1635 1059 1758 1083; x_wconf 76' lang='lat' dir='ltr'><strong>nostram</strong></span> 
     </span>
    </p>
   </div>
   <div class='ocr_carea' id='block_1_85' title="bbox 968 1100 1757 1137">
    <p class='ocr_par' dir='ltr' id='par_1_85' title="bbox 968 1100 1757 1137">
     <span class='ocr_line' id='line_1_85' title="bbox 968 1100 1757 1137; baseline -0.005 -7"><span class='ocrx_word' id='word_1_517' title='bbox 968 1102 1101 1137; x_wconf 84' lang='lat' dir='ltr'><strong>reparasti</strong></span> <span class='ocrx_word' id='word_1_518' title='bbox 1125 1106 1250 1129; x_wconf 79' lang='lat' dir='ltr'><strong>naturam</strong></span> <span class='ocrx_word' id='word_1_519' title='bbox 1285 1101 1388 1134; x_wconf 80' lang='lat' dir='ltr'><strong>peccati</strong></span> <span class='ocrx_word' id='word_1_520' title='bbox 1405 1101 1501 1128; x_wconf 82' lang='lat' dir='ltr'><strong>Adami</strong></span> <span class='ocrx_word' id='word_1_521' title='bbox 1524 1101 1585 1128; x_wconf 84' lang='lat' dir='ltr'><strong>labe</strong></span> <span class='ocrx_word' id='word_1_522' title='bbox 1605 1100 1757 1132; x_wconf 77' lang='lat' dir='ltr'><strong>infectam;</strong></span> 
     </span>
    </p>
   </div>
   <div class='ocr_carea' id='block_1_86' title="bbox 968 1147 1758 1184">
    <p class='ocr_par' dir='ltr' id='par_1_86' title="bbox 968 1147 1758 1184">
     <span class='ocr_line' id='line_1_86' title="bbox 968 1147 1758 1184; baseline -0.005 -7"><span class='ocrx_word' id='word_1_523' title='bbox 968 1149 1029 1177; x_wconf 89' lang='lat' dir='ltr'><strong>ideo</strong></span> <span class='ocrx_word' id='word_1_524' title='bbox 1052 1156 1100 1184; x_wconf 85' lang='lat' dir='ltr'><strong>per</strong></span> <span class='ocrx_word' id='word_1_525' title='bbox 1128 1155 1210 1175; x_wconf 90' lang='lat' dir='ltr'><strong>omne</strong></span> <span class='ocrx_word' id='word_1_526' title='bbox 1230 1147 1343 1176; x_wconf 52' lang='lat' dir='ltr'><strong>saeclum</strong></span> <span class='ocrx_word' id='word_1_527' title='bbox 1370 1147 1515 1176; x_wconf 86' lang='lat' dir='ltr'><strong>laudamus</strong></span> <span class='ocrx_word' id='word_1_528' title='bbox 1542 1147 1758 1175; x_wconf 86' lang='lat' dir='ltr'><strong>misericordiam</strong></span> 
     </span>
    </p>
   </div>
   <div class='ocr_carea' id='block_1_87' title="bbox 967 1199 1197 1230">
    <p class='ocr_par' dir='ltr' id='par_1_87' title="bbox 967 1199 1197 1230">
     <span class='ocr_line' id='line_1_87' title="bbox 967 1199 1197 1230; baseline -0.004 -8"><span class='ocrx_word' id='word_1_529' title='bbox 967 1199 1042 1223; x_wconf 88' lang='lat' dir='ltr'><strong>tuam</strong></span> <span class='ocrx_word' id='word_1_530' title='bbox 1061 1202 1197 1230; x_wconf 80' lang='lat' dir='ltr'><strong>magnam.</strong></span> 
     </span>
    </p>
   </div>
   <div class='ocr_carea' id='block_1_88' title="bbox 1003 1238 1758 1273">
    <p class='ocr_par' dir='ltr' id='par_1_88' title="bbox 1003 1238 1758 1273">
     <span class='ocr_line' id='line_1_88' title="bbox 1003 1238 1758 1273; baseline -0.004 -5"><span class='ocrx_word' id='word_1_531' title='bbox 1003 1240 1073 1268; x_wconf 86' lang='lat' dir='ltr'><strong>Cum</strong></span> <span class='ocrx_word' id='word_1_532' title='bbox 1089 1240 1156 1268; x_wconf 88' lang='lat' dir='ltr'><strong>vidit</strong></span> <span class='ocrx_word' id='word_1_533' title='bbox 1170 1244 1196 1268; x_wconf 84' lang='lat' dir='ltr'><strong>te</strong></span> <span class='ocrx_word' id='word_1_534' title='bbox 1219 1239 1346 1268; x_wconf 77' lang='lat' dir='ltr'><strong>infernus</strong></span> <span class='ocrx_word' id='word_1_535' title='bbox 1367 1246 1447 1267; x_wconf 87' lang='lat' dir='ltr'><strong>suum</strong></span> <span class='ocrx_word' id='word_1_536' title='bbox 1483 1243 1648 1266; x_wconf 72' lang='lat' dir='ltr'><strong>avertentem</strong></span> <span class='ocrx_word' id='word_1_537' title='bbox 1670 1238 1758 1273; x_wconf 62' lang='lat' dir='ltr'><strong>imper-</strong></span> 
     </span>
    </p>
   </div>
   <div class='ocr_carea' id='block_1_89' title="bbox 968 1284 1759 1322">
    <p class='ocr_par' dir='ltr' id='par_1_89' title="bbox 968 1284 1759 1322">
     <span class='ocr_line' id='line_1_89' title="bbox 968 1284 1759 1322; baseline -0.005 -7"><span class='ocrx_word' id='word_1_538' title='bbox 968 1288 1052 1321; x_wconf 87' lang='lat' dir='ltr'><strong>rium,</strong></span> <span class='ocrx_word' id='word_1_539' title='bbox 1069 1294 1139 1322; x_wconf 87' lang='lat' dir='ltr'><strong>quos</strong></span> <span class='ocrx_word' id='word_1_540' title='bbox 1153 1287 1217 1313; x_wconf 92' lang='lat' dir='ltr'><strong>olim</strong></span> <span class='ocrx_word' id='word_1_541' title='bbox 1248 1290 1392 1313; x_wconf 80' lang='lat' dir='ltr'><strong>voraverat</strong></span> <span class='ocrx_word' id='word_1_542' title='bbox 1418 1290 1542 1313; x_wconf 83' lang='lat' dir='ltr'><strong>mortuos</strong></span> <span class='ocrx_word' id='word_1_543' title='bbox 1562 1285 1690 1316; x_wconf 80' lang='lat' dir='ltr'><strong>reddidit,</strong></span> <span class='ocrx_word' id='word_1_544' title='bbox 1716 1284 1759 1311; x_wconf 88' lang='lat' dir='ltr'><strong>di-</strong></span> 
     </span>
    </p>
   </div>
   <div class='ocr_carea' id='block_1_90' title="bbox 968 1331 1759 1370">
    <p class='ocr_par' dir='ltr' id='par_1_90' title="bbox 968 1331 1759 1370">
     <span class='ocr_line' id='line_1_90' title="bbox 968 1331 1759 1370; baseline -0.003 -8"><span class='ocrx_word' id='word_1_545' title='bbox 968 1337 1078 1363; x_wconf 85' lang='lat' dir='ltr'><strong>centes:</strong></span> <span class='ocrx_word' id='word_1_546' title='bbox 1101 1333 1242 1370; x_wconf 82' lang='lat' dir='ltr'><strong>Verbum;</strong></span> <span class='ocrx_word' id='word_1_547' title='bbox 1276 1331 1363 1368; x_wconf 84' lang='lat' dir='ltr'><strong>Opera</strong></span> <span class='ocrx_word' id='word_1_548' title='bbox 1393 1331 1500 1359; x_wconf 88' lang='lat' dir='ltr'><strong>Domini</strong></span> <span class='ocrx_word' id='word_1_549' title='bbox 1522 1331 1675 1360; x_wconf 88' lang='lat' dir='ltr'><strong>benedicite</strong></span> <span class='ocrx_word' id='word_1_550' title='bbox 1706 1331 1759 1360; x_wconf 89' lang='lat' dir='ltr'><strong>Do-</strong></span> 
     </span>
    </p>
   </div>
   <div class='ocr_carea' id='block_1_91' title="bbox 968 1380 1055 1408">
    <p class='ocr_par' dir='ltr' id='par_1_91' title="bbox 968 1380 1055 1408">
     <span class='ocr_line' id='line_1_91' title="bbox 968 1380 1055 1408; baseline 0.011 -1"><span class='ocrx_word' id='word_1_551' title='bbox 968 1380 1055 1408; x_wconf 89' lang='lat' dir='ltr'><strong>mino.</strong></span> 
     </span>
    </p>
   </div>
   <div class='ocr_carea' id='block_1_92' title="bbox 1003 1423 1761 1462">
    <p class='ocr_par' dir='ltr' id='par_1_92' title="bbox 1003 1423 1761 1462">
     <span class='ocr_line' id='line_1_92' title="bbox 1003 1423 1761 1462; baseline -0.003 -8"><span class='ocrx_word' id='word_1_552' title='bbox 1003 1426 1122 1462; x_wconf 71' lang='lat' dir='ltr'><strong>Angelus</strong></span> <span class='ocrx_word' id='word_1_553' title='bbox 1137 1433 1221 1461; x_wconf 78' lang='lat' dir='ltr'><strong>super</strong></span> <span class='ocrx_word' id='word_1_554' title='bbox 1237 1424 1406 1453; x_wconf 85' lang='lat' dir='ltr'><strong>monumenti</strong></span> <span class='ocrx_word' id='word_1_555' title='bbox 1419 1428 1524 1459; x_wconf 83' lang='lat' dir='ltr'><strong>petram</strong></span> <span class='ocrx_word' id='word_1_556' title='bbox 1537 1423 1646 1456; x_wconf 84' lang='lat' dir='ltr'><strong>sedens,</strong></span> <span class='ocrx_word' id='word_1_557' title='bbox 1662 1423 1761 1452; x_wconf 73' lang='lat' dir='ltr'><strong>clama-</strong></span> 
     </span>
    </p>
   </div>
   <div class='ocr_carea' id='block_1_93' title="bbox 968 1469 1761 1508">
    <p class='ocr_par' dir='ltr' id='par_1_93' title="bbox 968 1469 1761 1508">
     <span class='ocr_line' id='line_1_93' title="bbox 968 1469 1761 1508; baseline -0.004 -8"><span class='ocrx_word' id='word_1_558' title='bbox 968 1472 1015 1500; x_wconf 86' lang='lat' dir='ltr'><strong>bat</strong></span> <span class='ocrx_word' id='word_1_559' title='bbox 1033 1472 1163 1500; x_wconf 75' lang='lat' dir='ltr'><strong>flentibus</strong></span> <span class='ocrx_word' id='word_1_560' title='bbox 1180 1478 1242 1508; x_wconf 75' lang='lat' dir='ltr'><strong>qua:</strong></span> <span class='ocrx_word' id='word_1_561' title='bbox 1255 1470 1379 1499; x_wconf 79' lang='lat' dir='ltr'><strong>ferebant</strong></span> <span class='ocrx_word' id='word_1_562' title='bbox 1392 1474 1514 1497; x_wconf 84' lang='lat' dir='ltr'><strong>aromata</strong></span> <span class='ocrx_word' id='word_1_563' title='bbox 1528 1469 1761 1497; x_wconf 78' lang='lat' dir='ltr'><strong>tnulicribuste-</strong></span> 
     </span>
    </p>
   </div>
   <div class='ocr_carea' id='block_1_94' title="bbox 968 1516 1760 1552">
    <p class='ocr_par' dir='ltr' id='par_1_94' title="bbox 968 1516 1760 1552">
     <span class='ocr_line' id='line_1_94' title="bbox 968 1516 1760 1552; baseline -0.005 -6"><span class='ocrx_word' id='word_1_564' title='bbox 968 1519 1103 1548; x_wconf 85' lang='lat' dir='ltr'><strong>stinantes</strong></span> <span class='ocrx_word' id='word_1_565' title='bbox 1118 1518 1280 1546; x_wconf 86' lang='lat' dir='ltr'><strong>annuntiate</strong></span> <span class='ocrx_word' id='word_1_566' title='bbox 1301 1516 1444 1552; x_wconf 86' lang='lat' dir='ltr'><strong>discipulis</strong></span> <span class='ocrx_word' id='word_1_567' title='bbox 1453 1516 1682 1544; x_wconf 83' lang='lat' dir='ltr'><strong>resurrectionem</strong></span> <span class='ocrx_word' id='word_1_568' title='bbox 1699 1516 1760 1543; x_wconf 66' lang='lat' dir='ltr'><strong>vitae</strong></span> 
     </span>
    </p>
   </div>
   <div class='ocr_carea' id='block_1_95' title="bbox 965 1561 1759 1597">
    <p class='ocr_par' dir='ltr' id='par_1_95' title="bbox 965 1561 1759 1597">
     <span class='ocr_line' id='line_1_95' title="bbox 965 1561 1759 1597; baseline -0.005 -5"><span class='ocrx_word' id='word_1_569' title='bbox 965 1564 1104 1592; x_wconf 85' lang='lat' dir='ltr'><strong>auctoris:</strong></span> <span class='ocrx_word' id='word_1_570' title='bbox 1126 1571 1188 1592; x_wconf 86' lang='lat' dir='ltr'><strong>vere</strong></span> <span class='ocrx_word' id='word_1_571' title='bbox 1203 1562 1443 1596; x_wconf 83' lang='lat' dir='ltr'><strong>enimresurrexit,</strong></span> <span class='ocrx_word' id='word_1_572' title='bbox 1466 1561 1638 1597; x_wconf 84' lang='lat' dir='ltr'><strong>tyrannidem</strong></span> <span class='ocrx_word' id='word_1_573' title='bbox 1660 1561 1759 1588; x_wconf 81' lang='lat' dir='ltr'><strong>inferni</strong></span> 
     </span>
    </p>
   </div>
   <div class='ocr_carea' id='block_1_96' title="bbox 966 1608 1446 1644">
    <p class='ocr_par' dir='ltr' id='par_1_96' title="bbox 966 1608 1446 1644">
     <span class='ocr_line' id='line_1_96' title="bbox 966 1608 1446 1644; baseline -0.004 -7"><span class='ocrx_word' id='word_1_574' title='bbox 966 1609 1153 1644; x_wconf 87' lang='lat' dir='ltr'><strong>malitiamque</strong></span> <span class='ocrx_word' id='word_1_575' title='bbox 1170 1608 1271 1636; x_wconf 88' lang='lat' dir='ltr'><strong>diaboli</strong></span> <span class='ocrx_word' id='word_1_576' title='bbox 1288 1612 1446 1636; x_wconf 88' lang='lat' dir='ltr'><strong>conterens.</strong></span> 
     </span>
    </p>
   </div>
   <div class='ocr_carea' id='block_1_97' title="bbox 1002 1653 1761 1690">
    <p class='ocr_par' dir='ltr' id='par_1_97' title="bbox 1002 1653 1761 1690">
     <span class='ocr_line' id='line_1_97' title="bbox 1002 1653 1761 1690; baseline -0.003 -7"><span class='ocrx_word' id='word_1_577' title='bbox 1002 1655 1165 1683; x_wconf 85' lang='lat' dir='ltr'><strong>Trinitatem</strong></span> <span class='ocrx_word' id='word_1_578' title='bbox 1193 1663 1275 1682; x_wconf 89' lang='lat' dir='ltr'><strong>unam</strong></span> <span class='ocrx_word' id='word_1_579' title='bbox 1304 1654 1426 1683; x_wconf 84' lang='lat' dir='ltr'><strong>essentia</strong></span> <span class='ocrx_word' id='word_1_580' title='bbox 1459 1653 1595 1690; x_wconf 76' lang='lat' dir='ltr'><strong>gloril‘ico,</strong></span> <span class='ocrx_word' id='word_1_581' title='bbox 1618 1654 1647 1681; x_wconf 82' lang='lat' dir='ltr'><strong>in</strong></span> <span class='ocrx_word' id='word_1_582' title='bbox 1673 1653 1761 1682; x_wconf 81' lang='lat' dir='ltr'><strong>tribus</strong></span> 
     </span>
    </p>
   </div>
   <div class='ocr_carea' id='block_1_98' title="bbox 965 1698 1761 1739">
    <p class='ocr_par' dir='ltr' id='par_1_98' title="bbox 965 1698 1761 1739">
     <span class='ocr_line' id='line_1_98' title="bbox 965 1698 1761 1739; baseline -0.004 -10"><span class='ocrx_word' id='word_1_583' title='bbox 965 1702 1092 1739; x_wconf 86' lang='lat' dir='ltr'><strong>personis</strong></span> <span class='ocrx_word' id='word_1_584' title='bbox 1103 1709 1186 1737; x_wconf 81' lang='lat' dir='ltr'><strong>unam</strong></span> <span class='ocrx_word' id='word_1_585' title='bbox 1200 1700 1334 1729; x_wconf 82' lang='lat' dir='ltr'><strong>conﬁteor</strong></span> <span class='ocrx_word' id='word_1_586' title='bbox 1353 1700 1536 1733; x_wconf 79' lang='lat' dir='ltr'><strong>divinitatem,</strong></span> <span class='ocrx_word' id='word_1_587' title='bbox 1553 1704 1685 1728; x_wconf 64' lang='lat' dir='ltr'><strong>aeternum</strong></span> <span class='ocrx_word' id='word_1_588' title='bbox 1709 1698 1761 1726; x_wconf 88' lang='lat' dir='ltr'><strong>Pa-</strong></span> 
     </span>
    </p>
   </div>
   <div class='ocr_carea' id='block_1_99' title="bbox 966 1745 1761 1782">
    <p class='ocr_par' dir='ltr' id='par_1_99' title="bbox 966 1745 1761 1782">
     <span class='ocr_line' id='line_1_99' title="bbox 966 1745 1761 1782; baseline -0.004 -6"><span class='ocrx_word' id='word_1_589' title='bbox 966 1753 1048 1782; x_wconf 88' lang='lat' dir='ltr'><strong>trem,</strong></span> <span class='ocrx_word' id='word_1_590' title='bbox 1061 1748 1160 1776; x_wconf 81' lang='lat' dir='ltr'><strong>Filium</strong></span> <span class='ocrx_word' id='word_1_591' title='bbox 1182 1752 1209 1774; x_wconf 90' lang='lat' dir='ltr'><strong>et</strong></span> <span class='ocrx_word' id='word_1_592' title='bbox 1226 1747 1361 1782; x_wconf 86' lang='lat' dir='ltr'><strong>Spiritum</strong></span> <span class='ocrx_word' id='word_1_593' title='bbox 1380 1750 1525 1780; x_wconf 83' lang='lat' dir='ltr'><strong>sanctum;</strong></span> <span class='ocrx_word' id='word_1_594' title='bbox 1545 1746 1667 1774; x_wconf 85' lang='lat' dir='ltr'><strong>clamans</strong></span> <span class='ocrx_word' id='word_1_595' title='bbox 1682 1745 1761 1773; x_wconf 89' lang='lat' dir='ltr'><strong>inde-</strong></span> 
     </span>
    </p>
   </div>
   <div class='ocr_carea' id='block_1_100' title="bbox 966 1792 1653 1828">
    <p class='ocr_par' dir='ltr' id='par_1_100' title="bbox 966 1792 1653 1828">
     <span class='ocr_line' id='line_1_100' title="bbox 966 1792 1653 1828; baseline -0.003 -7"><span class='ocrx_word' id='word_1_596' title='bbox 966 1794 1104 1822; x_wconf 84' lang='lat' dir='ltr'><strong>sinenter:</strong></span> <span class='ocrx_word' id='word_1_597' title='bbox 1121 1792 1213 1828; x_wconf 85' lang='lat' dir='ltr'><strong>Opera</strong></span> <span class='ocrx_word' id='word_1_598' title='bbox 1227 1793 1346 1825; x_wconf 89' lang='lat' dir='ltr'><strong>Domini,</strong></span> <span class='ocrx_word' id='word_1_599' title='bbox 1362 1792 1517 1820; x_wconf 87' lang='lat' dir='ltr'><strong>benedicite</strong></span> <span class='ocrx_word' id='word_1_600' title='bbox 1527 1792 1653 1820; x_wconf 85' lang='lat' dir='ltr'><strong>Domino.</strong></span> 
     </span>
    </p>
   </div>
   <div class='ocr_carea' id='block_1_101' title="bbox 1003 1838 1761 1873">
    <p class='ocr_par' dir='ltr' id='par_1_101' title="bbox 1003 1838 1761 1873">
     <span class='ocr_line' id='line_1_101' title="bbox 1003 1838 1761 1873; baseline -0.003 -6"><span class='ocrx_word' id='word_1_601' title='bbox 1003 1840 1080 1867; x_wconf 87' lang='lat' dir='ltr'><strong>Sicut</strong></span> <span class='ocrx_word' id='word_1_602' title='bbox 1097 1839 1174 1867; x_wconf 85' lang='lat' dir='ltr'><strong>visus</strong></span> <span class='ocrx_word' id='word_1_603' title='bbox 1186 1844 1228 1867; x_wconf 86' lang='lat' dir='ltr'><strong>est</strong></span> <span class='ocrx_word' id='word_1_604' title='bbox 1249 1839 1323 1867; x_wconf 85' lang='lat' dir='ltr'><strong>Dens</strong></span> <span class='ocrx_word' id='word_1_605' title='bbox 1351 1846 1383 1866; x_wconf 79' lang='lat' dir='ltr'><strong>ex</strong></span> <span class='ocrx_word' id='word_1_606' title='bbox 1401 1843 1427 1866; x_wconf 90' lang='lat' dir='ltr'><strong>te</strong></span> <span class='ocrx_word' id='word_1_607' title='bbox 1451 1846 1580 1870; x_wconf 82' lang='lat' dir='ltr'><strong>nascens.</strong></span> <span class='ocrx_word' id='word_1_608' title='bbox 1599 1838 1693 1873; x_wconf 85' lang='lat' dir='ltr'><strong>Virgo,</strong></span> <span class='ocrx_word' id='word_1_609' title='bbox 1717 1838 1761 1865; x_wconf 92' lang='lat' dir='ltr'><strong>in-</strong></span> 
     </span>
    </p>
   </div>
   <div class='ocr_carea' id='block_1_102' title="bbox 968 1884 1762 1921">
    <p class='ocr_par' dir='ltr' id='par_1_102' title="bbox 968 1884 1762 1921">
     <span class='ocr_line' id='line_1_102' title="bbox 968 1884 1762 1921; baseline -0.004 -8"><span class='ocrx_word' id='word_1_610' title='bbox 968 1889 1041 1914; x_wconf 82' lang='lat' dir='ltr'><strong>tacta</strong></span> <span class='ocrx_word' id='word_1_611' title='bbox 1054 1885 1212 1921; x_wconf 72' lang='lat' dir='ltr'><strong>virginitate</strong></span> <span class='ocrx_word' id='word_1_612' title='bbox 1240 1888 1298 1918; x_wconf 85' lang='lat' dir='ltr'><strong>tua,</strong></span> <span class='ocrx_word' id='word_1_613' title='bbox 1328 1885 1368 1913; x_wconf 89' lang='lat' dir='ltr'><strong>sic</strong></span> <span class='ocrx_word' id='word_1_614' title='bbox 1393 1885 1548 1913; x_wconf 83' lang='lat' dir='ltr'><strong>resurrexit</strong></span> <span class='ocrx_word' id='word_1_615' title='bbox 1572 1885 1676 1912; x_wconf 88' lang='lat' dir='ltr'><strong>intacto</strong></span> <span class='ocrx_word' id='word_1_616' title='bbox 1693 1884 1762 1918; x_wconf 87' lang='lat' dir='ltr'><strong>lapi-</strong></span> 
     </span>
    </p>
   </div>
   <div class='ocr_carea' id='block_1_103' title="bbox 967 1930 1761 1967">
    <p class='ocr_par' dir='ltr' id='par_1_103' title="bbox 967 1930 1761 1967">
     <span class='ocr_line' id='line_1_103' title="bbox 967 1930 1761 1967; baseline -0.003 -8"><span class='ocrx_word' id='word_1_617' title='bbox 967 1932 1009 1960; x_wconf 79' lang='lat' dir='ltr'><strong>dis</strong></span> <span class='ocrx_word' id='word_1_618' title='bbox 1024 1931 1132 1967; x_wconf 72' lang='lat' dir='ltr'><strong>sigillo;</strong></span> <span class='ocrx_word' id='word_1_619' title='bbox 1152 1939 1234 1966; x_wconf 90' lang='lat' dir='ltr'><strong>quem</strong></span> <span class='ocrx_word' id='word_1_620' title='bbox 1261 1937 1324 1959; x_wconf 88' lang='lat' dir='ltr'><strong>cum</strong></span> <span class='ocrx_word' id='word_1_621' title='bbox 1344 1931 1435 1958; x_wconf 85' lang='lat' dir='ltr'><strong>vidisti</strong></span> <span class='ocrx_word' id='word_1_622' title='bbox 1451 1931 1554 1966; x_wconf 86' lang='lat' dir='ltr'><strong>repleta</strong></span> <span class='ocrx_word' id='word_1_623' title='bbox 1563 1930 1664 1966; x_wconf 73' lang='lat' dir='ltr'><strong>gaudio</strong></span> <span class='ocrx_word' id='word_1_624' title='bbox 1679 1931 1761 1957; x_wconf 86' lang='lat' dir='ltr'><strong>bene-</strong></span> 
     </span>
    </p>
   </div>
   <div class='ocr_carea' id='block_1_104' title="bbox 968 1976 1763 2012">
    <p class='ocr_par' dir='ltr' id='par_1_104' title="bbox 968 1976 1763 2012">
     <span class='ocr_line' id='line_1_104' title="bbox 968 1976 1763 2012; baseline -0.003 -7"><span class='ocrx_word' id='word_1_625' title='bbox 968 1978 1062 2006; x_wconf 83' lang='lat' dir='ltr'><strong>dixiin</strong></span> <span class='ocrx_word' id='word_1_626' title='bbox 1078 1978 1246 2012; x_wconf 60' lang='lat' dir='ltr'><strong>saclumque</strong></span> <span class='ocrx_word' id='word_1_627' title='bbox 1261 1985 1311 2012; x_wconf 89' lang='lat' dir='ltr'><strong>per</strong></span> <span class='ocrx_word' id='word_1_628' title='bbox 1326 1984 1407 2005; x_wconf 89' lang='lat' dir='ltr'><strong>omne</strong></span> <span class='ocrx_word' id='word_1_629' title='bbox 1430 1977 1574 2005; x_wconf 86' lang='lat' dir='ltr'><strong>henedices</strong></span> <span class='ocrx_word' id='word_1_630' title='bbox 1593 1976 1713 2005; x_wconf 88' lang='lat' dir='ltr'><strong>divinam</strong></span> <span class='ocrx_word' id='word_1_631' title='bbox 1728 1976 1763 2004; x_wconf 79' lang='grc' dir='ltr'>ιι-</span> 
     </span>
    </p>
   </div>
   <div class='ocr_carea' id='block_1_105' title="bbox 969 2022 1196 2058">
    <p class='ocr_par' dir='ltr' id='par_1_105' title="bbox 969 2022 1196 2058">
     <span class='ocr_line' id='line_1_105' title="bbox 969 2022 1196 2058; baseline -0.004 -8"><span class='ocrx_word' id='word_1_632' title='bbox 969 2023 1024 2052; x_wconf 85' lang='lat' dir='ltr'><strong>lius</strong></span> <span class='ocrx_word' id='word_1_633' title='bbox 1035 2022 1196 2058; x_wconf 84' lang='lat' dir='ltr'><strong>potentiam.</strong></span> 
     </span>
    </p>
   </div>
   <div class='ocr_carea' id='block_1_106' title="bbox 1212 2068 1503 2104">
    <p class='ocr_par' dir='ltr' id='par_1_106' title="bbox 1212 2068 1503 2104">
     <span class='ocr_line' id='line_1_106' title="bbox 1212 2068 1503 2104; baseline 0.007 -9"><span class='ocrx_word' id='word_1_634' title='bbox 1212 2068 1305 2096; x_wconf 75' lang='lat' dir='ltr'><strong>Omnis</strong></span> <span class='ocrx_word' id='word_1_635' title='bbox 1318 2069 1392 2104; x_wconf 68' lang='lat' dir='ltr'><strong>ﬁlius</strong></span> <span class='ocrx_word' id='word_1_636' title='bbox 1409 2073 1503 2098; x_wconf 70' lang='lat' dir='ltr'><strong>term.</strong></span> 
     </span>
    </p>
   </div>
   <div class='ocr_carea' id='block_1_107' title="bbox 1005 2113 1762 2156">
    <p class='ocr_par' dir='ltr' id='par_1_107' title="bbox 1005 2113 1762 2156">
     <span class='ocr_line' id='line_1_107' title="bbox 1005 2113 1762 2156; baseline -0.004 -12"><span class='ocrx_word' id='word_1_637' title='bbox 1005 2115 1166 2144; x_wconf 78' lang='lat' dir='ltr'><strong>Voluntarie</strong></span> <span class='ocrx_word' id='word_1_638' title='bbox 1192 2123 1277 2150; x_wconf 85' lang='lat' dir='ltr'><strong>super</strong></span> <span class='ocrx_word' id='word_1_639' title='bbox 1305 2123 1418 2143; x_wconf 86' lang='lat' dir='ltr'><strong>crucem</strong></span> <span class='ocrx_word' id='word_1_640' title='bbox 1448 2120 1569 2148; x_wconf 81' lang='lat' dir='ltr'><strong>erectus,</strong></span> <span class='ocrx_word' id='word_1_641' title='bbox 1595 2113 1762 2156; x_wconf 75' lang='lat' dir='ltr'><strong>loiiganimls</strong></span> 
     </span>
    </p>
   </div>
   <div class='ocr_carea' id='block_1_108' title="bbox 973 2160 1763 2196">
    <p class='ocr_par' dir='ltr' id='par_1_108' title="bbox 973 2160 1763 2196">
     <span class='ocr_line' id='line_1_108' title="bbox 973 2160 1763 2196; baseline -0.005 -6"><span class='ocrx_word' id='word_1_642' title='bbox 973 2162 1056 2196; x_wconf 90' lang='lat' dir='ltr'><strong>Deus,</strong></span> <span class='ocrx_word' id='word_1_643' title='bbox 1077 2161 1197 2190; x_wconf 82' lang='lat' dir='ltr'><strong>eduxisti</strong></span> <span class='ocrx_word' id='word_1_644' title='bbox 1212 2162 1351 2190; x_wconf 89' lang='lat' dir='ltr'><strong>hominem</strong></span> <span class='ocrx_word' id='word_1_645' title='bbox 1369 2162 1403 2189; x_wconf 91' lang='lat' dir='ltr'><strong>de</strong></span> <span class='ocrx_word' id='word_1_646' title='bbox 1428 2161 1579 2189; x_wconf 82' lang='lat' dir='ltr'><strong>tenebroso</strong></span> <span class='ocrx_word' id='word_1_647' title='bbox 1602 2160 1763 2196; x_wconf 82' lang='lat' dir='ltr'><strong>perditionis</strong></span> 
     </span>
    </p>
   </div>
   <div class='ocr_carea' id='block_1_109' title="bbox 967 2253 1765 2290">
    <p class='ocr_par' dir='ltr' id='par_1_109' title="bbox 967 2253 1765 2290">
     <span class='ocr_line' id='line_1_109' title="bbox 967 2253 1765 2290; baseline -0.005 -7"><span class='ocrx_word' id='word_1_648' title='bbox 967 2259 1019 2288; x_wconf 86' lang='lat' dir='ltr'><strong>ste,</strong></span> <span class='ocrx_word' id='word_1_649' title='bbox 1032 2255 1078 2290; x_wconf 90' lang='lat' dir='ltr'><strong>qui</strong></span> <span class='ocrx_word' id='word_1_650' title='bbox 1095 2262 1125 2283; x_wconf 88' lang='lat' dir='ltr'><strong>es</strong></span> <span class='ocrx_word' id='word_1_651' title='bbox 1144 2254 1210 2287; x_wconf 86' lang='lat' dir='ltr'><strong>vita,</strong></span> <span class='ocrx_word' id='word_1_652' title='bbox 1243 2254 1449 2282; x_wconf 86' lang='lat' dir='ltr'><strong>resurrectione</strong></span> <span class='ocrx_word' id='word_1_653' title='bbox 1466 2257 1512 2280; x_wconf 84' lang='lat' dir='ltr'><strong>tua</strong></span> <span class='ocrx_word' id='word_1_654' title='bbox 1530 2253 1648 2288; x_wconf 72' lang='lat' dir='ltr'><strong>gloriOsa</strong></span> <span class='ocrx_word' id='word_1_655' title='bbox 1668 2259 1765 2279; x_wconf 83' lang='lat' dir='ltr'><strong>omnes</strong></span> 
     </span>
    </p>
   </div>
   <div class='ocr_carea' id='block_1_110' title="bbox 967 2299 1501 2335">
    <p class='ocr_par' dir='ltr' id='par_1_110' title="bbox 967 2299 1501 2335">
     <span class='ocr_line' id='line_1_110' title="bbox 967 2299 1501 2335; baseline -0.004 -7"><span class='ocrx_word' id='word_1_656' title='bbox 967 2300 1109 2328; x_wconf 84' lang='lat' dir='ltr'><strong>suscitasti</strong></span> <span class='ocrx_word' id='word_1_657' title='bbox 1126 2300 1296 2328; x_wconf 86' lang='lat' dir='ltr'><strong>dormientes</strong></span> <span class='ocrx_word' id='word_1_658' title='bbox 1312 2299 1339 2327; x_wconf 90' lang='lat' dir='ltr'><strong>in</strong></span> <span class='ocrx_word' id='word_1_659' title='bbox 1355 2300 1501 2335; x_wconf 84' lang='lat' dir='ltr'><strong>sepulcris.</strong></span> 
     </span>
    </p>
   </div>
   <div class='ocr_carea' id='block_1_111' title="bbox 1003 2345 1763 2381">
    <p class='ocr_par' dir='ltr' id='par_1_111' title="bbox 1003 2345 1763 2381">
     <span class='ocr_line' id='line_1_111' title="bbox 1003 2345 1763 2381; baseline -0.001 -8"><span class='ocrx_word' id='word_1_660' title='bbox 1003 2345 1077 2379; x_wconf 88' lang='lat' dir='ltr'><strong>Tibi,</strong></span> <span class='ocrx_word' id='word_1_661' title='bbox 1089 2353 1104 2373; x_wconf 82' lang='lat' dir='ltr'><strong>a</strong></span> <span class='ocrx_word' id='word_1_662' title='bbox 1114 2353 1170 2381; x_wconf 90' lang='lat' dir='ltr'><strong>quo</strong></span> <span class='ocrx_word' id='word_1_663' title='bbox 1182 2346 1263 2374; x_wconf 88' lang='lat' dir='ltr'><strong>nobis</strong></span> <span class='ocrx_word' id='word_1_664' title='bbox 1275 2346 1340 2378; x_wconf 86' lang='lat' dir='ltr'><strong>vita,</strong></span> <span class='ocrx_word' id='word_1_665' title='bbox 1351 2350 1477 2373; x_wconf 89' lang='lat' dir='ltr'><strong>aromata</strong></span> <span class='ocrx_word' id='word_1_666' title='bbox 1495 2345 1547 2372; x_wconf 78' lang='lat' dir='ltr'><strong>fert</strong></span> <span class='ocrx_word' id='word_1_667' title='bbox 1561 2345 1594 2372; x_wconf 90' lang='lat' dir='ltr'><strong>ad</strong></span> <span class='ocrx_word' id='word_1_668' title='bbox 1607 2346 1763 2379; x_wconf 76' lang='lat' dir='ltr'><strong>ungendum</strong></span> 
     </span>
    </p>
   </div>
   <div class='ocr_carea' id='block_1_112' title="bbox 968 2389 1765 2425">
    <p class='ocr_par' dir='ltr' id='par_1_112' title="bbox 968 2389 1765 2425">
     <span class='ocr_line' id='line_1_112' title="bbox 968 2389 1765 2425; baseline -0.003 -8"><span class='ocrx_word' id='word_1_669' title='bbox 968 2390 1117 2418; x_wconf 89' lang='lat' dir='ltr'><strong>mulierum</strong></span> <span class='ocrx_word' id='word_1_670' title='bbox 1148 2390 1264 2423; x_wconf 91' lang='lat' dir='ltr'><strong>chorus,</strong></span> <span class='ocrx_word' id='word_1_671' title='bbox 1286 2390 1525 2425; x_wconf 87' lang='lat' dir='ltr'><strong>consideransque</strong></span> <span class='ocrx_word' id='word_1_672' title='bbox 1555 2389 1619 2424; x_wconf 81' lang='lat' dir='ltr'><strong>quia</strong></span> <span class='ocrx_word' id='word_1_673' title='bbox 1642 2396 1765 2416; x_wconf 86' lang='lat' dir='ltr'><strong>resurre-</strong></span> 
     </span>
    </p>
   </div>
   <div class='ocr_carea' id='block_1_113' title="bbox 967 2434 1766 2471">
    <p class='ocr_par' dir='ltr' id='par_1_113' title="bbox 967 2434 1766 2471">
     <span class='ocr_line' id='line_1_113' title="bbox 967 2434 1766 2471; baseline -0.001 -8"><span class='ocrx_word' id='word_1_674' title='bbox 967 2443 1059 2468; x_wconf 76' lang='lat' dir='ltr'><strong>xeras,</strong></span> <span class='ocrx_word' id='word_1_675' title='bbox 1079 2436 1214 2463; x_wconf 85' lang='lat' dir='ltr'><strong>nuntiavit</strong></span> <span class='ocrx_word' id='word_1_676' title='bbox 1231 2436 1374 2471; x_wconf 87' lang='lat' dir='ltr'><strong>discipulis</strong></span> <span class='ocrx_word' id='word_1_677' title='bbox 1390 2436 1417 2462; x_wconf 94' lang='lat' dir='ltr'><strong>in</strong></span> <span class='ocrx_word' id='word_1_678' title='bbox 1438 2443 1521 2462; x_wconf 90' lang='lat' dir='ltr'><strong>unum</strong></span> <span class='ocrx_word' id='word_1_679' title='bbox 1544 2434 1717 2470; x_wconf 76' lang='lat' dir='ltr'><strong>congregatis</strong></span> <span class='ocrx_word' id='word_1_680' title='bbox 1738 2440 1766 2462; x_wconf 85' lang='lat' dir='ltr'><strong>et</strong></span> 
     </span>
    </p>
   </div>
   <div class='ocr_carea' id='block_1_114' title="bbox 968 2479 1765 2516">
    <p class='ocr_par' dir='ltr' id='par_1_114' title="bbox 968 2479 1765 2516">
     <span class='ocr_line' id='line_1_114' title="bbox 968 2479 1765 2516; baseline 0.001 -10"><span class='ocrx_word' id='word_1_681' title='bbox 968 2480 1113 2513; x_wconf 84' lang='lat' dir='ltr'><strong>desolatis,</strong></span> <span class='ocrx_word' id='word_1_682' title='bbox 1128 2480 1202 2516; x_wconf 88' lang='lat' dir='ltr'><strong>quod</strong></span> <span class='ocrx_word' id='word_1_683' title='bbox 1215 2480 1360 2508; x_wconf 81' lang='lat' dir='ltr'><strong>audientes</strong></span> <span class='ocrx_word' id='word_1_684' title='bbox 1377 2479 1525 2507; x_wconf 89' lang='lat' dir='ltr'><strong>illuminati</strong></span> <span class='ocrx_word' id='word_1_685' title='bbox 1541 2484 1607 2508; x_wconf 87' lang='lat' dir='ltr'><strong>sunt</strong></span> <span class='ocrx_word' id='word_1_686' title='bbox 1619 2487 1651 2506; x_wconf 82' lang='lat' dir='ltr'><strong>ac</strong></span> <span class='ocrx_word' id='word_1_687' title='bbox 1668 2480 1765 2515; x_wconf 83' lang='lat' dir='ltr'><strong>repleti</strong></span> 
     </span>
    </p>
   </div>
   <div class='ocr_carea' id='block_1_115' title="bbox 969 2524 1080 2561">
    <p class='ocr_par' dir='ltr' id='par_1_115' title="bbox 969 2524 1080 2561">
     <span class='ocr_line' id='line_1_115' title="bbox 969 2524 1080 2561; baseline 0.009 -10"><span class='ocrx_word' id='word_1_688' title='bbox 969 2524 1080 2561; x_wconf 75' lang='lat' dir='ltr'><strong>gaudio.</strong></span> 
     </span>
    </p>
   </div>
   <div class='ocr_carea' id='block_1_116' title="bbox 1004 2571 1763 2602">
    <p class='ocr_par' dir='ltr' id='par_1_116' title="bbox 1004 2571 1763 2602">
     <span class='ocr_line' id='line_1_116' title="bbox 1004 2571 1763 2602; baseline -0.001 -3"><span class='ocrx_word' id='word_1_689' title='bbox 1004 2572 1114 2599; x_wconf 84' lang='lat' dir='ltr'><strong>Christe</strong></span> <span class='ocrx_word' id='word_1_690' title='bbox 1131 2571 1173 2599; x_wconf 91' lang='lat' dir='ltr'><strong>sol</strong></span> <span class='ocrx_word' id='word_1_691' title='bbox 1189 2578 1340 2602; x_wconf 88' lang='lat' dir='ltr'><strong>vere,cum</strong></span> <span class='ocrx_word' id='word_1_692' title='bbox 1365 2571 1393 2598; x_wconf 91' lang='lat' dir='ltr'><strong>in</strong></span> <span class='ocrx_word' id='word_1_693' title='bbox 1419 2571 1558 2598; x_wconf 80' lang='lat' dir='ltr'><strong>infernum</strong></span> <span class='ocrx_word' id='word_1_694' title='bbox 1581 2579 1644 2600; x_wconf 87' lang='lat' dir='ltr'><strong>cum</strong></span> <span class='ocrx_word' id='word_1_695' title='bbox 1673 2571 1763 2598; x_wconf 86' lang='lat' dir='ltr'><strong>anima</strong></span> 
     </span>
    </p>
   </div>
   <div class='ocr_carea' id='block_1_117' title="bbox 970 2615 1766 2652">
    <p class='ocr_par' dir='ltr' id='par_1_117' title="bbox 970 2615 1766 2652">
     <span class='ocr_line' id='line_1_117' title="bbox 970 2615 1766 2652; baseline -0.001 -8"><span class='ocrx_word' id='word_1_696' title='bbox 970 2617 1143 2652; x_wconf 86' lang='lat' dir='ltr'><strong>pervenisses</strong></span> <span class='ocrx_word' id='word_1_697' title='bbox 1158 2621 1187 2644; x_wconf 90' lang='lat' dir='ltr'><strong>ut</strong></span> <span class='ocrx_word' id='word_1_698' title='bbox 1207 2615 1290 2650; x_wconf 83' lang='lat' dir='ltr'><strong>Deus,</strong></span> <span class='ocrx_word' id='word_1_699' title='bbox 1305 2616 1366 2644; x_wconf 90' lang='lat' dir='ltr'><strong>luce</strong></span> <span class='ocrx_word' id='word_1_700' title='bbox 1388 2621 1433 2644; x_wconf 90' lang='lat' dir='ltr'><strong>tua</strong></span> <span class='ocrx_word' id='word_1_701' title='bbox 1449 2617 1610 2645; x_wconf 84' lang='lat' dir='ltr'><strong>illuminasti</strong></span> <span class='ocrx_word' id='word_1_702' title='bbox 1627 2617 1766 2644; x_wconf 89' lang='lat' dir='ltr'><strong>dormien-</strong></span> 
     </span>
    </p>
   </div>
   <div class='ocr_carea' id='block_1_118' title="bbox 972 2662 1754 2698">
    <p class='ocr_par' dir='ltr' id='par_1_118' title="bbox 972 2662 1754 2698">
     <span class='ocr_line' id='line_1_118' title="bbox 972 2662 1754 2698; baseline -0.003 -8"><span class='ocrx_word' id='word_1_703' title='bbox 972 2668 1015 2690; x_wconf 89' lang='lat' dir='ltr'><strong>tes</strong></span> <span class='ocrx_word' id='word_1_704' title='bbox 1036 2662 1079 2690; x_wconf 91' lang='lat' dir='ltr'><strong>hic</strong></span> <span class='ocrx_word' id='word_1_705' title='bbox 1108 2663 1232 2698; x_wconf 88' lang='lat' dir='ltr'><strong>captivos</strong></span> <span class='ocrx_word' id='word_1_706' title='bbox 1247 2670 1262 2688; x_wconf 89' lang='lat' dir='ltr'><strong>a</strong></span> <span class='ocrx_word' id='word_1_707' title='bbox 1275 2662 1426 2696; x_wconf 68' lang='lat' dir='ltr'><strong>saeculis,et</strong></span> <span class='ocrx_word' id='word_1_708' title='bbox 1447 2666 1543 2690; x_wconf 85' lang='lat' dir='ltr'><strong>sancta</strong></span> <span class='ocrx_word' id='word_1_709' title='bbox 1569 2668 1614 2689; x_wconf 88' lang='lat' dir='ltr'><strong>tua</strong></span> <span class='ocrx_word' id='word_1_710' title='bbox 1640 2668 1754 2690; x_wconf 84' lang='lat' dir='ltr'><strong>resurre-</strong></span> 
     </span>
    </p>
   </div>
   <div class='ocr_carea' id='block_1_119' title="bbox 970 2706 1749 2737">
    <p class='ocr_par' dir='ltr' id='par_1_119' title="bbox 970 2706 1749 2737">
     <span class='ocr_line' id='line_1_119' title="bbox 970 2706 1749 2737; baseline -0.004 -1"><span class='ocrx_word' id='word_1_711' title='bbox 970 2709 1061 2736; x_wconf 81' lang='lat' dir='ltr'><strong>ctione</strong></span> <span class='ocrx_word' id='word_1_712' title='bbox 1076 2709 1126 2736; x_wconf 86' lang='lat' dir='ltr'><strong>hos</strong></span> <span class='ocrx_word' id='word_1_713' title='bbox 1144 2708 1284 2737; x_wconf 79' lang='lat' dir='ltr'><strong>suscitasti</strong></span> <span class='ocrx_word' id='word_1_714' title='bbox 1298 2713 1387 2736; x_wconf 90' lang='lat' dir='ltr'><strong>tecum</strong></span> <span class='ocrx_word' id='word_1_715' title='bbox 1408 2712 1482 2735; x_wconf 85' lang='lat' dir='ltr'><strong>tuam</strong></span> <span class='ocrx_word' id='word_1_716' title='bbox 1493 2708 1682 2736; x_wconf 76' lang='lat' dir='ltr'><strong>collaudantes</strong></span> <span class='ocrx_word' id='word_1_717' title='bbox 1714 2706 1749 2734; x_wconf 92' lang='lat' dir='ltr'><strong>mi</strong></span> 
     </span>
    </p>
   </div>
   <div class='ocr_carea' id='block_1_120' title="bbox 971 2756 1212 2790">
    <p class='ocr_par' dir='ltr' id='par_1_120' title="bbox 971 2756 1212 2790">
     <span class='ocr_line' id='line_1_120' title="bbox 971 2756 1212 2790; baseline 0.004 -8"><span class='ocrx_word' id='word_1_718' title='bbox 971 2756 1164 2783; x_wconf 69' lang='lat' dir='ltr'><strong>seriem-diam.</strong></span> <span class='ocrx_word' id='word_1_719' title='bbox 1207 2784 1212 2790; x_wconf 85' lang='lat'><strong><em>_</em></strong></span> 
     </span>
    </p>
   </div>
   <div class='ocr_carea' id='block_1_121' title="bbox 1007 2801 1760 2838">
    <p class='ocr_par' dir='ltr' id='par_1_121' title="bbox 1007 2801 1760 2838">
     <span class='ocr_line' id='line_1_121' title="bbox 1007 2801 1760 2838; baseline -0.003 -9"><span class='ocrx_word' id='word_1_720' title='bbox 1007 2803 1130 2830; x_wconf 83' lang='lat' dir='ltr'><strong>Asscnsu</strong></span> <span class='ocrx_word' id='word_1_721' title='bbox 1142 2806 1189 2829; x_wconf 89' lang='lat' dir='ltr'><strong>tuo</strong></span> <span class='ocrx_word' id='word_1_722' title='bbox 1207 2803 1347 2838; x_wconf 77' lang='lat' dir='ltr'><strong>peperisti,</strong></span> <span class='ocrx_word' id='word_1_723' title='bbox 1365 2802 1457 2837; x_wconf 77' lang='lat' dir='ltr'><strong>Virgo,</strong></span> <span class='ocrx_word' id='word_1_724' title='bbox 1472 2801 1562 2830; x_wconf 86' lang='lat' dir='ltr'><strong>omnia</strong></span> <span class='ocrx_word' id='word_1_725' title='bbox 1580 2801 1760 2829; x_wconf 80' lang='lat' dir='ltr'><strong>sustinentem</strong></span> 
     </span>
    </p>
   </div>
   <div class='ocr_carea' id='block_1_122' title="bbox 972 2849 1762 2885">
    <p class='ocr_par' dir='ltr' id='par_1_122' title="bbox 972 2849 1762 2885">
     <span class='ocr_line' id='line_1_122' title="bbox 972 2849 1762 2885; baseline -0.001 -8"><span class='ocrx_word' id='word_1_726' title='bbox 972 2849 1070 2885; x_wconf 84' lang='lat' dir='ltr'><strong>Deum,</strong></span> <span class='ocrx_word' id='word_1_727' title='bbox 1083 2850 1271 2879; x_wconf 84' lang='lat' dir='ltr'><strong>misericordia</strong></span> <span class='ocrx_word' id='word_1_728' title='bbox 1282 2858 1331 2879; x_wconf 86' lang='lat' dir='ltr'><strong>sua</strong></span> <span class='ocrx_word' id='word_1_729' title='bbox 1346 2850 1483 2879; x_wconf 88' lang='lat' dir='ltr'><strong>hominem</strong></span> <span class='ocrx_word' id='word_1_730' title='bbox 1500 2849 1602 2878; x_wconf 73' lang='lat' dir='ltr'><strong>factum</strong></span> <span class='ocrx_word' id='word_1_731' title='bbox 1615 2849 1762 2885; x_wconf 84' lang='lat' dir='ltr'><strong>deprecare</strong></span> 
     </span>
    </p>
   </div>
  </div>
