1905 3078
53 134 111 166 3ψὶ9

767 132 971 163 TRIODIUM.

1608 136 1680 169 3970

77 191 190 219 Συνοῦσι
215 192 271 223 τοῖς
300 191 381 223 θείοις
411 191 546 226 μαθηταῖς
574 192 591 225 ἡ
621 189 760 224 Πάναγνος
785 191 833 218 καὶ

921 188 1069 225 Diseipulis
1089 189 1183 216 aderat
1207 189 1383 217 sanctissima
1407 187 1512 224 Virgo,
1534 194 1561 217 et
1585 191 1683 218 videns

48 241 126 275 ὁρῶσα
152 239 181 265 ὃν
196 238 326 272 ἐγέννησε
342 237 427 272 γῆθεν
456 237 608 272 ὑψούμενον
624 237 704 263 ἐϐόα·
722 237 835 272 Ἀνέρχῃ

50 286 106 322 πρὸς
119 285 228 321 Πατέρα
248 284 429 319 συνάναρχον,
440 283 490 318 τῆς
509 283 589 318 δόξης
615 291 662 309 σου
687 282 836 318 πληρώσας

49 332 76 359 τὰ
86 332 238 368 σύμπαντα,
260 330 440 363 δεδοξασμένε
460 329 524 364 μόνε
538 330 635 364 Κύριε.

171 377 230 411 Τὴν
244 376 352 410 δέησιν
364 376 459 410 ἐκχεῶ
475 375 552 409 πρὸς
573 376 693 409 Κύριον.

76 423 224 460 Πληρώσας
241 422 275 449 τὰ
301 422 350 448 ἐπὶ
366 423 417 457 γῆς
431 422 481 457 τῆς
504 421 583 456 δόξης
597 429 656 452 σου,
681 421 837 457 ἀνελήφϐης

50 471 109 506 μετὰ
122 469 199 505 δόξης
228 469 381 504 ἀφράστοιο,
399 468 447 496 καὶ
476 467 514 502 τῷ
533 467 639 503 Πατρί⁹
655 468 836 504 προσηγάγου

49 516 88 551 τὴν
102 516 190 551 σάρκα
207 515 240 550 ἢν
256 514 286 547 ἐξ
298 514 376 549 ἡμῶν
391 513 436 540 διὰ
456 513 600 548 σπλάγχνα
627 513 770 548 ἐφόρεσας,
789 513 837 540 καὶ

49 562 163 597 ὕμνησαν
177 560 301 596 οὐρανῶν
313 560 340 587 αι
355 559 486 594 δυνάμεις
497 567 538 591 σε,
553 560 617 595 μόνε
634 560 818 595 φιλάνορωπε.

78 651 239 687 Ἐπάρϐητε,
255 650 412 685 ἐπουράνιοι
428 649 521 683 πύλαι,
539 649 587 676 καὶ
598 649 753 681 εἰσδέξοσοε
770 649 836 676 Θεὸν

50 699 219 734 σαρκοψόρον,
234 698 263 724 αἱ
282 697 375 732 νοεραὶ
390 697 512 724 ἀνεϐόων
527 696 658 732 δυνάμεις
671 698 730 728 ταῖς
754 697 837 724 πυθο-

50 745 144 779 μέναις,
161 743 208 775 Τίς
234 739 313 774 οὗτος
326 743 359 770 ὒν
370 742 479 776 λέγετε;
496 743 542 770 καὶ
563 744 666 770 αῐνεσιν
681 743 718 775 ὡς
734 743 835 780 Ποιητῇ

48 789 94 815 τῶν
106 788 235 815 ἁπάντων
248 787 399 819 ἀπαύστως
415 787 580 823 προσάξατε.

78 835 130 869 Τὴν
155 834 248 862 ἄνοδον
264 835 314 870 τὴν
338 834 455 870 φρικτὴν
484 834 616 869 θεώμενοι
641 835 666 860 οἱ
682 833 730 860 τοῦ
746 834 834 868 Λόγου

50 881 161 916 μαθηταὶ
175 880 311 908 ἁνεόόωνυ
329 880 442 915 Πέμψον
473 881 540 915 ἡμῖν
557 882 587 906 τδ
601 881 733 914 πανάγιον
748 880 833 906 Πνεῦ-
850 872 870 901 Β

50 936 93 962 μα,
109 928 155 953 καὶ
167 927 302 962 ὀρφανοὺς
321 926 359 961 μὴ
377 926 460 961 ἐάσῃς
476 926 539 957 τοὺς
564 925 678 957 δούλους
693 934 739 952 σου
759 926 840 960 γινώ-

49 973 155 1003 σκοντάς
184 981 212 998 σε
241 971 328 1006 ἁληθῆ
352 971 401 997 καὶ
422 971 492 997 Θεὸν
516 971 564 997 καὶ
592 970 697 1006 βροτὸν,
715 971 839 1006 ἀναμάρ-

48 1026 116 1053 τητε.

80 1063 212 1094 Ἐθέωσας
222 1062 276 1088 τῶν
296 1061 401 1098 βροτῶν
418 1061 467 1098 τὴν
485 1061 589 1093 οὐσίαν,
603 1061 768 1097 ἁπορῤήτως
777 1071 839 1096 γεν-

48 1110 133 1144 νηθεὶς
151 1110 182 1135 ἐκ
192 1108 343 1144 Παρθένου,
357 1108 371 1134 6
384 1108 431 1135 τοῦ
448 1109 557 1144 Πατρδς
577 1108 719 1143 όμοούσιος
741 1109 838 1142 Λόγος,

49 1157 90 1183 καὶ
105 1155 258 1191 emerget];
274 1156 303 1182 ὲν
318 1155 382 1192 δόξῃ
395 1155 568 1190 δωρούμενος
587 1155 699 1190 εἰρήνην
723 1154 770 1181 σοῦ
782 1155 839 1186 τοῖς

50 1201 190 1237 μαθηταῖς,
205 1201 252 1228 καὶ
263 1200 301 1235 τῷ
311 1201 408 1236 κόσμῳ
423 1200 453 1227 τὸ
467 1200 595 1227 πλούσιον
608 1199 694 1232 ἔλεος.

213 1247 320 1280 Παῖδες
338 1247 482 1281 Ἑϐραίων
496 1247 531 1274 ἐν
544 1248 667 1282 καμίνῳ.

80 1295 168 1327 ΙΙάοος
184 1294 231 1321 καὶ
249 1294 365 1321 θάνατον
380 1293 511 1328 ὑπέστης,
527 1293 573 1319 καὶ
589 1293 738 1329 τριήμερος
750 1292 789 1324 ὡς
802 1289 841 1319 εῖ-

49 1351 101 1373 tu;
123 1339 284 1376 ὲξηγέρθης,
301 1339 349 1366 καὶ
379 1338 448 1373 πρὸς
474 1339 536 1371 τοὺς
561 1338 692 1374 οὐρανοὺς
715 1338 839 1374 ἀνῆλθες,

54 1387 244 1423 μελῳδούντων
259 1385 313 1412 τῶν
327 1384 457 1420 μαθητῶν
471 1393 530 1418 σου,
541 1383 626 1420 Κύριε
639 1385 653 1410 ό
672 1384 748 1417 Θεὸς,
763 1384 840 1410 εὐλο-

48 1443 81 1469 γη
87 1434 128 1465 τὸς
137 1431 175 1460 εἷ.
245 1438 248 1440 ’

81 1479 194 1514 Πνεῦμα
212 1479 280 1514 ἡμῖν
292 1478 330 1510 ὡς
342 1477 498 1513 ἐπηγγειλω
517 1477 547 1504 τὸ
565 1477 698 1511 πανάγιον
712 1477 840 1503 ἀπόστει-

888 240 1078 271 assurgentem
1091 235 1125 262 de
1143 241 1215 263 terra
1233 242 1315 271 quem
1332 239 1476 270 genuerat,
1490 236 1681 264 exclamabat:

886 282 928 309 Ad
948 281 1056 309 Patrem
1085 285 1226 309 revertens
1253 286 1409 309 cowternus
1434 281 1495 313 illi.
1527 282 1680 317 iuipleriSti

834 354 837 358 ,
887 328 1018 355 mundum
1036 327 1122 362 gloria
1135 331 1198 357 tua;
1220 326 1269 354 tibi
1287 327 1338 355 soli
1352 327 1436 354 decus
1456 331 1483 354 et
1498 328 1590 355 honor.

1046 373 1196 407 Deprecare
1210 381 1258 408 pro
1277 374 1352 400 nobis
1370 373 1523 401 Dominum.

924 418 1008 447 Terra
1030 427 1077 454 per
1094 422 1121 446 te
1141 419 1245 454 repleta
1267 419 1365 454 gloria,
1384 427 1446 446 cum
1472 419 1606 448 ineﬂ‘abili
1624 428 1682 447 nia-

887 465 986 500 jestate
1007 465 1034 492 in
1061 465 1160 492 malum
1188 473 1218 492 es
1240 470 1375 498 evectus,
1401 465 1493 493 ferens
1514 466 1547 493 ad
1571 467 1681 494 Patrem

888 520 970 546 quam
996 511 1030 540 de
1053 512 1133 539 nobis
1154 511 1375 539 misericorditer
1394 519 1586 547 assumpscras
1605 519 1684 540 natu-

889 561 992 588 ram,et
1002 561 1088 590 tuam,
1104 564 1121 584 ο
1136 557 1213 584 solus
1225 557 1358 591 clemens,
1375 557 1560 585 laudavcruut
1575 559 1684 586 miseri-

887 604 1008 630 cordiam
1021 603 1152 638 angelica?
1166 607 1327 638 potestates.

924 649 1087 684 Aperimini,
1101 654 1185 685 portae
1196 650 1336 682 caelestes,
1353 653 1379 677 et
1390 649 1453 677 date
1466 650 1610 678 introitum
1629 652 1683 679 Deo

889 695 1036 723 iucarnato
1057 704 1063 722 :
1083 695 1170 728 Quem
1189 696 1293 727 dicitis,
1306 696 1497 724 clamaverunt
1517 698 1683 732 postulanti-

888 742 940 769 bus
954 741 1083 776 angelicae
1097 742 1268 774 Potestates;
1284 746 1311 768 at
1331 742 1403 769 illae:
1422 741 1614 771 indesinenter
1627 744 1685 771 lau—

888 787 950 815 dem
970 787 1055 814 dicite
1068 787 1132 814 huic
1151 795 1199 822 per
1219 795 1300 822 quem
1324 788 1417 814 omnia
1435 788 1507 815 facta
1524 794 1599 816 sunt.

922 832 1054 861 Videntes
1068 833 1232 868 stupendam
1246 832 1326 860 Verbi
1344 834 1533 862 ascensionem
1552 835 1612 870 ejus
1629 836 1685 864 dis-

888 879 972 914 cipuli
987 880 1179 906 clamaverunt
1193 879 1285 907 :Mitte
1299 879 1379 907 nobis
1391 879 1525 916 Spiritum
1541 887 1681 914 sanctuin,

889 930 917 953 et
932 933 966 952 ne
983 933 1035 952 nos
1057 925 1234 958 oerelinquas
1253 926 1392 960 orplianos
1406 933 1501 953 servos
1522 930 1585 954 tuos
1601 927 1686 954 conli-

889 975 978 999 tentes
990 976 1026 1004 te,
1043 972 1228 1004 sanctissime,
1249 979 1311 999 vere
1322 971 1407 999 Deum
1425 977 1451 999 et
1461 971 1610 1000 hominem.

923 1062 944 1088 Ο
960 1061 1080 1089 Verbum
1098 1061 1187 1089 simile
1205 1060 1280 1088 Patri
1295 1063 1322 1089 el.
1339 1060 1517 1090 inenabiliter
1532 1067 1627 1089 natum
1650 1063 1684 1090 de

889 1106 1014 1143 Virgine,
1026 1107 1169 1135 hominum
1180 1111 1306 1134 naturam
1315 1106 1464 1138 deilicasti.
1475 1111 1502 1134 et
1511 1113 1683 1143 assumptum

890 1155 917 1183 in
932 1155 1018 1192 gloria
1038 1162 1132 1190 pacem
1155 1154 1257 1182 dedisti
1276 1154 1422 1190 discipulis
1442 1154 1496 1183 tuis
1512 1159 1540 1183 et
1559 1159 1586 1183 te
1606 1156 1686 1184 valde

890 1202 1048 1230 misericors
1067 1200 1219 1236 prmslitisti
1232 1208 1296 1235 erga
1312 1200 1456 1228 mundum.

1059 1248 1139 1274 Pueri
1157 1246 1332 1274 Hebraeorum
1350 1246 1376 1273 in
1398 1246 1517 1281 fornace.

926 1293 1074 1322 Tormenta
1100 1298 1274 1329 mortemque
1294 1301 1394 1329 passus
1420 1301 1459 1328 es,
1491 1298 1518 1322 et
1537 1294 1619 1322 tertia
1642 1294 1686 1322 die

891 1340 960 1368 sicut
975 1340 1144 1375 praedixeras
1161 1340 1338 1367 resurrexisti
1359 1344 1387 1367 et
1399 1347 1528 1367 reversus
1541 1348 1570 1368 es
1586 1340 1619 1368 ad
1635 1340 1687 1368 Pa-

892 1391 959 1413 trem
973 1386 1000 1413 in
1019 1386 1131 1418 coelum,
1144 1385 1321 1413 cantantibus
1339 1385 1486 1421 discipulis
1503 1394 1509 1413 :
1523 1385 1687 1414 Benedictus

890 1439 931 1464 es,
955 1431 1080 1460 Domine.

928 1477 1028 1506 Emitte
1049 1478 1142 1509 nobis,
1158 1477 1355 1510 omisericors,
1373 1478 1579 1506 sanctissimum
1598 1478 1687 1513 Spiri-

48 1525 103 1557 ὶον,
121 1525 271 1560 οἰκτίρμον,
290 1525 315 1550 οἱ
334 1524 411 1558 σοφοὶ
429 1523 550 1559 μαθηταὶ
572 1523 667 1555 ἐϐόων,
682 1523 712 1549 τὸ
731 1523 837 1558 σοφίζον

915 1532 949 1551 Im
960 1528 1048 1557 tuum,
1057 1524 1197 1559 sapientes
1211 1523 1370 1551 clamabant
1381 1523 1577 1560 discipuli,qui
1590 1525 1688 1553 doceat

47 1572 93 1598 καὶ
105 1571 240 1603 συνετίζον
258 1570 390 1603 ἅπαντας,
403 1570 467 1601 τοὺς
481 1569 571 1596 πίστει
584 1577 614 1595 σε
625 1568 786 1604 ὑμνοῦντας.

83 1659 183 1695 Χεῖρας
195 1659 359 1694 κρατήσατε,
375 1658 409 1685 τὰ
417 1658 492 1693 ἔθνη,
511 1657 662 1691 ἀλαλάξατε
679 1658 738 1694 Θεῷ
752 1658 781 1685 ἐν
795 1659 842 1685 εὐ-

50 1705 184 1741 φροσύνῃ·
204 1703 344 1739 ἀνελήφθη
367 1704 421 1730 ἰδοὺ
437 1704 484 1730 καὶ
504 1704 622 1738 κάθηται
635 1703 664 1730 ὲν
676 1703 737 1740 δόξῃ
755 1705 784 1730 ὲν
800 1705 844 1731 δε-

51 1751 94 1786 ξιᾷ.
113 1751 149 1782 ὡς
163 1749 306 1784 σύνορονος
320 1749 366 1776 τοῦ
382 1749 489 1784 Πατρδς
503 1750 542 1781 εἰς
564 1749 629 1781 ’τοὺς
642 1749 752 1781 αιῶνας.

84 1841 207 1871 Κόλπους
222 1839 365 1874 πατρῴους
381 1838 419 1874 μὴ
432 1837 555 1869 κενώσας
568 1838 596 1864 ιν
606 1839 664 1869 τοῖς
675 1837 786 1869 κόλποις
797 1845 844 1864 σου

49 1888 154 1921 ὀΛόγος
164 1886 303 1920 ἀνεκλίθη,
319 1885 432 1919 ἀλογίας
443 1885 517 1919 ἡμᾶς
533 1884 695 1920 ῥυσάμενος,
709 1884 844 1920 Παρθένε,

49 1934 110 1964 τοὺς
120 1932 318 1968 μελῳδοῦντας,
335 1931 421 1966 Κύριε
430 1932 443 1957 ὸ
457 1931 533 1964 Θεδς,
543 1930 690 1966 εὐλογητὸς
704 1927 739 1957 εἷ.

254 1978 487 2010 Ἐπταπλασιως
507 1976 646 2012 κάμινον.

91 2026 121 2053 '0
135 2025 301 2061 μορφωοςὶς,
323 2024 361 2055 ὠς
375 2024 543 2059 γέγραπται,
559 2023 629 2059 ὑπὲρ
645 2023 707 2050 νοῦν
719 2023 750 2050 τὸ
770 2022 846 2050 ἀλλό-

50 2082 134 2108 τριον,
152 2073 200 2098 καὶ
214 2071 259 2098 διὰ
280 2071 374 2097 παθῶν
389 2071 457 2097 πᾶσι
474 2070 580 2101 πιστοῖς
597 2070 732 2097 ἀπάθειαν
750 2069 847 2104 σαφῶς

49 2118 255 2155 δωρησάμενος,
272 2118 326 2144 ἀπὸ
343 2118 393 2152 τῆς
417 2117 468 2151 γῆς
497 2116 642 2151 ἀνέρχεται
657 2115 704 2142 νῦν
730 2116 848 2150 ἐμφανι-

50 2165 147 2200 σθῆναι
172 2164 220 2191 τοῦ
236 2163 342 2198 [ἰατρὸς
356 2162 395 2198 τῷ
408 2161 557 2198 προσώπῳ,
576 2161 722 2196 Ἀγγέλων,
736 2161 858 2196 Θρόνων,

47 2211 229 2248 Κυριοτήτων
241 2209 324 2237 αὐτὸν
335 2208 546 2243 δοξολογούντων
562 2209 601 2240 εὶς
614 2208 726 2239 πάντας.

84 2310 332 2347 [λευχειμονοῦντες
360 2309 470 2344 ἄγγελοι
500 2309 659 2341 ἀποστόλοις
683 2309 846 2345 ἐπέστησαν,

50 2359 288 2394 ἑπαπορουμένοις
312 2357 350 2392 τῷ
377 2357 462 2392 καινῷ
478 2356 596 2391 θεάματι
609 2357 658 2390 τῆς
675 2358 724 2391 σῆς
748 2356 849 2391 ἀναλή-

50 2406 134 2440 ψεως,
150 2404 288 2438 λέγοντες,
308 2403 403 2437 Ὑμεῖς
416 2402 442 2429 τι
456 2401 626 2434 ἀτενίζοντες
635 2401 722 2433 οὓτως
736 2401 850 2437 Θαμϐεϊ-

52 2453 96 2478 σθε
111 2454 154 2483 εἰς
169 2451 200 2477 τὸ
211 2450 297 2485 ὕψος
320 2450 424 2484 Ἰησοῦς
453 2446 532 2481 οὗτος
543 2449 624 2476 πάλιν
649 2449 800 2482 ἐλεύσεται,
820 2448 849 2475 ὃν

51 2498 151 2533 τρόπον
165 2497 260 2532 ὁρᾶτε,
276 2497 366 2531 κρῖναι
381 2495 494 2529 κόσμον.

86 2585 185 2612 Πάντα
215 2583 374 2619 πληρώσας,
399 2582 496 2618 Κύριε,
527 2583 565 2615 ὡς
585 2583 651 2615 Θεὸς
681 2583 850 2615 ἀδιάστατος,

47 2632 113 2666 πρὸς
128 2632 198 2662 τοὺς
221 2630 353 2665 οὐρανοὺς*
376 2629 445 2665 μετὰ
464 2629 564 2665 σαρκὸς
597 2630 760 2664 ἀνέδραμες,
785 2629 853 2656 καϐ-

53 2677 250 2710 υποταγέντων
271 2684 310 2702 σοι
329 2675 484 2709 ἁγγελικῶν
497 2675 649 2710 δυνάμεων,
661 2676 708 2702 καὶ
720 2683 852 2711 χαρμονι-

55 2725 107 2756 κῶς
120 2725 179 2750 τῶν
196 2722 328 2758 μαθητῶν
339 2722 532 2757 ἀνυμνούντων
548 2722 594 2748 καὶ
611 2721 686 2757 φόϐῳ
703 2721 853 2757 μελῳδούν-

54 2778 106 2797 των
115 2780 121 2785 ·
131 2770 240 2805 Ἰερεῐς,
258 2768 402 2803 εὐλογεῖτε.

85 2823 252 2858 Θεοκυῆτορ
266 2822 399 2856 πάναγνε,
419 2822 468 2857 τῆς
483 2821 572 2856 ψυχῆς
587 2829 638 2855 μου
649 2821 684 2847 τὰ
699 2821 854 2856 τραύματα,

53 2871 98 2897 καὶ
111 2870 166 2905 τῆς
183 2869 321 2905 ἁμαρτιας
343 2869 390 2900 τὰς
404 2869 485 2899 οὐλὰς
506 2867 657 2902 ἑξάλειψον,
673 2869 773 2904 πηγαῖς
789 2868 857 2895 ἀπο-

893 1578 990 1599 omnes
1004 1570 1030 1598 in
1050 1574 1076 1598 te
1090 1570 1234 1598 credentes
1248 1577 1341 1598 veram
1358 1570 1513 1598 doctrinam
1534 1575 1562 1598 et
1576 1566 1687 1605 sapien-

894 1619 972 1646 tiam.

931 1663 1046 1697 Gentes,
1062 1662 1185 1698 plaudite
1194 1660 1333 1694 manibus,
1345 1665 1456 1689 cantate
1471 1662 1525 1689 Deo
1541 1661 1568 1689 in
1583 1662 1686 1690 laetitia.

894 1708 964 1736 Ecce
972 1708 1043 1735 enim
1053 1711 1217 1742 assumptus
1225 1711 1268 1734 est
1284 1705 1414 1740 sedetque
1427 1705 1554 1734 Christus
1567 1707 1687 1742 ingloria

895 1755 927 1781 ad
952 1753 1092 1780 dexteram
1123 1751 1214 1779 Patris
1238 1752 1362 1787 ejusdem
1384 1752 1474 1779 thrOui
1498 1752 1635 1789 particeps
1659 1754 1687 1780 in

894 1803 977 1826 actem
982 1807 997 1825 u
1002 1806 1038 1827 nt.

930 1844 990 1873 Non
1003 1845 1152 1879 reliquerat
1165 1843 1259 1870 sinum
1278 1841 1370 1870 Patris
1393 1844 1559 1872 recumbens
1577 1846 1605 1872 in
1624 1845 1687 1873 sinu

895 1895 942 1918 tuo
957 1890 1077 1918 Verbum
1093 1889 1166 1924 quod
1189 1896 1240 1917 nos
1251 1889 1286 1916 ab
1302 1890 1409 1918 insania
1426 1890 1607 1925 cupiditatum
1626 1891 1690 1919 libe-

897 1937 983 1969 ravit;
997 1935 1057 1963 ideo
1073 1935 1229 1963 clamamus
1245 1935 1432 1963 :Bcnedictus
1443 1944 1484 1968 es.
1504 1943 1520 1963 ο
1545 1936 1629 1964 Deus.

1031 1983 1157 2011 Cominus
1172 1983 1294 2017 septuplo
1311 1983 1451 2010 ardentior
1463 1983 1564 2018 factus.

932 2028 984 2063 Qui
1003 2028 1134 2056 ineffabili
1155 2028 1236 2055 modo
1252 2027 1371 2055 iormam
1392 2033 1422 2056 ut
1443 2029 1575 2063 scriptum
1589 2033 1632 2057 est
1649 2029 1690 2057 ina

897 2075 994 2103 duerat
1007 2082 1060 2102 nan
1080 2082 1170 2107 suam,
1188 2075 1363 2107 nunc,nobis
1374 2082 1422 2109 per
1437 2076 1594 2110 passionem
1610 2083 1688 2103 suam

898 2121 1032 2149 malorum
1050 2120 1209 2156 expertibus
1232 2120 1325 2153 factis,
1345 2120 1435 2155 surgit
1450 2120 1484 2148 de
1507 2124 1589 2154 terra,
1607 2121 1690 2155 glori-

899 2166 1022 2194 ﬁcandus
1047 2171 1110 2193 ante
1137 2165 1234 2193 faciem
1269 2165 1376 2198 Patris,
1402 2166 1462 2201 ejus
1485 2167 1690 2195 celebrantibus

860 2215 886 2245 D
900 2213 1015 2249 gloriam
1031 2220 1079 2247 per
1093 2220 1174 2239 omne
1193 2212 1304 2240 smclum
1319 2211 1451 2246 Thronis,
1469 2212 1581 2248 Angelis
1596 2217 1623 2240 et
1640 2213 1692 2240 Do-

900 2258 1107 2286 minationibus.

937 2303 1019 2332 Veste
1045 2304 1161 2331 candida
1179 2308 1368 2339 apparuerunt
1383 2304 1472 2340 angeli
1495 2304 1628 2339 apostolis
1644 2305 1691 2339 qui

901 2349 964 2375 novi
981 2348 1152 2376 ascensionis
1172 2353 1224 2375 tua;
1239 2340 1389 2383 spectaculi
1406 2352 1501 2382 testes,
1518 2349 1577 2376 suis
1591 2355 1644 2375 non
1661 2348 1692 2374 ti-

901 2395 967 2422 dere
987 2395 1077 2423 oculis
1091 2395 1265 2426 videbantur,
1288 2394 1473 2429 dixeruntque
1495 2395 1546 2426 eis,
1564 2394 1604 2421 Ad
1626 2394 1692 2429 quid

902 2440 1009 2468 attoniti
1031 2437 1156 2476 aspicitis
1188 2441 1215 2467 in
1232 2440 1349 2468 coelum?
1373 2441 1451 2474 sicut
1477 2440 1574 2468 videtis
1598 2440 1692 2468 Jesum

902 2487 1165 2519 aseendentem,sic
1195 2493 1305 2514 rursum
1331 2485 1425 2512 veniet
1454 2485 1488 2512 ad
1512 2485 1692 2520 judicandnm

903 2533 1045 2559 mundum.

938 2579 1044 2606 Cuncta
1056 2584 1085 2605 ut
1101 2578 1171 2605 lleus
1187 2577 1310 2605 inﬁnitus
1319 2577 1438 2612 replens,
1455 2577 1579 2611 Domine,
1594 2578 1693 2605 cmlum

904 2632 966 2652 cum
997 2632 1080 2652 carne
1104 2628 1201 2651 nostra
1228 2623 1396 2651 conscendis
1423 2623 1554 2652 demissis
1580 2629 1643 2652 ante
1668 2629 1695 2652 te

904 2671 1026 2699 vultibus
1044 2670 1252 2698 ministratoriis
1268 2670 1401 2705 angelicis
1415 2671 1600 2705 potestatibus
1612 2671 1697 2699 laetis-

906 2726 961 2752 que
988 2721 1015 2744 te
1049 2717 1255 2745 celebrantibus
1289 2712 1422 2751 apostolis
1452 2722 1478 2745 et
1510 2717 1662 2745 dicentibus
1687 2726 1693 2743 :

907 2762 1082 2796 Sacerdotes,
1098 2762 1253 2790 benedictte
1266 2761 1395 2790 Domino.

945 2817 1126 2845 Sanctissima
1137 2816 1184 2845 Dei
1195 2816 1292 2848 Mater,
1309 2817 1408 2844 anima:
1423 2823 1490 2844 mete
1499 2816 1558 2844 dele
1571 2816 1696 2849 vulnera,

909 2864 967 2892 lava
985 2870 1118 2903 aquarum
1150 2862 1225 2890 fonte
1239 2869 1301 2898 quae
1315 2862 1469 2890 scaturiunt
1486 2862 1520 2890 de
1540 2861 1623 2890 latere
1637 2861 1697 2889 Ιιιιίὶ
