1912 3073
95 150 169 182 ωδ
564 153 795 184 ALEXANDER
815 154 850 184 Ml

973 155 1030 185 US.
1055 152 1089 172 4-
1109 153 1300 185 ΜΟΝῘἸἫΠ.
1658 151 1726 183 40H

93 206 324 241 quaternionibus
355 207 485 241 militum,
502 209 603 236 carceri
631 210 810 245 mancipatus,
829 210 883 238 sol-
897 213 923 244 Α
937 211 1049 246 Sinope,
1064 210 1177 246 Mystico
1191 210 1379 244 llellcspontis,
1395 209 1500 236 Cottirm
1511 209 1725 244 Paphlagonum,

94 252 170 279 vitur
188 252 223 280 ab
238 251 364 287 angelo'.
375 252 525 282 Occasione
541 254 659 289 perﬁdiae
674 255 794 284 Simonis
805 256 887 292 Magi,
941 257 1121 292 Claudiopoli,
1150 256 1321 288 llonoriadis,
1339 255 1513 287 Nicomedim,
1527 254 1670 290 Bithyniae,
1680 253 1726 281 Ni-

95 293 205 333 Syriam
219 299 349 327 discurrit
363 299 492 333 ",adhuc
505 304 596 329 autem
612 305 639 329 ct
658 300 786 335 Pontum,
796 303 888 334 Asiam
937 310 1020 330 came:
1036 307 1113 334 ctex
1138 303 1225 337 prima
1248 301 1418 337 profectione
1443 308 1491 328 sua
1525 301 1552 327 in
1575 301 1726 327 Caesaream

93 349 123 371 et
146 343 295 377 Galatiam,
315 349 341 372 et
364 345 464 380 ubique
490 346 650 374 seminando
681 347 793 375 verbum
817 349 889 381 vitae,
939 356 989 384 per
1005 348 1202 384 Cappadociam
1218 353 1246 375 et
1258 348 1366 384 Syriam
1383 347 1477 383 (tertio
1489 346 1544 381 jam
1561 354 1633 373 anno
1645 353 1727 374 voca-

93 387 212 415 Romam
222 388 354 422 pervenit.
368 387 497 421 Sidoniae,
508 389 628 425 Berythl,
645 390 732 426 Bybli,
750 392 891 427 episcopos
940 394 1021 421 tionis
1034 393 1137 429 elapso)
1155 393 1235 420 rediit
1251 392 1476 427 Hierosolymam.
1498 391 1601 419 Deinde
1617 398 1724 418 rursum

95 441 129 460 ex
140 434 193 466 his,
206 434 253 468 qui
268 442 329 461 eum
347 435 560 468 comitabantur,
573 437 642 464 duos
650 437 786 465 ordinavit
799 447 805 464 ε
820 438 890 472 apud
939 447 989 475 per
1000 439 1173 468 Antiochiam
1191 439 1408 468 etNioomediam
1424 437 1645 466 ubiProchorum
1658 445 1726 471 pra:-

95 478 227 513 Tripolim
243 479 400 512 Phoenicia,
413 480 532 507 Marcum
551 481 684 517 hospitem
698 491 774 510 suutn
795 484 890 511 Antio-
941 484 1005 512 fecit
1019 485 1045 512 in
1066 484 1222 519 episcopum
1237 493 1244 511 :
1263 488 1318 511 tum
1329 483 1437 511 denmm
1451 482 1564 509 Romam
1591 482 1724 516 pervenit,

96 524 177 557 cuiae,
194 524 335 556 Antaradi,
354 524 450 557 Acadi,
465 525 575 553 Balneis
597 531 626 554 et
654 526 747 558 Pella,
776 527 887 556 Gazam
940 529 1032 563 ibique
1046 536 1107 556 cum
1118 528 1201 557 Paulo
1215 528 1348 564 apostolo,
1361 527 1500 555 tricesimo
1518 525 1634 554 Neronis
1653 533 1724 552 anno

95 575 123 597 et
141 566 470 597 Laodiceazﬂartianutn
481 571 507 598 in
520 571 655 606 Syracusa
673 572 785 604 Siciliae,
800 572 886 600 Bran-
937 582 1036 609 passus
1047 579 1102 602 est.
1116 574 1182 601 Vide
1192 574 1390 602 Tertullianum
1405 573 1432 601 in
1448 572 1517 599 libro
1530 571 1575 599 ubi
1588 571 1635 604 ait,
1648 579 1722 599 mor-

95 615 196 641 eatium
229 615 401 643 Taurotnenii
427 625 434 643 :
456 615 591 644 Thianum
616 617 803 652 Cappadocizc,
829 618 884 646 An-
937 621 974 648 tis
1004 619 1079 648 Petri
1104 625 1133 648 et
1153 619 1227 647 Pauli
1254 620 1416 647 mentionem
1447 618 1474 645 in
1499 617 1649 644 Annalibus
1676 617 1723 643 ha-

95 669 178 698 επεν,
196 662 318 695 Galatiae,
334 663 380 690 ubi
398 668 424 690 et
439 663 553 690 suscitat
573 668 719 696 mortuum,
737 665 763 691 in
785 664 881 697 Ponto,
918 660 1004 691 lberi.

148 752 159 767 ’
180 751 242 779 Act.
260 759 310 784 xn,
324 751 336 778 Ι
352 759 431 786 seqq.
461 752 483 767 ¹⁶
496 752 559 784 Act.
575 759 632 784 un,
643 751 669 789 9.

95 841 1722 865 mm

701 930 786 953 ANNO
798 930 914 953 δίεουιι
928 931 961 952 Vl
978 930 1124 953 INCERTO.

218 1019 890 1166 ALEXANDEIi
961 1020 1585 1110 MONACHUS.

750 1252 1060 1300 MONITUM.

130 1425 190 1460 Quo
206 1430 326 1460 tempore
340 1424 439 1452 vixerit
459 1424 511 1452 iste
529 1423 692 1457 Alexander,
717 1424 784 1452 mihi
811 1425 1008 1459 incompertum
1026 1430 1078 1452 est.
1094 1425 1203 1453 Citatur
1218 1432 1232 1452 a
1249 1424 1344 1458 Glyca,
1356 1431 1383 1459 p.
1401 1425 1417 1452 l
1434 1424 1591 1457 Annalium,
1613 1425 1658 1453 ubi
1687 1424 1722 1453 de

92 1468 267 1498 Constantini
284 1467 375 1503 Magni
392 1467 528 1502 baptism
543 1467 613 1502 agit.
630 1467 688 1495 Duo
704 1467 873 1502 exemplaria
889 1468 1050 1498 habuimus:
1068 1469 1183 1498 alterum
1200 1477 1233 1498 ex
1251 1469 1422 1498 Bibliotheca
1438 1469 1585 1503 Bavarica,
1603 1469 1719 1498 alterum

91 1514 131 1542 ab
144 1513 253 1541 Andre:
267 1513 393 1545 Schotto.
412 1512 553 1540 societatis
579 1516 680 1541 nostra:
705 1512 876 1548 presbytero,
903 1513 1075 1549 antiquitatis
1092 1514 1260 1542 illustrandae
1276 1513 1485 1546 studiosissimo,
1509 1512 1637 1541 collatum
1658 1520 1720 1541 cum

92 1557 255 1594 perantiquo
270 1556 365 1584 codice
379 1555 488 1591 Cryptaa
502 1555 624 1584 Ferraue
636 1563 692 1584 non
717 1556 811 1591 procul
822 1555 951 1591 Tusculo,
962 1557 1006 1585 cui
1020 1557 1165 1592 plerasque
1180 1557 1364 1585 corrcctiones
1376 1556 1404 1584 in
1420 1556 1540 1591 acceptis
1557 1556 1718 1588 referimus;

90 1602 145 1630 etsi
173 1607 382 1635 nonnunquam,
396 1600 443 1628 sed
463 1608 546 1635 parce
558 1605 586 1627 et
600 1600 760 1636 prudenter,
773 1600 938 1636 conjectum
960 1601 1053 1629 itidem
1070 1601 1171 1636 aliquid
1186 1601 1358 1629 indulsimus.
1386 1599 1482 1627 Exstat
1506 1600 1533 1626 in
1553 1599 1718 1627 bibliotheca

91 1645 225 1673 Bavariea
241 1645 309 1672 liber
323 1644 376 1672 hoe
393 1644 472 1672 titulo
487 1652 497 1671 :
519 1644 630 1671 Ἰουλίου
653 1644 841 1677 Πολυδεύκους

962 1654 978 1672 ην
996 1653 1004 1661 ·
1024 1645 1092 1674 Julii
1108 1644 1227 1674 Pollucis
1243 1643 1413 1672 Chronicum.
1429 1643 1575 1671 Exorditur
1591 1648 1686 1670 auctor
1704 1652 1717 1669 a

89 1688 236 1717 creatione
249 1687 354 1720 mundi,
368 1691 396 1715 et
411 1694 497 1722 usque
509 1688 544 1715 ad
557 1687 701 1722 imperium
717 1687 837 1717 Valentis
846 1688 1016 1717 Chronicum
1029 1689 1163 1724 perrexit.
1176 1688 1256 1716 Certe
1272 1689 1298 1715 in
1327 1686 1437 1715 Valente
1449 1686 1591 1722 exemplar
1604 1686 1718 1718 desinit,

91 1733 145 1760 etsi
173 1731 326 1767 probabile,
341 1736 462 1759 nontam
473 1735 626 1763 auctorem,
639 1738 721 1766 quam
736 1731 878 1760 librarium
899 1733 944 1760 hic
959 1732 1058 1761 fecisse
1074 1732 1169 1760 linem.
1183 1731 1232 1759 Hic
1247 1738 1315 1766 ergo
1329 1730 1427 1763 Julius,
1443 1737 1523 1765 quem
1541 1730 1568 1757 in
1588 1729 1714 1756 Latinam

93 1776 213 1811 linguam
226 1776 318 1808 vertit,
334 1775 382 1803 sed
404 1782 457 1802 non
472 1774 557 1803 edidit
573 1774 723 1802 fidissimus
735 1775 890 1802 studiorum
907 1783 1030 1803 meorum
1048 1776 1140 1804 socius
1159 1779 1187 1803 et
1214 1774 1321 1808 adiutor
1339 1773 1372 1801 Ρ.
1390 1773 1581 1801 Ferainandus
1601 1772 1719 1801 Crenas-

92 1819 146 1846 It'us
159 1818 241 1854 (dabo
259 1822 350 1846 tamen
365 1825 487 1853 operam,
502 1825 536 1846 ne
555 1825 617 1846 cum
635 1822 744 1845 mortuo
756 1818 903 1852 interprete
919 1820 1053 1846 moriatur
1072 1823 1154 1846 etiam
1170 1817 1335 1852 translatio),
1351 1822 1398 1845 aut
1415 1817 1599 1844 Alexandrum
1615 1816 1719 1852 expila-

91 1863 148 1896 vit;
164 1866 212 1890 aut
232 1862 388 1890 Alexander
402 1861 523 1896 Jullnm;
540 1867 587 1889 aut
602 1867 716 1897 uterque
731 1863 853 1895 tertium,
870 1863 938 1891 adeo
959 1870 1011 1890 non
1025 1863 1104 1890 modo
1118 1862 1270 1894 sententiis,
1286 1863 1333 1889 sed
1353 1866 1381 1889 et
1393 1861 1484 1889 verbis
1502 1861 1604 1896 passim
1618 1868 1719 1889 conve-

93 1907 183 1933 niunt.
197 1905 295 1934 Versio
308 1905 456 1934 Alexandri
470 1913 529 1933 mea
550 1913 604 1934 non
625 1911 677 1939 est,
693 1906 741 1934 sed
758 1905 863 1934 Schottl
880 1906 983 1938 nostri;
997 1905 1060 1933 licet
1078 1913 1138 1933 eam
1154 1905 1252 1933 alicubi
1267 1905 1301 1932 ad
1316 1904 1457 1940 exemplar
1478 1903 1545 1932 Bav.
1568 1909 1596 1932 et
1609 1904 1719 1940 Crypta

90 1948 171 1976 Ferr.
183 1949 421 1978 aceommodarim.

127 1992 156 2020 in
177 1992 282 2020 Schotti
299 1993 447 2028 exemplari
463 1993 557 2020 titulus
575 1992 611 2020 ita
626 1997 774 2027 conceptus
788 1995 830 2020 est
842 2001 850 2020 :
862 1992 882 2019 T

961 1993 1085 2020 τιωτάτου
1094 1991 1271 2028 Ἀλεξάνδρου
1287 1992 1336 2019 καὶ
1350 1991 1469 2027 μοναχοΰ
1484 1991 1528 2024 εις
1538 1991 1589 2028 τὴν
1604 1991 1716 2027 εὕρεσιν

90 2036 139 2063 τοῦ
150 2036 243 2071 τιμίου
254 2037 301 2063 καὶ
313 2035 447 2069 ζωοποιοῦ
459 2036 587 2072 σταυροῦ.
602 2035 769 2064 Sanctissinti
781 2036 845 2063 Alea

962 2044 963 2047 η
975 2035 1097 2063 monachi
1108 2035 1138 2063 in
1147 2036 1321 2063 innantium
1332 2035 1489 2063 ocuranda:
1497 2040 1523 2062 et
1531 2035 1642 2067 uiuiﬁcae
1659 2043 1717 2062 cru-

90 2081 139 2108 cia.
150 2080 180 2108 In
194 2079 323 2108 Bavarico
336 2080 444 2108 additur
453 2090 461 2108 :
469 2080 637 2116 Εὺλόγησον,
647 2081 749 2116 Πάτερ.
758 2079 882 2112 Benedic,
894 2079 986 2108 Pater.
995 2079 1109 2114 Quotiin
1120 2079 1262 2108 codicibus
1269 2079 1462 2115 manuscriptis
1474 2079 1716 2107 animadvertimus

89 2124 251 2160 plerumque
263 2124 363 2159 ιπεῆεί
376 2124 496 2152 homiliis
506 2124 629 2158 Patrum,
643 2128 669 2152 et
685 2129 842 2152 sanctorum
857 2123 998 2158 historiis;
1014 2124 1120 2158 hocque
1135 2123 1178 2151 vel
1193 2131 1208 2150 a
1223 2123 1342 2151 librariis
1350 2123 1452 2151 factum
1460 2127 1502 2151 est
1513 2123 1713 2151 benedictionis

87 2168 224 2195 etdivinat
239 2168 299 2202 opis
308 2173 399 2203 ctepto
416 2168 503 2196 labori
522 2168 701 2203 impetrandae
713 2168 802 2203 gratia
817 2166 970 2203 ;vei,quod
983 2167 1160 2196 verisimilius
1168 2168 1299 2201 arbitror,
1309 2175 1343 2196 ex
1359 2167 1561 2202 morezpublieo,
1577 2167 1650 2202 quod
1665 2168 1714 2194 Ito-

88 2211 180 2238 milias
193 2211 233 2238 vel
247 2218 292 2238 res
309 2216 400 2247 gestas
419 2216 576 2239 sanctorum
590 2211 710 2239 lecturus
721 2211 748 2238 in
764 2210 895 2243 Ecclesia,
916 2211 993 2246 prius
1006 2211 1224 2241 benedictionem
1239 2219 1254 2238 a
1270 2211 1413 2239 sacerdote
1426 2210 1467 2238 vel
1483 2210 1611 2245 episcopo
1634 2215 1714 2246 pete-

88 2259 144 2281 ret.
161 2253 253 2287 Quare
270 2255 406 2289 plerisque
420 2255 502 2282 etiam
517 2254 606 2283 sancti
619 2254 755 2290 Ephremi
772 2254 832 2290 Syri
849 2254 1021 2282 sermnibus
1035 2254 1094 2282 hzec
1108 2255 1191 2283 verba
1202 2255 1349 2289 praeposita
1362 2254 1497 2286 videmus,
1513 2254 1575 2289 quia
1593 2261 1711 2282 consua-

89 2297 184 2325 tdiue
200 2303 338 2333 receptum
356 2303 417 2326 erat
433 2305 575 2326 sermones
588 2299 677 2326 sancti
694 2298 831 2334 Ephmmi
842 2298 950 2334 publice
970 2298 997 2326 in
1014 2298 1130 2327 ecclesia
1148 2298 1335 2334 pronuntiare.
1350 2298 1440 2326 Testis
1455 2301 1568 2326 sanctus
1579 2297 1712 2333 Hierony-

88 2348 161 2373 mus,
179 2340 217 2368 De
227 2342 289 2369 viris
304 2342 461 2369 illustribus.

122 2379 153 2411 lo
171 2384 288 2419 exempl.
303 2384 411 2420 Cryptaz
426 2385 556 2418 [τοι-ηυξ,
568 2388 702 2413 vetustate
712 2392 795 2420 prope
807 2392 877 2413 coast

957 2394 979 2419 Γ),
993 2386 1032 2414 sic
1047 2386 1130 2415 habet
1151 2386 1260 2414 titulus:
1283 2385 1459 2420 Ἀλεξάνδρου
1489 2385 1607 2421 μοναχοῦ
1632 2385 1712 2418 λόγος

89 2426 227 2462 ἱστορικὸς
251 2429 382 2464 περὶτῆς
397 2429 533 2464 εὑρέσεως
541 2429 594 2455 ’τοῦ
617 2429 709 2464 τιμίου
735 2428 864 2464 σταυροῦ,
892 2429 962 2464 πρός
975 2438 1051 2462 τινας
1063 2431 1155 2462 ὁσίους
1171 2430 1298 2466 Πατέρας
1314 2429 1517 2465 προτραπέντος
1540 2429 1586 2457 ὑπ’
1609 2429 1712 2456 αὐτῶν.

93 2470 138 2497 Ἐν
153 2467 177 2504 ᾧ
191 2471 251 2497 ἐστι
266 2472 388 2506 θεολογία
400 2472 504 2512 ἀληθὴς
516 2472 564 2499 καὶ
579 2473 644 2508 περὶ
660 2472 712 2507 τῆς
729 2472 804 2504 θείας
820 2473 978 2509 οἰκονομιας
993 2473 1117 2508 ἀπλανὴς
1131 2473 1261 2509 ὁμολογία
1270 2494 1278 2506 ,
1292 2473 1341 2500 καὶ
1361 2473 1498 2508 ἐγκώμιον
1509 2474 1550 2504 el;
1564 2473 1611 2500 τὸν
1622 2473 1714 2509 τίμιον

87 2515 215 2549 σταυρόν.
236 2515 385 2542 Alexandri
398 2516 519 2544 monachi
534 2517 621 2543 oratio
642 2516 770 2544 historica
787 2517 819 2544 de
840 2517 991 2546 inventione
1010 2517 1166 2544 ueneranda:
1182 2518 1280 2550 crucis,
1296 2517 1331 2544 ad
1350 2518 1478 2552 quosdam
1491 2523 1596 2544 sanctos
1606 2516 1712 2551 Patras,

85 2564 200 2591 quorum
230 2559 411 2587 cohortatione
439 2559 474 2586 od
497 2560 665 2587 scribendum
689 2565 859 2594 accesserat;
886 2561 914 2589 in
935 2569 988 2597 qua
1010 2566 1049 2590 ut
1075 2559 1204 2596 theologia
1220 2569 1291 2594 vera,
1307 2565 1332 2588 et
1357 2560 1389 2588 de
1413 2560 1503 2588 diuina
1519 2554 1715 2597 dispensatione

86 2602 190 2629 sincera
200 2602 330 2639 confessio
340 2623 348 2637 ,
358 2608 382 2630 et
394 2603 540 2631 cacuminat
555 2604 583 2631 in
595 2604 766 2631 venerandam
779 2612 894 2633 erucem.
