1912 3073
184 129 256 163 4043

187 189 238 216 fuit
259 189 343 223 patris
355 188 504 215 secundum
524 189 640 223 gratiam
656 189 763 218 Domini
779 192 875 218 nostri.
895 192 979 219 Colli-

187 239 286 268 guutur
299 242 361 261 vero
378 234 440 261 anni
459 234 637 269 quadraginta
657 243 670 262 a
691 235 841 264 Salvatoris
857 238 983 272 passione

187 288 272 314 usque
286 281 319 306 ad
345 280 559 306 devastatiouem
579 279 840 316 Hierosolymorum.

226 325 408 358 Vespasianus
436 328 525 351 autent
549 332 636 351 rerum
652 327 755 360 potitus
775 327 919 360 imperavit
935 336 984 355 an-

187 377 237 396 nos
257 370 362 403 decem,
389 368 509 403 fatiSque
534 371 682 403 concessit,
707 371 904 406 impcravitque
921 377 984 407 post

187 423 246 442 eum
272 415 349 442 Titus
370 415 442 442 illius
464 423 550 443 annos
570 422 634 449 tres,
655 425 741 452 eoque
767 423 875 446 mortuo
894 418 984 446 Domi-

186 462 289 494 tianus,
310 462 383 489 illius
406 462 501 494 frater,
520 463 626 495 imperii
647 457 889 498 gubemacula'cst
907 456 984 493 asse-

186 513 275 535 culus.
292 507 342 542 Qui
354 516 449 536 rursus
462 509 489 536 in
501 508 610 536 Iudaeos
629 518 753 544 magnam
768 511 982 545 persecutionem

186 555 327 586 exeitavit,
351 562 446 583 omnes
470 556 516 590 qui
532 563 563 583 ex
587 556 659 590 regia
689 557 774 592 stirpe
793 564 872 585 erant
893 558 983 592 inqui-

186 608 248 627 rens
270 609 276 627 :
294 602 325 627 de
345 600 455 628 Christo
470 601 542 628 enim
559 602 705 634 didicerat,
729 603 799 637 quod
824 611 856 630 ex
873 603 983 631 Davidis

186 647 311 682 prosapia
329 648 519 680 descenderet,
535 656 721 683 magnumque
738 657 769 676 ac
794 649 883 677 nobile
899 658 983 685 genus

186 694 319 727 haberet,
353 695 479 729 quodque
507 695 616 728 quidam
651 700 741 722 essent
769 696 848 730 hujus
880 702 981 724 sectam

186 740 356 773 profitentes,
377 740 422 775 qtti
439 741 618 775 praedicarent
636 741 774 768 Christum
803 749 891 777 regem
909 750 982 769 sem-

188 786 335 819 piternum,
352 792 446 812 omnes
462 785 512 812 sub
529 785 598 812 ςωιυ
611 789 757 819 potestates
773 787 980 819 dissolutnrutn,

188 831 328 866 solumque
341 836 527 865 regnaturum.
543 832 726 864 Quamobrem
744 833 782 858 ira
799 831 982 860 inﬂammatus

189 878 337 912 imperator
378 877 462 904 edixit
498 885 530 903 ne
567 878 627 911 quis
653 878 869 905 Christianorum
905 879 981 906 vivus

189 925 406 958 relinqueretur,
425 924 589 957 mittensque
617 923 849 960 Hierosolymam,
869 930 981 958 nepotes

187 970 262 998 Juda:
295 970 385 996 fratris
403 970 507 996 homini
529 970 636 996 vinrtos
651 970 763 996 Romam
783 970 980 1004 adducijussil,

187 1024 256 1050 quos
277 1017 310 1043 de
341 1015 452 1043 Christo
470 1023 606 1050 regnoque
627 1016 711 1049 ipsius
728 1016 916 1051 interrogavit.
941 1016 979 1043 llli

187 1067 276 1090 autem
300 1063 498 1096 responderunt
533 1069 586 1089 non
601 1069 662 1089 esse
685 1067 824 1089 terrenum
844 1063 914 1090 illius
937 1071 982 1090 rc-

186 1116 266 1141 guum
291 1108 338 1135 sed
364 1107 490 1138 cmleste,‘
505 1106 678 1142 futurumque
699 1112 729 1133 ut
750 1107 775 1134 itt
807 1115 980 1134 consumma.

188 1155 260 1182 tione
280 1153 441 1181 saeculorum
460 1153 565 1180 veniret
583 1160 645 1180 cum
663 1153 747 1188 gloria
762 1154 885 1187 judicare
908 1155 982 1182 vivus

187 1206 213 1228 et
237 1204 376 1232 mortuos,
410 1205 437 1227 et
468 1200 619 1227 retribuere
651 1199 800 1235 unicuique
831 1201 980 1227 secundum

186 1255 269 1283 opera
287 1255 346 1274 sua.
360 1247 418 1280 Quo
440 1246 544 1278 audito,
564 1246 653 1273 Caesar
669 1246 766 1273 timore
783 1245 923 1280 perculsus
936 1255 982 1274 eos

186 1303 200 1321 a
214 1294 331 1322 vinculis
341 1292 475 1325 dissolvit,
489 1296 516 1320 et
533 1293 752 1327 persecutionem
768 1292 795 1319 in
811 1293 981 1321 Christianos

187 1339 331 1375 repressit.

222 1385 274 1413 Hic
290 1389 465 1419 posteaquam
483 1383 626 1418 imperium
641 1391 728 1412 annos
741 1385 894 1420 quindecim
910 1385 981 1413 obti-

188 1431 303 1463 nuisset,
326 1431 447 1458 moricns
471 1430 615 1458 discessit.
634 1431 687 1458 Pro
704 1439 758 1466 quo
784 1431 871 1459 Nerva
898 1441 981 1459 uuutu

187 1477 319 1504 duntaxat
343 1483 460 1510 regnans
483 1484 583 1503 annum
615 1477 696 1504 etiam
726 1478 851 1510 moritur,
875 1483 902 1505 et
922 1482 982 1513 post

187 1532 249 1552 eum
266 1523 401 1558 Trajanus
424 1531 510 1552 annos
527 1525 622 1559 viginti
641 1525 797 1560 imperavit.
819 1525 869 1553 llic
886 1530 979 1553 contra

187 1571 358 1599 Christianos
376 1571 595 1605 persecutionem
613 1572 759 1599 maximam
777 1580 889 1599 movens
914 1571 983 1598 mul-

188 1625 230 1646 tos
255 1619 386 1653 martyrio
403 1618 504 1650 affecit,
530 1625 616 1652 usque
633 1619 712 1652 adeo,
737 1623 766 1646 ut
783 1619 834 1653 ipsi
862 1618 982 1653 gentium

188 1664 323 1699 principes
343 1664 449 1699 fatigati
476 1672 583 1697 eorum,
600 1664 646 1699 qui
668 1665 827 1700 martyrium
843 1665 981 1698 subibant,

188 1710 373 1741 multitudine,
394 1710 426 1737 ad
446 1710 582 1737 thsarem
603 1710 628 1737 id
656 1710 790 1738 referrent
813 1711 982 1738 Christiano-

189 1765 301 1793 rumque
327 1757 445 1784 libertati
475 1757 526 1784 hoc
548 1757 735 1784 testimonium
758 1757 865 1790 darent,
891 1757 981 1784 omnia

187 1812 235 1831 eos
253 1812 287 1830 ex
315 1803 406 1831 debito
435 1803 524 1837 legum
539 1803 698 1837 praescripto
713 1801 814 1836 facere,
839 1802 890 1830 nisi
910 1802 982 1837 quod

187 1850 326 1878 Christum
339 1850 473 1876 duntaxat
487 1850 577 1876 solum
599 1849 683 1876 Deum
701 1849 905 1877 conﬁterentur.
919 1848 983 1877 Haec

188 1896 301 1924 audiens
317 1896 465 1930 imperator
480 1896 663 1928 persecutioni
680 1896 759 1923 ﬁnem
775 1896 913 1930 imposuit.
926 1895 983 1923 Sub

187 1951 220 1970 co
236 1946 326 1969 autent
347 1941 439 1968 lioutte
469 1941 531 1976 lgna
541 1941 603 1974 tius,
627 1941 813 1969 Antiochenus
825 1941 980 1976 episcopus,

188 1989 350 2023 martyrium
376 1995 473 2023 passus
491 1992 545 2021 est,
569 1992 597 2015 et
624 1988 735 2016 Simeon
753 1988 880 2023 Cleophze
900 1988 981 2020 ﬁlius,

187 2034 276 2061 aetatis
292 2033 451 2060 vicesimum
476 2040 557 2068 supra
570 2034 748 2061 centesimum
771 2042 873 2061 annum
888 2041 981 2068 agens,

188 2080 222 2107 ab
236 2079 326 2107 Attico
345 2079 475 2113 quodam,
499 2080 557 2106 viro
574 2080 724 2112 consulari,
741 2080 767 2106 in
781 2087 889 2107 erucem
906 2085 982 2108 actus

187 2131 240 2154 est.
269 2125 371 2153 Eodem
397 2130 520 2160 tempore
543 2125 645 2158 Judaei,
685 2126 718 2153 ad
745 2131 903 2154 consuetam
929 2127 981 2154 sibi

190 2172 327 2200 vesaniam
357 2172 512 2205 redeuntes,
533 2179 623 2207 regem
637 2171 687 2199 sibi
704 2180 799 2200 creare
820 2173 879 2200 ausi
905 2178 978 2200 sunt.

188 2218 246 2251 Qua
283 2225 311 2245 re
337 2223 490 2246 commotus
529 2219 678 2253 imperator
708 2221 741 2247 ad
766 2227 812 2248 eos
840 2220 980 2255 prchecws

189 2264 323 2292 violentos
351 2265 435 2298 misit,
462 2265 518 2299 qui,
540 2270 619 2299 capto
641 2269 769 2300 tyranno,
798 2273 847 2301 per
872 2273 979 2294 omnem

188 2310 318 2337 mttndum
336 2309 445 2337 Judaaos
463 2311 591 2345 deinceps
603 2317 808 2346 persequentes,
823 2311 979 2339 innumera-

188 2356 268 2384 bilem
288 2364 384 2383 eorum
411 2356 610 2383 multitudinem
628 2357 799 2384 occiderunt.

227 2402 363 2430 Defuncto
374 2407 464 2429 autent
479 2401 609 2436 Trajano,
627 2410 677 2437 pro
691 2410 725 2430 eo
739 2402 828 2431 Elius
839 2404 978 2432 Adrianus

187 2448 282 2483 viginti
305 2453 332 2474 et
359 2455 442 2475 unum
467 2455 554 2475 annos
582 2448 734 2483 imperavit.
766 2448 818 2476 Hic
843 2457 906 2476 cum
935 2450 982 2477 ad-

187 2501 266 2521 versa
290 2494 413 2528 corporis
442 2494 597 2522 valetudine
624 2499 760 2529 uteretur,
788 2501 872 2523 totum
903 2504 982 2523 mun-

188 2540 251 2566 dntn
288 2540 445 2574 peragravit
477 2540 548 2568 malo
587 2548 636 2568 suo
670 2542 820 2570 remedium
845 2549 980 2577 quaerens.

189 2584 334 2620 Postquam
356 2593 420 2613 vero
437 2586 470 2612 ad
496 2593 619 2615 sanetam
641 2588 780 2615 civitatem
803 2589 981 2623 pervenisset,

189 2632 356 2667 vidissetque
371 2641 430 2660 eam
446 2634 554 2668 penitus
571 2635 981 2668 devastatatn,Christianorum

187 2679 319 2705 duntaxat
335 2687 386 2705 una
403 2680 520 2714 quadam
538 2681 572 2708 ibi
597 2681 712 2708 ecclesia
740 2682 897 2715 constituta,
916 2682 985 2708 inle-

186 2731 261 2757 gram
280 2725 313 2752 de
329 2732 398 2752 novo
414 2726 517 2754 exstrui
537 2727 694 2758 mandavit»,
720 2733 834 2762 excepto
861 2729 979 2762 templo;

185 2770 387 2804 quoinlelleclo
406 2770 492 2799 Judaei
518 2772 638 2807 undique
651 2773 783 2807 gentium,
808 2774 882 2800 brevi
911 2779 980 2800 teut-

797 135 1017 166 Al.EXANDR[
1039 138 1211 168 MONACHI

998 195 1018 224 Α
1035 194 1147 229 Κυρίου.
1166 195 1334 228 Συνάγονται
1353 195 1380 221 δὲ
1398 196 1606 231 τεσσαράκοντα
1633 198 1680 232 ἔτη
1705 199 1762 225 ἀπὸ
1783 199 1833 226 τοῦ

1036 241 1173 277 σωτηρίου
1190 241 1293 274 πάθους
1308 242 1358 274 ἕως
1373 243 1422 277 τῆς
1439 242 1568 276 ἁλώσεως
1587 244 1795 281 Ἰεροσολύμων.

1076 327 1251 354 Ίζΰαςίλευσε
1266 328 1294 354 δὲ
1308 328 1322 353 ὁ
1339 329 1547 362 Οὐεσπασιανδς
1558 332 1690 367 κραταιδς
1701 334 1750 369 ἔτη
1764 334 1834 362 δέκα

1034 375 1081 401 καὶ
1096 375 1214 401 ἁπέἾανε
1226 395 1232 406 ,
1247 376 1292 401 καὶ
1306 375 1465 402 ἐϐασίλευσε
1480 376 1561 409 Τίτος
1574 379 1587 403 ὸ
1601 379 1656 411 υίὸς
1671 380 1756 408 αὑτοῦ
1771 382 1834 408 ἀντ’

1033 421 1115 448 αὑτοῦ
1132 421 1178 456 ἔτη
1200 422 1264 456 τρία
1280 423 1326 449 καὶ
1342 423 1462 450 ἀπέθανε
1476 435 1482 442 ·
1502 425 1548 451 καὶ
1561 425 1735 453 ἐϐασίλευσεν
1752 429 1766 454 ὁ
1781 429 1834 455 Δο-

1035 468 1160 501 μετιανὸς
1186 469 1199 495 ὁ
1224 468 1339 504 ἀδελφὸς
1366 469 1448 496 αὐτοῦ
1475 471 1532 497 ἀντ’
1559 472 1720 504 αὐτοῦ,καὶ
1747 475 1833 501 πάλιν

1033 513 1154 548 διωγμὸν
1176 515 1264 548 μέγαν
1279 517 1335 548 τοῖς
1353 516 1491 548 Ἰουδαίοις
1506 518 1655 554 ἐπήγειρεν
1665 540 1672 552 ,
1688 519 1833 555 ἐπιζητῶν

1032 561 1096 591 τοὺς
1114 561 1146 603 ἐκ
1159 560 1303 596 βασιλικῆς
1314 563 1488 596 συγγενείας·
1504 564 1627 599 ἐμηνύθη
1636 565 1713 600 αὐτῷ
1720 567 1754 593 τὰ
1765 567 1833 603 περὶ

1032 601 1152 641 Χριστοῦ
1165 626 1173 638 ,
1188 607 1229 633 ὅτι
1246 607 1278 634 ὲκ
1295 608 1341 634 τοῦ
1354 608 1436 635 Aut/£6
1454 609 1572 645 ὑπάρχει
1586 631 1593 644 ,
1610 612 1658 638 καὶ
1674 613 1747 647 μέγα
1771 601 1831 647 ἔχει

1032 654 1127 686 γένος,
1149 653 1246 684 οἵτινές
1272 654 1325 680 stat
1343 655 1592 689 χριστιανίζοντες,
1615 658 1662 684 καὶ
1675 659 1832 693 καταγγέλ-

1032 698 1125 730 λοντες
1149 698 1252 734 Ἰησοῦν
1278 700 1396 736 Χριστὸν
1414 702 1527 736 βασιλέα
1544 702 1667 735 αἰώνιον,
1695 704 1831 738 μέλλοντα

1033 745 1179 772 καταλύειν
1193 746 1284 777 πάσας
1299 747 1348 778 τὰς
1365 747 1417 774 ὑπὸ
1429 749 1475 774 τὸν
1489 749 1604 784 οὐρανὸν
1616 750 1745 785 δυνάμεις
1756 772 1763 783 ,
1783 754 1831 779 καὶ

1034 790 1114 825 μόνος
1136 791 1227 825 μέλλει
1253 792 1417 826 βασιλεύειν.
1445 794 1588 829 Θυμωθεὶς
1609 796 1637 822 δὲ
1659 798 1674 823 ὀ
1700 797 1831 832 βασιλεὺς

1034 837 1082 863 ἐπὶ
1096 837 1183 873 τούτῳ
1193 859 1200 868 .
1215 838 1339 866 ἐκέλευσε
1357 840 1394 876 μὴ
1408 840 1458 876 ζῇν
1474 842 1657 876 Χριστιανούς
1669 851 1676 856 ·
1691 844 1826 871 ἀποστεί-

998 877 1017 903 Β
1032 883 1081 914 λας
1096 883 1124 910 δὲ
1147 884 1187 915 είς
1207 884 1394 921 Ἰεροσόλυμα,
1406 887 1468 919 τοὺς
1493 888 1624 922 ἐγγόνους
1645 889 1730 916 Ἰούδα
1744 911 1751 922 ,
1779 891 1828 918 τοῦ

1031 929 1149 965 ἀδελφοῦ
1175 930 1223 958 τοῦ
1248 931 1370 967 Κυρίου,
1389 932 1436 958 ἐπὶ
1459 933 1508 968 τὴν
1531 933 1640 969 Ῥώμην
1659 935 1828 970 ἀπήγαγεν,

1031 975 1079 1002 καὶ
1105 977 1286 1012 ἐπηρώτησεν
1312 978 1410 1010 αὐτοὺς
1426 979 1551 1014 περὶτοῦ
1571 981 1689 1015 Χριστοῦ
1704 983 1754 1009 καὶ
1777 983 1830 1017 τῆς

1031 1022 1115 1048 αὐτοῦ
1129 1022 1280 1057 βασιλείας.
1293 1024 1324 1049 Ol.
1338 1023 1366 1049 δὲ
1381 1024 1566 1059 ἀπεκρίναντο
1583 1025 1619 1061 μὴ
1634 1024 1703 1053 εἶναι
1716 1027 1767 1061 τὴν
1781 1027 1829 1062 βα-

1032 1068 1136 1094 σιλείαν
1161 1068 1244 1095 αξιιοῦ
1271 1069 1410 1104 ἐπίγειον,
1435 1070 1493 1096 ἀλλ’
1514 1072 1694 1106 ἐπουράνιον,
1717 1074 1829 1107 μέλλειν

1031 1114 1060 1140 δὲ
1079 1114 1108 1139 ἐν
1119 1115 1151 1149 τῇ
1171 1115 1313 1151 συντελείᾳ
1330 1115 1384 1142 τῶν
1400 1115 1506 1143 αἰώνων
1523 1116 1650 1152 ἔρχεσθαι
1665 1119 1734 1153 μετὰ
1746 1119 1828 1155 δόξης

1032 1161 1125 1196 κρῖναι
1150 1160 1255 1193 ζῶντας
1269 1163 1317 1187 καὶ
1333 1163 1463 1197 νεκροὺς,
1484 1163 1531 1189 καὶ
1555 1164 1701 1191 ἀποδοῦναι
1717 1167 1830 1201 ἑκάστῳ

1032 1206 1103 1233 κατὰ
1117 1207 1151 1233 τὰ
1167 1207 1236 1242 ἔργα
1253 1207 1348 1235 αὑτοῦ.
1363 1208 1456 1235 Ταῦτα
1468 1209 1587 1242 ἀκούσας
1600 1211 1614 1236 ὁ
1633 1212 1743 1247 Καῖσαρ
1757 1233 1764 1243 ,
1781 1214 1829 1239 καὶ

1032 1253 1151 1288 ἔμφοϐος
1171 1254 1334 1289 γενόμενος,
1350 1255 1487 1283 ἀπέλυσεν
1499 1257 1598 1290 αὐτοὺς
1608 1278 1615 1291 ,
1629 1259 1677 1285 καὶ
1693 1259 1740 1286 τὸν
1755 1260 1830 1287 κατὰ

1032 1299 1086 1326 τῶν
1103 1300 1275 1335 Χριστιανῶν
1289 1301 1410 1337 διωγμὸν
1426 1303 1576 1331 ἐκώλυσεν.

1074 1399 1208 1427 Ἀπέθανε
1220 1400 1247 1427 δὲ
1258 1402 1422 1436 Δομετιανὸς
1432 1403 1595 1438 βασιλεύσας
1606 1404 1653 1440 ἐτη
1664 1403 1829 1439 δεκαπέντε,

1033 1445 1081 1471 καὶ
1102 1445 1225 1481 Νερουᾶς
1249 1447 1425 1475 ἐϐασίλευσεν
1443 1449 1500 1475 ἀντ’
1517 1450 1600 1477 αὑτοῦ
1623 1450 1681 1482 ἔτος
1695 1451 1735 1478 ἓν.
1759 1453 1829 1479 Ἀπ-

1034 1491 1112 1518 έθανε
1128 1492 1156 1518 δὲ
1169 1492 1293 1528 Νερουᾶς
1303 1515 1310 1527 ,
1328 1494 1377 1521 καὶ
1391 1494 1567 1523 ἐϐασίλευσεν
1582 1497 1641 1523 ἀντ’
1657 1497 1740 1524 αὑτοῦ
1755 1499 1831 1533 Τρα-

1034 1537 1110 1568 ϊανὸς
1137 1538 1184 1573 ἔτη
1198 1539 1310 1566 εἴκοσιν.
1339 1537 1425 1572 Οὗτος
1448 1541 1569 1577 διωγμὸν
1587 1543 1634 1569 ἐπὶ
1659 1544 1727 1570 πολὺ
1757 1545 1830 1571 κατὰ

1035 1581 1207 1616 Χριστιανῶν
1220 1584 1334 1618 κινήσας
1343 1604 1350 1616 ,
1369 1585 1512 1620 μάρτυρας
1527 1587 1704 1621 παμπόλλους
1717 1588 1831 1622 ἐφόνευ-

1037 1636 1083 1654 σεν
1095 1648 1103 1660 ,
1124 1628 1194 1655 ὥστε
1208 1630 1272 1661 τοὺς
1287 1630 1421 1666 ἄρχοντας
1435 1632 1490 1659 τῶν
1505 1633 1592 1660 ἐθνῶν
1606 1634 1832 1668 ἁποκακίσαντεις

1034 1675 1073 1710 τῷ
1102 1675 1198 1711 πλήθει
1224 1676 1279 1703 τῶν
1297 1678 1510 1714 μαρτυρούντων
1530 1680 1678 1714 ἀναγαγεῖν
1697 1681 1735 1717 τῷ
1746 1682 1831 1708 αὺτο-

1034 1721 1149 1758 κράτορι
1160 1743 1166 1754 ,
1180 1724 1389 1759 μαρτυροῦντας
1404 1727 1439 1761 τῇ
1454 1725 1508 1752 τῶν
1524 1727 1696 1762 Χριστιανῶν
1718 1728 1831 1756 ἐλευθε-

1035 1768 1099 1804 ρίᾳ,
1118 1770 1158 1795 ὅτι
1185 1770 1272 1796 πάντα
1290 1770 1361 1797 κατὰ
1381 1771 1481 1806 νόμους
1497 1773 1562 1804 τοὺς
1587 1774 1743 1808 πρέποντας
1769 1775 1831 1802 δια-

1035 1814 1205 1849 πράττουσι,
1239 1816 1357 1851 Χριστὸν
1387 1817 1416 1843 δὲ
1447 1817 1527 1852 μόνον
1559 1818 1626 1845 Θεὸν
1651 1820 1829 1854 ὁμολογοῦσι.

1034 1859 1128 1886 Ταῦτα
1145 1860 1266 1892 ἀκούσας
1281 1862 1294 1888 ὁ
1309 1862 1488 1898 αὐτοκράτωρ
1512 1863 1615 1890 ἔπαυσε
1631 1865 1677 1892 τὸν
1696 1865 1830 1901 διωγμόν.

1040 1906 1234 1941 Ἑμαρτύρησε
1249 1907 1277 1933 δὲ
1293 1907 1428 1934 ὲπάὐτοῢ
1441 1909 1470 1935 ὲν
1487 1909 1581 1946 Ῥώμῃ
1600 1910 1730 1944 Ἰγνάτιος
1743 1913 1758 1939 ό
1772 1913 1832 1940 ὲπί-

1035 1961 1137 1984 σκοπος
1161 1953 1327 1988 Ἀντιοχείας
1337 1974 1344 1985 ,
1360 1956 1406 1981 καὶ
1418 1955 1525 1990 Σιμεὼν
1540 1957 1554 1982 ὁ
1567 1956 1614 1983 τοῦ
1629 1957 1740 1985 Κλεόπα
1750 1978 1757 1991 ,
1774 1959 1789 1985 ὁ
1801 1960 1831 1986 ὲν

1041 1998 1074 2024 ’Ῑε
1080 1998 1175 2033 ροσολύ
1181 2007 1242 2033 μοις
1256 1999 1407 2031 ἐπίσκοπος
1417 2021 1423 2031 ,
1437 2001 1605 2036 σταυρωθεὶς
1615 2022 1622 2033 ,
1631 2002 1669 2029 ὢν
1681 2003 1749 2030 ἑτῶν
1765 2005 1830 2031 ὲκα-

1038 2044 1085 2070 τὸν
1104 2045 1153 2071 καὶ
1168 2046 1271 2071 εἴκοσιν
1283 2066 1290 2077 ,
1314 2047 1361 2072 ἐπὶ
1382 2047 1506 2074 Ἀττικοῦ
1522 2057 1593 2080 τινος
1602 2049 1747 2077 ὑπατικοῦ.
1761 2051 1830 2078 Κατ’

1034 2090 1137 2116 ἐκεῖνον
1150 2091 1195 2117 τὸν
1207 2091 1302 2126 καιρὺν
1319 2091 1442 2118 Ἰουδαῖοι
1454 2094 1486 2128 τῇ
1502 2094 1580 2127 σφῶν
1595 2095 1678 2130 μανίᾳ
1691 2095 1828 2131 χρώμενοι

1034 2136 1190 2171 ἐτόλμησαν
1207 2137 1321 2172 βασιλέα
1336 2138 1441 2165 ἑαυτῶν
1456 2139 1554 2175 στῆσαι
1566 2161 1574 2173 ,
1584 2141 1626 2174 ἐφ’
1637 2137 1660 2174 ᾦ
1679 2142 1804 2176 κινηθεὶς
1815 2143 1829 2170 ὁ

1036 2184 1218 2219 αὐτοκράτωρ
1231 2184 1395 2211 ἀπέστειλεν
1411 2185 1545 2221 ἄρχοντας
1562 2186 1707 2222 στιϐαροὺς
1719 2189 1765 2216 ἐπ’
1782 2189 1830 2216 αὐ-

997 2236 1021 2266 D
1034 2230 1096 2260 τοὺς
1107 2250 1113 2261 ,
1133 2230 1232 2262 οἵτινες
1250 2233 1448 2266 χειρωσάμενοι
1462 2232 1507 2259 τὸν
1520 2233 1712 2269 προϐληθέντα
1727 2234 1830 2271 τύραν-

1035 2283 1078 2300 νον
1093 2275 1143 2300 ἀνὰ
1171 2275 1262 2301 πᾶσαν
1284 2275 1377 2302 λοιπον
1403 2277 1454 2312 τὴν
1475 2278 1640 2313 οἰκουμένην
1659 2279 1806 2312 διώκοντες
1820 2299 1828 2312 ,

1035 2320 1124 2356 πλήθη
1143 2321 1317 2356 ἀναρίθμητα
1334 2321 1387 2348 τῶν
1409 2322 1544 2350 Ἰουδαίων
1561 2324 1746 2358 κατέσφαζον.

995 1559 1017 1588 C

1076 2406 1208 2434 ’Δπὲθανε
1220 2407 1248 2433 δὲ
1265 2408 1409 2443 Τραϊανὸς,
1424 2410 1471 2436 καὶ
1484 2410 1659 2437 ἐϐασίλευσεν
1675 2412 1734 2438 ἀντ’
1745 2412 1828 2439 αὐτοῦ

1034 2452 1125 2484 Αἴλιος
1148 2453 1288 2488 Ἀδριανὸς
1303 2455 1390 2481 εἴκοσι
1405 2456 1454 2482 καὶ
1470 2456 1499 2482 ἓν
1515 2456 1585 2488 ἔτος.
1610 2455 1695 2489 Οὗτος
1719 2461 1828 2495 περιείη

1034 2497 1083 2528 τὰς
1099 2497 1200 2533 χώρας,
1217 2499 1352 2534 λωϐηθεὶς
1374 2500 1405 2527 τὸ
1422 2500 1502 2537 σῶμα
1519 2503 1566 2528 καὶ
1584 2503 1673 2538 ζητῶν
1691 2512 1752 2530 τινα
1771 2506 1829 2531 ἐπμ

1035 2544 1149 2578 κουρίαν
1172 2544 1219 2570 τοῦ
1235 2545 1348 2578 πάθους.
1373 2546 1475 2574 Ἐλθὼν
1487 2547 1515 2574 δὲ
1533 2549 1603 2575 κατὰ
1617 2549 1665 2584 τὴν
1681 2550 1764 2583 ἁγίαν
1781 2551 1829 2577 πό-

1035 2590 1077 2616 λιν
1090 2610 1096 2621 ,
1112 2591 1160 2617 καὶ
1176 2591 1236 2618 ἰδὼν
1253 2593 1338 2628 αὐτὴν
1349 2593 1539 2630 ἡδαφισμένην
1552 2615 1558 2627 ,
1577 2595 1661 2630 μόνην
1675 2596 1702 2622 δὲ
1715 2596 1764 2631 τὴν
1779 2597 1829 2624 τῶν

1034 2637 1207 2672 Χριστιανῶν
1224 2639 1372 2674 ἐκκλησίαν
1395 2640 1543 2676 ἱσταμένην
1554 2662 1561 2673 ,
1577 2642 1703 2669 ἐκέλευσε
1719 2644 1829 2680 κτισθῆ-

1033 2692 1076 2709 ναι
1088 2683 1138 2719 τὴν
1154 2683 1232 2710 πόλιν
1247 2685 1326 2720 ὃλην,
1342 2687 1480 2721 παρεκτὸς
1492 2687 1539 2713 τοῦ
1554 2687 1630 2714 ναοῦ.
1650 2689 1831 2722 Ἀκούσαντες

1035 2729 1063 2754 δὲ
1086 2729 1210 2756 Ἰουδαῖοι
1226 2731 1414 2767 συνερρύησαν
1431 2734 1463 2759 ἐκ
1481 2734 1580 2765 παντὸς
1596 2733 1707 2767 ἔθνους,
1733 2737 1781 2763 καὶ
1802 2738 1829 2762 ὲν

1034 2774 1116 2810 ὀλίγῳ
1128 2776 1217 2811 χρόνῳ
1232 2778 1336 2812 ταχέως
1351 2778 1411 2805 λίαν
1425 2779 1537 2814 ἐκτίσθη
1549 2780 1617 2815 (45).
1627 2780 1708 2808 Ἀλλά
1723 2782 1802 2809 πάλιν
1814 2783 1828 2808 ὁ

945 2831 1059 2862 ΝΟΤΑΞ.

223 2880 278 2915 μὴ)
295 2880 361 2907 Coti.
378 2880 442 2906 Stlt.
456 2881 564 2913 πυκνῶς
580 2880 640 2906 λίαν
658 2882 823 2916 συνῳκίσῠη.
